3992 6166
263 180 408 245 1413

1173 189 1269 250 DE
1297 185 1488 256 FIDE,
1533 188 1663 248 SPE
1700 189 1791 250 ET
1828 183 2256 257 CHARITATE.
2299 221 2367 258 τ·-
2399 196 2540 258 LIB.
2581 201 2646 260 I.'

3389 223 3538 292 υἰέ

256 311 363 407 est,
395 323 512 362 non
539 308 706 421 modo
730 325 766 362 a
793 309 1026 421 Jo‘annLe,
1059 328 1251 374 verum
1273 313 1410 421 qlibi
1435 318 1491 368 et
1519 313 1589 368 ab
1618 315 1743 371 aliis
1773 315 1854 373 in-
1871 319 1922 378 Α
1939 319 2255 389 corporales
2273 322 2543 392 quasdam
2574 325 2867 402 imagines,
2887 349 3028 410 quas
3054 336 3154 396 Dei
3184 335 3407 421 quidem
3430 364 3528 404 νο,

255 395 434 450 terius
459 415 470 449 :
507 397 671 450 aliter
699 415 733 450 a
761 397 926 452 turba
955 399 1045 452 hic
1088 406 1186 454 aut
1215 401 1364 467 alibi,
1401 403 1494 473 qui
1527 404 1768 474 quodam
1798 405 1856 458 in

253 485 376 539 loco
397 485 708 540 tonitruum
737 486 944 540 factum
971 506 1092 541 esse
1121 489 1383 544 dicebant
1408 494 1584 558 (Joan.
1617 507 1706 554 xu,
1743 491 1850 560 29).

251 575 416 628 Unde
461 592 564 629 nec
597 575 823 640 mirum,
857 576 902 629 si
959 595 1145 631 vocem
1177 585 1194 608 ⁸
1224 579 1603 649 przedicatoris
1661 599 1854 650 quam-

249 663 445 734 plures
475 681 584 718 non
637 665 922 730 obediunt,
957 683 1082 719 cum
1133 672 1190 719 et
1230 667 1372 722 hanc
1403 668 1429 708 ι)
1455 685 1642 722 vocem
1693 670 1853 723 multi

248 752 566 817 audientes,
598 753 739 806 nihil
787 755 865 808 eis
919 754 1192 826 profuisse
1242 757 1526 826 probatur.
1563 756 1718 810 Deus
1771 764 1855 812 est

249 841 401 895 enim
427 841 522 914 qui
542 842 954 897 incrementum
981 861 1100 898 stne
1129 862 1258 898 voce
1296 846 1391 899 dat
1420 846 1572 899 intus
1597 865 1608 899 :
1643 847 1710 900 de
1743 864 1852 918 quo

245 927 452 984 beatus
496 931 826 985 Ambrosius
857 950 868 984 :
907 935 1056 999 Quod
1075 943 1095 967 ο
1121 951 1246 988 cum
1273 937 1481 999 absens,
1515 935 1712 1005 inquit,
1743 953 1848 1004 pu-

249 1022 409 1070 tatur
438 1021 689 1084 videtur;
714 1025 766 1074 rt
798 1037 922 1074 cum
939 1037 1176 1089 presens
1197 1026 1290 1086 est,
1325 1037 1436 1075 non
1467 1025 1702 1076 videtur.
1725 1025 1846 1077 Non

243 1106 397 1160 enim
429 1107 570 1161 dixit
602 1124 612 1156 :
645 1108 847 1163 absens
874 1114 988 1174 est;
1032 1109 1130 1162 sed
1179 1127 1302 1163 cum
1354 1113 1543 1165 absens
1581 1118 1847 1180 putatur.

241 1194 542 1266 Nusquam
586 1197 735 1251 enim
785 1203 871 1252 est
917 1197 1138 1260 absens,
1165 1199 1260 1278 qui
1305 1199 1504 1253 coelum
1549 1205 1605 1254 et
1633 1207 1845 1255 terram

241 1289 416 1354 atque
443 1285 630 1339 omnia
661 1287 923 1357 complet,
952 1303 1052 1340 nec
1080 1287 1275 1358 spatiis
1300 1287 1608 1343 includitur
1635 1291 1839 1360 parvis,

237 1373 532 1444 magnisve
547 1375 899 1441 diffunditur,
914 1376 1010 1430 sed
1034 1375 1239 1447 ubique
1261 1382 1431 1442 totus,
1456 1382 1512 1431 et
1534 1379 1688 1432 nullo
1715 1395 1843 1432 con-

236 1460 461 1516 tinetur
480 1464 618 1517 loco.

1939 405 2125 462 luntas
2147 409 2332 480 elegit,
2354 427 2464 464 non
2492 429 2630 483 quas
2673 426 2876 473 natura
2897 405 3158 485 formavit
3175 405 3351 496 {fecit
3379 438 3528 498 enim

1937 495 2042 548 ista
2071 498 2214 550 Deus
2245 498 2446 594 quibus
2467 502 2660 594 voluit,
2686 508 2907 577 quando
2938 513 3130 582 voluit,
3154 495 3212 576 et
3241 526 3304 575 ut
3332 495 3523 594 voluit,

1936 600 2038 637 sua
2069 591 2255 640 tamen
2285 587 2343 640 in
2374 606 2433 642 se
2465 590 2674 647 latente
2705 593 3238 664 incommutabiliter
3265 587 3530 674 manente

1935 673 2270 734 substantia.
2299 683 2355 731 et
2393 677 2512 732 sine
2540 681 2665 736 ullis
2693 683 2938 741 locorum
2973 699 3071 746 aut
3100 699 3416 769 temporum
3447 673 3530 758 in-

1935 763 2180 816 tervallis
2214 765 2402 818 omnia
2446 767 2732 839 implente.
2768 773 2845 828 ita
2899 785 2960 831 ut
2997 796 3097 834 nec
3148 763 3331 844 minor
3357 789 3526 847 sitén

1935 852 2092 944 parte
2119 865 2284 944 quam
2313 849 2369 904 in
2403 857 2518 908 toto
2543 872 2552 904 :
2590 871 2769 927 neque
2801 863 2981 931 major
3002 863 3056 916 in
3079 871 3218 934 toto,
3241 887 3412 944 quam
3439 880 3528 932 est

1932 937 1991 990 in
2023 946 2180 1008 parte
2233 940 2633 1042 yeruiiitz«imen
2666 952 2944 1018 quomodo
2973 956 3148 1011 voluit
3177 937 3345 1032 quam
3376 981 3525 1042 Saepe

1929 1040 2206 1112 apparens
2233 1027 2257 1068 h
2287 1029 2346 1082 in
2367 1030 2502 1085 locis
2529 1039 2586 1086 et
2614 1035 2671 1088 in
2701 1041 2972 1110 tempore,
2991 1049 3056 1097 ut
3075 1061 3170 1100 eos
3191 1027 3291 1122 qui
3318 1027 3523 1112 locales

1929 1118 1983 1166 et
2010 1117 2348 1187 temporales
2379 1131 2542 1174 erant
2579 1124 2649 1177 ad
2679 1125 2976 1184 invisibilia
2999 1117 3362 1204 protraheret
3399 1158 3522 1199 cre-

1927 1203 2127 1287 denda,
2163 1212 2218 1258 et
2246 1206 2341 1260 illa
2372 1217 2774 1281 postponerent
2803 1203 3388 1288 quibustenebantur.
3419 1231 3520 1286 de-

1925 1291 2114 1382 vincti,
2149 1301 2203 1348 et
2234 1297 2538 1353 cernebant
2566 1303 2681 1355 suis
2727 1303 3034 1363 defectibus
3081 1315 3329 1382 quotidie
3367 1317 3521 1374 labe-

1922 1380 2138 1436 factari.
2167 1383 2308 1438 Hinc
2335 1403 2556 1458 quoque
2587 1396 2800 1446 certum
2827 1401 2931 1459 est,
2953 1404 3015 1450 ut
3038 1380 3432 1472 praemisimus,
3455 1409 3516 1465 in

1922 1468 2073 1522 fonte
2106 1469 2456 1541 baptismatis
2476 1475 2601 1529 ideo
2630 1482 2805 1534 totam
2837 1482 3001 1537 simul
3031 1468 3381 1549 divinitatem
3405 1468 3520 1552 ma-

312 1550 367 1604 4.
398 1551 529 1650 .Fioc
555 1551 747 1650 itaque
778 1551 873 1623 qui
901 1551 928 1592 ἀ
958 1553 1256 1650 excedente
1313 1559 1498 1608 mente
1553 1554 1836 1625 intelligit,
1857 1633 1901 1650 ἢ
1915 1557 2136 1626 jestatis
2171 1560 2226 1614 in
2247 1560 2520 1615 Trinitate
2541 1559 2798 1620 sensibus
2827 1573 3106 1641 corporeis
3135 1594 3194 1629 se
3241 1550 3516 1650 quodam;

237 1638 331 1692 hic
362 1639 512 1694 videt
555 1639 753 1705 Deum,
782 1646 839 1694 et
867 1658 993 1694 cum
1045 1641 1244 1696 absens
1302 1649 1553 1714 putatur,
1587 1645 1676 1696 hic
1704 1633 1902 1698 sane‘B
1925 1646 2090 1700 modo
2115 1648 2434 1703 sensibilem
2461 1651 2748 1721 infudisse,
2777 1673 2846 1710 ne
2875 1633 3098 1729 quando
3128 1682 3191 1730 ex
3213 1633 3330 1722 .ﬁde
3358 1633 3516 1726 rena-

235 1727 526 1798 intelligit,
561 1728 663 1783 etsi
693 1729 988 1784 distinctus
1013 1730 1071 1784 in
1099 1731 1378 1802 baptismo
1400 1731 1663 1803 apparuit
1693 1734 1840 1789 Deus

233 1817 486 1872 Trinitas
531 1819 588 1871 in
643 1819 913 1890 personis,
947 1820 1092 1890 quod
1151 1821 1539 1890 inseparabilis
1588 1822 1676 1874 sit.
1723 1824 1786 1876 ﬁt
1816 1837 1837 1861 ο

233 1905 448 1978 ubique
476 1913 628 1961 totus
656 1913 883 1978 propter
904 1909 1136 1962 unitatis
1157 1909 1544 1962 substantiam.
1569 1912 1692 1964 Non
1717 1913 1837 1982 qui-

232 1995 367 2049 dem
394 1996 610 2059 inloco,
636 1997 733 2050 sed
763 2003 913 2050 totus
945 1997 1167 2068 ubique.
1199 1999 1365 2052 Pater
1386 1999 1442 2052 in
1464 1999 1622 2066 Filio,
1655 2007 1711 2055 et
1741 2001 1834 2055 Fi-

230 2081 346 2138 lius
378 2085 435 2137 in
463 2085 627 2138 Patre
657 2089 827 2148 totus,
860 2089 1028 2155 atque
1055 2085 1297 2155 Spiritus
1325 2094 1552 2140 sanctus
1581 2087 1636 2140 in
1668 2090 1832 2142 Patre

230 2169 290 2226 et
315 2173 458 2228 Filio
483 2173 651 2228 simul
673 2179 840 2240 totus,
866 2179 922 2227 et
941 2181 1248 2228 coaeternus
1273 2183 1464 2229 manet
1485 2177 1629 2230 Deus
1655 2195 1664 2228 :
1701 2178 1833 2248 quia

227 2260 503 2316 nimirum
531 2262 900 2332 quodcunque
928 2261 1095 2316 Pater
1123 2268 1208 2316 est
1247 2263 1349 2316 hoc
1378 2271 1434 2317 et
1462 2265 1634 2318 Filius
1664 2274 1832 2337 atque

227 2351 479 2422 Spiritus
508 2357 734 2404 sanctus
764 2357 875 2416 est;
910 2357 968 2403 et
997 2351 1366 2422 quodcunque
1396 2353 1591 2416 Filius,
1619 2355 1723 2407 hoc
1747 2361 1834 2408 est

225 2440 405 2494 Pater
427 2446 484 2493 et
515 2439 757 2511 Spiritus
792 2445 1048 2493 sanctus:
1081 2457 1296 2494 necnon
1325 2448 1383 2494 et
1409 2443 1555 2512 quod
1579 2443 1830 2514 Spiritus

226 2534 482 2588 sanctus.
511 2529 616 2582 hoc
661 2534 841 2582 totum
874 2529 1042 2582 Pater
1069 2535 1240 2600 atque
1270 2530 1462 2583 Filius.
1499 2531 1608 2584 Sed
1639 2539 1827 2588 tamen

224 2613 377 2674 alius
409 2619 592 2678 Pater,
615 2618 758 2670 alius
785 2617 1082 2682 est'Filius,
1116 2619 1259 2671 alius
1291 2619 1531 2688 Spiritus
1560 2628 1785 2674 sanctus
1812 2641 1824 2675 :

224 2707 396 2772 alius,
421 2706 669 2777 inquam,
700 2723 812 2760 non
843 2706 1024 2772 aliud;
1064 2707 1196 2776 quia
1231 2707 1325 2778 qui
1377 2707 1542 2762 Pater
1569 2715 1670 2772 est,
1715 2727 1824 2764 non

224 2800 318 2850 est
345 2795 520 2850 Filius
541 2811 723 2866 neque
753 2795 994 2865 Spiritus
1019 2803 1276 2860 sanctus;
1313 2795 1390 2849 sic
1420 2803 1477 2849 et
1500 2797 1593 2868 qui
1627 2798 1822 2862 Filius,

1923 1743 2140 1790 scentes
2159 1738 2228 1790 ad
2259 1739 2428 1793 vitam
2461 1742 2696 1796 alteram
2729 1745 2989 1820 deinceps
3017 1753 3385 1824 susciperent,
3409 1761 3519 1826 nisi

1922 1839 2022 1892 per
2046 1841 2211 1894 quam
2239 1827 2475 1898 quisque
2490 1830 2718 1899 junctus
2739 1840 2824 1886 est
2853 1835 2986 1902 Deo,
3023 1844 3078 1892 et
3107 1843 3316 1896 carnali
3346 1863 3515 1902 sensu

1920 1912 2064 1964 male
2093 1913 2359 1984 deceptus
2382 1917 2607 1986 periret.
2635 1920 2900 1990 Signatus
2927 1925 3130 1998 quippe
3149 1937 3236 1984 est
3257 1933 3377 1986 fons
3408 1935 3514 1990 iste

1916 2000 2123 2088 annulo
2147 2001 2305 2066 ﬁdei;
2340 2009 2396 2056 et
2415 2004 2539 2058 ideo
2566 2007 2779 2061 nullum
2801 2009 2967 2065 debet
2987 2016 3320 2088 quandoque
3341 2021 3510 2083 ﬁnem

1915 2087 2231 2144 admittere.
2275 2090 2351 2143 Ex
2399 2094 2558 2162 cujus
2605 2095 2873 2151 nimirum
2923 2101 3136 2170 irriguo
3179 2087 3509 2167 deliciarum
3595 2158 3600 2162 .

1914 2175 2130 2273 hortus,
2163 2177 2418 2273 videlicet
2474 2181 2573 2235 Dei
2619 2187 2898 2254 generalis
2949 2190 3210 2260 Ecclesia,
3260 2199 3508 2273 undique

1913 2264 2048 2317 satis
2069 2266 2316 2320 munitus
2344 2275 2510 2340 atque
2533 2273 2846 2336 conclusus.
2872 2278 3075 2351 florens
3104 2282 3270 2353 viret;
3298 2264 3434 2358 quia
3447 2290 3506 2348 in

1914 2369 1972 2405 se
2005 2354 2285 2408 Christum
2319 2374 2429 2411 non
2459 2359 2639 2414 solum
2683 2365 2988 2435 sepultum,
3021 2386 3213 2426 verum
3252 2354 3508 2434 resurre-

1911 2441 2053 2494 xisse
2081 2445 2309 2512 gaudet.
2344 2446 2408 2499 In
2457 2447 2576 2501 istis
2624 2465 2758 2504 sane
2788 2452 2917 2507 ﬁdei
2963 2457 3298 2516 rudimentis
3327 2463 3508 2518 ﬁdelis

1911 2531 2180 2601 cujusque
2218 2533 2405 2588 anima
2438 2536 2737 2607 requiescit
2765 2557 2962 2597 secura
2989 2563 3000 2598 :
3033 2545 3090 2598 in
3120 2547 3222 2604 hac
3255 2550 3506 2622 quotidie

1911 2619 2178 2674 virtutum
2213 2623 2473 2693 operibus
2504 2627 2682 2688 ﬂoret,
2715 2635 2773 2681 et
2819 2637 3016 2686 contra
3054 2651 3248 2692 omnes
3266 2619 3508 2710 pressu-

1911 2725 2102 2762 rarum
2132 2711 2388 2780 inpulsus
2409 2713 2559 2766 velut
2588 2716 2843 2788 clypeum
2869 2724 3232 2790 protectionis
3253 2728 3502 2800 opponit.

1913 2797 1988 2850 Ex
2019 2814 2129 2867 quo
2173 2799 2412 2870 denique
2469 2803 2645 2860 nimia
2691 2808 3006 2864 securitatis
3037 2797 3364 2870 fortitudine
3393 2819 3502 2871 cir-

222 2900 587 2956 nequaquam
618 2883 786 2938 Pater
808 2891 907 2937 aut
936 2883 1177 2954 Spiritus
1217 2890 1441 2947 sanctus
1475 2907 1485 2937 :
1520 2887 1617 2940 sed
1645 2904 1884 2972 neque"
1909 2887 2242 2940 cumvallata
2273 2889 2509 2945 ﬁdenter
2527 2892 2679 2946 canit
2699 2893 2834 2950 illud
2863 2896 2920 2950 in
2943 2898 3185 2955 Canticis
3209 2927 3221 2960 :
3252 2904 3360 2972 Ego
3379 2907 3504 2962 dor-

221 2945 380 3026 idein
433 2945 675 3044 Spiritus
722 2978 808 3026 est
836 2945 1018 3035 Pater,
1069 2977 1168 3025 aut
1217 2945 1408 3026 Silius.
1446 2973 1602 3036 Quod
1635 2945 1886 3030 volansC
1913 2977 2040 3036 mia,
2076 2982 2122 3028 et
2153 2994 2246 3030 cur
2275 2995 2456 3031 meum
2486 2983 2684 3049 vigilat
2717 2985 2895 3048 (Cant.
2920 3003 2970 3053 ν,
2993 2988 3066 3053 2).
3102 2945 3504 3050 Dorriiitueniin

220 3061 380 3116 Deus
423 3061 668 3116 Trinitas
719 3061 901 3114 adhuc
941 3059 1174 3114 rudibus
1229 3061 1286 3114 in
1325 3061 1432 3114 ﬁde
1463 3062 1584 3115 luce
1621 3064 1826 3118 clarius

219 3150 468 3223 aperire,
495 3149 589 3220 qui
635 3150 873 3204 necdum
902 3149 1054 3202 aliud
1082 3165 1252 3202 sensu
1301 3167 1469 3220 quam
1513 3168 1780 3222 corporea
1807 3153 1828 3193 ΐ

219 3243 420 3294 sciunt
446 3240 708 3310 cogitare,
743 3239 890 3292 trino
941 3238 1200 3291 distincte
1249 3239 1318 3292 ad
1377 3241 1822 3309 cognoscendum

219 3346 404 3384 unum
427 3329 646 3383 refulsit
671 3329 1036 3401 specialitatis
1066 3346 1302 3384 numero
1327 3349 1338 3384 :
1377 3338 1652 3401 quatenus
1684 3333 1820 3396 visu,

219 3418 448 3484 auditu,
471 3425 528 3472 et
552 3423 706 3472 tactu
735 3419 918 3472 adhuc
943 3419 1214 3472 lactantes
1243 3419 1298 3472 in
1333 3420 1440 3472 ﬁde
1492 3421 1672 3474 tribus
1703 3421 1826 3476 istis

217 3509 486 3564 sensibus
506 3509 658 3564 intus
677 3509 734 3562 in
751 3527 810 3562 se
832 3509 1120 3562 traherent
1142 3507 1319 3580 prima
1335 3509 1822 3566 ﬁdei‘rudimenta.

218 3598 388 3653 Unde
432 3602 766 3669 cooperante
813 3597 954 3668 ipso,
998 3598 1092 3668 qui
1124 3609 1152 3650 ε
1181 3597 1424 3652 exterius
1453 3599 1820 3666 sentiebatur,

216 3687 367 3741 ﬁdes
391 3686 639 3758 perfecta
675 3687 934 3757 deinceps
959 3685 1222 3740 uberibus
1255 3687 1669 3757 Scripturarum
1700 3689 1820 3758 ple-

218 3775 355 3830 nius
379 3775 710 3832 nutriretur.
727 3776 850 3828 Non
871 3775 1036 3830 enim-
1045 3775 1200 3846 prius
1221 3775 1403 3829 adhuc
1418 3776 1688 3830 animales
1705 3775 1819 3848 spi-

219 3865 416 3920 ritalia
445 3865 759 3936 potuissent
785 3865 856 3917 ad
905 3864 1136 3934 plenum
1181 3881 1407 3934 capere;
1449 3871 1506 3918 et
1555 3865 1680 3919 ideo
1719 3882 1818 3918 ne-

217 3970 381 4009 cesse
399 3953 524 4015 fuit,
540 3961 600 4008 ut
617 3971 719 4024 per
737 3969 962 4006 sensum
989 3951 1232 4006 exterius
1253 3960 1442 4006 tenera
1470 3953 1820 4008 credentium

217 4043 469 4098 infantia
493 4043 660 4096 ﬁdem
683 4041 1012 4113 perciperet,
1037 4048 1092 4094 et
1121 4041 1191 4095 de
1215 4058 1384 4096 sensu
1415 4041 1598 4098 carnis
1619 4043 1821 4096 intror-

217 4150 322 4188 sus
342 4131 566 4185 rediens
595 4137 750 4185 totus
772 4131 940 4186 homo
961 4147 1259 4184 conversus
1288 4129 1358 4184 ad
1396 4130 1594 4197 Deum,
1627 4130 1820 4185 invisi-

217 4221 362 4276 bilia
389 4219 622 4274 videndo
662 4237 765 4292 per
792 4219 957 4272 ﬁdem
981 4219 1140 4272 ﬁeret
1168 4217 1456 4289 spiritalis,
1489 4227 1546 4272 et
1569 4220 1824 4274 tenderet

218 4309 524 4365 sublimius
575 4326 676 4379 per
723 4309 892 4361 ﬁdem
943 4307 1326 4361 doctrinarum
1383 4308 1527 4362 lacte
1576 4297 1887 4363 nutritus'D

143 4409 146 4412 ’
217 4399 297 4454 ad
317 4398 598 4470 spiritalia
615 4396 880 4451 converti.
913 4397 1074 4450 Unde
1101 4407 1158 4450 et
1175 4397 1577 4468 quamplurimi
1606 4405 1823 4452 sancto-

218 4506 350 4544 rum
372 4488 432 4541 in
453 4494 672 4540 tantum
695 4485 1024 4556 spiritaliter
1041 4485 1413 4556 profecerunt,
1431 4492 1493 4539 ut
1507 4486 1822 4556 spiritualia

212 4575 610 4650 spiritualibus
637 4582 1048 4646 comparantes,
1073 4574 1331 4628 viderunt
1347 4574 1546 4628 melius
1565 4592 1633 4628 ea
1649 4575 1820 4629 videri

213 4651 433 4725 mente.
467 4681 635 4736 quam
676 4681 845 4718 sensu
893 4680 1160 4734 corporeo
1193 4664 1510 4734 persentiri.
1545 4663 1688 4728 Quia
1717 4664 1821 4718 etsi

211 4758 373 4812 visus
400 4772 438 4809 a
455 4742 714 4826 plurimis
741 4761 840 4808 aut
872 4751 1118 4818 auditus,
1148 4752 1292 4806 sicut
1317 4753 1423 4806 hoc
1451 4753 1591 4819 loco,
1625 4769 1690 4807 ex
1711 4770 1820 4824 quo

212 4845 428 4916 agitur,
461 4844 521 4897 in
567 4840 758 4896 divina
793 4841 1125 4896 auctoritate
1161 4841 1389 4910 legitur,
1428 4841 1550 4914 sine
1582 4841 1698 4896 ulla
1732 4841 1820 4896 sui

210 4932 683 5000 commutatione,
701 4937 801 4986 aut
814 4949 915 5003 per
925 4947 1126 5002 corpus
1141 4929 1292 4984 visus
1313 4935 1417 4998 est,
1440 4935 1541 4985 aut
1557 4936 1707 4985 certe
1722 4947 1822 5003 per

285 5077 715 5139 'LEditq-voei...
741 5075 1028 5128 condiunt.

267 5149 716 5211 'brEdiLmumet
734 5147 879 5202 hanc
895 5159 1071 5202 uncam
1092 5147 1286 5202 multis
1295 5144 1656 5200 audientibus
1671 5145 1818 5201 nihil

203 5222 512 5292 profuisse
523 5221 690 5292 proba
701 5223 816 5270 tur.

285 5298 305 5322 °
335 5293 404 5346 In
427 5289 562 5344 edit.
595 5289 754 5342 deest
781 5288 944 5356 quod.

289 5360 318 5402 τι
347 5360 518 5425 Editi,
551 5363 735 5428 quivis
785 5359 1032 5414 credente
1060 5361 1240 5416 mente
1269 5359 1706 5425 intelligat,.etsi
1725 5357 1817 5412 di—

209 5435 478 5499 stinctus,
511 5429 736 5485 omissis
763 5429 871 5498 his,
894 5429 983 5484 hic
1010 5429 1155 5484 videt
1183 5429 1377 5496 Deum,
1397 5433 1450 5484 et
1476 5444 1604 5484 eum
1619 5429 1816 5484 absens

1908 3064 2026 3134 Spei
2059 3081 2173 3120 suae
2225 3067 2561 3122 certitudine
2592 3077 2852 3141 soporata
2879 3092 2890 3126 :
2935 3074 2948 3114 ί
2979 3077 3172 3148 vigilat
3213 3098 3343 3136 vero
3361 3100 3503 3154 ,per—

1908 3153 2060 3222 vigili
2091 3153 2404 3224 diligentia,
2429 3173 2496 3210 ne
2528 3159 2677 3228 quod
2707 3160 2990 3231 signatum
3015 3172 3102 3219 est
3115 3170 3322 3223 annulo
3351 3153 3504 3238 ﬁdei.

1907 3242 2318 3296 fraudulentius
2337 3255 2748 3318 corrumpatur.
2775 3249 2932 3305 Unde
2953 3269 3328 3326 summopere,
3359 3260 3506 3315 sicut

1908 3330 2116 3384 Paulus
2127 3333 2414 3402 apostolus
2429 3339 2694 3390 testatur:
2711 3337 2936 3392 Credere
2949 3348 3152 3410 oportet
3163 3349 3500 3402 accedentem

1907 3419 1981 3470 ad
1999 3419 2190 3484 Deum,
2211 3425 2344 3489 quia
2355 3427 2448 3485 est,
2471 3427 2518 3475 et
2537 3425 2950 3492 inquirentibus
2960 3446 3012 3482 se
3027 3439 3414 3490 remunerator
3424 3441 3501 3492 sit

1905 3509 2090 3579 (Hebr.
2141 3525 2211 3574 xi,
2250 3507 2325 3572 6).
2374 3511 2504 3566 Haec
2557 3517 2660 3577 est,
2712 3512 2963 3585 inquam,
2995 3517 3218 3592 integra
3267 3529 3326 3578 et
3371 3543 3504 3582 vera

1909 3597 2044 3650 ﬁdes
2077 3615 2088 3649 :
2123 3597 2363 3652 Credere
2385 3599 2518 3669 quia
2547 3606 2632 3654 est
2659 3601 2844 3669 Pater,
2871 3609 2926 3657 et
2951 3605 3145 3678 Filius,
3179 3616 3236 3665 et
3256 3611 3499 3683 Spiritus

1904 3691 2148 3748 sanctus,
2178 3703 2321 3740 unus
2349 3687 2704 3759 omnipotens
2723 3691 2890 3758 Deus,
2909 3695 3216 3751 retributor
3245 3701 3497 3758 omnium

1902 3775 2380 3830 contemnentium
2411 3793 2490 3841 se,
2514 3778 2910 3851 justorumque
2951 3793 3359 3853 remunerator,
3393 3807 3494 3861 pro

1902 3878 2012 3931 quo
2033 3879 2224 3916 cavere
2249 3865 2395 3918 mala
2412 3882 2533 3935 quia
2553 3869 2746 3933 vetuit,
2762 3874 2819 3921 et
2839 3869 2982 3924 bona
3000 3889 3169 3943 agere
3183 3875 3292 3930 ﬁde
3307 3879 3490 3947 ﬁrma,

1903 3967 2024 4020 qua:
2045 3968 2144 4021 per
2162 3951 2518 4006 dilectionem
2540 3961 2822 4026 operatur,
2847 3959 3192 4016 conﬁdenter
3213 3980 3391 4036 usque
3415 3966 3487 4020 ad

1903 4039 2072 4094 ﬁnem
2103 4039 2227 4094 vitae
2257 4041 2532 4096 convenit.

2526 4167 2758 4222 CAPUT
2795 4171 2862 4224 X.

2438 4291 2508 4344 De
2541 4294 2785 4360 potentia
2813 4296 2959 4361 ﬁdei.

1973 4397 2026 4450 'l.
2059 4395 2377 4450 Potentiam
2404 4397 2534 4451 ﬁdei
2567 4399 2718 4456 solus
2745 4400 2918 4468 novit,
2951 4403 3252 4474 qui.Deum
3282 4424 3347 4462 ex
3375 4412 3494 4468 toto

1903 4485 2087 4549 corde,
2114 4489 2170 4538 et
2199 4502 2263 4538 ex
2290 4490 2410 4538 tota
2435 4487 2717 4552 anima,et
2745 4505 2810 4542 ex
2829 4495 2946 4544 tota
2974 4491 3174 4546 virtute
3195 4511 3306 4550 non
3329 4498 3493 4553 modo

1903 4573 2100 4640 credit,
2134 4574 2232 4628 sed
2262 4579 2318 4628 et
2346 4573 2548 4644 diligit.
2583 4575 2705 4640 Qua
2735 4576 2998 4632 nimirum
3029 4581 3139 4635 ﬁde
3177 4587 3360 4640 totum
3390 4587 3494 4646 ho-

1903 4662 2110 4716 minem
2166 4663 2545 4718 immortalem
2591 4659 2864 4731 fu‘turum,
2913 4667 3007 4738 qui
3065 4670 3261 4742 utique
3303 4674 3497 4740 anima

1901 4757 2122 4806 constat
2149 4757 2205 4808 et
2232 4768 2482 4824 corpore,
2511 4769 2749 4824 vereque
2782 4753 3026 4824 beatum,
3053 4774 3166 4813 non
3191 4777 3495 4832 argumen-

1901 4841 2114 4895 tatione
2134 4840 2397 4906 humana,
2415 4841 2512 4894 sed
2541 4841 2729 4897 divina
2751 4843 3086 4900 auctoritate
3100 4850 3489 4926 promittitur;

1901 4930 2062 5000 cujus
2089 4929 2281 5000 itaque
2305 4933 2556 5000 potestas
2585 4947 2648 4984 ex
2693 4931 2808 4985 Deo
2839 4937 2958 4986 est:
2989 4934 3059 4990 de
3090 4952 3203 5008 qua
3227 4955 3364 4994 sane
3387 4959 3493 5013 po-

1895 5077 2153 5142 putatur.
2187 5073 2276 5126 hic
2297 5087 2428 5126 sane
2441 5116 2446 5125 .
2459 5073 2742 5141 intelligit.

1971 5154 1994 5233 ξ
2019 5145 2080 5197 1η
2104 5143 2264 5206 edit.,
2289 5143 2449 5196 deest
2477 5146 2560 5210 ﬁt.

2022 5214 2189 5279 Edit.,
2224 5217 2572 5282 temporalia.

1971 5296 2002 5338 ε
2033 5284 2157 5338 Edit
2187 5325 2200 5350 ,
2227 5287 2387 5354 quod.

1971 5355 2000 5395 δ
2031 5355 2199 5422 Edit.,
2225 5358 2508 5424 apparuit.

1969 5425 1985 5465 ί
2012 5425 2166 5480 Editi
2185 5431 2458 5496 separata,
2475 5425 2582 5483 sed
2607 5426 2818 5486 melius
2845 5429 3057 5488 donnit
3081 5436 3359 5500 προναία.
