3992 6166
474 240 615 295 1415

1266 238 1325 292 8.
1366 236 1747 293 PASCHASII
1784 232 2147 291 RADBERTI
2184 232 2489 291 ABBATIS
2526 232 3023 290 CORBEIENSIS.

3608 229 3753 287 1416

472 369 677 419 testate
721 364 964 420 Joannes
992 367 1234 418 testatur
1262 361 1452 416 dicens
1481 379 1493 413 :
1537 363 1802 430 Quotquot
1852 367 2064 425 autem,
2083 361 2133 420 A
2218 358 2272 414 2.
2308 360 2377 414 Et
2392 359 2517 415 ideo
2542 358 3014 415 considerandum
3042 360 3102 411 et
3117 356 3643 412 connumerandum
3668 366 3758 412 est

473 452 660 525 inquit
696 464 741 517 ι,
773 458 1089 522 receperunt
1118 469 1263 517 eum,
1309 452 1455 504 dedit
1483 452 1559 503 eis
1583 454 1898 517 potestatem
1928 452 2069 517 ﬁlios

474 543 573 596 Dei
610 545 735 610 ﬁeri
756 544 931 610 (Joan.
958 558 997 606 1,
1029 538 1136 610 1'2).
1163 540 1271 593 Sed
1302 544 1357 592 et
1386 538 1519 608 quid
1562 539 1635 591 sit
1663 554 1791 591 eum
1822 537 2069 609 recipere

474 648 603 686 mox
621 630 889 694 insinuat,
904 630 1037 683 dum
1059 627 1347 697 subjungit
1369 646 1380 680 :
1407 628 1453 681 Il
1460 630 1502 681 is
1524 630 1623 696 qui
1644 629 1873 681 credunt
1900 630 1959 680 in
1978 644 2071 680 no-

475 723 628 773 mine
640 723 754 788 ejus
771 720 969 782 (Ibid).
993 715 1307 770 Credulitas
1328 720 1515 767 autem
1536 714 1777 768 nominis
1798 715 1918 783 ejus
1940 732 2071 768 vera

478 809 613 862 ﬁdes
631 813 733 869 est,
758 823 858 877 per
886 821 1054 875 quam
1078 804 1234 861 dedit
1260 802 1417 857 nobis
1444 808 1777 874 potestatem
1807 803 1950 856 ﬁlios
1971 801 2066 856 Dei

478 897 620 950 ﬁeri.
654 896 723 949 Et
746 895 793 948 si
814 910 914 964 per
943 909 1065 946 eam
1096 891 1255 947 nobis
1275 898 1495 946 tantum
1525 892 1679 946 dedit
1710 896 2066 963 potestatem,

476 1000 589 1038 non
620 983 851 1037 dubium
884 987 990 1048 est,
1003 981 1138 1052 quin
1160 982 1258 1034 ﬁlii
1283 981 1383 1035 Dei
1403 980 1763 1035 nominemur
1790 986 1847 1034 et
1874 981 2068 1033 simus.

476 1071 622 1136 Quid
644 1087 776 1141 ergo
798 1071 948 1141 quod
982 1070 1120 1124 ﬁdes
1150 1087 1262 1123 non
1285 1070 1479 1140 possit,
1498 1086 1669 1141 quam
1697 1074 1915 1123 tantam
1944 1084 2073 1140 per-

474 1160 688 1231 cepisse
718 1165 1052 1231 potestatem
1090 1175 1205 1213 non
1258 1158 1488 1212 dubium
1516 1158 1634 1213 est?
1664 1160 1789 1212 Non
1834 1158 1984 1212 enim
2011 1173 2075 1210 em

474 1251 864 1316 sanguinibus,
892 1265 1061 1317 neque
1091 1264 1159 1301 ea:
1176 1252 1457 1301 voluntate
1476 1250 1688 1309 carnis,
1713 1263 1882 1315 neque
1904 1263 1971 1300 ea:
1989 1262 2075 1299 vo-

478 1342 692 1391 luntate
716 1340 859 1401 viri;
904 1339 996 1390 sed
1023 1354 1090 1390 ea:
1139 1338 1239 1390 Deo
1286 1336 1468 1390 renati
1515 1352 1710 1390 sumus
1755 1337 1935 1405 (ΗΜΛ,
1966 1334 2070 1401 13).

476 1426 611 1481 Fide
639 1426 813 1495 igitur
839 1426 1047 1480 fontem
1091 1424 1462 1488 introivimus,
1502 1424 1754 1495 quamvis
1811 1423 1906 1477 ira:
1935 1422 2069 1489 ﬁlii;

477 1515 573 1568 sed
605 1514 705 1568 Dei
735 1514 834 1568 filii
857 1530 923 1567 ex
943 1530 1087 1583 aqua
1116 1520 1172 1567 et
1201 1513 1415 1583 Spiritu
1435 1518 1627 1566 sancto
1658 1512 1840 1565 renati
1878 1528 2071 1565 exsur-

477 1604 722 1657 reximus
739 1604 785 1668 1);
817 1604 949 1673 quia
981 1603 1156 1655 Deum
1190 1601 1246 1654 in
1278 1600 1437 1654 nobis
1457 1600 1614 1671 prius
1636 1616 1734 1670 per
1762 1599 1927 1653 ﬁdem
1954 1615 2073 1652 sus-

2149 465 2278 502 cum
2308 450 2595 520 Apostolo,
2630 455 2859 520 quanta,
2888 447 3077 520 qualia
3101 448 3210 503 ﬁde
3246 451 3557 520 potuerunt
3574 444 3757 500 sancti

2150 538 2251 592 Dei
2278 537 2492 609 priores
2520 538 2757 593 necdum
2805 537 2995 608 adepti
3032 536 3549 608 repromissionem,
3583 550 3757 605 quam

2145 628 2264 697 jam
2321 644 2527 698 magna
2582 643 2648 680 ex
2708 633 2867 698 parte
2896 626 3267 697 percepimus.
3301 625 3601 680 Enimvero
3656 640 3756 694 per

2151 716 2317 769 ﬁdem
2348 734 2490 786 pene
2512 716 2697 770 omnia
2721 722 3044 786 potuerunt,
3073 715 3187 769 imo
3208 714 3354 768 sicut
3380 713 3643 768 Salvator
3669 711 3756 765 in-

2150 810 2419 874 terrogat,
2445 805 2782 858 credendum
2811 810 2897 857 est
2925 804 3074 875 quod
3104 807 3295 857 omnia
3322 804 3617 871 possibilia
3646 801 3755 854 sint

2152 895 2396 947 credenti
2420 896 2610 958 (Marc.
2638 911 2708 959 ιχ,
2740 893 2835 961 2Ξ)
2886 894 2956 947 Et
2982 892 3107 947 ideo
3136 909 3238 963 per
3273 892 3443 945 ﬁdem
3476 890 3665 945 multa
3703 899 3759 943 et

2154 998 2359 1052 magna
2375 982 2647 1053 prodigia,
2664 998 2788 1052 quae
2815 986 3184 1036 connumerat
3202 981 3492 1052 apostolus
3523 979 3753 1042 Paulus,

2155 1070 2369 1141 operati
2380 1076 2539 1124 sunt:
2559 1070 2770 1133 Sancti,
2786 1070 2985 1141 inquit,
3002 1086 3101 1139 per
3113 1071 3276 1137 ﬁdem
3291 1072 3548 1123 vicerunt
3560 1083 3751 1135 regna,

2154 1148 2201 1213 et
2227 1175 2327 1229 per
2354 1161 2515 1227 fidem
2545 1163 2757 1228 operati
2782 1164 2913 1213 sunt
2924 1161 3231 1227 justitiam,
3253 1174 3351 1226 per
3379 1159 3547 1225 ﬁdem
3574 1157 3759 1225 adepti

2154 1253 2284 1301 sunt
2306 1251 2752 1316 repromissione;
2771 1247 2957 1316 (Hebr.
2972 1260 3046 1311 xl,
3070 1245 3179 1314 3'2).
3213 1246 3358 1311 Quid
3386 1243 3599 1316 plura?
3630 1244 3758 1300 0m-

2157 1336 2250 1391 nia
2279 1353 2379 1407 per
2408 1337 2575 1391 ﬁdem
2606 1337 2876 1401 fecerunt,
2900 1341 2957 1390 et
2984 1335 3108 1390 ideo
3133 1333 3266 1389 talia
3283 1351 3347 1388 ac
3377 1340 3542 1388 tanta
3564 1339 3759 1405 potueo

2155 1431 2308 1490 runt,
2323 1442 2562 1496 quorum
2589 1425 2726 1480 ﬁdes
2745 1442 2875 1478 vera
2902 1430 2960 1478 et
2981 1424 3187 1478 invicta
3205 1423 3540 1494 permansit.
3568 1422 3681 1477 Sed
3706 1428 3757 1475 et

2155 1514 2392 1584 apostoli
2411 1520 2469 1568 et
2486 1514 2663 1568 sancti
2679 1520 2954 1585 martyres
2975 1512 3106 1583 quid
3125 1529 3225 1584 per
3245 1512 3415 1566 ﬁdem
3433 1528 3552 1566 non
3567 1517 3760 1582 potue-

2156 1601 2315 1656 runt?
2336 1602 2463 1666 Qui,
2484 1602 2631 1673 quod
2646 1603 2831 1672 majus
2851 1602 3101 1656 omnium
3130 1600 3556 1665 miraculorum,
3589 1600 3758 1653 etiam

478 1695 749 1766 cepimus.
798 1694 948 1764 Ergo
982 1694 1221 1765 Spiritus
1268 1699 1493 1747 sanctus
1526 1693 1673 1746 Deus
1728 1697 1831 1757 est,
1864 1699 1921 1746 et
1949 1692 2072 1746 ideo
2089 1712 2133 1771 Β
2156 1708 2257 1762 per
2271 1691 2437 1745 ﬁdem
2457 1690 2669 1761 seipsos
2690 1695 3134 1754 contemnentes,
3151 1706 3252 1760 pro
3270 1688 3499 1744 Christo
3512 1688 3660 1742 mori
3674 1704 3760 1741 vo-

478 1784 612 1854 quia
639 1801 705 1838 ex
733 1800 817 1849 eo,
849 1783 1047 1854 utique
1076 1800 1143 1837 ex
1170 1783 1285 1837 Deo
1314 1783 1429 1835 nati
1452 1798 1665 1835 sumus.
1685 1782 1790 1836 Sed
1814 1798 1883 1835 ne
1912 1781 2072 1835 inﬁr-

477 1873 647 1926 mitas
666 1872 849 1926 carnis
868 1878 1091 1938 nostrae,
1114 1889 1283 1942 quam
1310 1871 1561 1924 videmus
1590 1876 1648 1924 et
1667 1875 1974 1940 gestamus,
2001 1869 2073 1922 ad

476 1952 692 2014 tantam
715 1959 1100 2015 excellentiam
1126 1958 1341 2013 venisse
1363 1958 1707 2029 desperaret,
1725 1972 1853 2011 mox
1882 1956 2075 2027 adjun-

473 2048 656 2120 gitur:
694 2050 922 2103 Verbum
952 2064 1080 2102 caro
1107 2053 1317 2115 [actum
1340 2052 1434 2112 est,
1460 2052 1509 2101 et
1528 2048 1798 2100 habitavit
1828 2048 1892 2099 in
1921 2048 2074 2100 nobis

479 2141 656 2205 (Joan.
684 2153 724 2203 l,
764 2137 842 2205 14)
880 2155 891 2189 :
927 2137 1128 2191 saltem
1154 2141 1219 2190 ut
1249 2152 1283 2189 a
1307 2134 1587 2189 contrario
1614 2134 2068 2206 persuaderetur,

478 2226 627 2298 quod
647 2225 973 2281 incredibile
1003 2224 1312 2279 videbatur.
1344 2224 1401 2279 Si
1431 2223 1583 2278 enim
1614 2230 1819 2278 natura
1847 2222 1948 2277 Dei
1980 2223 2071 2277 Fi-

475 2315 586 2370 lius
604 2320 834 2386 propter
860 2314 1003 2368 ﬁlios
1030 2314 1322 2367 hominum
1356 2312 1738 2367 misericordia
1761 2328 1865 2366 sua
1892 2311 2071 2365 factus

478 2410 565 2459 est
582 2403 728 2458 ﬁlius
750 2403 1022 2469 hominis;
1050 2402 1154 2456 hoc
1170 2407 1255 2456 est
1272 2401 1442 2462 enim,
1474 2403 1699 2477 Verbum
1715 2417 1841 2454 caro
1858 2401 2072 2468 factum

477 2499 572 2559 est,
607 2498 657 2547 et
708 2492 977 2546 habitavit
1019 2495 1081 2545 in
1132 2493 1316 2553 nobis;
1353 2495 1565 2560 quanto
1612 2488 1930 2543 credibilius
1965 2493 2068 2552 est,

477 2587 681 2636 natura
709 2581 854 2635 ﬁlios
882 2580 1142 2646 hominis,
1188 2579 1374 2649 gratia
1403 2578 1504 2632 Dei
1542 2578 1664 2632 ﬁeri
1695 2577 1839 2631 ﬁlios
1868 2576 1988 2639 Dei,
2017 2582 2074 2630 et

476 2670 732 2725 habitare
758 2672 817 2724 in
865 2670 999 2731 Deo,
1039 2673 1317 2740 potestate
1365 2673 1611 2737 accepta,
1646 2683 1711 2720 ex
1750 2682 1860 2737 quo
1890 2665 2073 2719 renati

477 2775 691 2814 sumus.
734 2760 799 2813 In
829 2775 940 2829 quo
970 2774 1105 2811 sane
1131 2757 1269 2823 solo,
1302 2763 1360 2810 et
1388 2757 1457 2809 de
1485 2772 1595 2827 quo
1626 2755 1744 2809 solo
1791 2771 1912 2808 esse
1944 2771 2073 2827 pos-

478 2866 672 2905 sumus
695 2847 866 2907 beati,
902 2846 1200 2918 participes
1230 2846 1351 2915 ejus
1399 2843 1841 2898 immortalitatis
1870 2842 2069 2907 effecti,

479 2942 711 3008 propter
737 2953 876 3006 quos
901 2935 969 2988 ad
1000 2934 1450 3005 persuadendum
1466 2932 1567 2986 Dei
1598 2932 1770 2986 Filius
1796 2931 2074 3002 particeps

2156 1780 2400 1834 luerunt.
2437 1779 2505 1833 Et
2532 1779 2655 1833 ideo
2685 1784 2856 1833 testes
2878 1778 3254 1849 appellantur,
3289 1778 3386 1849 qui
3411 1784 3479 1832 ut
3509 1776 3682 1830 aliam
3703 1776 3755 1829 in

2157 1868 2378 1922 Christo
2410 1867 2696 1921 meliorem
2727 1875 2785 1921 et
2837 1874 3168 1938 perpetuam
3207 1872 3535 1921 astruerent
3564 1865 3751 1931 vitam,

2156 1958 2322 2011 istam
2362 1956 2627 2010 caducam
2677 1961 2735 2010 et
2770 1956 3139 2027 temporalem
3192 1955 3335 2009 acris
3363 1987 3389 2016 ο
3416 1954 3757 2010 cruciatibus

2156 2045 2362 2099 addicti
2389 2044 2645 2099 emittere
2674 2050 3029 2115 optaverunt.
3063 2045 3148 2099 Ita
3179 2051 3237 2099 et
3265 2044 3447 2098 sancti
3478 2044 3759 2098 confesso-

2154 2151 2263 2197 res,
2294 2140 2610 2204 sanctzeque
2648 2132 2910 2203 virgines,
2942 2139 3001 2187 et
3045 2132 3225 2187 sancti
3258 2149 3455 2187 omnes
3490 2132 3607 2186 ﬁde
3635 2149 3760 2203 per-

2154 2221 2283 2287 fusi,
2309 2238 2515 2292 magna
2542 2228 2599 2275 et
2628 2221 2933 2276 ineffabilia
2960 2221 3234 2287 fecerunt,
3268 2220 3498 2292 quando
3535 2228 3594 2275 et
3622 2221 3646 2262 ι
3672 2238 3755 2276 se-

2153 2310 2303 2382 ipsos
2354 2317 2412 2365 et
2460 2327 2706 2382 praesens
2734 2310 2996 2365 saeculum
3032 2310 3340 2376 calcarunt,
3372 2316 3439 2364 ut
3492 2310 3556 2364 in
3598 2309 3759 2365 beata

2154 2399 2579 2454 immortalitate
2633 2416 2693 2454 se
2743 2399 3091 2453 immortales
3129 2399 3464 2470 reciperent.
3507 2399 3621 2463 Qui
3657 2398 3757 2453 nisi

2155 2488 2377 2543 Christo
2400 2489 2526 2560 plus
2553 2504 2721 2558 quam
2750 2487 2854 2542 sibi
2880 2488 3265 2544 credidissent.
3296 2504 3597 2559 nunquam
3626 2488 3756 2542 talia

2155 2583 2211 2632 et
2238 2584 2398 2632 tanta
2427 2581 2684 2649 potenter
2712 2583 2963 2647 agerent,
2990 2583 3048 2631 et
3075 2577 3359 2648 patienter
3403 2576 3520 2631 ista
3558 2577 3756 2631 suﬁer-

2156 2672 2301 2721 rent.
2334 2666 2494 2721 Unde
2522 2666 2822 2738 perpende,
2858 2682 2891 2720 ο
2936 2666 3126 2728 homo,
3158 2671 3369 2736 quanta
3415 2672 3629 2737 potest,
3669 2665 3757 2737 qui

2156 2754 2273 2809 suis
2301 2755 2437 2808 talia
2461 2770 2623 2825 posse
2651 2754 2824 2808 dedit.
2850 2754 2919 2809 Et
2939 2754 2986 2808 si
3017 2753 3203 2808 minor
3220 2754 3359 2809 ﬁdes
3387 2754 3493 2809 tibi
3523 2760 3633 2819 est,
3663 2759 3758 2808 aut

2156 2844 2330 2908 nulla,
2382 2843 2621 2915 implora
2658 2843 2846 2906 ﬁdem,
2883 2849 2949 2897 ut
2975 2843 3079 2898 tibi
3130 2849 3449 2914 augeatur:
3488 2845 3757 2915 quoniam

2157 2932 2295 2986 ﬁdes
2325 2949 2448 3003 quae
2477 2931 2537 2986 in
2583 2932 2806 2986 Christo
2845 2937 2947 2995 est,
2977 2934 3166 2987 omnia
3212 2938 3417 3004 potest.
3454 2932 3605 2988 Hinc
3631 2949 3758 2987 sane

477 3032 681 3079 nostrae
702 3022 1147 3077 immortalitatis
1169 3022 1432 3091 dignatus
1454 3027 1540 3074 est
1571 3020 1708 3076 ﬁeri.
1742 3020 1887 3084 Quid
1923 3020 2073 3074 enim
2092 3021 2362 3084 CPaulus
2393 3040 2405 3074 :
2445 3021 2646 3076 Omnia
2688 3037 2933 3089 possum,
2966 3020 3169 3092 inquit,
3201 3024 3265 3075 in
3295 3038 3353 3075 eo
3385 3024 3489 3090 qui
3517 3039 3603 3076 me
3633 3039 3753 3077 con-

480 3114 584 3166 hoc
611 3111 913 3173 difﬁcilius,
939 3127 1104 3180 quam
1134 3110 1291 3171 illud,
1322 3126 1448 3163 cum
1483 3113 1747 3179 potestas,
1778 3126 1901 3179 quae
1922 3109 2072 3163 Deus

479 3206 536 3254 et
563 3216 629 3254 ex
655 3200 769 3253 Deo
800 3203 903 3262 est,
931 3197 1120 3251 omnia
1148 3197 1359 3268 possit?
1386 3197 1596 3251 Idcirco
1627 3202 1875 3267 potestas
1919 3196 2067 3262 ﬁdei,

476 3287 525 3341 si
550 3303 683 3342 vera
725 3286 799 3341 sit
848 3286 985 3340 ﬁdes
1012 3291 1070 3339 et
1113 3285 1352 3355 integra,
1388 3292 1600 3357 quanta
1627 3284 1699 3339 sit
1726 3301 1892 3339 nemo
1923 3285 2021 3355 qui
2050 3295 2072 3321 °

477 3375 717 3445 noverit,
768 3375 875 3430 nisi
904 3374 998 3446 qui
1029 3392 1092 3428 ex
1122 3376 1237 3429 Deo
1267 3382 1323 3428 et
1362 3374 1418 3428 in
1449 3375 1564 3429 Deo
1588 3374 1754 3428 vivit.
1784 3374 1944 3429 Unde
1972 3390 2074 3428 nec

477 3463 728 3531 dubium,
786 3464 925 3518 ﬁdes
961 3480 1093 3518 vera
1131 3464 1279 3534 quod
1317 3480 1445 3517 cum
1492 3463 1607 3517 Deo
1658 3463 1837 3516 multa
1874 3462 2069 3533 possit.

477 3553 685 3608 Eadem
708 3553 913 3625 quippe
944 3552 1052 3606 ﬁde
1084 3553 1297 3624 priores
1318 3552 1495 3605 sancti
1527 3551 1648 3605 sine
1679 3550 1956 3622 baptismo
1986 3550 2073 3604 in-

476 3658 712 3697 numera
743 3647 800 3696 et
828 3640 1066 3695 miriﬁca
1094 3645 1417 3711 potuerunt.
1444 3642 1597 3703 Quos
1626 3654 2073 3692 commemorans

476 3731 687 3785 Paulus
725 3731 1030 3802 apostolus,
1064 3728 1215 3794 Fide,
1246 3728 1446 3799 inquit,
1491 3730 1807 3797 plurimam
1838 3728 2073 3781 hostiam

474 3822 603 3874 Abel
632 3837 801 3889 quam
832 3820 971 3874 Cain
994 3821 1193 3873 obtulit
1213 3819 1334 3883 Deo,
1365 3833 1465 3886 per
1483 3833 1653 3885 quam
1694 3818 2075 3870 testimonium

477 3915 788 3963 consecutus
836 3914 909 3963 est
954 3911 1296 3977 esse-justus,
1331 3908 1706 3960 testimonium
1764 3905 2076 3972 perhibente

476 3999 803 4050 muneribus
846 4000 962 4064 ejus
990 3997 1113 4071 Deo,
1145 4001 1195 4049 et
1241 4011 1337 4061 per
1386 3996 1547 4048 illam
1578 3994 1759 4046 adhuc
1794 3992 1949 4045 hodie
1978 3993 2075 4045 de-

476 4087 702 4153 functus
751 4088 1002 4154 loquitur
1055 4085 1233 4151 (Hebr.
1261 4098 1334 4148 x1,
1370 4083 1443 4150 4).
1478 4083 1615 4136 Ecce
1640 4080 1773 4152 quid
1806 4079 1991 4151 potuit
2018 4079 2078 4134 in

476 4188 589 4226 una
610 4172 918 4242 eademque
946 4188 1038 4224 re:
1064 4187 1176 4224 non
1198 4170 1346 4224 enim
1377 4169 1617 4223 hostiam
1644 4169 1789 4222 hanc
1809 4168 1893 4222 vel
1922 4168 2078 4222 illam

477 4259 657 4330 magis
671 4259 841 4329 elegit
868 4259 1016 4313 Deus
1036 4259 1131 4313 sed
1155 4259 1319 4313 ﬁdem
1342 4257 1657 4312 oﬁ'erentis:
1686 4256 1843 4322 Fide,
1869 4255 2072 4327 inquit,

2152 3113 2324 3177 [artat
2354 3111 2516 3177 (Phil.
2565 3123 2637 3173 IV,
2671 3108 2780 3177 13).
2825 3110 3062 3181 Pr0pter
3109 3109 3256 3180 quod
3290 3111 3460 3175 Deus,
3496 3126 3616 3165 non
3670 3128 3757 3164 ra-

2153 3198 2305 3253 tione
2332 3214 2433 3252 nos
2454 3197 2751 3261 discutere,
2775 3198 2874 3251 sed
2907 3198 3015 3251 ﬁde
3041 3198 3100 3251 in
3131 3214 3190 3252 se
3218 3198 3448 3253 credere
3472 3200 3675 3265 voluit,
3706 3204 3757 3255 et

2155 3304 2255 3358 pro
2288 3293 2439 3359 certo
2487 3286 2649 3354 scire,
2682 3286 2778 3356 qui
2832 3303 2891 3341 se
2939 3286 3099 3341 nobis
3128 3287 3374 3343 donavit.
3406 3289 3562 3358 quod
3608 3289 3668 3344 in
3701 3306 3755 3342 se

2154 3392 2318 3447 posse
2344 3374 2535 3429 omnia
2565 3391 2665 3446 per
2718 3375 2884 3429 ﬁdem
2935 3375 3224 3429 concessit.
3261 3377 3329 3430 Et
3375 3377 3605 3447 quoties
3651 3394 3753 3432 non

2156 3480 2471 3535 possumus,
2489 3480 2598 3518 non
2620 3463 2689 3517 de
2712 3464 3038 3518 inﬁrmitate
3059 3464 3376 3536 potestatis,
3402 3482 3582 3536 quam
3603 3465 3753 3520 nobis

2157 3551 2339 3618 dedit;
2372 3551 2470 3605 sed
2490 3552 2559 3605 de
2588 3551 2917 3606 inﬁdelitate
2943 3553 3175 3625 peccati,
3209 3569 3323 3624 qua
3347 3553 3750 3625 delinquimus,

2155 3644 2221 3694 ut
2249 3640 2436 3694 minus
2465 3640 2649 3693 valeat
2696 3640 2854 3701 ﬁdes,
2887 3641 3261 3696 inﬁrmamur.
3300 3642 3370 3696 Et
3399 3642 3531 3696 ideo
3561 3643 3753 3697 memi-

2155 3728 2305 3782 nisse
2335 3727 2605 3782 debemus
2636 3728 2927 3782 charitatis
2952 3730 3153 3783 solium
3210 3770 3223 3796 ,
3254 3729 3408 3784 unde
3432 3730 3750 3792 cecidimus,

2157 3816 2547 3887 paenitentiam
2566 3833 2784 3886 gerere,
2811 3816 2877 3870 ut
2904 3818 3093 3888 priora
3122 3818 3252 3873 ﬁdei
3286 3836 3459 3890 opera
3488 3837 3597 3891 per
3622 3821 3755 3873 dile-

2158 3905 2399 3959 ctionem
2418 3905 2623 3960 Christi
2638 3910 2899 3975 potenter
2919 3905 3151 3977 implere
3175 3908 3478 3979 possimus.
3499 3908 3752 3980 Alioquin

2158 3996 2278 4048 sine
2306 3996 2408 4061 ﬁde
2452 3997 2782 4063 impossibile
2827 4000 2904 4048 est
2940 3999 3157 4064 placere
3210 3998 3311 4051 Deo
3343 3999 3537 4059 (Hebr.
3569 4013 3646 4063 xx,
3677 3996 3742 4061 6),

2159 4098 2261 4137 cur
2283 4081 2311 4122 ιι
2331 4099 2432 4153 per
2457 4082 2627 4136 ﬁdem
2648 4082 2705 4135 in
2732 4082 2955 4137 Christo
2973 4084 3163 4138 omnia
3181 4089 3314 4140 sunt
3341 4085 3753 4156 possibiliacre-

2160 4171 2315 4226 denti
2342 4189 2352 4224 :
2387 4170 2666 4241 siquidem
2694 4187 2807 4226 non
2831 4178 2895 4226 ut
2923 4172 3195 4227 miracula
3223 4173 3401 4245 possit
3429 4191 3536 4229 suo
3565 4192 3677 4229 non
3702 4174 3751 4228 in

2156 4266 2429 4331 tempore,
2452 4259 2549 4313 sed
2579 4265 2642 4313 ut
2662 4259 2836 4314 Filius
2854 4260 3005 4315 Deus
3035 4269 3260 4316 maneat
3271 4279 3374 4334 per
3398 4263 3749 4335 adoptionem

468 4350 783 4419 plurimam
804 4347 1039 4400 hostiam
1057 4348 1186 4401 Abel
1206 4362 1374 4415 quam
1403 4347 1543 4400 Cain
1568 4347 1765 4399 obtulit
1785 4344 2070 4403 Deo.Fide,
2092 4338 2140 4395 D
2158 4354 2284 4421 post
2313 4349 2482 4403 ﬁnem
2531 4348 2830 4420 temporis;
2862 4366 2987 4421 quae
3015 4350 3284 4406 nimirum
3333 4357 3593 4423 potestas
3638 4353 3750 4425 plus

477 4442 534 4492 et
553 4452 664 4492 non
687 4434 1022 4495 substantia,
1046 4433 1183 4505 quia
1205 4435 1477 4502 quidquid
1504 4436 1623 4486 sine
1649 4434 1871 4500 ﬁctaest,
1889 4450 2075 4501 pecca-

478 4532 598 4580 tum
647 4531 721 4580 est
769 4526 945 4597 (Rom.
986 4537 1101 4588 XIV,
1138 4521 1206 4576 23
1238 4562 1252 4588 ,
1287 4527 1344 4576 et
1384 4521 1532 4592 quod
1578 4538 1705 4575 cum
1755 4537 1927 4591 parva
1965 4523 2076 4577 ﬁde

481 4614 687 4683 agitur,
710 4615 826 4669 Deo
856 4613 1137 4668 modicum
1159 4616 1277 4678 est;
1311 4615 1368 4665 et
1387 4609 1536 4682 quod
1565 4626 1694 4665 cum
1723 4626 1929 4681 magna
1957 4611 2079 4682 plu-

476 4700 703 4754 rimum.
735 4703 893 4757 Unde
952 4702 1173 4757 cuidam
1229 4701 1449 4772 (Matth.
1482 4716 1569 4765 xv,
1598 4697 1685 4769 28)
1720 4717 1735 4753 :
1770 4699 1811 4754 0
1848 4703 2073 4765 mulier,

482 4803 685 4855 magna
711 4793 785 4841 est
804 4791 933 4856 ﬁdes
959 4798 1075 4848 tua.
1100 4792 1171 4846 Et
1197 4789 1331 4861 quia
1352 4804 1558 4859 magna
1584 4792 1726 4854 erat,
1751 4788 1883 4842 audi
1906 4805 2080 4859 quan-

478 4880 596 4930 tam
620 4875 877 4930 retulerit
899 4883 1267 4947 potestatem:
1290 4880 1409 4932 Fiat
1435 4879 1556 4939 tibi,
1578 4876 1784 4947 inquit,
1806 4878 1949 4931 sicut
1974 4879 2074 4930 vis.

481 4964 705 5030 Quanta
725 4963 781 5017 vi
826 4971 958 5034 agat
983 4967 1219 5038 quisque
1273 4978 1498 5038 magna,
1530 4982 1786 5037 parvave,
1820 4982 1932 5019 non
1956 4982 2079 5020 am-

479 5053 627 5127 plius
679 5056 951 5126 pensatur
988 5055 1137 5124 apud
1174 5055 1374 5122 Deum,
1408 5054 1519 5110 nisi
1548 5058 1763 5127 quanta
1790 5054 2023 5111 offertur
2051 5052 2079 5096 ἀ

481 5144 612 5200 ﬁde.
1043 5167 1055 5179 κ

550 5293 566 5316 ⁸
596 5288 660 5342 In
691 5285 825 5342 edit.
851 5286 1010 5342 deest
1035 5285 1249 5353 inquit.

551 5359 576 5397 δ
609 5358 778 5424 Edit.,
810 5357 1181 5412 surreximus.

549 5437 570 5495 εξ
600 5423 770 5495 Edit.,
800 5444 959 5482 nemo
978 5427 1209 5493 noverit,
1241 5423 1448 5480 omisso
1480 5430 1596 5495 qui.

546 5491 572 5529 (ί
603 5491 772 5567 Edit.,
805 5504 1089 5568 offeratur.

2158 4443 2262 4503 est,
2287 4453 2457 4509 quam
2486 4454 2716 4508 sperare
2742 4437 2946 4509 aliquis
2978 4446 3183 4509 posset.

2230 4524 2281 4581 3.
2314 4526 2474 4580 Unde
2503 4531 2794 4580 succurrat
2821 4526 2983 4581 nobis
3010 4528 3169 4594 ﬁdes,
3201 4528 3338 4599 quia
3366 4537 3595 4586 natura:
3622 4529 3749 4585 ratio

2157 4613 2362 4669 deﬁcit.
2394 4614 2463 4668 Et
2516 4613 2565 4668 si
2602 4631 2670 4668 ex
2696 4614 2857 4669 nobis
2903 4616 3045 4671 nihil
3087 4633 3299 4681 sumus,
3335 4634 3405 4672 ex
3450 4618 3553 4673 illo
3602 4635 3750 4691 posse

2158 4704 2348 4758 omnia
2376 4702 2622 4769 ﬁdendo,
2670 4704 2966 4775 sperando,
3025 4704 3265 4760 amando
3302 4723 3743 4777 praesumamus;

2161 4791 2295 4863 quia
2321 4790 2468 4846 sicut
2494 4790 2556 4846 in
2584 4791 2682 4846 illo
2739 4793 2931 4848 omnia
2957 4810 3121 4865 posse
3149 4795 3404 4866 potentia
3431 4800 3548 4863 est;
3580 4797 3656 4852 ita
3691 4812 3748 4849 ex

2160 4879 2341 4945 nobis,
2365 4878 2463 4950 qui
2483 4878 2645 4947 nihil,
2678 4886 2777 4935 aut
2794 4897 2997 4953 parum
3022 4898 3339 4954 possumus,
3363 4899 3575 4954 magna
3600 4883 3746 4937 inﬁr-

2158 4967 2328 5022 mitas
2349 4972 2453 5022 est.
2475 4967 2584 5022 Sed
2604 4969 2713 5022 hac
2735 4975 2812 5024 est
2832 4971 3085 5036 victoria,
3112 4988 3231 5040 qua
3256 4973 3435 5025 vincit
3460 4972 3743 5032 mundum,

2159 5058 2287 5124 fides
2327 5060 2517 5111 nostra
2543 5056 2601 5126 (Ι
2623 5058 2785 5113 Joan.
2817 5075 2868 5127 ν,
2900 5058 2978 5129 lt).
3010 5059 3217 5130 Magna
3264 5058 3443 5131 igitur
3487 5059 3660 5115 virtus
3684 5059 3742 5112 ﬁ-
3786 5057 3797 5063 ’

2159 5144 2270 5213 dei,
2301 5160 2510 5217 magna
2527 5148 2777 5216 potestas
2809 5165 2822 5202 :
2853 5163 2957 5203 nec
2984 5146 3287 5217 immerito,
3309 5164 3413 5220 per
3440 5164 3607 5222 quam
3635 5147 3740 5202 Deo

2225 5295 2242 5318 °
2270 5287 2439 5355 Edit.,
2481 5292 2727 5348 aeribus.

2222 5357 2244 5400 ΐ
2271 5358 2442 5432 Edit.,
2463 5363 2685 5430 quando
2711 5364 2928 5432 stipsos,
2959 5361 3165 5419 omisso
3192 5369 3258 5419 et.

2226 5442 2255 5482 ε
2283 5429 2453 5497 Edit.,
2475 5429 2680 5487 solum.

2226 5500 2252 5541 ιι
2282 5500 2454 5569 Edit.,
2486 5520 2613 5559 cum
2634 5519 2738 5574 per
2769 5506 2952 5567 ﬁdem.
