  <div class='ocr_page' id='page_1' title='image "/cluster/home/n/w/nwhite01/storage/ocr_20150623/120/hvd.32044054759824/714.png"; bbox 0 0 3992 6166; ppageno 0'>
   <div class='ocr_carea' id='block_1_1' title="bbox 320 210 1920 308">
    <p class='ocr_par' dir='ltr' id='par_1_1' title="bbox 320 210 1920 302">
     <span class='ocr_line' id='line_1_1' title="bbox 320 210 1920 302; baseline 0.005 -31"><span class='ocrx_word' id='word_1_1' title='bbox 320 210 454 271; x_wconf 73' lang='grc'><strong>1417</strong></span> <span class='ocrx_word' id='word_1_2' title='bbox 1224 217 1318 274; x_wconf 89' lang='lat' dir='ltr'>DE</span> <span class='ocrx_word' id='word_1_3' title='bbox 1355 219 1539 289; x_wconf 86' lang='lat' dir='ltr'>FIDE,</span> <span class='ocrx_word' id='word_1_4' title='bbox 1583 222 1712 302; x_wconf 86' lang='lat' dir='ltr'>SPE</span> <span class='ocrx_word' id='word_1_5' title='bbox 1750 223 1838 279; x_wconf 86' lang='lat' dir='ltr'>ET</span> <span class='ocrx_word' id='word_1_6' title='bbox 1879 224 1920 279; x_wconf 92' lang='lat' dir='ltr'>C</span> 
     </span>
    </p>
   </div>
   <div class='ocr_carea' id='block_1_2' title="bbox 2005 210 3585 308">
    <p class='ocr_par' dir='ltr' id='par_1_2' title="bbox 2005 219 3585 308">
     <span class='ocr_line' id='line_1_2' title="bbox 2005 219 3585 308; baseline 0.003 -29"><span class='ocrx_word' id='word_1_7' title='bbox 2005 219 2304 279; x_wconf 74' lang='lat' dir='ltr'>LRITATE.</span> <span class='ocrx_word' id='word_1_8' title='bbox 2350 251 2416 266; x_wconf 91' lang='grc'><strong><em>-</em></strong></span> <span class='ocrx_word' id='word_1_9' title='bbox 2456 220 2593 278; x_wconf 88' lang='lat' dir='ltr'>LIB.</span> <span class='ocrx_word' id='word_1_10' title='bbox 2636 219 2683 308; x_wconf 44' lang='grc' dir='ltr'>Ι,</span> <span class='ocrx_word' id='word_1_11' title='bbox 3446 224 3585 284; x_wconf 76' lang='grc'>1418</span> 
     </span>
    </p>
   </div>
   <div class='ocr_carea' id='block_1_3' title="bbox 305 333 3585 421">
    <p class='ocr_par' dir='ltr' id='par_1_3' title="bbox 305 333 3585 421">
     <span class='ocr_line' id='line_1_3' title="bbox 305 333 3585 421; baseline 0.005 -34"><span class='ocrx_word' id='word_1_12' title='bbox 305 333 666 402; x_wconf 70' lang='lat' dir='ltr'>ﬁedermnur,</span> <span class='ocrx_word' id='word_1_13' title='bbox 723 343 782 391; x_wconf 90' lang='lat' dir='ltr'>et</span> <span class='ocrx_word' id='word_1_14' title='bbox 808 337 956 393; x_wconf 89' lang='lat' dir='ltr'>Deus</span> <span class='ocrx_word' id='word_1_15' title='bbox 981 338 1037 392; x_wconf 91' lang='lat' dir='ltr'>in</span> <span class='ocrx_word' id='word_1_16' title='bbox 1066 340 1227 396; x_wconf 80' lang='lat' dir='ltr'>nobis</span> <span class='ocrx_word' id='word_1_17' title='bbox 1263 342 1517 399; x_wconf 80' lang='lat' dir='ltr'>habitare</span> <span class='ocrx_word' id='word_1_18' title='bbox 1546 345 1793 401; x_wconf 81' lang='lat' dir='ltr'>creditur</span> <span class='ocrx_word' id='word_1_19' title='bbox 1816 366 1827 401; x_wconf 92' lang='lat'>:</span> <span class='ocrx_word' id='word_1_20' title='bbox 1861 348 1909 400; x_wconf 86' lang='lat' dir='ltr'>si</span> <span class='ocrx_word' id='word_1_21' title='bbox 1926 348 2193 415; x_wconf 83' lang='lat' dir='ltr'>Aquetur</span> <span class='ocrx_word' id='word_1_22' title='bbox 2217 362 2302 400; x_wconf 90' lang='lat' dir='ltr'>me</span> <span class='ocrx_word' id='word_1_23' title='bbox 2325 369 2337 415; x_wconf 90' lang='lat'><strong>;</strong></span> <span class='ocrx_word' id='word_1_24' title='bbox 2363 344 2609 417; x_wconf 87' lang='lat' dir='ltr'>profecto</span> <span class='ocrx_word' id='word_1_25' title='bbox 2638 345 2790 416; x_wconf 87' lang='lat' dir='ltr'><strong>quia,</strong></span> <span class='ocrx_word' id='word_1_26' title='bbox 2814 349 2877 400; x_wconf 91' lang='lat' dir='ltr'>ut</span> <span class='ocrx_word' id='word_1_27' title='bbox 2902 346 3083 401; x_wconf 91' lang='lat' dir='ltr'>ﬁdelis</span> <span class='ocrx_word' id='word_1_28' title='bbox 3108 348 3343 420; x_wconf 91' lang='lat' dir='ltr'>quisque</span> <span class='ocrx_word' id='word_1_29' title='bbox 3368 365 3585 421; x_wconf 88' lang='lat' dir='ltr'>perma-</span> 
     </span>
    </p>
   </div>
   <div class='ocr_carea' id='block_1_4' title="bbox 305 421 3587 509">
    <p class='ocr_par' dir='ltr' id='par_1_4' title="bbox 305 421 3587 509">
     <span class='ocr_line' id='line_1_4' title="bbox 305 421 3587 509; baseline 0.006 -34"><span class='ocrx_word' id='word_1_30' title='bbox 305 439 376 475; x_wconf 86' lang='lat' dir='ltr'>ex</span> <span class='ocrx_word' id='word_1_31' title='bbox 393 421 508 477; x_wconf 89' lang='lat' dir='ltr'>Deo</span> <span class='ocrx_word' id='word_1_32' title='bbox 534 423 709 495; x_wconf 87' lang='lat' dir='ltr'>possit</span> <span class='ocrx_word' id='word_1_33' title='bbox 726 430 886 480; x_wconf 85' lang='lat' dir='ltr'>tanta</span> <span class='ocrx_word' id='word_1_34' title='bbox 910 446 922 493; x_wconf 90' lang='lat'><strong>;</strong></span> <span class='ocrx_word' id='word_1_35' title='bbox 951 427 1083 498; x_wconf 87' lang='lat' dir='ltr'>quia</span> <span class='ocrx_word' id='word_1_36' title='bbox 1112 430 1380 501; x_wconf 88' lang='lat' dir='ltr'>quidquid</span> <span class='ocrx_word' id='word_1_37' title='bbox 1406 434 1543 487; x_wconf 88' lang='lat' dir='ltr'>ﬁdes</span> <span class='ocrx_word' id='word_1_38' title='bbox 1585 441 1778 489; x_wconf 89' lang='lat' dir='ltr'>nostra</span> <span class='ocrx_word' id='word_1_39' title='bbox 1800 442 1902 503; x_wconf 91' lang='lat' dir='ltr'>est,</span> <span class='ocrx_word' id='word_1_40' title='bbox 1988 440 2137 501; x_wconf 88' lang='lat' dir='ltr'>neat,</span> <span class='ocrx_word' id='word_1_41' title='bbox 2172 434 2379 489; x_wconf 83' lang='lat' dir='ltr'>Christi</span> <span class='ocrx_word' id='word_1_42' title='bbox 2406 434 2592 505; x_wconf 88' lang='lat' dir='ltr'>gratia</span> <span class='ocrx_word' id='word_1_43' title='bbox 2643 440 2974 505; x_wconf 65' lang='lat' dir='ltr'>prmstatur:</span> <span class='ocrx_word' id='word_1_44' title='bbox 3011 443 3287 508; x_wconf 86' lang='lat' dir='ltr'>quatenus</span> <span class='ocrx_word' id='word_1_45' title='bbox 3303 440 3491 509; x_wconf 90' lang='lat' dir='ltr'>justus</span> <span class='ocrx_word' id='word_1_46' title='bbox 3520 456 3587 493; x_wconf 85' lang='lat' dir='ltr'>ex</span> 
     </span>
    </p>
   </div>
   <div class='ocr_carea' id='block_1_5' title="bbox 303 512 3591 598">
    <p class='ocr_par' dir='ltr' id='par_1_5' title="bbox 303 512 3591 598">
     <span class='ocr_line' id='line_1_5' title="bbox 303 512 3591 598; baseline 0.005 -34"><span class='ocrx_word' id='word_1_47' title='bbox 303 512 711 583; x_wconf 87' lang='lat' dir='ltr'>sperandorum</span> <span class='ocrx_word' id='word_1_48' title='bbox 740 515 1056 570; x_wconf 81' lang='lat' dir='ltr'>substantia</span> <span class='ocrx_word' id='word_1_49' title='bbox 1080 524 1200 585; x_wconf 82' lang='lat' dir='ltr'>est;</span> <span class='ocrx_word' id='word_1_50' title='bbox 1255 522 1661 590; x_wconf 83' lang='lat' dir='ltr'>sperandomm</span> <span class='ocrx_word' id='word_1_51' title='bbox 1717 530 1906 578; x_wconf 89' lang='lat' dir='ltr'>autem</span> <span class='ocrx_word' id='word_1_52' title='bbox 1990 524 2098 577; x_wconf 89' lang='lat' dir='ltr'>ﬁde</span> <span class='ocrx_word' id='word_1_53' title='bbox 2126 540 2224 594; x_wconf 90' lang='lat' dir='ltr'>per</span> <span class='ocrx_word' id='word_1_54' title='bbox 2251 523 2490 593; x_wconf 82' lang='lat' dir='ltr'>gratiam</span> <span class='ocrx_word' id='word_1_55' title='bbox 2523 529 2803 593; x_wconf 86' lang='lat' dir='ltr'>operetur.</span> <span class='ocrx_word' id='word_1_56' title='bbox 2826 526 3191 579; x_wconf 64' lang='lat' dir='ltr'>Arbitrantur</span> <span class='ocrx_word' id='word_1_57' title='bbox 3206 530 3375 589; x_wconf 81' lang='lat' dir='ltr'>enim,</span> <span class='ocrx_word' id='word_1_58' title='bbox 3404 528 3591 598; x_wconf 78' lang='lat' dir='ltr'>inquit</span> 
     </span>
    </p>
   </div>
   <div class='ocr_carea' id='block_1_6' title="bbox 304 599 3591 683">
    <p class='ocr_par' dir='ltr' id='par_1_6' title="bbox 304 599 3591 683">
     <span class='ocr_line' id='line_1_6' title="bbox 304 599 3591 683; baseline 0.005 -31"><span class='ocrx_word' id='word_1_59' title='bbox 304 599 624 655; x_wconf 85' lang='lat' dir='ltr'>substantia</span> <span class='ocrx_word' id='word_1_60' title='bbox 649 602 797 657; x_wconf 87' lang='lat' dir='ltr'>Deus</span> <span class='ocrx_word' id='word_1_61' title='bbox 828 609 931 664; x_wconf 89' lang='lat' dir='ltr'>est.</span> <span class='ocrx_word' id='word_1_62' title='bbox 983 606 1131 660; x_wconf 90' lang='lat' dir='ltr'>Deus</span> <span class='ocrx_word' id='word_1_63' title='bbox 1161 624 1290 661; x_wconf 86' lang='lat' dir='ltr'>vero</span> <span class='ocrx_word' id='word_1_64' title='bbox 1317 610 1669 680; x_wconf 91' lang='lat' dir='ltr'>omnipotens</span> <span class='ocrx_word' id='word_1_65' title='bbox 1699 618 1819 680; x_wconf 85' lang='lat' dir='ltr'>est;</span> <span class='ocrx_word' id='word_1_66' title='bbox 1852 622 1910 668; x_wconf 90' lang='lat' dir='ltr'>et</span> <span class='ocrx_word' id='word_1_67' title='bbox 1988 613 2310 682; x_wconf 81' lang='lat' dir='ltr'>Apostolus,</span> <span class='ocrx_word' id='word_1_68' title='bbox 2330 614 2642 680; x_wconf 75' lang='lat' dir='ltr'>justi/icari</span> <span class='ocrx_word' id='word_1_69' title='bbox 2668 614 2947 666; x_wconf 80' lang='lat' dir='ltr'>hominem</span> <span class='ocrx_word' id='word_1_70' title='bbox 2965 630 3062 682; x_wconf 81' lang='lat' dir='ltr'>per</span> <span class='ocrx_word' id='word_1_71' title='bbox 3081 617 3241 682; x_wconf 81' lang='lat' dir='ltr'>ﬁdem</span> <span class='ocrx_word' id='word_1_72' title='bbox 3269 618 3387 669; x_wconf 88' lang='lat' dir='ltr'>sine</span> <span class='ocrx_word' id='word_1_73' title='bbox 3415 619 3591 683; x_wconf 85' lang='lat' dir='ltr'>operi-</span> 
     </span>
    </p>
   </div>
   <div class='ocr_carea' id='block_1_7' title="bbox 304 688 1907 772">
    <p class='ocr_par' dir='ltr' id='par_1_7' title="bbox 304 688 1907 772">
     <span class='ocr_line' id='line_1_7' title="bbox 304 688 1907 772; baseline 0.009 -31"><span class='ocrx_word' id='word_1_74' title='bbox 304 688 433 743; x_wconf 92' lang='lat' dir='ltr'>ideo</span> <span class='ocrx_word' id='word_1_75' title='bbox 464 690 614 755; x_wconf 91' lang='lat' dir='ltr'>ﬁdei,</span> <span class='ocrx_word' id='word_1_76' title='bbox 660 709 784 762; x_wconf 62' lang='lat' dir='ltr'>qum</span> <span class='ocrx_word' id='word_1_77' title='bbox 815 710 882 746; x_wconf 85' lang='lat' dir='ltr'>ex</span> <span class='ocrx_word' id='word_1_78' title='bbox 921 694 1034 747; x_wconf 88' lang='lat' dir='ltr'>Deo</span> <span class='ocrx_word' id='word_1_79' title='bbox 1057 701 1161 759; x_wconf 86' lang='lat' dir='ltr'>est,</span> <span class='ocrx_word' id='word_1_80' title='bbox 1190 701 1247 750; x_wconf 93' lang='lat' dir='ltr'>et</span> <span class='ocrx_word' id='word_1_81' title='bbox 1273 697 1329 751; x_wconf 91' lang='lat' dir='ltr'>in</span> <span class='ocrx_word' id='word_1_82' title='bbox 1352 715 1463 768; x_wconf 86' lang='lat' dir='ltr'>qua</span> <span class='ocrx_word' id='word_1_83' title='bbox 1478 700 1626 753; x_wconf 87' lang='lat' dir='ltr'>Deus</span> <span class='ocrx_word' id='word_1_84' title='bbox 1648 708 1752 768; x_wconf 90' lang='lat' dir='ltr'>est,</span> <span class='ocrx_word' id='word_1_85' title='bbox 1778 703 1907 772; x_wconf 86' lang='lat' dir='ltr'>jure</span> 
     </span>
    </p>
   </div>
   <div class='ocr_carea' id='block_1_8' title="bbox 304 778 1905 860">
    <p class='ocr_par' dir='ltr' id='par_1_8' title="bbox 304 778 1905 860">
     <span class='ocr_line' id='line_1_8' title="bbox 304 778 1905 860; baseline 0.008 -29"><span class='ocrx_word' id='word_1_86' title='bbox 304 778 607 848; x_wconf 64' lang='lat' dir='ltr'>praestitit&#39;</span> <span class='ocrx_word' id='word_1_87' title='bbox 653 782 920 850; x_wconf 85' lang='lat' dir='ltr'>majestas</span> <span class='ocrx_word' id='word_1_88' title='bbox 951 783 1158 851; x_wconf 85' lang='lat' dir='ltr'>divina,</span> <span class='ocrx_word' id='word_1_89' title='bbox 1182 791 1247 839; x_wconf 92' lang='lat' dir='ltr'>ut</span> <span class='ocrx_word' id='word_1_90' title='bbox 1266 787 1402 840; x_wconf 85' lang='lat' dir='ltr'>talia</span> <span class='ocrx_word' id='word_1_91' title='bbox 1418 793 1686 859; x_wconf 88' lang='lat' dir='ltr'>tantaque</span> <span class='ocrx_word' id='word_1_92' title='bbox 1710 791 1905 860; x_wconf 87' lang='lat' dir='ltr'>possit,</span> 
     </span>
    </p>
   </div>
   <div class='ocr_carea' id='block_1_9' title="bbox 305 867 1911 948">
    <p class='ocr_par' dir='ltr' id='par_1_9' title="bbox 305 867 1911 948">
     <span class='ocr_line' id='line_1_9' title="bbox 305 867 1911 948; baseline 0.009 -29"><span class='ocrx_word' id='word_1_93' title='bbox 305 872 372 921; x_wconf 92' lang='lat' dir='ltr'>ut</span> <span class='ocrx_word' id='word_1_94' title='bbox 400 867 616 921; x_wconf 89' lang='lat' dir='ltr'>ﬁrmior</span> <span class='ocrx_word' id='word_1_95' title='bbox 642 869 718 923; x_wconf 87' lang='lat' dir='ltr'>sit</span> <span class='ocrx_word' id='word_1_96' title='bbox 747 870 884 924; x_wconf 89' lang='lat' dir='ltr'>ﬁdes</span> <span class='ocrx_word' id='word_1_97' title='bbox 928 889 992 925; x_wconf 81' lang='lat' dir='ltr'>ex</span> <span class='ocrx_word' id='word_1_98' title='bbox 1023 873 1154 927; x_wconf 92' lang='lat' dir='ltr'>Deo.</span> <span class='ocrx_word' id='word_1_99' title='bbox 1176 874 1226 927; x_wconf 85' lang='lat' dir='ltr'>N</span> <span class='ocrx_word' id='word_1_100' title='bbox 1232 891 1337 928; x_wconf 92' lang='lat' dir='ltr'>unc</span> <span class='ocrx_word' id='word_1_101' title='bbox 1367 882 1554 929; x_wconf 88' lang='lat' dir='ltr'>autem</span> <span class='ocrx_word' id='word_1_102' title='bbox 1589 878 1721 948; x_wconf 90' lang='lat' dir='ltr'>quid</span> <span class='ocrx_word' id='word_1_103' title='bbox 1752 879 1911 933; x_wconf 88' lang='lat' dir='ltr'>dubi-</span> 
     </span>
    </p>
   </div>
   <div class='ocr_carea' id='block_1_10' title="bbox 304 959 1912 1036">
    <p class='ocr_par' dir='ltr' id='par_1_10' title="bbox 304 959 1912 1036">
     <span class='ocr_line' id='line_1_10' title="bbox 304 959 1912 1036; baseline 0.008 -28"><span class='ocrx_word' id='word_1_104' title='bbox 304 960 430 1010; x_wconf 86' lang='lat' dir='ltr'>tare</span> <span class='ocrx_word' id='word_1_105' title='bbox 460 973 759 1027; x_wconf 86' lang='lat' dir='ltr'>possumus</span> <span class='ocrx_word' id='word_1_106' title='bbox 806 959 874 1013; x_wconf 91' lang='lat' dir='ltr'>de</span> <span class='ocrx_word' id='word_1_107' title='bbox 926 960 1055 1025; x_wconf 89' lang='lat' dir='ltr'>ﬁde,</span> <span class='ocrx_word' id='word_1_108' title='bbox 1089 979 1216 1016; x_wconf 92' lang='lat' dir='ltr'>cum</span> <span class='ocrx_word' id='word_1_109' title='bbox 1263 964 1462 1031; x_wconf 89' lang='lat' dir='ltr'>solum,</span> <span class='ocrx_word' id='word_1_110' title='bbox 1515 966 1648 1036; x_wconf 85' lang='lat' dir='ltr'>quia</span> <span class='ocrx_word' id='word_1_111' title='bbox 1676 968 1912 1022; x_wconf 90' lang='lat' dir='ltr'>credidi-</span> 
     </span>
    </p>
   </div>
   <div class='ocr_carea' id='block_1_11' title="bbox 307 1044 1905 1123">
    <p class='ocr_par' dir='ltr' id='par_1_11' title="bbox 307 1044 1905 1123">
     <span class='ocr_line' id='line_1_11' title="bbox 307 1044 1905 1123; baseline 0.009 -27"><span class='ocrx_word' id='word_1_112' title='bbox 307 1062 437 1098; x_wconf 89' lang='lat' dir='ltr'>mus</span> <span class='ocrx_word' id='word_1_113' title='bbox 466 1044 514 1111; x_wconf 77' lang='grc' dir='ltr'>ι),</span> <span class='ocrx_word' id='word_1_114' title='bbox 542 1051 655 1099; x_wconf 91' lang='lat' dir='ltr'>tam</span> <span class='ocrx_word' id='word_1_115' title='bbox 691 1063 913 1117; x_wconf 85' lang='lat' dir='ltr'>magna,</span> <span class='ocrx_word' id='word_1_116' title='bbox 948 1055 1005 1103; x_wconf 92' lang='lat' dir='ltr'>et</span> <span class='ocrx_word' id='word_1_117' title='bbox 1030 1049 1334 1105; x_wconf 75' lang='lat' dir='ltr'>ineffabilia</span> <span class='ocrx_word' id='word_1_118' title='bbox 1377 1058 1683 1123; x_wconf 85' lang='lat' dir='ltr'>potuerunt</span> <span class='ocrx_word' id='word_1_119' title='bbox 1709 1057 1905 1123; x_wconf 86' lang='lat' dir='ltr'>sancti,</span> 
     </span>
    </p>
   </div>
   <div class='ocr_carea' id='block_1_12' title="bbox 303 1137 1913 1214">
    <p class='ocr_par' dir='ltr' id='par_1_12' title="bbox 303 1137 1913 1214">
     <span class='ocr_line' id='line_1_12' title="bbox 303 1137 1913 1214; baseline 0.008 -28"><span class='ocrx_word' id='word_1_120' title='bbox 303 1138 367 1186; x_wconf 88' lang='lat' dir='ltr'>et</span> <span class='ocrx_word' id='word_1_121' title='bbox 392 1150 690 1204; x_wconf 90' lang='lat' dir='ltr'>possumus</span> <span class='ocrx_word' id='word_1_122' title='bbox 710 1152 773 1189; x_wconf 76' lang='lat' dir='ltr'>ex</span> <span class='ocrx_word' id='word_1_123' title='bbox 794 1137 947 1190; x_wconf 81' lang='lat' dir='ltr'>ﬁde?</span> <span class='ocrx_word' id='word_1_124' title='bbox 993 1139 1110 1193; x_wconf 72' lang='lat' dir='ltr'>lla&#39;c</span> <span class='ocrx_word' id='word_1_125' title='bbox 1137 1146 1230 1205; x_wconf 85' lang='lat' dir='ltr'>est,</span> <span class='ocrx_word' id='word_1_126' title='bbox 1270 1140 1469 1211; x_wconf 88' lang='lat' dir='ltr'>inquit,</span> <span class='ocrx_word' id='word_1_127' title='bbox 1514 1145 1764 1211; x_wconf 87' lang='lat' dir='ltr'>victoria,</span> <span class='ocrx_word' id='word_1_128' title='bbox 1796 1162 1913 1214; x_wconf 65' lang='lat' dir='ltr'>qum</span> 
     </span>
    </p>
   </div>
   <div class='ocr_carea' id='block_1_13' title="bbox 304 1226 1913 1301">
    <p class='ocr_par' dir='ltr' id='par_1_13' title="bbox 304 1226 1913 1301">
     <span class='ocr_line' id='line_1_13' title="bbox 304 1226 1913 1301; baseline 0.007 -25"><span class='ocrx_word' id='word_1_129' title='bbox 304 1226 485 1277; x_wconf 71' lang='lat' dir='ltr'>vincit</span> <span class='ocrx_word' id='word_1_130' title='bbox 516 1226 812 1290; x_wconf 85' lang='lat' dir='ltr'>mundum,</span> <span class='ocrx_word' id='word_1_131' title='bbox 833 1227 962 1292; x_wconf 83' lang='lat' dir='ltr'>ﬁdes</span> <span class='ocrx_word' id='word_1_132' title='bbox 989 1229 1231 1283; x_wconf 76' lang='lat' dir='ltr'>nostraJ</span> <span class='ocrx_word' id='word_1_133' title='bbox 1241 1234 1450 1295; x_wconf 89' lang='lat' dir='ltr'>ustum,</span> <span class='ocrx_word' id='word_1_134' title='bbox 1470 1231 1721 1301; x_wconf 90' lang='lat' dir='ltr'>inquam,</span> <span class='ocrx_word' id='word_1_135' title='bbox 1745 1239 1830 1288; x_wconf 89' lang='lat' dir='ltr'>est</span> <span class='ocrx_word' id='word_1_136' title='bbox 1851 1240 1913 1288; x_wconf 92' lang='lat' dir='ltr'>ut</span> 
     </span>
    </p>
   </div>
   <div class='ocr_carea' id='block_1_14' title="bbox 301 1311 1912 1391">
    <p class='ocr_par' dir='ltr' id='par_1_14' title="bbox 301 1311 1912 1391">
     <span class='ocr_line' id='line_1_14' title="bbox 301 1311 1912 1391; baseline 0.007 -27"><span class='ocrx_word' id='word_1_137' title='bbox 301 1311 442 1365; x_wconf 84' lang='lat' dir='ltr'>talia</span> <span class='ocrx_word' id='word_1_138' title='bbox 467 1312 644 1383; x_wconf 87' lang='lat' dir='ltr'>possit</span> <span class='ocrx_word' id='word_1_139' title='bbox 670 1313 827 1379; x_wconf 89' lang='lat' dir='ltr'>ﬁdes,</span> <span class='ocrx_word' id='word_1_140' title='bbox 860 1332 960 1385; x_wconf 90' lang='lat' dir='ltr'>per</span> <span class='ocrx_word' id='word_1_141' title='bbox 983 1333 1153 1387; x_wconf 86' lang='lat' dir='ltr'>quam</span> <span class='ocrx_word' id='word_1_142' title='bbox 1183 1318 1523 1373; x_wconf 88' lang='lat' dir='ltr'>credidimus</span> <span class='ocrx_word' id='word_1_143' title='bbox 1553 1337 1675 1391; x_wconf 70' lang='lat' dir='ltr'>quae</span> <span class='ocrx_word' id='word_1_144' title='bbox 1705 1338 1817 1376; x_wconf 87' lang='lat' dir='ltr'>non</span> <span class='ocrx_word' id='word_1_145' title='bbox 1835 1324 1912 1377; x_wconf 89' lang='lat' dir='ltr'>vi-</span> 
     </span>
    </p>
   </div>
   <div class='ocr_carea' id='block_1_15' title="bbox 300 1400 1912 1478">
    <p class='ocr_par' dir='ltr' id='par_1_15' title="bbox 300 1400 1912 1478">
     <span class='ocr_line' id='line_1_15' title="bbox 300 1400 1912 1478; baseline 0.007 -25"><span class='ocrx_word' id='word_1_146' title='bbox 300 1400 537 1471; x_wconf 90' lang='lat' dir='ltr'>dentur,</span> <span class='ocrx_word' id='word_1_147' title='bbox 557 1406 622 1455; x_wconf 90' lang='lat' dir='ltr'>ut</span> <span class='ocrx_word' id='word_1_148' title='bbox 659 1403 927 1458; x_wconf 86' lang='lat' dir='ltr'>certiores</span> <span class='ocrx_word' id='word_1_149' title='bbox 952 1404 1065 1458; x_wconf 91' lang='lat' dir='ltr'>sint</span> <span class='ocrx_word' id='word_1_150' title='bbox 1087 1405 1278 1460; x_wconf 88' lang='lat' dir='ltr'>ﬁdeles</span> <span class='ocrx_word' id='word_1_151' title='bbox 1307 1408 1454 1478; x_wconf 88' lang='lat' dir='ltr'>quod</span> <span class='ocrx_word' id='word_1_152' title='bbox 1485 1425 1708 1463; x_wconf 86' lang='lat' dir='ltr'>summa</span> <span class='ocrx_word' id='word_1_153' title='bbox 1735 1411 1912 1465; x_wconf 89' lang='lat' dir='ltr'>omni-</span> 
     </span>
    </p>
   </div>
   <div class='ocr_carea' id='block_1_16' title="bbox 304 1490 1913 1568">
    <p class='ocr_par' dir='ltr' id='par_1_16' title="bbox 304 1490 1913 1568">
     <span class='ocr_line' id='line_1_16' title="bbox 304 1490 1913 1568; baseline 0.007 -26"><span class='ocrx_word' id='word_1_154' title='bbox 304 1490 561 1560; x_wconf 87' lang='lat' dir='ltr'>potentia</span> <span class='ocrx_word' id='word_1_155' title='bbox 619 1496 722 1557; x_wconf 91' lang='lat' dir='ltr'>est,</span> <span class='ocrx_word' id='word_1_156' title='bbox 756 1496 814 1546; x_wconf 91' lang='lat' dir='ltr'>et</span> <span class='ocrx_word' id='word_1_157' title='bbox 840 1494 1186 1564; x_wconf 89' lang='lat' dir='ltr'>sempiterna</span> <span class='ocrx_word' id='word_1_158' title='bbox 1213 1495 1407 1559; x_wconf 86' lang='lat' dir='ltr'>virtus,</span> <span class='ocrx_word' id='word_1_159' title='bbox 1449 1495 1506 1550; x_wconf 91' lang='lat' dir='ltr'>in</span> <span class='ocrx_word' id='word_1_160' title='bbox 1538 1513 1705 1568; x_wconf 87' lang='lat' dir='ltr'>quem</span> <span class='ocrx_word' id='word_1_161' title='bbox 1736 1500 1913 1554; x_wconf 88' lang='lat' dir='ltr'>credit</span> 
     </span>
    </p>
   </div>
   <div class='ocr_carea' id='block_1_17' title="bbox 304 1578 1909 1657">
    <p class='ocr_par' dir='ltr' id='par_1_17' title="bbox 304 1578 1909 1657">
     <span class='ocr_line' id='line_1_17' title="bbox 304 1578 1909 1657; baseline 0.007 -26"><span class='ocrx_word' id='word_1_162' title='bbox 304 1578 470 1633; x_wconf 86' lang='lat' dir='ltr'>ﬁdes.</span> <span class='ocrx_word' id='word_1_163' title='bbox 507 1579 765 1634; x_wconf 84' lang='lat' dir='ltr'>Potentia</span> <span class='ocrx_word' id='word_1_164' title='bbox 792 1581 966 1651; x_wconf 83' lang='lat' dir='ltr'>igitur</span> <span class='ocrx_word' id='word_1_165' title='bbox 1012 1583 1142 1637; x_wconf 90' lang='lat' dir='ltr'>ﬁdei</span> <span class='ocrx_word' id='word_1_166' title='bbox 1172 1584 1437 1638; x_wconf 88' lang='lat' dir='ltr'>exhibitio</span> <span class='ocrx_word' id='word_1_167' title='bbox 1464 1591 1549 1638; x_wconf 90' lang='lat' dir='ltr'>est</span> <span class='ocrx_word' id='word_1_168' title='bbox 1578 1588 1909 1657; x_wconf 86' lang='lat' dir='ltr'>majestatis.</span> 
     </span>
    </p>
   </div>
   <div class='ocr_carea' id='block_1_18' title="bbox 1991 698 3590 772">
    <p class='ocr_par' dir='ltr' id='par_1_18' title="bbox 1991 698 3590 772">
     <span class='ocr_line' id='line_1_18' title="bbox 1991 698 3590 772; baseline 0.003 -19"><span class='ocrx_word' id='word_1_169' title='bbox 1991 701 2087 753; x_wconf 87' lang='lat' dir='ltr'>bus</span> <span class='ocrx_word' id='word_1_170' title='bbox 2113 703 2244 768; x_wconf 77' lang='lat' dir='ltr'>tegis</span> <span class='ocrx_word' id='word_1_171' title='bbox 2263 698 2617 768; x_wconf 45' lang='lat'>(3022241598)</span> <span class='ocrx_word' id='word_1_172' title='bbox 2634 741 2646 754; x_wconf 94' lang='lat'>.</span> <span class='ocrx_word' id='word_1_173' title='bbox 2674 702 2742 754; x_wconf 85' lang='lat' dir='ltr'>Et</span> <span class='ocrx_word' id='word_1_174' title='bbox 2760 703 2926 772; x_wconf 86' lang='lat' dir='ltr'>paulo</span> <span class='ocrx_word' id='word_1_175' title='bbox 2944 708 3069 772; x_wconf 87' lang='lat' dir='ltr'>post</span> <span class='ocrx_word' id='word_1_176' title='bbox 3099 720 3165 757; x_wconf 83' lang='lat' dir='ltr'>ex</span> <span class='ocrx_word' id='word_1_177' title='bbox 3190 704 3393 758; x_wconf 85' lang='lat' dir='ltr'>Genesi</span> <span class='ocrx_word' id='word_1_178' title='bbox 3418 722 3428 756; x_wconf 94' lang='lat'>:</span> <span class='ocrx_word' id='word_1_179' title='bbox 3463 705 3590 759; x_wconf 79' lang='lat' dir='ltr'>Gre-</span> 
     </span>
    </p>
   </div>
   <div class='ocr_carea' id='block_1_19' title="bbox 1990 790 3592 861">
    <p class='ocr_par' dir='ltr' id='par_1_19' title="bbox 1990 790 3592 861">
     <span class='ocr_line' id='line_1_19' title="bbox 1990 790 3592 861; baseline 0.003 -20"><span class='ocrx_word' id='word_1_180' title='bbox 1990 790 2131 841; x_wconf 79' lang='lat' dir='ltr'>didit</span> <span class='ocrx_word' id='word_1_181' title='bbox 2161 790 2443 843; x_wconf 79' lang='lat' dir='ltr'>Abraham</span> <span class='ocrx_word' id='word_1_182' title='bbox 2474 792 2599 854; x_wconf 84' lang='lat' dir='ltr'>[)eo,</span> <span class='ocrx_word' id='word_1_183' title='bbox 2629 795 2677 843; x_wconf 86' lang='lat' dir='ltr'>et</span> <span class='ocrx_word' id='word_1_184' title='bbox 2707 796 3023 857; x_wconf 78' lang='lat' dir='ltr'>reputatum</span> <span class='ocrx_word' id='word_1_185' title='bbox 3045 797 3119 844; x_wconf 84' lang='lat' dir='ltr'>est</span> <span class='ocrx_word' id='word_1_186' title='bbox 3140 795 3191 845; x_wconf 83' lang='lat' dir='ltr'>ei</span> <span class='ocrx_word' id='word_1_187' title='bbox 3210 795 3283 846; x_wconf 84' lang='lat' dir='ltr'>ad</span> <span class='ocrx_word' id='word_1_188' title='bbox 3302 796 3592 861; x_wconf 79' lang='lat' dir='ltr'>justitiam</span> 
     </span>
    </p>
   </div>
   <div class='ocr_carea' id='block_1_20' title="bbox 1995 875 3596 949">
    <p class='ocr_par' dir='ltr' id='par_1_20' title="bbox 1995 875 3596 949">
     <span class='ocr_line' id='line_1_20' title="bbox 1995 875 3596 949; baseline 0.002 -19"><span class='ocrx_word' id='word_1_189' title='bbox 1995 879 2165 942; x_wconf 75' lang='lat' dir='ltr'>(Rom.</span> <span class='ocrx_word' id='word_1_190' title='bbox 2191 892 2268 943; x_wconf 79' lang='lat' dir='ltr'>Iv,</span> <span class='ocrx_word' id='word_1_191' title='bbox 2304 875 2473 946; x_wconf 86' lang='lat' dir='ltr'>3).Ei,</span> <span class='ocrx_word' id='word_1_192' title='bbox 2500 878 2820 949; x_wconf 86' lang='lat' dir='ltr'>inquit,qui</span> <span class='ocrx_word' id='word_1_193' title='bbox 2840 885 3327 946; x_wconf 81' lang='lat' dir='ltr'>operatur,merces</span> <span class='ocrx_word' id='word_1_194' title='bbox 3352 898 3463 935; x_wconf 87' lang='lat' dir='ltr'>non</span> <span class='ocrx_word' id='word_1_195' title='bbox 3484 885 3596 934; x_wconf 87' lang='lat' dir='ltr'>im-</span> 
     </span>
    </p>
   </div>
   <div class='ocr_carea' id='block_1_21' title="bbox 1986 967 3596 1034">
    <p class='ocr_par' dir='ltr' id='par_1_21' title="bbox 1986 967 3596 1034">
     <span class='ocr_line' id='line_1_21' title="bbox 1986 967 3596 1034; baseline 0.004 -17"><span class='ocrx_word' id='word_1_196' title='bbox 1986 969 2227 1033; x_wconf 76' lang='lat' dir='ltr'>putatur</span> <span class='ocrx_word' id='word_1_197' title='bbox 2246 967 2549 1019; x_wconf 84' lang='lat' dir='ltr'>secundum</span> <span class='ocrx_word' id='word_1_198' title='bbox 2561 969 2803 1034; x_wconf 81' lang='lat' dir='ltr'>gratiam</span> <span class='ocrx_word' id='word_1_199' title='bbox 2815 968 2927 1031; x_wconf 87' lang='lat' dir='ltr'>,sed</span> <span class='ocrx_word' id='word_1_200' title='bbox 2944 969 3244 1021; x_wconf 86' lang='lat' dir='ltr'>secundum</span> <span class='ocrx_word' id='word_1_201' title='bbox 3258 970 3596 1023; x_wconf 83' lang='lat' dir='ltr'>debitum.Ei</span> 
     </span>
    </p>
   </div>
   <div class='ocr_carea' id='block_1_22' title="bbox 1992 1056 3595 1125">
    <p class='ocr_par' dir='ltr' id='par_1_22' title="bbox 1992 1056 3595 1125">
     <span class='ocr_line' id='line_1_22' title="bbox 1992 1056 3595 1125; baseline 0.002 -19"><span class='ocrx_word' id='word_1_202' title='bbox 1992 1069 2139 1117; x_wconf 85' lang='lat' dir='ltr'>vero,</span> <span class='ocrx_word' id='word_1_203' title='bbox 2166 1056 2267 1121; x_wconf 83' lang='lat' dir='ltr'>qui</span> <span class='ocrx_word' id='word_1_204' title='bbox 2279 1070 2389 1106; x_wconf 84' lang='lat' dir='ltr'>non</span> <span class='ocrx_word' id='word_1_205' title='bbox 2404 1059 2684 1121; x_wconf 76' lang='lat' dir='ltr'>operatur,</span> <span class='ocrx_word' id='word_1_206' title='bbox 2703 1056 2947 1108; x_wconf 78' lang='lat' dir='ltr'>credenti</span> <span class='ocrx_word' id='word_1_207' title='bbox 2968 1061 3155 1108; x_wconf 87' lang='lat' dir='ltr'>autem</span> <span class='ocrx_word' id='word_1_208' title='bbox 3173 1058 3234 1109; x_wconf 88' lang='lat' dir='ltr'>in</span> <span class='ocrx_word' id='word_1_209' title='bbox 3254 1072 3378 1109; x_wconf 89' lang='lat' dir='ltr'>eum</span> <span class='ocrx_word' id='word_1_210' title='bbox 3394 1060 3595 1125; x_wconf 85' lang='lat' dir='ltr'>quiju-</span> 
     </span>
    </p>
   </div>
   <div class='ocr_carea' id='block_1_23' title="bbox 1992 1144 3591 1213">
    <p class='ocr_par' dir='ltr' id='par_1_23' title="bbox 1992 1144 3591 1213">
     <span class='ocr_line' id='line_1_23' title="bbox 1992 1144 3591 1213; baseline 0.004 -19"><span class='ocrx_word' id='word_1_211' title='bbox 1992 1144 2189 1209; x_wconf 74' lang='lat' dir='ltr'>sti/teat</span> <span class='ocrx_word' id='word_1_212' title='bbox 2206 1144 2765 1210; x_wconf 79' lang='lat' dir='ltr'>impium,reputatur</span> <span class='ocrx_word' id='word_1_213' title='bbox 2775 1144 2902 1209; x_wconf 83' lang='lat' dir='ltr'>fides</span> <span class='ocrx_word' id='word_1_214' title='bbox 2914 1146 3029 1211; x_wconf 84' lang='lat' dir='ltr'>ejus</span> <span class='ocrx_word' id='word_1_215' title='bbox 3041 1145 3115 1197; x_wconf 83' lang='lat' dir='ltr'>ad</span> <span class='ocrx_word' id='word_1_216' title='bbox 3116 1146 3566 1213; x_wconf 84' lang='lat' dir='ltr'>justitiam(ibid.</span> <span class='ocrx_word' id='word_1_217' title='bbox 3578 1186 3591 1212; x_wconf 93' lang='lat'>,</span> 
     </span>
    </p>
   </div>
   <div class='ocr_carea' id='block_1_24' title="bbox 1993 1228 3593 1301">
    <p class='ocr_par' dir='ltr' id='par_1_24' title="bbox 1993 1228 3593 1301">
     <span class='ocr_line' id='line_1_24' title="bbox 1993 1228 3593 1301; baseline 0.004 -20"><span class='ocrx_word' id='word_1_218' title='bbox 1993 1230 2048 1293; x_wconf 83' lang='grc'>4,</span> <span class='ocrx_word' id='word_1_219' title='bbox 2107 1228 2182 1295; x_wconf 74' lang='grc'>5).</span> <span class='ocrx_word' id='word_1_220' title='bbox 2220 1229 2357 1282; x_wconf 86' lang='lat' dir='ltr'>Ecce</span> <span class='ocrx_word' id='word_1_221' title='bbox 2387 1229 2520 1299; x_wconf 91' lang='lat' dir='ltr'>quid</span> <span class='ocrx_word' id='word_1_222' title='bbox 2560 1230 2698 1283; x_wconf 90' lang='lat' dir='ltr'>ﬁdes</span> <span class='ocrx_word' id='word_1_223' title='bbox 2758 1231 2953 1300; x_wconf 86' lang='lat' dir='ltr'>possit,</span> <span class='ocrx_word' id='word_1_224' title='bbox 2987 1231 3118 1301; x_wconf 87' lang='lat' dir='ltr'>quia</span> <span class='ocrx_word' id='word_1_225' title='bbox 3152 1232 3331 1286; x_wconf 87' lang='lat' dir='ltr'>credit</span> <span class='ocrx_word' id='word_1_226' title='bbox 3354 1232 3415 1286; x_wconf 90' lang='lat' dir='ltr'>in</span> <span class='ocrx_word' id='word_1_227' title='bbox 3443 1249 3593 1299; x_wconf 90' lang='lat' dir='ltr'>eum,</span> 
     </span>
    </p>
   </div>
   <div class='ocr_carea' id='block_1_25' title="bbox 1994 1316 3598 1391">
    <p class='ocr_par' dir='ltr' id='par_1_25' title="bbox 1994 1316 3598 1391">
     <span class='ocr_line' id='line_1_25' title="bbox 1994 1316 3598 1391; baseline 0.004 -22"><span class='ocrx_word' id='word_1_228' title='bbox 1994 1316 2090 1387; x_wconf 91' lang='lat' dir='ltr'>qui</span> <span class='ocrx_word' id='word_1_229' title='bbox 2119 1322 2204 1370; x_wconf 91' lang='lat' dir='ltr'>est</span> <span class='ocrx_word' id='word_1_230' title='bbox 2238 1317 2611 1371; x_wconf 90' lang='lat' dir='ltr'>essentialiter</span> <span class='ocrx_word' id='word_1_231' title='bbox 2657 1318 2862 1387; x_wconf 88' lang='lat' dir='ltr'>justus,</span> <span class='ocrx_word' id='word_1_232' title='bbox 2900 1325 2960 1372; x_wconf 86' lang='lat' dir='ltr'>ut</span> <span class='ocrx_word' id='word_1_233' title='bbox 3008 1323 3100 1386; x_wconf 85' lang='lat' dir='ltr'>sit,</span> <span class='ocrx_word' id='word_1_234' title='bbox 3132 1320 3333 1391; x_wconf 89' lang='lat' dir='ltr'>inquit,</span> <span class='ocrx_word' id='word_1_235' title='bbox 3367 1324 3598 1390; x_wconf 87' lang='lat' dir='ltr'>justitia</span> 
     </span>
    </p>
   </div>
   <div class='ocr_carea' id='block_1_26' title="bbox 1994 1406 3598 1477">
    <p class='ocr_par' dir='ltr' id='par_1_26' title="bbox 1994 1406 3598 1477">
     <span class='ocr_line' id='line_1_26' title="bbox 1994 1406 3598 1477; baseline 0.003 -19"><span class='ocrx_word' id='word_1_236' title='bbox 1994 1406 2092 1458; x_wconf 82' lang='lat' dir='ltr'>Dei</span> <span class='ocrx_word' id='word_1_237' title='bbox 2122 1421 2217 1473; x_wconf 83' lang='lat' dir='ltr'>per</span> <span class='ocrx_word' id='word_1_238' title='bbox 2247 1407 2410 1472; x_wconf 81' lang='lat' dir='ltr'>ﬁdem</span> <span class='ocrx_word' id='word_1_239' title='bbox 2436 1408 2563 1459; x_wconf 90' lang='lat' dir='ltr'>Jesu</span> <span class='ocrx_word' id='word_1_240' title='bbox 2599 1406 2806 1460; x_wconf 79' lang='lat' dir='ltr'>Christi</span> <span class='ocrx_word' id='word_1_241' title='bbox 2830 1410 2893 1460; x_wconf 87' lang='lat' dir='ltr'>in</span> <span class='ocrx_word' id='word_1_242' title='bbox 2917 1424 3119 1473; x_wconf 87' lang='lat' dir='ltr'>omnes,</span> <span class='ocrx_word' id='word_1_243' title='bbox 3147 1415 3195 1462; x_wconf 88' lang='lat' dir='ltr'>et</span> <span class='ocrx_word' id='word_1_244' title='bbox 3225 1425 3388 1477; x_wconf 84' lang='lat' dir='ltr'>super</span> <span class='ocrx_word' id='word_1_245' title='bbox 3415 1426 3598 1463; x_wconf 84' lang='lat' dir='ltr'>omnes</span> 
     </span>
    </p>
   </div>
   <div class='ocr_carea' id='block_1_27' title="bbox 1995 1495 3600 1564">
    <p class='ocr_par' dir='ltr' id='par_1_27' title="bbox 1995 1495 3600 1564">
     <span class='ocr_line' id='line_1_27' title="bbox 1995 1495 3600 1564; baseline 0.003 -19"><span class='ocrx_word' id='word_1_246' title='bbox 1995 1495 2093 1561; x_wconf 85' lang='lat' dir='ltr'>qui</span> <span class='ocrx_word' id='word_1_247' title='bbox 2112 1495 2363 1559; x_wconf 84' lang='lat' dir='ltr'>credunt,</span> <span class='ocrx_word' id='word_1_248' title='bbox 2396 1496 2530 1561; x_wconf 85' lang='lat' dir='ltr'>quia</span> <span class='ocrx_word' id='word_1_249' title='bbox 2554 1496 2889 1562; x_wconf 69' lang='lat' dir='ltr'>iustiﬁcetur</span> <span class='ocrx_word' id='word_1_250' title='bbox 2912 1499 3089 1560; x_wconf 75' lang='lat' dir='ltr'>gratis</span> <span class='ocrx_word' id='word_1_251' title='bbox 3110 1512 3210 1564; x_wconf 83' lang='lat' dir='ltr'>per</span> <span class='ocrx_word' id='word_1_252' title='bbox 3236 1500 3487 1564; x_wconf 82' lang='lat' dir='ltr'>gratiam</span> <span class='ocrx_word' id='word_1_253' title='bbox 3512 1500 3600 1564; x_wconf 86' lang='lat' dir='ltr'>ip-</span> 
     </span>
    </p>
   </div>
   <div class='ocr_carea' id='block_1_28' title="bbox 1994 1580 3605 1655">
    <p class='ocr_par' dir='ltr' id='par_1_28' title="bbox 1994 1580 3605 1655">
     <span class='ocr_line' id='line_1_28' title="bbox 1994 1580 3605 1655; baseline 0.003 -21"><span class='ocrx_word' id='word_1_254' title='bbox 1994 1584 2111 1634; x_wconf 83' lang='lat' dir='ltr'>sius</span> <span class='ocrx_word' id='word_1_255' title='bbox 2146 1582 2317 1645; x_wconf 80' lang='lat' dir='ltr'>(Rom.</span> <span class='ocrx_word' id='word_1_256' title='bbox 2372 1596 2457 1647; x_wconf 86' lang='lat' dir='ltr'><strong>III,</strong></span> <span class='ocrx_word' id='word_1_257' title='bbox 2501 1580 2609 1651; x_wconf 74' lang='lat'>2&#39;2).</span> <span class='ocrx_word' id='word_1_258' title='bbox 2654 1582 2861 1636; x_wconf 90' lang='lat' dir='ltr'>Omnes</span> <span class='ocrx_word' id='word_1_259' title='bbox 2910 1584 3057 1637; x_wconf 90' lang='lat' dir='ltr'>enim</span> <span class='ocrx_word' id='word_1_260' title='bbox 3104 1591 3489 1655; x_wconf 90' lang='lat' dir='ltr'>peccaverunt,</span> <span class='ocrx_word' id='word_1_261' title='bbox 3546 1590 3605 1639; x_wconf 92' lang='lat' dir='ltr'>et</span> 
     </span>
    </p>
   </div>
   <div class='ocr_carea' id='block_1_29' title="bbox 306 1665 3605 1755">
    <p class='ocr_par' dir='ltr' id='par_1_29' title="bbox 306 1665 3605 1755">
     <span class='ocr_line' id='line_1_29' title="bbox 306 1665 3605 1755; baseline 0.004 -34"><span class='ocrx_word' id='word_1_262' title='bbox 306 1665 494 1721; x_wconf 79' lang='lat' dir='ltr'>Habet</span> <span class='ocrx_word' id='word_1_263' title='bbox 521 1668 669 1721; x_wconf 89' lang='lat' dir='ltr'>enim</span> <span class='ocrx_word' id='word_1_264' title='bbox 690 1670 1077 1725; x_wconf 88' lang='lat' dir='ltr'>testimonium</span> <span class='ocrx_word' id='word_1_265' title='bbox 1100 1672 1237 1726; x_wconf 89' lang='lat' dir='ltr'>ﬁdes</span> <span class='ocrx_word' id='word_1_266' title='bbox 1259 1690 1324 1726; x_wconf 84' lang='lat' dir='ltr'>ex</span> <span class='ocrx_word' id='word_1_267' title='bbox 1354 1673 1756 1730; x_wconf 83' lang='lat' dir='ltr'>miraculorum</span> <span class='ocrx_word' id='word_1_268' title='bbox 1777 1694 1911 1748; x_wconf 89' lang='lat' dir='ltr'>ope-</span> <span class='ocrx_word' id='word_1_269' title='bbox 1932 1694 1979 1755; x_wconf 78' lang='grc' dir='ltr'>Β</span> <span class='ocrx_word' id='word_1_270' title='bbox 1998 1675 2164 1739; x_wconf 84' lang='lat' dir='ltr'>egent</span> <span class='ocrx_word' id='word_1_271' title='bbox 2188 1669 2370 1737; x_wconf 74' lang='lat' dir='ltr'>gloria</span> <span class='ocrx_word' id='word_1_272' title='bbox 2407 1669 2527 1723; x_wconf 77' lang='lat' dir='ltr'>Dei.</span> <span class='ocrx_word' id='word_1_273' title='bbox 2555 1670 2749 1723; x_wconf 79' lang='lat' dir='ltr'>Gloria</span> <span class='ocrx_word' id='word_1_274' title='bbox 2776 1671 2953 1740; x_wconf 79' lang='lat' dir='ltr'>igitur</span> <span class='ocrx_word' id='word_1_275' title='bbox 2982 1672 3083 1726; x_wconf 86' lang='lat' dir='ltr'>Dei</span> <span class='ocrx_word' id='word_1_276' title='bbox 3106 1677 3210 1736; x_wconf 80' lang='lat' dir='ltr'>est,</span> <span class='ocrx_word' id='word_1_277' title='bbox 3248 1679 3311 1726; x_wconf 90' lang='lat' dir='ltr'>ut</span> <span class='ocrx_word' id='word_1_278' title='bbox 3332 1678 3605 1744; x_wconf 82' lang='lat' dir='ltr'>appareat</span> 
     </span>
    </p>
   </div>
   <div class='ocr_carea' id='block_1_30' title="bbox 306 1755 1914 1837">
    <p class='ocr_par' dir='ltr' id='par_1_30' title="bbox 306 1755 1914 1837">
     <span class='ocr_line' id='line_1_30' title="bbox 306 1755 1914 1837; baseline 0.009 -29"><span class='ocrx_word' id='word_1_279' title='bbox 306 1755 469 1809; x_wconf 85' lang='lat' dir='ltr'>ribus</span> <span class='ocrx_word' id='word_1_280' title='bbox 506 1756 640 1810; x_wconf 91' lang='lat' dir='ltr'>dum</span> <span class='ocrx_word' id='word_1_281' title='bbox 672 1758 813 1812; x_wconf 90' lang='lat' dir='ltr'>nihil</span> <span class='ocrx_word' id='word_1_282' title='bbox 842 1776 906 1813; x_wconf 84' lang='lat' dir='ltr'>ex</span> <span class='ocrx_word' id='word_1_283' title='bbox 931 1777 1011 1826; x_wconf 89' lang='lat' dir='ltr'>se,</span> <span class='ocrx_word' id='word_1_284' title='bbox 1036 1762 1134 1816; x_wconf 85' lang='lat' dir='ltr'>sed</span> <span class='ocrx_word' id='word_1_285' title='bbox 1164 1766 1348 1816; x_wconf 89' lang='lat' dir='ltr'>totum</span> <span class='ocrx_word' id='word_1_286' title='bbox 1378 1779 1442 1816; x_wconf 82' lang='lat' dir='ltr'>ex</span> <span class='ocrx_word' id='word_1_287' title='bbox 1473 1779 1539 1816; x_wconf 90' lang='lat' dir='ltr'>eo</span> <span class='ocrx_word' id='word_1_288' title='bbox 1568 1769 1770 1834; x_wconf 87' lang='lat' dir='ltr'>potest,</span> <span class='ocrx_word' id='word_1_289' title='bbox 1805 1783 1914 1837; x_wconf 90' lang='lat' dir='ltr'>quo</span> 
     </span>
    </p>
   </div>
   <div class='ocr_carea' id='block_1_31' title="bbox 306 1847 1917 1926">
    <p class='ocr_par' dir='ltr' id='par_1_31' title="bbox 306 1847 1917 1926">
     <span class='ocr_line' id='line_1_31' title="bbox 306 1847 1917 1926; baseline 0.007 -26"><span class='ocrx_word' id='word_1_290' title='bbox 306 1847 678 1915; x_wconf 82' lang='lat' dir='ltr'>confortatur,</span> <span class='ocrx_word' id='word_1_291' title='bbox 712 1848 770 1902; x_wconf 91' lang='lat' dir='ltr'>in</span> <span class='ocrx_word' id='word_1_292' title='bbox 802 1866 969 1919; x_wconf 87' lang='lat' dir='ltr'>quem</span> <span class='ocrx_word' id='word_1_293' title='bbox 995 1850 1191 1904; x_wconf 89' lang='lat' dir='ltr'>credit.</span> <span class='ocrx_word' id='word_1_294' title='bbox 1228 1852 1296 1905; x_wconf 93' lang='lat' dir='ltr'>Et</span> <span class='ocrx_word' id='word_1_295' title='bbox 1326 1860 1535 1923; x_wconf 88' lang='lat' dir='ltr'>quanto</span> <span class='ocrx_word' id='word_1_296' title='bbox 1588 1856 1713 1926; x_wconf 90' lang='lat' dir='ltr'>plus</span> <span class='ocrx_word' id='word_1_297' title='bbox 1744 1858 1917 1912; x_wconf 89' lang='lat' dir='ltr'>credi-</span> 
     </span>
    </p>
   </div>
   <div class='ocr_carea' id='block_1_32' title="bbox 307 1934 1917 2010">
    <p class='ocr_par' dir='ltr' id='par_1_32' title="bbox 307 1934 1917 2010">
     <span class='ocr_line' id='line_1_32' title="bbox 307 1934 1917 2010; baseline 0.009 -22"><span class='ocrx_word' id='word_1_298' title='bbox 307 1934 461 1989; x_wconf 89' lang='lat' dir='ltr'>derit</span> <span class='ocrx_word' id='word_1_299' title='bbox 509 1953 575 1991; x_wconf 84' lang='lat' dir='ltr'>ex</span> <span class='ocrx_word' id='word_1_300' title='bbox 596 1953 661 1991; x_wconf 91' lang='lat' dir='ltr'>eo</span> <span class='ocrx_word' id='word_1_301' title='bbox 690 1953 799 2008; x_wconf 89' lang='lat' dir='ltr'>quo</span> <span class='ocrx_word' id='word_1_302' title='bbox 830 1938 1007 2008; x_wconf 87' lang='lat' dir='ltr'>pluris</span> <span class='ocrx_word' id='word_1_303' title='bbox 1062 1943 1166 2003; x_wconf 85' lang='lat' dir='ltr'>est,</span> <span class='ocrx_word' id='word_1_304' title='bbox 1198 1942 1480 2010; x_wconf 89' lang='lat' dir='ltr'>potentior</span> <span class='ocrx_word' id='word_1_305' title='bbox 1509 1944 1770 2000; x_wconf 88' lang='lat' dir='ltr'>efﬁcitur.</span> <span class='ocrx_word' id='word_1_306' title='bbox 1802 1948 1917 2001; x_wconf 90' lang='lat' dir='ltr'>Nec</span> 
     </span>
    </p>
   </div>
   <div class='ocr_carea' id='block_1_33' title="bbox 309 2024 1916 2106">
    <p class='ocr_par' dir='ltr' id='par_1_33' title="bbox 309 2024 1916 2106">
     <span class='ocr_line' id='line_1_33' title="bbox 309 2024 1916 2106; baseline 0.009 -29"><span class='ocrx_word' id='word_1_307' title='bbox 309 2024 466 2078; x_wconf 90' lang='lat' dir='ltr'>enim</span> <span class='ocrx_word' id='word_1_308' title='bbox 488 2026 615 2097; x_wconf 90' lang='lat' dir='ltr'>plus</span> <span class='ocrx_word' id='word_1_309' title='bbox 642 2026 794 2080; x_wconf 87' lang='lat' dir='ltr'>credi</span> <span class='ocrx_word' id='word_1_310' title='bbox 825 2032 1010 2098; x_wconf 90' lang='lat' dir='ltr'>potest</span> <span class='ocrx_word' id='word_1_311' title='bbox 1037 2044 1202 2097; x_wconf 90' lang='lat' dir='ltr'>quam</span> <span class='ocrx_word' id='word_1_312' title='bbox 1226 2029 1346 2099; x_wconf 91' lang='lat' dir='ltr'>ipse</span> <span class='ocrx_word' id='word_1_313' title='bbox 1364 2037 1467 2095; x_wconf 89' lang='lat' dir='ltr'>est,</span> <span class='ocrx_word' id='word_1_314' title='bbox 1492 2031 1548 2086; x_wconf 91' lang='lat' dir='ltr'>in</span> <span class='ocrx_word' id='word_1_315' title='bbox 1571 2050 1737 2104; x_wconf 88' lang='lat' dir='ltr'>quem</span> <span class='ocrx_word' id='word_1_316' title='bbox 1758 2052 1916 2106; x_wconf 89' lang='lat' dir='ltr'>opor-</span> 
     </span>
    </p>
   </div>
   <div class='ocr_carea' id='block_1_34' title="bbox 305 2115 1915 2188">
    <p class='ocr_par' dir='ltr' id='par_1_34' title="bbox 305 2115 1915 2188">
     <span class='ocr_line' id='line_1_34' title="bbox 305 2115 1915 2188; baseline 0.007 -23"><span class='ocrx_word' id='word_1_317' title='bbox 305 2118 395 2166; x_wconf 90' lang='lat' dir='ltr'>tet</span> <span class='ocrx_word' id='word_1_318' title='bbox 422 2130 488 2167; x_wconf 80' lang='lat' dir='ltr'>ex</span> <span class='ocrx_word' id='word_1_319' title='bbox 516 2119 634 2168; x_wconf 92' lang='lat' dir='ltr'>toto</span> <span class='ocrx_word' id='word_1_320' title='bbox 650 2115 1141 2186; x_wconf 85' lang='lat' dir='ltr'>credere.Propter</span> <span class='ocrx_word' id='word_1_321' title='bbox 1155 2119 1325 2188; x_wconf 85' lang='lat' dir='ltr'>quod,</span> <span class='ocrx_word' id='word_1_322' title='bbox 1349 2125 1413 2173; x_wconf 92' lang='lat' dir='ltr'>ut</span> <span class='ocrx_word' id='word_1_323' title='bbox 1433 2120 1566 2188; x_wconf 84' lang='lat' dir='ltr'>dixi,</span> <span class='ocrx_word' id='word_1_324' title='bbox 1589 2122 1915 2179; x_wconf 83' lang='lat' dir='ltr'>irretracta-</span> 
     </span>
    </p>
   </div>
   <div class='ocr_carea' id='block_1_35' title="bbox 308 2200 1914 2279">
    <p class='ocr_par' dir='ltr' id='par_1_35' title="bbox 308 2200 1914 2279">
     <span class='ocr_line' id='line_1_35' title="bbox 308 2200 1914 2279; baseline 0.007 -24"><span class='ocrx_word' id='word_1_325' title='bbox 308 2200 443 2256; x_wconf 90' lang='lat' dir='ltr'>bilis</span> <span class='ocrx_word' id='word_1_326' title='bbox 472 2208 559 2256; x_wconf 89' lang='lat' dir='ltr'>est</span> <span class='ocrx_word' id='word_1_327' title='bbox 586 2204 873 2274; x_wconf 74' lang='lat' dir='ltr'>ﬁdes,quze</span> <span class='ocrx_word' id='word_1_328' title='bbox 899 2208 1062 2258; x_wconf 89' lang='lat' dir='ltr'>tanta</span> <span class='ocrx_word' id='word_1_329' title='bbox 1088 2211 1291 2275; x_wconf 89' lang='lat' dir='ltr'>potest,</span> <span class='ocrx_word' id='word_1_330' title='bbox 1320 2213 1385 2261; x_wconf 89' lang='lat' dir='ltr'>ut</span> <span class='ocrx_word' id='word_1_331' title='bbox 1412 2208 1595 2264; x_wconf 87' lang='lat' dir='ltr'>vincat</span> <span class='ocrx_word' id='word_1_332' title='bbox 1624 2212 1914 2279; x_wconf 89' lang='lat' dir='ltr'>mundum,</span> 
     </span>
    </p>
   </div>
   <div class='ocr_carea' id='block_1_36' title="bbox 310 2291 1923 2369">
    <p class='ocr_par' dir='ltr' id='par_1_36' title="bbox 310 2291 1923 2369">
     <span class='ocr_line' id='line_1_36' title="bbox 310 2291 1923 2369; baseline 0.007 -25"><span class='ocrx_word' id='word_1_333' title='bbox 310 2296 375 2345; x_wconf 90' lang='lat' dir='ltr'>et</span> <span class='ocrx_word' id='word_1_334' title='bbox 398 2291 562 2361; x_wconf 89' lang='lat' dir='ltr'>plura</span> <span class='ocrx_word' id='word_1_335' title='bbox 589 2292 775 2362; x_wconf 91' lang='lat' dir='ltr'>potuit</span> <span class='ocrx_word' id='word_1_336' title='bbox 802 2308 902 2363; x_wconf 92' lang='lat' dir='ltr'>per</span> <span class='ocrx_word' id='word_1_337' title='bbox 929 2298 1170 2360; x_wconf 89' lang='lat' dir='ltr'>sanctos,</span> <span class='ocrx_word' id='word_1_338' title='bbox 1189 2299 1252 2348; x_wconf 87' lang='lat' dir='ltr'>ut</span> <span class='ocrx_word' id='word_1_339' title='bbox 1278 2312 1448 2366; x_wconf 85' lang='lat' dir='ltr'>opera</span> <span class='ocrx_word' id='word_1_340' title='bbox 1476 2300 1801 2369; x_wconf 83' lang='lat' dir='ltr'>quantocies</span> <span class='ocrx_word' id='word_1_341' title='bbox 1830 2318 1923 2355; x_wconf 92' lang='lat' dir='ltr'>os-</span> 
     </span>
    </p>
   </div>
   <div class='ocr_carea' id='block_1_37' title="bbox 309 2379 1921 2455">
    <p class='ocr_par' dir='ltr' id='par_1_37' title="bbox 309 2379 1921 2455">
     <span class='ocr_line' id='line_1_37' title="bbox 309 2379 1921 2455; baseline 0.007 -23"><span class='ocrx_word' id='word_1_342' title='bbox 309 2379 559 2433; x_wconf 82' lang='lat' dir='ltr'>tenderit</span> <span class='ocrx_word' id='word_1_343' title='bbox 591 2380 845 2434; x_wconf 87' lang='lat' dir='ltr'>Deitatis.</span> <span class='ocrx_word' id='word_1_344' title='bbox 881 2381 991 2435; x_wconf 91' lang='lat' dir='ltr'>Sed</span> <span class='ocrx_word' id='word_1_345' title='bbox 1019 2387 1076 2434; x_wconf 92' lang='lat' dir='ltr'>et</span> <span class='ocrx_word' id='word_1_346' title='bbox 1104 2383 1253 2453; x_wconf 90' lang='lat' dir='ltr'>quod</span> <span class='ocrx_word' id='word_1_347' title='bbox 1301 2386 1484 2455; x_wconf 87' lang='lat' dir='ltr'>majus</span> <span class='ocrx_word' id='word_1_348' title='bbox 1514 2393 1617 2454; x_wconf 90' lang='lat' dir='ltr'>est,</span> <span class='ocrx_word' id='word_1_349' title='bbox 1667 2389 1795 2443; x_wconf 90' lang='lat' dir='ltr'>licet</span> <span class='ocrx_word' id='word_1_350' title='bbox 1823 2391 1921 2444; x_wconf 89' lang='lat' dir='ltr'>de-</span> 
     </span>
    </p>
   </div>
   <div class='ocr_carea' id='block_1_38' title="bbox 310 2468 1923 2548">
    <p class='ocr_par' dir='ltr' id='par_1_38' title="bbox 310 2468 1923 2548">
     <span class='ocr_line' id='line_1_38' title="bbox 310 2468 1923 2548; baseline 0.007 -28"><span class='ocrx_word' id='word_1_351' title='bbox 310 2468 516 2532; x_wconf 89' lang='lat' dir='ltr'>functi,</span> <span class='ocrx_word' id='word_1_352' title='bbox 568 2468 751 2522; x_wconf 88' lang='lat' dir='ltr'>adhuc</span> <span class='ocrx_word' id='word_1_353' title='bbox 797 2469 935 2523; x_wconf 88' lang='lat' dir='ltr'>ﬁdes</span> <span class='ocrx_word' id='word_1_354' title='bbox 985 2487 1181 2524; x_wconf 90' lang='lat' dir='ltr'>eorum</span> <span class='ocrx_word' id='word_1_355' title='bbox 1210 2474 1627 2543; x_wconf 87' lang='lat' dir='ltr'>quamplurima</span> <span class='ocrx_word' id='word_1_356' title='bbox 1675 2478 1923 2548; x_wconf 89' lang='lat' dir='ltr'>quotidie</span> 
     </span>
    </p>
   </div>
   <div class='ocr_carea' id='block_1_39' title="bbox 312 2556 1925 2635">
    <p class='ocr_par' dir='ltr' id='par_1_39' title="bbox 312 2556 1925 2635">
     <span class='ocr_line' id='line_1_39' title="bbox 312 2556 1925 2635; baseline 0.007 -26"><span class='ocrx_word' id='word_1_357' title='bbox 312 2556 538 2627; x_wconf 88' lang='lat' dir='ltr'>perﬁcit</span> <span class='ocrx_word' id='word_1_358' title='bbox 581 2557 904 2628; x_wconf 80' lang='lat' dir='ltr'>prodigiosa</span> <span class='ocrx_word' id='word_1_359' title='bbox 959 2559 1119 2613; x_wconf 82' lang='lat' dir='ltr'>valde</span> <span class='ocrx_word' id='word_1_360' title='bbox 1147 2578 1159 2613; x_wconf 89' lang='lat'><strong>:</strong></span> <span class='ocrx_word' id='word_1_361' title='bbox 1191 2560 1269 2614; x_wconf 91' lang='lat' dir='ltr'>ita</span> <span class='ocrx_word' id='word_1_362' title='bbox 1319 2566 1379 2615; x_wconf 94' lang='lat' dir='ltr'>ut</span> <span class='ocrx_word' id='word_1_363' title='bbox 1410 2564 1608 2633; x_wconf 84' lang='lat' dir='ltr'>magis,</span> <span class='ocrx_word' id='word_1_364' title='bbox 1643 2566 1738 2635; x_wconf 91' lang='lat' dir='ltr'>qui</span> <span class='ocrx_word' id='word_1_365' title='bbox 1764 2572 1925 2621; x_wconf 87' lang='lat' dir='ltr'>tanta</span> 
     </span>
    </p>
   </div>
   <div class='ocr_carea' id='block_1_40' title="bbox 314 2646 1922 2724">
    <p class='ocr_par' dir='ltr' id='par_1_40' title="bbox 314 2646 1922 2724">
     <span class='ocr_line' id='line_1_40' title="bbox 314 2646 1922 2724; baseline 0.007 -26"><span class='ocrx_word' id='word_1_366' title='bbox 314 2650 536 2715; x_wconf 89' lang='lat' dir='ltr'>queunt</span> <span class='ocrx_word' id='word_1_367' title='bbox 563 2662 732 2716; x_wconf 88' lang='lat' dir='ltr'>quam</span> <span class='ocrx_word' id='word_1_368' title='bbox 761 2646 1027 2713; x_wconf 85' lang='lat' dir='ltr'>viventes,</span> <span class='ocrx_word' id='word_1_369' title='bbox 1078 2648 1378 2703; x_wconf 89' lang='lat' dir='ltr'>videantur</span> <span class='ocrx_word' id='word_1_370' title='bbox 1396 2651 1614 2718; x_wconf 91' lang='lat' dir='ltr'>vivere;</span> <span class='ocrx_word' id='word_1_371' title='bbox 1640 2654 1771 2724; x_wconf 89' lang='lat' dir='ltr'>quia</span> <span class='ocrx_word' id='word_1_372' title='bbox 1801 2672 1922 2709; x_wconf 88' lang='lat' dir='ltr'>om-</span> 
     </span>
    </p>
   </div>
   <div class='ocr_carea' id='block_1_41' title="bbox 312 2733 1928 2807">
    <p class='ocr_par' dir='ltr' id='par_1_41' title="bbox 312 2733 1928 2807">
     <span class='ocr_line' id='line_1_41' title="bbox 312 2733 1928 2807; baseline 0.007 -21"><span class='ocrx_word' id='word_1_373' title='bbox 312 2733 455 2787; x_wconf 86' lang='lat' dir='ltr'>nino</span> <span class='ocrx_word' id='word_1_374' title='bbox 481 2733 539 2787; x_wconf 91' lang='lat' dir='ltr'>in</span> <span class='ocrx_word' id='word_1_375' title='bbox 568 2734 661 2788; x_wconf 93' lang='lat' dir='ltr'>illo</span> <span class='ocrx_word' id='word_1_376' title='bbox 694 2734 900 2801; x_wconf 90' lang='lat' dir='ltr'>vivunt,</span> <span class='ocrx_word' id='word_1_377' title='bbox 954 2736 1051 2807; x_wconf 91' lang='lat' dir='ltr'>qui</span> <span class='ocrx_word' id='word_1_378' title='bbox 1077 2743 1263 2807; x_wconf 90' lang='lat' dir='ltr'>potest</span> <span class='ocrx_word' id='word_1_379' title='bbox 1283 2739 1491 2793; x_wconf 89' lang='lat' dir='ltr'>omnia.</span> <span class='ocrx_word' id='word_1_380' title='bbox 1513 2741 1558 2795; x_wconf 93' lang='lat' dir='ltr'>O</span> <span class='ocrx_word' id='word_1_381' title='bbox 1596 2742 1735 2796; x_wconf 88' lang='lat' dir='ltr'>ﬁdes</span> <span class='ocrx_word' id='word_1_382' title='bbox 1765 2743 1928 2798; x_wconf 89' lang='lat' dir='ltr'>indu-</span> 
     </span>
    </p>
   </div>
   <div class='ocr_carea' id='block_1_42' title="bbox 312 2820 1931 2895">
    <p class='ocr_par' dir='ltr' id='par_1_42' title="bbox 312 2820 1931 2895">
     <span class='ocr_line' id='line_1_42' title="bbox 312 2820 1931 2895; baseline 0.007 -21"><span class='ocrx_word' id='word_1_383' title='bbox 312 2820 647 2891; x_wconf 76' lang='lat' dir='ltr'>bitata,quae</span> <span class='ocrx_word' id='word_1_384' title='bbox 668 2823 740 2877; x_wconf 88' lang='lat' dir='ltr'>ad</span> <span class='ocrx_word' id='word_1_385' title='bbox 761 2827 977 2878; x_wconf 82' lang='lat' dir='ltr'>tantam</span> <span class='ocrx_word' id='word_1_386' title='bbox 1021 2826 1275 2895; x_wconf 85' lang='lat' dir='ltr'>pervenis</span> <span class='ocrx_word' id='word_1_387' title='bbox 1308 2827 1596 2883; x_wconf 88' lang='lat' dir='ltr'>victoriam</span> <span class='ocrx_word' id='word_1_388' title='bbox 1630 2831 1835 2894; x_wconf 88' lang='lat' dir='ltr'>;etiam</span> <span class='ocrx_word' id='word_1_389' title='bbox 1868 2838 1931 2886; x_wconf 91' lang='lat' dir='ltr'>ut</span> 
     </span>
    </p>
   </div>
   <div class='ocr_carea' id='block_1_43' title="bbox 1997 1758 3600 1830">
    <p class='ocr_par' dir='ltr' id='par_1_43' title="bbox 1997 1758 3600 1830">
     <span class='ocr_line' id='line_1_43' title="bbox 1997 1758 3600 1830; baseline 0.004 -20"><span class='ocrx_word' id='word_1_390' title='bbox 1997 1758 2117 1828; x_wconf 90' lang='lat' dir='ltr'>ipse</span> <span class='ocrx_word' id='word_1_391' title='bbox 2145 1758 2296 1811; x_wconf 91' lang='lat' dir='ltr'>solus</span> <span class='ocrx_word' id='word_1_392' title='bbox 2304 1759 2511 1828; x_wconf 80' lang='lat' dir='ltr'>justus,</span> <span class='ocrx_word' id='word_1_393' title='bbox 2537 1764 2594 1812; x_wconf 91' lang='lat' dir='ltr'>et</span> <span class='ocrx_word' id='word_1_394' title='bbox 2611 1765 2826 1829; x_wconf 88' lang='lat' dir='ltr'>potens,</span> <span class='ocrx_word' id='word_1_395' title='bbox 2852 1776 2917 1812; x_wconf 81' lang='lat' dir='ltr'>ex</span> <span class='ocrx_word' id='word_1_396' title='bbox 2937 1776 3046 1830; x_wconf 93' lang='lat' dir='ltr'>quo</span> <span class='ocrx_word' id='word_1_397' title='bbox 3065 1761 3452 1829; x_wconf 80' lang='lat' dir='ltr'>justiﬁcantur</span> <span class='ocrx_word' id='word_1_398' title='bbox 3476 1778 3600 1815; x_wconf 87' lang='lat' dir='ltr'>om-</span> 
     </span>
    </p>
   </div>
   <div class='ocr_carea' id='block_1_44' title="bbox 1997 1846 3606 1917">
    <p class='ocr_par' dir='ltr' id='par_1_44' title="bbox 1997 1846 3606 1917">
     <span class='ocr_line' id='line_1_44' title="bbox 1997 1846 3606 1917; baseline 0.003 -19"><span class='ocrx_word' id='word_1_399' title='bbox 1997 1863 2097 1899; x_wconf 88' lang='lat' dir='ltr'>nes</span> <span class='ocrx_word' id='word_1_400' title='bbox 2127 1863 2226 1917; x_wconf 90' lang='lat' dir='ltr'>per</span> <span class='ocrx_word' id='word_1_401' title='bbox 2257 1846 2425 1900; x_wconf 89' lang='lat' dir='ltr'>ﬁdem</span> <span class='ocrx_word' id='word_1_402' title='bbox 2449 1848 2476 1900; x_wconf 86' lang='lat' dir='ltr'><strong>J</strong></span> <span class='ocrx_word' id='word_1_403' title='bbox 2483 1863 2583 1900; x_wconf 90' lang='lat' dir='ltr'>esu</span> <span class='ocrx_word' id='word_1_404' title='bbox 2614 1847 2841 1901; x_wconf 84' lang='lat' dir='ltr'>Christi.</span> <span class='ocrx_word' id='word_1_405' title='bbox 2861 1848 2968 1901; x_wconf 90' lang='lat' dir='ltr'>Sed</span> <span class='ocrx_word' id='word_1_406' title='bbox 2990 1849 3353 1917; x_wconf 58' lang='lat' dir='ltr'>quaerendum</span> <span class='ocrx_word' id='word_1_407' title='bbox 3371 1849 3606 1903; x_wconf 87' lang='lat' dir='ltr'>arbitra-</span> 
     </span>
    </p>
   </div>
   <div class='ocr_carea' id='block_1_45' title="bbox 1999 1934 3600 2009">
    <p class='ocr_par' dir='ltr' id='par_1_45' title="bbox 1999 1934 3600 2009">
     <span class='ocr_line' id='line_1_45' title="bbox 1999 1934 3600 2009; baseline 0.003 -22"><span class='ocrx_word' id='word_1_408' title='bbox 1999 1952 2145 1996; x_wconf 88' lang='lat' dir='ltr'>mur,</span> <span class='ocrx_word' id='word_1_409' title='bbox 2172 1934 2470 2004; x_wconf 88' lang='lat' dir='ltr'>justiﬁcari</span> <span class='ocrx_word' id='word_1_410' title='bbox 2500 1934 2787 1989; x_wconf 89' lang='lat' dir='ltr'>hominem</span> <span class='ocrx_word' id='word_1_411' title='bbox 2831 1936 2952 1989; x_wconf 89' lang='lat' dir='ltr'>sine</span> <span class='ocrx_word' id='word_1_412' title='bbox 2983 1936 3243 2006; x_wconf 81' lang='lat' dir='ltr'>operibus</span> <span class='ocrx_word' id='word_1_413' title='bbox 3268 1955 3368 2009; x_wconf 90' lang='lat' dir='ltr'>per</span> <span class='ocrx_word' id='word_1_414' title='bbox 3392 1939 3560 1992; x_wconf 87' lang='lat' dir='ltr'>ﬁdem</span> <span class='ocrx_word' id='word_1_415' title='bbox 3586 1956 3600 2006; x_wconf 87' lang='lat'><strong>;</strong></span> 
     </span>
    </p>
   </div>
   <div class='ocr_carea' id='block_1_46' title="bbox 2001 2022 3607 2095">
    <p class='ocr_par' dir='ltr' id='par_1_46' title="bbox 2001 2022 3607 2095">
     <span class='ocr_line' id='line_1_46' title="bbox 2001 2022 3607 2095; baseline 0.002 -20"><span class='ocrx_word' id='word_1_416' title='bbox 2001 2023 2135 2093; x_wconf 89' lang='lat' dir='ltr'>quid</span> <span class='ocrx_word' id='word_1_417' title='bbox 2154 2023 2227 2076; x_wconf 90' lang='lat' dir='ltr'>sit</span> <span class='ocrx_word' id='word_1_418' title='bbox 2250 2024 2397 2093; x_wconf 91' lang='lat' dir='ltr'>quod</span> <span class='ocrx_word' id='word_1_419' title='bbox 2427 2022 2667 2077; x_wconf 87' lang='lat' dir='ltr'>Jacobus</span> <span class='ocrx_word' id='word_1_420' title='bbox 2695 2025 2776 2078; x_wconf 88' lang='lat' dir='ltr'>ait</span> <span class='ocrx_word' id='word_1_421' title='bbox 2804 2042 2814 2075; x_wconf 91' lang='lat'>:</span> <span class='ocrx_word' id='word_1_422' title='bbox 2846 2025 2997 2077; x_wconf 84' lang='lat' dir='ltr'>Fides</span> <span class='ocrx_word' id='word_1_423' title='bbox 3025 2028 3143 2079; x_wconf 86' lang='lat' dir='ltr'>sine</span> <span class='ocrx_word' id='word_1_424' title='bbox 3173 2028 3424 2095; x_wconf 84' lang='lat' dir='ltr'>operibus</span> <span class='ocrx_word' id='word_1_425' title='bbox 3453 2043 3607 2079; x_wconf 83' lang='lat' dir='ltr'>mor-</span> 
     </span>
    </p>
   </div>
   <div class='ocr_carea' id='block_1_47' title="bbox 2000 2110 3606 2186">
    <p class='ocr_par' dir='ltr' id='par_1_47' title="bbox 2000 2110 3606 2186">
     <span class='ocr_line' id='line_1_47' title="bbox 2000 2110 3606 2186; baseline 0.002 -21"><span class='ocrx_word' id='word_1_426' title='bbox 2000 2118 2096 2165; x_wconf 85' lang='lat' dir='ltr'>tua</span> <span class='ocrx_word' id='word_1_427' title='bbox 2126 2117 2201 2165; x_wconf 86' lang='lat' dir='ltr'>est</span> <span class='ocrx_word' id='word_1_428' title='bbox 2232 2116 2361 2180; x_wconf 78' lang='lat' dir='ltr'>(Jac.</span> <span class='ocrx_word' id='word_1_429' title='bbox 2389 2127 2451 2176; x_wconf 86' lang='lat' dir='ltr'>II,</span> <span class='ocrx_word' id='word_1_430' title='bbox 2483 2110 2594 2181; x_wconf 77' lang='lat'>‘26).</span> <span class='ocrx_word' id='word_1_431' title='bbox 2628 2113 2918 2176; x_wconf 88' lang='lat' dir='ltr'>Quomodo</span> <span class='ocrx_word' id='word_1_432' title='bbox 2948 2113 3099 2166; x_wconf 89' lang='lat' dir='ltr'>enim</span> <span class='ocrx_word' id='word_1_433' title='bbox 3121 2114 3386 2168; x_wconf 87' lang='lat' dir='ltr'>viviﬁcari</span> <span class='ocrx_word' id='word_1_434' title='bbox 3401 2121 3606 2186; x_wconf 87' lang='lat' dir='ltr'>potest.</span> 
     </span>
    </p>
   </div>
   <div class='ocr_carea' id='block_1_48' title="bbox 2004 2201 3606 2275">
    <p class='ocr_par' dir='ltr' id='par_1_48' title="bbox 2004 2201 3606 2275">
     <span class='ocr_line' id='line_1_48' title="bbox 2004 2201 3606 2275; baseline 0.004 -22"><span class='ocrx_word' id='word_1_435' title='bbox 2004 2206 2068 2254; x_wconf 90' lang='lat' dir='ltr'>ut</span> <span class='ocrx_word' id='word_1_436' title='bbox 2090 2202 2277 2271; x_wconf 81' lang='lat' dir='ltr'>justus</span> <span class='ocrx_word' id='word_1_437' title='bbox 2307 2218 2372 2254; x_wconf 89' lang='lat' dir='ltr'>ex</span> <span class='ocrx_word' id='word_1_438' title='bbox 2403 2201 2512 2255; x_wconf 88' lang='lat' dir='ltr'>ﬁde</span> <span class='ocrx_word' id='word_1_439' title='bbox 2539 2201 2703 2268; x_wconf 87' lang='lat' dir='ltr'>vivat,</span> <span class='ocrx_word' id='word_1_440' title='bbox 2744 2202 2791 2256; x_wconf 91' lang='lat' dir='ltr'>si</span> <span class='ocrx_word' id='word_1_441' title='bbox 2834 2203 2892 2256; x_wconf 92' lang='lat' dir='ltr'>in</span> <span class='ocrx_word' id='word_1_442' title='bbox 2945 2204 3240 2275; x_wconf 87' lang='lat' dir='ltr'>semetipsa</span> <span class='ocrx_word' id='word_1_443' title='bbox 3272 2205 3429 2275; x_wconf 91' lang='lat' dir='ltr'>prius</span> <span class='ocrx_word' id='word_1_444' title='bbox 3459 2221 3606 2259; x_wconf 89' lang='lat' dir='ltr'>mor-</span> 
     </span>
    </p>
   </div>
   <div class='ocr_carea' id='block_1_49' title="bbox 2004 2289 3610 2363">
    <p class='ocr_par' dir='ltr' id='par_1_49' title="bbox 2004 2289 3610 2363">
     <span class='ocr_line' id='line_1_49' title="bbox 2004 2289 3610 2363; baseline 0.004 -22"><span class='ocrx_word' id='word_1_445' title='bbox 2004 2294 2105 2342; x_wconf 90' lang='lat' dir='ltr'>tua</span> <span class='ocrx_word' id='word_1_446' title='bbox 2128 2294 2335 2344; x_wconf 89' lang='lat' dir='ltr'>manet.</span> <span class='ocrx_word' id='word_1_447' title='bbox 2357 2289 2502 2360; x_wconf 86' lang='lat' dir='ltr'>Ergo</span> <span class='ocrx_word' id='word_1_448' title='bbox 2532 2290 2910 2359; x_wconf 87' lang='lat' dir='ltr'>justiﬁcamur</span> <span class='ocrx_word' id='word_1_449' title='bbox 2936 2291 3115 2361; x_wconf 85' lang='lat' dir='ltr'>gratis</span> <span class='ocrx_word' id='word_1_450' title='bbox 3143 2309 3244 2363; x_wconf 90' lang='lat' dir='ltr'>per</span> <span class='ocrx_word' id='word_1_451' title='bbox 3273 2293 3442 2346; x_wconf 89' lang='lat' dir='ltr'>ﬁdem</span> <span class='ocrx_word' id='word_1_452' title='bbox 3467 2312 3479 2360; x_wconf 86' lang='lat'><strong>;</strong></span> <span class='ocrx_word' id='word_1_453' title='bbox 3510 2294 3610 2347; x_wconf 88' lang='lat' dir='ltr'>sed</span> 
     </span>
    </p>
   </div>
   <div class='ocr_carea' id='block_1_50' title="bbox 2005 2378 3607 2452">
    <p class='ocr_par' dir='ltr' id='par_1_50' title="bbox 2005 2378 3607 2452">
     <span class='ocr_line' id='line_1_50' title="bbox 2005 2378 3607 2452; baseline 0.004 -22"><span class='ocrx_word' id='word_1_454' title='bbox 2005 2393 2117 2430; x_wconf 89' lang='lat' dir='ltr'>non</span> <span class='ocrx_word' id='word_1_455' title='bbox 2147 2395 2214 2431; x_wconf 84' lang='lat' dir='ltr'>ex</span> <span class='ocrx_word' id='word_1_456' title='bbox 2258 2378 2389 2444; x_wconf 88' lang='lat' dir='ltr'>alia,</span> <span class='ocrx_word' id='word_1_457' title='bbox 2453 2395 2622 2448; x_wconf 90' lang='lat' dir='ltr'>quam</span> <span class='ocrx_word' id='word_1_458' title='bbox 2656 2395 2777 2450; x_wconf 75' lang='lat' dir='ltr'>qua:</span> <span class='ocrx_word' id='word_1_459' title='bbox 2807 2396 2909 2450; x_wconf 90' lang='lat' dir='ltr'>per</span> <span class='ocrx_word' id='word_1_460' title='bbox 2940 2380 3296 2435; x_wconf 89' lang='lat' dir='ltr'>dilectionem</span> <span class='ocrx_word' id='word_1_461' title='bbox 3321 2386 3607 2452; x_wconf 90' lang='lat' dir='ltr'>operatur.</span> 
     </span>
    </p>
   </div>
   <div class='ocr_carea' id='block_1_51' title="bbox 2006 2467 3612 2539">
    <p class='ocr_par' dir='ltr' id='par_1_51' title="bbox 2006 2467 3612 2539">
     <span class='ocr_line' id='line_1_51' title="bbox 2006 2467 3612 2539; baseline 0.002 -18"><span class='ocrx_word' id='word_1_462' title='bbox 2006 2467 2148 2530; x_wconf 84' lang='lat' dir='ltr'>Quia</span> <span class='ocrx_word' id='word_1_463' title='bbox 2166 2468 2340 2538; x_wconf 88' lang='lat' dir='ltr'>igitur</span> <span class='ocrx_word' id='word_1_464' title='bbox 2364 2469 2542 2538; x_wconf 82' lang='lat' dir='ltr'>gratis</span> <span class='ocrx_word' id='word_1_465' title='bbox 2569 2474 2869 2539; x_wconf 80' lang='lat' dir='ltr'>propterea</span> <span class='ocrx_word' id='word_1_466' title='bbox 2909 2468 3304 2538; x_wconf 84' lang='lat' dir='ltr'>justiﬁcamur,</span> <span class='ocrx_word' id='word_1_467' title='bbox 3337 2486 3450 2524; x_wconf 89' lang='lat' dir='ltr'>non</span> <span class='ocrx_word' id='word_1_468' title='bbox 3487 2470 3612 2525; x_wconf 92' lang='lat' dir='ltr'>dico</span> 
     </span>
    </p>
   </div>
   <div class='ocr_carea' id='block_1_52' title="bbox 2006 2556 3614 2628">
    <p class='ocr_par' dir='ltr' id='par_1_52' title="bbox 2006 2556 3614 2628">
     <span class='ocr_line' id='line_1_52' title="bbox 2006 2556 3614 2628; baseline 0.003 -20"><span class='ocrx_word' id='word_1_469' title='bbox 2006 2556 2138 2627; x_wconf 91' lang='lat' dir='ltr'>quia</span> <span class='ocrx_word' id='word_1_470' title='bbox 2187 2557 2343 2610; x_wconf 91' lang='lat' dir='ltr'>nulla</span> <span class='ocrx_word' id='word_1_471' title='bbox 2391 2557 2520 2610; x_wconf 88' lang='lat' dir='ltr'>ﬁdei</span> <span class='ocrx_word' id='word_1_472' title='bbox 2572 2557 2775 2611; x_wconf 87' lang='lat' dir='ltr'>merita</span> <span class='ocrx_word' id='word_1_473' title='bbox 2825 2563 3253 2628; x_wconf 63' lang='lat' dir='ltr'>praecesserant;</span> <span class='ocrx_word' id='word_1_474' title='bbox 3288 2575 3482 2613; x_wconf 87' lang='lat' dir='ltr'>verum</span> <span class='ocrx_word' id='word_1_475' title='bbox 3509 2575 3614 2613; x_wconf 89' lang='lat' dir='ltr'>nec</span> 
     </span>
    </p>
   </div>
   <div class='ocr_carea' id='block_1_53' title="bbox 2004 2644 3609 2716">
    <p class='ocr_par' dir='ltr' id='par_1_53' title="bbox 2004 2644 3609 2716">
     <span class='ocr_line' id='line_1_53' title="bbox 2004 2644 3609 2716; baseline 0.004 -19"><span class='ocrx_word' id='word_1_476' title='bbox 2004 2644 2128 2714; x_wconf 90' lang='lat' dir='ltr'>ipsa</span> <span class='ocrx_word' id='word_1_477' title='bbox 2152 2644 2308 2711; x_wconf 89' lang='lat' dir='ltr'>ﬁdes,</span> <span class='ocrx_word' id='word_1_478' title='bbox 2333 2662 2445 2716; x_wconf 87' lang='lat' dir='ltr'>qua</span> <span class='ocrx_word' id='word_1_479' title='bbox 2465 2644 2593 2699; x_wconf 92' lang='lat' dir='ltr'>boni</span> <span class='ocrx_word' id='word_1_480' title='bbox 2616 2646 2828 2716; x_wconf 88' lang='lat' dir='ltr'>aliquid</span> <span class='ocrx_word' id='word_1_481' title='bbox 2850 2662 3167 2716; x_wconf 84' lang='lat' dir='ltr'>ageremus,</span> <span class='ocrx_word' id='word_1_482' title='bbox 3200 2646 3257 2700; x_wconf 91' lang='lat' dir='ltr'>in</span> <span class='ocrx_word' id='word_1_483' title='bbox 3283 2646 3443 2701; x_wconf 89' lang='lat' dir='ltr'>nobis</span> <span class='ocrx_word' id='word_1_484' title='bbox 3467 2654 3609 2705; x_wconf 88' lang='lat' dir='ltr'>erat.</span> 
     </span>
    </p>
   </div>
   <div class='ocr_carea' id='block_1_54' title="bbox 2011 2733 3615 2800">
    <p class='ocr_par' dir='ltr' id='par_1_54' title="bbox 2011 2733 3615 2800">
     <span class='ocr_line' id='line_1_54' title="bbox 2011 2733 3615 2800; baseline 0.002 -14"><span class='ocrx_word' id='word_1_485' title='bbox 2011 2734 2081 2787; x_wconf 90' lang='lat' dir='ltr'>Et</span> <span class='ocrx_word' id='word_1_486' title='bbox 2112 2733 2257 2800; x_wconf 91' lang='lat' dir='ltr'>ideo,</span> <span class='ocrx_word' id='word_1_487' title='bbox 2287 2734 2422 2788; x_wconf 91' lang='lat' dir='ltr'>dum</span> <span class='ocrx_word' id='word_1_488' title='bbox 2445 2734 2582 2787; x_wconf 92' lang='lat' dir='ltr'>ﬁdes</span> <span class='ocrx_word' id='word_1_489' title='bbox 2612 2735 2670 2788; x_wconf 93' lang='lat' dir='ltr'>in</span> <span class='ocrx_word' id='word_1_490' title='bbox 2695 2734 2874 2800; x_wconf 89' lang='lat' dir='ltr'>nobis,</span> <span class='ocrx_word' id='word_1_491' title='bbox 2905 2735 3025 2788; x_wconf 89' lang='lat' dir='ltr'>sine</span> <span class='ocrx_word' id='word_1_492' title='bbox 3056 2735 3264 2789; x_wconf 90' lang='lat' dir='ltr'>nostris</span> <span class='ocrx_word' id='word_1_493' title='bbox 3294 2735 3510 2789; x_wconf 89' lang='lat' dir='ltr'>meritis</span> <span class='ocrx_word' id='word_1_494' title='bbox 3528 2752 3615 2790; x_wconf 85' lang='lat' dir='ltr'>re-</span> 
     </span>
    </p>
   </div>
   <div class='ocr_carea' id='block_1_55' title="bbox 2014 2822 3609 2895">
    <p class='ocr_par' dir='ltr' id='par_1_55' title="bbox 2014 2822 3609 2895">
     <span class='ocr_line' id='line_1_55' title="bbox 2014 2822 3609 2895; baseline 0.003 -21"><span class='ocrx_word' id='word_1_495' title='bbox 2014 2822 2285 2888; x_wconf 83' lang='lat' dir='ltr'>funditur,</span> <span class='ocrx_word' id='word_1_496' title='bbox 2341 2823 2518 2892; x_wconf 83' lang='lat' dir='ltr'>gratis</span> <span class='ocrx_word' id='word_1_497' title='bbox 2574 2823 2684 2877; x_wconf 90' lang='lat' dir='ltr'>ﬁde</span> <span class='ocrx_word' id='word_1_498' title='bbox 2747 2824 2867 2877; x_wconf 89' lang='lat' dir='ltr'>sine</span> <span class='ocrx_word' id='word_1_499' title='bbox 2911 2823 3175 2894; x_wconf 88' lang='lat' dir='ltr'>operibus</span> <span class='ocrx_word' id='word_1_500' title='bbox 3211 2825 3609 2895; x_wconf 87' lang='lat' dir='ltr'>justiﬁcamur.</span> 
     </span>
    </p>
   </div>
   <div class='ocr_carea' id='block_1_56' title="bbox 316 2909 3614 2991">
    <p class='ocr_par' dir='ltr' id='par_1_56' title="bbox 316 2909 3614 2991">
     <span class='ocr_line' id='line_1_56' title="bbox 316 2909 3614 2991; baseline 0.004 -27"><span class='ocrx_word' id='word_1_501' title='bbox 316 2909 438 2964; x_wconf 89' lang='lat' dir='ltr'>illis</span> <span class='ocrx_word' id='word_1_502' title='bbox 466 2910 762 2978; x_wconf 79' lang='lat' dir='ltr'>defunctis,</span> <span class='ocrx_word' id='word_1_503' title='bbox 812 2913 908 2982; x_wconf 90' lang='lat' dir='ltr'>qui</span> <span class='ocrx_word' id='word_1_504' title='bbox 935 2929 1035 2984; x_wconf 91' lang='lat' dir='ltr'>per</span> <span class='ocrx_word' id='word_1_505' title='bbox 1059 2919 1116 2967; x_wconf 92' lang='lat' dir='ltr'>te</span> <span class='ocrx_word' id='word_1_506' title='bbox 1136 2914 1516 2982; x_wconf 89' lang='lat' dir='ltr'>crediderunt,</span> <span class='ocrx_word' id='word_1_507' title='bbox 1542 2923 1736 2974; x_wconf 84' lang='lat' dir='ltr'>tamen</span> <span class='ocrx_word' id='word_1_508' title='bbox 1762 2920 1931 2991; x_wconf 87' lang='lat' dir='ltr'>plena</span> <span class='ocrx_word' id='word_1_509' title='bbox 1952 2970 1992 2991; x_wconf 64' lang='grc' dir='ltr'>η</span> <span class='ocrx_word' id='word_1_510' title='bbox 2013 2911 2122 2964; x_wconf 69' lang='lat' dir='ltr'>83d</span> <span class='ocrx_word' id='word_1_511' title='bbox 2153 2911 2415 2981; x_wconf 72' lang='lat' dir='ltr'>deinceps</span> <span class='ocrx_word' id='word_1_512' title='bbox 2464 2916 2657 2975; x_wconf 64' lang='lat' dir='ltr'>restat.</span> <span class='ocrx_word' id='word_1_513' title='bbox 2714 2911 2770 2965; x_wconf 76' lang='lat' dir='ltr'>in</span> <span class='ocrx_word' id='word_1_514' title='bbox 2802 2912 2960 2966; x_wconf 68' lang='lat' dir='ltr'>“Obis</span> <span class='ocrx_word' id='word_1_515' title='bbox 2990 2913 3111 2984; x_wconf 72' lang='lat' dir='ltr'>ipsa</span> <span class='ocrx_word' id='word_1_516' title='bbox 3136 2913 3443 2984; x_wconf 80' lang='lat' dir='ltr'>eademque</span> <span class='ocrx_word' id='word_1_517' title='bbox 3474 2914 3614 2968; x_wconf 74' lang='lat' dir='ltr'>ﬁdes</span> 
     </span>
    </p>
   </div>
   <div class='ocr_carea' id='block_1_57' title="bbox 319 2970 1920 3075">
    <p class='ocr_par' dir='ltr' id='par_1_57' title="bbox 319 2970 1920 3075">
     <span class='ocr_line' id='line_1_57' title="bbox 750 2970 1920 2991; baseline -0.003 -13"><span class='ocrx_word' id='word_1_518' title='bbox 750 2970 760 2978; x_wconf 91' lang='lat'>.</span> <span class='ocrx_word' id='word_1_519' title='bbox 827 2970 847 2982; x_wconf 77' lang='lat'>.</span> <span class='ocrx_word' id='word_1_520' title='bbox 936 2970 948 2984; x_wconf 89' lang='lat'>.</span> <span class='ocrx_word' id='word_1_521' title='bbox 1506 2970 1516 2982; x_wconf 91' lang='lat'>,</span> <span class='ocrx_word' id='word_1_522' title='bbox 1762 2970 1920 2991; x_wconf 63' lang='lat'>,_____</span> 
     </span>
     <span class='ocr_line' id='line_1_58' title="bbox 319 2998 1920 3075; baseline 0.007 -24"><span class='ocrx_word' id='word_1_523' title='bbox 319 2998 734 3070; x_wconf 90' lang='lat' dir='ltr'>omnipotentia</span> <span class='ocrx_word' id='word_1_524' title='bbox 765 3000 971 3071; x_wconf 87' lang='lat' dir='ltr'>vigeas,</span> <span class='ocrx_word' id='word_1_525' title='bbox 1008 3007 1066 3055; x_wconf 88' lang='lat' dir='ltr'>et</span> <span class='ocrx_word' id='word_1_526' title='bbox 1096 3004 1344 3073; x_wconf 89' lang='lat' dir='ltr'>opereris</span> <span class='ocrx_word' id='word_1_527' title='bbox 1367 3022 1476 3075; x_wconf 92' lang='lat' dir='ltr'>quo</span> <span class='ocrx_word' id='word_1_528' title='bbox 1501 3007 1741 3062; x_wconf 89' lang='lat' dir='ltr'>certiusa</span> <span class='ocrx_word' id='word_1_529' title='bbox 1781 3008 1920 3063; x_wconf 89' lang='lat' dir='ltr'>timi-</span> 
     </span>
    </p>
   </div>
   <div class='ocr_carea' id='block_1_58' title="bbox 2005 2970 3614 3075">
    <p class='ocr_par' dir='ltr' id='par_1_58' title="bbox 2010 2970 3614 3068">
     <span class='ocr_line' id='line_1_59' title="bbox 2010 2970 3614 3068; baseline 0.002 -20"><span class='ocrx_word' id='word_1_530' title='bbox 2010 2995 2172 3049; x_wconf 89' lang='lat' dir='ltr'>bonis</span> <span class='ocrx_word' id='word_1_531' title='bbox 2198 2970 2477 3066; x_wconf 77' lang='lat' dir='ltr'>justisque</span> <span class='ocrx_word' id='word_1_532' title='bbox 2506 2970 2767 3067; x_wconf 86' lang='lat' dir='ltr'>operibus</span> <span class='ocrx_word' id='word_1_533' title='bbox 2816 2970 3079 3050; x_wconf 70' lang='lat' dir='ltr'>insistat:</span> <span class='ocrx_word' id='word_1_534' title='bbox 3145 3003 3209 3051; x_wconf 92' lang='lat' dir='ltr'>ut</span> <span class='ocrx_word' id='word_1_535' title='bbox 3237 2998 3309 3051; x_wconf 92' lang='lat' dir='ltr'>sit</span> <span class='ocrx_word' id='word_1_536' title='bbox 3335 2970 3450 3063; x_wconf 76' lang='lat' dir='ltr'>illa,</span> <span class='ocrx_word' id='word_1_537' title='bbox 3490 3015 3614 3068; x_wconf 76' lang='lat' dir='ltr'>qua:</span> 
     </span>
    </p>
   </div>
   <div class='ocr_carea' id='block_1_59' title="bbox 318 3086 1928 3152">
    <p class='ocr_par' dir='ltr' id='par_1_59' title="bbox 318 3086 1928 3152">
     <span class='ocr_line' id='line_1_60' title="bbox 318 3086 1928 3152; baseline 0.007 -12"><span class='ocrx_word' id='word_1_538' title='bbox 318 3086 430 3152; x_wconf 89' lang='lat' dir='ltr'>dis,</span> <span class='ocrx_word' id='word_1_539' title='bbox 463 3093 521 3141; x_wconf 90' lang='lat' dir='ltr'>et</span> <span class='ocrx_word' id='word_1_540' title='bbox 547 3087 848 3142; x_wconf 88' lang='lat' dir='ltr'>incredulis</span> <span class='ocrx_word' id='word_1_541' title='bbox 877 3089 954 3143; x_wconf 91' lang='lat' dir='ltr'>sis</span> <span class='ocrx_word' id='word_1_542' title='bbox 980 3091 1293 3145; x_wconf 84' lang='lat' dir='ltr'>credenda:</span> <span class='ocrx_word' id='word_1_543' title='bbox 1318 3092 1396 3147; x_wconf 83' lang='lat' dir='ltr'>ita</span> <span class='ocrx_word' id='word_1_544' title='bbox 1418 3095 1630 3148; x_wconf 88' lang='lat' dir='ltr'>utnihil</span> <span class='ocrx_word' id='word_1_545' title='bbox 1649 3096 1724 3150; x_wconf 88' lang='lat' dir='ltr'>sit</span> <span class='ocrx_word' id='word_1_546' title='bbox 1743 3098 1928 3152; x_wconf 83' lang='lat' dir='ltr'>verius</span> 
     </span>
    </p>
   </div>
   <div class='ocr_carea' id='block_1_60' title="bbox 319 3178 1926 3256">
    <p class='ocr_par' dir='ltr' id='par_1_60' title="bbox 319 3178 1926 3256">
     <span class='ocr_line' id='line_1_61' title="bbox 319 3178 1926 3256; baseline 0.007 -27"><span class='ocrx_word' id='word_1_547' title='bbox 319 3192 493 3246; x_wconf 91' lang='lat' dir='ltr'>quam</span> <span class='ocrx_word' id='word_1_548' title='bbox 522 3194 644 3247; x_wconf 70' lang='lat' dir='ltr'>quae</span> <span class='ocrx_word' id='word_1_549' title='bbox 673 3178 976 3248; x_wconf 88' lang='lat' dir='ltr'>promittis,</span> <span class='ocrx_word' id='word_1_550' title='bbox 1005 3179 1143 3232; x_wconf 89' lang='lat' dir='ltr'>nihil</span> <span class='ocrx_word' id='word_1_551' title='bbox 1164 3182 1449 3251; x_wconf 85' lang='lat' dir='ltr'>potentius</span> <span class='ocrx_word' id='word_1_552' title='bbox 1482 3200 1567 3245; x_wconf 85' lang='lat' dir='ltr'>eo,</span> <span class='ocrx_word' id='word_1_553' title='bbox 1601 3201 1667 3238; x_wconf 87' lang='lat' dir='ltr'>ex</span> <span class='ocrx_word' id='word_1_554' title='bbox 1699 3202 1808 3256; x_wconf 91' lang='lat' dir='ltr'>quo</span> <span class='ocrx_word' id='word_1_555' title='bbox 1839 3192 1926 3240; x_wconf 88' lang='lat' dir='ltr'>ta-</span> 
     </span>
    </p>
   </div>
   <div class='ocr_carea' id='block_1_61' title="bbox 317 3264 1925 3343">
    <p class='ocr_par' dir='ltr' id='par_1_61' title="bbox 317 3264 1925 3343">
     <span class='ocr_line' id='line_1_62' title="bbox 317 3264 1925 3343; baseline 0.006 -25"><span class='ocrx_word' id='word_1_556' title='bbox 317 3264 399 3318; x_wconf 87' lang='lat' dir='ltr'>lia</span> <span class='ocrx_word' id='word_1_557' title='bbox 427 3270 698 3336; x_wconf 87' lang='lat' dir='ltr'>tantaque</span> <span class='ocrx_word' id='word_1_558' title='bbox 730 3267 926 3337; x_wconf 87' lang='lat' dir='ltr'>possis,</span> <span class='ocrx_word' id='word_1_559' title='bbox 960 3268 1213 3339; x_wconf 89' lang='lat' dir='ltr'>nihilque</span> <span class='ocrx_word' id='word_1_560' title='bbox 1243 3269 1479 3337; x_wconf 85' lang='lat' dir='ltr'>beatius,</span> <span class='ocrx_word' id='word_1_561' title='bbox 1506 3277 1677 3343; x_wconf 89' lang='lat' dir='ltr'>atque</span> <span class='ocrx_word' id='word_1_562' title='bbox 1702 3274 1759 3327; x_wconf 91' lang='lat' dir='ltr'>in</span> <span class='ocrx_word' id='word_1_563' title='bbox 1786 3275 1925 3329; x_wconf 88' lang='lat' dir='ltr'>votis</span> 
     </span>
    </p>
   </div>
   <div class='ocr_carea' id='block_1_62' title="bbox 316 3353 1926 3433">
    <p class='ocr_par' dir='ltr' id='par_1_62' title="bbox 316 3353 1926 3433">
     <span class='ocr_line' id='line_1_63' title="bbox 316 3353 1926 3433; baseline 0.006 -26"><span class='ocrx_word' id='word_1_564' title='bbox 316 3353 617 3409; x_wconf 86' lang='lat' dir='ltr'>indefessis</span> <span class='ocrx_word' id='word_1_565' title='bbox 640 3355 836 3409; x_wconf 83' lang='lat' dir='ltr'>victrix</span> <span class='ocrx_word' id='word_1_566' title='bbox 863 3370 988 3411; x_wconf 89' lang='lat' dir='ltr'>cum</span> <span class='ocrx_word' id='word_1_567' title='bbox 1015 3358 1301 3429; x_wconf 91' lang='lat' dir='ltr'>triumpho</span> <span class='ocrx_word' id='word_1_568' title='bbox 1321 3364 1467 3425; x_wconf 90' lang='lat' dir='ltr'>tuos,</span> <span class='ocrx_word' id='word_1_569' title='bbox 1493 3366 1659 3432; x_wconf 90' lang='lat' dir='ltr'>teque</span> <span class='ocrx_word' id='word_1_570' title='bbox 1685 3379 1926 3433; x_wconf 86' lang='lat' dir='ltr'>sequen-</span> 
     </span>
    </p>
   </div>
   <div class='ocr_carea' id='block_1_63' title="bbox 319 3442 1929 3515">
    <p class='ocr_par' dir='ltr' id='par_1_63' title="bbox 319 3442 1929 3515">
     <span class='ocr_line' id='line_1_64' title="bbox 319 3442 1929 3515; baseline 0.005 -19"><span class='ocrx_word' id='word_1_571' title='bbox 319 3449 408 3497; x_wconf 91' lang='lat' dir='ltr'>tes</span> <span class='ocrx_word' id='word_1_572' title='bbox 429 3442 681 3514; x_wconf 87' lang='lat' dir='ltr'>quotidie</span> <span class='ocrx_word' id='word_1_573' title='bbox 709 3446 987 3515; x_wconf 89' lang='lat' dir='ltr'>perducis.</span> <span class='ocrx_word' id='word_1_574' title='bbox 1040 3446 1173 3510; x_wconf 65' lang='lat' dir='ltr'>Quae</span> <span class='ocrx_word' id='word_1_575' title='bbox 1210 3465 1321 3501; x_wconf 89' lang='lat' dir='ltr'>non</span> <span class='ocrx_word' id='word_1_576' title='bbox 1350 3448 1531 3502; x_wconf 90' lang='lat' dir='ltr'>solum</span> <span class='ocrx_word' id='word_1_577' title='bbox 1564 3449 1618 3503; x_wconf 91' lang='lat' dir='ltr'>in</span> <span class='ocrx_word' id='word_1_578' title='bbox 1649 3450 1815 3504; x_wconf 86' lang='lat' dir='ltr'>terris</span> <span class='ocrx_word' id='word_1_579' title='bbox 1839 3456 1929 3504; x_wconf 89' lang='lat' dir='ltr'>ta-</span> 
     </span>
    </p>
   </div>
   <div class='ocr_carea' id='block_1_64' title="bbox 320 3531 1931 3610">
    <p class='ocr_par' dir='ltr' id='par_1_64' title="bbox 320 3531 1931 3610">
     <span class='ocr_line' id='line_1_65' title="bbox 320 3531 1931 3610; baseline 0.006 -26"><span class='ocrx_word' id='word_1_580' title='bbox 320 3531 401 3585; x_wconf 88' lang='lat' dir='ltr'>lia</span> <span class='ocrx_word' id='word_1_581' title='bbox 428 3533 597 3602; x_wconf 85' lang='lat' dir='ltr'>geris,</span> <span class='ocrx_word' id='word_1_582' title='bbox 650 3550 845 3588; x_wconf 90' lang='lat' dir='ltr'>verum</span> <span class='ocrx_word' id='word_1_583' title='bbox 888 3535 1095 3590; x_wconf 90' lang='lat' dir='ltr'>invicta</span> <span class='ocrx_word' id='word_1_584' title='bbox 1145 3537 1300 3607; x_wconf 89' lang='lat' dir='ltr'>virgo</span> <span class='ocrx_word' id='word_1_585' title='bbox 1345 3539 1469 3591; x_wconf 65' lang='lat' dir='ltr'>caeli</span> <span class='ocrx_word' id='word_1_586' title='bbox 1511 3539 1721 3609; x_wconf 83' lang='lat' dir='ltr'>templa</span> <span class='ocrx_word' id='word_1_587' title='bbox 1767 3557 1931 3610; x_wconf 81' lang='lat' dir='ltr'>pene-</span> 
     </span>
    </p>
   </div>
   <div class='ocr_carea' id='block_1_65' title="bbox 318 3622 1931 3694">
    <p class='ocr_par' dir='ltr' id='par_1_65' title="bbox 318 3622 1931 3694">
     <span class='ocr_line' id='line_1_66' title="bbox 318 3622 1931 3694; baseline 0.005 -23"><span class='ocrx_word' id='word_1_588' title='bbox 318 3624 504 3684; x_wconf 87' lang='lat' dir='ltr'>trans,</span> <span class='ocrx_word' id='word_1_589' title='bbox 539 3636 772 3689; x_wconf 87' lang='lat' dir='ltr'>regnum</span> <span class='ocrx_word' id='word_1_590' title='bbox 804 3622 1058 3692; x_wconf 91' lang='lat' dir='ltr'>polorum</span> <span class='ocrx_word' id='word_1_591' title='bbox 1078 3624 1191 3677; x_wconf 90' lang='lat' dir='ltr'>tuis</span> <span class='ocrx_word' id='word_1_592' title='bbox 1221 3640 1520 3694; x_wconf 86' lang='lat' dir='ltr'>congressa</span> <span class='ocrx_word' id='word_1_593' title='bbox 1547 3625 1814 3679; x_wconf 86' lang='lat' dir='ltr'>virtutum</span> <span class='ocrx_word' id='word_1_594' title='bbox 1844 3644 1931 3680; x_wconf 90' lang='lat' dir='ltr'>ar-</span> 
     </span>
    </p>
   </div>
   <div class='ocr_carea' id='block_1_66' title="bbox 319 3706 1928 3782">
    <p class='ocr_par' dir='ltr' id='par_1_66' title="bbox 319 3706 1928 3782">
     <span class='ocr_line' id='line_1_67' title="bbox 319 3706 1928 3782; baseline 0.007 -23"><span class='ocrx_word' id='word_1_595' title='bbox 319 3706 434 3760; x_wconf 87' lang='lat' dir='ltr'>mis</span> <span class='ocrx_word' id='word_1_596' title='bbox 465 3715 727 3777; x_wconf 84' lang='lat' dir='ltr'>potenter</span> <span class='ocrx_word' id='word_1_597' title='bbox 754 3710 970 3781; x_wconf 88' lang='lat' dir='ltr'>diripis,</span> <span class='ocrx_word' id='word_1_598' title='bbox 1003 3716 1059 3765; x_wconf 86' lang='lat' dir='ltr'>et</span> <span class='ocrx_word' id='word_1_599' title='bbox 1089 3711 1184 3782; x_wconf 91' lang='lat' dir='ltr'>qui</span> <span class='ocrx_word' id='word_1_600' title='bbox 1211 3712 1558 3767; x_wconf 81' lang='lat' dir='ltr'>fornicamur</span> <span class='ocrx_word' id='word_1_601' title='bbox 1596 3714 1695 3768; x_wconf 88' lang='lat' dir='ltr'>abs</span> <span class='ocrx_word' id='word_1_602' title='bbox 1715 3720 1789 3781; x_wconf 91' lang='lat' dir='ltr'>te,</span> <span class='ocrx_word' id='word_1_603' title='bbox 1811 3715 1928 3770; x_wconf 88' lang='lat' dir='ltr'>ina-</span> 
     </span>
    </p>
   </div>
   <div class='ocr_carea' id='block_1_67' title="bbox 321 3796 1924 3874">
    <p class='ocr_par' dir='ltr' id='par_1_67' title="bbox 321 3796 1924 3874">
     <span class='ocr_line' id='line_1_68' title="bbox 321 3796 1924 3874; baseline 0.005 -24"><span class='ocrx_word' id='word_1_604' title='bbox 321 3812 427 3849; x_wconf 88' lang='lat' dir='ltr'>nes</span> <span class='ocrx_word' id='word_1_605' title='bbox 457 3796 688 3864; x_wconf 88' lang='lat' dir='ltr'>deseris,</span> <span class='ocrx_word' id='word_1_606' title='bbox 723 3799 844 3853; x_wconf 90' lang='lat' dir='ltr'>sine</span> <span class='ocrx_word' id='word_1_607' title='bbox 864 3816 976 3870; x_wconf 92' lang='lat' dir='ltr'>qua</span> <span class='ocrx_word' id='word_1_608' title='bbox 994 3806 1247 3854; x_wconf 88' lang='lat' dir='ltr'>nostrum</span> <span class='ocrx_word' id='word_1_609' title='bbox 1262 3802 1403 3855; x_wconf 89' lang='lat' dir='ltr'>nihil</span> <span class='ocrx_word' id='word_1_610' title='bbox 1424 3820 1605 3873; x_wconf 90' lang='lat' dir='ltr'>posse,</span> <span class='ocrx_word' id='word_1_611' title='bbox 1638 3820 1738 3873; x_wconf 90' lang='lat' dir='ltr'>per</span> <span class='ocrx_word' id='word_1_612' title='bbox 1757 3821 1924 3874; x_wconf 88' lang='lat' dir='ltr'>quam</span> 
     </span>
    </p>
   </div>
   <div class='ocr_carea' id='block_1_68' title="bbox 321 3884 1923 3961">
    <p class='ocr_par' dir='ltr' id='par_1_68' title="bbox 321 3884 1923 3961">
     <span class='ocr_line' id='line_1_69' title="bbox 321 3884 1923 3961; baseline 0.006 -24"><span class='ocrx_word' id='word_1_613' title='bbox 321 3884 518 3938; x_wconf 88' lang='lat' dir='ltr'>omnia</span> <span class='ocrx_word' id='word_1_614' title='bbox 569 3886 797 3956; x_wconf 88' lang='lat' dir='ltr'>agmina</span> <span class='ocrx_word' id='word_1_615' title='bbox 832 3888 1291 3958; x_wconf 85' lang='lat' dir='ltr'>congrediuntur,</span> <span class='ocrx_word' id='word_1_616' title='bbox 1326 3896 1383 3944; x_wconf 91' lang='lat' dir='ltr'>et</span> <span class='ocrx_word' id='word_1_617' title='bbox 1433 3891 1720 3944; x_wconf 87' lang='lat' dir='ltr'>calcantur</span> <span class='ocrx_word' id='word_1_618' title='bbox 1746 3891 1879 3946; x_wconf 89' lang='lat' dir='ltr'>vitia</span> <span class='ocrx_word' id='word_1_619' title='bbox 1909 3911 1923 3961; x_wconf 91' lang='lat'><strong>;</strong></span> 
     </span>
    </p>
   </div>
   <div class='ocr_carea' id='block_1_69' title="bbox 322 3972 1924 4050">
    <p class='ocr_par' dir='ltr' id='par_1_69' title="bbox 322 3972 1924 4050">
     <span class='ocr_line' id='line_1_70' title="bbox 322 3972 1924 4050; baseline 0.006 -25"><span class='ocrx_word' id='word_1_620' title='bbox 322 3988 500 4042; x_wconf 87' lang='lat' dir='ltr'>quam</span> <span class='ocrx_word' id='word_1_621' title='bbox 529 3972 575 4027; x_wconf 90' lang='lat' dir='ltr'>si</span> <span class='ocrx_word' id='word_1_622' title='bbox 596 3974 722 4044; x_wconf 91' lang='lat' dir='ltr'>quis</span> <span class='ocrx_word' id='word_1_623' title='bbox 752 3991 864 4029; x_wconf 90' lang='lat' dir='ltr'>non</span> <span class='ocrx_word' id='word_1_624' title='bbox 894 3975 1088 4042; x_wconf 88' lang='lat' dir='ltr'>credit,</span> <span class='ocrx_word' id='word_1_625' title='bbox 1119 3976 1259 4030; x_wconf 90' lang='lat' dir='ltr'>nihil</span> <span class='ocrx_word' id='word_1_626' title='bbox 1288 3977 1532 4032; x_wconf 89' lang='lat' dir='ltr'>inveniet</span> <span class='ocrx_word' id='word_1_627' title='bbox 1552 3978 1924 4050; x_wconf 83' lang='lat' dir='ltr'>ulterius,quo</span> 
     </span>
    </p>
   </div>
   <div class='ocr_carea' id='block_1_70' title="bbox 319 4060 1279 4136">
    <p class='ocr_par' dir='ltr' id='par_1_70' title="bbox 319 4060 1279 4136">
     <span class='ocr_line' id='line_1_71' title="bbox 319 4060 1279 4136; baseline 0.006 -22"><span class='ocrx_word' id='word_1_628' title='bbox 319 4060 539 4132; x_wconf 89' lang='lat' dir='ltr'>aliquid</span> <span class='ocrx_word' id='word_1_629' title='bbox 566 4062 712 4132; x_wconf 74' lang='lat' dir='ltr'>vitaz,</span> <span class='ocrx_word' id='word_1_630' title='bbox 734 4064 820 4118; x_wconf 89' lang='lat' dir='ltr'>vel</span> <span class='ocrx_word' id='word_1_631' title='bbox 844 4064 1066 4119; x_wconf 89' lang='lat' dir='ltr'>virtutis</span> <span class='ocrx_word' id='word_1_632' title='bbox 1085 4066 1279 4136; x_wconf 87' lang='lat' dir='ltr'>possit.</span> 
     </span>
    </p>
   </div>
   <div class='ocr_carea' id='block_1_71' title="bbox 940 4180 1300 4236">
    <p class='ocr_par' dir='ltr' id='par_1_71' title="bbox 940 4180 1300 4236">
     <span class='ocr_line' id='line_1_72' title="bbox 940 4180 1300 4236; baseline -0.006 0"><span class='ocrx_word' id='word_1_633' title='bbox 940 4180 1174 4236; x_wconf 85' lang='lat' dir='ltr'>CAPUT</span> <span class='ocrx_word' id='word_1_634' title='bbox 1204 4182 1300 4236; x_wconf 85' lang='grc' dir='ltr'>ΧΙ.</span> 
     </span>
    </p>
   </div>
   <div class='ocr_carea' id='block_1_72' title="bbox 2010 3084 3616 3155">
    <p class='ocr_par' dir='ltr' id='par_1_72' title="bbox 2010 3084 3616 3155">
     <span class='ocr_line' id='line_1_73' title="bbox 2010 3084 3616 3155; baseline 0.002 -18"><span class='ocrx_word' id='word_1_635' title='bbox 2010 3100 2110 3153; x_wconf 90' lang='lat' dir='ltr'>per</span> <span class='ocrx_word' id='word_1_636' title='bbox 2154 3084 2508 3138; x_wconf 90' lang='lat' dir='ltr'>dilectionem</span> <span class='ocrx_word' id='word_1_637' title='bbox 2546 3089 2832 3154; x_wconf 88' lang='lat' dir='ltr'>operatur,</span> <span class='ocrx_word' id='word_1_638' title='bbox 2879 3085 3013 3155; x_wconf 89' lang='lat' dir='ltr'>quia</span> <span class='ocrx_word' id='word_1_639' title='bbox 3040 3088 3229 3152; x_wconf 85' lang='lat' dir='ltr'>justus</span> <span class='ocrx_word' id='word_1_640' title='bbox 3285 3103 3349 3138; x_wconf 72' lang='lat' dir='ltr'>ea;</span> <span class='ocrx_word' id='word_1_641' title='bbox 3394 3088 3497 3153; x_wconf 77' lang='lat' dir='ltr'>ﬁde</span> <span class='ocrx_word' id='word_1_642' title='bbox 3534 3089 3616 3140; x_wconf 82' lang='lat' dir='ltr'>vi-</span> 
     </span>
    </p>
   </div>
   <div class='ocr_carea' id='block_1_73' title="bbox 2008 3171 3615 3244">
    <p class='ocr_par' dir='ltr' id='par_1_73' title="bbox 2008 3171 3615 3244">
     <span class='ocr_line' id='line_1_74' title="bbox 2008 3171 3615 3244; baseline 0.002 -20"><span class='ocrx_word' id='word_1_643' title='bbox 2008 3175 2121 3227; x_wconf 74' lang='lat' dir='ltr'>rit:</span> <span class='ocrx_word' id='word_1_644' title='bbox 2155 3172 2403 3241; x_wconf 87' lang='lat' dir='ltr'>alioquin</span> <span class='ocrx_word' id='word_1_645' title='bbox 2435 3171 2555 3225; x_wconf 89' lang='lat' dir='ltr'>sine</span> <span class='ocrx_word' id='word_1_646' title='bbox 2603 3172 2864 3243; x_wconf 86' lang='lat' dir='ltr'>operibus</span> <span class='ocrx_word' id='word_1_647' title='bbox 2908 3178 3132 3227; x_wconf 90' lang='lat' dir='ltr'>mortua</span> <span class='ocrx_word' id='word_1_648' title='bbox 3160 3179 3447 3227; x_wconf 89' lang='lat' dir='ltr'>mortuum</span> <span class='ocrx_word' id='word_1_649' title='bbox 3478 3191 3615 3244; x_wconf 68' lang='lat' dir='ltr'>pra:-</span> 
     </span>
    </p>
   </div>
   <div class='ocr_carea' id='block_1_74' title="bbox 2008 3261 3613 3331">
    <p class='ocr_par' dir='ltr' id='par_1_74' title="bbox 2008 3261 3613 3331">
     <span class='ocr_line' id='line_1_75' title="bbox 2008 3261 3613 3331; baseline 0.003 -19"><span class='ocrx_word' id='word_1_650' title='bbox 2008 3265 2304 3324; x_wconf 85' lang='lat' dir='ltr'>monstrat,</span> <span class='ocrx_word' id='word_1_651' title='bbox 2338 3266 2402 3314; x_wconf 91' lang='lat' dir='ltr'>ut</span> <span class='ocrx_word' id='word_1_652' title='bbox 2434 3261 2554 3330; x_wconf 87' lang='lat' dir='ltr'>jam</span> <span class='ocrx_word' id='word_1_653' title='bbox 2580 3278 2694 3314; x_wconf 90' lang='lat' dir='ltr'>non</span> <span class='ocrx_word' id='word_1_654' title='bbox 2710 3262 2899 3331; x_wconf 87' lang='lat' dir='ltr'>justus</span> <span class='ocrx_word' id='word_1_655' title='bbox 2923 3278 2987 3315; x_wconf 84' lang='lat' dir='ltr'>ex</span> <span class='ocrx_word' id='word_1_656' title='bbox 3028 3262 3138 3317; x_wconf 91' lang='lat' dir='ltr'>ﬁde</span> <span class='ocrx_word' id='word_1_657' title='bbox 3162 3263 3327 3331; x_wconf 87' lang='lat' dir='ltr'>vivat,</span> <span class='ocrx_word' id='word_1_658' title='bbox 3355 3262 3455 3318; x_wconf 91' lang='lat' dir='ltr'>sed</span> <span class='ocrx_word' id='word_1_659' title='bbox 3484 3280 3613 3319; x_wconf 89' lang='lat' dir='ltr'>cum</span> 
     </span>
    </p>
   </div>
   <div class='ocr_carea' id='block_1_75' title="bbox 2009 3348 3097 3405">
    <p class='ocr_par' dir='ltr' id='par_1_75' title="bbox 2009 3348 3097 3405">
     <span class='ocr_line' id='line_1_76' title="bbox 2009 3348 3097 3405; baseline 0.003 -4"><span class='ocrx_word' id='word_1_660' title='bbox 2009 3348 2354 3402; x_wconf 67' lang='lat' dir='ltr'>daemonibus</span> <span class='ocrx_word' id='word_1_661' title='bbox 2384 3349 2576 3402; x_wconf 88' lang='lat' dir='ltr'>credat</span> <span class='ocrx_word' id='word_1_662' title='bbox 2600 3354 2657 3401; x_wconf 88' lang='lat' dir='ltr'>et</span> <span class='ocrx_word' id='word_1_663' title='bbox 2687 3350 3097 3405; x_wconf 89' lang='lat' dir='ltr'>contremiscat.</span> 
     </span>
    </p>
   </div>
   <div class='ocr_carea' id='block_1_76' title="bbox 2083 3436 3612 3513">
    <p class='ocr_par' dir='ltr' id='par_1_76' title="bbox 2083 3436 3612 3513">
     <span class='ocr_line' id='line_1_77' title="bbox 2083 3436 3612 3513; baseline 0.003 -22"><span class='ocrx_word' id='word_1_664' title='bbox 2083 3439 2135 3491; x_wconf 71' lang='grc'>2.</span> <span class='ocrx_word' id='word_1_665' title='bbox 2168 3436 2317 3506; x_wconf 86' lang='lat' dir='ltr'>Ergo</span> <span class='ocrx_word' id='word_1_666' title='bbox 2344 3437 2482 3491; x_wconf 87' lang='lat' dir='ltr'>ﬁdes</span> <span class='ocrx_word' id='word_1_667' title='bbox 2509 3453 2637 3489; x_wconf 88' lang='lat' dir='ltr'>vera</span> <span class='ocrx_word' id='word_1_668' title='bbox 2664 3442 2721 3490; x_wconf 90' lang='lat' dir='ltr'>et</span> <span class='ocrx_word' id='word_1_669' title='bbox 2739 3438 2924 3506; x_wconf 85' lang='lat' dir='ltr'>gratia</span> <span class='ocrx_word' id='word_1_670' title='bbox 2944 3444 3030 3492; x_wconf 91' lang='lat' dir='ltr'>cst</span> <span class='ocrx_word' id='word_1_671' title='bbox 3051 3457 3064 3491; x_wconf 87' lang='lat'><strong>:</strong></span> <span class='ocrx_word' id='word_1_672' title='bbox 3084 3445 3141 3493; x_wconf 90' lang='lat' dir='ltr'>et</span> <span class='ocrx_word' id='word_1_673' title='bbox 3168 3440 3294 3494; x_wconf 90' lang='lat' dir='ltr'>ideo</span> <span class='ocrx_word' id='word_1_674' title='bbox 3323 3456 3612 3513; x_wconf 86' lang='lat' dir='ltr'>nunquam</span> 
     </span>
    </p>
   </div>
   <div class='ocr_carea' id='block_1_77' title="bbox 2011 3524 3613 3598">
    <p class='ocr_par' dir='ltr' id='par_1_77' title="bbox 2011 3524 3613 3598">
     <span class='ocr_line' id='line_1_78' title="bbox 2011 3524 3613 3598; baseline 0.003 -20"><span class='ocrx_word' id='word_1_675' title='bbox 2011 3524 2374 3590; x_wconf 86' lang='lat' dir='ltr'>infructuosa,</span> <span class='ocrx_word' id='word_1_676' title='bbox 2394 3541 2575 3595; x_wconf 88' lang='lat' dir='ltr'>neque</span> <span class='ocrx_word' id='word_1_677' title='bbox 2604 3524 2722 3579; x_wconf 89' lang='lat' dir='ltr'>sine</span> <span class='ocrx_word' id='word_1_678' title='bbox 2752 3525 2848 3578; x_wconf 90' lang='lat' dir='ltr'>illa</span> <span class='ocrx_word' id='word_1_679' title='bbox 2878 3526 3164 3597; x_wconf 88' lang='lat' dir='ltr'>quippiam</span> <span class='ocrx_word' id='word_1_680' title='bbox 3186 3530 3613 3598; x_wconf 86' lang='lat' dir='ltr'>operatur.Gra-</span> 
     </span>
    </p>
   </div>
   <div class='ocr_carea' id='block_1_78' title="bbox 2016 3613 3609 3686">
    <p class='ocr_par' dir='ltr' id='par_1_78' title="bbox 2016 3613 3609 3686">
     <span class='ocr_line' id='line_1_79' title="bbox 2016 3613 3609 3686; baseline 0.003 -20"><span class='ocrx_word' id='word_1_681' title='bbox 2016 3613 2093 3666; x_wconf 88' lang='lat' dir='ltr'>tia</span> <span class='ocrx_word' id='word_1_682' title='bbox 2120 3613 2294 3683; x_wconf 87' lang='lat' dir='ltr'>igitur</span> <span class='ocrx_word' id='word_1_683' title='bbox 2323 3613 2530 3667; x_wconf 89' lang='lat' dir='ltr'>Christi</span> <span class='ocrx_word' id='word_1_684' title='bbox 2561 3613 2700 3667; x_wconf 88' lang='lat' dir='ltr'>ﬁdes</span> <span class='ocrx_word' id='word_1_685' title='bbox 2736 3613 2896 3667; x_wconf 89' lang='lat' dir='ltr'>nobis</span> <span class='ocrx_word' id='word_1_686' title='bbox 2927 3632 3028 3685; x_wconf 92' lang='lat' dir='ltr'>per</span> <span class='ocrx_word' id='word_1_687' title='bbox 3057 3615 3326 3686; x_wconf 79' lang='lat' dir='ltr'>Spiritum</span> <span class='ocrx_word' id='word_1_688' title='bbox 3353 3623 3609 3671; x_wconf 87' lang='lat' dir='ltr'>sanctum</span> 
     </span>
    </p>
   </div>
   <div class='ocr_carea' id='block_1_79' title="bbox 2011 3702 3607 3776">
    <p class='ocr_par' dir='ltr' id='par_1_79' title="bbox 2011 3702 3607 3776">
     <span class='ocr_line' id='line_1_80' title="bbox 2011 3702 3607 3776; baseline 0.002 -20"><span class='ocrx_word' id='word_1_689' title='bbox 2011 3702 2195 3768; x_wconf 86' lang='lat' dir='ltr'>datur,</span> <span class='ocrx_word' id='word_1_690' title='bbox 2226 3702 2410 3772; x_wconf 85' lang='lat' dir='ltr'>gratia</span> <span class='ocrx_word' id='word_1_691' title='bbox 2457 3702 2726 3768; x_wconf 88' lang='lat' dir='ltr'>nutritur,</span> <span class='ocrx_word' id='word_1_692' title='bbox 2760 3703 2964 3773; x_wconf 85' lang='lat' dir='ltr'>gratia,</span> <span class='ocrx_word' id='word_1_693' title='bbox 2995 3711 3058 3757; x_wconf 90' lang='lat' dir='ltr'>ut</span> <span class='ocrx_word' id='word_1_694' title='bbox 3084 3711 3403 3775; x_wconf 90' lang='lat' dir='ltr'>perseveret</span> <span class='ocrx_word' id='word_1_695' title='bbox 3429 3721 3607 3776; x_wconf 91' lang='lat' dir='ltr'>usque</span> 
     </span>
    </p>
   </div>
   <div class='ocr_carea' id='block_1_80' title="bbox 2008 3790 3608 3864">
    <p class='ocr_par' dir='ltr' id='par_1_80' title="bbox 2008 3790 3608 3864">
     <span class='ocr_line' id='line_1_81' title="bbox 2008 3790 3608 3864; baseline 0.003 -21"><span class='ocrx_word' id='word_1_696' title='bbox 2008 3790 2064 3843; x_wconf 92' lang='lat' dir='ltr'>in</span> <span class='ocrx_word' id='word_1_697' title='bbox 2088 3792 2276 3859; x_wconf 88' lang='lat' dir='ltr'>ﬁnem,</span> <span class='ocrx_word' id='word_1_698' title='bbox 2311 3795 2693 3847; x_wconf 87' lang='lat' dir='ltr'>conservatur.</span> <span class='ocrx_word' id='word_1_699' title='bbox 2724 3792 2877 3845; x_wconf 83' lang='lat' dir='ltr'>Nihil</span> <span class='ocrx_word' id='word_1_700' title='bbox 2908 3792 3057 3846; x_wconf 89' lang='lat' dir='ltr'>enim</span> <span class='ocrx_word' id='word_1_701' title='bbox 3098 3793 3247 3863; x_wconf 86' lang='lat' dir='ltr'>gerit</span> <span class='ocrx_word' id='word_1_702' title='bbox 3274 3794 3395 3847; x_wconf 92' lang='lat' dir='ltr'>sine</span> <span class='ocrx_word' id='word_1_703' title='bbox 3422 3794 3608 3864; x_wconf 86' lang='lat' dir='ltr'>gratia</span> 
     </span>
    </p>
   </div>
   <div class='ocr_carea' id='block_1_81' title="bbox 2008 3879 3607 3953">
    <p class='ocr_par' dir='ltr' id='par_1_81' title="bbox 2008 3879 3607 3953">
     <span class='ocr_line' id='line_1_82' title="bbox 2008 3879 3607 3953; baseline 0.003 -21"><span class='ocrx_word' id='word_1_704' title='bbox 2008 3896 2254 3950; x_wconf 88' lang='lat' dir='ltr'>prorsus,</span> <span class='ocrx_word' id='word_1_705' title='bbox 2288 3879 2421 3951; x_wconf 84' lang='lat' dir='ltr'>quia</span> <span class='ocrx_word' id='word_1_706' title='bbox 2450 3885 2507 3934; x_wconf 90' lang='lat' dir='ltr'>et</span> <span class='ocrx_word' id='word_1_707' title='bbox 2538 3880 2677 3951; x_wconf 89' lang='lat' dir='ltr'>ipsa,</span> <span class='ocrx_word' id='word_1_708' title='bbox 2710 3885 2774 3934; x_wconf 92' lang='lat' dir='ltr'>ut</span> <span class='ocrx_word' id='word_1_709' title='bbox 2802 3880 2965 3942; x_wconf 85' lang='lat' dir='ltr'>vivat,</span> <span class='ocrx_word' id='word_1_710' title='bbox 2990 3880 3150 3935; x_wconf 89' lang='lat' dir='ltr'>bonis</span> <span class='ocrx_word' id='word_1_711' title='bbox 3171 3882 3450 3953; x_wconf 87' lang='lat' dir='ltr'>justisque</span> <span class='ocrx_word' id='word_1_712' title='bbox 3479 3899 3607 3953; x_wconf 90' lang='lat' dir='ltr'>ope-</span> 
     </span>
    </p>
   </div>
   <div class='ocr_carea' id='block_1_82' title="bbox 2007 3968 3607 4040">
    <p class='ocr_par' dir='ltr' id='par_1_82' title="bbox 2007 3968 3607 4040">
     <span class='ocr_line' id='line_1_83' title="bbox 2007 3968 3607 4040; baseline 0.003 -19"><span class='ocrx_word' id='word_1_713' title='bbox 2007 3968 2160 4022; x_wconf 89' lang='lat' dir='ltr'>ribus</span> <span class='ocrx_word' id='word_1_714' title='bbox 2189 3969 2366 4039; x_wconf 83' lang='lat' dir='ltr'>gratis</span> <span class='ocrx_word' id='word_1_715' title='bbox 2406 3973 2492 4022; x_wconf 91' lang='lat' dir='ltr'>est</span> <span class='ocrx_word' id='word_1_716' title='bbox 2513 3968 2804 4040; x_wconf 89' lang='lat' dir='ltr'>inspirata.</span> <span class='ocrx_word' id='word_1_717' title='bbox 2837 3970 3034 4024; x_wconf 89' lang='lat' dir='ltr'>Restat</span> <span class='ocrx_word' id='word_1_718' title='bbox 3055 3970 3246 4040; x_wconf 89' lang='lat' dir='ltr'>igitur,</span> <span class='ocrx_word' id='word_1_719' title='bbox 3283 3975 3346 4023; x_wconf 91' lang='lat' dir='ltr'>ut</span> <span class='ocrx_word' id='word_1_720' title='bbox 3371 3973 3470 4040; x_wconf 81' lang='lat' dir='ltr'>qui</span> <span class='ocrx_word' id='word_1_721' title='bbox 3495 3975 3607 4037; x_wconf 78' lang='lat' dir='ltr'>glo-</span> 
     </span>
    </p>
   </div>
   <div class='ocr_carea' id='block_1_83' title="bbox 2008 4056 3605 4130">
    <p class='ocr_par' dir='ltr' id='par_1_83' title="bbox 2008 4056 3605 4130">
     <span class='ocr_line' id='line_1_84' title="bbox 2008 4056 3605 4130; baseline 0.003 -20"><span class='ocrx_word' id='word_1_722' title='bbox 2008 4061 2217 4124; x_wconf 80' lang='lat' dir='ltr'>riatur,</span> <span class='ocrx_word' id='word_1_723' title='bbox 2252 4061 2315 4111; x_wconf 85' lang='lat' dir='ltr'>in</span> <span class='ocrx_word' id='word_1_724' title='bbox 2342 4060 2575 4111; x_wconf 84' lang='lat' dir='ltr'>Domino</span> <span class='ocrx_word' id='word_1_725' title='bbox 2593 4061 2867 4125; x_wconf 82' lang='lat' dir='ltr'>glorietur</span> <span class='ocrx_word' id='word_1_726' title='bbox 2890 4060 2965 4128; x_wconf 88' lang='lat' dir='ltr'>(II</span> <span class='ocrx_word' id='word_1_727' title='bbox 2983 4056 3267 4126; x_wconf 76' lang='lat' dir='ltr'>001&#39;.x,17)</span> <span class='ocrx_word' id='word_1_728' title='bbox 3295 4076 3306 4111; x_wconf 88' lang='lat'><strong>:</strong></span> <span class='ocrx_word' id='word_1_729' title='bbox 3340 4058 3605 4130; x_wconf 88' lang='lat' dir='ltr'>quoniam</span> 
     </span>
    </p>
   </div>
   <div class='ocr_carea' id='block_1_84' title="bbox 2011 4149 3605 4230">
    <p class='ocr_par' dir='ltr' id='par_1_84' title="bbox 2011 4149 3605 4230">
     <span class='ocr_line' id='line_1_85' title="bbox 2011 4149 3605 4230; baseline 0.002 -30"><span class='ocrx_word' id='word_1_730' title='bbox 2011 4163 2181 4215; x_wconf 85' lang='lat' dir='ltr'>neque</span> <span class='ocrx_word' id='word_1_731' title='bbox 2236 4149 2484 4212; x_wconf 81' lang='lat' dir='ltr'>volentis,</span> <span class='ocrx_word' id='word_1_732' title='bbox 2531 4162 2702 4215; x_wconf 83' lang='lat' dir='ltr'>neque</span> <span class='ocrx_word' id='word_1_733' title='bbox 2740 4150 3036 4215; x_wconf 83' lang='lat' dir='ltr'>currentis,</span> <span class='ocrx_word' id='word_1_734' title='bbox 3068 4150 3158 4201; x_wconf 85' lang='lat' dir='ltr'>sed</span> <span class='ocrx_word' id='word_1_735' title='bbox 3187 4150 3494 4230; x_wconf 70' lang='lat' dir='ltr'>miserentis</span> <span class='ocrx_word' id='word_1_736' title='bbox 3531 4155 3605 4203; x_wconf 87' lang='lat' dir='ltr'>est</span> 
     </span>
    </p>
   </div>
   <div class='ocr_carea' id='block_1_85' title="bbox 2010 4234 3606 4306">
    <p class='ocr_par' dir='ltr' id='par_1_85' title="bbox 2010 4234 3606 4306">
     <span class='ocr_line' id='line_1_86' title="bbox 2010 4234 3606 4306; baseline 0.001 -17"><span class='ocrx_word' id='word_1_737' title='bbox 2010 4237 2108 4289; x_wconf 81' lang='lat' dir='ltr'>Dei</span> <span class='ocrx_word' id='word_1_738' title='bbox 2129 4237 2300 4303; x_wconf 87' lang='lat' dir='ltr'>(Rom.</span> <span class='ocrx_word' id='word_1_739' title='bbox 2335 4251 2407 4300; x_wconf 82' lang='lat' dir='ltr'>Ix,</span> <span class='ocrx_word' id='word_1_740' title='bbox 2446 4234 2550 4303; x_wconf 84' lang='grc'>16).</span> <span class='ocrx_word' id='word_1_741' title='bbox 2584 4234 2849 4305; x_wconf 86' lang='lat' dir='ltr'>Alioquin</span> <span class='ocrx_word' id='word_1_742' title='bbox 2896 4237 3175 4306; x_wconf 89' lang='lat' dir='ltr'>quomodo</span> <span class='ocrx_word' id='word_1_743' title='bbox 3204 4237 3439 4292; x_wconf 88' lang='lat' dir='ltr'>volentis</span> <span class='ocrx_word' id='word_1_744' title='bbox 3467 4237 3606 4291; x_wconf 91' lang='lat' dir='ltr'>illud</span> 
     </span>
    </p>
   </div>
   <div class='ocr_carea' id='block_1_86' title="bbox 881 4307 3598 4395">
    <p class='ocr_par' dir='ltr' id='par_1_86' title="bbox 881 4307 3598 4395">
     <span class='ocr_line' id='line_1_87' title="bbox 881 4307 3598 4395; baseline 0.002 -20"><span class='ocrx_word' id='word_1_745' title='bbox 881 4307 954 4361; x_wconf 70' lang='grc' dir='ltr'><em>οδ</em></span> <span class='ocrx_word' id='word_1_746' title='bbox 972 4309 1201 4375; x_wconf 57' lang='lat' dir='ltr'>justiti“</span> <span class='ocrx_word' id='word_1_747' title='bbox 1230 4309 1374 4375; x_wconf 70' lang='grc' dir='ltr'>Ιῗίῖειό</span> <span class='ocrx_word' id='word_1_748' title='bbox 1944 4330 1994 4390; x_wconf 87' lang='lat' dir='ltr'><strong>D</strong></span> <span class='ocrx_word' id='word_1_749' title='bbox 2014 4323 2225 4378; x_wconf 86' lang='lat' dir='ltr'>bonum</span> <span class='ocrx_word' id='word_1_750' title='bbox 2280 4340 2400 4377; x_wconf 89' lang='lat' dir='ltr'>esse</span> <span class='ocrx_word' id='word_1_751' title='bbox 2430 4329 2631 4394; x_wconf 86' lang='lat' dir='ltr'>potest,</span> <span class='ocrx_word' id='word_1_752' title='bbox 2661 4325 2809 4395; x_wconf 90' lang='lat' dir='ltr'>quod</span> <span class='ocrx_word' id='word_1_753' title='bbox 2839 4324 2974 4390; x_wconf 89' lang='lat' dir='ltr'>vult,</span> <span class='ocrx_word' id='word_1_754' title='bbox 3007 4331 3107 4379; x_wconf 88' lang='lat' dir='ltr'>aut</span> <span class='ocrx_word' id='word_1_755' title='bbox 3135 4325 3409 4380; x_wconf 87' lang='lat' dir='ltr'>currentis</span> <span class='ocrx_word' id='word_1_756' title='bbox 3444 4326 3598 4391; x_wconf 88' lang='lat' dir='ltr'>illud,</span> 
     </span>
    </p>
   </div>
   <div class='ocr_carea' id='block_1_87' title="bbox 394 4409 3602 4486">
    <p class='ocr_par' dir='ltr' id='par_1_87' title="bbox 394 4409 3602 4486">
     <span class='ocr_line' id='line_1_88' title="bbox 394 4409 3602 4486; baseline 0.001 -21"><span class='ocrx_word' id='word_1_757' title='bbox 394 4410 451 4465; x_wconf 80' lang='grc'>1.</span> <span class='ocrx_word' id='word_1_758' title='bbox 483 4409 709 4466; x_wconf 77' lang='lat' dir='ltr'>Iustitia</span> <span class='ocrx_word' id='word_1_759' title='bbox 732 4410 907 4483; x_wconf 86' lang='lat' dir='ltr'>igitur</span> <span class='ocrx_word' id='word_1_760' title='bbox 932 4411 1060 4468; x_wconf 89' lang='lat' dir='ltr'>ﬁdei</span> <span class='ocrx_word' id='word_1_761' title='bbox 1080 4419 1182 4477; x_wconf 88' lang='lat' dir='ltr'>est,</span> <span class='ocrx_word' id='word_1_762' title='bbox 1207 4431 1318 4485; x_wconf 91' lang='lat' dir='ltr'>qua</span> <span class='ocrx_word' id='word_1_763' title='bbox 1335 4415 1404 4468; x_wconf 91' lang='lat' dir='ltr'>de</span> <span class='ocrx_word' id='word_1_764' title='bbox 1426 4412 1613 4485; x_wconf 83' lang='lat' dir='ltr'>impiis</span> <span class='ocrx_word' id='word_1_765' title='bbox 1636 4431 1736 4486; x_wconf 89' lang='lat' dir='ltr'>per</span> <span class='ocrx_word' id='word_1_766' title='bbox 1762 4413 1929 4467; x_wconf 87' lang='lat' dir='ltr'>ﬁdem</span> <span class='ocrx_word' id='word_1_767' title='bbox 2016 4430 2125 4484; x_wconf 90' lang='lat' dir='ltr'>quo</span> <span class='ocrx_word' id='word_1_768' title='bbox 2154 4413 2348 4480; x_wconf 90' lang='lat' dir='ltr'>currit,</span> <span class='ocrx_word' id='word_1_769' title='bbox 2381 4430 2510 4467; x_wconf 89' lang='lat' dir='ltr'>cum</span> <span class='ocrx_word' id='word_1_770' title='bbox 2540 4430 2643 4467; x_wconf 90' lang='lat' dir='ltr'>nec</span> <span class='ocrx_word' id='word_1_771' title='bbox 2672 4414 2827 4479; x_wconf 90' lang='lat' dir='ltr'>velle,</span> <span class='ocrx_word' id='word_1_772' title='bbox 2862 4431 2965 4468; x_wconf 91' lang='lat' dir='ltr'>nec</span> <span class='ocrx_word' id='word_1_773' title='bbox 3012 4431 3236 4468; x_wconf 88' lang='lat' dir='ltr'>currere</span> <span class='ocrx_word' id='word_1_774' title='bbox 3264 4414 3452 4480; x_wconf 88' lang='lat' dir='ltr'>habet,</span> <span class='ocrx_word' id='word_1_775' title='bbox 3480 4415 3602 4469; x_wconf 89' lang='lat' dir='ltr'>sine</span> 
     </span>
    </p>
   </div>
   <div class='ocr_carea' id='block_1_88' title="bbox 312 4499 3601 4575">
    <p class='ocr_par' dir='ltr' id='par_1_88' title="bbox 312 4499 3601 4575">
     <span class='ocr_line' id='line_1_89' title="bbox 312 4499 3601 4575; baseline 0.002 -22"><span class='ocrx_word' id='word_1_776' title='bbox 312 4499 463 4569; x_wconf 88' lang='lat' dir='ltr'>justi</span> <span class='ocrx_word' id='word_1_777' title='bbox 492 4499 784 4568; x_wconf 84' lang='lat' dir='ltr'>efﬁcimur,</span> <span class='ocrx_word' id='word_1_778' title='bbox 840 4501 961 4556; x_wconf 91' lang='lat' dir='ltr'>sine</span> <span class='ocrx_word' id='word_1_779' title='bbox 989 4502 1119 4557; x_wconf 91' lang='lat' dir='ltr'>ullis</span> <span class='ocrx_word' id='word_1_780' title='bbox 1146 4502 1418 4557; x_wconf 87' lang='lat' dir='ltr'>bonorum</span> <span class='ocrx_word' id='word_1_781' title='bbox 1451 4520 1684 4574; x_wconf 89' lang='lat' dir='ltr'>operum</span> <span class='ocrx_word' id='word_1_782' title='bbox 1711 4502 1927 4556; x_wconf 87' lang='lat' dir='ltr'>meritis</span> <span class='ocrx_word' id='word_1_783' title='bbox 2008 4503 2194 4573; x_wconf 85' lang='lat' dir='ltr'>gratia</span> <span class='ocrx_word' id='word_1_784' title='bbox 2221 4502 2539 4556; x_wconf 87' lang='lat' dir='ltr'>miserentis</span> <span class='ocrx_word' id='word_1_785' title='bbox 2567 4502 2713 4557; x_wconf 89' lang='lat' dir='ltr'>Dei?</span> <span class='ocrx_word' id='word_1_786' title='bbox 2737 4505 2824 4556; x_wconf 89' lang='lat' dir='ltr'>An</span> <span class='ocrx_word' id='word_1_787' title='bbox 2856 4503 3052 4569; x_wconf 91' lang='lat' dir='ltr'>nescis,</span> <span class='ocrx_word' id='word_1_788' title='bbox 3108 4503 3292 4568; x_wconf 90' lang='lat' dir='ltr'>homo,</span> <span class='ocrx_word' id='word_1_789' title='bbox 3326 4504 3459 4573; x_wconf 86' lang='lat' dir='ltr'>quia</span> <span class='ocrx_word' id='word_1_790' title='bbox 3480 4505 3601 4575; x_wconf 89' lang='lat' dir='ltr'>jam</span> 
     </span>
    </p>
   </div>
   <div class='ocr_carea' id='block_1_89' title="bbox 317 4588 3606 4663">
    <p class='ocr_par' dir='ltr' id='par_1_89' title="bbox 317 4588 3606 4663">
     <span class='ocr_line' id='line_1_90' title="bbox 317 4588 3606 4663; baseline 0.002 -22"><span class='ocrx_word' id='word_1_791' title='bbox 317 4588 789 4659; x_wconf 82' lang='lat' dir='ltr'>praecedentibus,</span> <span class='ocrx_word' id='word_1_792' title='bbox 813 4606 924 4661; x_wconf 90' lang='lat' dir='ltr'>qua</span> <span class='ocrx_word' id='word_1_793' title='bbox 950 4592 1126 4661; x_wconf 87' lang='lat' dir='ltr'>gratis</span> <span class='ocrx_word' id='word_1_794' title='bbox 1149 4593 1373 4663; x_wconf 90' lang='lat' dir='ltr'>quidem</span> <span class='ocrx_word' id='word_1_795' title='bbox 1401 4592 1777 4662; x_wconf 89' lang='lat' dir='ltr'>justiﬁcamur</span> <span class='ocrx_word' id='word_1_796' title='bbox 1804 4591 1924 4645; x_wconf 90' lang='lat' dir='ltr'>sine</span> <span class='ocrx_word' id='word_1_797' title='bbox 2008 4592 2199 4661; x_wconf 83' lang='lat' dir='ltr'>magni</span> <span class='ocrx_word' id='word_1_798' title='bbox 2220 4592 2450 4662; x_wconf 88' lang='lat' dir='ltr'>aliquid,</span> <span class='ocrx_word' id='word_1_799' title='bbox 2477 4597 2534 4645; x_wconf 90' lang='lat' dir='ltr'>et</span> <span class='ocrx_word' id='word_1_800' title='bbox 2552 4592 2791 4646; x_wconf 90' lang='lat' dir='ltr'>multum</span> <span class='ocrx_word' id='word_1_801' title='bbox 2814 4592 3110 4662; x_wconf 88' lang='lat' dir='ltr'>percepisti</span> <span class='ocrx_word' id='word_1_802' title='bbox 3131 4592 3354 4662; x_wconf 89' lang='lat' dir='ltr'>quando</span> <span class='ocrx_word' id='word_1_803' title='bbox 3370 4593 3509 4647; x_wconf 91' lang='lat' dir='ltr'>velle</span> <span class='ocrx_word' id='word_1_804' title='bbox 3534 4611 3606 4649; x_wconf 77' lang='lat' dir='ltr'>ex</span> 
     </span>
    </p>
   </div>
   <div class='ocr_carea' id='block_1_90' title="bbox 319 4677 1925 4750">
    <p class='ocr_par' dir='ltr' id='par_1_90' title="bbox 319 4677 1925 4750">
     <span class='ocr_line' id='line_1_91' title="bbox 319 4677 1925 4750; baseline 0.002 -20"><span class='ocrx_word' id='word_1_805' title='bbox 319 4677 618 4748; x_wconf 86' lang='lat' dir='ltr'>cperibus:</span> <span class='ocrx_word' id='word_1_806' title='bbox 649 4683 731 4745; x_wconf 91' lang='lat' dir='ltr'>ut,</span> <span class='ocrx_word' id='word_1_807' title='bbox 766 4679 857 4749; x_wconf 92' lang='lat' dir='ltr'>qui</span> <span class='ocrx_word' id='word_1_808' title='bbox 890 4697 1117 4734; x_wconf 89' lang='lat' dir='ltr'>eramus</span> <span class='ocrx_word' id='word_1_809' title='bbox 1140 4681 1237 4735; x_wconf 70' lang='lat' dir='ltr'>irae</span> <span class='ocrx_word' id='word_1_810' title='bbox 1260 4681 1379 4746; x_wconf 91' lang='lat' dir='ltr'>ﬁlii,</span> <span class='ocrx_word' id='word_1_811' title='bbox 1412 4682 1531 4734; x_wconf 90' lang='lat' dir='ltr'>sola</span> <span class='ocrx_word' id='word_1_812' title='bbox 1557 4681 1666 4734; x_wconf 90' lang='lat' dir='ltr'>ﬁde</span> <span class='ocrx_word' id='word_1_813' title='bbox 1688 4697 1787 4750; x_wconf 90' lang='lat' dir='ltr'>per</span> <span class='ocrx_word' id='word_1_814' title='bbox 1800 4696 1925 4749; x_wconf 86' lang='lat' dir='ltr'>gra-</span> 
     </span>
    </p>
   </div>
   <div class='ocr_carea' id='block_1_91' title="bbox 316 4764 1925 4838">
    <p class='ocr_par' dir='ltr' id='par_1_91' title="bbox 316 4764 1925 4838">
     <span class='ocr_line' id='line_1_92' title="bbox 316 4764 1925 4838; baseline 0.001 -19"><span class='ocrx_word' id='word_1_815' title='bbox 316 4764 465 4819; x_wconf 88' lang='lat' dir='ltr'>tiam</span> <span class='ocrx_word' id='word_1_816' title='bbox 495 4765 806 4821; x_wconf 83' lang='lat' dir='ltr'>efﬁciamur</span> <span class='ocrx_word' id='word_1_817' title='bbox 828 4767 1163 4838; x_wconf 89' lang='lat' dir='ltr'>adoptionis.</span> <span class='ocrx_word' id='word_1_818' title='bbox 1197 4768 1386 4823; x_wconf 89' lang='lat' dir='ltr'>Gratis</span> <span class='ocrx_word' id='word_1_819' title='bbox 1414 4774 1602 4822; x_wconf 87' lang='lat' dir='ltr'>autem</span> <span class='ocrx_word' id='word_1_820' title='bbox 1635 4767 1925 4838; x_wconf 89' lang='lat' dir='ltr'>ideo,quia</span> 
     </span>
    </p>
   </div>
   <div class='ocr_carea' id='block_1_92' title="bbox 315 4853 1927 4928">
    <p class='ocr_par' dir='ltr' id='par_1_92' title="bbox 315 4853 1927 4928">
     <span class='ocr_line' id='line_1_93' title="bbox 315 4853 1927 4928; baseline 0.002 -21"><span class='ocrx_word' id='word_1_821' title='bbox 315 4870 429 4908; x_wconf 84' lang='lat' dir='ltr'>nec</span> <span class='ocrx_word' id='word_1_822' title='bbox 457 4853 581 4925; x_wconf 88' lang='lat' dir='ltr'>ipsa</span> <span class='ocrx_word' id='word_1_823' title='bbox 610 4856 747 4911; x_wconf 86' lang='lat' dir='ltr'>ﬁdes</span> <span class='ocrx_word' id='word_1_824' title='bbox 774 4856 831 4911; x_wconf 90' lang='lat' dir='ltr'>in</span> <span class='ocrx_word' id='word_1_825' title='bbox 853 4857 1031 4922; x_wconf 90' lang='lat' dir='ltr'>nobis,</span> <span class='ocrx_word' id='word_1_826' title='bbox 1056 4857 1162 4911; x_wconf 83' lang='lat' dir='ltr'>nisi</span> <span class='ocrx_word' id='word_1_827' title='bbox 1204 4874 1304 4928; x_wconf 90' lang='lat' dir='ltr'>per</span> <span class='ocrx_word' id='word_1_828' title='bbox 1345 4858 1609 4928; x_wconf 88' lang='lat' dir='ltr'>gratiam,</span> <span class='ocrx_word' id='word_1_829' title='bbox 1635 4862 1691 4911; x_wconf 90' lang='lat' dir='ltr'>et</span> <span class='ocrx_word' id='word_1_830' title='bbox 1721 4856 1927 4928; x_wconf 84' lang='lat' dir='ltr'>justiﬁ-</span> 
     </span>
    </p>
   </div>
   <div class='ocr_carea' id='block_1_93' title="bbox 316 4943 1924 5018">
    <p class='ocr_par' dir='ltr' id='par_1_93' title="bbox 316 4943 1924 5018">
     <span class='ocr_line' id='line_1_94' title="bbox 316 4943 1924 5018; baseline 0.003 -23"><span class='ocrx_word' id='word_1_831' title='bbox 316 4943 473 4996; x_wconf 87' lang='lat' dir='ltr'>catio</span> <span class='ocrx_word' id='word_1_832' title='bbox 502 4943 632 4998; x_wconf 89' lang='lat' dir='ltr'>ﬁdei</span> <span class='ocrx_word' id='word_1_833' title='bbox 657 4962 722 4999; x_wconf 87' lang='lat' dir='ltr'>ex</span> <span class='ocrx_word' id='word_1_834' title='bbox 747 4946 950 5017; x_wconf 85' lang='lat' dir='ltr'>gratia.</span> <span class='ocrx_word' id='word_1_835' title='bbox 984 4947 1128 5000; x_wconf 86' lang='lat' dir='ltr'>Hinc</span> <span class='ocrx_word' id='word_1_836' title='bbox 1157 4964 1378 5018; x_wconf 91' lang='lat' dir='ltr'>quoque</span> <span class='ocrx_word' id='word_1_837' title='bbox 1407 4946 1580 5001; x_wconf 89' lang='lat' dir='ltr'>David</span> <span class='ocrx_word' id='word_1_838' title='bbox 1619 4947 1731 5000; x_wconf 91' lang='lat' dir='ltr'>ait:</span> <span class='ocrx_word' id='word_1_839' title='bbox 1764 4948 1924 5000; x_wconf 75' lang='lat' dir='ltr'>Mise-</span> 
     </span>
    </p>
   </div>
   <div class='ocr_carea' id='block_1_94' title="bbox 319 5034 1926 5105">
    <p class='ocr_par' dir='ltr' id='par_1_94' title="bbox 319 5034 1926 5105">
     <span class='ocr_line' id='line_1_95' title="bbox 319 5034 1926 5105; baseline 0.002 -20"><span class='ocrx_word' id='word_1_840' title='bbox 319 5034 578 5087; x_wconf 85' lang='lat' dir='ltr'>ricordia</span> <span class='ocrx_word' id='word_1_841' title='bbox 618 5037 735 5103; x_wconf 84' lang='lat' dir='ltr'>ejus</span> <span class='ocrx_word' id='word_1_842' title='bbox 757 5037 1047 5104; x_wconf 64' lang='lat' dir='ltr'>praeveniet</span> <span class='ocrx_word' id='word_1_843' title='bbox 1077 5053 1161 5090; x_wconf 88' lang='lat' dir='ltr'>me</span> <span class='ocrx_word' id='word_1_844' title='bbox 1202 5038 1361 5103; x_wconf 82' lang='lat' dir='ltr'>(Psal.</span> <span class='ocrx_word' id='word_1_845' title='bbox 1404 5051 1522 5102; x_wconf 82' lang='lat' dir='ltr'>Lm,</span> <span class='ocrx_word' id='word_1_846' title='bbox 1571 5034 1656 5105; x_wconf 78' lang='lat'>1);</span> <span class='ocrx_word' id='word_1_847' title='bbox 1709 5041 1766 5090; x_wconf 90' lang='lat' dir='ltr'>et</span> <span class='ocrx_word' id='word_1_848' title='bbox 1793 5035 1926 5089; x_wconf 90' lang='lat' dir='ltr'>alibi</span> 
     </span>
    </p>
   </div>
   <div class='ocr_carea' id='block_1_95' title="bbox 320 5120 1920 5194">
    <p class='ocr_par' dir='ltr' id='par_1_95' title="bbox 320 5120 1920 5194">
     <span class='ocr_line' id='line_1_96' title="bbox 320 5120 1920 5194; baseline 0.001 -19"><span class='ocrx_word' id='word_1_849' title='bbox 320 5120 449 5192; x_wconf 89' lang='lat' dir='ltr'>ipse</span> <span class='ocrx_word' id='word_1_850' title='bbox 482 5140 494 5175; x_wconf 92' lang='lat'><strong>:</strong></span> <span class='ocrx_word' id='word_1_851' title='bbox 552 5124 934 5179; x_wconf 76' lang='lat' dir='ltr'>Misericordia</span> <span class='ocrx_word' id='word_1_852' title='bbox 964 5130 1058 5179; x_wconf 87' lang='lat' dir='ltr'>tua</span> <span class='ocrx_word' id='word_1_853' title='bbox 1088 5128 1443 5194; x_wconf 86' lang='lat' dir='ltr'>subsequetur</span> <span class='ocrx_word' id='word_1_854' title='bbox 1470 5142 1555 5179; x_wconf 85' lang='lat' dir='ltr'>me</span> <span class='ocrx_word' id='word_1_855' title='bbox 1597 5127 1758 5193; x_wconf 88' lang='lat' dir='ltr'>(Psal.</span> <span class='ocrx_word' id='word_1_856' title='bbox 1789 5139 1920 5191; x_wconf 66' lang='grc' dir='ltr'>χχιι,</span> 
     </span>
    </p>
   </div>
   <div class='ocr_carea' id='block_1_96' title="bbox 324 5209 1929 5285">
    <p class='ocr_par' dir='ltr' id='par_1_96' title="bbox 324 5209 1929 5285">
     <span class='ocr_line' id='line_1_97' title="bbox 324 5209 1929 5285; baseline 0.001 -20"><span class='ocrx_word' id='word_1_857' title='bbox 324 5210 401 5280; x_wconf 84' lang='grc'>6).</span> <span class='ocrx_word' id='word_1_858' title='bbox 427 5209 693 5283; x_wconf 80' lang='lat' dir='ltr'>Alioquin</span> <span class='ocrx_word' id='word_1_859' title='bbox 721 5213 831 5267; x_wconf 91' lang='lat' dir='ltr'>nisi</span> <span class='ocrx_word' id='word_1_860' title='bbox 860 5214 1194 5284; x_wconf 63' lang='lat' dir='ltr'>praeveniret</span> <span class='ocrx_word' id='word_1_861' title='bbox 1213 5215 1368 5285; x_wconf 90' lang='lat' dir='ltr'>prius</span> <span class='ocrx_word' id='word_1_862' title='bbox 1390 5214 1775 5268; x_wconf 88' lang='lat' dir='ltr'>misericordia</span> <span class='ocrx_word' id='word_1_863' title='bbox 1801 5229 1929 5283; x_wconf 88' lang='lat' dir='ltr'>gra-</span> 
     </span>
    </p>
   </div>
   <div class='ocr_carea' id='block_1_97' title="bbox 317 5299 1928 5375">
    <p class='ocr_par' dir='ltr' id='par_1_97' title="bbox 317 5299 1928 5375">
     <span class='ocr_line' id='line_1_98' title="bbox 317 5299 1928 5375; baseline 0.002 -23"><span class='ocrx_word' id='word_1_864' title='bbox 317 5299 422 5365; x_wconf 87' lang='lat' dir='ltr'>tis,</span> <span class='ocrx_word' id='word_1_865' title='bbox 446 5315 613 5355; x_wconf 88' lang='lat' dir='ltr'>nemo</span> <span class='ocrx_word' id='word_1_866' title='bbox 634 5301 813 5357; x_wconf 92' lang='lat' dir='ltr'>ﬁdelis</span> <span class='ocrx_word' id='word_1_867' title='bbox 844 5309 1009 5358; x_wconf 85' lang='lat' dir='ltr'>esset.</span> <span class='ocrx_word' id='word_1_868' title='bbox 1053 5304 1241 5359; x_wconf 88' lang='lat' dir='ltr'>Gratis</span> <span class='ocrx_word' id='word_1_869' title='bbox 1261 5304 1509 5375; x_wconf 89' lang='lat' dir='ltr'>quidem,</span> <span class='ocrx_word' id='word_1_870' title='bbox 1542 5303 1673 5374; x_wconf 90' lang='lat' dir='ltr'>quia</span> <span class='ocrx_word' id='word_1_871' title='bbox 1696 5303 1833 5357; x_wconf 91' lang='lat' dir='ltr'>ﬁdes</span> <span class='ocrx_word' id='word_1_872' title='bbox 1862 5320 1928 5358; x_wconf 78' lang='lat' dir='ltr'>ex</span> 
     </span>
    </p>
   </div>
   <div class='ocr_carea' id='block_1_98' title="bbox 316 5386 1927 5463">
    <p class='ocr_par' dir='ltr' id='par_1_98' title="bbox 316 5386 1927 5463">
     <span class='ocr_line' id='line_1_99' title="bbox 316 5386 1927 5463; baseline 0.003 -22"><span class='ocrx_word' id='word_1_873' title='bbox 316 5386 514 5458; x_wconf 86' lang='lat' dir='ltr'>gratia</span> <span class='ocrx_word' id='word_1_874' title='bbox 551 5407 569 5444; x_wconf 90' lang='lat'><strong><em>:</em></strong></span> <span class='ocrx_word' id='word_1_875' title='bbox 603 5388 806 5446; x_wconf 89' lang='lat' dir='ltr'>deinde</span> <span class='ocrx_word' id='word_1_876' title='bbox 851 5392 1002 5463; x_wconf 90' lang='lat' dir='ltr'>quod</span> <span class='ocrx_word' id='word_1_877' title='bbox 1045 5392 1127 5448; x_wconf 87' lang='lat' dir='ltr'>ait</span> <span class='ocrx_word' id='word_1_878' title='bbox 1157 5410 1169 5446; x_wconf 91' lang='lat'><strong>:</strong></span> <span class='ocrx_word' id='word_1_879' title='bbox 1204 5394 1583 5448; x_wconf 81' lang='lat' dir='ltr'>Misericordia</span> <span class='ocrx_word' id='word_1_880' title='bbox 1611 5395 1725 5462; x_wconf 87' lang='lat' dir='ltr'>ejus</span> <span class='ocrx_word' id='word_1_881' title='bbox 1752 5393 1927 5446; x_wconf 83' lang='lat' dir='ltr'>subse-</span> 
     </span>
    </p>
   </div>
   <div class='ocr_carea' id='block_1_99' title="bbox 396 5493 912 5567">
    <p class='ocr_par' dir='ltr' id='par_1_99' title="bbox 396 5493 912 5567">
     <span class='ocr_line' id='line_1_100' title="bbox 396 5493 912 5567; baseline 0.012 -19"><span class='ocrx_word' id='word_1_882' title='bbox 396 5502 423 5534; x_wconf 75' lang='grc' dir='ltr'>ι</span> <span class='ocrx_word' id='word_1_883' title='bbox 449 5493 623 5566; x_wconf 89' lang='lat' dir='ltr'>Edit.,</span> <span class='ocrx_word' id='word_1_884' title='bbox 645 5499 912 5567; x_wconf 80' lang='lat' dir='ltr'>persistit.</span> 
     </span>
    </p>
   </div>
   <div class='ocr_carea' id='block_1_100' title="bbox 574 5596 1080 5687">
    <p class='ocr_par' dir='ltr' id='par_1_100' title="bbox 574 5596 1080 5687">
     <span class='ocr_line' id='line_1_101' title="bbox 574 5596 1080 5687; baseline 0.004 -28"><span class='ocrx_word' id='word_1_885' title='bbox 574 5596 841 5687; x_wconf 44' lang='lat' dir='ltr'>Piraei.</span> <span class='ocrx_word' id='word_1_886' title='bbox 891 5599 1080 5663; x_wconf 87' lang='lat' dir='ltr'>CXX.</span> 
     </span>
    </p>
   </div>
   <div class='ocr_carea' id='block_1_101' title="bbox 2007 4680 3604 4752">
    <p class='ocr_par' dir='ltr' id='par_1_101' title="bbox 2007 4680 3604 4752">
     <span class='ocr_line' id='line_1_102' title="bbox 2007 4680 3604 4752; baseline 0.002 -18"><span class='ocrx_word' id='word_1_887' title='bbox 2007 4681 2109 4734; x_wconf 91' lang='lat' dir='ltr'>Dei</span> <span class='ocrx_word' id='word_1_888' title='bbox 2136 4680 2524 4750; x_wconf 87' lang='lat' dir='ltr'>inspiratione,</span> <span class='ocrx_word' id='word_1_889' title='bbox 2550 4686 2606 4734; x_wconf 88' lang='lat' dir='ltr'>et</span> <span class='ocrx_word' id='word_1_890' title='bbox 2630 4696 2855 4733; x_wconf 89' lang='lat' dir='ltr'>currere</span> <span class='ocrx_word' id='word_1_891' title='bbox 2876 4697 2976 4751; x_wconf 90' lang='lat' dir='ltr'>per</span> <span class='ocrx_word' id='word_1_892' title='bbox 2987 4681 3152 4734; x_wconf 91' lang='lat' dir='ltr'>ﬁdem</span> <span class='ocrx_word' id='word_1_893' title='bbox 3173 4680 3423 4752; x_wconf 71' lang='lat' dir='ltr'>cmpisti?</span> <span class='ocrx_word' id='word_1_894' title='bbox 3443 4682 3604 4737; x_wconf 87' lang='lat' dir='ltr'>Unde</span> 
     </span>
    </p>
   </div>
   <div class='ocr_carea' id='block_1_102' title="bbox 2008 4768 3604 4842">
    <p class='ocr_par' dir='ltr' id='par_1_102' title="bbox 2008 4768 3604 4842">
     <span class='ocr_line' id='line_1_103' title="bbox 2008 4768 3604 4842; baseline 0.001 -19"><span class='ocrx_word' id='word_1_895' title='bbox 2008 4787 2077 4823; x_wconf 89' lang='lat' dir='ltr'>ne</span> <span class='ocrx_word' id='word_1_896' title='bbox 2105 4769 2379 4840; x_wconf 88' lang='lat' dir='ltr'>glorieris,</span> <span class='ocrx_word' id='word_1_897' title='bbox 2416 4768 2575 4839; x_wconf 89' lang='lat' dir='ltr'>quasi</span> <span class='ocrx_word' id='word_1_898' title='bbox 2600 4786 2710 4822; x_wconf 92' lang='lat' dir='ltr'>non</span> <span class='ocrx_word' id='word_1_899' title='bbox 2741 4769 3017 4840; x_wconf 78' lang='lat' dir='ltr'>acceperis</span> <span class='ocrx_word' id='word_1_900' title='bbox 3042 4788 3054 4835; x_wconf 92' lang='lat'><strong>;</strong></span> <span class='ocrx_word' id='word_1_901' title='bbox 3086 4786 3268 4841; x_wconf 88' lang='lat' dir='ltr'>neque</span> <span class='ocrx_word' id='word_1_902' title='bbox 3297 4771 3604 4842; x_wconf 89' lang='lat' dir='ltr'>applaudas</span> 
     </span>
    </p>
   </div>
   <div class='ocr_carea' id='block_1_103' title="bbox 2006 4856 3604 4931">
    <p class='ocr_par' dir='ltr' id='par_1_103' title="bbox 2006 4856 3604 4931">
     <span class='ocr_line' id='line_1_104' title="bbox 2006 4856 3604 4931; baseline 0.001 -19"><span class='ocrx_word' id='word_1_903' title='bbox 2006 4859 2109 4912; x_wconf 90' lang='lat' dir='ltr'>tibi</span> <span class='ocrx_word' id='word_1_904' title='bbox 2139 4875 2201 4911; x_wconf 85' lang='lat' dir='ltr'>ex</span> <span class='ocrx_word' id='word_1_905' title='bbox 2227 4864 2283 4912; x_wconf 91' lang='lat' dir='ltr'>te</span> <span class='ocrx_word' id='word_1_906' title='bbox 2314 4858 2450 4912; x_wconf 88' lang='lat' dir='ltr'>velle</span> <span class='ocrx_word' id='word_1_907' title='bbox 2473 4856 2617 4911; x_wconf 87' lang='lat' dir='ltr'>bona</span> <span class='ocrx_word' id='word_1_908' title='bbox 2646 4875 2769 4928; x_wconf 67' lang='lat' dir='ltr'>qua:</span> <span class='ocrx_word' id='word_1_909' title='bbox 2785 4859 2939 4922; x_wconf 87' lang='lat' dir='ltr'>velis,</span> <span class='ocrx_word' id='word_1_910' title='bbox 2964 4859 3049 4912; x_wconf 91' lang='lat' dir='ltr'>vel</span> <span class='ocrx_word' id='word_1_911' title='bbox 3069 4875 3295 4913; x_wconf 88' lang='lat' dir='ltr'>currere</span> <span class='ocrx_word' id='word_1_912' title='bbox 3321 4876 3422 4931; x_wconf 90' lang='lat' dir='ltr'>per</span> <span class='ocrx_word' id='word_1_913' title='bbox 3436 4860 3604 4914; x_wconf 89' lang='lat' dir='ltr'>ﬁdem</span> 
     </span>
    </p>
   </div>
   <div class='ocr_carea' id='block_1_104' title="bbox 2006 4945 3603 5018">
    <p class='ocr_par' dir='ltr' id='par_1_104' title="bbox 2006 4945 3603 5018">
     <span class='ocr_line' id='line_1_105' title="bbox 2006 4945 3603 5018; baseline -0.001 -17"><span class='ocrx_word' id='word_1_914' title='bbox 2006 4948 2077 5001; x_wconf 88' lang='lat' dir='ltr'>ad</span> <span class='ocrx_word' id='word_1_915' title='bbox 2105 4948 2297 5013; x_wconf 87' lang='lat' dir='ltr'>vitam,</span> <span class='ocrx_word' id='word_1_916' title='bbox 2322 4964 2430 5018; x_wconf 92' lang='lat' dir='ltr'>quo</span> <span class='ocrx_word' id='word_1_917' title='bbox 2447 4946 2624 4999; x_wconf 90' lang='lat' dir='ltr'>curris</span> <span class='ocrx_word' id='word_1_918' title='bbox 2656 4965 2666 4999; x_wconf 91' lang='lat'>:</span> <span class='ocrx_word' id='word_1_919' title='bbox 2703 4946 2815 4999; x_wconf 92' lang='lat' dir='ltr'>imo</span> <span class='ocrx_word' id='word_1_920' title='bbox 2845 4945 3004 5010; x_wconf 86' lang='lat' dir='ltr'>velle,</span> <span class='ocrx_word' id='word_1_921' title='bbox 3029 4952 3086 5000; x_wconf 92' lang='lat' dir='ltr'>et</span> <span class='ocrx_word' id='word_1_922' title='bbox 3110 4963 3336 5002; x_wconf 89' lang='lat' dir='ltr'>currere</span> <span class='ocrx_word' id='word_1_923' title='bbox 3357 4949 3476 5017; x_wconf 85' lang='lat' dir='ltr'>jam</span> <span class='ocrx_word' id='word_1_924' title='bbox 3497 4947 3603 5000; x_wconf 90' lang='lat' dir='ltr'>mi-</span> 
     </span>
    </p>
   </div>
   <div class='ocr_carea' id='block_1_105' title="bbox 2008 5033 3602 5106">
    <p class='ocr_par' dir='ltr' id='par_1_105' title="bbox 2008 5033 3602 5106">
     <span class='ocr_line' id='line_1_106' title="bbox 2008 5033 3602 5106; baseline -0.002 -17"><span class='ocrx_word' id='word_1_925' title='bbox 2008 5036 2244 5090; x_wconf 90' lang='lat' dir='ltr'>serentis</span> <span class='ocrx_word' id='word_1_926' title='bbox 2275 5042 2359 5089; x_wconf 87' lang='lat' dir='ltr'>est</span> <span class='ocrx_word' id='word_1_927' title='bbox 2382 5034 2509 5089; x_wconf 88' lang='lat' dir='ltr'>Dei:</span> <span class='ocrx_word' id='word_1_928' title='bbox 2535 5040 2598 5088; x_wconf 89' lang='lat' dir='ltr'>ut</span> <span class='ocrx_word' id='word_1_929' title='bbox 2615 5033 2801 5104; x_wconf 85' lang='lat' dir='ltr'>gratia</span> <span class='ocrx_word' id='word_1_930' title='bbox 2826 5051 2927 5104; x_wconf 88' lang='lat' dir='ltr'>per</span> <span class='ocrx_word' id='word_1_931' title='bbox 2954 5035 3125 5089; x_wconf 88' lang='lat' dir='ltr'>ﬁdem</span> <span class='ocrx_word' id='word_1_932' title='bbox 3142 5036 3481 5106; x_wconf 86' lang='lat' dir='ltr'>justiﬁcatus</span> <span class='ocrx_word' id='word_1_933' title='bbox 3501 5033 3602 5087; x_wconf 85' lang='lat' dir='ltr'>mi-</span> 
     </span>
    </p>
   </div>
   <div class='ocr_carea' id='block_1_106' title="bbox 2007 5123 3605 5195">
    <p class='ocr_par' dir='ltr' id='par_1_106' title="bbox 2007 5123 3605 5195">
     <span class='ocr_line' id='line_1_107' title="bbox 2007 5123 3605 5195; baseline -0.002 -17"><span class='ocrx_word' id='word_1_934' title='bbox 2007 5124 2380 5188; x_wconf 86' lang='lat' dir='ltr'>sericorditer,</span> <span class='ocrx_word' id='word_1_935' title='bbox 2412 5141 2513 5178; x_wconf 91' lang='lat' dir='ltr'>nec</span> <span class='ocrx_word' id='word_1_936' title='bbox 2544 5123 2767 5177; x_wconf 75' lang='lat' dir='ltr'>desinas</span> <span class='ocrx_word' id='word_1_937' title='bbox 2796 5123 2940 5178; x_wconf 89' lang='lat' dir='ltr'>bona</span> <span class='ocrx_word' id='word_1_938' title='bbox 2989 5125 3148 5188; x_wconf 90' lang='lat' dir='ltr'>velle,</span> <span class='ocrx_word' id='word_1_939' title='bbox 3183 5141 3305 5195; x_wconf 67' lang='lat' dir='ltr'>quae</span> <span class='ocrx_word' id='word_1_940' title='bbox 3357 5140 3470 5177; x_wconf 91' lang='lat' dir='ltr'>non</span> <span class='ocrx_word' id='word_1_941' title='bbox 3522 5123 3605 5176; x_wconf 87' lang='lat' dir='ltr'>vi-</span> 
     </span>
    </p>
   </div>
   <div class='ocr_carea' id='block_1_107' title="bbox 2008 5211 3603 5284">
    <p class='ocr_par' dir='ltr' id='par_1_107' title="bbox 2008 5211 3603 5284">
     <span class='ocr_line' id='line_1_108' title="bbox 2008 5211 3603 5284; baseline -0.001 -17"><span class='ocrx_word' id='word_1_942' title='bbox 2008 5214 2230 5278; x_wconf 90' lang='lat' dir='ltr'>dentur,</span> <span class='ocrx_word' id='word_1_943' title='bbox 2286 5218 2344 5266; x_wconf 91' lang='lat' dir='ltr'>et</span> <span class='ocrx_word' id='word_1_944' title='bbox 2371 5212 2505 5266; x_wconf 90' lang='lat' dir='ltr'>velis</span> <span class='ocrx_word' id='word_1_945' title='bbox 2544 5232 2556 5266; x_wconf 88' lang='lat'><strong>:</strong></span> <span class='ocrx_word' id='word_1_946' title='bbox 2597 5228 2700 5267; x_wconf 91' lang='lat' dir='ltr'>nec</span> <span class='ocrx_word' id='word_1_947' title='bbox 2728 5229 2955 5267; x_wconf 89' lang='lat' dir='ltr'>currere</span> <span class='ocrx_word' id='word_1_948' title='bbox 2983 5230 3084 5284; x_wconf 90' lang='lat' dir='ltr'>per</span> <span class='ocrx_word' id='word_1_949' title='bbox 3110 5213 3274 5266; x_wconf 88' lang='lat' dir='ltr'>ﬁdem</span> <span class='ocrx_word' id='word_1_950' title='bbox 3313 5211 3383 5265; x_wconf 89' lang='lat' dir='ltr'>ad</span> <span class='ocrx_word' id='word_1_951' title='bbox 3423 5212 3603 5266; x_wconf 85' lang='lat' dir='ltr'>Deum</span> 
     </span>
    </p>
   </div>
   <div class='ocr_carea' id='block_1_108' title="bbox 2009 5301 3606 5373">
    <p class='ocr_par' dir='ltr' id='par_1_108' title="bbox 2009 5301 3606 5373">
     <span class='ocr_line' id='line_1_109' title="bbox 2009 5301 3606 5373; baseline -0.002 -16"><span class='ocrx_word' id='word_1_952' title='bbox 2009 5302 2254 5366; x_wconf 89' lang='lat' dir='ltr'>Patrem,</span> <span class='ocrx_word' id='word_1_953' title='bbox 2305 5307 2363 5357; x_wconf 92' lang='lat' dir='ltr'>et</span> <span class='ocrx_word' id='word_1_954' title='bbox 2388 5301 2588 5356; x_wconf 87' lang='lat' dir='ltr'>Filium</span> <span class='ocrx_word' id='word_1_955' title='bbox 2620 5306 2677 5356; x_wconf 90' lang='lat' dir='ltr'>et</span> <span class='ocrx_word' id='word_1_956' title='bbox 2714 5301 2985 5373; x_wconf 89' lang='lat' dir='ltr'>Spiritum</span> <span class='ocrx_word' id='word_1_957' title='bbox 3023 5306 3294 5366; x_wconf 86' lang='lat' dir='ltr'>sanctum,</span> <span class='ocrx_word' id='word_1_958' title='bbox 3330 5316 3441 5372; x_wconf 91' lang='lat' dir='ltr'>quo</span> <span class='ocrx_word' id='word_1_959' title='bbox 3477 5317 3606 5355; x_wconf 87' lang='lat' dir='ltr'>cur-</span> 
     </span>
    </p>
   </div>
   <div class='ocr_carea' id='block_1_109' title="bbox 2008 5389 3610 5462">
    <p class='ocr_par' dir='ltr' id='par_1_109' title="bbox 2008 5389 3610 5462">
     <span class='ocr_line' id='line_1_110' title="bbox 2008 5389 3610 5462; baseline -0.002 -15"><span class='ocrx_word' id='word_1_960' title='bbox 2008 5391 2188 5460; x_wconf 89' lang='lat' dir='ltr'>rebas,</span> <span class='ocrx_word' id='word_1_961' title='bbox 2221 5392 2281 5448; x_wconf 90' lang='lat' dir='ltr'>in</span> <span class='ocrx_word' id='word_1_962' title='bbox 2319 5408 2429 5462; x_wconf 92' lang='lat' dir='ltr'>quo</span> <span class='ocrx_word' id='word_1_963' title='bbox 2455 5395 2587 5446; x_wconf 89' lang='lat' dir='ltr'>sunt</span> <span class='ocrx_word' id='word_1_964' title='bbox 2614 5391 2823 5459; x_wconf 89' lang='lat' dir='ltr'>omnia,</span> <span class='ocrx_word' id='word_1_965' title='bbox 2865 5408 2986 5462; x_wconf 69' lang='lat' dir='ltr'>quae</span> <span class='ocrx_word' id='word_1_966' title='bbox 3015 5407 3126 5446; x_wconf 88' lang='lat' dir='ltr'>non</span> <span class='ocrx_word' id='word_1_967' title='bbox 3149 5389 3412 5446; x_wconf 87' lang='lat' dir='ltr'>videntur</span> <span class='ocrx_word' id='word_1_968' title='bbox 3425 5395 3610 5446; x_wconf 82' lang='lat' dir='ltr'>etcre-</span> 
     </span>
    </p>
   </div>
   <div class='ocr_carea' id='block_1_110' title="bbox 2077 5495 2698 5565">
    <p class='ocr_par' dir='ltr' id='par_1_110' title="bbox 2077 5495 2698 5565">
     <span class='ocr_line' id='line_1_111' title="bbox 2077 5495 2698 5565; baseline -0.003 -12"><span class='ocrx_word' id='word_1_969' title='bbox 2077 5495 2105 5537; x_wconf 71' lang='grc' dir='ltr'><strong>Ι)</strong></span> <span class='ocrx_word' id='word_1_970' title='bbox 2133 5497 2302 5565; x_wconf 90' lang='lat' dir='ltr'>Edit.,</span> <span class='ocrx_word' id='word_1_971' title='bbox 2326 5499 2698 5553; x_wconf 81' lang='lat' dir='ltr'>crediderunt.</span> 
     </span>
    </p>
   </div>
   <div class='ocr_carea' id='block_1_111' title="bbox 3289 5601 3365 5661">
    <p class='ocr_par' dir='ltr' id='par_1_111' title="bbox 3289 5601 3365 5661">
     <span class='ocr_line' id='line_1_112' title="bbox 3289 5601 3365 5661; baseline 0.013 -1"><span class='ocrx_word' id='word_1_972' title='bbox 3289 5601 3365 5661; x_wconf 77' lang='lat'>45</span> 
     </span>
    </p>
   </div>
  </div>
