3992 6166
545 210 681 286 ως)
1312 210 1370 265 S.
1412 209 1792 269 PASCHASII
1829 208 2191 273 RADBERTI
2227 210 2531 273 ABBATIS
2569 211 3061 270 CORBEIENSIS.
3688 219 3829 279 1520

536 337 645 394 dis.
675 336 834 392 Velle
870 337 1076 415 quippe
1106 349 1128 377 ι
1157 334 1260 393 tibi
1280 334 1487 395 Christi
1515 333 1698 405 gratia
1728 336 2001 391 concessit
2032 356 2042 389 :
2072 336 2193 414 ﬁ-A
2215 335 2334 407 ipse
2360 336 2669 403 ambulare,
2695 342 2761 392 ut
2789 338 2908 412 ipse
2936 338 3259 396 ambulavit.
3294 342 3537 409 Veritas,
3561 345 3622 400 in
3650 364 3825 418 quam

536 426 637 481 des
664 442 795 482 vero
823 424 986 481 bonis
1015 424 1275 497 operibus
1324 421 1644 477 inhaerendo
1703 438 1929 477 currere
1967 424 2131 490 viam,
2218 424 2517 491 credimus,
2540 426 2818 481 credendo
2846 429 3228 497 cognovimus,
3252 433 3638 502 cognoscendo
3670 452 3825 490 ama.

534 532 659 587 qua;
691 515 952 571 Christus
990 520 1092 577 est,
1140 511 1478 567 ministravit
1506 511 1547 563 h.
1599 511 1741 565 Hinc
1788 512 2014 566 credere
2071 530 2135 565 ex
2218 530 2342 567 mus
2370 515 2642 579 ;amando
2673 532 2799 569 vero
2830 516 2937 569 ﬁde
2960 518 3470 591 petimus,petendo
3488 523 3818 593 quaerimus,

534 610 653 659 toto
682 604 869 669 corde,
897 618 1123 675 sperare
1151 618 1215 655 ex
1246 608 1365 654 tota
1392 600 1600 665 anima,
1647 600 1880 669 diligere
1905 618 1968 654 ex
2016 606 2136 653 tota
2218 603 2515 672 quazrendo
2548 605 2839 675 pulsamus
2868 624 2879 657 :
2925 606 3039 659 vita
3082 607 3230 661 enim
3263 625 3389 663 vero
3420 617 3528 673 est,
3569 629 3684 682 qua
3714 614 3821 667 ﬁde

532 694 739 749 virtute
766 691 1055 757 convenit;
1105 690 1251 761 quod
1277 689 1466 742 sinon
1496 688 1728 742 desieris
1758 690 1977 753 velle,et
2004 707 2125 745 cur-
2201 691 2597 758 justiﬁcamur,
2630 709 2757 747 cum
2789 710 2899 747 non
2946 693 3125 759 nobis,
3159 697 3255 751 sed
3303 698 3353 751 ei
3381 700 3715 767 tribuimus,
3757 720 3821 758 ex

529 798 672 843 rene,
702 782 875 837 donec
905 778 1213 851 pervenias,
1246 793 1356 851 quo
1395 776 1628 831 volendo
1658 777 1798 843 ibas,
1844 778 2122 833 credendo
2206 796 2315 850 quo
2333 781 2473 850 justi
2493 798 2557 835 ex
2583 782 2690 835 ﬁde
2712 782 3117 854 vivimus.Ergo
3134 788 3413 855 quomodo
3435 806 3553 842 non
3578 791 3815 845 vivimus

527 869 824 935 currebas;
858 867 990 939 quia
1016 882 1177 921 verax
1210 872 1295 920 est
1318 866 1693 936 omnipotens,
1724 866 1816 937 qui
1837 884 1945 919 non
1969 883 2121 920 men-
2204 886 2331 922 cum
2352 872 2510 923 vitas
2560 888 2660 942 per
2689 871 2852 926 ﬁdem
2885 873 2955 926 ad
2977 890 3044 927 ea
3079 875 3412 931 festinantes
3438 895 3566 948 quae
3599 896 3717 934 non
3746 882 3817 935 vi-

524 958 684 1022 titur,
736 957 904 1020 Deus,
932 955 1166 1010 omnino
1215 954 1487 1029 percipies
1513 955 1660 1026 quod
1689 954 1931 1020 volebas,
1959 961 2015 1008 et
2043 956 2119 1008 vi-
2201 956 2407 1012 dentur
2432 966 2610 1013 totum
2644 977 2709 1014 ex
2742 960 2849 1014 ﬁde
2881 950 3154 1017 vivimus?
3195 963 3262 1018 Et
3286 965 3411 1020 ideo
3442 967 3579 1036 quid
3612 967 3687 1021 de
3708 969 3816 1023 vita

521 1046 704 1101 dendo
724 1044 946 1109 frueris,
981 1060 1103 1115 quae
1131 1042 1417 1097 credebas.
1446 1042 1733 1099 Interdum
1755 1052 1775 1073 "
1797 1050 1984 1097 autem
2025 1060 2117 1115 pe-
2200 1046 2454 1101 dubitare
2482 1065 2798 1120 possumus,
2819 1050 2867 1103 si
2890 1052 3007 1120 jam
3040 1068 3104 1105 ex
3127 1053 3234 1107 ﬁde
3249 1054 3389 1123 justi
3418 1057 3666 1110 sumus?
3687 1058 3814 1112 Haec

520 1135 689 1189 tendo
732 1133 981 1191 desuda:
1015 1132 1316 1202 quaerendo
1346 1131 1609 1202 invigila:
1668 1132 1940 1202 pulsando
1996 1149 2116 1203 per—
2199 1141 2301 1190 est.
2329 1136 2579 1207 inquam,
2613 1137 2669 1192 in
2700 1139 2922 1193 Christo
2944 1141 3192 1207 credere,
3254 1142 3362 1196 ﬁde
3380 1145 3698 1213 justiﬁcari
3727 1164 3806 1201 se-

515 1223 671 1287 siste,
704 1239 775 1279 ne
803 1220 1051 1277 deﬁcias.
1086 1221 1221 1275 Pete
1250 1220 1524 1275 credendo
1556 1219 1664 1277 ﬁde
1683 1221 1777 1274 illa
1808 1238 1930 1293 quae
1955 1237 2112 1275 acce-
2198 1224 2441 1278 cundum
2473 1242 2599 1286 eum
2621 1227 2789 1295 justis
2810 1228 3071 1299 operibus
3086 1230 3374 1285 vivere.De
3396 1249 3513 1303 qua
3538 1234 3809 1290 nimirum

512 1311 645 1382 pisti
670 1329 684 1378 ;
717 1327 901 1385 quare
923 1309 1200 1381 sperando
1237 1325 1356 1380 quae
1385 1308 1665 1369 invenisti,
1693 1310 1850 1380 pulsa
1881 1309 2113 1380 diligen-
2196 1311 2303 1366 ﬁde
2322 1313 2577 1369 Salvator
2606 1315 2825 1387 inquit:
2852 1319 2959 1383 Qui
2985 1320 3158 1372 credit
3184 1323 3246 1373 in
3278 1338 3382 1388 me,
3412 1325 3646 1376 etiamsi
3662 1341 3809 1378 mor-

510 1400 583 1455 do
613 1400 682 1455 ad
713 1416 879 1472 quem
908 1397 1287 1455 intrasti..lam
1309 1397 1456 1452 enim
1472 1398 1659 1466 justus
1682 1414 1745 1451 ex
1764 1397 1872 1452 ﬁde
1906 1398 2041 1451 vivis
2054 1396 2101 1462 ἀ,
2188 1404 2319 1454 tuus
2347 1405 2540 1469 fuerit,
2573 1406 2742 1471 civit;
2763 1411 2811 1458 et
2836 1408 3145 1476 omnis,qui
3164 1412 3319 1473 vivit,
3352 1414 3401 1462 et
3426 1413 3608 1465 credi:
3642 1416 3706 1466 in
3732 1430 3806 1466 me

508 1505 579 1543 ne
608 1494 664 1544 te
683 1488 982 1544 subtrahas
1012 1504 1047 1541 a
1075 1486 1186 1539 vita
1207 1486 1369 1539 ﬁdei:
1410 1486 1545 1557 quia
1574 1498 1599 1527 ο
1627 1486 1673 1539 si
1713 1491 1769 1541 te
1814 1486 2106 1540 subtrahe-
2192 1506 2301 1545 nrm
2336 1494 2607 1545 morietur
2636 1497 2697 1547 in
2726 1500 2992 1548 (sternunt
3047 1498 3224 1561 (Joan.
3258 1512 3332 1557 x1,
3363 1496 3484 1561 ‘26).
3539 1500 3807 1573 Quisquis

506 1578 606 1643 ris,
640 1594 751 1633 non
808 1576 1065 1648 placebit,
1109 1575 1313 1646 inquit,
1362 1575 1590 1647 spiritus
1647 1574 1869 1629 divinus
1906 1575 2107 1629 animm
2190 1596 2323 1649 ergo
2348 1581 2535 1649 justus
2564 1599 2629 1634 ex
2661 1583 2771 1635 ﬁde
2795 1583 3156 1653 justiﬁcatur,
3190 1586 3324 1640 licet
3352 1588 3517 1659 prius
3545 1598 3806 1661 peccator

505 1683 663 1725 metu.
705 1668 850 1720 Cave
879 1681 1012 1736 ergo
1047 1681 1120 1719 ne
1158 1664 1235 1737 sis
1264 1662 1659 1719 subtractionis
1700 1664 1867 1725 ﬁlius,
1901 1664 1999 1717 sed
2023 1664 2469 1729 ac-Bmortuus,
2503 1671 2599 1743 qui
2629 1671 2805 1727 credit
2866 1672 2921 1726 in
2955 1689 3104 1737 eum,
3138 1675 3232 1745 qui
3254 1677 3538 1746 justiﬁcat
3576 1680 3801 1755 impios,

503 1754 864 1827 quisitionis;
916 1759 1139 1825 emptus
1196 1752 1345 1807 enim
1377 1757 1435 1807 et
1471 1751 1779 1822 acquisitus
1811 1770 1869 1806 es
1900 1753 2105 1807 Christi
2188 1757 2439 1828 profecto
2459 1758 2628 1813 vivit:
2666 1766 2721 1814 et
2738 1760 2920 1814 omnis
2952 1760 3046 1831 qui
3070 1762 3288 1829 vivit,et
3306 1765 3488 1819 credit
3510 1766 3571 1821 in
3589 1751 3797 1842 eaquae

500 1844 808 1914 sanguine:
841 1842 961 1897 vive
990 1842 1274 1897 interdum
1302 1842 1492 1911 justus
1513 1858 1577 1894 ex
1610 1841 1738 1904 ﬁde,
1758 1841 2009 1912 nihilque
2037 1843 2113 1896 de‘
2189 1861 2299 1897 non
2332 1845 2609 1912 videntur,
2648 1849 2913 1918 quoniam
2967 1855 3178 1904 aeterna
3207 1858 3357 1915 sunt,
3394 1856 3595 1923 procul
3633 1841 3796 1911 dubio

498 1937 555 1991 te
580 1948 886 2003 praesumas
909 1949 923 1996 ;
946 1930 1043 1985 sed
1084 1930 1223 1987 ﬁdes
1252 1929 1479 1994 Christi,
1513 1929 1697 1999 gratia
1747 1935 2098 1999 cooperante,
2187 1938 2397 1986 mterna
2424 1933 2553 1999 vita,
2588 1935 2896 1991 secundum
2927 1938 3254 1992 interiorem
3288 1939 3585 1996 hominem
3622 1944 3753 1998 vivit
3781 1964 3793 1998 :

500 2021 665 2079 bonis
686 2020 966 2091 justisque
1017 2017 1280 2090 operibus
1327 2018 1612 2072 animetur
1644 2039 1653 2069 :
1688 2034 1878 2071 verum
1911 2017 2055 2087 quod
2087 2018 2108 2059 ί
2184 2020 2429 2091 alioquin
2455 2024 2733 2093 quomodo
2765 2031 2915 2078 recte
2944 2026 3141 2087 credit,
3173 2026 3219 2080 si
3247 2043 3360 2081 non
3387 2032 3709 2085 secundum
3736 2050 3797 2087 ea

493 2110 552 2167 in
574 2110 730 2165 nullo
756 2109 957 2165 deerit.
987 2107 1258 2180 quidquid
1286 2107 1623 2181 promissum
1654 2112 1754 2166 est.
1781 2106 1828 2160 si
1849 2107 1986 2160 velle
1999 2124 2099 2178 per
2181 2124 2304 2177 quae
2332 2116 2465 2163 sunt
2486 2116 2714 2175 interna,
2733 2112 2996 2181 justusex
3022 2114 3131 2167 ﬁde
3150 2114 3321 2169 vivit?
3344 2115 3512 2172 Unde
3555 2127 3789 2197 constat,

490 2199 755 2269 gratiam,
789 2213 1015 2253 currere
1052 2213 1153 2269 per
1192 2196 1357 2250 ﬁdem
1408 2212 1479 2251 ne
1526 2194 1779 2249 desieris.
1814 2195 1960 2260 Haec,
2014 2194 2096 2248 in-
2178 2211 2289 2249 non
2329 2196 2398 2261 ei,
2431 2196 2525 2268 qui
2549 2215 2613 2251 ex
2635 2200 2936 2270 parte;sed
2952 2201 3047 2271 qui
3070 2218 3135 2255 ex
3164 2208 3283 2257 toto
3313 2203 3569 2273 profecto
3598 2194 3788 2267 credit,

490 2305 683 2359 quam,
716 2293 804 2345 est
830 2303 961 2342 vera
983 2284 1205 2357 justitia
1232 2284 1382 2345 ﬁdei,
1406 2284 1474 2341 dc
1496 2284 1712 2339 meritis
1741 2301 1853 2340 non
1882 2300 2093 2355 praesu-
2178 2282 2344 2338 ﬁdem
2360 2285 2426 2339 ad
2446 2286 2721 2355 justitiam
2744 2289 3016 2363 reputari.
3037 2289 3170 2353 Quae
3183 2291 3321 2345 ﬁdes
3336 2292 3618 2349 nimirum
3640 2302 3790 2351 tanta

490 2393 666 2437 mere,
697 2373 1018 2448 Christique
1044 2373 1289 2446 gratiam
1319 2390 1432 2429 non
1462 2373 1762 2445 negligere,
1794 2372 1956 2444 eique
1999 2371 2093 2426 bo-
2174 2378 2230 2425 et
2265 2373 2395 2427 talis
2440 2390 2560 2428 esse
2591 2374 2774 2441 debet,
2801 2383 2867 2430 ut
2898 2377 3168 2446 justiﬁcet
3211 2379 3474 2452 impium,
3524 2400 3601 2438 ne
3647 2386 3788 2440 ultra

486 2480 579 2530 na,
611 2480 736 2535 quin
787 2464 929 2535 agis,
962 2462 1258 2527 ascribere,
1304 2479 1426 2535 qua:
1455 2478 1715 2532 usquam.
1754 2468 1811 2515 et
1840 2478 2088 2533 unquam
2165 2461 2281 2532 jam
2323 2463 2397 2515 sit
2422 2463 2649 2535 impius.
2693 2464 2850 2529 Quod
2880 2467 3017 2520 satis
3038 2467 3107 2521 de
3136 2468 3357 2524 latrone
3387 2472 3607 2527 factum
3633 2491 3786 2529 mon-

484 2553 625 2611 nulli
652 2552 851 2612 defuit,
894 2551 984 2607 cui
1016 2551 1172 2615 ﬁdes,
1196 2569 1318 2622 quae
1348 2567 1447 2621 per
1473 2549 1825 2605 dilectionem
1856 2558 1957 2613 est,
2015 2551 2091 2603 af-
2172 2556 2402 2615 stratur,
2439 2568 2603 2622 quem
2635 2551 2704 2605 de
2735 2570 2900 2607 cruce
2929 2570 3056 2609 mox
3075 2556 3293 2624 justum
3329 2562 3658 2616 transvexit
3680 2563 3707 2603 δ
3733 2567 3783 2617 in

483 2642 608 2708 fuit,
634 2657 702 2698 ex
730 2658 843 2713 qua
866 2642 1052 2711 justus
1073 2657 1138 2694 ex
1171 2640 1279 2694 ﬁde
1309 2640 1459 2693 vivit.
1494 2638 1651 2694 Unde
1682 2645 1859 2693 totum
1888 2639 1963 2692 sit
1992 2640 2093 2693 mi-
2176 2640 2517 2710 paradisum.
2549 2642 2658 2696 Sed
2688 2650 2743 2695 et
2755 2641 3035 2698 Abraham
3059 2662 3074 2709 ;
3107 2646 3240 2716 quia
3268 2649 3530 2714 credidit,
3568 2660 3784 2721 reputa-

480 2731 722 2787 serentis
750 2730 873 2789 Dei,
906 2729 1054 2800 quod
1111 2729 1416 2801 accipimus
1445 2728 1604 2795 velle,
1654 2734 1713 2781 et
1742 2745 1985 2793 currere,
2027 2735 2091 2781 ut
2176 2734 2297 2783 tum
2326 2734 2399 2782 cst
2426 2733 2477 2783 ei
2503 2732 2577 2783 ad
2592 2733 2881 2799 justitiam
2912 2733 3084 2793 (Rom.
3118 2747 3193 2798 iv,
3229 2733 3304 2806 3),
3341 2737 3621 2807 proiecto,
3657 2745 3779 2813 quia

474 2821 615 2890 justi
645 2837 710 2875 ex
739 2820 854 2875 Deo
892 2820 1158 2873 vivamus.
1192 2818 1272 2873 De
1302 2817 1591 2887 promissis
1616 2824 1802 2870 autem
1830 2817 1927 2871 Dei
1949 2817 2087 2871 nihil
2170 2834 2234 2870 ex
2266 2824 2384 2872 toto
2412 2818 2665 2873 credidit.
2697 2821 2838 2874 Nam
2872 2827 2929 2875 et
2952 2829 3120 2877 antea
3144 2824 3285 2879 ﬁdes
3315 2828 3436 2896 ejus
3486 2829 3547 2883 in
3594 2834 3779 2888 multis

476 2909 804 2969 hasitantes
833 2907 1176 2973 difﬁdentia;
1227 2907 1323 2961 sed
1354 2906 1651 2961 confortati
1684 2905 1791 2959 ﬁde
1822 2905 1878 2959 in
1912 2906 2087 2960 omni-
2167 2909 2395 2979 agendae
2428 2906 2440 2947 ί
2470 2910 2593 2965 vitae
2624 2911 2864 2982 negotiis
2880 2920 3257 2983 praecesserat,
3276 2933 3401 2987 qua:
3416 2916 3492 2972 ad
3515 2921 3777 2977 ultimum

477 2996 601 3065 bus,
651 3003 976 3057 constanter
1022 2997 1137 3053 Deo
1187 2994 1427 3067 gloriam
1493 2995 1711 3057 demus,
1762 2993 2282 3081 plenissimecsuis
2338 2997 2729 3067 adintegratur
2766 2999 3042 3069 partibus,
3074 3007 3131 3055 et
3159 3003 3423 3058 universa
3470 3008 3771 3080 colligitur,

472 3086 734 3149 scientes,
770 3101 1116 3156 quascunque
1156 3083 1431 3154 promisit,
1480 3082 1629 3152 quod
1658 3087 1856 3155 potens
1886 3088 1990 3147 est,
2026 3086 2083 3135 et
2166 3102 2272 3156 qua
2302 3084 2480 3139 Deum
2512 3103 2575 3140 ex
2602 3092 2720 3141 toto
2750 3087 3003 3153 credidit,
3034 3095 3092 3143 et
3119 3093 3490 3161 reputaturei
3511 3097 3586 3149 ad
3611 3100 3773 3168 justi-

473 3175 675 3231 fecere.
711 3174 940 3230 Necnon
969 3179 1029 3226 et
1052 3172 1180 3226 ﬁdei
1213 3171 1376 3232 bona,
1412 3188 1533 3241 quae
1574 3170 1813 3240 agimus,
1845 3176 1963 3225 tam
1991 3187 2081 3223 νο·
2162 3173 2319 3227 tiam.
2343 3173 2712 3246 Nequaquam
2729 3175 2905 3246 igitur
2923 3177 2992 3232 de
3011 3178 3141 3232 ﬁliis
3170 3180 3345 3235 Israel
3368 3188 3423 3235 et
3440 3182 3526 3237 ita
3548 3185 3767 3257 legitur,

475 3261 642 3321 lentio
672 3278 841 3333 quam
871 3268 931 3317 et
958 3260 1233 3317 currendo
1255 3260 1607 3325 conﬁtemur,
1633 3259 1780 3330 quod
1810 3259 1929 3313 sine
1958 3259 2078 3329 ipso
2162 3262 2417 3331 quamvis
2437 3264 2795 3329 crediderint,
2842 3265 2988 3320 sicut
3002 3267 3272 3338 scriptum
3297 3276 3406 3324 est:
3427 3272 3571 3341 quia
3596 3275 3769 3329 credi-

473 3352 616 3406 nihil
643 3367 960 3423 possumus,
992 3366 1093 3421 per
1120 3365 1283 3420 quem
1314 3348 1505 3403 omnia
1531 3366 1591 3403 se
1622 3365 1783 3420 posse
1805 3348 2079 3402 conforta-
2161 3349 2366 3405 derunt
2400 3353 2528 3415 Deo,
2561 3358 2619 3405 et
2638 3352 2815 3423 Moysi
2844 3369 3002 3407 servo
3034 3356 3173 3424 ejus.
3200 3357 3348 3427 quod
3390 3360 3464 3413 ad
3490 3362 3767 3431 justitiam

474 3448 566 3499 tus
595 3440 896 3511 Apostolus
922 3438 1239 3509 gloriatur:
1299 3444 1363 3491 ut
1390 3445 1447 3492 et
1474 3454 1595 3502 nos,
1630 3454 1743 3493 non
1779 3454 1842 3490 ex
1868 3436 2026 3490 nobis
2058 3455 2069 3488 :
2158 3438 2239 3492 eis
2277 3439 2350 3492 sit
2382 3440 2797 3511 reputatum.Et
2816 3442 2941 3496 ideo
2971 3441 3029 3496 in
3048 3443 3334 3499 Abraham
3362 3447 3510 3503 ﬁdes
3541 3467 3610 3505 ex
3633 3454 3765 3507 mul-

472 3530 569 3587 sed
596 3529 749 3599 apud
778 3529 956 3583 Deum
982 3526 1218 3598 gloriam
1251 3524 1583 3583 habeamus.
2159 3526 2231 3579 tis
2259 3529 2504 3598 perfecta
2520 3528 2771 3599 partibus
2794 3531 3095 3602 colligitur,
3120 3549 3243 3603 quae
3264 3535 3333 3588 ad
3351 3536 3644 3605 justitiam
3664 3541 3762 3595 sin-

543 3617 596 3677 3.
631 3619 732 3675 His
798 3616 1002 3688 quippe
1051 3614 1270 3670 duobus
1300 3613 1695 3682 justiﬁcamur,
1742 3614 1978 3668 volendo
2005 3630 2071 3666 ex
2153 3616 2320 3685 gulis,
2344 3623 2407 3670 ut
2429 3617 2543 3670 sint
2558 3618 2655 3671 ﬁlii
2684 3618 2940 3687 Abrahae,
2960 3620 3162 3675 debeat
3194 3626 3473 3694 reputari.
3505 3628 3655 3700 Ergo
3681 3638 3759 3684 ta-

468 3709 675 3780 gratia,
703 3706 981 3762 currendo
1005 3721 1105 3776 per
1136 3703 1303 3758 ﬁdem
1330 3722 1341 3756 :
1377 3702 1662 3775 quoniam,
1687 3701 1790 3757 etsi
1811 3702 1921 3755 alia
1941 3707 2074 3755 sunt
2158 3704 2246 3770 lis,
2279 3721 2344 3757 ac
2375 3711 2531 3759 tanta
2562 3705 2699 3760 ﬁdes
2728 3709 3033 3762 secundum
3067 3710 3275 3764 Christi
3300 3714 3557 3782 gratiam
3587 3724 3758 3782 est,ut

472 3814 595 3868 qum
624 3797 901 3859 volumus,
932 3794 1062 3847 licet
1084 3793 1321 3848 necdum
1361 3808 1657 3867 possumus
1688 3810 1700 3857 ;
1734 3791 1843 3844 alia
1873 3790 2075 3861 quibus
2158 3793 2452 3864 promissio
2496 3811 2560 3847 ex
2616 3795 2724 3848 ﬁde
2749 3797 2912 3849 ﬁrma
2939 3796 3015 3851 sit
3041 3799 3424 3865 credentibus,
3479 3810 3539 3858 et
3570 3822 3681 3860 non
3700 3823 3753 3860 ex

468 3886 686 3956 agendo
701 3886 821 3955 jam
854 3900 955 3953 per
980 3882 1221 3953 gratiam
1250 3880 1360 3934 ﬁde
1381 3880 1689 3936 currimus:
1724 3886 1961 3950 utraque
1991 3885 2074 3933 ta-
2156 3882 2404 3936 efﬁcacia
2436 3884 2813 3947 mentis.Qu.'e
2826 3891 3013 3938 autem
3028 3902 3092 3939 ex
3110 3888 3294 3956 gratia
3311 3898 3419 3957 est,
3446 3908 3583 3947 vere
3604 3895 3752 3964 justi.

468 3991 597 4031 men
626 3974 777 4029 dona
805 3976 939 4027 sunt
967 3970 1210 4041 Spiritus
1237 3968 1434 4025 sancti.
1488 3969 1551 4026 In
1582 3967 1781 4039 quibus
1822 3968 2068 4038 profecto
2154 3972 2282 4024 ﬁcat
2296 3972 2598 4027 hominem.
2632 3978 2697 4026 ut
2724 3972 2798 4026 sit
2809 3974 2995 4042 justus
3016 3980 3073 4028 et
3091 3974 3294 4030 habent
3314 3978 3567 4049 gloriam
3616 3984 3747 4056 apud

466 4078 660 4133 pacem
691 4060 962 4117 habentes
1002 4058 1076 4112 ad
1130 4058 1328 4121 Deum,
1362 4057 1701 4113 reconciliati
1754 4056 1863 4109 ﬁde
1888 4056 2065 4126 gratis
2149 4059 2513 4130 Deum,cujus
2532 4061 2718 4131 gratia
2750 4062 3159 4129 iilustratur,ne
3188 4081 3315 4119 cum
3349 4069 3477 4138 ejus
3506 4071 3620 4126 ﬁde
3649 4073 3745 4127 ulla

460 4150 857 4220 iustiﬁcam“,
873 4147 957 4201 Ad
991 4147 1094 4201 hoc
1109 4146 1314 4221 quippe
1328 4149 1609 4215 proposuit
1629 4146 1771 4200 Deus
1787 4147 2062 4213 propitia-
2145 4147 2420 4217 injustitia
2446 4157 2663 4220 regnet.
2689 4150 2953 4221 Alioquin
2968 4168 3087 4220 qua:
3113 4156 3337 4208 societas
3368 4159 3493 4212 luci
3518 4160 3598 4213 ad
3624 4169 3745 4215 tent-

464 4241 667 4295 tioncm
691 4252 793 4305 per
821 4237 981 4301 ﬁdem
1013 4237 1074 4289 in
1093 4238 1365 4300 sanguine
1384 4236 1586 4290 Christi
1608 4234 1680 4287 ad
1708 4236 2125 4316 οείιίτδίοηιήιῃ
2147 4238 2291 4300 bras,
2313 4242 2390 4290 vel
2411 4255 2530 4306 qua:
2554 4241 3158 4308 participatiojustitiz
3183 4258 3308 4295 cum
3344 4246 3656 4314 iniquitate
3685 4250 3744 4316 {ll

448 4292 712 4397 justiti;
735 4292 846 4379 sua?
887 4325 1058 4385 (Rom.
1092 4292 1338 4393 111,225);
1370 4328 1435 4375 ut
1479 4321 1553 4375 sit
1597 4321 1716 4392 ipse
1755 4323 1959 4391 justus,
2002 4292 2372 4386 etDCor.'vI,
2416 4292 2943 4383 iiWéienim‘recte
2963 4328 3145 4383 credis
3174 4329 3233 4384 in
3264 4292 3518 4401 Christo,
3552 4353 3619 4391 ex
3636 4292 3738 4391 Deo

449 4416 767 4487 justitiam;
812 4428 965 4477 eum,
1010 4411 1106 4481 qui
1149 4428 1214 4464 ex
1259 4410 1367 4464 ﬁde
1416 4417 1500 4464 est
1538 4412 1671 4465 Jesu
1701 4410 1911 4464 Christi
1961 4412 2045 4464 Ad
2136 4419 2302 4467 natus
2357 4431 2479 4469 esse
2530 4414 2804 4486 probaris,
2828 4422 2885 4471 et
2913 4420 3013 4485 qui
3039 4420 3233 4472 exDeo
3262 4426 3435 4475 natus
3467 4431 3568 4491 est,
3602 4425 3735 4479 sicut

452 4509 833 4572 ostcmioncm,
899 4501 1099 4573 inquit,
1133 4502 1371 4571 justz’lire
1406 4516 1537 4562 sum,
1572 4504 1629 4554 et
1666 4516 1777 4554 non
1822 4507 2045 4554 nostrze.
2132 4500 2374 4555 Joannes
2406 4509 2664 4567 testatur,
2693 4521 2804 4559 non
2831 4510 3013 4574 peccat
3034 4508 3087 4573 (1
3135 4509 3299 4561 Joan.
3333 4526 3388 4571 v,
3426 4510 3516 4581 18)
3553 4533 3567 4582 ;
3603 4514 3734 4584 quod

452 4594 611 4651 Uade
640 4594 816 4665 ipsius
864 4597 1046 4647 totum
1077 4595 1183 4654 est,
1224 4587 1371 4660 quod
1425 4587 1723 4652 credimus,
1760 4588 1907 4658 quod
1938 4587 2047 4641 ﬁde
2129 4590 2176 4644 si
2209 4592 2533 4661 peccaverit,
2568 4594 2928 4649 manifestum
2950 4600 3034 4649 est
3065 4596 3197 4667 quia
3224 4599 3478 4666 perfecte
3500 4618 3611 4657 non
3630 4620 3731 4657 cre-

448 4681 697 4736 viventes
740 4682 1146 4752 justiﬁcamur:
1180 4676 1439 4749 equidem
1495 4675 1810 4731 miserentis
1839 4676 1958 4741 Dei,
1991 4684 2048 4730 et
2128 4678 2516 4737 dit.Indicium
2532 4699 2663 4753 ergo
2694 4700 2837 4737 vera:
2857 4683 2986 4738 ﬁdei
3005 4690 3108 4741 est.
3132 4685 3179 4739 si
3205 4701 3318 4741 non
3348 4688 3722 4763 delinquatur,

451 4784 565 4825 non
613 4770 908 4833 currentis,
964 4786 1035 4824 ne
1077 4766 1237 4823 nobis
1274 4766 1486 4838 aliquid
1533 4766 1669 4820 dum
1721 4764 2040 4829 tribuimus,
2126 4769 2401 4824 certitudo
2418 4787 2567 4833 vero,
2589 4772 2635 4825 si
2666 4773 2948 4844 opusﬁdei
2970 4773 3312 4829 exerceatad
3337 4777 3643 4846 justitiam,
3670 4788 3723 4833 ut

450 4855 829 4929 prolabamur.
883 4858 1141 4911 Christus
1190 4856 1360 4921 enim,
1401 4863 1463 4910 ut
1492 4855 1612 4928 ipse
1640 4855 1759 4909 ait:
1828 4856 1915 4908 Via
1944 4860 2039 4920 est,
2126 4862 2345 4912 tantum
2365 4858 2826 4928 gloriamhabeat
2849 4862 2999 4934 apud
3029 4862 3227 4917 Deum.
3260 4864 3502 4921 Initium
3528 4869 3720 4943 quippe

446 4953 497 5002 et
548 4947 771 5008 veritas,
799 4950 849 4999 et
896 4948 1012 5001 vita
1049 4948 1230 5012 (Joan.
1279 4960 1394 5005 xxv,
1456 4944 1530 5010 6).
1564 4944 1686 5005 Via,
1731 4960 1832 5015 per
1870 4961 2037 5014 quam
2116 4945 2535 5015 justiﬁcationis
2582 4949 2729 5020 apud
2767 4950 2947 5005 Deum
2976 4951 3115 5006 ﬁdes
3143 4957 3247 5016 est,
3272 4970 3401 5024 quae
3444 4958 3623 5012 credit
3664 4958 3717 5011 in

444 5036 555 5095 ﬁde
590 5048 917 5100 wwamus;
951 5032 1011 5087 in
1061 5050 1173 5104 qua
1209 5033 1304 5104 qui
1360 5034 1554 5102 currit,
1614 5032 1781 5088 debet
1809 5039 1866 5087 et
1915 5031 2036 5104 ipse
2113 5035 2575 5106 justiﬁcationem
2603 5057 2613 5090 :
2648 5038 2831 5094 etbzec
2853 5038 3011 5108 ﬁdes,
3044 5056 3169 5096 cum
3189 5041 3504 5111 justiﬁcata
3529 5047 3712 5111 fuerit,

503 5224 530 5256 ι
560 5211 733 5276 Edit.,
757 5210 1002 5285 quidem.
1024 5276 1058 5285 __
1328 5284 1331 5285 ν
1457 5283 1464 5285 _
2180 5216 2200 5257 ΐ
2234 5213 2404 5282 Edit.,
2447 5217 2687 5285 quidem.

503 5286 529 5325 ι)
556 5276 901 5355 Μιήἱειιῖαυίι
920 5276 1129 5355 melius
1160 5283 1505 5333 monstravit.
2180 5295 2213 5355 tr
2236 5276 2409 5355 Edit.,
2437 5276 2577 5341 uita.

499 5395 524 5426 ο
553 5354 725 5438 Edit.,
755 5353 1005 5439 interim.
2178 5353 2209 5436 ξι
2236 5354 2408 5438 Edit.,
2440 5359 2772 5442 transumit.

494 5440 522 5480 ά
548 5425 719 5498 Edit.,
749 5429 907 5479 vivat.
2176 5439 2190 5469 ι
2234 5426 2404 5495 Edit.,
2432 5431 2655 5498 agenda.

684 5465 719 5492 ο,
756 5464 907 5479 υιυινο
2178 5464 2190 5469 ⁷
2234 5464 2260 5483 Ι-

2178 5464 2190 5469 *
2234 5464 2380 5489 ωῃυ-
2390 5466 2404 5492 θ
2432 5464 2654 5492 ιθνυῖΜο

491 5510 516 5537 ο
540 5496 715 5563 Edit.,
745 5498 863 5566 qui.
