3992 6166
253 145 387 204 1421

245 361 305 414 in
334 361 542 415 animae
566 359 704 422 solo,
731 364 796 414 ut
823 375 886 412 ex
919 359 1173 412 doctrina
1203 358 1409 412 Christi
1438 361 1673 426 surgant
1700 355 1757 408 in
1778 370 1845 408 ea

246 449 412 508 rami.
448 450 542 520 qui
572 448 785 502 fructus
808 464 1038 518 operum
1070 447 1269 500 ferant.
1294 449 1420 503 Non
1453 447 1600 500 enim
1632 462 1698 498 ex
1717 460 1845 514 ope-

247 539 406 593 ribus
438 539 592 610 prius
624 537 782 591 radix
823 537 1076 606 justitiae,
1120 537 1218 589 sed
1264 554 1330 590 ex
1370 535 1558 588 radice
1587 533 1838 604 justitiae,

249 628 360 682 ﬁde
405 626 628 687 scilicet,
657 626 873 680 fructus
924 642 1154 696 operum
1199 631 1474 678 crescunt.
1510 625 1642 676 Haec
1688 638 1849 675 nam-

250 736 362 789 que
393 724 480 772 est
507 719 663 772 radix
690 717 944 787 justitiae,
978 732 1148 787 quam
1173 717 1318 770 Deus
1341 720 1565 785 accepto
1592 714 1702 767 fert
1730 713 1851 766 sine

249 808 536 879 operibus,
569 813 810 868 tantum,
836 813 900 859 ut
930 806 987 858 in
1020 805 1216 858 eadem
1243 804 1463 875 justitia
1494 819 1850 874 permanens,

249 897 469 950 fructus
523 896 690 949 faciat
737 896 992 965 justitize.
1049 895 1182 958 Quae
1230 894 1497 948 nimirum
1552 893 1689 946 ﬁdes
1739 908 1851 945 non

253 987 662 1057 qualiscunque
710 989 826 1046 est;
859 984 955 1037 sed
985 984 1114 1037 talis
1147 984 1392 1047 omnino,
1429 1000 1552 1053 quae
1581 999 1682 1052 per
1711 981 1852 1034 dile-

251 1076 498 1128 ctionem
521 1080 811 1144 operatur:
836 1073 987 1126 verbi
1013 1073 1198 1142 gratia
1220 1072 1676 1133 misericordiam,
1703 1069 1854 1124 beni-

251 1165 552 1234 gnitatem,
569 1163 1438 1227 mansuetudinem,modestiam,
1455 1161 1851 1224 humilitatem,

252 1251 766 1322 longanimitatem,
808 1251 1157 1321 patientiam,
1203 1257 1544 1320 caeterasque
1584 1249 1852 1302 virtutum

254 1357 412 1412 opes,
433 1357 670 1411 quarum
694 1340 937 1410 profecto
965 1340 1179 1394 fructus
1199 1340 1365 1392 simul
1391 1356 1517 1392 cum
1548 1355 1650 1392 sua
1673 1339 1857 1391 radice

254 1436 559 1500 reputatur
586 1429 654 1482 ad
681 1429 960 1499 justitiam
997 1429 1149 1482 omni
1197 1429 1462 1482 credenti.
1496 1429 1564 1482 Et
1591 1429 1722 1481 hinc
1750 1434 1852 1494 est,

257 1519 409 1590 quod
439 1520 507 1572 de
536 1518 820 1572 Abraham
845 1518 1084 1571 dicitur:
1119 1521 1262 1584 Quid
1293 1520 1526 1571 credidit
1556 1519 1674 1571 Deo.
1701 1523 1748 1571 ei
1781 1534 1858 1570 re-

1154 143 1249 198 DE
1285 141 1471 208 FIDE,
1513 138 1644 195 SPE
1682 126 2235 207 ETZCHARITATE.
2284 153 2347 168 —
2386 120 2522 182 LIB.
2565 124 2612 179 Ι.

244 276 520 342 tanquam
547 269 705 324 radix
739 269 901 324 bonae
928 268 1144 323 arboris
1171 268 1350 322 imbre
1378 272 1635 338 suscepto
1667 260 1911 320 haeretA

3379 119 3520 183 1422

2525 248 2760 305 CAPUT
2792 246 2923 306 XII.

1927 347 2072 415 Quid
2109 347 2182 404 sit
2225 346 2544 410 armatura,
2581 341 2665 395 vel
2715 342 3092 396 instrumenta
3136 335 3288 411 ﬁdei,
3320 339 3522 414 quibus

2529 434 2688 485 tanta
2711 430 2900 498 possit.

2006 542 2054 599 1.
2094 545 2418 606 Armatura,
2449 539 2536 593 vel
2564 538 2942 593 instrumenta.
2971 536 3100 592 ﬁdei
3127 541 3262 594 sunt
3288 537 3522 594 virtutes

1930 633 2159 703 agendae
2187 632 2328 696 vitae,
2355 628 2558 701 quibus
2586 628 2726 681 ﬁdes
2755 643 2855 698 per
2884 627 3154 697 Spiritum
3175 633 3431 683 sanctum
3448 628 3525 682 vi-

1932 722 2207 785 viﬁcatur,
2236 727 2294 774 et
2328 718 2723 773 corroboratur
2752 717 2810 770 in
2840 717 3166 771 interiorem
3212 717 3522 785 hominem,

1933 817 1998 865 ut
2013 815 2207 864 contra
2224 809 2412 862 omnia
2433 807 2626 878 possit.
2644 806 2772 860 Hac
2786 822 3030 876 namque
3051 805 3225 860 turris
3243 806 3339 861 illa
3359 812 3446 862 est
3459 824 3527 864 ex

1934 899 2232 969 Evangelia
2269 899 2411 962 (Luc.
2442 913 2546 961 xxv,
2580 892 2694 964 28),
2727 912 2849 966 quae
2879 896 3224 950 construitur
3252 895 3526 950 virtutum

1934 987 2270 1058 sumptibus,
2297 986 2357 1039 in
2387 1001 2499 1056 qua
2527 985 2679 1038 mille
2703 983 2882 1055 clypei
2907 985 3242 1055 dependent,
3267 989 3325 1039 et
3345 984 3530 1038 omnis

1935 1083 2226 1130 armatura
2239 1075 2487 1130 fortium.
2502 1074 2681 1137 Quam
2703 1074 2748 1126 si
2770 1073 2896 1143 quis
2923 1074 3043 1126 sine
3066 1074 3152 1127 his
3167 1073 3382 1144 erigere
3401 1089 3530 1128 eam

1937 1166 2193 1229 voluerit,
2218 1163 2530 1234 prolabitur
2551 1181 2561 1214 :
2580 1163 2660 1215 ita
2687 1169 2752 1216 ut
2775 1179 2970 1216 omnes
2995 1163 3090 1232 qui
3120 1162 3359 1217 viderint
3377 1180 3529 1228 eum,

1939 1255 2208 1325 incipiant
2228 1253 2480 1314 illudere,
2508 1252 2654 1322 quod
2684 1251 2774 1304 hic
2802 1252 2969 1322 ccepit
2995 1251 3197 1305 turrim
3253 1252 3531 1306 aediﬁcare

1939 1343 2090 1406 ﬁdei,
2121 1360 2223 1400 nec
2253 1342 2497 1412 potuerit
2525 1357 2932 1394 consummare.
2967 1342 3164 1410 Itaque
3195 1341 3315 1394 sine
3355 1341 3534 1395 virtu-

1937 1438 2058 1486 tum
2092 1431 2412 1500 sumptibus
2441 1446 2604 1482 nemo
2635 1429 2800 1482 ﬁdem
2831 1429 3087 1493 aediﬁcat,
3129 1435 3192 1483 ut
3221 1430 3292 1483 ad
3331 1432 3535 1488 caelum

1939 1538 2117 1591 usque
2141 1520 2445 1591 pertingat,
2468 1524 2525 1572 et
2547 1524 2740 1571 contra
2772 1518 2964 1574 omnia
2993 1517 3184 1588 possit.
3209 1519 3382 1588 Cujus
3406 1519 3535 1572 fun-

250 1614 518 1677 putatum
541 1613 615 1660 est
636 1610 686 1660 ei
697 1609 778 1660 ad
787 1610 1076 1674 justitiam
1105 1625 1120 1659 :
1143 1612 1529 1659 verumtamen
1551 1605 1856 1659 secundum
1877 1584 1923 1643 B
1939 1612 2288 1672 damentum,
2308 1615 2372 1662 ut
2392 1609 2554 1661 ﬁrma
2577 1608 2668 1671 sit,
2690 1607 2944 1660 Christus
2965 1607 3137 1661 robur
3155 1607 3409 1661 omnium
3433 1607 3542 1660 vir-

254 1697 588 1768 gratiam,et
614 1713 726 1749 non
753 1696 1058 1749 secundum
1081 1695 1351 1761 debitum;
1381 1694 1693 1764 quiajuxta
1707 1711 1860 1748 eum-
1938 1706 2126 1754 tutum
2157 1700 2420 1768 loquatur
2451 1716 2461 1749 :
2498 1697 2771 1767 patientia
2800 1713 2948 1759 vero,
2993 1702 3049 1750 et
3091 1696 3539 1766 longanimitate,

255 1786 392 1840 dem
422 1785 770 1861 Apostolum,
805 1786 992 1850 gratia
1025 1789 1210 1838 autem
1260 1786 1372 1848 Dei,
1405 1787 1519 1837 vita
1553 1790 1758 1836 .rterna
1785 1789 1859 1837 est
1943 1796 2110 1860 atque
2135 1786 2546 1859 perseverantia
2570 1791 2889 1840 constructa
2915 1785 3197 1854 lapidibus
3215 1785 3545 1855 quadris,ad

253 1875 450 1943 (Rom.
467 1873 666 1940 \‘l,‘23).
683 1873 819 1927 Inde
842 1873 887 1926 si
911 1873 1035 1943 quis
1060 1874 1226 1926 ﬁdem
1250 1890 1308 1926 se
1331 1878 1489 1943 putat
1514 1871 1719 1926 habere
1741 1872 1861 1925 sine
1946 1882 2112 1932 ﬁnem
2149 1893 2325 1946 usque
2355 1875 2680 1946 perducitur
2705 1888 2715 1920 :
2751 1891 2849 1944 spe
2874 1881 3026 1927 certa
3055 1873 3112 1926 in
3143 1874 3305 1938 cmlo,
3333 1891 3403 1927 ne
3427 1890 3544 1928 mo-

256 1963 449 2033 gratia
479 1963 703 2032 cogitet,
737 1962 869 2031 quia
898 1962 1134 2015 necdum
1181 1962 1416 2032 adeptus
1463 1967 1550 2015 est
1577 1961 1766 2024 vitam,
1802 1965 1866 2014 ut

254 2054 452 2122 justus
474 2068 536 2104 ex
569 2051 677 2104 ﬁde
702 2050 849 2103 vivat
868 2067 1124 2120 prorsus;
1167 2050 1299 2120 quia
1322 2050 1378 2103 in
1396 2050 1579 2120 gratia
1605 2051 1733 2103 ﬁdei
1757 2051 1866 2104 vita

260 2140 540 2214 probatur
581 2145 808 2193 aeterna.
853 2140 994 2192 Hinc
1033 2156 1253 2209 quoque
1298 2140 1598 2210 Apostolus
1632 2157 1642 2192 :
1678 2141 1740 2195 Si
1775 2141 1869 2194 ha-

263 2215 456 2294 buero,
487 2228 689 2299 inquit,
727 2245 942 2281 omnem
971 2227 1156 2298 ﬁdem,
1187 2231 1265 2280 ita
1309 2233 1374 2280 ut
1402 2233 1606 2280 montes
1638 2230 1870 2295 transfe-

262 2335 420 2382 ram,
441 2318 770 2371 charitatem
785 2322 968 2371 autem
996 2334 1108 2370 non.
1128 2318 1384 2381 habuero,
1411 2318 1559 2370 nihil
1591 2318 1730 2370 mihi
1748 2332 1872 2385 pro-

259 2409 384 2460 dest
415 2406 468 2474 (Ι
493 2406 612 2460 Cor.
647 2419 762 2470 xm,
791 2404 866 2474 2).
902 2406 1036 2468 Quae
1081 2404 1349 2459 nimirum
1401 2406 1556 2471 ﬁdes,
1589 2405 1720 2459 licet
1748 2422 1871 2459 om-

261 2497 368 2550 nia
396 2496 606 2561 credat,
639 2500 850 2559 tamen,
887 2495 1018 2565 quia
1046 2511 1146 2564 per
1171 2497 1414 2562 gratiam
1441 2495 1671 2550 domum
1694 2494 1873 2548 chari-

262 2585 406 2639 tatis
437 2584 668 2638 minime
715 2584 982 2654 percepit,
1015 2584 1216 2636 idcirco
1246 2600 1344 2653 per
1372 2584 1726 2637 dilectionem
1760 2600 1874 2638 non

265 2679 560 2745 operatur,
592 2679 656 2727 ut
684 2673 889 2726 habeat
915 2673 1088 2726 vitam
1118 2660 1406 2736 mternam,
1440 2689 1553 2742 qua
1591 2674 1780 2743 justus
1808 2690 1874 2726 ex

267 2764 386 2816 fide
413 2763 594 2816 vivat:
628 2761 875 2832 alioquin
906 2761 1184 2832 quomodo
1215 2761 1344 2826 nisi,
1378 2761 1492 2814 vita
1520 2762 1669 2824 vivit,
1699 2779 1820 2832 quae
1849 2774 1874 2804 ι

271 2857 368 2906 est
396 2851 454 2904 in
479 2851 662 2921 gratia
691 2850 918 2914 Christi,
944 2849 1194 2920 quisquis
1223 2850 1292 2903 ad
1321 2855 1588 2904 aeternam
1620 2851 1873 2904 festinet?

1945 1974 2142 2021 veatur
2167 1966 2226 2020 in
2256 1965 2424 2019 terris
2451 1964 2600 2017 inter
2619 1965 2822 2016 ﬂuctus
2845 1963 3242 2029 tentationum,
3261 1964 3420 2033 quasi
3449 1981 3545 2018 an-

1949 2057 2118 2109 chora
2148 2057 2436 2119 ﬁrmatur;
2471 2068 2640 2122 quam
2685 2068 2820 2104 sane
2857 2068 3036 2122 spem,
3081 2056 3225 2105 teste
3268 2052 3539 2122 apostolo,

1949 2150 2131 2200 tutam
2161 2144 2432 2197 habemus
2461 2142 2516 2196 in
2545 2141 2682 2195 cmlo
2705 2160 2716 2193 :
2751 2141 3024 2195 charitate
3048 2157 3197 2205 vero,
3220 2145 3285 2194 ut
3306 2141 3380 2196 sit
3399 2146 3547 2195 stru-

1951 2241 2112 2288 ctura
2138 2234 2410 2287 virtutum
2453 2235 2743 2301 compacta
2792 2229 2940 2283 inter
2968 2230 3146 2283 Deum
3179 2235 3235 2284 et
3262 2230 3548 2284 hominem

1951 2323 2037 2376 vel
2063 2322 2396 2392 proximum,
2422 2325 2480 2373 et
2503 2317 2904 2372 indissolubilis
2933 2317 3204 2372 connexio
3233 2317 3427 2372 deiﬁce
3451 2335 3551 2372 cae-

1953 2417 2240 2466 mentatur
2259 2429 2270 2476 ;
2305 2409 2570 2480 quoniam
2587 2407 2830 2461 charitas
2849 2407 3132 2461 vinculum
3155 2412 3241 2460 est
3259 2407 3552 2477 perfectio-

1954 2502 2060 2566 nis,
2095 2501 2153 2554 in
2196 2517 2308 2570 qua
2349 2499 2433 2552 vis
2463 2498 2640 2569 ipsius
2688 2497 2838 2561 ﬁdei,
2873 2501 2930 2550 et
2959 2496 3248 2562 fortitudo,
3282 2513 3451 2567 quam
3481 2511 3554 2550 ex

1955 2591 2070 2645 Deo
2095 2588 2281 2649 habet.
2306 2604 2478 2641 manu
2508 2591 2693 2640 exerta
2718 2592 2934 2656 pugnat
2961 2585 3154 2656 clypeo
3178 2585 3336 2640 bonae
3363 2586 3554 2640 volun-

1956 2678 2108 2740 tatis,
2139 2694 2211 2731 ne
2258 2675 2327 2728 ab
2371 2676 2532 2729 hoste
2578 2675 2850 2741 feriatur;
2895 2673 3026 2727 hinc
3065 2674 3123 2726 in
3152 2674 3267 2728 Deo
3299 2679 3551 2730 coronat.

1955 2766 2263 2820 Prudentia
2288 2770 2496 2827 autem,
2525 2764 2686 2834 quasi
2715 2764 2925 2824 oculus,
2952 2762 3270 2817 acutissime
3291 2780 3412 2834 quae
3442 2764 3558 2819 sint

1956 2857 2177 2922 salutis,
2212 2861 2268 2909 et
2310 2854 2560 2920 adversa,
2601 2860 2668 2908 ut
2710 2854 3078 2918 declinentur,
3121 2854 3554 2924 contemplatur.

269 2941 441 2996 Unde
487 2957 842 3011 summopere
882 2940 1044 3008 juxta
1089 2939 1405 3009 aPOStOIUm
1444 2940 1776 3003 curandum.
1807 2956 1878 2993 ne
1903 2939 2271 3000 CConsilium
2312 2960 2460 3009 vero,
2495 2943 2773 3014 quomodo
2804 2943 2900 2996 illa
2929 2943 3282 3011 effugiemus,
3317 2945 3404 2998 vel
3447 2944 3561 2998 ista

275 3031 493 3086 Christi
510 3031 695 3100 gratia
714 3030 768 3083 in
791 3029 952 3083 nobis
970 3046 1145 3082 vacua
1166 3030 1450 3100 persistat,
1479 3031 1726 3100 profecto
1744 3030 1878 3100 quia

277 3121 409 3175 sine
428 3120 717 3184 charitate,
739 3125 804 3172 ut
833 3119 968 3171 nihil
999 3119 1177 3190 prosit
1205 3118 1384 3183 nobis,
1413 3119 1634 3173 etiamsi
1661 3131 1880 3174 montes

277 3209 608 3272 transferat,
646 3214 699 3262 et
748 3208 1026 3262 daemonia
1067 3208 1322 3278 expellat,
1357 3224 1533 3261 vacua
1578 3215 1785 3275 manet,
1815 3226 1880 3263 eo

282 3299 440 3370 quod
470 3299 515 3351 si
545 3303 630 3352 est
669 3297 994 3351 omnimoda
1022 3296 1079 3349 in
1115 3297 1410 3360 credendo,
1450 3314 1551 3350 nec
1579 3304 1665 3351 est
1692 3303 1882 3352 tamen

279 3387 476 3458 gratia
499 3386 787 3439 charitatis
810 3386 1114 3454 adimpleta
1136 3385 1192 3438 in
1223 3385 1459 3454 agendo.
1485 3386 1552 3438 Et
1580 3386 1710 3455 quia
1729 3387 1885 3440 deest

279 3475 493 3547 gratia.
514 3482 574 3529 ut
596 3475 824 3528 credent
849 3474 987 3528 nihil
1013 3474 1203 3545 prosit,
1229 3475 1386 3526 deest
1414 3473 1494 3526 illi
1524 3475 1635 3528 vita
1653 3480 1880 3539 zeterna,

282 3571 358 3620 ut
380 3567 566 3634 justus
613 3581 676 3618 ex
717 3564 826 3617 ﬁde
868 3564 1033 3616 vivat.
1064 3563 1222 3617 Unde
1265 3579 1391 3615 cum
1422 3564 1688 3633 apostolis
1718 3581 1892 3635 oran:

285 3655 472 3708 dum:
515 3656 763 3717 Domine,
805 3655 1017 3718 adauge
1055 3655 1209 3706 nobis
1248 3656 1409 3720 ﬁdem
1455 3655 1600 3722 (Luc.
1642 3667 1773 3715 xvn,
1809 3651 1882 3719 5);

287 3748 573 3814 quatenus
597 3743 694 3795 illa
713 3741 786 3795 sit
806 3742 959 3805 ﬁdes,
981 3759 1102 3812 quae
1122 3759 1222 3812 per
1242 3743 1596 3796 dilectionem
1623 3747 1889 3812 operatur

1960 3050 2370 3098 conservemus,
2405 3032 2654 3086 insinuat
2687 3033 2860 3086 Porro
2877 3031 3099 3101 justitia
3118 3032 3286 3086 ﬁdem
3306 3033 3460 3086 velut
3483 3033 3564 3087 lo-

1960 3126 2134 3180 ricam
2164 3125 2366 3187 induit,
2413 3129 2470 3177 et
2497 3122 2728 3193 obtegit,
2761 3138 2832 3176 ne
2872 3122 3126 3176 laedatur.
3156 3121 3399 3192 Spiritus
3431 3139 3566 3177 vero

1964 3213 2141 3266 sancti
2166 3212 2409 3282 gladius,
2433 3211 2581 3282 quod
2607 3215 2694 3264 est
2716 3210 2945 3264 verbum
2971 3210 3090 3273 Dei,
3106 3210 3327 3264 fortiter
3344 3211 3569 3265 hostem

1962 3301 2237 3355 verberat.
2273 3302 2549 3355 Caeterum
2597 3300 2885 3353 humilitas
2929 3305 3116 3352 custos
3161 3299 3452 3366 virtutum,
3495 3317 3568 3355 ne

1965 3407 2122 3454 aura,
2159 3406 2283 3459 qua
2314 3404 2704 3459 aggregamus,
2740 3393 2795 3440 et
2824 3392 3022 3441 ventus
3050 3388 3425 3443 tentationum
3456 3388 3569 3443 huc

1967 3479 2209 3547 illucque
2230 3477 2532 3546 dispergat,
2554 3476 2711 3545 ligat,
2737 3481 2794 3528 et
2813 3475 3114 3548 componit,
3139 3482 3202 3529 ut
3219 3477 3440 3530 Christo
3461 3477 3567 3530 eri-

1966 3571 2154 3636 gente,
2185 3565 2360 3619 turris
2385 3565 2514 3618 ﬁdei
2543 3563 2822 3634 gradatim
2843 3569 3072 3633 surgat:
3098 3564 3195 3618 ubi
3225 3564 3564 3630 obedientia,

1970 3655 2015 3708 si
2038 3671 2148 3724 quo
2180 3653 2344 3706 modo
2374 3652 2550 3723 possit
2579 3653 2797 3722 placere
2827 3668 2926 3721 per
2954 3652 3142 3716 ﬁdem,
3166 3653 3261 3722 qui
3283 3670 3343 3707 se
3370 3651 3568 3723 proba-

1969 3742 2068 3805 vit,
2112 3740 2334 3794 fortiter
2360 3739 2613 3793 desudat.
2659 3739 3050 3804 Mansuetudo,
3083 3739 3376 3807 modestia,
3407 3739 3569 3795 beni-

285 3834 352 3886 in
379 3831 556 3896 nobis,
586 3831 717 3901 quia
736 3831 782 3883 si
805 3831 928 3900 quis
946 3831 1141 3897 credit,
1169 3832 1388 3884 etiamsi
1419 3837 1676 3884 mortuus
1702 3831 1888 3896 fuerit,
1972 3829 2158 3900 gnitas
2184 3829 2406 3893 leniter,
2425 3835 2594 3898 atque
2615 3828 2862 3881 suaviter
2882 3834 3066 3882 motus
3085 3835 3426 3900 componunt
3445 3830 3572 3883 ani-

285 3920 460 3973 vivet.
477 3921 711 3973 Constat
738 3936 870 3989 ergo
891 3920 1038 3989 quod
1060 3919 1242 3973 omnis
1262 3921 1356 3990 qui
1379 3920 1530 3982 vivit,
1555 3924 1612 3973 et
1640 3919 1817 3974 credit
1835 3919 1894 3972 in
1975 3918 2079 3984 mi;
2116 3933 2186 3971 ne
2213 3917 2268 3970 in
2297 3917 2485 3988 aliquo
2514 3916 2844 3970 charitatem
2873 3917 3096 3970 laedant.
3128 3917 3321 3971 Timor
3349 3934 3573 3990 quoque

289 4009 541 4073 Christo,
569 4025 680 4061 non
707 4009 978 4062 morietur
999 4009 1055 4062 in
1090 4014 1384 4075 aeternum,
1409 4009 1635 4062 omnino
1667 4025 1731 4062 ex
1756 4009 1896 4061 inte-
1975 4007 2320 4077 compungit,
2342 4012 2399 4060 et
2419 4007 2489 4059 ad
2511 4003 2808 4070 cautelam,
2832 4011 3149 4060 currentem
3176 4006 3326 4060 inter
3342 4007 3573 4078 laqueos

287 4115 419 4168 gro,
455 4097 585 4168 quia
635 4096 829 4161 credit,
863 4103 919 4150 et
950 4098 1292 4167 justiﬁcatur
1333 4115 1433 4168 per
1471 4099 1638 4152 ﬁdem
1673 4097 1898 4167 justitia
1975 4096 2352 4164 tentationum
2383 4094 2600 4148 reducit
2631 4113 2642 4147 :
2677 4094 2774 4148 sed
2805 4111 2874 4148 ne
2903 4094 3159 4149 tristibus
3186 4094 3573 4162 absorbeatur,

290 4187 422 4252 Dei,
439 4187 507 4240 de
529 4204 638 4257 qua
666 4187 949 4257 Propheta
979 4192 1120 4253 orat,
1145 4192 1202 4240 et
1228 4187 1394 4245 dicit:
1427 4189 1672 4252 Domine,
1709 4190 1771 4240 in
1800 4192 1896 4239 tua
1975 4185 2244 4254 gaudium
2268 4184 2528 4254 Spiritus,
2561 4189 2616 4237 et
2640 4184 2936 4238 exsultatio
2967 4184 3091 4239 vita:
3124 4185 3393 4255 spiritalis
3425 4202 3579 4240 men-

281 4278 522 4347 justitia
548 4278 718 4329 libera
739 4292 841 4340 me,
861 4281 908 4329 et
929 4279 1078 4344 eripe
1098 4293 1182 4330 me
1201 4279 1367 4344 (Psal.
1395 4293 1519 4340 xxx,
1544 4275 1617 4337 2).
1653 4276 1784 4338 Quae
1810 4275 1899 4328 ni-
1917 4259 1965 4317 D
1981 4282 2097 4327 tem
2127 4273 2400 4326 exhilarat
2423 4292 2434 4326 :
2464 4273 2544 4326 ita
2564 4278 2627 4326 ut
2655 4273 2792 4326 ﬁdes
2811 4273 3057 4344 gaudeat
3082 4273 3262 4344 magis
3287 4274 3344 4328 in
3371 4275 3582 4345 passio-

292 4365 514 4419 mirum
539 4365 763 4434 justitia
789 4364 907 4428 Dei,
939 4381 1050 4434 qua
1079 4382 1143 4418 ex
1172 4365 1358 4435 gratia
1385 4370 1510 4425 est“
1517 4365 1644 4434 jure
1675 4364 1899 4431 dicitur,

295 4460 606 4526 prOpterea
627 4453 922 4526 promissio
944 4470 1008 4507 ex
1032 4454 1140 4507 ﬁde
1166 4454 1380 4507 ﬁrmior
1399 4453 1664 4520 habetur;
1698 4458 1760 4506 ut
1787 4469 1903 4506 om-

296 4543 392 4598 nis
433 4543 530 4613 qui
559 4543 692 4596 vivit
737 4549 795 4596 et
840 4542 1034 4608 credit,
1064 4559 1177 4596 non
1209 4543 1482 4596 moriatur
1510 4542 1566 4595 in
1607 4548 1898 4595 aeternum.

217 4640 222 4643 ’
297 4631 569 4702 Alioquin
599 4632 645 4685 si
672 4631 867 4697 credit,
899 4636 955 4685 et
1000 4632 1236 4685 necdum
1278 4631 1409 4684 vivit
1443 4633 1630 4701 justus
1661 4647 1724 4684 ex
1771 4629 1900 4696 ﬁde,

297 4721 450 4776 nihil
480 4720 700 4791 proﬁcit
725 4721 796 4773 ad
823 4720 995 4773 vitam
1021 4739 1032 4786 ;
1085 4721 1348 4791 quoniam
1380 4720 1616 4790 justitiae
1645 4720 1745 4774 Dei
1776 4735 1905 4773 nec-

293 4811 440 4864 dum
464 4815 550 4863 est
569 4809 872 4879 subjectus.
899 4810 1113 4863 Rursus
1134 4809 1336 4880 aliquis
1358 4809 1516 4880 prius
1536 4808 1906 4878 quodcunque

294 4899 565 4971 gesserit,
589 4899 637 4952 si
675 4899 779 4951 hac
820 4897 994 4951 fuerit
1015 4898 1237 4968 justitia
1260 4897 1621 4967 justiﬁcatus,
1645 4898 1765 4966 jam
1796 4897 1910 4950 vita

299 4993 525 5043 acterna
538 4986 696 5040 vivit:
715 4987 826 5040 vita
842 5003 972 5040 vero
993 4992 1202 5040 aeterna
1221 4987 1315 5056 qui
1341 4985 1557 5049 vixerit,
1580 5001 1692 5039 non
1715 4985 1912 5040 morie-

303 5085 410 5132 tur
441 5076 500 5130 in
527 5081 829 5142 aeternum;
864 5075 1128 5148 quoniam
1149 5081 1421 5130 aeternum
1454 5081 1557 5138 est,
1587 5075 1734 5145 quod
1756 5075 1910 5139 vivit,

304 5168 456 5221 dum
486 5165 714 5220 omnino
746 5165 986 5231 Christo,
1036 5165 1132 5236 qui
1172 5164 1287 5218 vita
1324 5170 1428 5232 est,
1469 5163 1763 5230 credendo,
1797 5181 1918 5235 spe-

308 5254 520 5322 rando,
545 5253 785 5309 amando
814 5270 882 5308 ex
907 5258 1027 5309 toto
1059 5253 1211 5308 vivit.

385 5458 414 5488 ι
440 5430 613 5502 Edit.,
637 5433 755 5503 qui.

1984 4363 2147 4416 nibus
2172 4379 2341 4432 quam
2371 4362 2430 4416 in
2455 4363 2751 4433 prosperis.
2780 4362 3102 4416 Illustratur
3123 4363 3396 4433 sapientia
3417 4369 3473 4417 et
3500 4364 3582 4417 in-

1984 4452 2238 4518 tellectu;
2284 4452 2518 4506 veritate
2549 4457 2614 4504 ut
2654 4451 2813 4505 fortis
2854 4451 2944 4511 sit,
2976 4451 3212 4505 viriliter
3249 4452 3579 4523 accingitur.

1986 4541 2120 4603 Quae
2139 4541 2328 4594 omnia
2347 4541 2616 4594 virtutum
2641 4540 3037 4606 instrumenta,
3051 4541 3444 4611 temperantia,
3461 4559 3588 4613 quae

1987 4629 2098 4683 alio
2137 4629 2362 4683 nomine
2401 4629 2660 4683 discretio
2688 4635 2933 4692 vocatur,
2982 4630 3162 4682 nutrit
3202 4636 3266 4684 ut
3295 4636 3497 4694 mater,
3531 4637 3590 4686 et

1989 4717 2160 4787 regit;
2195 4734 2265 4771 ne
2293 4718 2650 4770 inﬁrmentur
2669 4716 2696 4758 δ
2720 4722 2774 4771 et
2803 4717 3265 4788 distemperantia
3285 4724 3592 4775 concentus

1989 4806 2394 4877 harmoniaque
2423 4806 2696 4860 virtutum
2725 4807 2990 4860 solvatur.

2061 4895 2114 4951 2.
2147 4895 2374 4950 Talibus
2412 4895 2586 4966 igitur
2615 4900 2671 4948 et
2711 4895 3102 4965 hujuscemodi
3131 4897 3304 4951 armis
3348 4913 3592 4970 praemu-

1991 4985 2111 5040 nita
2140 4986 2295 5048 fides,
2324 4985 2536 5038 inimici
2560 4985 2750 5054 jacula
2777 4985 3016 5054 repellit,
3059 4986 3377 5041 castitatem
3406 4992 3593 5041 custo-

1997 5075 2098 5140 dit,
2131 5074 2400 5146 pudicitia
2426 5074 2740 5140 decoratur,
2782 5072 2944 5128 bonis
2992 5076 3251 5130 omnibus
3281 5075 3596 5148 pinguescit

1998 5169 2056 5218 et
2075 5164 2305 5217 ditatur.
2331 5163 2489 5218 Unde
2513 5162 2805 5234 praesentis
2825 5163 2952 5217 vita:
2971 5170 3362 5235 paupertatem
3385 5164 3590 5235 diligit,

2000 5257 2211 5307 aaterna
2235 5269 2357 5323 quae
2387 5253 2694 5306 creduntur
2721 5252 2904 5306 inhiat
2932 5257 2989 5307 et
3014 5253 3210 5307 ambit.
3235 5253 3431 5310 Solum
3461 5269 3597 5325 ergo

2074 5427 2102 5469 ι)
2130 5428 2302 5497 Edit.,
2335 5431 2679 5498 inﬁrmatur.
