3992 6166
530 268 555 327 1
567 267 672 328 423

1291 267 1348 322 S.
1390 266 1770 324 PASCHASII
1807 266 2172 326 RADBER’I‘I
2208 264 2512 321 ABBATIS
2549 261 3044 318 CORBEIENSIS.

3672 263 3800 323 1424

520 393 729 451 habere
746 393 975 464 gaudet,
991 393 1048 447 in
1069 408 1179 466 quo
1198 396 1333 446 sunt
1350 407 1545 445 omnes
1564 392 1815 447 thesauri
1832 393 2119 467 sapientia}
2136 392 2186 451 A
2205 388 2368 444 nibus
2415 387 2813 460 propellimini.
2855 386 2928 441 ad
2979 400 3164 440 meam
3193 386 3451 457 respicite
3496 386 3804 455 victoriam,

525 488 697 555 atque
728 484 1011 549 scientiae;
1053 482 1319 553 quoniam
1358 480 1476 551 ipse
1514 486 1601 534 est
1628 483 1818 546 turris,
1854 501 1977 554 qua:
2015 483 2124 537 ﬁde

526 572 734 627 Christi
764 590 798 627 a
817 573 1180 627 fundamento
1213 569 1595 623 construitur:
1624 570 1693 624 de
1715 588 1826 641 qua
1851 573 2124 643 propheta

518 661 693 716 David
713 677 725 711 :
743 664 1027 716 Deduxisti
1048 677 1150 723 me,
1177 658 1377 729 inquit,
1405 661 1539 729 quia
1560 660 1741 724 factus
1768 678 1820 713 es
1841 678 1955 730 spes
1981 678 2117 727 mea,

520 753 699 804 turris
718 750 1273 818 fortitudinisafaeie
1295 749 1520 800 inimici
1543 750 1703 807 (Psat.
1729 766 1810 810 Lx,
1838 750 1912 807 4}.
1932 750 1997 803 In
2018 750 2123 803 hac

520 839 726 909 quippe
746 843 903 892 turre
925 837 1063 891 ﬁdes
1083 836 1333 889 radicata
1351 834 1667 889 dilectionis
1693 853 1905 902 amore,
1922 843 1979 891 et
1997 838 2121 892 fun-

519 927 671 992 data,
695 926 885 979 omnia
914 925 1184 979 virtutum
1216 924 1469 978 recondit
1497 924 1891 980 instrumenta.
1924 927 1986 980 In
2019 927 2121 981 hac

518 1013 624 1068 sibi
674 1014 1016 1068 thesaurizat
1062 1013 1358 1067 thesauros
1405 1013 1910 1079 immarcessibiles,
1954 1032 2063 1086 quo
2102 1022 2118 1044 '

519 1103 670 1156 fures
699 1119 812 1155 non
854 1101 1145 1167 effodiunt,
1181 1118 1281 1155 nec
1308 1100 1590 1165 furantur,
1621 1118 1731 1172 quo
1770 1108 1904 1156 sunt
1932 1103 2120 1157 omnia

518 1196 877 1256 aeternorum,
903 1207 1026 1261 quae
1056 1207 1168 1244 non
1197 1190 1474 1255 videntur,
1495 1196 1552 1243 et
1582 1190 1707 1243 ideo
1732 1207 1930 1244 secura
1951 1190 2119 1245 facul-

517 1285 665 1333 tates
689 1279 1084 1350 temporalium
1132 1278 1332 1332 melius
1361 1295 1427 1332 eo
1470 1278 1740 1344 recondit,
1774 1284 1839 1332 ut
1881 1284 2120 1333 aeternas

516 1384 612 1421 eas
642 1368 875 1440 recipiat
899 1386 912 1435 ;
940 1367 1099 1438 quasi
1133 1384 1303 1437 penes
1322 1367 1467 1421 hanc
1486 1366 1655 1421 vitam
1686 1368 1811 1421 illas
1840 1368 2118 1439 expende-

516 1462 631 1527 ret;
653 1456 862 1510 fruitur
881 1457 1032 1510 enim
1056 1473 1190 1527 pace
1208 1472 1310 1527 per
1332 1456 1640 1519 Christum,
1654 1457 1775 1525 jam
1795 1457 1910 1510 Deo
1929 1473 2119 1511 recou-

515 1545 705 1598 ciliata
736 1544 794 1598 in
825 1544 1161 1611 caelestibus,
1195 1561 1311 1613 qua:
1338 1550 1624 1612 exsuperat
1649 1561 1865 1598 omnem
1896 1562 2115 1598 sensum

512 1633 686 1702 (Phil.
718 1648 789 1698 ιν,
816 1633 888 1701 7).
918 1632 1050 1696 Quae
1080 1632 1348 1686 nimirum
1380 1649 1484 1703 pax
1510 1632 1754 1685 custodit
1782 1632 1951 1686 corda
1979 1632 2110 1686 ﬁde-

2207 494 2509 548 meumque
2541 476 2839 547 implorate
2864 474 3154 538 auxilium,
3180 475 3311 545 quia
3338 475 3397 529 in
3423 492 3556 530 mea
3580 477 3804 531 victoria

2205 572 2391 620 vestra
2420 572 2508 619 est
2535 564 2823 619 fortitudo.
2850 564 3147 621 Couﬁdite,
3169 563 3369 634 inquit,
3394 580 3511 617 non
3536 564 3608 617 de
3637 565 3799 630 vobis,

2206 654 2303 708 sed
2347 654 2416 708 de
2450 670 2577 707 mea
2605 652 2870 719 victoria;
2916 651 3186 722 quoniam
3214 668 3319 721 ego
3363 651 3471 705 vici
3511 653 3801 707 mundum.

2203 745 2340 798 Meae
2372 742 2599 815 quidem
2643 741 2937 811 potestatis
2974 748 3079 805 est,
3111 740 3260 811 quod
3305 740 3426 805 vici,
3464 757 3642 811 quam
3681 758 3802 797 sane

2204 836 2560 902 potestatem,
2595 838 2655 883 et
2677 830 2805 883 ﬁdei
2820 831 2950 899 jure
2969 829 3246 895 concessi;
3280 834 3507 883 tantum
3524 831 3800 885 conﬁdite.

2204 921 2346 974 Hinc
2395 935 2617 991 quoque
2674 919 2994 989 Apostolus,
3037 923 3084 973 et
3121 919 3231 973 haec
3278 923 3354 972 est
3408 921 3672 981 victoria,
3697 938 3803 988 qua

2203 1012 2373 1063 vincit
2405 1010 2701 1072 mundum,
2732 1009 2860 1075 ﬁdes
2891 1011 3082 1060 nostra
3110 1009 3286 1070 (Joan.
3311 1023 3365 1073 v,
3399 1005 3477 1071 4).
3518 1008 3659 1070 Quae
3691 1026 3803 1079 pro-

2200 1097 2343 1153 fecto
2373 1098 2532 1157 ﬁdes.
2563 1097 2673 1150 nisi
2702 1095 3101 1150 conﬁdentiam
3146 1094 3352 1149 habeat
3387 1096 3459 1150 de
3491 1096 3705 1151 Christi
3738 1098 3802 1152 vi-

2200 1187 2394 1251 ctoria,
2426 1186 2781 1251 inﬁrmatur;
2820 1192 2877 1239 et
2912 1184 3039 1239 ideo
3067 1185 3296 1239 credere
3323 1189 3557 1256 oportet
3599 1202 3667 1239 ex
3695 1190 3801 1241 tota

2202 1276 2387 1342 corde,
2421 1275 2570 1347 quod
2603 1274 2863 1347 promisit
2889 1293 2901 1327 :
2938 1275 3048 1342 Ego
3076 1276 3349 1328 vobiscum
3378 1290 3510 1328 sum
3541 1292 3714 1344 usque
3737 1279 3802 1330 ad

2199 1367 2733 1419 consmmnationem
2756 1365 2944 1418 saeculi
2966 1364 3178 1434 (Matth.
3198 1360 3529 1431 xxvm,20).
3553 1364 3642 1417 Ad
3664 1364 3800 1435 quod

2200 1471 2333 1524 ergo
2372 1452 2660 1507 nobiscum
2692 1469 2752 1507 se
2783 1451 3080 1523 pollicetur
3105 1452 3433 1517 affuturum,
3470 1451 3585 1505 nisi
3617 1469 3800 1507 rursus

2199 1547 2264 1596 ut
2308 1549 2534 1612 pugnet,
2571 1548 2630 1595 et
2677 1541 2863 1599 vincat
2906 1542 2967 1595 in
3015 1539 3217 1594 nobis?
3256 1540 3407 1611 quod
3436 1551 3460 1573 θ
3489 1541 3539 1595 si
3566 1558 3701 1596 vera
3726 1552 3801 1595 est

2195 1629 2353 1694 ﬁdes,
2383 1630 2588 1684 talibus
2633 1636 2689 1683 et
2730 1629 3055 1699 hujusmodi
3100 1630 3361 1682 ﬁrmatur
3389 1630 3707 1699 promissis,
3736 1648 3799 1684 ne

511 1719 736 1785 lium,et
754 1720 1207 1790 intelligentiam,
1225 1737 1296 1774 ne
1315 1737 1375 1773 se
1391 1719 1689 1774 subtrahat
1714 1721 1885 1775 altius
1906 1726 1970 1774 ut
1990 1737 2113 1774 mo-
2131 1707 2175 1766 Β
2195 1718 2439 1783 deﬁciat,
2474 1719 2608 1772 dum
2634 1718 2946 1789 impellitur
2969 1736 2981 1771 :
3012 1717 3281 1788 alioquin,
3315 1717 3423 1771 nisi
3454 1734 3527 1772 ea
3554 1719 3799 1773 credide-

512 1814 710 1862 veatur
737 1826 771 1861 a
797 1808 925 1873 ﬁde,
952 1825 1062 1879 quo
1087 1825 1199 1862 non
1225 1814 1466 1879 oportet.
1494 1810 1638 1862 Nam
1668 1825 2002 1879 quocunque
2027 1826 2115 1863 ra-

511 1896 591 1950 tio
640 1895 844 1962 deﬁcit,
878 1896 960 1949 vel
991 1896 1331 1960 intellectus,
1365 1897 1503 1950 ﬁdes
1531 1898 1846 1963 succressit,
1899 1914 2113 1968 nosque

509 1983 638 2038 sinu
668 1989 923 2038 materno
953 1984 1361 2055 complectitur,
1394 1991 1451 2039 et
1479 1985 1678 2050 nutrit,
1716 1985 1891 2039 donec
1918 2002 2112 2056 perve-

510 2072 734 2126 niamus
763 2072 832 2126 ad
864 2072 1127 2143 speciem,
1154 2089 1321 2143 quam
1354 2074 1619 2128 ardenter
1645 2074 1704 2127 in
1735 2080 1922 2127 mente
1950 2080 2109 2127 tene-

508 2176 637 2214 mus
668 2176 768 2231 per
787 2159 1255 2230 ﬁdem.Alioquin
1283 2160 1522 2214 multum
1552 2160 1773 2232 desipit,
1798 2161 1895 2232 qui
1924 2167 2105 2215 totum

506 2249 579 2303 de
600 2250 734 2315 Deo,
759 2249 996 2315 ratione,
1016 2250 1101 2303 vel
1132 2249 1422 2304 intellectu
1447 2249 1716 2303 duntaxat
1742 2251 2105 2321 comprehen-

504 2338 637 2392 dere
662 2338 858 2391 credit.

572 2425 626 2480 3.
651 2426 927 2489 Profecto,
952 2425 1084 2497 quia
1112 2427 1258 2481 ratio
1290 2427 1397 2482 ﬁde
1420 2427 1652 2481 inferius
1680 2427 1817 2498 agit,
1844 2427 1977 2481 dum
2008 2428 2103 2482 ubi

500 2513 646 2567 ratio
679 2514 1010 2581 succumbit,
1043 2515 1180 2569 ﬁdes
1225 2515 1493 2570 divinitus
1521 2515 1796 2587 inspirata
1834 2517 2097 2570 succedit.

503 2602 625 2667 Qua
654 2603 724 2657 de
758 2620 928 2658 causa
965 2604 1131 2657 multi
1159 2604 1378 2658 ratione
1407 2606 1671 2670 humana,
1704 2604 1789 2659 vel
1818 2605 1956 2659 artis
1986 2605 2101 2659 elo-

2195 1807 2288 1871 rit,
2317 1812 2526 1877 quanto
2549 1806 2726 1876 magis
2756 1804 2993 1876 tepescit
3024 1805 3267 1868 ﬁdendo,
3296 1810 3460 1858 tanto
3489 1806 3621 1876 plus
3641 1807 3799 1861 offen-

2195 1894 2280 1948 dit
2306 1893 2694 1947 fortitudinem
2727 1893 2877 1957 ﬁdei,
2901 1909 3025 1964 qua:
3054 1892 3311 1947 Christus
3336 1899 3443 1957 est,
3465 1894 3793 1949 amittendo.

2196 1984 2321 2037 Non
2348 1982 2500 2036 enim
2530 1982 2810 2053 permittit
2836 1998 2938 2036 nos
2969 1982 3175 2036 tentari
3213 1998 3386 2052 supra
3413 1980 3473 2035 id
3505 1983 3661 2052 quod

2190 2088 2404 2138 sumus,
2458 2071 2595 2142 quia
2634 2070 2753 2142 ipse
2784 2071 2939 2125 novit
2980 2070 3123 2124 vires
3168 2075 3410 2137 nostras,
3443 2070 3548 2125 sed
3589 2074 3798 2142 quoties

2190 2160 2485 2227 vincimur,
2536 2159 2766 2231 propria
2799 2159 2941 2233 licet
2983 2176 3048 2214 ex
3095 2159 3448 2227 inﬁrmitate,
3495 2160 3797 2215 voluntatis

2187 2249 2320 2303 vitio
2345 2248 2756 2320 prosternimur
2781 2248 2991 2303 amissa
3018 2248 3378 2314 conﬁdentia,
3410 2255 3472 2302 et
3501 2249 3636 2304 ideo
3674 2252 3799 2321 deji-

2187 2338 2388 2392 cimur.
2422 2338 2657 2409 Propter
2680 2337 2829 2408 quod
2854 2337 2913 2391 in
2941 2337 3199 2391 omnibus
3220 2339 3657 2407 perseverantia
3679 2337 3839 2423 ﬁdei;

2187 2432 2273 2481 est
2325 2426 2660 2490 necessaria,
2712 2443 2784 2479 ne
2830 2425 2987 2496 prius
3030 2426 3227 2479 demus
3272 2442 3479 2480 manus
3511 2414 3841 2537 peccandi,j

2194 2532 2351 2537 Α---..,
2385 2515 2561 2537 ΑἷμεμΑ
2595 2515 2771 2537 __2_.A--_
2823 2515 2945 2537 ---2_
2984 2513 3301 2537 -_-L!_-.-...
3342 2522 3420 2537 --Α
3465 2516 3619 2537 ι’---λ
3651 2519 3764 2537 ,δᾲξ

2188 2532 2356 2586 quam
2379 2515 2569 2569 divina
2595 2515 2791 2580 virtus,
2818 2515 2952 2585 quia
2969 2526 2995 2567 «ι
3016 2513 3306 2568 nobiscum
3337 2522 3444 2579 est,
3465 2516 3624 2570 ferat
3645 2513 3840 2585 auxi-'3

2184 2604 2324 2657 lium
2351 2622 2364 2671 ;
2397 2603 2495 2658 sed
2520 2604 2787 2675 relinquit
2823 2603 2894 2657 ad
2919 2603 3220 2668 modicum,
3248 2609 3315 2657 ut
3337 2604 3400 2657 in
3427 2604 3524 2658 his
3550 2622 3798 2661 exercea-
3824 2588 3841 2691 1

503 2692 735 2763 quentia
756 2692 936 2759 ﬁsi,et
953 2693 1199 2747 volentes
1218 2693 1873 2747 omniaDeitatisarcana
1891 2701 2102 2747 temere
2183 2709 2330 2747 mur.
2355 2692 2512 2757 Quod
2552 2693 2599 2746 si
2638 2692 2951 2746 amittimus
2987 2692 3407 2759 conﬁdentiam,
3454 2696 3648 2765 magis
3674 2696 3801 2751 inci-
3835 2700 3840 2739 ἱ

503 2782 1000 2853 comprehendere,
1034 2782 1256 2853 longius
1298 2788 1649 2837 recesserunt
1676 2799 1710 2835 a
1739 2783 1849 2837 ﬁde
1881 2802 1892 2836 :
1938 2790 2106 2853 atque
2188 2782 2373 2835 dimus
2403 2782 2461 2835 in
2491 2783 2859 2835 tentationem
2891 2794 3043 2851 quae
3066 2779 3341 2847 labimur;
3376 2788 3434 2835 et
3462 2782 3609 2836 dum
3633 2785 3800 2855 respi-

505 2870 605 2937 ita,
631 2871 966 2930 dumﬁdem
991 2872 1177 2924 conati
1207 2877 1341 2924 sunt
1365 2888 1466 2941 per
1489 2870 1763 2925 rationem
1793 2871 2103 2937 excludere,
2189 2870 2367 2924 cimus
2398 2870 2659 2924 tenebras
2687 2868 2921 2941 peccati,
2950 2869 3265 2923 amittimus
3312 2870 3512 2924 lumen
3559 2873 3718 2938 fidei,
3747 2874 3798 2926 in

500 2960 678 3013 alieni
710 2959 841 3014 facti
871 2966 1003 3013 sunt
1029 2976 1063 3013 a
1091 2959 1229 3025 ﬁde;
1280 2966 1336 3014 et
1363 2960 1497 3013 dum
1529 2960 1729 3014 altiora
1761 2977 1819 3014 se
1845 2960 2107 3014 humanis
2125 3022 2162 3041 Α
2191 2976 2299 3030 qua
2321 2958 2480 3013 nobis
2500 2964 2654 3013 certa
2678 2958 2910 3013 victoria
2932 2958 3363 3029 repromittitur.
3386 2959 3640 3030 Propter
3659 2962 3797 3033 quod

505 3047 763 3102 sensibus
791 3053 1066 3101 conantur
1089 3047 1561 3113 circumscribere,
1604 3049 1783 3101 multa
1813 3049 1934 3102 sine
1974 3050 2101 3115 ﬁde,
2124 3026 2164 3082 ί)
2187 3048 2370 3118 vigeat
2398 3048 2455 3101 in
2489 3048 2596 3101 ﬁde
2626 3047 3064 3117 magniﬁcentia,
3104 3046 3368 3118 imploret
3396 3048 3619 3104 Christi
3647 3052 3800 3105 auxi-

503 3136 574 3188 de
602 3136 711 3188 ﬁde
741 3141 872 3189 sunt
897 3135 1067 3189 locuti
1106 3154 1118 3188 :
1166 3136 1263 3189 sed
1290 3152 1419 3189 vera
1448 3136 1585 3189 ﬁdes
1612 3142 1736 3190 tuta
1766 3154 1988 3208 semper
2016 3155 2106 3192 re-

503 3221 745 3292 quiescit
773 3221 830 3275 in
860 3221 1100 3286 Christo,
1143 3212 1265 3292 quze
1313 3223 1566 3293 quamvis
1595 3223 1838 3293 plurima
1867 3227 2103 3292 noverit,

502 3310 709 3364 sufﬁcit
721 3310 793 3377 ei,
815 3310 962 3381 quod
985 3310 1288 3372 Christum,
1305 3317 1362 3364 et
1379 3311 1527 3365 hunc
1543 3312 1866 3367 cruciﬁxum
1885 3314 2040 3368 novit
2054 3315 2101 3373 ι).

506 3397 651 3451 Hinc
699 3414 921 3469 quoque
977 3397 1185 3451 Paulus
1228 3416 1238 3450 :
1282 3400 1406 3451 Non
1446 3401 1704 3467 judz’eavi
1760 3418 1860 3467 me,
1897 3401 2100 3472 inquit,

502 3489 644 3541 seire
669 3489 817 3540 inter
846 3503 953 3551 res,
975 3489 1087 3539 nisi
1108 3489 1293 3541 Jesum
1311 3488 1611 3555 Christum,
1635 3494 1681 3542 et
1711 3490 1859 3543 hunc
1888 3494 2105 3558 cruci/i-

502 3590 638 3629 wum
663 3575 716 3642 (I
733 3576 853 3629 Cor.
882 3588 942 3641 II,
978 3574 1054 3641 ‘2).
1087 3575 1150 3629 In
1180 3591 1290 3645 quo
1320 3576 1565 3645 profecto
1591 3593 1659 3630 ac
1686 3577 1732 3631 si
1760 3578 2107 3632 fortitudinis

504 3670 681 3729 turre,
716 3663 845 3717 hinc
890 3663 1020 3717 inde
1051 3663 1190 3717 ﬁdes
1230 3664 1528 3718 virtutibus
1573 3665 1962 3737 circumsepta,
1994 3684 2107 3721 una

505 3753 733 3824 quidem
764 3769 931 3807 manu
966 3752 1273 3823 eademque
1303 3754 1565 3807 credendi
1594 3754 1834 3808 aediﬁcat
1869 3756 2100 3823 turrim;

504 3844 683 3896 altera
713 3858 840 3895 vero
863 3858 1150 3894 armorum
1177 3843 1541 3912 apparatibus
1561 3843 1846 3913 improbos
1873 3844 2107 3899 revincit

504 3931 713 3995 hostes,
743 3936 800 3985 et
827 3947 1024 3985 eorum
1054 3931 1277 4001 repellit
1305 3931 1554 3996 insidias,
1587 3949 1657 3985 ne
1688 3933 1843 3988 falsis
1873 3934 2107 4005 decepta

506 4019 930 4074 oblectamentis
959 4018 1300 4074 succumbat.

576 4108 630 4159 4.
666 4108 756 4160 Sic
787 4107 974 4177 itaque
1012 4109 1190 4161 sancti
1225 4114 1411 4178 patres
1449 4111 1627 4164 nostri
1663 4111 1732 4164 de
1764 4112 2106 4182 captivitate,

507 4196 567 4247 in
595 4196 775 4263 ﬁgura
809 4194 982 4248 totius
1006 4194 1269 4249 Ecclesiae
1298 4199 1744 4264 reascendentes,
1769 4200 2111 4255 destructam

508 4282 822 4335 Jerusalem
873 4299 986 4335 una
1032 4284 1257 4353 quidem
1301 4302 1470 4339 manu
1514 4289 1891 4356 reaediﬁcant;
1933 4290 2111 4344 altera

2188 3135 2324 3189 lium
2351 3135 2704 3199 conﬁdentia,
2749 3152 2871 3206 quae
2914 3136 3051 3189 satis
3080 3139 3167 3189 est
3209 3136 3554 3201 necessaria,
3592 3142 3653 3191 et
3690 3139 3792 3193 fer-

2188 3229 2315 3277 veat
2340 3224 2755 3295 perseverantia
2773 3240 2952 3294 usque
2982 3223 3053 3277 ad
3082 3224 3272 3277 ﬁnem.
3294 3224 3704 3280 Certissimum
3724 3236 3800 3280 est

2189 3313 2341 3367 enim
2373 3314 2522 3384 quod
2565 3329 2857 3384 nunquam
2906 3312 2967 3366 in
3008 3311 3108 3366 tali
3132 3311 3219 3365 ’ac
3263 3316 3430 3366 tanta
3461 3315 3581 3369 ﬁde
3630 3315 3799 3369 aberit

2186 3402 2393 3456 Christi
2422 3402 2691 3470 victoria;
2744 3401 3011 3472 quoniam
3036 3405 3136 3471 qui
3161 3408 3605 3470 perseveraverit
3644 3421 3799 3473 usque

2188 3494 2249 3544 in
2278 3493 2464 3558 ﬁnem,
2488 3492 2578 3545 hic
2603 3494 2788 3544 sal-vus
2807 3493 2915 3543 erit
2934 3490 3152 3555 (Matth.
3180 3506 3233 3553 κ,
3251 3489 3363 3555 12).
3392 3490 3588 3557 Quod,
3615 3497 3669 3547 si
3694 3510 3798 3546 me-

2188 3596 2316 3634 ram
2345 3581 2535 3648 fecerit
2565 3585 2629 3634 ut
2674 3578 2757 3632 ait
2798 3579 3102 3650 Propheta,
3135 3585 3194 3632 et
3236 3578 3561 3634 tardaverit
3590 3581 3792 3652 largiri,

2189 3668 2337 3740 quod
2367 3673 2613 3739 exoptas,
2640 3672 2917 3739 exspecta,
2943 3670 3076 3737 quia
3105 3669 3303 3732 veniet,
3336 3673 3388 3720 et
3420 3684 3543 3723 non
3566 3672 3797 3724 tardabit

2190 3759 2368 3829 (Ilebr.
2406 3772 2469 3816 ιι.
2509 3756 2582 3827 3).
2621 3758 2767 3811 Cave
2809 3756 3003 3826 igitur,
3034 3772 3106 3810 ne
3138 3755 3344 3827 perdas
3375 3758 3795 3813 sustinentium.

2200 3844 2292 3909 Vae,
2327 3842 2509 3912 inquit
2548 3842 2846 3912 Propheta,
2881 3841 2966 3894 his
2992 3844 3092 3910 qui
3117 3844 3527 3896 sustinentium
3564 3847 3800 3913 perdide-

2186 3937 2344 3997 runt,
2372 3937 2420 3984 et
2437 3932 2770 3985 devenerunt
2792 3933 2853 3983 in
2875 3932 2993 3985 vias
3008 3946 3212 3999 pravas
3232 3930 3428 3999 {Eccli.
3446 3945 3516 3997 Il,
3533 3930 3652 4004 16).
3668 3932 3797 3997 Quid

2190 4020 2382 4091 itaque
2405 4019 2630 4085 facient,
2653 4035 2780 4073 cum
2802 4019 3078 4089 inspicere
3097 4018 3332 4089 cmperit
3348 4018 3512 4074 Deus
3528 4023 3799 4076 conscien-

2192 4110 2300 4163 tias
2321 4108 2703 4179 singulorum?
2734 4108 3089 4179 Quapropter
3116 4106 3231 4160 noli
3260 4122 3295 4160 a
3323 4107 3439 4162 ﬁde
3471 4109 3793 4173 desistere‘,

2192 4198 2306 4252 noli
2322 4203 2550 4268 accepto
2571 4196 2770 4250 itinere
2795 4196 3110 4263 declinare;
3142 4195 3347 4250 festina
3372 4212 3491 4266 quo
3514 4199 3792 4259 tendebas,

2193 4292 2251 4340 et
2278 4286 2325 4340 si
2355 4286 2622 4340 cecideris
2641 4296 2670 4338 ε
2689 4284 2759 4339 ob
2789 4285 3170 4356 fragilitatem,
3195 4284 3363 4338 citius
3394 4302 3658 4359 resurge.
3679 4287 3796 4341 Noli

508 4387 639 4425 vero
684 4370 1045 4424 circumcirca
1086 4372 1338 4426 hostibus
1377 4374 1633 4438 obsessis,
1667 4377 1887 4431 fortiter
1914 4375 2342 4433 eademDvitiis
2384 4374 2786 4441 succumbere;
2827 4374 2925 4428 sed
2973 4380 3093 4428 esto
3139 4373 3381 4428 invictus
3423 4384 3628 4431 mente
3657 4376 3795 4431 ﬁdei.

508 4460 619 4513 ﬁde
641 4458 909 4513 divinitus
940 4457 1161 4520 imbuti,
1185 4468 1545 4530 propugnant
1571 4463 1746 4529 (Esdr.
1773 4467 1862 4533 ιν).
1890 4466 1950 4519 In
1999 4483 2110 4536 quo

508 4564 751 4618 namque
772 4547 1036 4601 conﬂictu
1056 4546 1196 4600 bene
1221 4547 1358 4601 ﬁdes
1379 4547 1548 4601 etiam
1571 4549 1687 4603 suis
1707 4550 1962 4606 decertat
1979 4570 2110 4624 par-

508 4633 680 4701 tibus,
712 4641 776 4687 ut
799 4635 1016 4705 majora
1044 4650 1267 4705 semper
1292 4634 1442 4688 velit.
1472 4635 1630 4690 Unde
1660 4638 1957 4707 magniﬁca
1981 4642 2110 4711 jure

511 4721 734 4783 dicitur,
778 4723 912 4776 dum
955 4723 1173 4793 potiora
1221 4739 1463 4793 semper,
1497 4729 1555 4776 et
1600 4742 1724 4794 qua:
1772 4725 1827 4778 in
1876 4744 1943 4781 ea
1980 4734 2113 4782 sunt

510 4809 815 4880 praeterita,
844 4810 1172 4865 obliviscens
1195 4812 1428 4882 appetit.
1454 4813 1627 4882 Cujus
1655 4813 1923 4869 nimirum
1949 4816 2109 4870 forti-

2193 4465 2430 4519 Gressus
2458 4470 2586 4518 tuos
2615 4480 2728 4517 non
2758 4463 3012 4517 retrahat
3036 4461 3296 4516 inimicus
3322 4461 3658 4519 festinantis
3684 4465 3795 4519 ani-

2191 4570 2317 4617 mae,
2363 4553 2502 4607 fides
2548 4558 2700 4607 certa
2736 4552 3009 4624 perducat
3052 4551 3126 4605 ad
3154 4552 3357 4605 Deum.
3392 4553 3528 4607 Non
3566 4555 3719 4608 enim
3743 4571 3794 4606 es

2192 4643 2389 4703 victus,
2415 4642 2591 4696 donec
2628 4648 2827 4712 sponte
2861 4641 3085 4710 jaceas;
3115 4640 3213 4693 sed
3247 4640 3643 4711 congrederis,
3672 4644 3794 4697 dun:

2192 4733 2413 4785 vincere
2434 4731 2617 4785 adhuc
2639 4729 2665 4770 Ιι
2686 4746 2788 4802 per
2808 4729 2975 4783 fidem
2995 4728 3410 4800 appetis.Nulla
3428 4729 3616 4800 igitur
3634 4733 3797 4785 virtus

2192 4821 2313 4874 sine
2360 4820 2468 4873 ﬁde
2512 4824 2762 4891 pugnat;
2816 4817 3087 4890 quoniam
3132 4819 3277 4886 quod
3311 4834 3428 4871 non
3458 4826 3539 4873 est
3578 4838 3647 4877 τε
3681 4822 3795 4888 ﬁde,

510 4897 649 4951 tudo
688 4897 836 4950 Deus
868 4904 970 4963 est,
1014 4906 1077 4953 ut
1113 4900 1232 4970 ipse
1264 4902 1513 4955 clamans
1550 4901 1671 4956 ait:
1707 4903 1988 4971 Conﬁdite,
2017 4923 2109 4973 ego
2185 4912 2469 4975 peccatum
2516 4914 2591 4961 est
2643 4909 2810 4973 (Rom.
2854 4921 2970 4973 xxv,
3010 4906 3119 4976 l3).
3163 4907 3232 4961 Et
3273 4906 3421 4974 ideo,
3450 4911 3801 4981 -quantispef

510 4988 620 5041 vici
650 4985 926 5038 numdum
952 4987 1131 5053 (Joan.
1165 5003 1278 5054 xw,
1306 4988 1421 5058 33).
1448 4991 1528 5043 Ac
1556 4990 1603 5044 si
1632 4997 1892 5061 patenter
1919 4993 2068 5047 dicat
2092 5012 2103 5047 :

510 5092 624 5130 non
652 5074 711 5128 in
742 5072 938 5127 vestris
969 5073 1198 5131 viribus.
1230 5077 1328 5131 sed
1357 5077 1416 5131 in
1454 5094 1582 5131 mea
1621 5078 1728 5133 erit
1756 5078 2102 5148 fortitudine,

512 5164 661 5236 quod
695 5162 932 5216 victores
970 5160 1154 5221 eritis.
1193 5164 1350 5221 Unde
1383 5166 1431 5223 si.
1458 5166 1714 5238 del‘icitis,
1747 5173 1805 5223 et
1825 5169 2106 5244 .tentatio-

581 5330 598 5351 '
630 5322 806 5391 Edit.,
840 5340 989 5393 quos.

580 5393 608 5432 ι)
638 5396 805 5462 Edit.,
840 5401 1070 5452 noverit.

580 5475 604 5536 εξ
632 5465 799 5536 Edit.,
829 5484 948 5536 quae
972 5472 1024 5523 si
1042 5484 1165 5523 vero
1190 5470 1280 5525 est.

578 5533 606 5576 ά
632 5535 803 5607 Edit.,
832 5533 955 5611 quae
975 5542 1262 5598 nobiseum
1287 5541 1363 5598 est
1388 5584 1402 5599 .

2189 4995 2367 5047 fracta
2403 4995 2591 5062 fuerit,
2626 4994 2891 5065 qualibet
2935 5011 3095 5049 arma
3123 4994 3254 5049 ﬁdei
3282 5001 3560 5061 resumat,
3604 4996 3800 5051 eadem

2189 5082 2328 5137 ﬁdes
2357 5099 2482 5137 mox
2510 5084 2887 5149 convalescat;
2921 5084 3187 5155 quoniam
3216 5083 3341 5155 ipsa
3373 5090 3481 5151 est,
3527 5100 3659 5154 qua:
3683 5084 3798 5155 pri-

2187 5188 2344 5227 mum
2364 5178 2594 5228 caeteras
2621 5173 2691 5228 ad
2720 5189 2981 5245 campum
3009 5172 3267 5246 producit
3294 5172 3646 5232 certaminis.
3671 5174 3802 5244 Ipsa

2258 5347 2280 5376 ο
2312 5336 2481 5408 Edit.,
2511 5354 2681 5410 quam
2711 5338 2982 5395 labimur.

2260 5411 2280 5452 τ
2317 5412 2487 5478 Edit.,
2515 5414 2778 5480 desiperes
2791 5455 2804 5469 .

2259 5493 2290 5535 8‘
2319 5482 2488 5543 Edit.,
2521 5485 2822 5537 recesseris.

2261 5551 2289 5592 ιι
2318 5553 2384 5609 In
2410 5552 2575 5610 editis
2598 5553 2757 5610 deest
2781 5553 2981 5610 adhuc.
