3992 6166
248 308 387 367 1425
1162 309 1255 368 DE
1292 308 1478 380 FIDE,
1522 308 1653 369 SPE
1691 307 1781 370 ET
1818 309 2246 376 CHARI’I‘ATE.
2290 347 2357 360 --
2394 314 2531 376 LIB.
2574 317 2621 374 Ι.
3389 325 3525 387 1426

238 434 470 526 quidem
485 434 791 526 priorpetit
803 438 1231 526 campum,etad
1250 455 1485 510 agonem
1504 445 1841 511 pugnatura,
1860 443 1901 501 A
1923 443 2258 513 repudiavit.
2291 443 2434 499 Hinc
2463 461 2684 516 quoque
2715 446 2921 502 Paulus
2952 466 2963 502 :
2994 448 3287 518 Quoniam,
3312 448 3526 526 inquit,

237 530 430 614 exerta
451 523 714 589 brachiis,
741 524 963 579 etnuda
990 525 1839 600 humerisprzeceditintrepida:
1925 547 1994 584 ea:
2026 536 2272 600 maligno
2300 539 2416 587 erat
2446 532 2498 605 (Ι
2514 537 2675 589 Joan.
2708 549 2792 602 III,
2818 534 2928 604 12),
2959 538 3154 610 utique
3184 557 3251 594 ex
3278 523 3527 614 maligno

235 613 316 667 ita
346 618 412 668 ut
434 630 538 668 nec
566 614 808 668 telorum
833 614 1172 681 meminerit,
1206 632 1307 670 nec
1335 634 1623 671 armorum
1640 619 1844 672 suffra-
1924 619 2133 674 animo.
2164 622 2232 675 Et
2259 622 2385 675 ideo
2412 622 2560 692 apud
2592 623 2790 688 Deum,
2827 625 2922 695 qui
2970 628 3140 682 corda
3165 629 3391 700 inspicit
3415 613 3533 686 sin-

233 702 363 771 gia;
398 703 496 757 sed
530 703 707 757 fidens
738 708 980 774 pectore.
1014 720 1207 759 omnes
1234 705 1435 760 animae
1472 707 1711 760 virtutes
1747 723 1840 760 ac-
1923 709 2204 776 gulorum,
2254 711 2467 764 nullam
2513 711 2708 765 retulit
2763 715 3038 769 mercedis
3084 717 3328 777 laudem.
3362 720 3524 775 Unde

233 790 507 846 cenditad
521 791 1047 862 victoriam;quibus
1061 794 1290 848 suffulta
1305 795 1587 849 Christum
1602 796 1843 866 desuper
1921 796 2132 851 Paulus
2160 813 2173 846 :
2204 800 2326 852 Non
2352 802 2453 867 qui
2477 803 2538 852 in
2564 802 2858 867 manifesto
2904 806 3263 859 circumcisus
3292 812 3387 867 est,
3421 809 3521 876 ait,

233 885 519 937 astantem
550 880 770 951 aspicit,
801 886 859 935 et
887 882 1222 936 clamantem
1256 896 1267 930 :
1300 883 1581 952 Con/ﬁdite,
1612 901 1704 951 ego
1732 888 1842 939 vici
1920 887 2012 939 sed
2066 889 2166 954 qui
2212 892 2276 940 in
2322 891 2527 943 occulto
2573 890 2794 943 Judaeus
2839 892 3009 957 (Rom.
3063 909 3122 955 II,
3173 891 3263 957 Ἃ)
3286 914 3302 958 ;
3357 901 3415 949 et
3451 897 3523 951 de

231 971 518 1023 mundum
544 970 729 1037 (Joan.
757 984 868 1034 xVI,
902 968 1010 1037 33).
1042 971 1200 1026 Unde
1228 972 1276 1025 si
1305 973 1457 1026 nuda
1486 973 1747 1028 humanis
1764 973 1840 1026 vi-
1920 972 2204 1029 Abraham
2230 993 2241 1027 :
2269 976 2331 1031 Si
2357 980 2506 1029 enim
2528 993 2592 1029 ea:
2619 980 2869 1044 operibus
2880 983 3224 1047 justiﬁeatus
3243 989 3338 1048 est,
3363 986 3522 1039 habet

231 1056 392 1111 ribus
440 1073 667 1128 semper
692 1072 714 1100 ι
744 1058 845 1112 Dei
883 1064 1077 1113 tuetur
1116 1060 1336 1114 auxiliis
1368 1079 1379 1114 :
1416 1067 1471 1114 et
1500 1067 1564 1115 ut
1590 1062 1839 1132 apertius
1920 1065 2199 1130 gloriam;
2231 1066 2323 1118 sed
2352 1081 2463 1118 non
2492 1067 2642 1134 apud
2682 1068 2855 1120 Deum
2891 1070 3067 1137 (Rom.
3113 1084 3186 1137 Iv,
3238 1070 3319 1129 2).
3358 1073 3524 1127 Patet

232 1146 437 1207 fatear.
466 1146 608 1200 nulli
640 1162 890 1217 unquam
915 1147 1149 1202 victoria
1175 1148 1369 1213 defuit,
1404 1150 1511 1202 nisi
1537 1150 1627 1203 cui
1654 1156 1835 1218 tanta,
1922 1150 2095 1219 igitur
2122 1168 2187 1206 ex
2236 1153 2514 1217 omnibus,
2548 1154 2692 1224 quod
2732 1156 2948 1210 occulta
2989 1158 3171 1212 cordis
3214 1160 3388 1214 solius
3434 1168 3522 1214 est

232 1235 317 1287 vel
366 1234 498 1288 talis
545 1234 685 1289 ﬁdes
727 1236 989 1289 vitiorum
1038 1237 1286 1308 impulsu
1340 1238 1581 1304 defecit;
1628 1246 1685 1293 et
1712 1240 1838 1294 ideo
1922 1240 2022 1293 Dei
2054 1257 2237 1298 nosse.
2270 1241 2479 1295 Idcirco
2510 1243 2627 1313 ipse
2654 1260 2752 1313 per
2784 1260 2842 1297 se
2870 1246 3138 1316 praevidet
3168 1248 3226 1301 in
3268 1264 3521 1319 unoquo-

231 1338 462 1394 semper
486 1324 845 1378 clamandum
878 1343 890 1377 :
922 1326 1171 1389 Domine,
1220 1328 1434 1393 adauge
1482 1329 1634 1381 nobis
1676 1330 1837 1395 ﬁdem
1920 1344 2027 1399 que
2059 1329 2186 1382 ﬁdei
2214 1331 2476 1384 affectum
2509 1336 2565 1385 et
2590 1331 2958 1387 intentionem
2987 1335 3187 1400 cordis,
3215 1341 3279 1390 ut
3298 1337 3518 1405 exinde,

229 1412 385 1483 (Luc.
422 1429 530 1475 xiv,
560 1410 633 1477 4).
1920 1415 2068 1485 quod
2108 1416 2285 1470 solius
2323 1415 2429 1470 Dei
2460 1422 2546 1471 est
2574 1433 2761 1483 nosse,
2795 1418 3006 1473 scilicet
3053 1437 3119 1474 ex
3150 1422 3277 1481 ﬁde.
3312 1422 3523 1478 habeat

1920 1505 2305 1576 unusquisque
2334 1506 2492 1560 intus
2517 1508 2757 1577 gloriam
2787 1508 2936 1578 apud
2967 1509 3145 1562 Deum
3188 1511 3389 1575 solum,
3424 1512 3521 1582 qui

825 1534 1058 1589 CAPUT
1082 1534 1240 1591 XI".
1922 1534 2305 1576 unusquisque
2334 1534 2492 1560 unus
2517 1534 2757 1577 giuuum
2787 1534 2936 1578 upuu
2967 1534 3145 1562 ucum
3188 1534 3389 1575 sutum,
3424 1534 3521 1582 qui

581 1660 591 1671 θ
683 1661 712 1675 η
785 1674 788 1675 ν
832 1662 842 1672 ι
925 1662 935 1673 .
1417 1662 1427 1674 ε
1509 1663 1539 1675 η
1704 1665 1713 1675 _
1919 1594 2136 1648 occulta
2160 1594 2288 1648 ﬁdei
2311 1596 2462 1649 solus
2492 1596 2779 1667 conspicit,
2814 1601 2872 1650 et
2898 1598 3229 1668 qualitatem
3259 1615 3521 1669 compro-

229 1657 625 1727 Quodpropria
641 1661 713 1755 sit
734 1662 1037 1729 unicuique
1055 1675 1177 1724 sua,
1198 1662 1451 1729 quamvis
1468 1663 1541 1714 sit
1558 1665 1831 1729 omnium,
1916 1680 2014 1735 bat
2040 1682 2216 1754 ipsius
2246 1700 2311 1737 ac
2340 1657 2731 1755 quantimtém.
2770 1657 2935 1739 ’Νοτί
2959 1687 3109 1740 enim
3154 1687 3215 1741 in
3257 1657 3522 1743 omn‘ibus

692 1745 700 1763 ’
958 1750 1106 1815 Im”-
1850 1754 1895 1813 Β
1915 1745 2164 1841 aequalis,
2197 1773 2295 1827 sed
2322 1745 2436 1827 uha
2461 1779 2546 1827 est
2574 1774 2730 1827 ﬁdes.
2762 1774 2887 1828 Una
2914 1774 3187 1843 videlicet,
3221 1776 3355 1846 quia
3384 1792 3523 1831 non—

300 1852 362 1911 1.
403 1854 669 1919 Quamvis
708 1855 1012 1926 Apostolus
1057 1855 1207 1910 dicat
1238 1875 1249 1910 :
1297 1859 1414 1912 Una
1462 1860 1610 1926 ﬁdes,
1652 1875 1833 1914 unum
1914 1860 2025 1914 nisi
2054 1877 2200 1915 unus
2225 1867 2312 1915 est
2341 1862 2508 1926 Deus,
2541 1863 2639 1915 sed
2669 1878 2780 1915 non
2809 1863 3060 1931 aequalis,
3093 1863 3189 1933 qui
3234 1880 3346 1918 non
3394 1882 3518 1919 om-

224 1959 450 2012 corpus,
469 1959 649 1997 unum
673 1944 943 2011 baptisma
964 1946 1114 2014 (Eph.
1141 1962 1210 2011 Iv,
1240 1944 1316 2015 5),
1346 1951 1556 2011 tamen,
1582 1951 1646 2001 ut
1661 1965 1834 2019 supra
1914 1947 2079 2003 nibus
2109 1950 2353 2020 perfecta
2378 1956 2464 2004 est
2501 1951 2656 2004 ﬁdes.
2690 1951 2945 2004 Profecto
2977 1951 3033 2005 in
3059 1968 3171 2006 uno
3202 1952 3515 2023 eodemque

223 2032 363 2098 dixi,
387 2037 620 2103 propter
640 2032 1013 2088 differentiam
1037 2034 1333 2098 donorum,
1357 2036 1614 2106 specialis
1630 2043 1686 2091 et
1701 2055 1830 2109 pro-
1914 2038 2142 2092 homine
2166 2038 2467 2109 aliquando
2495 2056 2561 2093 ex
2591 2043 2768 2109 parte,
2804 2039 3107 2110 aliquando
3137 2040 3382 2111 perfecta
3408 2047 3515 2111 est,

224 2120 353 2192 pria
383 2120 624 2175 habetur
652 2123 710 2175 in
735 2121 1149 2192 singulis.Hinc
1169 2124 1360 2194 itaque
1386 2124 1444 2179 in
1477 2125 1587 2180 alio
1613 2127 1832 2181 modica
1912 2126 2217 2186 intantum.
2249 2133 2312 2181 ut
2339 2129 2671 2198 plerumque
2692 2128 2873 2181 multa
2897 2146 2963 2181 ex
2994 2129 3101 2183 ﬁde
3131 2129 3337 2184 habeat
3369 2154 3383 2186 :
3415 2132 3517 2185 sed

222 2209 682 2281 reprehenditur,
723 2211 782 2265 in
807 2212 917 2265 alio
944 2228 1071 2267 vero
1102 2229 1307 2284 magna
1334 2214 1618 2269 laudatur.
1647 2216 1715 2270 Et
1742 2221 1828 2270 ta-
1911 2216 2147 2270 necdum
2176 2217 2234 2270 in
2265 2233 2332 2271 ea
2360 2216 2493 2270 vivit
2513 2218 2723 2287 justus.
2768 2220 2982 2282 Justus,
3024 2218 3226 2288 inquit,
3274 2235 3427 2273 meus
3450 2236 3519 2274 ea:

223 2315 359 2353 men
379 2315 496 2353 una
514 2300 825 2371 eademque
845 2300 904 2354 in
925 2301 1186 2356 omnibus
1197 2304 1327 2372 jure
1347 2303 1613 2369 creditur,
1638 2321 1703 2359 ex
1720 2322 1830 2376 qua
1914 2307 2017 2372 ﬁde
2052 2320 2173 2358 mea
2228 2308 2385 2359 vivit.
2420 2306 2566 2375 Ergo
2605 2305 2855 2376 quisquis
2886 2320 2950 2359 ex
2982 2305 3091 2360 ﬁde
3121 2306 3329 2361 Christi
3360 2308 3517 2367 vivit.

222 2404 405 2442 unum
438 2404 640 2459 wrpus
667 2389 726 2443 in
758 2389 980 2444 Christo
1000 2391 1027 2434 ιι
1048 2391 1341 2457 efﬁcimur,
1394 2409 1495 2463 per
1524 2410 1691 2463 quam
1720 2411 1832 2449 uno
1914 2397 2069 2447 totus
2108 2394 2223 2447 Deo
2263 2394 2414 2458 vivit,
2446 2393 2609 2448 sicuti
2639 2395 2736 2465 qui
2765 2393 2988 2448 dicebat
3018 2413 3029 2447 :
3079 2397 3199 2449 Vivo
3234 2401 3362 2464 jam
3404 2412 3520 2450 non

222 2476 514 2547 baptismo
569 2494 988 2544 consecramur,
1030 2484 1089 2533 et
1128 2480 1186 2534 in
1233 2496 1347 2536 una
1392 2498 1491 2553 spe
1528 2483 1834 2538 vocationis
1916 2498 2027 2550 ego,
2059 2485 2193 2535 vivit
2238 2499 2360 2536 vero
2405 2486 2467 2537 in
2514 2500 2597 2536 me
2641 2484 2892 2537 Christus
2923 2484 3067 2551 (Gal.
3114 2497 3176 2548 II,
3216 2484 3324 2554 20).
3357 2484 3520 2548 Quod

224 2572 458 2633 nostrae,
477 2582 590 2620 una
608 2568 795 2621 etsola
813 2567 949 2621 ﬁdes
966 2574 1052 2622 est
1071 2584 1182 2639 qua
1199 2569 1562 2624 renascimur.
1593 2572 1832 2625 Verum-
1916 2570 2154 2623 scientes
2183 2570 2421 2640 apostoli
2452 2570 2713 2625 dicebant
2753 2589 2764 2622 :
2807 2572 3058 2637 Domine,
3108 2572 3321 2639 adauge
3364 2574 3519 2626 nobis

225 2661 426 2709 tamen
456 2661 685 2726 propter
711 2656 953 2726 gratiam
972 2657 1246 2711 donorum
1278 2659 1507 2729 propria
1535 2659 1834 2731 unicuique
1915 2661 2096 2726 ﬁdem.
2126 2660 2272 2713 Nam
2306 2658 2401 2729 qui
2424 2660 2592 2713 ﬁdem
2624 2658 2729 2713 sibi
2756 2659 2951 2728 augeri
2977 2664 3261 2730 exoptant,
3274 2660 3393 2729 jam
3415 2659 3519 2713 ali-

224 2744 494 2815 largitur,
519 2751 575 2798 et
593 2745 662 2799 ad
694 2761 1016 2800 mensuram
1046 2746 1222 2818 ipsius
1239 2747 1388 2812 ﬁdei,
1413 2752 1556 2801 teste
1580 2750 1833 2818 apostolo
1916 2764 2083 2818 quam
2119 2747 2283 2801 ﬁdem
2320 2747 2543 2810 habent,
2569 2753 2627 2802 et
2647 2765 2713 2802 ex
2736 2748 2844 2802 ﬁde
2872 2754 3091 2817 rogant,
3117 2754 3181 2803 ut
3204 2764 3271 2802 ex
3297 2749 3520 2818 integro

221 2833 428 2899 Paulo,
463 2840 664 2888 autem
697 2834 1102 2890 charismatum
1141 2835 1288 2890 dona
1347 2842 1702 2907 praestantur.
1738 2839 1833 2892 Est
1910 2827 1972 2889 in
2006 2836 2112 2890 ﬁde
2141 2836 2347 2891 vivant.

227 2924 385 2978 enim
408 2923 682 2978 initiatrix
710 2924 963 2979 omnium
992 2924 1283 2991 virtutum,
1312 2931 1370 2980 et
1399 2926 1524 2980 ideo
1555 2927 1709 2997 prior
1734 2927 1832 2981 illa
1985 2924 2037 2979 τὶ.
2070 2925 2308 2996 Propter
2353 2925 2499 2996 quod
2552 2941 2714 2979 nemo
2760 2925 2867 2979 sibi
2911 2926 3235 2997 applaudat,
3271 2943 3397 2982 mox
3454 2932 3520 2982 ut

225 3029 335 3084 per
365 3012 636 3084 Spiritum
668 3020 924 3068 sanctum
945 3014 1134 3083 datur,
1157 3021 1221 3069 ut
1238 3015 1468 3086 reliquas
1495 3016 1730 3070 virtutes
1758 3017 1829 3071 ad
1853 3068 1893 3086 η
1915 3014 2201 3085 quippiam
2229 3014 2298 3068 de
2322 3015 2437 3068 Deo
2462 3014 2781 3080 crediderit,
2813 3021 2870 3068 et
2895 3014 3106 3085 aliquid
3135 3032 3200 3069 ex
3233 3016 3342 3069 ﬁde
3371 3015 3519 3071 fece-

225 3103 358 3172 ejus
384 3118 705 3157 mensuram
735 3103 973 3173 singulis
1000 3104 1422 3175 dispertiantur.
1444 3105 1600 3159 Unde
1628 3103 2028 3177 ubiqueurit;
2089 3103 2186 3157 sed
2242 3103 2558 3157 consideret
2600 3103 2646 3157 si
2694 3104 2811 3173 jam
2868 3108 3020 3157 totus
3073 3120 3137 3156 ex
3174 3104 3284 3157 ﬁde
3329 3104 3462 3158 vivit
3501 3123 3515 3158 :

224 3190 391 3262 prius
442 3191 580 3246 ﬁdes
618 3197 718 3245 aut
760 3192 1085 3263 requiritur,
1136 3198 1235 3246 aut
1280 3193 1472 3250 datur.
1507 3194 1835 3265 Requiritur
1914 3192 2117 3247 deinde
2141 3191 2186 3246 si
2219 3192 2355 3246 ﬁdes
2383 3192 2501 3261 ejus
2528 3192 2587 3245 in
2616 3191 2891 3245 charitate
2922 3192 3170 3245 radicata
3202 3197 3260 3246 et
3284 3191 3519 3247 fundata

218 3287 441 3346 autem,
466 3297 593 3334 cum
618 3281 841 3335 Martha
863 3281 1245 3351 interrogatur
1273 3301 1289 3336 :
1315 3284 1502 3338 Credis
1522 3284 1660 3337 hoc?
1688 3285 1829 3338 Tum
1912 3279 2111 3347 fuerit;
2158 3286 2223 3334 ut
2250 3281 2324 3333 sit
2370 3281 2466 3334 illa
2519 3297 2641 3350 qua)
2673 3297 2771 3350 per
2816 3280 3172 3334 dilectionem
3224 3286 3515 3351 operatur.

216 3369 370 3423 illa:
402 3370 569 3423 Credo
622 3373 831 3438 utique,
889 3371 1135 3436 Domine,
1188 3374 1323 3439 quia
1373 3377 1432 3424 tu
1482 3388 1533 3425 es
1581 3373 1829 3426 Christus
1911 3368 2172 3439 Alioquin
2198 3368 2243 3422 si
2270 3368 2546 3431 habuerit,
2574 3370 2737 3438 juxta
2778 3367 3136 3438 Apostolum,
3190 3385 3417 3423 omnem
3448 3371 3517 3423 ﬁ-

217 3460 405 3513 Filius
436 3459 533 3511 Dei
558 3461 687 3523 vivi,
710 3462 810 3528 qui
839 3462 901 3513 in
931 3460 1081 3513 hunc
1110 3462 1388 3513 mundum
1418 3463 1617 3514 venisti
1647 3463 1824 3528 (Joan.
1911 3458 2060 3517 (lem.
2094 3457 2174 3511 ita
2202 3463 2265 3511 ut
2309 3463 2528 3511 montes
2565 3456 2886 3521 transferat,
2934 3456 3268 3511 charitatem
3326 3464 3518 3513 autem

216 3561 340 3610 XVI,
370 3542 480 3615 ‘27).
511 3547 645 3600 Post
680 3548 841 3617 cujus
871 3547 1061 3618 itaque
1092 3547 1260 3601 ﬁdem
1301 3565 1428 3602 mox
1474 3549 1717 3603 Lazarus
1745 3567 1831 3605 re-
1910 3563 2021 3600 non
2048 3546 2324 3607 habuerit,
2360 3546 2499 3599 nihil
2524 3546 2574 3599 ei
2606 3545 2832 3615 prodest
2857 3546 2905 3615 (Ι
2931 3546 3054 3599 Cor.
3103 3560 3224 3608 XIII,
3255 3545 3335 3615 2).
3376 3547 3512 3610 Quae

214 3635 774 3691 suscitatur.Etalibi
793 3652 920 3691 cum
942 3636 1169 3707 quidam
1184 3637 1523 3709 paralyticus
1540 3644 1829 3709 aquatuor
1910 3635 2176 3689 nimirum
2206 3635 2342 3689 ﬁdes
2370 3634 2429 3688 in
2461 3634 2759 3703 Evangelio
2784 3649 2962 3703 grano
2992 3633 3203 3704 sinapis
3224 3650 3513 3705 compara-

213 3726 487 3791 ferretur,
522 3726 709 3779 Videas
739 3728 893 3779 Jesus
920 3727 1080 3793 ﬁdem
1110 3728 1362 3791 illorum,
1389 3727 1469 3779 ait
1490 3727 1829 3797 evangelista
1909 3725 2237 3790 tur(.llatth.
2263 3738 2399 3788 xvn,
2430 3722 2536 3791 19;,
2561 3723 2666 3776 etsi
2696 3728 2856 3776 tanta
2883 3738 3047 3791 posse
3078 3722 3358 3791 videatur,
3389 3739 3513 3777 ma-

215 3814 441 3886 (Matth.
475 3827 552 3877 Ix,
580 3811 653 3879 2,3;
689 3813 784 3882 qui
814 3812 1137 3867 efferebant.
1171 3813 1332 3877 Quod
1378 3814 1514 3867 satis
1559 3815 1825 3869 conside-

212 3903 489 3968 randum,
512 3901 645 3972 quia
655 3901 1027 3972 quodcunque
1045 3901 1294 3971 gerimus
1316 3918 1382 3955 ex
1396 3902 1821 3974 ﬁde,pensatur.

212 3990 384 4047 Unde
412 3990 683 4046 Dominus
725 3990 784 4044 in
814 3990 1079 4054 Levitico,
1126 4007 1252 4044 cum
1297 3991 1366 4044 de
1416 3991 1701 4045 sacriﬁciis
1739 3992 1824 4047 lo-

212 4086 495 4153 queretur
524 4094 536 4128 :
576 4082 760 4143 Toltet,
788 4079 992 4150 inquit,
1023 4081 1268 4134 sacerdos
1287 4083 1564 4149 pugillum
1594 4085 1824 4150 plenum

211 4173 419 4224 simila
451 4171 587 4235 (Lev.
622 4186 690 4233 vI,
722 4169 837 4238 15).
872 4170 1015 4239 Ergo
1046 4185 1147 4240 per
1175 4169 1449 4239 pugillum
1482 4170 1619 4224 ﬁdes
1645 4171 1824 4241 expri-

212 4260 417 4324 mitur,
441 4264 505 4312 ut
534 4258 921 4329 unusquisque
942 4264 1161 4313 tantum
1184 4259 1382 4313 offerat
1408 4260 1523 4313 Deo
1553 4266 1826 4330 quantum

1905 3830 2021 3884 gna
2050 3813 2276 3884 quidem
2309 3818 2508 3884 potest,
2546 3812 2679 3883 quia
2695 3828 2761 3865 ex
2792 3827 2995 3880 magno
3026 3816 3362 3880 potestatem
3392 3828 3509 3865 ma-

1904 3918 2077 3971 gnam
2106 3901 2319 3971 accepit
2350 3918 2363 3956 :
2399 3902 2555 3954 Dedit
2602 3904 2678 3953 eis
2722 3904 3041 3968 potestatem
3080 3901 3223 3965 ﬁlios
3259 3900 3359 3952 Dei
3386 3902 3514 3967 ﬁeri

1912 3993 2089 4055 (Joan.
2119 4005 2158 4055 I,
2191 3988 2295 4049 12).
2325 3989 2433 4043 Sed
2482 3988 2559 4053 hi,
2595 3987 2690 4058 qui
2720 3987 3112 4041 tantummodo
3139 3993 3359 4041 montes
3388 3987 3511 4042 sine

1906 4078 2181 4132 charitate
2208 4077 2583 4146 transferunt,
2616 4082 2672 4130 et
2699 4075 2976 4130 daemonia
2996 4076 3297 4146 repellunt,
3332 4077 3504 4131 virtu-

1905 4172 2101 4238 tesque
2134 4166 2339 4220 multas
2372 4166 2600 4229 faciunt,
2637 4165 2767 4218 licet
2795 4164 3177 4218 omnimodam
3211 4165 3379 4219 ﬁdem
3408 4167 3509 4241 ha:-

1908 4254 2080 4310 beant
2108 4255 2162 4308 in
2190 4255 2488 4321 credendo,
2536 4254 2669 4324 quia
2700 4254 2937 4307 necdum
2964 4253 3180 4308 viscera
3209 4260 3340 4308 sunt
3366 4254 3508 4307 dile-

210 4347 360 4400 ﬁdes
393 4347 560 4417 capit.
592 4347 867 4401 Aﬁectum
898 4363 1143 4418 namque
1188 4347 1318 4401 ﬁdei
1363 4348 1584 4402 divinus
1615 4348 1890 4441 arbiterD
1909 4344 2108 4398 ctionis
2137 4344 2364 4408 Christi,
2399 4345 2814 4413 degenerantur
2839 4359 2874 4395 a
2907 4342 3146 4406 Christo,
3184 4348 3241 4396 et
3268 4343 3506 4396 necdum

208 4436 374 4489 intus
403 4435 461 4489 in
491 4437 706 4490 occulto
730 4435 884 4506 prius
905 4436 1203 4501 examinat,
1233 4442 1290 4489 et
1309 4442 1443 4490 tunc
1475 4454 1541 4490 ex
1567 4454 1633 4491 ea
1653 4454 1825 4508 Opera

210 4531 570 4594 compensat.
617 4525 804 4596 Opera
847 4525 1053 4595 quippe
1076 4539 1098 4564 ε
1124 4524 1308 4595 palam
1325 4532 1471 4599 .sunt
1513 4533 1692 4596 gesta,
1723 4527 1820 4581 sed

204 4613 358 4667 ﬁdes
378 4612 485 4667 soli
506 4614 620 4668 Deo
641 4618 813 4685 patet.
840 4614 971 4668 Ideo
994 4614 1175 4684 inquit
1198 4615 1539 4684 evangelista
1570 4635 1581 4669 :
1632 4618 1819 4670 Videris

200 4705 369 4756 Jesus
395 4703 559 4769 ﬁdem
585 4706 815 4756 illorum
854 4702 950 4773 qui
980 4701 1286 4756 ell‘erebant
1315 4722 1325 4756 :
1362 4704 1626 4775 quoniam
1658 4705 1823 4776 quid-

202 4790 352 4862 quid
400 4791 518 4844 Deo
555 4790 675 4844 sine
724 4797 880 4844 recta
906 4791 1015 4845 ﬁde
1045 4791 1299 4857 offertur,
1333 4792 1512 4861 magis
1541 4793 1817 4865 displicet,

199 4881 364 4936 sicut
402 4880 473 4934 de
494 4879 632 4935 Cain
661 4880 869 4950 legitur
894 4898 904 4932 :
943 4882 1093 4948 Quod
1120 4885 1353 4949 respexit
1379 4884 1517 4936 Deus
1545 4884 1619 4935 ad
1657 4884 1819 4949 Cain,

195 4976 256 5026 et
289 4971 369 5024 ad
397 4985 638 5023 munera
666 4972 783 5037 ejus
814 4985 925 5022 non
965 4972 1198 5038 respexit
1231 4972 1381 5033 (Gen.
1418 4985 1490 5028 Iv.
1531 4971 1606 5041 5).
1638 4972 1824 5036 Quare

193 5065 408 5116 autem
438 5058 506 5112 ad
536 5074 775 5112 munera
814 5074 925 5111 non
957 5058 1287 5128 respexerit,
1337 5059 1632 5114 manifesta
1676 5061 1821 5115 ratio

190 5154 320 5210 est,
349 5146 486 5218 quia
530 5163 659 5201 cum
703 5163 831 5200 eum
865 5146 1019 5217 prius
1056 5146 1314 5213 intuitus,
1365 5149 1573 5219 reperit
1607 5149 1666 5203 in
1699 5151 1821 5219 ejus

188 5234 533 5292 intentione
586 5234 791 5297 cordis,
850 5234 999 5304 quod
1043 5249 1156 5288 non
1199 5241 1351 5289 recta
1398 5236 1507 5289 ﬁde
1546 5236 1815 5293 oﬁerret:

190 5324 425 5380 idcirco
458 5339 695 5378 munera
742 5323 938 5395 ipsius,
974 5324 1227 5396 quamvis
1266 5331 1420 5379 recte
1452 5325 1659 5393 oblata,
1690 5328 1820 5397 jure

277 5476 307 5504 ³
335 5463 507 5528 Editi.
539 5471 701 5521 semet
732 5483 844 5522 non
873 5466 1039 5521 male.

276 5538 311 5578 δ
329 5536 399 5591 In
421 5536 587 5593 editis
617 5537 969 5599 desideratur
994 5541 1059 5595 in
1088 5539 1323 5605 Christo,

277 5605 302 5631 °
337 5606 509 5675 ﬁdit,
539 5611 781 5689 quidem.

1907 4438 2128 4509 plenam
2162 4442 2533 4509 perceperunt
2560 4441 2893 4507 potestatem
2923 4435 3073 4499 ﬁdei,
3098 4440 3162 4489 ut
3185 4439 3373 4488 essent
3402 4434 3508 4492 ﬁlii

1906 4526 2027 4580 Dei.
2089 4527 2301 4580 Tamen
2352 4542 2641 4596 nunquam
2681 4525 2819 4579 adeo
2853 4541 3028 4579 vacua
3074 4530 3160 4578 est
3197 4524 3367 4591 ﬁdes;
3409 4524 3509 4578 sed

1904 4613 2083 4684 qualis
2122 4621 2179 4668 et
2206 4620 2417 4684 quanta
2444 4614 2613 4667 fuerit
2639 4613 2777 4684 ipsa,
2829 4613 2959 4665 talis
3000 4618 3058 4666 et
3105 4617 3265 4665 tanta
3296 4611 3507 4683 ubique

1905 4700 1932 4741 ἀ
1970 4707 2216 4773 potestas
2246 4703 2368 4771 ejus
2411 4702 2670 4767 refertur,
2717 4701 2806 4755 cui
2853 4717 2979 4753 cum
3042 4700 3247 4754 desunt
3296 4700 3513 4754 viscera

1906 4791 2136 4855 amoris,
2164 4790 2322 4845 deest
2333 4796 2388 4844 et
2405 4795 2654 4861 potestas
2677 4789 3013 4859 adoptionis;
3039 4789 3305 4860 quoniam
3325 4790 3510 4843 omnis

1905 4881 2122 4948 adoptio
2153 4884 2210 4932 et
2238 4879 2545 4950 paternitas
2573 4878 2865 4932 charitatis
2894 4894 3088 4931 amore
3134 4879 3303 4949 plena
3353 4884 3505 4945 sunt,

1906 4975 1962 5022 et
1990 4968 2109 5021 sola
2137 4967 2432 5022 dilectione
2475 4967 2579 5021 sibi
2622 4967 2692 5020 ad
2733 4966 2971 5020 invicem
3016 4967 3497 5023 conviscerantur.

1903 5058 2045 5112 Hinc
2076 5074 2298 5128 quoque
2345 5057 2699 5128 imploranda
2727 5062 2811 5111 est
2858 5073 3083 5128 semper
3107 5057 3224 5121 illa,
3261 5073 3383 5127 quae
3411 5071 3513 5126 per

1902 5146 2260 5200 dilectionem
2308 5152 2592 5216 operatur,
2650 5154 2715 5199 ut
2760 5146 2806 5199 si
2842 5146 3065 5216 integra
3099 5151 3155 5199 et
3185 5161 3314 5197 vera
3341 5143 3503 5206 ﬁdes,

1903 5236 2048 5290 sicut
2075 5235 2135 5289 in
2164 5236 2460 5300 credendo,
2493 5235 2573 5288 ita
2599 5242 2657 5289 et
2681 5236 2740 5289 in
2771 5234 3009 5305 agendo,
3039 5233 3301 5299 amando,
3338 5231 3511 5285 virtu-

1901 5330 2022 5379 tum
2055 5325 2318 5397 operibus
2350 5325 2926 5391 insudando,tantum
2964 5329 3026 5377 ut
3047 5321 3249 5375 habeat
3262 5320 3504 5390 gloriam

1975 5467 2003 5509 ά
2032 5469 2097 5524 In
2119 5468 2254 5524 edit.
2278 5467 2395 5522 haec
2423 5466 2834 5532 desiderantur,
2850 5469 3081 5535 potestas
3096 5466 3214 5531 ejus
3241 5464 3510 5531 refertur,

1904 5543 1999 5604 cui
2023 5557 2147 5595 cum
2177 5555 2280 5614 sua
2308 5542 2506 5606 desunt
2536 5542 2745 5605 viscera
2775 5537 3006 5604 amoris,
3036 5535 3197 5599 deest,
3223 5536 3329 5591 etc.

2174 5746 2597 6031 ι

2102 6046 2165 6137 Α..
