3992 6166
524 412 556 469 1
567 409 678 471 427

1296 410 1356 466 S.
1395 408 1777 466 PASCHASII
1814 405 2181 464 RADBERTI
2218 405 2524 463 ABBATIS
2568 407 3061 471 CORBEIENSIS.

3679 419 3800 478 “28

526 534 680 608 apud
707 536 908 601 Deum,
939 536 1092 607 apud
1118 548 1286 608 quem
1303 532 1759 608 sempernudaet
1778 538 1973 607 aperta
2002 534 2191 593 ver-A
2214 546 2324 603 que
2371 546 2554 603 grano
2600 535 2815 607 sinapis
2842 555 2855 605 ;
2881 552 3052 593 nemo
3091 544 3284 596 tamen
3324 541 3425 613 qui
3462 555 3609 598 sane
3639 546 3802 600 credit

522 630 701 681 satur.
725 625 855 697 Ipsa
873 631 962 680 est
977 625 1125 680 enim
1146 625 1553 696 sperandorum
1572 625 1904 691 substantia,
1921 629 1980 678 et
1998 619 2124 677 ideo

522 719 709 769 totum
726 714 895 769 debet
922 715 983 768 in
1014 728 1076 768 se
1103 730 1320 785 gerere,
1344 714 1615 786 quidquid
1636 715 1695 769 in
1723 715 1912 769 Futuro
1939 728 2125 785 spera-

524 808 639 858 tur.
672 804 937 876 Alioquin
966 804 1016 858 si
1055 804 1210 859 aliud
1235 804 1297 858 in
1327 820 1386 858 se
1413 810 1593 875 gerat,
1626 821 1741 859 non
1783 810 1872 858 est
1912 801 2122 858 Christi

525 892 687 960 ﬁdes,
718 909 833 947 non
857 898 946 947 est
973 892 1380 965 sperandorum
1408 893 1755 962 substantia;
1798 893 1931 964 quia
1958 891 2123 965 quid-

527 982 663 1054 quid
688 981 748 1037 in
775 980 999 1037 Christo
1027 986 1133 1049 est,
1160 983 1266 1037 hoc
1306 988 1489 1038 totum
1537 989 1687 1039 recte
1735 999 2046 1056 speramus,
2075 982 2125 1037 si

522 1074 679 1127 recte
705 1071 1004 1125 credimus.
1038 1071 1198 1127 Unde
1219 1087 1461 1144 semper,
1485 1078 1549 1128 ut
1577 1074 1710 1140 dixi,
1731 1073 2027 1139 orandum,
2060 1077 2127 1128 ut

523 1164 678 1215 recte
702 1159 997 1214 credamus
1019 1178 1034 1228 ;
1064 1163 1122 1214 et
1144 1161 1195 1215 si
1223 1162 1358 1232 quid
1373 1162 1430 1216 in
1451 1162 1613 1217 nobis
1632 1163 1819 1218 minus
1850 1168 1995 1218 esset
2011 1179 2126 1218 cre-

525 1248 718 1314 dendi,
739 1249 935 1321 utique
954 1249 1385 1321 supplicandum
1406 1268 1532 1306 cum
1554 1253 1846 1323 apostolis:
1872 1255 2121 1320 Domine,

2205 621 2463 676 dubitare
2491 622 2657 678 debet
2684 626 2833 696 quod
2882 627 3001 682 haec
3049 626 3131 683 ita
3169 630 3305 697 sint,
3344 638 3413 687 ut
3462 631 3686 688 Veritas
3723 650 3800 690 rea

2204 711 2481 783 promisit.
2503 710 2609 766 Sed
2625 730 2738 768 non
2758 718 3014 771 omnium
3032 723 3110 772 est
3129 719 3279 787 ﬁdes.
3303 722 3456 776 Nam
3477 726 3541 777 et
3585 725 3800 795 Aposto-

2203 801 2291 855 lus
2309 800 2459 854 inter
2477 807 2677 856 caetera
2690 802 2791 857 Dei
2807 802 2957 860 dona
2984 811 3156 879 atque
3168 809 3415 880 Spiritus
3432 812 3622 866 sancti
3640 810 3768 868 dicit
3786 830 3798 868 :

2203 891 2383 944 Alteri
2423 892 2595 945 datur
2623 893 2753 959 ﬁdes
2806 898 2871 947 in
2910 897 3092 950 eodem
3125 896 3345 967 Spir-itu
3393 902 3477 968 (II
3523 902 3652 957 Ger.
3697 907 3799 969 XII).

2205 974 2352 1042 Quid
2382 980 2587 1050 putas?
2628 982 2885 1053 nunquid
2925 991 2985 1039 et
3024 985 3285 1042 omnibus
3327 1002 3445 1043 non
3498 990 3696 1058 datur,
3724 994 3801 1063 qul

2206 1072 2307 1122 aut
2333 1080 2355 1105 ε
2384 1084 2701 1124 sermonem
2722 1069 2970 1128 scientiae
2990 1075 3078 1129 vel
3104 1078 3418 1147 sapientiae,
3442 1086 3550 1134 aut
3576 1083 3800 1152 gratiam

2207 1156 2537 1221 sanitatum,
2569 1165 2669 1213 aut
2700 1160 3073 1232 prophetiam,
3105 1172 3203 1220 aut
3229 1182 3443 1237 genera
3471 1166 3799 1240 linguarum,

2207 1251 2265 1300 et
2292 1252 2495 1301 caetera
2513 1247 2838 1318 huiusmodi
2857 1250 2879 1291 ί
2893 1259 3301 1325 perceperunt;
3325 1270 3458 1311 cum
3489 1255 3617 1314 haec
3632 1262 3803 1315 omnia

525 1338 741 1408 adauge
763 1341 918 1393 nobis
946 1340 1128 1408 ﬁdem,
1155 1357 1445 1413 quousque
1481 1343 1671 1396 omnia
1707 1359 1810 1415 per
1837 1344 2125 1400 Christum
2201 1335 2365 1405 juxta
2383 1337 2642 1391 eumdem
2663 1340 3309 1415 apostolum,unicuique
3326 1346 3649 1402 secundum
3670 1365 3803 1404 men-

528 1428 645 1483 sint
670 1427 959 1500 possibilia
978 1429 1335 1485 credentibus
1362 1430 1543 1487 nobis.
1576 1433 1686 1487 Per
1713 1433 2001 1490 Christum
2030 1454 2112 1492 ειυς

2206 1440 2397 1478 suram
2421 1426 2550 1479 ﬁdei
2571 1426 2978 1498 dispertiantur
2997 1431 3022 1483 ?
3042 1433 3238 1503 utique
3253 1435 3424 1489 datur
3444 1435 3538 1491 his
3560 1439 3800 1493 omnibus

524 1522 665 1584 tem,
688 1518 837 1589 apud
862 1532 1025 1589 quem
1057 1534 1299 1592 semper,
1325 1525 1382 1575 et
1403 1522 1462 1575 in
1483 1538 1593 1592 quo
1621 1522 1759 1577 ﬁdes
1790 1538 1919 1580 vera
1945 1542 2112 1581 versa-

2207 1513 2361 1584 prior
2371 1515 2529 1581 ﬁdes,
2545 1516 2639 1587 qui
2650 1518 2891 1586 gratiam
2912 1519 3155 1591 Spiritus
3168 1524 3347 1578 sancti
3357 1526 3617 1597 aliquam
3638 1530 3799 1599 perci-

526 1610 641 1671 tur,
656 1608 805 1678 apud
828 1624 994 1679 quem
1015 1608 1252 1678 gloriam
1276 1609 1555 1664 indefessa
1574 1612 1829 1683 requirit,
1849 1619 1906 1669 et
1924 1614 2112 1684 habet1

2210 1603 2409 1672 piunt;
2442 1605 2541 1658 sed
2570 1611 2705 1659 sunt
2731 1607 2925 1677 aliqui,
2962 1610 3061 1679 qui
3089 1616 3152 1664 ut
3192 1612 3273 1665 illi
3303 1612 3363 1666 in
3392 1615 3699 1685 sapientia,
3727 1619 3799 1672 vel

527 1710 595 1750 eo
617 1696 766 1767 quod
788 1697 969 1751 omnis
978 1697 1161 1768 gloria
1174 1699 1294 1768 ejus
1308 1698 1378 1752 ab
1398 1699 1579 1767 intus;
1619 1700 1754 1756 foris
1779 1718 1909 1758 vero
1928 1709 2129 1760 cuncta
2208 1691 2460 1759 εείθηῖίθν
2484 1693 2570 1747 Vel
2592 1695 2777 1765 ειάῑίεί
2801 1697 3128 1765 Samnitum,
3144 1700 3229 1754 Vel
3246 1703 3553 1773 Propheﬁa
3568 1702 3795 1775 Ρουθιὶις

527 1798 652 1856 quae
686 1782 831 1840 ﬁunt
856 1785 1056 1840 devota
1105 1787 1437 1844 contemnit.
1486 1787 1648 1844 Intus
1676 1797 1867 1846 autem
1908 1792 2047 1865 legit
2070 1800 2127 1850 et
2207 1780 2288 1835 ita
2308 1788 2364 1835 et
2384 1782 2488 1853 ίρδί
2509 1783 2639 1837 θάθί
2656 1784 3211 1857 νίηυῖθρΐεοθηυηίν
3233 1795 3483 1862 utquam
3506 1794 3797 1864 Plurimum

526 1876 671 1940 orat,
704 1872 858 1929 intus
886 1881 1155 1946 operatur
1180 1878 1238 1931 et
1264 1874 1466 1948 diligit,
1498 1878 1653 1933 imus
1693 1896 1794 1935 sua
1821 1884 2126 1955 congregat
2139 1886 2187 1946 Β
2208 1872 2440 1941 possint,
2466 1872 2572 1926 etsi
2590 1873 2791 1944 cuique
2806 1889 2910 1929 sua
2923 1875 2997 1930 sit
3011 1877 3168 1932 ﬁdes.
3194 1880 3258 1933 In
3279 1896 3393 1951 qua
3407 1882 3687 1938 nimirum
3706 1884 3796 1939 ﬁde

523 1960 796 2017 virtutum
827 1978 1031 2036 opera;
1087 1963 1258 2029 intus,
1301 1967 1556 2036 quamvis
1606 1966 1741 2023 foris
1769 1978 1999 2041 pugnet,
2033 1990 2122 2029 se-

525 2066 663 2107 cura
682 2051 919 2125 quiescit
939 2071 952 2107 :
977 2052 1111 2108 foris
1129 2055 1357 2125 quidem
1378 2062 1611 2127 pugnat,
1630 2059 1729 2112 sed
1744 2058 1897 2115 intus
1912 2060 2084 2118 vincit
2104 2080 2116 2117 :

522 2140 585 2197 in
614 2157 725 2214 quo
751 2146 838 2197 est
858 2142 1012 2197 intus
1038 2144 1333 2215 impetrat;
1356 2144 1825 2217 intusimpetrata
1847 2157 2117 2221 reportat.

522 2231 611 2285 Ad
639 2230 745 2285 hoc
772 2246 909 2303 ergo
935 2233 1053 2304 agit
1080 2232 1234 2300 foris,
1250 2239 1314 2288 ut
1340 2233 1494 2289 intus
1515 2235 1587 2290 ad
1610 2252 1671 2291 se
1701 2237 1889 2294 omnia
1906 2241 2114 2307 trahat,

520 2318 622 2373 ubi
650 2332 754 2375 sua
805 2326 892 2375 est
932 2322 1226 2388 confessio,
1276 2326 1335 2377 et
1370 2324 1553 2380 omnis
1590 2322 1969 2397 pulchritudo,
1996 2346 2121 2385 san-

523 2408 709 2475 ctitas,
732 2414 789 2463 et
816 2411 1237 2480 magniﬁcentia
1261 2412 1321 2466 in
1354 2412 1795 2471 sanctiﬁcatione
1814 2419 1957 2488 ejus.
1983 2419 2119 2484 Quae

520 2508 637 2552 non
652 2498 834 2552 solum
854 2512 957 2571 pro
975 2516 1035 2554 se
1058 2501 1194 2571 agit,
1215 2518 1407 2556 verum
1430 2504 1599 2558 etiam
1623 2521 1724 2576 pro
1748 2506 1893 2573 aliis,
1918 2509 2120 2580 quibus

522 2583 700 2654 deest,
752 2586 993 2643 multum
1046 2590 1350 2646 intervenit
1405 2609 1416 2645 :
1465 2592 1886 2651 interveniendo
1929 2604 2117 2654 autem

522 2686 692 2747 quam
723 2690 868 2750 saepe
919 2680 1221 2750 praestandi
1268 2696 1494 2753 compos
1517 2688 1536 2712 '
1563 2682 1821 2739 efﬁcitur.
1867 2685 2010 2742 Hinc
2035 2694 2122 2743 est

519 2764 669 2838 quod
697 2766 758 2821 in
787 2762 1088 2839 Evangelio
1116 2766 1359 2840 legitur:
1395 2772 1514 2825 Fiat
1534 2774 1637 2827 tibi
1657 2776 1893 2829 sicutvis
1913 2777 2123 2839 (Matth.

518 2869 613 2921 xv,
636 2854 731 2929 28)
749 2876 765 2921 ;
791 2862 849 2911 et
871 2875 883 2910 :
909 2859 1063 2911 Fides
1096 2863 1191 2912 tua
1222 2866 1269 2912 te
1305 2862 1523 2913 salvum
1551 2863 1681 2928 fecit
1720 2863 1911 2933 (Marc.
1949 2878 2003 2931 Χ,
2030 2864 2119 2935 5‘2)

513 2943 841 3016 frequenter
869 2945 1117 3004 auditur.
1162 2947 1393 3002 Necnon
1435 2955 1493 3002 et
1512 2948 1665 3005 aliud
1699 2970 1710 3004 :
1751 2950 1940 3007 Viden:
1966 2957 2120 3009 Jesus

516 3034 680 3100 ﬁdem
710 3036 965 3099 illorum,
998 3034 1094 3104 qui
1132 3036 1457 3102 efferebant,
1489 3038 1571 3091 ait
1594 3039 1901 3111 paralytico
1936 3062 1948 3097 :
1987 3046 2120 3099 Ocn-

517 3120 643 3188 ﬁde,
675 3124 780 3189 ﬁli,
812 3125 1186 3176 remittuntur
1207 3124 1309 3177 tibi
1335 3131 1551 3193 peccata
1581 3132 1678 3180 tua
1703 3130 1919 3192 (Matth.
1943 3132 2114 3201 Ix,2).

2204 1960 2309 2013 hoc
2336 1960 2395 2014 in
2423 1966 2674 2032 tempore
2709 1965 2964 2018 nonnulli
2995 1965 3120 2037 plus
3166 1967 3402 2035 fervent,
3436 1971 3796 2043 adimplentes

2203 2054 2483 2119 praecepta
2505 2050 2735 2119 agendae
2756 2051 2900 2119 vitae,
2917 2058 2975 2107 et
2987 2055 3266 2109 calcantes
3290 2071 3359 2110 ea
3379 2074 3511 2129 quae
3531 2062 3796 2115 centrali:

2202 2142 2336 2191 sunt
2362 2138 2531 2192 saluti
2564 2158 2575 2192 :
2605 2141 2862 2195 nonnulli
2892 2156 3022 2196 vero
3051 2144 3132 2197 sic
3160 2146 3409 2200 emlestia
3440 2149 3794 2216 meditantur,

2202 2232 2267 2279 ut
2284 2232 2510 2282 terrena
2529 2244 2643 2282 non
2663 2230 3002 2301 relinquant,
3029 2248 3169 2303 quos
3185 2234 3232 2287 si
3253 2235 3796 2306 requisieris,omnes

2201 2317 2415 2386 pariter
2440 2332 2500 2371 se
2529 2318 2755 2373 credere
2769 2321 3110 2375 conﬁtentur
3132 2336 3308 2377 unum
3340 2325 3532 2380 Deum
3566 2328 3795 2393 Patrem,

2202 2410 2259 2458 et
2286 2405 2510 2471 Filium,
2555 2412 2613 2460 et
2651 2408 2923 2479 Spiritum
2963 2417 3254 2479 sanctum;
3305 2415 3407 2468 sed
3455 2431 3662 2471 eorum
3702 2434 3797 2473 non

2201 2495 2433 2564 aequalis
2461 2502 2547 2549 est
2574 2497 2827 2551 omnium
2857 2499 3026 2565 ﬁdes;
3077 2506 3135 2555 et
3178 2501 3305 2555 ideo
3358 2503 3528 2558 nobis
3574 2505 3798 2577 proximi

2202 2584 2340 2637 ﬁdes
2365 2600 2476 2638 non
2499 2600 2566 2638 ex
2587 2602 2718 2639 voce
2738 2591 2980 2654 tantum,
3003 2590 3101 2643 sed
3121 2606 3187 2643 ex
3207 2592 3480 2662 operibus
3504 2601 3796 2665 pensatur;

2201 2672 2466 2741 quoniam
2519 2681 2793 2744 quantum
2837 2676 2896 2729 in
2936 2693 3001 2730 eo
3058 2678 3209 2743 vivit,
3254 2685 3483 2735 tantum
3531 2690 3636 2737 aut
3669 2684 3801 2739 bona

2209 2761 2461 2820 volendo.
2494 2768 2594 2816 aut
2618 2764 2724 2833 piis
2765 2763 3047 2835 justisque
3088 2767 3351 2838 operibus
3394 2770 3714 2828 iusistendo
3737 2774 3799 2828 ad

2206 2866 2273 2903 ea
2301 2864 2425 2920 quae
2452 2867 2564 2905 non
2588 2852 2850 2907 videntur
2877 2854 3143 2909 ardenter
3164 2858 3343 2911 currit
3366 2876 3379 2925 ;
3412 2865 3697 2933 tantoque
3718 2879 3801 2935 po-

2202 2939 2415 2993 tentior
2438 2941 2508 2994 ad
2538 2941 2837 3011 agendum,
2870 2944 3095 3013 quando
3137 2945 3393 3001 devotior
3418 2949 3578 3003 circa
3608 2943 3796 3016 Deum,

2201 3034 2259 3081 et
2276 3034 2435 3083 tanto
2454 3030 2691 3084 validior
2710 3046 2834 3102 quae
2854 3034 3137 3087 contraria
3157 3041 3290 3089 sunt
3307 3036 3381 3090 ad
3402 3037 3798 3105 resistendum,

2200 3123 2411 3187 quanto
2428 3124 2757 3174 caeterarum
2777 3121 3044 3176 virtutum
3066 3123 3468 3180 instrumentis
3486 3137 3730 3197 armata,
3752 3139 3798 3185 et

514 3206 777 3280 Namque
823 3224 949 3263 ecce
992 3208 1143 3265 ﬁlius
1187 3212 1459 3268 Altissimi
1489 3230 1554 3268 ex
1589 3216 1697 3270 ﬁde
1727 3217 1986 3287 aliorum,
2019 3223 2112 3295 qui

2197 3208 2408 3261 conﬁsa
2432 3208 2604 3263 fuerit
2629 3209 2689 3264 in
2717 3211 2915 3265 Deum.
2948 3213 3018 3267 Et
3037 3229 3150 3267 non
3182 3215 3305 3269 dico
3329 3219 3488 3287 quod
3513 3218 3794 3292 inaequalis

516 3302 639 3351 ‘erat
667 3297 694 3337 δ
723 3303 890 3353 antea
916 3299 1186 3370 gehennae
1216 3302 1385 3369 ﬁlius,
1433 3309 1707 3375 aegrotum
1755 3306 1973 3375 liberat,
2019 3311 2114 3367 ubi

511 3388 662 3443 mira
680 3387 1023 3461 dispensatio
1037 3392 1166 3447 ﬁdei
1178 3394 1727 3467 aperitur,quantum
1748 3397 1805 3453 in
1828 3417 1893 3454 eo
1910 3402 2109 3473 valeat,

510 3477 673 3549 cujus
702 3482 788 3533 est
818 3478 975 3545 ﬁdes,
1020 3497 1144 3551 quae
1168 3486 1391 3537 tantum
1436 3501 1538 3555 pro
1592 3486 1769 3541 altero
1800 3489 1974 3545 valuit
2003 3490 2111 3545 im-

508 3571 754 3638 petrare.
780 3567 921 3623 Hinc
946 3568 1116 3624 etiam
1136 3569 1237 3624 Dei
1254 3570 1519 3639 Ecclesia,
1553 3573 1688 3628 dum
1713 3573 1783 3630 ad
1814 3593 2112 3634 renascen-

510 3653 646 3710 dum
677 3656 779 3711 ﬁlii
806 3656 1156 3725 deferuntur,
1199 3676 1439 3731 quorum
1488 3679 1599 3717 non
1643 3664 1767 3719 dico
1805 3666 1973 3731 ﬁdes;
2014 3666 2113 3723 sed

507 3744 667 3800 nulla
685 3750 773 3800 est
790 3747 933 3801 ratio
953 3748 1037 3801 vel
1059 3764 1276 3816 sensus,
1312 3753 1376 3804 ut
1395 3751 1611 3821 possint
1629 3754 1856 3810 credere
1880 3774 1891 3808 :
1924 3760 2111 3813 tamen

508 3835 706 3898 credit,
731 3836 877 3907 quod
903 3834 1142 3892 aliorum
1171 3837 1280 3892 ﬁde
1309 3838 1612 3895 salvantur.
1637 3840 1707 3896 Et
1733 3843 1781 3897 si
1813 3842 1952 3900 bene
1981 3864 2110 3918 per-

505 3922 726 3997 pendis,
750 3924 893 3979 nihil
911 3925 1110 3980 salutis
1130 3927 1249 3981 sine
1273 3928 1381 3982 ﬁde
1398 3936 1714 4001 praestatur.

577 4011 631 4067 3.
658 4012 758 4068 Est
782 4018 994 4078 tamen,
1030 4016 1176 4070 sicut
1194 4016 1327 4084 dixi,
1357 4020 1574 4073 modica
1597 4020 1654 4074 in
1695 4021 1992 4094 aliquibus,
2025 4030 2111 4083 est

511 4106 570 4156 et
578 4118 783 4173 magna
804 4103 862 4158 in
875 4105 1161 4161 nonnullis
1181 4127 1192 4160 :
1210 4109 1479 4178 apostolis
1499 4109 1530 4163 d
1540 4108 1885 4167 ubitantibus
1898 4115 2106 4170 etenim

509 4189 748 4244 dicitur:
781 4204 809 4235 ο
839 4192 983 4259 Quid
1021 4196 1210 4250 timidi
1247 4198 1391 4260 estis,
1437 4201 1657 4253 modica:
1698 4202 1862 4268 ﬁdei?
1889 4201 2102 4271 (Matth.

2197 3310 2309 3349 una
2327 3297 2653 3369 eademque,
2673 3313 2867 3354 verum
2889 3316 2991 3355 nec
3010 3302 3067 3356 in
3090 3318 3203 3357 uno
3233 3305 3555 3378 eodemque
3582 3310 3794 3364 homine

2197 3400 2420 3456 semper
2432 3388 2662 3457 aequalis
2674 3406 2794 3443 esse
2806 3390 3077 3460 probatur
3094 3409 3107 3459 ;
3131 3392 3311 3447 altera
3324 3396 3485 3450 enim
3504 3397 3621 3452 fuit
3637 3399 3695 3454 in
3712 3401 3798 3454 Pe-

2194 3476 2302 3536 tro,
2336 3464 2559 3545 quando
2581 3477 2961 3549 interrogatus
2989 3482 3201 3550 (Matth.
3230 3497 3340 3549 va,
3370 3482 3457 3553 15)
3481 3505 3494 3538 :
3540 3488 3633 3542 Vos
3653 3503 3793 3558 quem

2194 3578 2280 3617 me
2300 3579 2405 3617 esse
2419 3567 2604 3620 dicitis
2621 3567 2877 3621 ?dicebat
2900 3586 2911 3621 :
2938 3571 3014 3623 Tu
3029 3586 3081 3624 es
3093 3569 3347 3626 Christus
3360 3574 3549 3629 Filius
3559 3578 3663 3632 Dei
3676 3580 3788 3631 viri.

2193 3653 2406 3720 Altera,
2423 3656 2646 3725 quando
2659 3656 2728 3710 ab
2743 3658 2949 3711 ancilla
2960 3659 3267 3729 requisitus
3282 3665 3670 3732 negavitNon
3684 3670 3792 3721 nari

2195 3743 2475 3796 hominem
2497 3744 2714 3813 (Matth.
2740 3758 2888 3811 xm,
2905 3746 2991 3815 7‘2)
3008 3765 3021 3815 ;
3041 3748 3141 3802 sed
3160 3753 3217 3803 et
3244 3748 3560 3808 Dominus:
3591 3756 3791 3825 Egopm

2196 3835 2241 3884 te
2269 3835 2479 3899 rogavi,
2511 3834 2684 3899 Petre,
2709 3851 2776 3888 ne
2796 3838 3010 3903 deﬁciat
3036 3839 3164 3904 ﬁdes
3187 3843 3379 3894 tumet
3403 3845 3471 3895 tu
3497 3845 3791 3912 aliquando

2192 3936 2481 3974 conversus
2506 3924 2772 3990 conﬁrma
2802 3927 3006 3992 fratres
3029 3930 3147 3980 tuos
3167 3928 3315 3997 (Luc.
3344 3942 3488 3996 XXII,
3513 3931 3789 4004 3?).Puto.

2192 4010 2417 4079 quando
2439 4010 2677 4065 necdum
2689 4028 2988 4068 conversus
3010 4020 3132 4068 erat
3149 4016 3393 4086 perfecte
3410 4030 3445 4071 Β
3463 4018 3651 4075 ﬁdelis
3670 4038 3789 4076 non-

2190 4098 2321 4151 dum
2363 4104 2502 4165 erat,
2536 4105 2593 4154 et
2635 4101 2724 4155 cui
2771 4108 3068 4172 praestatur
3104 4104 3223 4174 ejus
3263 4102 3406 4161 ﬁdes
3446 4126 3523 4163 ne
3555 4112 3783 4167 deﬁciat.

2187 4187 2375 4257 aliqua
2398 4187 2535 4242 ﬁdes
2561 4190 2807 4260 profecto
2833 4197 2986 4258 erat;
3017 4186 3113 4246 sed
3144 4194 3349 4249 timore
3378 4212 3617 4267 pressus
3654 4199 3787 4254 male

509 4292 633 4345 VIII,
664 4277 775 4350 ‘26).
810 4281 1077 4337 Centurio
1098 4300 1229 4337 vero
1250 4285 1670 4359 laudaturquod
1695 4306 1808 4343 non
1832 4290 2106 4347 invenerit

2197 4276 2427 4345 negavit,
2462 4276 2608 4347 quod
2638 4277 2790 4333 intus
2820 4279 2877 4333 in
2904 4281 3245 4336 conscientia
3282 4286 3506 4341 occulte
3551 4289 3781 4359 pressit;

509 4370 729 4422 tantam
784 4368 952 4423 ﬁdem
999 4370 1057 4424 in
1112 4371 1286 4425 Israel
1355 4370 1569 4441 (ιω-(ιη’
1604 4375 1709 4446 ιο),
1764 4378 1991 4434 Necnon
2048 4385 2105 4435 et
2186 4365 2280 4418 sed
2313 4365 2442 4439 talis
2469 4367 2607 4421 ﬁdes
2639 4368 2812 4423 etiam
2842 4368 2913 4422 ab
2940 4369 3094 4424 intus
3123 4372 3353 4442 periret,
3376 4376 3493 4430 nisi
3512 4378 3785 4448 quamcito

504 4456 689 4517 Maria
730 4460 915 4515 solum
967 4458 1100 4531 quia
1152 4460 1389 4514 credidit
1425 4462 1590 4517 beata
1623 4466 1977 4535 praedicatur.
2008 4471 2151 4535 Ait_
2185 4469 2306 4507 eam
2337 4455 2515 4525 pietas
2543 4473 2645 4511 suo
2670 4464 2898 4528 aspectu
2930 4460 3271 4515 refunderet
3299 4463 3408 4526 Qui
3430 4473 3635 4535 postea
3662 4482 3785 4521 con-

507 4548 660 4602 enim
691 4567 704 4602 :
739 4552 920 4616 Beata,
952 4565 1070 4619 quae
1099 4549 1404 4617 credidisti,
1424 4532 1799 4619 perﬁciuntur
1820 4560 1881 4610 in
1914 4564 1961 4612 te
1982 4576 2101 4629 qua

2197 4559 2393 4607 versus,
2430 4547 2600 4599 etiam
2646 4546 2796 4603 inter
2838 4547 3085 4613 verbera,
3134 4556 3189 4603 et
3232 4551 3300 4604 ad
3336 4554 3587 4609 mortem
3618 4570 3783 4627 usque

508 4636 657 4690 dicta
694 4644 825 4692 sunt
848 4641 949 4693 tibi
982 4641 1052 4693 ab
1076 4640 1271 4708 angelo
1294 4639 1446 4707 (Luc.
1486 4656 1524 4707 ι,
1565 4638 1684 4714 46).
1721 4642 1792 4698 Et
1817 4645 2025 4701 mirum
2057 4647 2104 4702 si

508 4739 623 4778 non
652 4724 734 4780 ita
760 4727 818 4782 in
849 4728 1107 4783 omnibus
1133 4728 1229 4800 qui
1257 4729 1503 4802 perfecte
1547 4732 1799 4788 credunt,
1849 4741 1907 4789 et
1944 4739 2106 4808 perﬁ-

508 4812 738 4868 ciuntur
772 4821 831 4870 et
873 4824 1214 4887 praestantur
1258 4835 1381 4890 quae
1434 4825 1584 4876 recte
1630 4839 1730 4894 per
1774 4823 2106 4882 charitatem

508 4900 644 4958 ﬁdei
672 4896 939 4975 optantur
967 4912 1023 4961 et
1050 4914 1397 4979 quaeruntur.
1421 4908 1580 4965 Unde
1600 4911 1871 4967 Dominus
1894 4937 1906 4972 :
1927 4914 1992 4970 Si
2008 4914 2108 4969 ha-

514 4992 745 5046 bueritis
758 4993 939 5060 ﬁdem,
965 4994 1173 5067 inquit,
1191 5001 1339 5052 velut
1356 5016 1604 5066 granum
1623 5004 1856 5071 sinapis,
1886 5009 1935 5057 et
1956 5006 2107 5059 dime-

511 5082 642 5135 ritis
671 5082 852 5135 monti
878 5081 1047 5136 huic:
1084 5086 1226 5139 Tolle
1251 5092 1297 5141 te
1315 5086 1463 5152 hinc,
1497 5096 1546 5143 et
1576 5092 1731 5144 mitte
1761 5095 1809 5144 te
1835 5094 1898 5145 in
1926 5109 2101 5160 mare,

507 5170 599 5240 ﬁet
626 5174 815 5242 utique
850 5170 1063 5238 (Matth.
1096 5189 1224 5240 xvu,
1276 5171 1379 5246 19).
1434 5175 1839 5234 Verumtamen
1868 5179 2049 5252 quivis
2077 5176 2105 5222 ἀ

511 5258 583 5315 de
612 5259 861 5333 quolibet
878 5267 1070 5317 monte
1087 5258 1298 5318 dictum
1321 5266 1576 5337 accipiat,
1598 5268 1685 5322 vel
1712 5266 1782 5323 de
1801 5271 2104 5341 cujuscun-

580 5428 600 5494 ξ
624 5422 798 5494 ﬁdit,
829 5440 1040 5494 compos
1067 5426 1263 5494 efﬁcit.

582 5490 609 5533 ι)
631 5490 802 5569 Editi,
833 5490 1131 5569 quierant:
1170 5500 1345 5569 antea;
1380 5497 1634 5566 gehennae
1675 5503 1804 5569 ﬁlii,
1860 5518 1972 5557 non
2022 5503 2104 5558 ita

506 5564 666 5638 beng
674 5584 700 5638 ;_
713 5562 970 5638 alioquin
996 5567 1235 5624 subdere
1259 5562 1506 5637 deberet,
1539 5562 1761 5638 agrotos
1791 5562 2009 5629 liberat.

579 5641 598 5665 ·
625 5634 795 5704 Edit.,
824 5634 980 5693 dicit.

582 5704 796 5777 dEdit.,
825 5713 1051 5777 quisuis.

2185 4630 2499 4703 intrepidus
2547 4635 2862 4688 conﬁtetur.
2898 4636 3040 4707 Ergo
3073 4641 3129 4691 et
3174 4640 3382 4706 caeteri,
3436 4643 3577 4698 dum
3613 4645 3785 4698 adhuc

2187 4722 2554 4776 conﬁrmandi
2585 4728 2768 4791 erant,
2798 4725 3035 4780 necdum
3081 4727 3141 4781 in
3185 4729 3293 4782 ﬁde
3338 4730 3578 4800 perfecti
3610 4737 3781 4788 erant.

2187 4809 2259 4864 Et
2285 4809 2410 4864 ideo
2440 4827 2604 4866 nemo
2634 4829 2693 4866 se
2722 4812 2750 4852 ιι
2779 4813 3085 4885 applaudat
3111 4818 3356 4887 perfecte
3382 4820 3635 4885 ﬁdelem,
3670 4834 3787 4876 mox

2187 4904 2251 4953 ut
2281 4900 2610 4972 quantisper
2636 4904 2867 4973 coeperit
2890 4902 2905 4944 ί
2933 4903 3178 4971 credere,
3208 4907 3387 4961 donec
3413 4909 3712 4965 Christum
3740 4914 3792 4962 et

2188 4988 2460 5058 Spiritum
2490 4997 2747 5044 sanctum
2774 4992 2833 5045 in
2862 5008 2921 5046 se
2949 4992 3205 5049 habitare
3233 4997 3444 5050 sentiat
3463 5010 3569 5069 per
3597 5000 3790 5053 ﬁdem.

2187 5077 2347 5131 Unde
2390 5080 2679 5149 apostolus
2709 5080 2917 5134 Paulus
2950 5099 2960 5133 :
2995 5082 3189 5148 Flecte,
3218 5083 3427 5155 inquit,
3457 5100 3649 5154 genua
3678 5100 3794 5140 mea

2186 5169 2261 5220 ad
2286 5169 2507 5221 Patrem
2535 5169 2764 5223 Domini
2790 5172 2901 5223 mei
2946 5173 3072 5224 Jesu
3124 5172 3353 5239 Christi,
3396 5178 3461 5228 ut
3505 5178 3597 5230 det
3647 5177 3797 5229 vobis

2185 5258 2413 5311 divitias
2433 5259 2624 5325 gloria:
2638 5274 2770 5328 sua,
2800 5261 3064 5314 virtutem
3094 5263 3449 5317 corroborari
3466 5278 3571 5334 per
3600 5262 3800 5334 Spiri-

2254 5447 2279 5478 ο
2310 5434 2480 5495 Edit.,
2506 5439 2607 5504 qui
2634 5442 2843 5492 autem.

2253 5505 2275 5545 ἲ
2305 5506 2475 5571 Edit.,
2507 5508 2691 5575 hujus.

2254 5577 2476 5653 ςξᾴῖῐε.
2503 5580 2764 5653 perfecto,
2791 5578 2887 5635 sed
2922 5581 3119 5653 melius
3143 5580 3394 5653 perﬁde.

2254 5646 2284 5687 δ
2312 5648 2483 5715 Editi,
2514 5651 2640 5716 sibi,
2672 5652 2771 5707 sed
2809 5652 3011 5708 melius
3038 5669 3110 5708 se.

2255 5717 2271 5759 ί
2301 5718 2448 5774 Edit.
2458 5763 2472 5788 ,
2502 5724 2674 5792 capit.
