3992 6166
344 364 488 420 1429

1261 367 1356 421 DE
1394 360 1579 435 FIDE,
1622 370 1751 425 SPE
1791 372 1879 427 ET
1917 360 2346 428 CHARITATE.
2388 400 2454 414 .-
2493 368 2630 425 LIB.
2672 370 2716 425 I.

3478 362 3623 428 4430

350 498 469 545 tum
496 493 615 560 ejus
641 492 706 544 in
725 490 1049 549 interiorem
1070 488 1633 558 hominemJtabz’tarc
1659 496 1940 552 Christum
1956 487 2102 558 ADe
2134 493 2519 569 praesentibus,
2543 511 2671 549 cum
2703 512 2770 551 ea
2801 510 2922 567 quae
2948 510 3097 550 nunc
3120 496 3272 551 ultra
3297 494 3465 569 hujus
3492 499 3619 553 vita

344 596 445 649 per
472 581 634 651 ﬁdem
660 581 725 633 in
754 578 1012 634 cordibus
1041 582 1233 633 vestris
1263 600 1279 634 :
1313 584 1374 635 in
1403 583 1672 638 charz'tate
1704 587 1946 639 rad-z'catz‘

346 676 395 724 et
425 670 675 739 fundati,
709 673 773 723 ut
795 670 1014 740 possitis
1042 671 1487 738 comprehendere
1525 689 1651 726 cum
1690 676 1943 727 omnibus

344 761 574 823 sanctis,
603 774 723 829 qua
758 760 831 813 sit
871 760 1128 821 latitudo,
1173 762 1475 827 longitudo,
1534 764 1848 816 sublimitas
1894 768 1942 817 et

340 844 873 919 proftmdumﬁcire
887 849 1056 901 etiam
1084 852 1585 916 supereminentem
1614 852 1939 906 charitatrm

341 936 574 1001 Christi,
596 940 659 989 ut
689 937 1046 1005 impleamini
1071 938 1134 989 in
1162 952 1379 997 omnem
1404 939 1816 1006 plenitudinem
1844 942 1942 995 Ile-2'

337 1024 556 1095 (Ephes.
583 1037 663 1091 ιιι,
695 1021 908 1092 14-19).
952 1024 1112 1091 Ecce,
1148 1024 1196 1079 si
1229 1026 1406 1079 ﬁdelis
1436 1044 1512 1088 es,
1542 1028 1663 1096 jam
1697 1028 1763 1082 ad
1806 1027 1939 1099 quid

341 1111 711 1180 tendendum,
738 1118 803 1166 ut
822 1111 1001 1166 ﬁdelis
1027 1128 1376 1187 permaneas.
1416 1114 1556 1168 IIinc
1586 1132 1806 1185 quoque
1836 1114 1942 1170 Do-

337 1201 530 1256 minus
570 1201 630 1255 in
657 1200 992 1272 Apocalypsi
1039 1201 1291 1265 Joannis,
1341 1203 1617 1267 Ecclesiae,
1652 1205 1796 1269 Esto,
1838 1205 1938 1269 ait,

337 1292 521 1357 ﬁdelis
548 1307 715 1359 usque
744 1292 819 1345 ad
848 1296 1100 1355 mortem,
1143 1297 1190 1345 et
1219 1292 1354 1345 dabo
1385 1294 1488 1347 tibi
1515 1295 1667 1347 cdere
1695 1296 1758 1348 de
1789 1298 1939 1363 ligno

300 1381 466 1435 'vitz
494 1378 681 1450 (Apoc.
717 1392 779 1443 ιι,
816 1376 921 1444 10).
951 1379 1353 1435 Consummata
1380 1380 1556 1451 igitur
1596 1381 1733 1437 ﬁdes
1762 1400 1939 1455 usque

332 1467 411 1521 ad
449 1472 691 1527 mortem
718 1467 1011 1538 pertingit,
1042 1468 1132 1522 cui
1187 1470 1342 1523 nulla
1390 1477 1626 1543 possunt
1668 1471 1939 1529 obsistere

328 1555 545 1611 blanda
571 1557 658 1609 vel
685 1572 916 1626 aspera;
949 1556 1227 1628 siquidem
1244 1574 1346 1613 nec
1375 1575 1545 1620 mors,
1570 1577 1693 1632 quae
1720 1561 1937 1617 cunctis

327 1645 590 1718 asperior
614 1643 854 1709 videtur,
882 1638 1059 1699 donec
1083 1663 1150 1700 ea
1176 1663 1297 1718 qua;
1320 1663 1427 1701 non
1455 1648 1713 1704 videntur
1740 1666 1938 1721 appre-

282 1731 563 1802 .hendat,
614 1732 687 1786 ad
735 1749 857 1804 qua
887 1745 909 1770 ⁸
962 1750 1127 1788 nemo
1183 1734 1293 1789 nisi
1350 1752 1452 1805 per
1500 1743 1737 1791 mortem
1790 1737 1939 1790 venit

324 1836 616 1891 unquam;
648 1827 706 1876 et
740 1822 888 1887 ideo,
916 1838 1087 1892 quam
1114 1820 1257 1877 bene
1288 1824 1426 1879 ﬁdes
1464 1825 1632 1880 etiam
1660 1842 1762 1882 nec
1792 1844 1937 1883 mor-
1953 1852 2000 1913 Β

321 1913 446 1961 tem
464 1908 655 1963 timet:
690 1909 940 1980 alioquin
964 1910 1013 1964 si
1043 1910 1181 1965 ﬁdes
1208 1919 1604 1982 argumentum
1631 1921 1717 1969 est
1738 1933 1932 1972 eorum

321 2012 453 2067 quae
501 2012 615 2052 non
665 1998 942 2061 videntur,
975 2003 1033 2054 et
1086 2000 1157 2054 ad
1195 2016 1263 2054 ea
1306 2004 1494 2056 venire
1530 2004 1761 2059 festinat
1809 2024 1933 2077 qua:

319 2087 553 2143 nonnisi
601 2093 730 2161 post
776 2094 1016 2143 mortem
1056 2091 1529 2160 comprehendere
1560 2085 1708 2148 valet
1741 2113 1753 2147 :
1789 2113 1930 2168 quo-

318 2176 494 2231 modo
524 2178 662 2233 ﬁdes
693 2184 797 2245 est,
828 2180 876 2233 si
905 2184 1144 2234 mortem
1172 2179 1404 2234 timeat?
1434 2182 1593 2245 Quod
1623 2182 1668 2236 si
1691 2182 1716 2221 b
1739 2184 1927 2253 justus

317 2282 392 2319 ex
417 2266 526 2322 ﬁde
563 2268 716 2330 vivit.
748 2268 931 2343 qualis
963 2277 1049 2323 est
1077 2268 1274 2335 virtus,
1308 2286 1431 2340 quae
1459 2284 1481 2310 ο
1518 2264 1626 2324 vita
1652 2272 1789 2341 justi
1819 2279 1922 2337 est,

318 2361 385 2411 et
429 2357 667 2412 viviﬁcat
707 2358 780 2412 ad
812 2357 1003 2423 vitam,
1037 2363 1098 2413 ut
1150 2364 1390 2412 mortem
1438 2360 1688 2430 paveat?
1734 2360 1927 2416 Timor

317 2444 477 2507 enim
514 2445 710 2501 mortis
739 2446 808 2499 de
839 2462 1004 2518 paena
1031 2447 1243 2519 peccati
1268 2453 1371 2503 est.
1398 2453 1455 2500 et
1474 2440 1597 2502 ideo
1613 2449 1797 2518 justus
1805 2450 1923 2520 jam

318 2533 437 2586 ﬁde
476 2535 661 2589 vivens
688 2535 888 2588 timere
916 2552 1029 2588 non
1075 2535 1270 2603 debet;
1307 2536 1441 2606 quia
1479 2537 1623 2591 sicut
1669 2537 1924 2592 Christus

226 2666 235 2672 .
316 2622 458 2688 vita,
490 2631 728 2677 mortem
759 2628 938 2677 morte
967 2625 1207 2695 peremit
1239 2644 1251 2691 ;
1286 2625 1367 2679 ita
1395 2632 1450 2679 et
1480 2627 1618 2680 ﬁdes
1638 2627 1749 2680 vita
1761 2626 1919 2697 justi,

318 2726 427 2780 per
468 2718 706 2765 mortem
753 2712 823 2765 de
853 2719 1032 2766 morte
1086 2713 1155 2766 ad
1200 2713 1368 2767 vitam
1418 2714 1667 2767 transit:
1719 2721 1783 2769 ut
1804 2716 1923 2784 jam

306 2800 504 2868 justus
545 2816 656 2854 non
707 2816 772 2854 ex
802 2801 932 2865 ﬁde,
964 2801 1061 2855 sed
1120 2818 1187 2855 ex
1239 2802 1352 2856 vita
1404 2803 1766 2874 sempiterna,
1800 2821 1924 2875 quia

314 2904 472 2943 nunc
492 2889 549 2944 in
576 2889 685 2943 ﬁde
713 2895 817 2956 est,
851 2889 1245 2945 immortaliter
1275 2892 1442 2946 vivat.

914 3015 1150 3074 CAPUT
1170 3020 1295 3074 XIV
1308 3060 1321 3077 .

2026 584 2229 640 saecula
2256 592 2405 648 sunt,
2441 601 2614 638 unum
2642 585 2871 649 scilicet,
2897 585 3271 658 eamdemque
3290 578 3621 656 permanen-

2023 678 2135 726 tem
2169 672 2346 726 Deum
2377 690 2498 726 esse
2527 672 2812 742 intelligit,
2842 688 2943 743 per
2981 686 3144 743 quem
3177 673 3383 727 omnia.
3431 675 3511 728 De
3540 675 3621 729 ωδ

2023 760 2165 815 turis
2190 778 2339 821 vero.
2372 777 2497 814 cum
2543 777 2609 814 ea
2649 774 2770 831 quae
2821 760 2968 815 ultra
3014 761 3183 831 hujus
3223 762 3408 816 saeculi
3448 764 3620 817 ﬁnem

2021 850 2394 919 praetendunt,
2430 850 2654 904 Patrem
2681 849 2936 903 videlicet
2963 857 3019 903 et
3046 849 3269 915 Filium,
3293 856 3462 922 atqu
3492 851 3621 922 Spi-

2023 938 2193 991 ritum
2227 942 2502 992 sanctum.
2536 954 2713 992 unum
2743 939 2920 992 Deum
2965 938 3022 991 in
3053 939 3328 993 Trinitate
3357 941 3478 994 sine
3506 936 3619 994 ﬁne

2022 1043 2352 1097 permanere
2378 1044 2487 1081 non
2510 1026 2748 1091 dubitat,
2772 1043 2897 1080 cum
2922 1042 3031 1097 quo
3055 1027 3263 1081 omnia.
3288 1028 3357 1081 Et
3375 1028 3492 1082 inec
3510 1035 3617 1093 est,

2022 1112 2519 1188 inquam.altitudo
2539 1114 2878 1179 divitiarum,
2901 1115 2959 1169 in
2973 1130 3139 1186 quam
3161 1100 3504 1182 creditﬁdes,
3520 1117 3619 1170 sed

2023 1203 2157 1275 quia
2177 1203 2768 1275 incomprehensibiles
2790 1204 2890 1258 viae
2922 1205 3043 1275 ejus
3085 1208 3234 1269 sunt,
3267 1205 3470 1258 idcirco
3498 1205 3623 1259 sine

2020 1286 2135 1346 ulla
2163 1291 2541 1364 disputatione
2567 1298 2623 1345 et
2644 1292 3039 1346 retractatione
3063 1292 3132 1347 de
3153 1293 3375 1347 Christo
3403 1294 3624 1364 integra

2019 1380 2077 1435 et
2102 1380 2433 1436 inconcussa
2458 1396 2680 1451 semper
2699 1395 2827 1434 cum
2854 1380 2992 1452 ipso,
3011 1382 3187 1436 donec
3214 1382 3273 1437 in
3291 1382 3382 1436 via
3402 1396 3599 1437 sumus
3613 1425 3625 1445 ,

2019 1466 2076 1523 et
2106 1486 2171 1523 ea
2192 1485 2304 1522 non
2330 1467 2589 1522 videntur
2607 1482 2734 1537 quae
2759 1466 3220 1533 creduntur,vera
3240 1475 3426 1523 manet
3451 1470 3607 1524 ﬁdes.

2020 1556 2315 1611 Credimus
2335 1552 2484 1610 enim
2514 1572 2643 1610 eum
2663 1561 2969 1619 mortuum,
2987 1556 3137 1626 quod
3159 1558 3276 1626 jam
3306 1558 3611 1628 praeteriit;

2016 1645 2313 1716 ipsumque
2342 1638 2624 1699 credimus
2653 1660 2803 1699 nunc
2834 1645 3030 1698 sedere
3075 1645 3147 1699 ad
3189 1646 3476 1700 dexteram
3506 1647 3604 1699 Pa-

2019 1730 2140 1801 tris;
2163 1733 2311 1806 quod
2339 1734 2629 1806 praesentis
2651 1734 2737 1788 est
2757 1749 2771 1785 :
2795 1737 2851 1788 et
2875 1738 3171 1787 venturum
3193 1734 3261 1787 ad
3281 1734 3617 1804 judicandoe

2017 1824 2170 1877 vivos
2203 1828 2261 1877 et
2290 1830 2558 1888 mortuos,
2576 1824 2724 1893 quod
2748 1820 2997 1877 futurum
3019 1826 3121 1877 est.
3140 1823 3248 1877 Sed
3265 1823 3315 1876 si
3342 1823 3617 1894 quaritur

2018 1905 2336 1967 Christiano
2351 1910 2481 1983 quid
2498 1904 3010 1966 credendumHlCet
3021 1910 3092 1964 ab
3103 1918 3215 1964 uno
3231 1910 3483 1981 Deojure
3497 1923 3616 1966 om-

2015 1996 2108 2054 nia
2122 2005 2311 2054 creata
2329 2005 2480 2063 sunt,
2499 2015 2611 2053 non
2622 2006 2814 2053 tamen
2832 2006 3018 2053 rerum
3035 2003 3241 2053 natura
3260 1999 3340 2052 ita
3355 1999 3613 2054 rimando

2013 2093 2116 2152 est,
2167 2087 2640 2160 quemadmodum
2681 2082 2752 2141 ab
2810 2084 2891 2141 eis
2945 2096 3084 2160 quos
3122 2082 3380 2158 physicos
3431 2089 3612 2143 Graioi

2008 2184 2223 2232 vocant.
2258 2178 2384 2231 Non
2421 2178 2610 2248 itaque
2637 2174 3020 2240 metuendum,
3055 2189 3124 2230 ne
3165 2177 3353 2247 aliquo
3374 2171 3402 2214 ἀ
3425 2177 3611 2235 deviet

2010 2283 2244 2320 numero
2298 2265 2726 2330 elementorum,
2775 2265 2844 2319 de
2896 2270 3053 2319 motu
3098 2268 3268 2336 atque
3312 2266 3510 2320 ordine
3552 2272 3612 2321 et

2008 2354 2313 2409 defectibus
2343 2354 2609 2420 siderum,
2634 2355 2701 2408 de
2733 2352 2914 2424 ﬁgura
2949 2353 3093 2418 coeli,
3125 2344 3195 2408 de
3224 2354 3524 2425 generibus
3551 2361 3611 2409 et

2008 2445 2224 2498 naturis
2244 2440 2600 2498 animalium:
2624 2454 2803 2514 neque
2822 2443 3256 2497 existimandum
3275 2436 3609 2498 Christianas

2008 2530 2137 2586 ﬁdei
2178 2532 2390 2603 aliquid
2437 2532 2648 2596 obesse,
2683 2530 2729 2586 si
2768 2531 3058 2603 quippiam
3088 2532 3412 2602 ignoramus
3442 2532 3609 2588 fruti4

2006 2635 2133 2673 cum
2156 2630 2198 2684 ο,
2226 2619 2492 2689 lapidum,
2518 2617 2777 2681 fontium,
2800 2618 3098 2673 ﬂuminum
3120 2626 3177 2673 et
3205 2620 3512 2686 montium;
3534 2621 3606 2673 de

2005 2707 2201 2778 spatiis
2246 2722 2465 2778 quoque
2523 2706 2770 2761 locorum
2819 2720 2884 2761 ac
2922 2710 3262 2778 temporum,
3314 2708 3384 2761 de
3430 2708 3606 2777 signis

2005 2796 2420 2850 imminentium
2459 2794 2880 2867 tempestatum,
2912 2800 2969 2850 et
3009 2796 3121 2850 alia
3148 2797 3385 2850 scientia
3415 2795 3487 2850 de
3514 2797 3605 2852 bis

2006 2882 2172 2938 rebus
2202 2900 2341 2954 quas
2368 2876 2450 2938 illi
2480 2885 2834 2951 invenerunt,
2867 2884 2952 2938 Vel
2980 2882 3229 2938 invenire
3264 2896 3326 2939 se
3364 2884 3601 2955 promita-

2003 2977 2151 3027 tunt.
2176 2972 2322 3027 Nam
2352 2976 2409 3027 et
2434 2972 2543 3044 ipsi
2572 2989 2686 3027 non
2708 2973 2899 3027 omnia
2931 2978 3283 3044 repererunt,
3302 2972 3433 3027 licet
3454 2987 3601 3044 quae

2002 3069 2131 3124 dam
2154 3067 2403 3123 humana
2422 3062 3169 3141 conjecturainvestigantes,
3191 3069 3449 3140 quaedam
3469 3075 3600 3123 vero

312 3140 473 3207 Quod
490 3140 620 3208 ﬁdes
640 3148 778 3196 recte
809 3145 957 3198 circa
980 3144 1093 3198 tria
1116 3146 1372 3200 versatur
1392 3151 1654 3216 tempora,
1690 3154 1737 3201 et
1765 3152 1917 3202 ultra

2004 3156 2269 3212 historica
2309 3158 2656 3230 experientia
2695 3140 3111 3230 cognoscentes,
3144 3161 3310 3230 plura
3336 3166 3469 3213 vero
3496 3172 3601 3213 sua

946 3232 1017 3287 ad
1045 3233 1270 3289 eterna.

384 3335 439 3390 1.
471 3334 727 3391 Profecto
783 3337 921 3393 ﬁdes
946 3354 1061 3394 non
1096 3341 1281 3395 minus
1314 3342 1383 3395 de
1412 3344 1712 3414 praeteritis
1742 3342 1920 3400 credit

307 3439 484 3494 quam
494 3425 563 3480 de
584 3427 952 3498 praesentibus
977 3434 1035 3490 et
1053 3428 1276 3483 futuris.
1304 3432 1452 3497 Fide,
1477 3431 1663 3503 inquit
1684 3427 1912 3496 Paulus,

304 3515 683 3580 intelligimus
718 3518 981 3586 adaptato
1017 3534 1124 3571 esse
1161 3523 1360 3572 sec-culo
1396 3523 1555 3574 verba
1593 3523 1709 3584 Dei,
1748 3518 1808 3576 ut
1843 3540 1909 3577 ea:

302 3598 687 3658 inuisibilibus
707 3606 955 3661 visibilia
982 3609 1177 3673 ﬁerent
1210 3608 1391 3678 (Hebr.
1425 3623 1499 3673 x1,
1534 3608 1604 3678 3).
1647 3610 1781 3674 Quae
1811 3614 1907 3682 qui

301 3706 421 3744 non
444 3692 639 3758 credit,
658 3693 896 3748 inﬁdelis
916 3695 1207 3767 probatur.
1226 3697 1296 3751 Et
1314 3699 1431 3752 haec
1452 3704 1537 3752 est
1553 3699 1711 3765 ﬁdes,
1736 3718 1904 3772 quam

297 3778 466 3833 docet
491 3780 735 3852 Spiritus
762 3782 983 3837 divinus
997 3801 1097 3855 per
1118 3786 1360 3856 Moysen,
1384 3786 1576 3842 dicens
1604 3806 1614 3840 :
1642 3791 1710 3843 In
1738 3794 1905 3858 prin-

299 3871 449 3937 cipia
476 3871 606 3936 fecit
635 3872 776 3926 Deus
795 3876 991 3927 caelum
1021 3878 1071 3926 et
1101 3879 1309 3927 terram
1340 3876 1495 3940 (Gen.
1530 3891 1570 3944 Ι,
1620 3866 1698 3944 i),
1734 3878 1789 3932 id
1819 3885 1905 3933 est

298 3962 693 4013 creaturarum
723 3961 913 4017 omnia
942 3977 1065 4033 quae
1106 3968 1240 4015 sunt
1268 3962 1326 4015 in
1374 3965 1512 4018 coelo
1539 3972 1599 4018 et
1639 3965 1697 4019 in
1726 3972 1897 4021 terra.

296 4045 464 4101 Unde
513 4052 689 4104 restat
716 4049 871 4104 aliud
913 4051 1056 4106 nihil
1105 4070 1245 4120 esse,
1278 4070 1447 4126 quam
1502 4071 1674 4109 unum
1724 4047 1898 4111 Deum

296 4150 471 4203 quem
519 4137 696 4191 credit
724 4138 909 4210 ﬁdes;
949 4147 1011 4194 et
1040 4158 1107 4195 ea
1145 4159 1267 4214 qua:
1314 4149 1450 4197 sunt
1493 4144 1564 4197 ab
1617 4162 1728 4199 uno
1762 4146 1897 4211 Deo,

296 4223 624 4279 Creatorem
650 4226 910 4283 videlicet
932 4234 989 4284 et
1015 4236 1352 4285 creaturam.
1379 4232 1667 4303 Siquidem
1691 4242 1903 4289 creato-

289 4328 420 4366 rem
446 4318 579 4367 ante
606 4331 852 4381 omnem,
869 4322 927 4370 et
954 4334 1126 4389 supra
1151 4336 1393 4380 omnem,
1422 4328 1479 4374 et
1507 4322 1656 4377 ultra
1675 4339 1899 4377 omnem

2002 3246 2263 3317 opinione
2300 3247 2703 3317 conﬁngentes,
2759 3244 3075 3303 ediderunt.
3125 3247 3274 3302 Satis
3320 3250 3409 3301 est
3449 3247 3601 3301 enim

2002 3334 2321 3388 Christiano
2342 3346 2533 3390 rerum
2554 3344 2871 3391 creataru‘m
2892 3348 3108 3400 causas,
3131 3334 3246 3390 sive
3265 3336 3597 3401 caelestium,

1999 3420 2112 3476 sive
2148 3426 2523 3491 terrestrium,
2556 3420 2670 3478 sive
2700 3421 3019 3492 visibilium,
3053 3426 3169 3479 sive
3213 3424 3595 3489 invisibilium,

1996 3510 2330 3582 intelligere,
2363 3527 2476 3566 non
2504 3513 2613 3567 nisi
2640 3513 2889 3568 bonitate
2918 3514 3186 3568 creatoris
3206 3512 3309 3568 Dei
3324 3503 3593 3580 existere;

1990 3598 2317 3671 nullamque
2347 3616 2467 3655 esse
2498 3608 2780 3663 naturam,
2811 3616 2932 3672 quae
2956 3610 3067 3656 non
3092 3607 3192 3656 aut
3214 3602 3333 3672 ipse
3360 3592 3456 3667 sit,
3495 3607 3596 3656 aut

1989 3685 2058 3741 ab
2086 3689 2238 3759 ipso;
2270 3682 2566 3760 ipsumque
2595 3707 2717 3744 esse
2734 3690 3091 3757 Trinitatem,
3113 3691 3337 3745 Patrem
3359 3690 3587 3755 scilicet,

1988 3780 2045 3832 et
2074 3777 2276 3832 Filium
2307 3795 2341 3832 a
2361 3776 2527 3832 Patre
2554 3780 2829 3848 genitum,
2854 3788 2910 3833 et
2938 3778 3209 3850 Spiritum
3232 3784 3490 3833 sanctum
3519 3776 3590 3831 ab

1987 3871 2227 3937 utroque
2278 3867 2691 3938 procedentem,
2724 3884 2902 3922 unum
2949 3869 3147 3931 Deum,
3181 3878 3216 3921 a
3261 3883 3371 3938 quo
3398 3871 3591 3921 creata

1985 3960 2118 4008 sunt
2149 3956 2338 4009 omnia
2365 3973 2377 4022 ;
2410 3970 2511 4009 nec
2538 3972 2775 4022 summe,
2802 3972 2904 4011 nec
2932 3952 3241 4028 aequaliter,
3261 3961 3364 4010 nec
3384 3956 3590 4009 immu.

1982 4036 2410 4111 tabiliterbona;
2434 4044 2533 4098 sed
2564 4050 2754 4099 tamen
2779 4046 2923 4100 bona
2940 4047 3114 4100 etiam
3141 4045 3385 4114 singula,
3410 4040 3583 4098 simu!

1987 4147 2115 4185 vero
2143 4133 2401 4187 universa
2429 4124 2588 4187 valde
2619 4130 2782 4188 bona.

2054 4219 2109 4277 2.
2145 4216 2279 4276 Eam
2303 4220 2476 4293 igitur
2503 4218 2679 4277 solum
2710 4222 3058 4295 appeiiamus
3083 4221 3273 4290 fidem,
3306 4232 3474 4294 quam
3494 4222 3585 4277 (li-

1983 4308 2112 4363 vina
2139 4310 2363 4382 eloquia
2389 4312 2719 4379 docuerunt,
2751 4326 2945 4368 earum
2977 4312 3189 4368 scilicet
3216 4321 3405 4367 rerum
3454 4320 3582 4382 quae

290 4400 659 4456 creationem.
687 4406 838 4458 Ante
867 4422 1111 4472 omnem,
1146 4408 1278 4478 quia
1308 4408 1425 4480 ipse
1455 4410 1573 4465 sine
1603 4411 1764 4465 initio
1792 4418 1894 4476 est,

2004 4417 2093 4454 non
2115 4400 2392 4466 videntvr,
2426 4418 2537 4456 non
2582 4418 2704 4474 qua:
2734 4406 2962 4458 omnino
3002 4404 3298 4471 videntur;
3346 4400 3405 4457 et
3434 4403 3482 4456 si
3520 4400 3580 4456 in

290 4493 353 4540 et
383 4499 643 4544 creatura
671 4493 852 4547 omnis
898 4494 968 4547 ab
996 4495 1117 4566 ipso
1144 4502 1247 4550 est.
1282 4478 1462 4568 supra
1488 4516 1731 4565 omnem,
1766 4478 1961 4569 quiaD
1982 4488 2316 4559 quibuSdam
2354 4492 2519 4544 ﬁdem
2560 4507 2593 4544 ει
2641 4494 2921 4547 contrario
2959 4494 3177 4559 damus»
3212 4490 3436 4565 quando
3461 4498 3577 4545 ’ἴση

288 4575 414 4647 ipse
435 4580 717 4649 potentior
734 4588 904 4652 atque
920 4585 1204 4651 excelsior,
1222 4592 1278 4640 et
1297 4592 1556 4641 creatura
1571 4604 1670 4659 per
1687 4588 1893 4660 ipsum,

288 4680 325 4717 a
357 4682 470 4735 quo
518 4668 732 4739 regitur
775 4677 833 4723 et
877 4670 1243 4740 gubernatur,
1278 4681 1341 4728 ut
1388 4676 1480 4732 sit.
1514 4668 1740 4730 omnino
1788 4683 1890 4731 est.

286 4754 454 4808 Ultra
482 4756 631 4810 enim
653 4774 903 4828 prorsus,
935 4762 1201 4833 quoniam
1233 4760 1355 4819 sine
1382 4766 1494 4820 ﬁne
1517 4774 1621 4829 est,
1657 4773 1714 4821 et
1737 4778 1895 4820 crea-

282 4848 422 4896 tura
448 4843 594 4899 infra
621 4846 804 4917 ipsum
835 4850 1057 4913 ﬁniens,
1091 4858 1155 4906 ut
1203 4870 1327 4907 cum
1386 4854 1508 4925 ipso
1547 4855 1637 4921 sit,
1679 4873 1807 4910 vere
1838 4863 1895 4910 et

278 4931 673 4988 indubitanter
701 4944 805 4990 est.
835 4938 1044 4993 Idcirco
1069 4941 1208 4994 nihil
1230 4947 1387 4996 extra
1406 4943 1589 5013 ipsum
1616 4963 1627 5010 ;
1653 4946 1747 4998 sed
1773 4946 1893 5016 ipse

276 5026 419 5075 ante
443 5022 654 5087 omnia,
683 5026 744 5078 et
771 5042 942 5096 supra
972 5029 1179 5094 omnia,
1208 5038 1263 5083 et
1294 5031 1445 5084 ultra
1473 5035 1664 5087 omnia
1695 5035 1892 5106 utique

276 5118 389 5166 est.
425 5111 567 5167 Hinc
594 5131 727 5185 ergo
751 5124 971 5173 constat
1021 5119 1188 5174 ﬁdem
1239 5121 1309 5175 de
1355 5125 1653 5192 praeteritis
1699 5142 1885 5196 agere,

1980 4575 2221 4631 absurde
2251 4577 2533 4633 interdum
2583 4580 2822 4635 dicimUs
2877 4580 3088 4651 aliquid
3130 4594 3231 4635 nos
3286 4579 3489 4634 vidisse
3517 4585 3579 4634 et

1978 4664 2310 4733 credidisse;
2330 4675 2717 4722 verumtamen
2740 4668 2878 4723 fides
2897 4676 3098 4724 nostra;
3128 4669 3415 4740 religionis
3434 4678 3579 4723 num

1978 4769 2145 4823 quam
2163 4755 2282 4809 sine
2296 4760 2509 4826 speest.
2533 4770 2821 4828 nunquam
2841 4758 2959 4812 sine
2980 4772 3171 4813 amore
3193 4777 3208 4826 ;
3240 4770 3425 4830 neque
3444 4772 3576 4829 spes

1976 4849 2077 4896 aut
2102 4842 2345 4898 charitas
2394 4846 2513 4899 sine
2543 4840 2652 4900 ﬁde
2683 4862 2694 4895 :
2733 4846 2881 4901 unde
2905 4847 3045 4902 ﬁdes
3080 4847 3155 4902 de
3182 4846 3571 4913 invisibilibus,

1976 4931 2122 4986 sicut
2144 4938 2201 4986 et
2214 4950 2360 5004 spes,
2390 4930 2457 4988 de
2483 4948 2592 5005 qua
2611 4934 2910 5006 Apostolus
2921 4937 3003 4991 ait
3017 4956 3028 4990 2
3043 4936 3171 5007 Spes
3190 4953 3311 5006 qua:
3329 4939 3570 5001 videtur,

1976 5035 2087 5074 non
2119 5028 2193 5074 est
2220 5038 2353 5090 spes.
2384 5024 2535 5089 Quod
2563 5028 2717 5077 enim
2750 5026 2895 5078 videt
2923 5029 3068 5093 quis,
3103 5027 3240 5094 quid
3257 5029 3438 5094 sperat
3466 5029 3491 5077 Ρ
3509 5023 3575 5077 Si

1973 5114 2156 5162 autem
2188 5112 2331 5178 quod
2356 5125 2467 5164 non
2495 5112 2742 5167 videmus
2770 5128 3074 5182 speramus,
3111 5122 3212 5183 per
3233 5113 3567 5181 patientiam

274 5216 499 5255 necnon
525 5207 582 5256 et
599 5203 667 5257 de
690 5207 1057 5275 praesentibus
1071 5214 1129 5263 et
1156 5211 1225 5264 de
1255 5211 1573 5267 futuris.De
1587 5216 1887 5284 praeteritis
1969 5205 2334 5266 “75196010771118
2380 5200 2554 5267 (Rom-
2606 5211 2727 5267 V1",
2782 5200 2893 5271 2⁵)·
2930 5204 3075 5274 Ergo
3108 5214 3177 5257 ⁸⁸
3210 5208 3336 5271 qua?
3376 5199 3567 5254 “ab”

274 5290 512 5362 quidem
543 5292 676 5347 dum
710 5310 777 5348 ea
805 5296 982 5350 credit
1012 5314 1135 5369 quae,
1165 5305 1294 5354 ante
1315 5303 1671 5358 maculasth
1705 5321 1879 5360 unum
1967 5298 2278 5357 speramus.
2306 5288 2425 5357 jam
2455 5288 2756 5357 credimus,
2788 5298 2847 5346 et
2886 5304 3230 5365 quaecunque
3252 5288 3559 5356 credimus,

273 5380 465 5434 Deum
495 5380 553 5434 in
583 5381 764 5437 tribus
784 5383 1092 5440 subsistere
1115 5390 1392 5459 personis,
1417 5408 1485 5445 ex
1519 5409 1629 5464 quo
1670 5394 1875 5448 omnia.
1964 5376 2209 5446 Ρνοῖθθῖο
2227 5388 2541 5448 speramus»
2574 5387 2864 5452 Sperantes
2882 5386 3073 5437 autem
3099 5384 3376 5434 amam-
3401 5377 3562 5434 unde

350 5510 370 5534 ⁸
403 5503 574 5585 Edi_t.,
592 5507 665 5560 ad
691 5523 863 5577 quam
885 5513 1000 5564 nisi
1014 5527 1117 5580 per
1136 5519 1367 5569 mortem
1394 5520 1543 5570 venit
1563 5524 1879 5588 nunquam.

351 5575 383 5615 b
414 5574 587 5633 Edit..
619 5581 756 5633 auia
782 5582 852 5633 si.

359 5594 383 5614 υ
415 5594 587 5642 nam,
619 5594 756 5646 quia
782 5595 852 5635 ει.

359 5655 383 5680 °
414 5645 584 5713 Edit.,
621 5664 750 5723 qua.

2030 5516 2260 5610 ξὲἓὲἓην
2288 5522 2519 5610 ‘1“???-

2089 5587 2232 5650 Edit.
2249 5634 2261 5656 ,
2295 5587 2583 5657 fructuum
2596 5634 2607 5647 .
