3992 6166
452 309 583 368 1431
1212 306 1268 359 s;
1308 299 1689 362 PASCHASII
1728 299 2089 357 RADBERTI
2126 301 2435 363 ABBATIS
2471 302 2969 366 CORBEIENSIS.
3582 310 3721 368 1432

445 437 587 492 ﬁdes
623 434 923 492 invisibilia
951 432 1392 506 comprehendit,
1425 432 1604 486 Deum
1632 428 1843 482 scilicet
1869 425 2108 499 supraA
2125 427 2393 486 haberent
2422 433 2794 498 harmoniam,
2819 439 2876 487 et
2894 433 3084 488 omnia
3105 440 3222 489 tam
3244 436 3602 492 concorditer
3628 439 3725 493 ad-

450 527 659 592 onmia,
693 533 750 582 et
780 527 927 581 circa
957 524 1165 587 omnia,
1200 528 1369 592 atque
1400 521 1548 573 intra
1580 519 1787 584 omnia,
1834 518 2041 588 ubique
2123 519 2394 574 unitatem
2412 523 2800 577 tenderent.In
2822 524 3136 577 nulloenim
3150 524 3443 591 dissident,
3460 544 3718 582 neunum

438 622 628 673 totum
654 623 711 671 et
746 616 1172 687 sempiternum.
1196 613 1525 665 Creaturam
1561 626 1690 664 vero
1718 626 1939 665 omnem
1972 609 2042 664 ab
2125 609 2386 665 efﬁciant.
2412 611 2566 674 Qum,
2601 612 2648 665 si
2679 618 2866 666 essent
2891 612 2971 666 dii
3004 613 3185 679 multi,
3220 620 3283 667 ut
3301 616 3596 685 gentilitas
3624 617 3720 671 de-

443 707 569 779 ipso
598 711 824 762 auctore
842 706 957 758 Deo
984 703 1265 757 conditam
1288 720 1300 754 :
1325 717 1490 770 quam
1514 717 1647 754 sane
1667 705 1981 753 creaturam
2010 716 2043 752 a
2124 697 2247 751 lusa
2272 700 2560 765 mentitur,
2584 705 2700 753 tam
2721 701 3003 754 contraria
3016 718 3205 756 rerum
3226 703 3530 769 elementa,
3554 710 3613 759 et
3629 723 3722 760 na-

2121 793 2376 841 turarum
2400 789 3170 860 negotiorumquediversitas
3180 790 3311 845 olim
3332 794 3541 847 saeculo
3553 796 3720 849 ﬁnem

2123 875 2458 946 imponeret,
2495 879 2804 948 praesertim
2835 896 2961 933 cum
2992 885 3051 933 et
3092 879 3198 950 ipsi
3227 881 3381 935 inter
3406 899 3489 945 se,
3522 890 3591 937 ut
3617 884 3721 955 ipsi

2118 966 2356 1035 ﬁngunt,
2377 967 2581 1020 diversi
2604 967 2873 1034 moribus,
2909 974 2966 1022 et
3009 969 3263 1040 potentia
3289 972 3559 1025 contrarii
3588 989 3724 1043 prae-

2118 1052 2395 1108 dicantur.
2414 1056 2575 1109 Nunc
2588 1061 2777 1110 autem
2794 1057 2926 1110 dum
2939 1057 3108 1111 simul
3119 1058 3308 1112 omnia
3320 1059 3720 1126 mundi,unam

2118 1141 2361 1197 hominis
2392 1144 2617 1215 pariunt
2656 1145 2977 1205 utilitatem,
3015 1151 3074 1200 et
3112 1147 3407 1218 multiplex
3434 1165 3633 1204 rerum
3659 1167 3721 1204 ac

2117 1236 2434 1302 temporum
2464 1233 2723 1297 varietas,
2751 1250 2920 1287 unam
2951 1234 3117 1289 efﬁcit
3138 1235 3366 1306 ubique.
3392 1243 3451 1291 et
3476 1237 3540 1291 in
3569 1240 3721 1293 omni

2116 1325 2369 1391 tempore
2400 1322 2584 1374 saeculi
2628 1322 3072 1386 consonantiam,
3107 1329 3164 1376 et
3190 1323 3406 1379 fructus
3458 1325 3587 1380 vitae
3617 1328 3720 1380 hu-

2117 1425 2296 1462 mante
2325 1409 2546 1480 singula
2564 1409 2822 1464 tribuunt
2837 1410 3180 1465 ubertatem:
3209 1419 3366 1483 patet
3391 1415 3543 1484 quod
3577 1432 3722 1470 unus

2116 1497 2190 1551 sit
2202 1498 2363 1552 Omni
2372 1504 2586 1569 potens,
2602 1499 2672 1553 ad
2690 1501 2849 1569 cujus
2863 1500 3208 1554 voluntatem
3222 1501 3335 1556 hazc
3347 1504 3544 1557 omnia
3558 1506 3717 1569 ﬁunt,

2117 1592 2171 1639 et
2201 1587 2257 1640 in
2286 1589 2445 1657 cujus
2474 1588 2747 1658 sapientia
2789 1594 3194 1659 praeparantur,
3249 1607 3320 1644 ne
3365 1591 3437 1645 ab
3484 1594 3720 1649 invicem

2117 1675 2497 1745 prolabantur,
2530 1678 2626 1730 sed
2657 1677 2826 1731 simul
2854 1678 3044 1732 omnia
3068 1678 3261 1733 usibus
3300 1680 3427 1734 vitm
3462 1682 3718 1738 humane

445 798 711 852 Creatore
739 809 1055 856 secernens,
1103 791 1283 845 solum
1314 791 1488 844 Deum
1539 795 1766 860 propter
1792 788 2040 859 seipsum

446 886 644 950 credit,
676 888 883 955 sperat,
942 887 1110 952 atque
1160 885 1331 934 amat.
1387 880 1455 932 Et
1492 880 1608 933 haec
1646 884 1749 939 est,
1795 884 1860 932 ut
1899 878 2031 943 dixi,

444 974 775 1030 Christiana:
799 987 1009 1025 norma:
1037 968 1199 1030 ﬁdes,
1232 985 1354 1039 quae
1384 967 1689 1021 secundum
1710 966 2037 1038 Apostolum

442 1080 545 1134 per
571 1061 924 1116 dilectionem
950 1063 1216 1129 operatur
1245 1075 1255 1109 :
1290 1055 1538 1125 alioquin
1564 1054 1673 1108 nisi
1704 1055 1896 1108 credas
1928 1055 2038 1125 pri-

443 1168 621 1218 mum,
643 1148 926 1204 nechabes
948 1147 1079 1218 quid
1102 1162 1310 1217 speres,
1329 1145 1414 1198 vel
1428 1143 1560 1215 quid
1580 1160 1753 1208 ames,
1783 1144 2040 1198 sicutnec

445 1240 577 1311 quid
599 1239 839 1303 invoces,
853 1242 910 1291 et
927 1236 1049 1290 ideo
1060 1234 1197 1288 ﬁdes
1214 1233 1513 1287 credulitas
1534 1238 1619 1287 est
1636 1233 1692 1285 in
1715 1232 2034 1293 Deum,imo

441 1328 775 1392 substantia,
798 1342 963 1397 quam
990 1340 1216 1395 sperare
1241 1328 1297 1377 et
1315 1338 1504 1376 amare
1523 1330 1751 1392 propter
1764 1321 1840 1375 sei
1847 1338 2030 1392 psum,

443 1418 576 1489 quia
601 1432 883 1471 summum
904 1414 1111 1468 bonum
1133 1417 1235 1475 est,
1260 1416 1498 1482 oportet.
1520 1411 1685 1464 Fides
1710 1416 1813 1475 est,
1830 1410 2032 1481 inquit,

440 1506 847 1577 sperandorum
891 1501 1231 1563 substantia;
1275 1500 1406 1570 quia
1436 1499 1680 1569 profecto
1709 1506 1920 1569 quanta
1949 1504 2035 1553 est

440 1595 577 1649 ﬁdes
606 1595 661 1647 in
693 1592 873 1653 nobis,
905 1609 1027 1662 quae
1053 1608 1154 1661 per
1182 1589 1533 1642 dilectionem
1561 1594 1845 1659 operatur,
1876 1594 2035 1642 tanta

441 1689 500 1738 et
517 1700 645 1754 spes
675 1699 796 1736 esse
822 1679 1003 1735 debet.
1032 1679 1151 1733 Nisi
1171 1692 1193 1721 ι
1223 1679 1373 1732 ultra
1410 1693 1717 1748 speremus,
1745 1683 1844 1730 aut
1880 1678 2033 1731 aliud

441 1773 563 1826 sine
590 1770 908 1826 substantia
948 1769 1066 1840 spei
1109 1783 1335 1838 sperare
1370 1766 1664 1819 videamur
1692 1771 1790 1820 aut
1818 1783 2027 1819 amare.
2048 1776 2095 1836 Β
2115 1765 2463 1820 concorditer
2488 1766 2751 1820 serviant.
2777 1767 2911 1831 Quae
2933 1768 3185 1838 quamvis
3215 1767 3462 1822 visibilia
3486 1771 3625 1835 sint,
3645 1784 3721 1826 ta-

441 1863 532 1915 Sic
561 1862 751 1931 itaque
780 1864 838 1913 et
862 1859 917 1912 in
948 1857 1199 1911 oratione
1221 1856 1358 1910 ﬁdes
1387 1855 1583 1919 credit,
1615 1871 1741 1927 spes
1765 1861 1821 1909 et
1849 1855 2031 1909 chari-

442 1959 530 2006 tas
546 1955 709 2005 orant
741 1968 753 2014 ;
781 1948 875 2002 sed
910 1947 1041 2018 quia
1070 1947 1191 2000 sine
1231 1946 1339 1999 ﬁde
1370 1944 1489 1998 fore
1518 1952 1825 2015 nequeunt,
1858 1945 2030 1999 etiam

440 2046 498 2095 et
525 2039 662 2093 ﬁdes
692 2042 832 2092 orat.
883 2036 1038 2090 Alias
1088 2040 1275 2089 autem
1306 2050 1484 2098 orare,
1518 2034 1603 2087 vel
1642 2033 1916 2097 invocare,
1946 2035 2031 2087 vel

438 2144 684 2199 sperare,
698 2127 785 2180 vel
797 2142 988 2180 amare
1004 2124 1364 2178 invisibilium
1378 2140 1489 2177 non
1501 2140 1796 2194 possumus
1814 2140 2004 2177 eorum
2014 2164 2027 2190 ,

437 2217 497 2271 in
528 2234 650 2288 quae
682 2232 794 2269 non
824 2215 1139 2280 credimus;
1173 2218 1230 2266 et
1254 2213 1379 2266 ideo
1406 2212 1757 2283 imploranda
1796 2218 1882 2265 est
1909 2229 2030 2288 ma—

435 2322 548 2376 gna
575 2306 732 2368 ﬁdes,
752 2310 779 2351 b
800 2310 863 2357 ut
886 2304 961 2357 sit
985 2310 1042 2356 et
1062 2319 1265 2372 magna
1284 2318 1410 2373 spes
1426 2309 1595 2372 atque
1607 2301 1867 2355 Charitas.
1897 2302 2029 2365 Quae

434 2394 566 2447 licet
592 2392 770 2446 tribus
801 2397 1108 2456 moveatur,
1142 2397 1206 2445 ut
1234 2391 1439 2462 protuli
1468 2397 1508 2456 ο,
1543 2390 1908 2460 temporibus,
1934 2407 2028 2443 ex-

436 2487 530 2536 tra
557 2498 722 2535 omne
737 2486 959 2551 tempus
982 2481 1158 2533 Deum
1177 2480 1581 2550 sempiternum
1604 2480 1901 2532 conﬁtetur
1930 2480 2029 2532 Pa-

435 2577 605 2637 trem,
636 2576 690 2624 et
712 2569 934 2635 Filium,
961 2574 1129 2640 atque
1156 2569 1428 2640 Spiritum
1449 2574 1724 2623 sanctum.
1754 2569 1882 2638 Ipsa
1900 2585 2028 2621 vero

432 2661 561 2716 ideo
589 2660 678 2714 his
699 2659 943 2713 afficitur
969 2657 1335 2729 temporibus,
1360 2658 1624 2729 quoniam
1651 2656 1754 2711 sub
1782 2663 2033 2728 tempore

432 2751 639 2821 agitur,
670 2753 735 2803 ut
753 2749 823 2803 ad
853 2765 921 2802 ea
943 2748 1123 2802 ﬁdelis
1153 2748 1389 2818 quisque
1413 2748 1713 2817 pertingat,
1740 2765 1862 2817 quae
1892 2764 2033 2800 sem-

432 2855 536 2910 per
564 2838 761 2891 eadem
789 2841 924 2890 sunt
960 2841 1018 2890 et
1045 2835 1409 2905 sempiterna.
1444 2837 1569 2889 Non
1601 2835 1733 2906 quia
1777 2835 1834 2889 in
1865 2852 2031 2906 quem

434 2927 614 2982 credit
640 2925 865 2980 ﬁdessit
883 2924 987 2979 sub
1001 2931 1285 2995 tempore;
1318 2924 1415 2978 sed
1446 2924 1578 2994 quia
1608 2940 1730 2994 quae
1750 2923 1819 2977 ab
1842 2941 1907 2978 eo
1932 2930 2032 2979 aut

432 3017 680 3080 fuerunt,
714 3021 814 3069 aut
833 3019 984 3077 sunt,
1013 3018 1112 3067 aut
1132 3012 1322 3066 futura
1350 3017 1501 3075 sunt,
1536 3011 1763 3065 omnino
1805 3018 1938 3066 sunt
1974 3013 2031 3067 in

2114 1868 2242 1905 men
2262 1851 2614 1907 invisibiliter
2629 1855 2778 1909 intus
2801 1861 3095 1910 moventur
3114 1856 3184 1910 ab
3203 1857 3477 1911 invisibili
3500 1860 3639 1923 Deo,
3662 1867 3722 1915 ut

2114 1957 2273 1995 mens
2297 1958 2397 2012 per
2426 1942 2478 1995 id
2513 1943 2581 1996 ad
2605 1960 2730 1998 eum
2755 1945 2964 2001 redeat.
2988 1962 3020 1998 a
3043 1962 3151 2015 quo
3170 1947 3305 2000 talia
3330 1952 3391 2000 et
3413 1953 3583 2002 tanta
3604 1950 3719 2004 sine

2113 2031 2319 2084 nostris
2336 2032 2479 2085 ﬁunt
2496 2033 2812 2103 aspectibus
2849 2034 3007 2088 Unde
3023 2051 3123 2105 per
3143 2035 3309 2089 ﬁdem
3330 2036 3716 2105 ambulamus,

2113 2124 2169 2173 et
2198 2135 2309 2173 non
2338 2137 2439 2190 per
2464 2122 2725 2192 speciem,
2756 2123 3023 2193 quoniam
3053 2140 3118 2177 ea
3148 2141 3271 2194 quae
3308 2142 3421 2178 non
3456 2127 3721 2182 videntur

2114 2209 2221 2261 ﬁde
2250 2210 2552 2279 quaerimus
2581 2230 2592 2265 :
2613 2228 2681 2264 ea
2700 2228 2827 2265 vero
2849 2229 2971 2282 quae
2993 2213 3271 2275 videntur,
3286 2229 3389 2268 nec
3409 2215 3741 2283 credimus,

2111 2314 2213 2351 nec
2233 2314 2544 2368 speramus,
2560 2300 2804 2369 profecto
2827 2301 2959 2371 quia
2979 2317 3044 2354 ex
3064 2301 3210 2356 dono
3232 2303 3333 2356 Dei
3354 2303 3445 2357 his
3466 2305 3716 2359 utimur:

2112 2386 2207 2439 sed
2238 2387 2562 2457 largitorem
2585 2389 2767 2443 adhuc
2786 2390 3135 2461 suspirantes
3156 2391 3527 2462 requirimus,
3541 2400 3610 2448 ut
3627 2395 3717 2465 qui

2112 2480 2269 2529 tanta
2299 2477 2471 2541 dedit,
2511 2495 2631 2548 quae
2660 2479 2937 2544 videntur,
2970 2479 3238 2550 seipsum,
3269 2498 3442 2551 quem
3473 2484 3717 2538 necdum

2112 2563 2373 2631 vidimus,
2413 2566 2719 2620 clementer
2755 2567 3014 2621 ostendat
3057 2568 3192 2636 suis,
3222 2574 3288 2623 ut
3341 2569 3593 2625 sufﬁciat
3622 2588 3718 2627 no-

2116 2652 2218 2707 bis.

2720 2746 2953 2802 CAPUT
2986 2747 3104 2801 XV.

2328 2836 2400 2888 De
2431 2836 2570 2889 dono
2599 2839 2814 2904 gratim,
2842 2842 2890 2889 et
2908 2840 3324 2905 perseverantia
3349 2841 3500 2906 ﬁdei.

2184 2923 2210 2976 1
2228 2964 2238 2976 .
2257 2924 2434 2978 Nemo
2451 2924 2623 2993 igitur
2639 2924 3082 2979 Christianorum
3101 2932 3200 2980 aut
3212 2927 3444 2981 initium
3461 2930 3719 2988 ﬁdei.aut

2113 3013 2511 3085 perfectionem
2539 3030 2599 3066 se
2629 3012 2836 3066 habere
2864 3013 3177 3081 existimet;
3231 3015 3331 3069 sed
3360 3016 3580 3072 donum
3619 3019 3718 3074 Dei

433 3110 707 3174 tempore,
725 3102 901 3155 donec
916 3106 1214 3155 evacuetur
1235 3100 1421 3170 etipsa
1452 3100 1608 3158 ﬁdes.
1632 3117 1753 3169 quae
1783 3100 1890 3169 piis
1903 3085 2088 3171 ope-C
2112 3120 2232 3156 esse
2260 3103 2427 3155 ﬁdem
2448 3117 2557 3172 quo
2586 3107 2786 3155 caetera
2805 3102 3087 3156 donentur
3110 3103 3258 3158 dona
3286 3105 3611 3161 certissime
3640 3109 3718 3162 in-

433 3193 590 3247 ribus
627 3207 777 3245 nunc
824 3190 1001 3243 credit
1040 3206 1074 3242 a
1108 3189 1346 3243 Domino
1377 3205 1499 3259 quae
1545 3194 1838 3257 geruntur.
1872 3190 2030 3243 Unde
2111 3190 2619 3261 telligat.Alioquin
2635 3193 3592 3259 qm‘spriordeditei,etretribuelur
3607 3200 3719 3251 itii?

435 3280 689 3353 quisquis
716 3296 793 3345 es,
808 3278 857 3333 si
887 3278 1121 3332 necdum
1144 3294 1210 3331 ea
1236 3294 1358 3347 quin
1380 3294 1488 3331 non
1519 3277 1778 3331 videntur
1796 3277 2029 3333 idoneus
2116 3282 2287 3347 (Rom.
2321 3296 2413 3343 xu,
2448 3278 2558 3346 35.)
2592 3280 2734 3348 Ergo
2763 3279 3027 3349 quoniam
3055 3296 3120 3333 ex
3151 3280 3291 3351 ipso,
3324 3288 3383 3335 et
3405 3300 3513 3352 per
3535 3285 3715 3355 ipsum

435 3387 495 3424 es
525 3369 771 3434 credere,
804 3367 1000 3421 saltem
1033 3354 1292 3438 operibus
1310 3367 1500 3433 crede;
1529 3367 1793 3437 quoniam
1817 3366 1885 3420 ab
1916 3369 2032 3439 opi—
2112 3374 2170 3422 et
2196 3369 2254 3421 in
2284 3369 2406 3439 ipso
2434 3374 2567 3421 sunt
2591 3369 2801 3431 omnia,
2836 3368 2959 3421 ideo
2990 3368 3213 3422 initium
3236 3369 3371 3423 ﬁdei
3401 3378 3616 3427 nostrae
3652 3374 3717 3427 ab

433 3461 536 3514 ﬁce
564 3459 767 3513 idcirco
792 3456 1145 3511 invisibiliter
1162 3456 1328 3510 verbo
1354 3457 1575 3511 virtutis
1605 3457 1839 3511 visibilia
1864 3459 2030 3522 ﬁunt,

435 3555 499 3604 ut
528 3566 591 3601 ex
614 3547 701 3601 his
730 3546 1029 3600 invisibilia
1049 3546 1491 3616 comprehendas
1518 3566 1534 3615 ;
1564 3563 1598 3599 a
1626 3553 1885 3600 creatura
1913 3554 2030 3601 ete-

434 3639 551 3691 nim
582 3636 782 3690 mundi
808 3652 907 3706 per
935 3652 1000 3688 ea
1028 3652 1150 3704 quae
1171 3634 1318 3687 facta
1346 3640 1478 3688 sunt
1502 3636 1786 3689 intellecta
1808 3637 2029 3707 conspi-

436 3727 661 3780 ciuntur
685 3744 696 3791 ;
722 3724 791 3778 ab
809 3723 1183 3778 invisibilibus
1213 3740 1344 3793 ergo
1382 3723 1621 3777 visibilia
1649 3731 1943 3794 reguntur,
1976 3732 2033 3779 et

436 3815 561 3869 ideo
589 3814 774 3885 potius
806 3829 1029 3883 semper
1074 3812 1369 3866 invisibilia
1402 3818 1533 3866 sunt
1563 3814 1671 3867 ﬁde
1711 3814 2030 3884 quaerenda,

439 3904 674 3974 quaesita
688 3919 817 3955 vero
833 3902 1095 3966 amanda,
1112 3908 1169 3955 et
1186 3901 1278 3972 pio
1299 3918 1490 3955 amore
1510 3902 1630 3955 sine
1643 3904 1752 3955 ﬁne
1774 3903 2030 3958 fruenda.

438 3993 708 4046 Novimus
738 3991 887 4044 enim
918 4006 1018 4060 pro
1065 3996 1237 4056 certo,
1272 3990 1420 4060 quod
1463 3991 1570 4044 ista
1600 4008 1722 4062 quae
1755 3993 2030 4062 videntur,

2112 3456 2258 3527 ipso,
2279 3474 2479 3527 neque,
2516 3463 2580 3510 ut
2610 3457 2835 3527 quidam
2871 3457 3083 3517 volunt.
3109 3457 3212 3510 hoc
3241 3465 3497 3529 excepto,
3521 3468 3719 3516 caetera

2113 3562 2213 3617 per
2241 3546 2425 3617 ipsum
2460 3564 2471 3611 ;
2501 3545 2598 3599 sed
2628 3563 2692 3598 ex
2722 3545 2842 3616 ipso
2864 3547 2974 3600 ﬁde
2993 3546 3299 3613 initiamur,
3321 3555 3380 3602 et
3401 3566 3509 3621 per
3538 3552 3718 3623 ipsum

2112 3640 2477 3703 augmentum
2499 3633 2794 3699 sumimus,
2812 3634 2947 3688 utin
2970 3635 3079 3689 ﬁde
3095 3644 3506 3704 crescamus,et
3524 3639 3580 3693 in
3603 3641 3718 3710 ipso

2115 3723 2324 3776 donum
2348 3723 2773 3793 perseverantiae
2799 3724 3163 3790 sumimus,ut
3182 3725 3240 3779 in
3264 3742 3383 3781 una
3409 3729 3720 3799 eademque

2115 3828 2564 3883 permaneamus.
2600 3812 2759 3867 Unde
2787 3813 3086 3883 Apostolus
3123 3833 3135 3868 :
3181 3816 3350 3881 Vobis,
3394 3816 3607 3887 inquit,
3638 3821 3722 3871 do-

2116 3906 2315 3955 natum
2336 3907 2549 3967 cst,non
2563 3905 2743 3955 solum
2761 3907 2824 3955 ut
2840 3904 3075 3956 credatis
3092 3906 3153 3956 in
3168 3920 3293 3957 eum
3309 3923 3321 3971 ;
3337 3921 3541 3961 verum
3558 3911 3717 3961 etiam

2116 3998 2178 4044 ut
2205 3994 2512 4058 patiamini
2530 4006 2633 4059 pro
2658 4008 2715 4044 eo
2732 3991 2904 4061 (Phil.
2929 4004 2968 4055 ι,
2992 3989 3102 4061 29).
3127 3991 3450 4063 Utrumque
3471 4012 3612 4066 ergo
3629 3997 3721 4052 Dei

440 4097 552 4134 non
577 4081 699 4150 ipsa
731 4096 790 4132 se
820 4078 1017 4145 ﬁunt";
1051 4079 1149 4132 sed
1186 4084 1380 4132 tamen
1410 4079 1556 4133 facta
1583 4087 1717 4134 sunt
1749 4087 1805 4135 et
1836 4083 2033 4138 viden-
2116 4079 2325 4133 donum
2348 4079 2615 4139 insinuat,
2638 4078 2861 4133 initium
2884 4086 3054 4150 atque
3077 4081 3267 4147 ﬁnem,
3300 4098 3374 4137 ne
3395 4083 3443 4136 si
3467 4101 3535 4137 ex
3566 4087 3718 4139 nobis

436 4174 534 4223 tur
560 4185 571 4219 :
606 4183 718 4221 non
744 4167 1023 4235 quomodo
1052 4167 1213 4230 ﬁunt,
1236 4168 1333 4221 sed
1363 4168 1494 4238 quia
1514 4170 1742 4223 omnino
1765 4171 2027 4239 existunt,
2114 4168 2338 4222 initium
2359 4168 2663 4222 dixerimus
2701 4185 2802 4222 nos
2832 4168 3057 4233 habere,
3075 4170 3193 4239 jam
3221 4170 3644 4227 incrementum
3666 4175 3720 4227 ﬁ-

439 4262 497 4311 et
525 4257 674 4310 facta
703 4260 853 4308 sunt.
887 4256 1192 4325 Propterea
1217 4256 1492 4309 credenda
1521 4263 1606 4310 est
1632 4260 1880 4327 potentia
1909 4262 2033 4316 Dei-
2115 4258 2205 4311 dei
2234 4274 2446 4312 merces
2474 4258 2549 4311 sit
2575 4257 2720 4311 initii
2740 4258 2939 4318 nostri,
2966 4263 3023 4312 et
3055 4275 3162 4312 non
3189 4260 3380 4329 gratia
3404 4262 3712 4332 largitoris.

343 4385 346 4389 -
434 4347 584 4407 tatis,
608 4352 665 4399 et
685 4343 962 4415 sapientia
981 4350 1151 4413 atque
1176 4344 1450 4408 voluntas,
1476 4346 1738 4413 quoniam
1758 4348 2025 4420 quidquid
2044 4397 2095 4420 ,η
2117 4347 2250 4410 Quis
2280 4348 2432 4401 enim
2462 4364 2573 4401 non
2603 4347 2805 4411 videat,
2838 4348 2986 4418 quod
3016 4349 3173 4418 prius
3198 4348 3272 4402 sit
3299 4350 3574 4420 cogitare,
3599 4361 3713 4405 tum

440 4397 584 4407 --νη
620 4397 661 4399 ή-
697 4397 704 4398 κ
754 4397 765 4415 .
1059 4397 1078 4413 ι
1442 4397 1450 4408 ι
1491 4397 1510 4413 ι
1762 4397 2025 4420 νπ-Ἵ--η
2131 4397 2247 4410 νη
2844 4397 2986 4418 -ιν-νν·
3016 4397 3171 4418 tu“
3199 4397 3271 4402 τη
3303 4397 3574 4420 ⁷*ο·*-·“Ἲ
3603 4397 3713 4405 ~—-—

433 4435 612 4492 voluit
635 4440 735 4489 aut
759 4432 962 4506 potuit,
998 4433 1056 4485 in
1098 4447 1201 4486 sua
1238 4431 1514 4501 sapientia
1543 4433 1666 4499 fuit,
1699 4434 1767 4487 ob
1806 4437 1860 4488 id
1891 4397 2096 4492 nihilD
2116 4437 2340 4490 demum
2362 4437 2623 4491 credere?
2644 4437 2921 4500 Quoniam
2943 4438 3131 4491 nullus
3147 4438 3327 4492 credit
3355 4439 3718 4510 aliquid,nisi

434 4525 872 4596 reprehensibile
914 4523 1090 4589 fecit;
1151 4537 1285 4592 ergo
1335 4526 1399 4575 ut
1452 4522 1648 4576 habuit
1696 4540 1807 4579 non
1849 4528 2032 4597 majus
2115 4524 2632 4594 priuscogitaverit,
2649 4526 2787 4580 illud
2804 4526 3145 4580 credendum
3168 4533 3290 4593 est;
3318 4529 3581 4597 quamvis
3602 4547 3717 4583 cre-

435 4631 617 4684 posse,
653 4632 821 4685 quam
871 4614 1028 4677 velle,
1060 4628 1244 4682 neque
1284 4610 1468 4681 ipsum
1506 4611 1645 4665 velle
1696 4614 1819 4683 plus
1861 4633 2030 4686 quam
2115 4614 2246 4666 dere
2270 4614 2408 4667 nihil
2429 4614 2577 4668 aliud
2601 4614 2693 4677 sit,
2729 4630 2900 4684 quam
2928 4631 3055 4669 cum
3092 4602 3717 4672 assensu'auctoritatis

433 4718 616 4771 posse,
647 4703 727 4756 ita
772 4719 875 4757 nec
908 4704 1045 4758 velle
1074 4708 1173 4756 aut
1203 4718 1364 4772 posse
1397 4702 1575 4771 majus
1613 4719 1779 4773 quam
1811 4721 2029 4775 sapere.

436 4790 581 4842 Hinc
625 4790 798 4859 igitur
824 4792 882 4845 in
913 4794 1035 4861 ejus
1064 4794 1351 4847 voluntate
1380 4791 1642 4845 universa
1668 4798 1799 4846 sunt
1828 4794 2029 4863 posita,

435 4879 594 4947 cujus
608 4882 942 4947 potestatem
956 4881 1091 4934 nihil
1112 4882 1355 4947 excedit;
1374 4881 1469 4935 sed
1496 4881 1747 4952 potentia
1762 4898 1873 4951 qua
1888 4883 2035 4936 facta

435 4973 585 5033 sunt,
629 4966 1005 5032 continentur,
1050 4971 1281 5040 ejusque
1311 4970 1607 5041 sapientia,
1650 4971 1707 5023 in
1740 4987 1852 5041 qua
1889 4971 2034 5025 facta

435 5063 585 5121 sunt,
616 5060 926 5126 reguntur;
962 5073 1082 5125 quae
1112 5058 1279 5111 simul
1308 5060 1499 5113 omnia
1527 5076 1701 5113 unum
1732 5060 1910 5113 Deum
1941 5060 2033 5114 de-

435 5149 653 5202 clarant
676 5169 688 5203 ς
722 5142 984 5215 quoniam
1012 5161 1078 5197 ex
1104 5146 1334 5199 diversis
1367 5154 1423 5201 et
1442 5148 1737 5202 contrariis
1763 5165 1908 5201 unus
1946 5155 2032 5203 est

432 5236 715 5290 mundus:
744 5232 839 5304 qui
864 5232 971 5286 nisi
998 5238 1145 5286 esset
1174 5250 1337 5297 unus,
1363 5237 1524 5305 cujus
1552 5236 1786 5291 arbitrio
1815 5238 2032 5307 regitur

433 5331 490 5381 et
507 5324 778 5396 potentia,
803 5338 1091 5396 nunquam
1107 5327 1223 5378 tam
1245 5322 1463 5379 diversa
1482 5330 1538 5379 et
1553 5327 1837 5381 contraria
1855 5343 2028 5381 unam

502 5450 1150 5603 :IIEiffefditnde‘sfideratur
1177 5526 1239 5575 ut
1266 5523 1338 5576 sit
1378 5525 1427 5575 et
1456 5537 1661 5591 magna
1700 5541 1815 5598 spes
1844 5532 2025 5603 atque.

502 5615 524 5645 c
556 5594 724 5662 Edit.,
753 5599 999 5671 pratuli.

2115 4717 2181 4754 ea
2207 4719 2327 4772 quae
2348 4719 2458 4756 non
2489 4703 2764 4767 videntur,
2789 4709 2846 4756 et
2872 4703 2990 4773 ipse
3012 4703 3219 4768 docuit,
3243 4704 3366 4757 sine
3392 4714 3720 4775 percuncta-

2113 4792 2266 4845 tione
2296 4792 2502 4846 certius
2532 4792 2777 4862 cogitare
2805 4811 2815 4844 :
2850 4792 2919 4845 Et
2945 4791 2991 4845 si
3011 4808 3121 4845 non
3150 4793 3383 4846 omnino
3403 4808 3427 4835 ο
3452 4811 3715 4865 quaecun-

2116 4897 2222 4952 que
2252 4880 2479 4950 cogitat,
2522 4882 2716 4948 credit,
2748 4888 2940 4935 tamen
2980 4897 3317 4952 quocunque
3358 4884 3560 4945 credit,
3596 4901 3713 4938 cre-

2114 4968 2295 5023 dendo
2324 4970 2548 5040 cOgitat,
2574 4976 2630 5024 et
2654 4972 2950 5041 cogitando
2975 4971 3153 5025 credit
3173 4987 3261 5040 ea,
3282 4989 3406 5042 quae
3433 4974 3713 5044 pertinent

2114 5060 2183 5112 ad
2213 5059 2545 5128 religionem
2574 5061 2861 5115 catholicae
2918 5059 3067 5126 ﬁdei,
3121 5060 3206 5114 vel
3239 5062 3531 5131 pietatem.
3571 5062 3707 5117 Hinc

2112 5165 2333 5220 quoque
2346 5149 2648 5219 Apostolus
2661 5151 2802 5203 'Non
2819 5152 2994 5202 simus
3012 5151 3197 5203 idonei
3209 5153 3453 5217 cogitare
3468 5156 3525 5205 at
3531 5155 3618 5220 iqu
3626 5152 3693 5211 id,

2111 5242 2271 5307 quasi
2294 5255 2358 5291 co:
2387 5241 2785 5307 nobismetipsis
2803 5256 2815 5304 ;
2833 5239 2923 5291 sed
2938 5238 3280 5306 sufﬁcientia
3301 5245 3491 5294 nostra
3518 5257 3580 5293 ex
3600 5240 3694 5291 Deo

2111 5331 2184 5381 est
2212 5327 2427 5395 (I100r.
2461 5341 2546 5392 III,
2574 5324 2643 5397 5).
2676 5325 2836 5390 Quod
2867 5327 2915 5381 si
2943 5325 3191 5397 cogitare
3213 5343 3323 5381 non
3362 5344 3553 5382 sumus
3584 5325 3692 5379 ido-

2188 5453 2216 5497 ἀ
2238 5454 2405 5521 Edit.,
2432 5455 2672 5522 faciunt.

2179 5534 2204 5564 θ
2237 5526 2405 5591 Edit.,
2438 5529 2618 5581 omnis
2649 5541 2999 5602 quacunque.
