3992 6166
330 280 473 341 M33
1224 278 1318 337 DE
1355 280 1538 350 FIDE,
1582 281 1840 339 SPE‘ET
1877 284 2306 341 CHARITATE.
2354 315 2418 328 -—
2462 285 2596 344 LIB.
2642 288 2689 345 Ι.
3463 280 3599 341 1434

328 406 444 471 nei,
476 408 688 476 quanto
715 404 897 476 magis
923 420 1027 459 nec
1055 406 1300 463 credere.
1333 408 1540 463 Verum
1572 409 1748 480 igitur
1772 410 1927 465 sufﬁ-
1946 411 2141 471 Anem
2162 418 2624 483 usqueservotur.
2651 392 2808 479 Quod
2826 414 3097 485 sialiquid
3111 413 3377 467 virtutum
3407 410 3598 465 delue-

318 494 533 549 cientia
556 500 769 561 nostra,
803 511 916 566 qua
956 495 1183 551 credere
1210 496 1528 569 incipimus,
1562 514 1626 552 ex
1678 500 1793 553 Deo
1820 504 1923 553 est.
2011 500 2120 568 rit;
2169 500 2410 555 edoceth
2456 502 2742 572 apostolus
2762 503 3019 567 Jacobus,
3046 501 3323 574 quomodo
3346 500 3601 570 impetre-

318 584 394 638 Et
422 585 568 638 sicut
595 600 761 638 nemo
806 584 910 638 sibi
952 584 1246 651 sufﬁcit,ut
1267 586 1599 656 incipiat,ita
1620 603 1721 641 nec
1749 588 1927 657 quod-

315 689 541 744 cunque
566 690 706 743 opus
737 672 941 727 bonum
969 690 1033 727 ex
1063 691 1123 728 se
1154 674 1324 728 habet
1344 680 1409 728 ut
1424 675 1675 746 perﬁciat
1696 677 1810 737 ;sed
1839 677 1926 730 in-

314 761 563 832 cipiendi
596 767 651 815 et
680 762 1073 833 perseverandi
1102 762 1437 817 sufficientia
1477 767 1674 817 nostra
1714 780 1780 818 ex
1805 765 1920 819 Deo

314 857 432 907 est.
477 850 676 904 Verum
710 851 1080 921 quodcunque
1126 851 1383 923 promisit
1414 854 1575 919 Deus,
1610 858 1807 924 potens
1836 859 1923 908 est

314 944 376 993 et
401 940 603 993 facere.
637 939 909 993 Promisit
928 956 1062 1010 ergo
1094 940 1261 994 ﬁdem
1277 941 1532 1010 gentium
1546 941 1922 1013 Abrahaz,qua

313 1029 442 1098 ejus
472 1028 722 1082 haeredes
746 1035 934 1082 essent
958 1070 969 1081 .
998 1045 1165 1098 quam
1196 1045 1331 1083 sane
1360 1030 1527 1083 ﬁdem
1554 1030 1815 1101 gentibus
1827 1048 1923 1102 po-

310 1122 505 1170 tenter
541 1117 743 1179 etl'ecit,
794 1132 858 1170 ut
901 1134 1013 1170 non
1043 1135 1111 1171 ex
1144 1117 1403 1189 Operibus
1438 1119 1713 1189 glorietur
1741 1120 1924 1174 omnis

310 1221 448 1259 οπο
472 1216 494 1242 ⁸
516 1222 704 1259 coram
727 1205 852 1272 illo;
887 1205 983 1259 sed
1019 1222 1082 1259 ex
1112 1207 1315 1276 gratia,
1351 1224 1472 1277 qua:
1499 1213 1585 1261 est
1612 1208 1669 1262 in
1701 1208 1922 1263 Christo

309 1293 469 1358 Jesu,
502 1294 780 1360 salvetur;
822 1294 1069 1365 alioquin
1104 1296 1222 1363 jam
1251 1311 1365 1349 non
1396 1302 1482 1349 est
1506 1297 1691 1363 gratia
1716 1296 1822 1350 nisi
1852 1296 1928 1350 sit

307 1382 582 1452 gratuita.
627 1383 771 1449 Quid
784 1398 910 1449 ergo
934 1384 1112 1447 habes,
1146 1385 1289 1451 quod
1306 1400 1416 1437 non
1432 1388 1689 1453 accepisti
1711 1388 1759 1440 tl
1798 1386 1921 1440 Cor.

310 1485 395 1536 Iv,
425 1472 483 1540 7)
501 1471 526 1523 Τ
554 1476 710 1542 puta,
740 1471 905 1524 ﬁdem
931 1476 985 1524 te
1017 1470 1223 1525 habere
1244 1472 1731 1544 suspicaris,quasi
1753 1490 1817 1527 ex
1844 1478 1919 1528 te:

303 1561 432 1630 jam
476 1576 631 1628 ergo,
662 1559 710 1612 si
737 1558 817 1613 ita
846 1565 950 1625 est,
991 1560 1201 1631 aliquid
1231 1560 1423 1627 habes,
1449 1561 1597 1632 quod
1629 1578 1739 1615 non
1766 1579 1923 1616 acce-

308 1648 447 1719 pisti
472 1648 812 1718 ;praesertim
841 1664 968 1702 cum
1001 1649 1138 1702 ﬁdes
1159 1649 1449 1703 exordium
1480 1650 1731 1703 omnium
1755 1651 1925 1704 dono-

2009 604 2153 642 mus.
2181 588 2245 641 Si
2261 592 2401 657 quis,
2427 588 2630 660 inquit,
2656 593 2866 659 indiget
2891 592 3417 661 sapientia,postulet
3436 589 3598 651 aDeo,

2009 680 2108 746 qui
2123 679 2216 729 dat
2238 680 2492 731 omnibus
2514 681 2830 748 afﬂuenter,
2853 685 3028 734 etnon
3053 683 3409 749 improperat,
3437 681 3484 730 et
3509 677 3605 729 da-

2004 769 2157 820 bitur
2186 769 2254 819 ei.
2288 768 2518 820 Postulet
2548 774 2733 821 autem
2774 772 2835 823 in
2864 771 2965 836 ﬁde
3017 770 3164 822 nihil
3184 769 3439 822 Inrsitans
3463 767 3598 829 (Jac.

2002 867 2042 919 Ι,
2078 851 2208 923 5-6).
2267 854 2344 907 Ex
2402 872 2511 925 quo
2554 862 2728 927 patet,
2770 857 2903 912 dum
2936 859 3125 912 omnia
3152 857 3420 910 virtutum
3452 855 3599 908 dona

2003 943 2163 996 nobis
2187 943 2245 995 in
2271 943 2379 996 ﬁde
2393 944 2506 997 sint
2527 946 2882 1015 poscenda,et
2896 947 2964 1000 ad
2993 962 3313 1001 mensuram
3336 943 3464 998 ﬁdei
3487 943 3597 996 dis-

2003 1031 2335 1102 pertiantur,
2371 1032 2518 1102 quod
2559 1033 2681 1104 ipsa
2710 1035 3017 1105 eademque
3058 1035 3195 1088 ﬁdes
3229 1049 3496 1103 magnum
3528 1030 3604 1084 sit

2004 1121 2104 1174 Dei
2134 1121 2500 1185 donum,licet
2528 1122 2681 1192 prius
2712 1140 2823 1177 non
2862 1124 3180 1195 petentibus
3211 1122 3369 1176 nobis
3396 1122 3471 1175 sit
3492 1121 3601 1174 lar-

2004 1209 2140 1277 gita,
2156 1208 2420 1279 quoniam
2443 1226 2605 1263 nemo
2631 1210 2750 1264 sine
2775 1211 3059 1265 voluntate
3081 1229 3183 1265 sua
3208 1215 3358 1264 recte
3382 1208 3560 1262 credit
3583 1226 3595 1273 ;

2007 1302 2064 1350 et
2099 1303 2288 1350 tamen
2321 1298 2576 1352 voluntas
2597 1299 2717 1370 ipsa
2739 1300 2989 1353 credenti
3014 1317 3047 1353 a
3063 1300 3301 1354 Domino
3322 1312 3600 1369 praepare-

2005 1386 2279 1439 tur.Velle
2297 1386 2522 1456 quidem
2547 1393 2600 1440 et
2620 1390 2887 1458 perﬁcere
2907 1390 3081 1460 ipsius
3105 1394 3237 1443 sunt
3250 1388 3486 1451 dona,ut
3502 1401 3600 1438 ne-

2007 1490 2100 1528 mo
2124 1474 2194 1527 de
2214 1491 2274 1528 se
2292 1474 2583 1543 glorietur,
2614 1477 2711 1530 sed
2734 1476 2787 1529 in
2811 1476 3069 1530 omnibus
3094 1474 3484 1529 misericordiae
3500 1472 3601 1526 Dei

2007 1576 2067 1613 se
2094 1562 2413 1615 committat
2437 1580 2449 1627 ;
2471 1561 2694 1630 quando
2726 1563 2950 1632 quidem
2968 1564 3130 1633 juxta
3150 1561 3287 1615 illud
3313 1559 3602 1632 propheti-

2006 1665 2132 1702 cum
2171 1648 2376 1702 David:
2415 1651 2799 1703 Misericordia
2834 1655 2950 1719 ejus
2989 1652 3278 1719 pra'veniet
3318 1664 3402 1701 me
3436 1647 3599 1716 (Psal.

308 1754 444 1791 rum
474 1737 595 1802 Dei,
606 1738 735 1806 jure
764 1737 1061 1804 credatur;
1086 1742 1149 1791 ut
1178 1743 1263 1791 est
1286 1738 1419 1791 illud
1442 1739 1694 1809 Apostoli
1726 1757 1737 1793 :
1770 1740 1924 1794 Sicut
1946 1733 1993 1792 B
2013 1752 2160 1802 Lvm,
2196 1737 2312 1805 li);
2346 1743 2403 1791 et
2429 1738 2561 1791 alibi
2585 1755 2751 1792 orans
2772 1739 2925 1809 ipse:
2955 1736 3603 1804 Misericordiaejussub-

310 1828 621 1895 unicuique
660 1828 799 1879 Deus
830 1829 1077 1895 partitus
1102 1832 1177 1879 est
1222 1843 1544 1880 mensuram
1585 1829 1713 1894 ﬁdei
1753 1830 1919 1893 (Rom.

308 1928 411 1980 xu,
447 1913 518 1981 3).
552 1913 713 1978 Quod
742 1912 768 1952 ι)
799 1913 846 1967 si
876 1916 1015 1968 ﬁdes
1034 1931 1144 1968 non
1167 1920 1254 1969 est
1290 1931 1356 1968 ex
1379 1915 1514 1976 Deo,
1536 1916 1652 1984 jam
1683 1916 1919 1986 reliqua,

310 2019 446 2073 qum
475 2002 545 2057 ad
573 2018 895 2057 mensuram
921 2002 1049 2056 ﬁdei
1075 2004 1509 2073 dispertiuntur,
1522 2004 1921 2059 retributiones

310 2096 454 2145 sunt
481 2091 632 2150 ﬁdei.
661 2096 719 2144 et
747 2107 859 2145 non
889 2091 1069 2144 donat
1108 2092 1255 2145 mala
1285 2092 1458 2161 igitur
1484 2092 1614 2145 talis
1637 2092 1918 2162 gloriatio,

309 2196 446 2233 cum
499 2180 639 2233 nihil
670 2179 779 2233 nisi
809 2179 1134 2251 accipiendo
1174 2180 1381 2234 habere
1411 2197 1728 2251 possumus.
1762 2181 1922 2235 Unde

308 2268 617 2340 Apostolus
641 2286 652 2320 :
682 2269 745 2323 Si
762 2274 969 2331 autem,
988 2268 1190 2339 inquit,
1214 2271 1485 2337 accepisti,
1511 2286 1615 2323 cur
1630 2272 1916 2337 gloriaris,

311 2361 480 2426 quasi
509 2374 622 2411 non
649 2360 917 2425 acceperis
939 2363 962 2410 ?
984 2358 1109 2411 Non
1138 2357 1284 2410 idem
1316 2358 1586 2411 donatum
1610 2358 1714 2412 sibi
1745 2359 1922 2412 excla-

310 2452 456 2510 mat,
487 2452 549 2499 ut
576 2445 755 2499 ﬁdelis
783 2450 949 2511 esset;
987 2446 1254 2516 quoniam
1284 2446 1533 2517 reliquiae
1560 2464 1659 2517 per
1696 2447 1924 2501 electio-

309 2550 447 2587 nem
467 2534 664 2604 gratiae
694 2533 859 2587 salvae
889 2534 1048 2597 ﬁunt,
1074 2539 1132 2587 et
1158 2550 1268 2587 non
1298 2551 1363 2587 ex
1393 2534 1723 2588 meritorum
1737 2535 1922 2605 operi-

314 2622 441 2675 bus.
472 2622 593 2692 Ipse
615 2629 701 2675 est
725 2621 873 2675 enim
906 2621 1076 2687 Deus,
1110 2626 1209 2690 qui
1230 2628 1491 2691 operatur
1514 2626 1705 2676 omnia
1732 2627 1791 2676 in
1813 2640 1925 2677 om-

309 2712 485 2765 nibus
513 2712 563 2779 (Ι
589 2712 711 2766 Cor.
740 2727 883 2775 xxvi,
918 2711 990 2775 6).
1025 2711 1226 2775 Quodc
1266 2711 1313 2764 si
1363 2712 1572 2778 omnia,
1627 2712 1822 2783 utique
1868 2716 1926 2765 et

316 2799 512 2865 ﬁdem,
545 2814 647 2870 per
676 2815 843 2870 quam
876 2806 931 2853 et
961 2799 1070 2853 alia
1099 2799 1157 2853 in
1188 2800 1348 2853 nobis
1388 2799 1722 2855 adoriuntur
1750 2800 1921 2855 virtu-

307 2895 441 2943 tum
461 2889 634 2942 dona:
668 2894 964 2959 propterea
985 2904 1149 2942 nemo
1169 2905 1229 2942 se
1248 2889 1275 2931 ἀ
1296 2889 1601 2960 applaudat
1619 2906 1655 2942 a
1682 2906 1743 2943 se.
1766 2889 1923 2959 quid-

310 2977 473 3048 piam
521 2976 748 3043 habere,
781 2977 889 3031 nisi
914 2978 1065 3043 vitia,
1117 2994 1186 3031 ne
1235 2977 1468 3047 gloriari
1496 2978 1556 3031 in
1585 2978 1817 3032 homine
1848 2977 1921 3031 vi-

2004 1831 2260 1894 sequetur
2290 1829 2556 1894 me(Psal.
2590 1842 2719 1892 xxu,
2753 1828 2811 1895 6)
2839 1846 2851 1894 ;
2896 1832 2958 1881 ut
2988 1827 3045 1880 in
3076 1827 3251 1888 nullo,
3282 1824 3389 1878 nisi
3410 1823 3481 1877 de
3507 1823 3604 1877 illo

2005 1930 2411 1985 praesumamus
2444 1933 2457 1982 ;
2490 1916 2753 1985 quoniam
2780 1915 2888 1969 nisi
2926 1915 2996 1970 ab
3026 1916 3143 1975 illo,
3172 1913 3310 1968 nihil
3339 1918 3425 1966 est
3455 1911 3604 1983 quod

2005 2002 2276 2057 habemus
2322 2005 2447 2058 Non
2476 2007 2625 2058 enim
2655 2007 2903 2070 volentis,
2933 2009 3033 2058 aut
3058 2004 3355 2065 currentis,
3387 2001 3477 2053 sed
3498 2001 3603 2052 mi-

2003 2095 2231 2145 serentis
2255 2098 2331 2145 est
2358 2093 2647 2152 Deiiliom.
2669 2107 2742 2157 Ix,
2785 2090 3130 2151 16).Prorsus
3150 2089 3283 2160 quia
3312 2089 3429 2158 jam
3460 2086 3600 2139 velle

2003 2186 2061 2234 et
2088 2197 2312 2234 currere
2342 2197 2452 2235 non
2471 2182 2718 2251 aliquod,
2751 2181 2849 2235 sed
2881 2196 3089 2250 magna
3117 2184 3247 2233 sunt
3276 2178 3425 2231 dona
3472 2174 3593 2240 Dei,

2002 2269 2308 2323 secundum
2322 2270 2616 2324 consilium
2638 2270 2940 2324 voluntatis
2952 2275 3270 2335 suae,etnon
3290 2265 3597 2321 secundum

2002 2358 2267 2412 meritum
2293 2358 2596 2413 voluntatis
2619 2363 2843 2412 nostrae.
2873 2359 2998 2412 Non
3029 2357 3178 2411 enim
3202 2372 3305 2409 nos
3327 2354 3599 2424 elegimus

2005 2462 2154 2513 eum,
2188 2448 2285 2500 sed
2316 2448 2434 2518 ipse
2463 2464 2564 2500 nos
2594 2447 2779 2517 elegit,
2806 2453 2871 2501 ut
2901 2446 3177 2500 credendo
3206 2461 3335 2500 eum
3365 2444 3600 2513 eligere-

2008 2552 2157 2601 mus;
2191 2536 2320 2590 fecit
2338 2537 2493 2606 prius
2524 2537 2580 2589 in
2605 2536 2763 2590 nobis
2776 2537 2964 2594 ﬁdem,
2996 2552 3167 2606 quam
3190 2533 3503 2605 inspiravit,
3535 2536 3601 2585 ut

2006 2641 2106 2694 per
2129 2625 2381 2678 eamdem
2405 2625 2573 2678 ﬁdem
2597 2630 2816 2691 caetera,
2836 2642 2958 2696 quae
2980 2624 3155 2695 ipsius
3175 2628 3309 2677 sunt
3329 2622 3490 2686 bona,
3511 2637 3603 2691 pe-

2005 2713 2520 2783 tendo,qmerendo,
2540 2714 2814 2784 pulsando
2827 2714 3224 2784 acciperemus.
3241 2712 3309 2765 Et
3322 2710 3446 2764 ideo
3460 2726 3599 2780 quos

2003 2801 2192 2871 elegit,
2225 2818 2337 2855 non
2365 2818 2460 2856 eos
2510 2803 2730 2867 electos,
2766 2802 2862 2856 sed
2893 2818 3024 2855 vasa
3061 2801 3156 2855 ira:
3190 2800 3437 2853 invenit:
3472 2796 3602 2851 fecit

2003 2890 2151 2943 enim
2173 2907 2286 2955 eos,
2310 2896 2513 2944 uteum
2527 2891 2797 2961 eligerent
2816 2890 3113 2954 credendo,
3149 2905 3289 2960 quos
3324 2885 3600 2959 praescivit

2004 2986 2059 3033 et
2090 2980 2505 3050 praedestinavit
2517 2987 2647 3034 ante
2664 2980 2859 3034 mundi
2887 2978 3342 3034 constitutionem
3357 2976 3416 3030 in
3445 2974 3601 3030 Chri-

312 3066 556 3131 deatur;
589 3067 689 3120 sed
741 3070 841 3135 qui
868 3070 1160 3134 glorietur,
1206 3070 1268 3119 in
1298 3069 1531 3121 Domino
1575 3070 1848 3137 glorietur
1879 3069 1925 3135 (Ι
1945 3068 2114 3135 Csto,
2140 3073 2202 3121 ut
2233 3086 2463 3122 essemus
2483 3072 2681 3134 sancti,
2699 3068 2903 3139 inquit,
2930 3074 2979 3122 et
2996 3068 3350 3121 immaculati
3380 3068 3441 3117 in
3471 3079 3600 3117 con-

311 3154 441 3208 cor.
472 3168 513 3219 ι,
548 3152 635 3223 31)
665 3172 677 3217 ;
710 3170 893 3224 aquo,
925 3160 983 3207 et
1003 3171 1102 3225 per
1127 3170 1314 3224 quem,
1345 3154 1475 3207 etin
1509 3171 1618 3224 quo
1649 3154 1921 3209 habemus
2001 3162 2330 3226 spcctuejus,
2360 3161 2421 3211 in
2443 3159 2707 3211 charitate
2732 3159 3129 3225 prmdestinans
3152 3171 3247 3208 nos
3272 3157 3337 3207 in
3356 3154 3602 3221 adoptio-

308 3258 429 3296 non
456 3242 634 3296 solum
667 3240 815 3312 quod
855 3241 1047 3295 ﬁdeles
1076 3257 1272 3296 sumus
1300 3259 1311 3307 ;
1336 3257 1529 3295 verum
1554 3241 1747 3307 etiam,
1778 3241 1919 3294 utin

310 3331 527 3385 eisdem
544 3331 675 3384 ﬁdei
706 3330 972 3401 operibus
1002 3345 1454 3400 permaneamus.
1480 3330 1732 3400 Denique
1761 3346 1921 3383 omne

308 3422 511 3474 datum
527 3418 976 3489 optimum,quod
999 3423 1086 3471 est
1102 3418 1230 3471 ﬁdei
1244 3424 1735 3483 sacramentum,et
1765 3435 1923 3472 omne

309 3511 511 3563 datum
526 3510 851 3577 perfectum,
883 3507 1095 3561 scilicet
1118 3506 1176 3560 in
1197 3520 1221 3548 θ
1249 3506 1497 3575 ejusdem
1519 3506 1780 3577 operibus
1794 3523 1923 3577 per-

312 3597 580 3652 manendi
600 3596 803 3665 gratia,
822 3597 1115 3653 desursum
1133 3600 1227 3660 cst,
1255 3597 1574 3648 descendens
1597 3612 1631 3647 a
1650 3598 1812 3649 Patre
1842 3599 1927 3647 lu-

312 3689 542 3739 minum
576 3687 707 3754 (Jac.
742 3701 779 3749 1,
821 3684 929 3750 l7).
970 3682 1128 3737 Unde
1157 3682 1410 3736 dicamus
1439 3698 1565 3736 cum
1599 3683 1879 3753 Propheta
1907 3700 1919 3734 :

311 3776 441 3828 Non
455 3774 792 3835 nobis,Domi
797 3788 861 3825 ne
878 3811 891 3838 ,
933 3787 1043 3825 non
1067 3774 1219 3825 nobis
1236 3789 1252 3834 ;
1270 3771 1364 3823 sed
1377 3773 1596 3823 nomini
1608 3775 1700 3823 tuo
1715 3772 1786 3823 da
1804 3774 1926 3837 glo-

316 3868 473 3916 riam
510 3863 681 3929 (Psal.
708 3875 857 3926 cxm,
883 3859 937 3929 9)
966 3878 977 3913 :
1038 3859 1300 3931 quoniam
1340 3858 1481 3912 nihil
1527 3875 1825 3929 possumus
1857 3875 1923 3912 ex

312 3950 497 4014 nobis,
534 3950 641 4004 nisi
672 3956 941 4020 quantum
970 3966 1005 4002 a
1035 3949 1150 4003 Deo
1175 3947 1516 4018 accepimus.

384 4038 441 4095 2.
472 4038 802 4109 Accepimus
831 4054 965 4107 ergo
997 4036 1166 4089 ﬁdem
1198 4052 1265 4088 ex
1294 4035 1483 4100 Deo,si
1501 4034 1643 4088 forte
1655 4036 1775 4105 jam
1791 4036 1923 4089 ﬁde-

312 4127 398 4182 les
428 4143 644 4193 sumus,
678 4132 734 4180 et
762 4126 886 4179 ideo
914 4127 1137 4179 Patrem
1162 4124 1341 4177 Deum
1362 4122 1382 4162 ί
1416 4139 1610 4176 vocare
1649 4124 1923 4177 audemus

312 4216 375 4269 in
407 4216 561 4269 caelis
585 4234 596 4269 :
618 4217 793 4281 Dedit,
827 4214 1013 4284 inquit
1049 4212 1411 4282 evangelista,
1440 4217 1753 4280 potestatem
1780 4216 1923 4280 ﬁlios

316 4306 418 4359 Dei
436 4307 579 4371 ﬁeri,
595 4305 681 4357 his
693 4306 792 4372 qui
819 4305 1048 4356 credunt
1082 4304 1143 4355 in
1159 4304 1381 4355 nomine
1400 4304 1515 4368 ejus
1547 4303 1723 4367 (Joan.
1748 4315 1784 4354 ι.
1810 4300 1919 4370 1‘2),

2002 3262 2126 3299 nem
2139 3249 2413 3312 ﬁliorum,
2437 3247 2536 3299 Dei
2550 3247 2851 3299 secundum
2868 3248 3139 3313 placitum
3154 3245 3455 3297 voluntatis
3470 3258 3600 3307 sua,

2005 3337 2069 3387 in
2097 3350 2206 3402 qua
2232 3338 2567 3400 grati/icavit
2592 3351 2686 3387 nos
2717 3337 2781 3386 in
2811 3335 3004 3387 dilecto
3033 3335 3150 3399 ﬁlio
3165 3348 3263 3385 suo
3296 3332 3453 3399 (Eph.
3478 3330 3600 3397 1,4).

2005 3423 2184 3476 Nemo
2196 3422 2687 3492 igiturapplaudat
2707 3420 3001 3490 sibi,quasi
3018 3438 3083 3474 ex
3101 3420 3285 3480 se,sed
3301 3419 3604 3473 totumDeo

2005 3511 2236 3576 tribuat,
2269 3511 2364 3581 qui
2388 3527 2491 3564 nos
2508 3517 2565 3563 et
2586 3509 2877 3579 praescivit,
2900 3508 3136 3577 etelegit
3159 3525 3298 3561 :non
3322 3507 3469 3577 quod
3481 3508 3603 3575 jam

2008 3595 2189 3661 electi,
2222 3602 2322 3649 aut
2349 3594 2526 3648 sancti
2557 3611 2807 3648 essemus
2844 3594 2975 3646 ullis
3003 3592 3371 3645 existentibus
3391 3590 3604 3643 meritis

2007 3683 2395 3755 praesentibus,
2420 3683 2739 3753 praeteritis,
2766 3689 2866 3736 aut
2884 3681 3085 3735 futuris
3106 3700 3118 3746 ;
3137 3681 3235 3734 sed
3248 3681 3368 3749 ejus
3392 3678 3605 3748 miseri:

2006 3774 2217 3836 cordia,
2242 3773 2337 3843 qui
2367 3789 2592 3826 eramus
2613 3788 2741 3825 vasa
2774 3772 2889 3835 irae,
2922 3777 2987 3824 ut
3016 3785 3264 3822 essemus
3296 3767 3476 3822 sancti
3502 3782 3603 3837 per

2006 3862 2311 3925 Christum,
2344 3861 2648 3915 secundum
2677 3860 2943 3930 placitum
2965 3858 3265 3913 voluntatis
3285 3862 3603 3922 suae,etnon

2005 3952 2310 4004 secundum
2340 3950 2602 4004 meritum
2622 3948 2926 4002 voluntatis
2940 3947 3227 4011 nostrain
3254 3962 3357 4000 sua
3376 3945 3602 4016 quidem

2004 4056 2106 4093 nos
2125 4040 2459 4109 gratiﬁcavit
2470 4040 2754 4092 voluntate
2772 4057 2784 4104 ;
2804 4048 2870 4091 ut
2885 4037 3072 4107 gratia
3088 4036 3225 4089 salvi
3243 4034 3369 4089 facti
3384 4050 3599 4087 sumus.

2004 4124 2683 4195 UndeApostoluszGratia
2700 4124 2844 4175 salvi
2856 4124 2993 4190 facti
3003 4124 3127 4174 estis
3138 4136 3234 4189 per
3249 4121 3430 4187 ﬁdem;
3447 4123 3495 4172 et
3509 4120 3606 4172 hoc

2007 4214 2328 4284 inquit,non
2344 4230 2406 4266 ex
2425 4213 2688 4275 sobius-ed
2709 4213 2805 4265 Dei
2824 4213 3031 4264 donum
3074 4215 3145 4263 est
3163 4210 3388 4278 (EphJI.
3418 4205 3472 4277 8)
3500 4226 3512 4275 ;
3547 4206 3604 4260 id

2007 4308 2094 4355 est
2118 4301 2264 4372 quod
2290 4317 2389 4372 per
2412 4301 2577 4354 ﬁdem
2608 4316 2642 4353 a
2663 4300 2850 4370 gratia
2879 4300 3179 4354 salvamur.
3232 4298 3373 4351 llinc
3398 4297 3517 4368 ipse
3546 4296 3605 4349 in

314 4353 456 4457 Quae
484 4353 619 4445 sane
649 4353 897 4461 pdtestas
926 4390 1063 4444 ﬁdes
1091 4395 1177 4443 est
1204 4406 1354 4451 vera,
1388 4353 1489 4459 p'er
1503 4353 1670 4459 quam
1695 4353 1923 4461 adopta:
1948 4353 2447 4460 DEvangeliozlloc
2466 4396 2538 4442 est
2561 4353 2699 4457 opu:
2716 4390 2827 4452 Dei,
2858 4394 2917 4441 ut
2935 4389 3171 4442 credatis
3186 4390 3247 4439 in
3269 4353 3605 4453 eunz.‘quein

314 4498 450 4536 mur
465 4481 523 4535 in
536 4481 712 4535 Deum
731 4492 760 4533 ε
792 4499 803 4533 ε
817 4480 914 4533 sed
929 4480 1063 4533 data
1079 4479 1363 4548 utique,ut
1377 4477 1451 4531 sit
1467 4477 1689 4547 integra
1709 4479 1915 4548 gratia,

313 4586 433 4625 non
464 4586 679 4623 merces
707 4568 946 4622 reddita.
973 4567 1112 4621 Hinc
1144 4566 1281 4619 alibi
1318 4566 1651 4636 Apostolus:
1687 4567 1927 4633 Quicun-

313 4676 422 4729 que
433 4661 637 4727 spiritu
652 4660 752 4711 Dei
769 4659 1083 4724 agunturei
1096 4660 1227 4708 sunt
1248 4657 1358 4722 lilii
1368 4656 1647 4713 Deidtom.
1665 4669 1785 4720 vm,
1816 4654 1923 4725 14).

313 4750 398 4804 Ex
429 4764 539 4818 quo
560 4746 889 4811 notandum,
908 4745 1057 4815 quod
1072 4760 1185 4797 non
1204 4743 1385 4797 solum
1414 4749 1620 4797 nostra:
1642 4744 1929 4814 religionis

313 4839 461 4895 ﬁdes
493 4843 592 4891 aut
633 4852 821 4907 opera,
851 4851 1045 4889 verum
1073 4834 1200 4905 ipsi,
1251 4838 1316 4886 ut
1342 4840 1476 4886 sunt
1505 4832 1623 4898 ﬁlii,
1682 4840 1929 4904 aguntur

312 4926 422 4983 Dei
452 4925 676 4997 spiritu,
712 4941 781 4979 ne
818 4925 947 4979 ullis
976 4925 1082 4980 sibi
1128 4926 1473 4996 applaudant
1501 4926 1571 4979 de
1598 4926 1929 4979 meritorum

314 5014 604 5087 operibus.
641 5015 710 5067 Et
730 5014 855 5068 ideo
872 5014 1151 5085 poscenda
1168 5022 1253 5069 est
1269 5016 1423 5085 prior
1441 5016 1599 5074 ﬁdes,
1624 5030 1745 5084 quae
1765 5014 1931 5067 datur

314 5106 378 5160 in
413 5104 612 5159 eodem
655 5103 858 5174 spiritu
886 5123 897 5157 :
935 5104 1162 5158 demum
1194 5111 1256 5158 ut
1285 5121 1456 5175 opera
1480 5103 1609 5156 ﬁdei
1631 5120 1731 5173 per
1758 5101 1930 5154 dilec-

313 5195 533 5249 tionem
560 5199 882 5262 augeantur
906 5211 919 5260 ;
950 5199 1295 5264 postremum
1321 5194 1443 5264 ipsa
1462 5192 1768 5262 eademque
1781 5190 1850 5243 ad
1870 5190 1930 5243 ﬁ-

392 5294 416 5320 ·
448 5283 512 5337 In
541 5281 699 5347 edit.,
740 5282 899 5336 deest
927 5299 1074 5337 caro.

393 5355 420 5393 ι)
452 5352 623 5417 Edit.,
650 5356 786 5421 quia
806 5357 856 5407 si
873 5355 1086 5407 omnia.

391 5435 416 5494 ς
444 5422 611 5488 Edit.,
641 5426 775 5493 quia
803 5427 854 5477 si
890 5425 1038 5494 ﬁdes.

393 5493 421 5537 ά
455 5494 624 5557 Edit.,
649 5497 776 5550 sibi.

393 5578 419 5619 ο
444 5564 630 5634 Edit.,
660 5568 723 5634 de
751 5567 1008 5641 ejusdem.

2008 4482 2161 4531 misit
2185 4481 2276 4533 ille
2296 4479 2561 4546 (Joan.v1,
2586 4479 2670 4545 29)
2683 4477 2861 4541 ,ρυοά
2877 4477 2922 4530 si
2946 4477 3082 4529 ﬁdes
3101 4474 3447 4528 credentium
3465 4488 3605 4543 opus

2008 4567 2108 4620 Dei
2130 4566 2913 4635 est,juredicimusjustiﬁcari
2936 4564 3217 4617 hominem
3237 4579 3337 4634 per
3356 4563 3608 4627 ﬁdem,et

2010 4672 2122 4709 non
2148 4673 2213 4709 ex
2256 4655 2535 4726 operibus,
2569 4662 2630 4710 ut
2658 4673 2721 4708 ex
2747 4655 2869 4725 ipsa
2900 4654 3009 4707 ﬁde
3037 4658 3239 4707 caetera
3266 4668 3608 4722 consequan-

2009 4750 2105 4798 tur
2134 4744 2404 4799 virtutum
2454 4745 2620 4808 dona,
2652 4745 2710 4797 in
2740 4743 2942 4814 quibus
2967 4744 3119 4812 juste
3148 4741 3419 4803 vivamus,
3452 4748 3509 4796 et
3536 4743 3611 4796 sit

2009 4834 2315 4887 secundum
2347 4834 2588 4901 gratiam
2613 4834 2777 4903 juxta
2796 4832 3111 4902 apostolum
3132 4832 3293 4885 ﬁrma
3314 4830 3610 4902 promissio

2010 4938 2073 4976 ex
2092 4922 2221 4986 ﬁde,
2251 4938 2319 4976 ne
2346 4922 2477 4975 dum
2492 4923 2659 4975 homo
2676 4938 2789 4975 sum
2810 4920 3125 4973 inﬁrmitati
3141 4920 3263 4990 plus
3286 4919 3604 4984 committit,

2012 5028 2181 5081 quam
2211 5011 2463 5064 ﬁrmitati
2496 5009 2881 5081 promissionis
2909 5009 3030 5071 Dei,
3064 5008 3391 5079 prolabatur
3419 5008 3607 5061 incau-

2013 5107 2125 5155 tus.
2152 5101 2257 5155 Sed
2283 5101 2425 5154 forte
2454 5100 2524 5153 ad
2565 5100 2681 5153 haec
2704 5099 2938 5169 aliquis:
2985 5100 3200 5152 incerta
3227 5105 3313 5151 est
3341 5096 3477 5149 mihi
3500 5098 3511 5139 i
3537 5095 3607 5149 de

2012 5206 2102 5243 me
2132 5189 2230 5243 Dei
2261 5189 2541 5252 voluntas,
2576 5195 2765 5242 utrum
2790 5205 2878 5242 me
2900 5205 3000 5259 per
3021 5187 3262 5258 gratiam
3283 5201 3346 5238 ex
3373 5184 3481 5237 ﬁde
3502 5184 3607 5240 sal-

2082 5278 2102 5317 ί
2132 5278 2299 5335 Edit.,
2332 5294 2366 5331 a
2390 5279 2512 5331 Deo.

2082 5360 2112 5402 Β
2141 5348 2268 5402 Edit
2296 5387 2311 5413 ,
2340 5350 2665 5404 Dominum.

2085 5420 2111 5458 δ
2143 5419 2272 5474 Edit
2285 5464 2297 5476 .
2313 5460 2327 5481 ,
2339 5421 2503 5473 docet.

2084 5490 2096 5536 ἱ
2120 5490 2186 5546 In
2216 5490 2358 5548 edit.
2396 5489 2554 5553 deest
2584 5492 2744 5545 mihi.
