3992 6166
410 371 439 423 1
450 368 554 426 435

1176 368 1234 421 S.
1276 360 1655 423 PASCHASII
1696 367 2058 425 RADBERTI
2096 369 2400 425 ABBATIS
2438 359 2929 423 CORBEIENSIS.

3546 360 3691 419 ’1436

415 509 544 549 vare
569 493 701 548 velit
728 509 740 548 :
779 492 909 565 quid
943 492 1150 562 igitur?
1178 509 1210 545 ο
1259 493 1453 546 homo!
1499 500 1655 547 certa
1698 510 1768 548 ne
1799 495 1899 548 tibi
1927 496 2188 557 estAdes
2215 500 2407 549 nostra
2455 493 2546 547 cui
2574 498 2631 547 et
2659 509 2692 546 a
2723 507 2833 563 quo
2861 490 3142 549 credimus
3178 535 3186 545 .
3225 508 3351 563 spes
3382 505 3609 565 quoque
3636 495 3692 544 et

411 582 482 637 de
510 588 567 638 te
593 588 693 638 tua
736 582 1036 637 voluntas?
1076 580 1331 652 nunquid
1363 597 1474 635 non
1505 582 1671 636 times
1702 583 1834 638 illud
1867 584 2014 655 quod

413 672 656 728 dicitur:
721 673 828 742 Qui
881 676 1007 737 stat,
1056 672 1236 724 rideat
1278 687 1345 723 ne
1375 672 1533 725 cadat
1563 674 1654 732 PU
1693 673 1813 727 Cor.
1849 690 1903 736 x,
1936 674 2009 741 2).

416 763 638 817 Incerta
658 768 744 816 est
775 760 982 815 etenim
1013 760 1080 812 de
1107 765 1163 814 te
1189 746 1290 812 tibi
1320 764 1419 815 tua
1447 760 1736 815 voluntas:
1775 779 1876 816 cur
1903 778 2013 817 non

415 866 551 922 ergo
582 848 817 905 ﬁriniori
843 865 907 902 ac
938 847 1239 919 potentiori
1271 855 1325 901 te
1355 853 1535 902 totum
1565 849 1887 916 committis,
1921 851 2015 921 qui

416 940 533 1002 iam
563 938 664 992 tibi
678 938 858 1009 gratis
883 936 1097 1008 aliquid
1119 936 1533 992 donavitTNam
1551 954 1662 992 non
1680 938 1861 992 solum
1880 940 2017 993 velle

418 1033 475 1081 et
521 1026 769 1091 credere,
796 1043 921 1081 cum
974 1042 1076 1080 nec
1096 1026 1265 1079 velles
1286 1043 1389 1080 nec
1414 1027 1690 1091 crederes,
1712 1027 1820 1081 nisi
1850 1029 2019 1082 dona-

416 1121 505 1170 ret
530 1116 647 1186 ipse
675 1134 687 1183 ;
722 1131 915 1170 verum
947 1115 1118 1169 etiam
1168 1120 1225 1168 et
1253 1132 1477 1169 currere
1510 1117 1781 1170 concessit
1818 1117 2013 1184 gratis.

417 1204 627 1259 Idcirco
656 1204 857 1258 melius
891 1204 961 1257 de
994 1203 1090 1258 illo
1113 1204 1393 1260 conﬁdere
1419 1210 1658 1275 oportet,
1686 1209 1819 1274 quia
1851 1223 2019 1276 neque

415 1295 664 1353 volentis.
691 1309 860 1362 neque
880 1296 1176 1359 currentis,
1205 1295 1297 1347 sed
1311 1296 1617 1347 miserentis
1649 1301 1723 1347 est
1753 1296 1870 1358 Dei;
1902 1299 2023 1349 tan-

418 1388 539 1437 tam
565 1399 637 1437 ne
690 1381 1090 1436 conﬁdentiam
1120 1382 1366 1436 amittas.
1400 1380 1583 1453 Ipsius
1614 1388 1700 1439 est
1729 1384 1876 1438 enim
1901 1384 2021 1453 jam

420 1471 571 1543 quod
603 1471 880 1535 volumus,
906 1477 1005 1525 aut
1019 1470 1316 1537 currimus,
1349 1471 1753 1526 committenda
1780 1480 1864 1527 est
1889 1472 1937 1526 ei
1960 1476 2020 1527 li-

485 1598 504 1622 ·
526 1593 698 1659 Edit.,
728 1593 876 1662 quod
896 1597 1205 1647 maximum
1230 1596 1329 1648 Dei
1347 1597 1665 1662 bene/icium
1695 1597 1767 1649 sit
1786 1597 2017 1661 credere,

417 1682 593 1736 randi
620 1687 711 1747 est,
747 1685 1132 1751 omndumque
1161 1689 1225 1736 ut
1253 1687 1326 1737 sit
1355 1686 1459 1738 illa
1491 1685 1639 1751 ﬁdes,
1666 1686 1771 1738 etc.

2096 585 2340 639 Charitas
2361 584 2420 638 in
2442 583 2622 647 illo,et
2633 598 2742 636 non
2762 581 2818 634 in
2834 580 2997 634 nobis
3016 579 3249 635 solidius
3271 579 3691 643 conﬁrmanda;

2097 674 2361 745 quoniam
2393 679 2450 727 et
2478 671 2523 726 si
2550 670 2834 743 quidpiam
2865 667 3121 735 facimus,
3153 670 3331 741 ipsius
3362 669 3512 723 dona
3542 674 3691 730 sunt,

2096 765 2228 818 dum
2263 763 2410 818 Deus
2438 778 2539 833 per
2560 760 2802 831 gratiam
2825 776 2985 814 suam
3015 775 3078 812 ex
3105 748 3213 813 ﬁde
3244 759 3400 830 prius
3432 764 3700 829 operatur

2098 852 2153 907 in
2176 851 2357 916 nobis,
2389 867 2455 904 ea
2474 855 2627 903 recte
2644 855 2709 902 ut
2728 847 3015 901 faciamus.
3037 847 3393 918 Quapropter
3412 864 3516 918 pro
3546 852 3700 900 certo

2098 937 2493 1009 noveris.quod
2514 936 2819 991 maximum
2841 935 2941 990 Dei
2956 935 3198 988 lldonum
3217 942 3303 989 est
3323 935 3483 999 ﬁdes,
3500 934 3562 988 in
3585 933 3704 988 nul-

2100 1030 2265 1099 loque
2294 1028 2363 1081 de
2391 1025 2775 1080 misericordia
2795 1023 2892 1078 Dei
2915 1022 3306 1087 dubitandum,
3333 1021 3591 1092 quandiu
3611 1039 3704 1075 vo-

2100 1114 2287 1170 luntas
2308 1114 2570 1170 credendi
2601 1119 2657 1167 et
2685 1111 2973 1184 operandi,
2993 1118 3080 1166 est
3100 1117 3161 1164 ut
3181 1110 3257 1164 sit
3275 1110 3372 1163 illa
3396 1110 3561 1167 ﬁdes.
3586 1127 3705 1181 quae

2100 1221 2200 1277 per
2262 1203 2619 1259 dilectionem
2671 1206 2936 1273 Operatur
2993 1200 3051 1253 in
3109 1198 3300 1265 bonis,
3358 1199 3476 1254 sive
3532 1200 3704 1252 etiam

2104 1294 2161 1348 in
2219 1292 2380 1347 nobis
2427 1308 2527 1363 per
2553 1293 2743 1345 Jesum
2773 1290 3059 1345 Christum
3090 1289 3391 1343 Dominum
3424 1294 3703 1344 nostrum.

2103 1386 2303 1441 Amen.

2106 1610 2201 1649 nec
2228 1595 2599 1649 dubitandum
2626 1592 2883 1661 quandiu
2924 1594 3178 1646 uoluntas
3206 1591 3473 1645 credendi
3499 1595 3553 1645 et
3585 1605 3704 1660 ope-

415 1835 3683 1862 mm

1444 1946 1851 2009 PROLOGUS
1895 1948 1974 2007 IN
2018 1943 2319 2008 LIBRUM
2365 1944 2468 2004 DE
2513 1942 2678 2002 SPE.

491 2183 684 2239 Dicato
713 2184 836 2249 tibi,
867 2185 1216 2253 charissime,
1244 2187 1404 2258 quasi
1431 2186 1845 2258 praetextatorio
1867 2200 1893 2230 ι
1921 2187 2020 2241 ba—
2042 2189 2084 2246 B
2102 2186 2302 2242 harum
2334 2183 2604 2238 virtutum
2637 2182 2886 2254 quotidie
2915 2180 3158 2245 virescis,
3192 2184 3355 2235 tanto
3377 2178 3591 2250 dignus
3617 2176 3713 2231 fae-

420 2271 571 2327 bitus
600 2273 930 2329 Christianae
959 2276 1086 2329 ﬁdei
1116 2276 1339 2346 negotio
1359 2276 1761 2331 catholicorum
1792 2276 2023 2330 Patrum

2107 2275 2239 2329 dere
2251 2272 2673 2346 quasilibellum
2698 2271 2845 2326 dotis
2864 2286 3058 2324 earum
3080 2262 3151 2323 de
3196 2268 3442 2339 singulis
3472 2267 3715 2321 conseri~

421 2360 676 2415 sensibus
697 2362 944 2427 elimato,
969 2380 1117 2416 nunc
1146 2363 1337 2433 paucis
1366 2364 1684 2434 aggrediar,
1716 2369 1780 2417 ut
1810 2363 2023 2433 promi-
2106 2364 2318 2426 berem,
2340 2367 2618 2434 quatenus
2638 2359 2992 2414 distinctetui
3014 2358 3233 2431 possint
3247 2373 3583 2428 agnoscere,
3600 2354 3712 2426 qui-

421 2464 626 2513 seram,
650 2448 719 2502 de
734 2465 833 2520 spe
861 2451 1056 2520 ;cujus
1084 2466 1209 2503 cum
1240 2451 1349 2505 ﬁde
1378 2456 1537 2504 tanta
1558 2451 1765 2505 Christi
1787 2451 2025 2505 resultat
2106 2452 2211 2519 bus
2243 2458 2430 2506 mente
2459 2449 2756 2522 pacisceris
2800 2448 2930 2502 ﬁdei
2964 2447 3245 2517 conjugio,
3268 2446 3356 2500 vel
3389 2446 3562 2517 quale
3595 2445 3711 2498 illa-

417 2537 623 2608 gratia,
658 2544 721 2592 ut
753 2539 1094 2609 quotidianis
1119 2538 1470 2593 successibus
1503 2557 1679 2611 usque
1698 2540 1766 2593 ad
1791 2540 1913 2594 coeli
1941 2556 2023 2592 se-
2104 2559 2231 2596 rum
2256 2542 2313 2595 in
2344 2558 2444 2612 spe
2485 2538 2870 2611 promissionis
2901 2534 3111 2591 Christi
3140 2536 3419 2590 charitate
3447 2534 3710 2607 perfecta.

421 2631 712 2697 creta,quo
734 2626 992 2682 Christus
1011 2645 1112 2698 pro
1130 2628 1288 2681 nobis
1310 2627 1554 2698 pontifex
1581 2628 1759 2683 factus
1782 2628 2018 2693 introiit,

421 2721 783 2787 penetrantes
799 2716 1194 2789 b,sempiterna
1202 2717 1467 2772 caelorum
1483 2717 1691 2788 gaudia
1703 2734 1831 2770 secu
1839 2734 1900 2770 ra
1902 2718 2021 2788 jam

424 2806 727 2878 possideat.
757 2807 837 2861 De
867 2822 978 2876 qua
1006 2806 1126 2877 spei
1151 2806 1500 2876 possessione
1544 2806 1825 2876 Propheta
1870 2805 2023 2859 canit

426 2895 637 2951 dicens:
670 2896 800 2966 Spes
830 2912 951 2948 mea
979 2897 1250 2949 Dominus
1302 2894 1429 2967 (Jer.
1466 2909 1599 2958 xvii,
1655 2894 1775 2962 i7).
1812 2895 2027 2949 Parum

423 2985 629 3056 quippe
654 2983 773 3039 fore
798 2985 1049 3050 credens,
1083 2989 1148 3038 ut
1166 2982 1287 3051 tibi,
1332 2981 1428 3054 qui
1459 2983 1659 3038 ﬂorida
1687 2984 2029 3055 perfectione

495 3141 518 3167 ³
552 3128 697 3184 Edit.
709 3170 723 3195 ,
750 3130 1126 3198 pratextario.

2105 2630 2311 2685 frueris
2339 2628 2700 2701 patrimonio.
2729 2628 2853 2691 Qua
2881 2626 2950 2681 de
2978 2642 3147 2680 causa
3176 2624 3346 2679 velim
3378 2623 3595 2678 nostris
3623 2624 3705 2678 di—

2105 2725 2311 2790 gnatus
2340 2718 2452 2772 tuis
2502 2718 2689 2771 faveas
2719 2715 2994 2787 precibus,
3038 2714 3087 2767 si
3115 2730 3226 2784 quo
3252 2714 3445 2777 modo,
3482 2713 3617 2785 quid
3645 2713 3711 2765 sit

2108 2808 2559 2863 Christianorum
2589 2822 2736 2879 spes,
2762 2804 2929 2875 digne
2955 2803 3171 2858 valeam
3200 2803 3511 2874 explicare.

2632 2978 2877 3053 Expiicit
2900 2985 3180 3053 prologus.

2182 3125 2209 3165 δ
2233 3124 2404 3192 Edit.,
2424 3128 2746 3195 penetrans.

1494 3380 1856 3462 INCIPIT
1908 3382 2199 3461 LIBER
2265 3380 2392 3460 DE
2445 3378 2645 3460 SPE.

945 3643 1180 3698 CAPUT
1208 3642 1503 3698 PRIMUM

496 3729 600 3786 Est
617 3728 790 3802 igitur
809 3746 936 3803 Spes
957 3732 1083 3788 vita:
1109 3734 1601 3804 Deus,mentisque
1631 3731 2023 3787 commercium

422 3819 578 3876 velut
606 3822 852 3877 anchora
900 3822 1048 3878 inter
1080 3825 1372 3903 .procellas
1423 3822 1632 3887 seaculi,
1668 3823 1829 3891 juxta
1877 3820 2024 3892 quod

426 3908 623 3964 beatus
654 3915 710 3964 et
730 3912 987 3980 egregius
1009 3911 1217 3967 Paulus
1244 3912 1531 3984 apostolus
1545 3911 1764 3977 dicit,et
1784 3926 1884 3981 per
1900 3910 2027 3964 sub-

420 4000 631 4068 jectam
676 3996 1107 4053 similitudinem
1149 3998 1410 4054 hortatur
1452 4000 1670 4054 dicens:
1715 4001 1815 4053 Per
1863 4000 2022 4061 duas,

422 4087 626 4157 inquit,
657 4101 743 4139 res
783 4091 1106 4154 immobiles,
1149 4091 1348 4158 quibus
1399 4088 1730 4157 impossibile
1759 4090 1833 4141 est
1870 4104 2026 4141 men-

426 4174 529 4228 tiri
548 4176 740 4241 Deum,
775 4180 1142 4231 certissimum
1164 4183 1426 4232 solatium
1452 4179 1767 4242 habeamus,
1786 4180 1883 4245 qui
1899 4192 2028 4230 con-

422 4261 675 4330 fugimus
704 4262 778 4317 τιιί
804 4267 1093 4319 tenendam
1118 4270 1453 4335 propositam
1493 4282 1658 4335 spem,
1683 4282 1851 4335 quam
1886 4268 2027 4320 sicut

424 4351 731 4405 anc/iorem.
756 4353 1016 4407 habemus
1044 4358 1249 4408 aninw
1280 4354 1477 4420 tutam,
1509 4370 1572 4409 ac
1592 4356 1837 4422 ﬁrmam,
1863 4358 1910 4409 et
1944 4358 2028 4408 in-

425 4439 693 4495 cedentem
728 4454 897 4511 usque
928 4442 1001 4495 ad
1026 4444 1297 4496 interiora
1328 4447 1642 4509 velaminz‘s,
1666 4446 1762 4497 ubi
1787 4458 2027 4512 praeur-

424 4544 515 4583 sor
538 4546 641 4598 pro
674 4533 829 4586 nobis
868 4534 1092 4585 introiit
1118 4533 1272 4586 Jesus
1302 4534 1603 4585 secundum
1625 4534 1877 4586 ordinem
1894 4532 2025 4586 Mei--

426 4616 697 4672 chisedech.
720 4621 969 4689 pontifex
986 4622 1167 4688 factus
1197 4624 1261 4675 in
1288 4624 1557 4674 (sternam
1584 4620 1770 4689 (Hebr.
1808 4634 1879 4680 v1.
1910 4617 2021 4687 18).

428 4702 574 4774 Ergo
602 4704 967 4764 fortissimum
999 4711 1261 4765 solatium
1294 4712 1350 4764 et
1370 4707 1688 4763 inviolabile
1709 4709 1871 4763 nobis
1900 4726 2025 4781 pro-

428 4792 615 4863 posita
631 4808 789 4864 spes;
822 4800 1088 4867 quoniam
1108 4798 1451 4870 impossibile
1472 4800 1557 4853 est
1579 4796 1802 4853 mentiri
1826 4798 2022 4863 Deum,

430 4877 526 4952 qui
557 4878 719 4936 nobis
739 4896 806 4937 ea
836 4902 956 4956 quae
986 4903 1278 4957 speramus
1304 4887 1659 4959 repromisit;
1687 4900 1855 4958 quam
1886 4888 2030 4941 sicut

2040 3646 2084 3706 Ο
2105 3642 2497 3698 anchorisatur
2528 3662 2541 3709 ;
2572 3657 2740 3714 quam
2764 3640 2969 3706 tutam,
3004 3657 3069 3695 ac
3096 3642 3343 3703 ﬁrmam,
3379 3643 3556 3711 atque
3585 3650 3710 3710 pro.

2107 3731 2394 3786 cedentem
2426 3730 2496 3786 ad
2525 3731 2796 3785 interiora
2822 3731 2946 3784 coeli
2996 3728 3291 3783 habemus.
3326 3729 3399 3782 Et
3450 3733 3543 3783 est
3571 3729 3707 3782 mira

2106 3820 2487 3891 comparatio;
2521 3827 2586 3875 ut
2623 3820 2780 3874 navis
2811 3818 3055 3873 Ecclesia
3107 3817 3506 3887 intelligatur;
3539 3830 3706 3881 man,

2106 3924 2351 3980 praesens
2376 3910 2639 3965 saeculum
2663 3927 2675 3975 ;
2693 3904 2949 3979 procellae
2959 3908 3230 3961 ﬂuctuum
3243 3910 3303 3960 et
3319 3909 3706 3976 tempestates,

2108 3998 2500 4053 tribulationes
2528 4012 2591 4051 ac
2620 3996 3036 4067 persecutiones
3067 3995 3235 4063 hujus
3260 3994 3453 4048 seculi
3476 3994 3711 4059 niuea.

2108 4092 2317 4152 torum,
2350 4085 2643 4140 contrariae
2670 4087 2998 4155 potestates.
3051 4082 3265 4147 Quibus
3293 4083 3500 4147 collisi,
3531 4090 3590 4136 et
3615 4099 3708 4153 ap—

2110 4173 2256 4247 pulsi
2287 4190 2442 4246 spem
2466 4179 2717 4228 nostram
2746 4172 3069 4245 projiclmus
3088 4172 3241 4225 velut
3264 4172 3707 4237 anchomnimon

2111 4264 2182 4318 ad
2211 4278 2444 4317 arenam
2473 4263 2664 4328 maris,
2696 4262 2795 4316 sed
2834 4262 2905 4315 ad
2936 4261 3222 4316 Christum
3251 4279 3264 4326 ;
3290 4264 3358 4314 ut
3385 4258 3447 4315 in
3494 4276 3582 4324 eo,
3617 4260 3705 4331 qui

2108 4358 2194 4407 est
2216 4361 2378 4424 petra
2399 4349 2739 4416 ﬁrmissima,
2768 4352 2976 4421 ﬁgatur
3003 4354 3061 4404 et
3079 4348 3382 4415 solidetur;
3411 4364 3587 4419 quam
3613 4349 3708 4402 sie-

2107 4444 2173 4496 ut
2214 4438 2515 4496 anchoram
2592 4441 2794 4494 animae
2846 4439 3116 4494 habemus
3146 4442 3338 4507 tutam
3363 4446 3431 4491 ac
3460 4438 3707 4492 ﬁrmissi-

2109 4547 2277 4585 mam.
2312 4531 2569 4584 Anchora
2602 4544 2846 4601 namque
2875 4543 2910 4582 a
2936 4528 3164 4593 Graeco;
3199 4526 3349 4597 quod
3392 4531 3484 4580 est
3521 4525 3709 4580 anchir

2108 4620 2411 4674 derivatur.
2445 4618 2657 4673 Anchir
2680 4619 2888 4690 quippe
2912 4620 3112 4671 manus
3141 4615 3593 4686 interpretatur:
3632 4615 3707 4668 ita

2109 4715 2174 4763 ut
2202 4710 2347 4763 sicut
2374 4722 2575 4762 manus
2601 4704 2832 4777 colligit,
2855 4712 2912 4760 et
2931 4704 3545 4774 constringitmnchora
3562 4702 3707 4757 colli.

2107 4812 2259 4868 gere,
2292 4796 2378 4851 vel
2405 4795 2790 4866 constringere
2817 4808 3047 4849 arenam
3072 4792 3363 4859 videatur;
3385 4798 3444 4847 et
3466 4793 3600 4847 inde
3627 4796 3705 4845 est

2112 4887 2260 4958 quod
2290 4886 2370 4940 ita
2399 4886 2753 4939 nominatur:
2776 4884 2875 4938 sed
2903 4896 3071 4954 quam
3096 4882 3378 4953 benespes
3396 4885 3595 4936 nostra
3613 4886 3701 4934 an.

429 4966 732 5024 anchoram
762 4971 1052 5027 habemus.
1085 4976 1551 5031 Sicutanchoram
1573 4983 1763 5031 autem
1786 4992 1908 5031 eam
1939 4974 2025 5029 di-
2043 4961 2091 5018 D
2111 4975 2280 5029 chora
2309 4972 2534 5039 dicitur,
2566 4978 2629 5028 ut
2654 4971 3027 5044 quodcunque
3047 4971 3490 5041 constringimus
3509 4978 3697 5042 cpera-

430 5056 525 5126 cit,
554 5060 718 5129 juxta
747 5058 1171 5118 similitudinem
1195 5066 1602 5135 navigantium;
1630 5064 1725 5137 qui
1750 5066 1884 5119 dum
1919 5078 2030 5119 me-

428 5146 536 5202 diis
565 5148 828 5204 ﬂuctibus
858 5149 985 5203 hinc
1016 5150 1143 5205 inde
1177 5152 1670 5219 circumferuntur,
1695 5155 1877 5207 solent
1904 5169 2029 5224 pro-

424 5237 599 5307 jicere
628 5239 929 5294 anchoram
947 5254 1126 5306 suam,
1154 5248 1433 5311 quatenus
1453 5240 1570 5298 solo
1595 5256 1617 5281 ι·
1640 5240 2028 5313 circumligata

430 5326 581 5381 inter
596 5330 809 5383 medias
839 5334 1236 5401 tempestatum
1264 5333 1534 5401 procellas
1550 5338 1675 5387 tuta
1692 5332 1846 5386 navis
1858 5332 2025 5403 atque

427 5415 735 5471 immobilis
763 5418 1049 5480 subsistat,
1084 5435 1155 5473 ne
1194 5420 1244 5472 vi
1278 5419 1565 5475 ventorum
1589 5416 1662 5476 ad
1694 5420 2030 5490 naufmgosa

429 5505 604 5560 maris
630 5506 752 5561 loca
772 5508 1116 5579 projiciatur.
1143 5508 1231 5563 Sic
1260 5508 1451 5579 itaque
1471 5523 1599 5579 spes
1624 5517 1821 5567 nostra
1842 5522 1955 5567 nan
1968 5509 2025 5563 in

428 5594 547 5648 solo
568 5595 929 5665 aequoris,sed
946 5597 1007 5651 in
1028 5596 1269 5663 Christo,
1292 5595 1485 5667 quiest
1496 5602 1657 5668 petra
1680 5598 2018 5665 ﬁrmissima,

499 5691 526 5721 ι
542 5683 714 5750 Edit.,
736 5685 877 5743 sola.

2109 5065 2281 5130 tione,
2305 5062 2562 5119 Christus
2588 5061 2697 5129 sit;
2730 5078 2830 5133 pro
2860 5062 3018 5132 cujus
3043 5068 3235 5116 amore
3261 5060 3438 5113 etiam
3487 5075 3587 5113 nos
3614 5072 3696 5112 sn-

2109 5151 2630 5225 ‘perimpendimus:
2690 5156 2747 5205 et
2784 5150 3155 5222 quodcunque
3180 5148 3516 5219 colligimus,
3542 5148 3600 5201 in
3632 5160 3691 5199 eo

2110 5244 2317 5313 ﬁgatur
2338 5256 2519 5309 mens,
2548 5246 2613 5294 ut
2639 5238 2759 5311 ipse
2783 5239 2859 5293 sit
2876 5250 3005 5310 spes
3016 5244 3228 5303 nostra,
3245 5237 3395 5292 sicut
3423 5237 3689 5307 Propheta

2108 5331 2288 5390 canit;
2322 5331 2449 5400 Spes
2478 5345 2599 5383 mea
2628 5331 2894 5385 Dominus
2917 5328 3246 5396 aj'uventute
3265 5341 3385 5380 mea
3410 5324 3683 5385 (Psaltn,

2110 5420 2197 5488 5):
2232 5428 2510 5491 quatenus
2544 5417 2615 5472 ab
2645 5434 2729 5480 eo,
2763 5416 2933 5471 nullis
2962 5404 3294 5471 divellamur
3320 5412 3681 5471 mutationum

2109 5508 2389 5563 ﬂuctibus.
2451 5507 2684 5577 Ligatur
2710 5511 2904 5560 autem
2934 5505 3068 5560 fune
3098 5498 3247 5570 ﬁdei,
3282 5510 3341 5560 et
3386 5496 3677 5563 charitatiS,

2104 5597 2303 5668 hisque
2352 5594 2667 5652 contexitur
2716 5596 3008 5663 funiculus
3046 5596 3266 5662 α-ίριη,
3313 5592 3411 5664 qui
3450 5592 3509 5645 in
3536 5588 3679 5645 8.10-
