3992 6166
391 385 537 443 1437

1286 389 1380 444 DE
1415 388 1601 456 FIDE,
1642 388 1772 443 SPE
1811 387 1900 443 ET
1937 386 2368 443 CHARITATE.
2411 418 2481 428 —
2518 388 2654 443 LIB.
2696 388 2770 443 II.

3533 389 3674 445 1438

389 527 560 567 mone
581 512 811 580 difﬁcile
836 515 1131 581 rumpitur
1160 515 1344 578 (Ecclz‘.
1366 529 1438 576 ιν,
1453 512 1682 585 12),quo
1711 514 1903 569 anima
1916 514 1987 568 ad
2004 525 2052 581 Α
2072 513 2255 568 ximus
2270 521 2291 549 °
2311 530 2413 586 per
2435 512 2796 585 baptismum,
2827 514 2993 569 sicuti
3033 518 3090 569 et
3118 515 3430 592 consepulti
3469 532 3666 572 sumus

390 601 678 657 Christum
704 604 901 673 juncta
923 602 1217 667 solidatur,
1246 609 1304 657 et
1334 604 1503 658 nullis
1532 605 1829 659 derimitur
1859 605 1988 659 illu-

389 690 663 747 sionibus.
694 692 850 746 Nihil
879 691 1030 746 enim
1060 693 1464 764 certius,quam
1488 710 1611 765 quae
1637 711 1807 748 manu
1826 700 1987 749 tene-

390 798 558 836 mus:
594 798 766 836 manu
803 787 995 836 autem
1034 782 1176 853 spei,
1220 800 1343 853 qua;
1380 788 1466 837 est
1502 784 1750 837 anchora
1785 784 1988 838 animae

388 876 534 938 tuta,
588 870 845 925 Christus
904 876 1130 926 tenetur
1177 876 1235 925 et
1286 872 1708 943 constringitur,
1750 873 1819 927 de
1878 890 1987 944 quo

390 976 601 1032 sponsa
646 960 705 1014 in
747 960 992 1014 Canticis
1034 979 1046 1014 :
1101 963 1313 1025 Inveni,
1367 961 1570 1032 inquit,
1622 979 1768 1025 eum,
1807 966 1987 1017 tenebo

392 1066 536 1113 eum,
573 1060 669 1103 nec
697 1051 983 1103 dimittam
1012 1052 1179 1104 illum
1205 1051 1387 1118 (Cant.
1405 1065 1489 1114 III,
1514 1052 1587 1119 4).
1620 1050 1862 1118 Tenebo,
1885 1053 1982 1117 ait,

392 1138 589 1209 quavis
645 1154 837 1202 manu,
897 1138 1003 1192 nisi
1064 1154 1236 1193 manu
1289 1139 1427 1210 spei,
1483 1157 1594 1211 qua
1646 1140 1989 1194 seminamus

391 1234 590 1282 euntes
624 1244 726 1298 per
750 1227 940 1290 ﬁdem,
972 1232 1029 1281 et
1068 1228 1267 1282 ﬂentes
1286 1244 1388 1300 per
1413 1229 1773 1284 desiderium.
1807 1230 1988 1283 Semi-

392 1332 598 1370 namus
625 1321 815 1370 autem
844 1316 902 1370 in
930 1328 1028 1386 spe
1051 1332 1064 1381 ;
1096 1316 1241 1371 sicut
1268 1319 1467 1374 omnis.
1490 1319 1585 1388 qui
1605 1324 1729 1372 arat
1754 1319 1991 1372 semina-

394 1406 494 1471 vit,
529 1405 590 1459 in
632 1406 788 1460 nullo
828 1411 1126 1470 nutantes;
1158 1407 1292 1476 quia
1318 1412 1577 1462 tenemus
1608 1425 1760 1473 eum,
1783 1414 1840 1462 et
1866 1424 1990 1462 ma-

394 1511 596 1549 nemus
615 1495 675 1548 in
702 1495 821 1559 illo,
853 1494 912 1548 in
933 1511 1043 1566 quo
1074 1496 1169 1566 qui
1199 1503 1389 1550 manet
1411 1497 1657 1551 fructum
1687 1497 1797 1551 fert
1818 1497 1992 1568 pluri-

390 1584 746 1639 mum.Unde
773 1584 1035 1638 hortatur
1048 1586 1350 1655 Apostolus
1378 1602 1390 1635 :
1423 1589 1723 1641 Teneamus
1749 1590 1992 1656 proposi-

394 1680 510 1728 tam
529 1673 968 1743 spem,quoniam
983 1673 1043 1727 in
1064 1674 1287 1729 Christo
1309 1692 1435 1745 spes
1453 1681 1647 1730 nostra
1662 1676 1844 1730 omnis
1866 1693 1991 1747 pro-

393 1762 579 1832 posita
606 1766 710 1825 est,
740 1777 905 1831 quem
932 1762 1225 1833 proposuit
1252 1762 1410 1817 nobis
1440 1764 1589 1818 Deus
1611 1765 1780 1818 Pater
1803 1764 1989 1836 propi-

392 1851 684 1905 tiationem
716 1866 817 1921 pro
842 1852 1084 1921 peccatis
1113 1854 1340 1909 nostris.
1355 1853 1671 1908 Teneamus
1686 1870 1818 1923 ergo
1835 1870 1984 1919 eum,

392 1939 507 1993 imo
533 1955 758 1993 oremus
778 1939 1010 2009 jugiter,
1033 1945 1099 1994 ut
1124 1942 1499 1995 teneamurab
1519 1942 1633 2008 illo,
1659 1959 1825 2012 quem
1844 1942 1990 1996 sicut

393 2029 698 2084 anchoram
724 2030 995 2085 habemus
1017 2032 1219 2086 animae
1241 2037 1447 2098 tutam,
1480 2049 1592 2102 qua
1627 2032 1885 2102 ligemur,
1918 2050 1988 2086 ne

393 2119 702 2174 avellamur
715 2121 847 2174 ullis
872 2136 1139 2176 aurarum
1174 2122 1488 2187 montibus;
1539 2122 1636 2176 sed
1666 2122 1835 2176 vincti
1862 2127 1990 2193 post

393 2223 524 2263 eum
570 2214 861 2263 currentes
898 2210 1214 2265 immobiles
1258 2228 1609 2266 maneamus.
1661 2212 1792 2266 Haec
1817 2211 1987 2265 nimi-

390 2312 515 2350 rum
563 2313 695 2368 spes
733 2297 1065 2353 inviolabilis
1111 2305 1233 2367 est;
1282 2300 1547 2370 quoniam
1577 2300 1682 2354 etsi
1723 2317 1788 2354 ex
1824 2299 1988 2354 nobis

391 2386 722 2457 quantisper
748 2387 1051 2457 aliquando
1082 2389 1406 2453 difﬁdimus,
1427 2390 1486 2442 in
1517 2406 1582 2443 eo
1611 2390 1808 2453 tuti,ac
1838 2389 1985 2442 ﬁrmi

390 2491 741 2539 maneamus,
774 2492 808 2529 a
836 2490 946 2547 quo
967 2494 1137 2531 manu
1166 2484 1427 2532 tenemur
1456 2484 1513 2532 et
1539 2479 1984 2549 ﬁrmamur.lpse

391 2568 478 2617 est
491 2564 640 2618 enim
658 2565 901 2619 anchora
920 2571 1252 2637 nostra,qua
1273 2568 1542 2638 ligamur;
1575 2568 1645 2621 de
1665 2584 1776 2638 qua
1795 2583 1978 2630 nemo,

392 2652 489 2723 qui
527 2654 703 2723 possit
735 2671 838 2709 nos
882 2655 1103 2709 auferre
1136 2675 1148 2709 :
1193 2663 1452 2711 tenemus
1489 2663 1677 2710 autem
1720 2657 1896 2719 illam,
1930 2662 1987 2710 et

389 2748 666 2796 tenemur.
714 2744 812 2797 sed
850 2746 1037 2814 majus
1075 2753 1161 2800 est
1196 2746 1344 2817 quod
1387 2754 1648 2800 tenemur
1677 2763 1710 2799 a
1740 2745 1984 2814 Christo,

391 2847 561 2902 quam
593 2832 728 2901 quia
763 2845 787 2870 ³
814 2838 1103 2901 tenemus;
1129 2852 1195 2889 eo
1224 2836 1369 2905 quod
1393 2835 1590 2889 tandiu
1609 2841 1802 2889 tenere
1826 2835 1986 2889 illum

391 2935 709 2991 possumus,
747 2923 996 2993 quandiu
1024 2923 1095 2977 ab
1133 2924 1229 2978 illo
1268 2930 1547 2980 tenemur.
1594 2926 1989 2979 Verumtamen

390 3016 686 3065 teneamus
715 3027 941 3067 necesse
972 3018 1075 3079 est,
1117 3019 1183 3067 ut
1212 3017 1522 3079 teneamur,
1553 3020 1831 3085 quatenus
1860 3014 1992 3067 hinc

390 3099 524 3153 inde
577 3101 748 3155 nullis
803 3102 1210 3174 abrumpamur
1282 3102 1561 3157 ﬂuctibus.
1638 3104 1813 3157 Porro
1862 3119 1991 3174 spes

2070 602 2152 656 illi
2176 620 2276 674 per
2304 610 2563 658 mortem.
2598 602 2728 657 Ideo
2760 603 2876 657 haec
2918 604 3129 671 omnia,
3171 621 3269 675 spe
3307 605 3492 671 ﬁrma,
3535 622 3665 660 vera

2071 698 2128 745 et
2156 693 2294 757 viva,
2314 692 2475 748 nobis
2499 693 2707 747 donata
2729 698 3006 757 tenemus,
3030 682 3285 747 tenentes
3304 700 3496 748 autem
3525 694 3669 749 hanc

2070 783 2412 852 pr0positam
2433 798 2609 853 spem,
2639 782 2747 836 tuti
2771 798 2836 836 ac
2853 781 3034 835 securi
3055 798 3283 843 sumus;
3316 783 3582 853 quoniam
3610 783 3669 837 in

2071 871 2293 925 Christo
2322 888 2447 925 eam
2461 870 2752 934 habemus,
2774 870 2830 923 in
2861 887 2971 941 quo
3001 876 3203 925 cuncta
3232 871 3670 944 credimus.Ipse

2070 976 2312 1030 namque
2341 966 2428 1014 est
2452 960 2858 1031 sperandorum
2886 958 3220 1025 substantia,
3244 976 3415 1030 quam
3445 960 3554 1014 ﬁde
3583 977 3673 1015 ac-

2071 1048 2418 1117 quisivimus,
2459 1049 2590 1103 licet
2627 1049 2918 1103 diﬁeratur
2944 1048 3003 1102 in
3032 1064 3125 1115 re;
3169 1052 3226 1102 et
3262 1048 3387 1101 ideo
3418 1054 3537 1102 tam
3566 1065 3669 1120 pa-

2071 1137 2297 1201 tienter,
2331 1154 2454 1208 quae
2492 1139 2609 1207 jam
2667 1138 2800 1190 data
2844 1142 2995 1201 sunt,
3041 1135 3225 1191 devoti
3263 1138 3665 1208 exspectamus.

2070 1227 2196 1297 Ipse
2222 1232 2309 1280 est
2327 1243 2468 1281 verae
2494 1227 2697 1280 futurae
2722 1225 3139 1297 pollicitationis
3160 1225 3456 1297 religiosus
3475 1242 3669 1281 assen-
3708 1232 3719 1238 ’

2070 1333 2185 1375 sus,
2217 1316 2505 1387 promissae
2550 1315 2742 1385 gloriae
2796 1315 2997 1369 devota
3042 1315 3307 1383 intentio,
3344 1320 3668 1370 sanctorum

2048 1404 2353 1457 destinata
2381 1401 2399 1439 τ
2427 1405 2722 1474 possessio,
2743 1403 3019 1457 bonorum
3049 1405 3303 1458 omnium
3332 1404 3667 1476 exspectatio

2069 1492 2408 1546 futurorum.
2461 1494 2523 1547 1n
2560 1509 2673 1563 qua
2718 1492 2991 1546 nimirum
3033 1509 3132 1563 spe
3173 1493 3298 1545 viva
3327 1493 3664 1563 regenerati,

2073 1598 2195 1651 quae
2238 1597 2463 1635 sursum
2516 1588 2651 1635 sunt
2697 1581 2969 1651 sapimus,
3011 1580 3108 1634 ubi
3150 1581 3265 1634 vita
3306 1587 3498 1635 nostra
3539 1598 3667 1636 cum

2072 1669 2294 1725 Christo
2334 1669 2604 1724 absconsa
2650 1675 2926 1724 servatur.
2974 1670 3223 1741 lllucque
3252 1669 3523 1734 vivamus,
3570 1665 3667 1724 ubi

2068 1759 2251 1813 renati
2280 1775 2501 1814 sumus.
2538 1759 2675 1829 Spes
2693 1763 2882 1812 autem
2905 1758 3027 1812 viva
3046 1764 3103 1813 et
3129 1775 3259 1812 vera
3278 1758 3535 1812 Christus
3564 1763 3668 1825 est,

2004 1838 2050 1898 B
2073 1847 2132 1900 in
2162 1863 2272 1918 quo
2292 1864 2415 1917 quze
2431 1847 2773 1917 sempiterna
2791 1852 2924 1901 sunt
2944 1843 3445 1916 habemus,quibus
3468 1846 3671 1902 imbuti

2070 1942 2239 2006 atque
2258 1934 2485 2002 initiati,
2509 1935 2839 1988 festinemus
2858 1935 3078 2005 ingredi
3094 1935 3163 1989 ad
3186 1935 3443 1989 eamdem
3456 1935 3670 2006 requiei

2067 2024 2326 2094 gloriam,
2366 2023 2464 2077 ubi
2484 2040 2596 2077 non
2617 2024 2992 2095 qualicunque
3018 2023 3413 2096 promissione:
3439 2023 3538 2077 sed
3567 2039 3666 2094 spe

2067 2113 2191 2167 viva
2215 2113 2558 2167 renascendo
2583 2113 2934 2167 intravimus.

2694 2252 2927 2310 CAPUT
2945 2252 3020 2310 II.

2424 2381 2569 2447 Quid
2594 2382 2667 2432 sit
2696 2383 2843 2434 inter
2869 2396 3017 2448 spem
3044 2385 3091 2434 et
3121 2382 3303 2448 ﬁdem.

2141 2485 2469 2549 l.Quamvis
2498 2486 2673 2555 igitur
2688 2502 2815 2556 spes
2836 2492 3077 2556 cognata
3100 2486 3174 2540 sit
3193 2486 3343 2551 ﬁdei,
3358 2491 3416 2540 et
3434 2486 3667 2557 propin-

2069 2574 2254 2644 quitas
2273 2574 2554 2639 credendi,
2590 2575 2670 2629 ita
2699 2580 2763 2628 ut
2790 2591 2907 2629 una
2933 2592 3132 2629 earum
3153 2576 3277 2630 sine
3306 2577 3485 2630 altera
3512 2581 3665 2629 stare

2068 2679 2178 2716 non
2212 2664 2419 2734 possit;
2453 2670 2643 2718 tamen
2670 2664 3069 2734 distinguenda
3088 2670 3174 2718 est
3200 2666 3379 2718 altera
3399 2664 3469 2718 ab
3489 2665 3669 2718 altera

2069 2751 2214 2805 sicut
2234 2752 2521 2817 vocabulo,
2542 2753 2621 2806 ita
2632 2752 2950 2806 rationabili
2969 2753 3302 2806 differentia.
3311 2753 3600 2816 Quatenus
3612 2758 3670 2806 et

2070 2857 2196 2911 spes
2223 2840 2332 2894 ﬁde
2360 2841 2652 2906 solidetur,
2685 2846 2743 2894 et
2763 2841 2921 2906 ﬁdes,
2954 2858 3051 2911 spe
3079 2846 3249 2906 certa,
3273 2841 3487 2911 jugiter
3510 2841 3583 2894 ad
3601 2856 3670 2895 ea

2071 2946 2196 3000 quas
2225 2929 2568 3000 sempiterna
2588 2935 2722 2983 sunt
2732 2936 2790 2983 et
2806 2944 2920 3011 non
2935 2929 3671 2999 videntur,subrigatur.Est

2073 3019 2223 3072 enim
2266 3035 2459 3072 earum
2507 3019 2692 3089 prima
2718 3018 3050 3083 differentia,
3084 3018 3234 3088 quod
3257 3019 3472 3091 sperari
3517 3024 3670 3073 recte

2071 3107 2212 3161 nihil
2242 3113 2443 3179 potest,
2477 3107 2587 3161 nisi
2617 3107 2767 3178 quod
2796 3114 2947 3163 recte
2975 3108 3244 3172 creditur,
3300 3114 3493 3162 tamen
3515 3107 3671 3162 credi

389 3194 584 3243 nostra
614 3189 870 3246 Christus
918 3198 1021 3259 est,
1064 3198 1122 3247 et
1165 3209 1269 3263 per
1295 3193 1580 3247 Christum
1630 3193 1900 3263 quidquid
1930 3193 2049 3259 inc
2071 3197 2433 3267 potest,quod
2448 3197 2676 3251 omnino
2687 3211 2800 3250 non
2821 3204 3106 3267 speratur:
3130 3197 3256 3267 quis
3276 3212 3521 3267 namque
3532 3196 3671 3251 ﬁde-

385 3278 487 3332 illo
530 3278 692 3333 nobis
730 3282 1131 3351 repromissum
1161 3287 1265 3347 est,
1293 3282 1436 3336 nihil
1476 3282 1629 3336 aliud
1675 3288 1983 3352 sperantes,
2070 3286 2210 3339 lium
2231 3286 3001 3357 est,quipoenasetsupplicia
3019 3302 3133 3340 non
3148 3286 3670 3357 creditimpiorum;

395 3382 568 3438 quam
602 3383 725 3438 quae
754 3368 824 3422 ab
839 3368 1020 3435 illo,et
1038 3370 1099 3423 in
1118 3370 1214 3423 illo
1234 3370 1591 3425 credentibus
1611 3376 1743 3424 sunt
1756 3371 1979 3424 donata.
2069 3380 2261 3428 tamen
2284 3387 2314 3427 ε
2341 3391 2444 3428 nec
2477 3381 2684 3445 sperat,
2720 3375 2850 3429 licet
2879 3375 3106 3429 omnino
3135 3375 3375 3430 timeat?
3401 3375 3669 3446 quoniam

391 3455 682 3527 Siquidem
696 3457 835 3511 illud
854 3460 1211 3530 totum,quod
1232 3460 1381 3513 Deus
1413 3465 1496 3513 est
1515 3460 1701 3523 Pater,
1716 3465 1773 3513 et
1789 3459 1983 3524 Filius,
2068 3472 2195 3534 spes
2210 3464 2563 3517 solummodo
2583 3462 2858 3517 bonarum
2870 3478 3059 3517 rerum
3071 3463 3489 3526 est,timorvero
3500 3464 3675 3518 mala.

388 3551 560 3616 atque
611 3545 853 3616 Spiritus
900 3554 1127 3602 sanctus
1179 3553 1330 3602 recte
1371 3565 1681 3619 speramus.
1718 3550 1990 3619 Speratur
2070 3553 2369 3622 rum.Ergo
2390 3551 2907 3621 quamvisnonnulli
2929 3568 3157 3622 sperare
3176 3568 3277 3622 pro
3299 3553 3497 3606 timere
3513 3551 3668 3605 dixe-

384 3642 580 3689 autem
612 3641 669 3689 et
696 3636 880 3691 carnis
905 3637 1260 3703 resurrectio,
1281 3655 1497 3692 necnon
1528 3643 1585 3691 et
1612 3639 1726 3691 vita
1755 3645 1985 3703 aeterna;
2071 3641 2204 3706 rint,
2234 3657 2361 3711 spes
2390 3646 2582 3693 tamen
2609 3656 2835 3711 semper
2863 3640 3086 3711 proprie
3108 3640 3166 3694 in
3198 3639 3357 3694 nobis
3389 3645 3494 3704 est,
3519 3640 3667 3693 sicut

385 3728 569 3795 atque
584 3725 1017 3781 interminabilis
1046 3728 1104 3781 in
1118 3727 1341 3781 Christo
1368 3727 1688 3794 beatitudo;
1724 3727 1989 3798 quoniam
2074 3746 2391 3801 quamsaape
2411 3729 2470 3782 in
2498 3729 2692 3782 malis:
2714 3729 2820 3783 etsi
2844 3732 3011 3782 timor
3028 3735 3250 3782 sanctus
3261 3744 3591 3797 permanens
3604 3730 3669 3781 in

383 3815 507 3868 haec
544 3815 734 3868 omnia
762 3830 864 3886 per
886 3816 1070 3886 ipsum
1102 3822 1160 3870 et
1186 3816 1256 3870 ab
1284 3817 1406 3888 ipso
1427 3816 1635 3870 donata
1657 3822 1791 3871 sunt
1809 3816 1988 3875 nobis.
2072 3823 2331 3873 sarculum
2347 3819 2649 3881 (Psat.xvu,
2669 3815 2757 3881 20)
2780 3834 2882 3888 per
2900 3816 3243 3887 Prophetam
3264 3816 3675 3873 dicstur.Deni-

386 3903 710 3957 Creduntur
737 3909 927 3958 autem
957 3906 1074 3959 haec
1102 3906 1293 3959 omnia
1321 3907 1495 3977 prius,
1516 3906 1720 3960 idcirco
1732 3907 1860 3976 jure
1871 3922 1993 3976 spe-

384 3997 609 4046 rantur.
625 3993 947 4047 Creduntur
968 3994 1116 4064 quod
1146 4002 1297 4059 sunt,
1332 3996 1533 4049 deinde
1562 4002 1862 4066 sperantur
1890 4012 1992 4066 per

386 4082 841 4156 Christumguia
856 4081 882 4122 ι)
909 4083 1117 4137 donata
1130 4090 1294 4151 sunt;
1317 4089 1375 4137 et
1402 4086 1518 4138 haec
1538 4090 1623 4137 est
1652 4100 1779 4154 spes
1800 4091 1993 4138 nostra

392 4170 614 4229 viva.de
635 4188 746 4241 qua
758 4172 1056 4242 Apostolus
1074 4190 1084 4225 :
1105 4177 1204 4241 qui
1221 4176 1578 4240 regeneravit,
1597 4173 1801 4243 inquit,
1823 4177 1883 4226 in
1904 4190 1993 4241 spe

393 4263 523 4313 viva
576 4262 623 4323 (Ι
647 4263 792 4314 Patr.
821 4275 860 4325 ι,
908 4259 983 4325 3).
1031 4262 1160 4315 Vita
1196 4262 1392 4332 utique
1438 4267 1495 4315 et
1530 4278 1676 4328 vera,
1728 4263 1992 4332 quoniam

2073 3924 2182 3978 que
2209 3906 2346 3961 ﬁdes
2374 3923 2488 3961 non
2509 3907 2695 3960 minus
2716 3907 2994 3960 malarum
3018 3921 3400 3976 rerum,quam
3424 3911 3482 3959 et
3503 3904 3672 3959 bona-

2072 4013 2227 4063 rum;
2253 3996 2517 4067 quoniam
2542 4002 2600 4049 et
2622 3994 2767 4049 bona
2787 3995 3111 4056 creduntur,
3132 4000 3190 4048 et
3217 3994 3385 4048 mala.
3404 3994 3502 4048 Est
3517 3993 3670 4048 enim

2074 4092 2132 4141 et
2159 4086 2339 4139 altera
2351 4102 2546 4139 earum
2574 4084 2890 4138 ditl‘erentia
2911 4101 2924 4150 ;
2949 4084 3080 4154 quia
3095 4084 3252 4148 ﬁdes,
3276 4087 3333 4137 et
3360 4082 3669 4154 preteritao

2074 4190 2199 4228 rum
2232 4189 2420 4228 rerum
2449 4178 2552 4238 est,
2578 4179 2633 4227 et
2653 4173 3034 4243 praesentium,
3055 4179 3113 4227 et
3132 4171 3452 4227 futurarum
3484 4190 3495 4224 :
3532 4186 3669 4242 prae-

2077 4265 2392 4329 teritarum,
2418 4262 2687 4333 quidquid
2707 4262 2775 4315 de
2786 4261 3058 4333 principio
3078 4261 3269 4316 saeculi
3284 4261 3341 4315 in
3364 4259 3668 4331 Scripturis

396 4348 659 4402 Christus
688 4349 801 4403 vita
829 4354 886 4403 et
928 4350 1131 4404 veritas
1180 4357 1283 4404 est.
1346 4352 1673 4404 Maneamus
1717 4351 1893 4421 igitur
1936 4351 1995 4405 in
2077 4353 2284 4406 sanctis
2309 4353 2796 4422 legimus,necnon
2818 4356 2875 4404 et
2894 4351 3182 4405 Christum
3208 4348 3670 4419 mortuum,quod

394 4437 618 4503 eadem,
651 4435 707 4491 in
725 4453 837 4508 qua
867 4439 1046 4492 renati
1079 4439 1572 4509 sumusgquoniam
1594 4439 1692 4493 cin
1723 4457 1821 4511 spe
1852 4441 1989 4503 viva,
2012 4502 2053 4513 Ἄ
2076 4442 2345 4513 praeterit,
2377 4442 2604 4495 omnino
2652 4440 2929 4493 credimus
2954 4458 2967 4507 ;
3016 4438 3398 4510 praesentium,
3429 4438 3565 4491 dum
3616 4442 3675 4491 et

396 4530 455 4579 et
480 4526 720 4580 necdum
745 4527 802 4580 in
833 4543 894 4580 re
921 4544 1134 4581 sumus.
1170 4528 1240 4582 Et
1267 4529 1400 4599 quia
1428 4528 1667 4582 necdum
1709 4529 1767 4582 in
1800 4546 1877 4593 re,
1907 4529 1992 4582 id-
2012 4502 2059 4560 Β
2081 4531 2267 4601 ipsum
2308 4531 2503 4584 sedere
2557 4530 2628 4582 ad
2674 4530 2963 4583 dexteram
2996 4528 3178 4581 Patris
3208 4527 3356 4597 quod
3384 4541 3535 4580 nunc
3562 4530 3667 4591 est,

395 4614 544 4668 circo
574 4614 932 4686 adoptiOnem
963 4616 1205 4670 ﬁliorum
1256 4624 1638 4689 exspectantes
1682 4634 1995 4688 speramus,

394 4719 567 4774 quam
592 4705 712 4773 jam
732 4704 789 4758 in
819 4722 915 4776 spe
946 4706 1315 4776 percepimus,
1335 4706 1692 4773 habemus,et
1718 4712 1993 4761 tenemus.

392 4794 674 4848 Tenentes
705 4800 893 4848 autem
926 4792 995 4848 de
1028 4795 1127 4848 illa
1155 4796 1335 4848 securi
1366 4812 1587 4862 sumus;
1621 4796 1886 4866 quoniam
1927 4797 1997 4851 de

392 4882 484 4936 his
512 4899 636 4953 quae
658 4880 865 4938 donata
897 4891 1032 4937 sunt
1059 4883 1219 4938 nobis
1240 4884 1298 4937 in
1326 4884 1545 4940 Christo
1570 4887 1691 4955 jam
1725 4884 1863 4939 certi
1900 4902 1997 4939 su-

390 4986 542 5026 mus.
566 4969 724 5025 Unde
755 4978 813 5027 et
842 4980 1067 5027 orantes
1094 4974 1333 5026 dicimus
1365 4990 1377 5025 :
1412 4976 1576 5028 Pater
1602 4981 1802 5039 noster,
1820 4977 1919 5042 qui
1947 4992 1998 5027 es

392 5062 460 5114 in
484 5058 646 5115 catis.
682 5059 798 5115 Etsi
832 5057 1015 5116 adhuc
1044 5063 1103 5115 in
1130 5078 1192 5115 re
1222 5060 1249 5101 ά
1278 5063 1516 5116 necdum
1559 5080 1771 5128 sumus,
1806 5069 1996 5117 tamen

395 5149 458 5202 in
498 5165 597 5219 spe
637 5151 756 5219 jam
808 5167 926 5204 esse
956 5151 1245 5222 coepimus,
1280 5151 1547 5221 quidquid
1577 5151 1750 5205 futuri
1780 5169 1993 5206 sumus.

397 5238 467 5292 In
494 5252 595 5309 spe
616 5238 915 5309 siquidem,
940 5240 1086 5293 sicut
1109 5239 1191 5293 ait
1209 5240 1528 5311 Apostolus,
1560 5243 1687 5308 jam
1718 5242 1998 5293 consedere

398 5341 499 5380 nos
527 5328 654 5394 facit
684 5331 749 5381 in
772 5328 1079 5383 caelestibus
1127 5330 1276 5399 (Eph.
1338 5343 1399 5393 II,
1442 5326 1515 5400 6),
1554 5330 1674 5399 jam
1700 5345 1996 5383 consurre-

472 5478 498 5508 ι
529 5468 701 5535 Edit.,
730 5486 867 5539 qua.

473 5539 501 5578 ι)
534 5540 704 5605 Edit.,
740 5558 873 5610 qua.

473 5621 498 5650 ο
525 5612 592 5686 In
622 5612 756 5666 edit.
788 5613 1141 5668 desideratur
1165 5615 1469 5683 :Quom'am
1490 5617 1553 5669 in
1578 5626 1665 5686 spe
1682 5616 1802 5668 vim
1823 5617 2004 5667 etnec-

400 5682 535 5735 dum
568 5685 633 5737 in
663 5699 724 5738 re
742 5700 956 5739 sumus.

2080 4636 2213 4673 vera
2238 4620 2347 4672 ﬁde
2376 4620 2602 4673 credere
2631 4634 2734 4671 nos
2764 4617 3120 4687 proﬁtemur;
3165 4615 3483 4669 futurarum
3515 4630 3669 4682 vero,

2081 4708 2226 4778 quod
2256 4713 2551 4761 venturum
2581 4723 2709 4760 eum
2738 4706 2808 4759 ad
2832 4705 3197 4775 judicandum
3226 4704 3378 4758 vivos
3427 4709 3485 4758 et
3520 4714 3675 4759 mor-

2078 4803 2225 4861 tuos,
2242 4811 2457 4850 necnon
2477 4803 2534 4849 et
2555 4795 2740 4848 carnis
2762 4801 2966 4848 nostra:
2996 4793 3460 4848 resurrectionem
3481 4794 3675 4864 procul

2085 4885 2253 4940 dubio
2282 4884 2559 4939 credendo
2613 4884 3000 4955 praedicamus.
3046 4884 3123 4936 At
3157 4899 3285 4937 vero
3315 4894 3443 4954 spes
3465 4884 3678 4937 solum-

2084 4976 2248 5029 modo
2298 4973 2616 5027 futurarum
2673 4977 2776 5037 est,
2838 4978 2895 5026 et
2943 4971 3219 5026 bonarum
3278 4984 3509 5027 rerum:
3561 4982 3677 5025 non

2079 5070 2266 5117 autem
2324 5062 2535 5133 aliquid
2587 5061 2698 5114 nisi
2744 5061 2814 5114 de
2862 5060 3049 5115 futuro
3084 5077 3310 5131 semper
3343 5068 3675 5130 speramus;

2080 5152 2332 5223 quamvis
2384 5151 2522 5205 ﬁdes
2572 5150 2683 5203 tria
2739 5150 2797 5203 in
2855 5150 3134 5204 credendo
3180 5150 3395 5220 jugiter
3446 5150 3679 5217 occupet

2078 5245 2336 5310 tempora
2369 5257 2380 5291 :
2411 5239 2549 5291 ﬁdes
2579 5248 2824 5308 namque
2855 5237 3105 5308 quamvis
3136 5237 3205 5290 ad
3249 5236 3362 5289 tria
3386 5250 3446 5288 se
3475 5250 3673 5305 super-

2080 5328 2346 5384 extendat
2394 5333 2656 5398 tempora
2695 5327 2978 5395 credenti;
3023 5334 3135 5380 non
3169 5323 3278 5379 nisi
3312 5334 3558 5395 praesens
3591 5328 3680 5377 ost

2154 5471 2182 5512 τι
2209 5471 2380 5537 Edit.,
2398 5474 2550 5539 jure.

2155 5555 2177 5581 ⁶
2209 5542 2380 5605 Edit.,
2402 5546 2525 5610 jam
2557 5542 3024 5594 consurreximus.

2156 5613 2178 5654 ἲ
2202 5613 2372 5679 Edit.,
2397 5614 2680 5666 distincta.

2158 5696 2187 5738 ς
2215 5684 2389 5755 Edit.,
2412 5700 2531 5755 qua:
2561 5687 2762 5736 tamen.
