3992 6166
348 310 486 369 1439

1119 311 1175 365 S.
1219 308 1600 366 PASCHASII
1639 307 1999 365 RADBERTI
2038 308 2341 364 ABBATIS
2378 306 2869 366 CORBEIENSIS.

3498 302 3638 360 1441]

351 435 517 504 ﬁdes;
550 436 695 491 sicut
718 441 924 491 etcum
949 435 1097 489 mala
1128 434 1425 498 credimus,
1453 450 1677 504 semper
1705 434 1839 488 dum
1870 451 1952 488 re-
1970 436 2017 494 Α
2038 432 2063 473 d
2087 451 2209 505 qua:
2231 435 2392 489 nobis
2409 440 2644 506 possunt
2664 442 2906 489 amando
2927 433 3269 503 contingere.
3288 432 3388 486 Est
3399 432 3636 503 praster-

350 529 438 579 cte
466 526 729 591 creditur,
781 525 928 579 bona
956 530 1042 578 est
1069 524 1225 578 ﬁdes.
1274 523 1534 593 Alioquin
1562 523 1866 594 unicuique
1895 524 1943 577 si

352 629 463 668 non
494 631 736 685 praesens
766 615 857 679 sit,
890 614 1059 668 fuisse
1087 612 1226 666 nihil
1253 612 1508 683 prodest;
1542 612 1718 666 donec
1746 612 1945 666 verita-

350 703 424 757 tis
447 703 580 756 visio
610 709 855 767 evacuet,
890 703 1037 774 quod
1066 718 1130 755 ex
1160 707 1318 772 parte
1348 712 1450 763 est,
1486 706 1544 755 et
1570 718 1759 755 verum
1791 701 1945 755 inve-

352 791 560 855 niatur,
592 793 738 863 quod
770 792 826 845 in
859 792 966 845 ﬁde
995 796 1105 848 est.
1165 790 1324 845 Unde
1353 791 1489 860 quia
1528 807 1674 854 vera,
1726 807 1950 862 semper

352 880 599 934 credenti
623 881 766 934 bona
795 886 881 933 est
912 880 1067 934 ﬁdes.

422 966 476 1022 2.
510 969 683 1021 Porro
707 984 904 1021 earum
954 967 1066 1021 alia
1094 966 1276 1021 adhuc
1303 966 1619 1020 differentia
1662 973 1765 1027 est,
1808 983 1948 1038 quo-

350 1055 500 1107 niam
541 1072 667 1125 spes
693 1072 981 1127 nunquam
1012 1055 1132 1108 sine
1177 1070 1369 1108 amore
1399 1060 1504 1117 est,
1532 1055 1671 1108 fides
1701 1071 1830 1108 vero
1858 1055 1945 1108 in-

350 1143 575 1196 terdum
610 1144 794 1214 potius
833 1144 1035 1198 timore
1085 1143 1379 1214 premitur,
1425 1160 1592 1213 quam
1637 1160 1828 1197 amore
1875 1144 1947 1196 le-

350 1238 528 1285 vetur.
580 1233 659 1286 De
706 1249 817 1303 qua
854 1250 988 1286 sane
1034 1233 1140 1286 ﬁde
1183 1232 1423 1286 Jacobus
1482 1232 1769 1302 apostolus
1819 1231 1942 1285 ait:

352 1322 503 1387 Quod
529 1328 546 1349 '
598 1327 645 1376 et
695 1324 959 1375 dmmones
986 1323 1214 1374 credant
1265 1327 1313 1373 ct
1352 1325 1777 1374 contremiscunt
1812 1322 1943 1387 (Jac.

351 1423 413 1474 II,
448 1409 553 1476 19),
587 1409 682 1480 qui
728 1410 957 1464 omnino
1005 1425 1107 1463 nec
1153 1415 1399 1479 sperant,
1443 1426 1544 1463 nec
1594 1414 1808 1462 amant.
1841 1410 1949 1464 Sed

352 1498 801 1552 Christianorum
856 1499 995 1551 fides
1042 1514 1108 1551 ea
1150 1502 1253 1563 est,
1284 1515 1407 1568 quae
1457 1515 1558 1568 per
1594 1497 1950 1551 dilectionem

351 1591 635 1657 operatur,
654 1603 775 1656 qua:
802 1602 1089 1656 nunquam
1120 1587 1241 1639 sine
1262 1603 1360 1657 spe
1383 1592 1552 1657 atque
1583 1602 1774 1639 amore
1806 1586 1951 1639 inve-

351 1674 525 1728 nitur.
554 1675 714 1728 Unde
744 1675 823 1728 illi
850 1674 1171 1737 formidant,
1204 1691 1304 1728 nos
1328 1680 1618 1745 sperantes
1643 1691 1901 1729 amamus
1932 1693 1945 1741 ;

2026 539 2091 577 ea
2109 524 2332 594 quando
2355 541 2419 578 ex
2442 541 2547 578 usu
2569 540 2972 595 nonnunquam
2999 530 3055 577 et
3068 522 3208 576 ﬁdes
3223 538 3421 575 earum
3442 533 3633 573 rerum

2027 610 2231 665 dicitur
2242 629 2365 682 quae
2384 612 2670 675 videntur;
2692 628 2818 682 spes
2837 628 2966 665 vero
2994 610 3221 665 nonnisi
3252 607 3634 665 solummodo.

2028 706 2173 754 teste
2201 701 2488 771 Apostolo,
2522 718 2645 771 qua:
2675 718 2788 755 non
2812 701 3109 765 videntur;
3145 698 3403 770 quamvis
3434 703 3493 750 et
3515 697 3638 766 ipse

2030 790 2197 843 fidem
2212 789 2446 843 deﬁniat
2463 806 2584 843 esse
2601 795 3000 858 argumentum
3022 804 3214 841 rerum
3232 804 3345 841 non
3363 801 3643 854 apparen-

2033 881 2175 932 tium
2199 894 2214 929 :
2242 884 2626 932 verumtamen
2655 878 2879 949 quando
2899 878 3136 948 quisque
3156 893 3268 930 non
3296 875 3502 939 verbis,
3523 889 3641 927 non

2031 966 2220 1033 rebus,
2254 982 2365 1021 non
2414 967 2657 1038 denique
2704 967 2834 1021 ullis
2872 972 3336 1036 argumenuirum
3375 962 3636 1020 nexibus.

2030 1056 2125 1109 sed
2155 1054 2511 1127 praesentium
2543 1072 2734 1110 rerum
2761 1056 3039 1109 evidentia
3067 1054 3391 1117 credidisse,
3418 1054 3523 1106 hoc
3552 1058 3637 1105 est

2028 1145 2195 1197 ﬁdem
2224 1144 2674 1198 accommodasse
2705 1144 2945 1197 dicitur:
2976 1161 3089 1198 non
3112 1145 3193 1197 ita
3217 1142 3527 1197 absurdum
3561 1142 3642 1194 vi-

2029 1233 2213 1297 detur,
2246 1238 2311 1286 ut
2337 1239 2486 1286 recte
2514 1233 2961 1304 reprehendatur
2988 1233 3045 1286 in
3072 1233 3256 1296 verbo,
3290 1233 3457 1303 eique
3487 1232 3641 1285 dica-

2031 1327 2127 1377 tur
2156 1341 2167 1376 :
2198 1322 2401 1375 Vidisti
2431 1339 2564 1392 ergo
2592 1328 2649 1376 et
2677 1339 2789 1376 non
2814 1322 3117 1376 credidisti.
3152 1322 3260 1376 Sed
3291 1321 3554 1392 quamvis
3583 1327 3641 1373 et

2031 1410 2141 1465 ista
2169 1411 2344 1481 possit
2356 1427 2478 1464 esse
2497 1411 2834 1475 differentia,
2848 1411 3052 1465 melius
3077 1415 3264 1464 tamen
3298 1410 3455 1463 illam
3479 1408 3642 1463 Chri-

2032 1499 2343 1554 stianorum
2373 1500 2723 1571 appellamus
2749 1500 2936 1566 ﬁdem,
2962 1516 3131 1570 quam
3172 1499 3360 1552 divina
3406 1499 3640 1569 eloquia

2031 1589 2361 1653 docuerunt,
2378 1605 2573 1643 earum
2602 1588 2817 1643 scilicet
2843 1606 3032 1643 rerum
3056 1605 3180 1659 quin
3206 1605 3317 1642 non
3346 1588 3634 1653 videntur;

2031 1677 2111 1731 sic
2138 1678 2329 1748 itaque
2345 1683 2402 1731 et
2426 1693 2553 1748 spes
2567 1677 2894 1732 earumdem
2915 1677 3291 1731 rerum.Unde
3310 1676 3637 1747 Apostolus:

353 1763 459 1817 etsi
491 1763 820 1834 quantisper
847 1764 916 1817 de
947 1780 1110 1834 pmna
1137 1764 1346 1835 peccati
1371 1763 1657 1829 timemus,
1691 1764 1745 1817 in
1770 1780 1949 1834 quan-
1968 1764 2160 1851 BSpes
2221 1783 2339 1835 qua
2384 1768 2619 1830 videtur,
2661 1782 2776 1821 non
2822 1772 2898 1821 est
2944 1782 3091 1835 spes;
3138 1767 3281 1834 quod
3307 1768 3463 1818 enim
3494 1767 3642 1819 videt

353 1856 475 1905 tum
505 1852 691 1905 minus
718 1869 1027 1923 speramus.
1054 1853 1265 1906 Idcirco
1285 1852 1668 1917 homo,desine
1700 1869 1946 1923 peccare,

353 1956 419 1994 ac
446 1940 516 1993 de
546 1941 845 2012 praeteritis
869 1941 1141 2010 judicium
1172 1958 1354 2008 sume,
1384 1946 1449 1995 ut
1487 1941 1668 2012 possis
1720 1956 1952 2011 sperare

352 2028 629 2082 credendo
654 2047 668 2093 ;
720 2029 986 2100 quoniam
1014 2029 1157 2083 sicut
1179 2045 1280 2083 nec
1305 2046 1433 2100 spes
1459 2029 1580 2083 sine
1611 2046 1807 2083 amore
1838 2033 1944 2095 est,

352 2116 433 2171 ita
462 2134 563 2171 nec
593 2117 898 2172 Christiani
930 2119 1086 2182 fides,
1120 2122 1183 2172 ut
1210 2118 1283 2171 sit
1313 2135 1379 2171 ea
1407 2134 1530 2188 quae
1570 2135 1669 2189 per
1703 2117 1950 2171 dilectio-

349 2222 476 2259 nem
505 2213 788 2277 operatur,
823 2207 945 2260 sine
975 2206 1251 2260 charitate
1286 2224 1298 2259 :
1354 2224 1477 2277 qua;
1525 2207 1791 2261 nimirum
1820 2208 1947 2260 cha-

348 2294 488 2347 ritas
516 2294 664 2348 foras
695 2295 870 2348 mittit
896 2295 1179 2356 timorem,
1206 2304 1267 2349 ut
1307 2296 1483 2366 possit
1513 2295 1692 2366 magis
1720 2311 1948 2366 sperare

350 2384 574 2453 aliquis,
609 2400 777 2453 quam
804 2384 1023 2437 timere.
1070 2385 1371 2454 Nunquam
1410 2384 1585 2453 igitur
1622 2384 1947 2456 impraesen-

347 2472 556 2525 tiarum
586 2472 830 2525 charitas
860 2473 980 2526 sine
1010 2490 1125 2543 spe,
1163 2473 1306 2527 sicut
1353 2491 1456 2527 nec
1484 2491 1611 2544 spes
1639 2479 1739 2527 aut
1766 2474 1945 2528 chari-

351 2567 440 2615 tas
486 2559 604 2614 sine
648 2561 772 2615 ﬁde.
807 2561 951 2615 Hinc
988 2578 1120 2631 ergo
1160 2568 1261 2624 est,
1298 2563 1445 2632 quod
1492 2562 1631 2616 fides
1671 2564 1948 2617 credendo

352 2649 553 2721 qumrit
574 2667 696 2721 quae
726 2666 835 2703 non
860 2650 1137 2715 videntur,
1163 2661 1220 2704 et
1244 2659 1453 2705 aeterna
1473 2657 1640 2719 sunt;
1672 2669 1800 2722 spes
1820 2669 1949 2707 vero

351 2739 739 2810 praesumendo
788 2739 947 2809 petit,
978 2744 1042 2793 ut
1070 2740 1355 2810 perveniat
1403 2741 1472 2793 ad
1514 2757 1653 2805 rem,
1687 2758 1852 2811 quam
1886 2729 1950 2794 ei

352 2828 498 2883 dono
545 2830 663 2899 jam
718 2828 776 2882 in
832 2845 892 2883 se
945 2829 1191 2899 percepit
1246 2834 1303 2882 et
1357 2845 1553 2883 secum
1600 2836 1704 2884 est.
1738 2830 1951 2884 Deinde

352 2917 598 2971 charitas
648 2917 1072 2987 infatigabiliter
1098 2918 1303 2988 pulsat,
1333 2923 1388 2971 et
1428 2922 1594 2971 orant
1614 2919 1725 2973 duo
1756 2919 1941 2985 simul,

2034 1858 2176 1924 quis,
2208 1857 2345 1923 quid
2372 1861 2595 1924 sperat?
2625 1854 2689 1909 Si
2714 1860 2901 1908 autem
2929 1857 3075 1923 quod
3103 1871 3216 1908 non
3246 1855 3498 1907 videmus
3526 1871 3643 1922 spe-

2033 1960 2246 2009 ramus,
2287 1960 2382 2012 per
2419 1947 2751 2013 patientiam
2791 1949 3158 2013 exspectamus
3185 1946 3354 2007 (Rom.
3386 1960 3498 2009 vni,
3527 1942 3640 2003 '24].

2033 2032 2170 2086 Cum
2204 2049 2337 2102 ergo
2370 2032 2512 2087 bona
2555 2032 2716 2086 nobis
2746 2033 2935 2087 futura
2964 2049 3086 2087 esse
3114 2033 3445 2098 creduntur,
3496 2033 3642 2086 nihil

2031 2121 2179 2175 aliud
2211 2138 2380 2192 quam
2422 2128 2740 2193 sperantur,
2775 2126 2833 2175 et
2856 2122 2980 2176 ideo
3008 2122 3106 2175 illa
3131 2138 3255 2192 quae
3292 2138 3408 2175 non
3440 2121 3644 2175 viden-

2029 2216 2124 2265 tur
2146 2216 2205 2264 et
2227 2216 2439 2264 aeterna
2455 2217 2606 2276 sunt,
2629 2211 2783 2281 prius
2803 2211 3129 2277 creduntur,
3148 2228 3274 2265 cum
3296 2211 3644 2282 repromissa

2030 2305 2321 2370 sperantes
2349 2306 2572 2370 sperata
2601 2316 2730 2354 vero
2767 2306 3067 2363 amantur;
3130 2300 3264 2371 quia
3299 2316 3528 2353 summa
3585 2306 3643 2353 et

2030 2389 2377 2459 sempiterna
2403 2396 2536 2443 sunt
2565 2402 2623 2455 ος
2655 2389 2905 2459 alioquin
2928 2390 3093 2458 juxta
3126 2389 3524 2442 Salomonem:
3566 2389 3642 2441 Vae

2028 2478 2113 2531 his
2150 2481 2250 2545 qui
2277 2480 2693 2542 sustinentiam,
2737 2494 2894 2548 spem
2940 2477 3216 2538 videlicet.
3244 2479 3637 2546 perdiderunt,

2032 2571 2079 2619 et
2105 2568 2450 2620 diverterunt
2473 2570 2535 2620 in
2565 2569 2682 2620 vias
2707 2582 2908 2635 pravas
2938 2568 3122 2633 (Eccli.
3156 2581 3215 2631 ιι,
3262 2563 3371 2636 16).
3396 2566 3559 2630 Quod
3588 2566 3636 2618 si

2032 2672 2190 2725 spem
2222 2671 2334 2708 non
2355 2655 2703 2718 amitterent,
2719 2671 2986 2709 aurarum
3003 2655 3257 2725 pulsibus
3284 2655 3356 2708 ad
3387 2672 3638 2726 praerup—

2031 2750 2092 2797 ta
2111 2760 2222 2797 non
2249 2744 2773 2800 diverterent.Nihil
2798 2744 2948 2798 enim
2976 2743 3344 2814 periculosius
3360 2760 3533 2814 quam
3548 2744 3643 2797 de-

2032 2833 2297 2904 speratio.
2329 2832 2540 2887 Idcirco
2561 2832 2816 2903 quisquis
2841 2850 2917 2899 es,
2943 2832 3114 2887 nullis
3134 2832 3467 2887 delictorum
3502 2849 3640 2903 pon-

2027 2921 2253 2975 deribus
2279 2921 2547 2990 graveris,
2580 2922 2749 2975 nullis
2777 2922 3153 2992 cupiditatum
3181 2921 3419 2976 vinculis
3440 2922 3639 2975 traha-

351 3011 416 3060 ut
438 3007 724 3077 aperiatur
740 3007 918 3078 janua
946 3012 1004 3059 et
1026 3012 1342 3071 evacuetur,
1374 3008 1521 3077 quod
1559 3024 1623 3061 ex
1654 3013 1813 3078 parte
1840 3014 1944 3074 est,
1970 3068 2006 3081 Α
2029 3011 2126 3075 ris,
2144 3010 2312 3064 nullis
2343 3010 2743 3081 promissorum
2773 3010 3136 3064 dilationibus
3167 3010 3444 3080 fatigeris.
3477 3010 3643 3075 Quod

350 3068 681 3165 fruaturque
710 3068 896 3155 rebus,
927 3095 1073 3164 quod
1104 3068 1408 3164 perfectum
1432 3101 1489 3148 et
1516 3068 1788 3150 aeternum
1838 3068 1943 3150 est;
1964 3068 2070 3153 Csi
2101 3068 2316 3153 moram
2343 3068 2551 3164 fecerit,
2578 3100 2741 3170 juxta
2772 3100 3104 3170 prophetam
3122 3068 3383 3170 exspecta
3403 3068 3535 3153 eum
3553 3119 3568 3167 ;
3589 3100 3637 3153 si

354 3185 505 3253 Spes.
537 3182 712 3251 igitur
758 3189 816 3234 et
851 3182 1096 3235 charitas
1141 3191 1324 3245 orant,
1365 3190 1431 3237 ut
1469 3184 1600 3248 dixi,
1657 3193 1712 3238 et
1749 3191 1949 3257 petunt

353 3287 418 3324 ac
446 3271 709 3341 pulsant;
744 3270 881 3323 ﬁdes
931 3286 1061 3324 vero
1090 3271 1286 3334 credit,
1319 3279 1377 3325 et
1405 3273 1606 3342 quaerit
1637 3274 1785 3345 quod
1818 3291 1946 3346 spe-

352 3359 592 3413 randum
620 3365 678 3412 et
702 3359 1006 3413 amandum
1036 3360 1127 3413 sit.
1170 3361 1293 3414 Non
1314 3378 1446 3431 ergo
1469 3362 1592 3416 ideo
1632 3363 1851 3433 quaarit,
1884 3370 1948 3419 ut

353 3447 506 3501 aliud
532 3449 788 3518 requirat
816 3449 960 3518 quod
993 3455 1250 3519 speretur
1279 3456 1379 3504 aut
1405 3457 1645 3517 ametur;
1678 3453 1774 3505 sed
1804 3452 1950 3507 sicut

352 3537 518 3605 longe
546 3553 716 3607 supra
754 3538 1001 3607 exposui,
1037 3538 1170 3608 quia
1198 3538 1474 3593 immensa
1522 3547 1654 3593 sunt
1682 3558 1804 3611 quae
1834 3558 1945 3595 non

352 3626 630 3690 videntur,
687 3632 749 3680 ut
797 3627 917 3697 ipsa
949 3627 1255 3698 eademque
1296 3629 1473 3698 magis
1511 3630 1801 3699 magisque
1832 3648 1948 3684 am-

353 3714 500 3785 plius
521 3721 578 3768 et
608 3716 909 3786 perfectius
955 3717 1314 3771 inveniantur
1341 3718 1469 3781 fide,
1509 3726 1784 3788 quatenus
1822 3721 1946 3790 plus

353 3803 568 3873 sperari
607 3805 823 3874 possint
851 3806 874 3839 δ
905 3810 962 3858 et
987 3805 1184 3858 amari.
1221 3806 1329 3859 Per
1364 3807 1531 3860 ﬁdem
1572 3807 1724 3861 enim
1753 3809 1948 3862 ambu-

350 3893 554 3958 lamus,
568 3899 625 3946 et
646 3909 757 3947 non
783 3910 886 3964 per
902 3894 1143 3963 speciem
1172 3910 1236 3948 ac
1255 3911 1355 3965 per
1374 3895 1477 3948 hoc
1498 3912 1626 3949 cum
1656 3896 1867 3950 eisdem
1892 3902 1949 3951 et

352 3980 492 4034 ﬁdes
521 3987 661 4046 orat,
694 3983 816 4036 sine
845 3998 955 4052 qua
984 3999 1105 4036 esse
1134 3999 1246 4037 non
1274 3990 1527 4054 possunt.
1564 3985 1707 4039 Hinc
1743 3986 1949 4056 quippe

350 4068 556 4123 dicitur
585 4089 598 4125 :
635 4072 905 4137 Quomodo
930 4074 1285 4135 invocabant,
1310 4076 1371 4125 in
1394 4090 1554 4143 quem
1580 4090 1690 4128 non
1711 4076 1950 4129 credide-

352 4164 528 4211 runt?
556 4160 727 4226 (Rom.
759 4158 943 4223 x,14.)
968 4160 1121 4213 Nihil
1151 4161 1301 4215 enim
1323 4163 1535 4232 sperari
1556 4169 1737 4233 potest
1770 4163 1951 4233 profe-

352 4252 442 4300 cto
471 4247 620 4317 quod
658 4263 770 4300 non
799 4248 1067 4301 creditur.
1791 4254 1801 4270 '

422 4338 474 4392 3.
506 4338 783 4392 Praeterea
809 4339 947 4391 ﬁdes
981 4355 1091 4392 non
1138 4338 1325 4393 minus
1363 4357 1594 4394 suarum
1625 4357 1815 4395 rerum
1846 4349 1947 4408 est,

2028 3194 2382 3259 peccatorum
2435 3188 2670 3242 sarcinis
2710 3188 2780 3241 ad
2834 3189 2952 3241 ima
2998 3188 3363 3258 demergeris,
3411 3205 3638 3243 resume

2028 3277 2146 3347 spei
2178 3277 2459 3337 ﬁduciam,
2491 3281 2557 3331 ut
2589 3278 2810 3331 avolare
2849 3278 3029 3347 possis
3058 3277 3131 3330 ad
3171 3277 3639 3332 misericordissi-

2029 3382 2183 3420 mum
2212 3366 2409 3419 salutis
2452 3371 2708 3436 portum;
2742 3366 3008 3436 quoniam
3039 3366 3279 3420 necdum
3308 3366 3639 3421 defecerunt

2030 3455 2416 3508 miserationes
2458 3455 2686 3508 Christi.
2721 3456 2790 3509 Et
2833 3454 2880 3508 si
2910 3454 2969 3508 in
2999 3455 3341 3524 profundum
3371 3455 3635 3509 decidisti

2028 3543 2357 3597 barathrum
2384 3543 2667 3609 vitiorum,
2695 3560 2861 3614 spera
2890 3543 3129 3596 ﬁrmiter
3156 3542 3303 3613 quod
3336 3543 3457 3597 inte
3482 3550 3559 3603 te.
3592 3545 3638 3598 si

2029 3632 2326 3686 recesseris
2354 3631 2424 3685 ab
2450 3632 2591 3697 istis,
2620 3632 2926 3685 clementer
2943 3630 3223 3685 liberabit.
3259 3631 3423 3693 Quod
3456 3632 3506 3686 si
3536 3632 3637 3686 ad-

2032 3722 2143 3775 huc
2172 3721 2266 3775 his
2298 3721 2547 3775 traheris
2576 3721 2893 3790 colligatus,
2922 3720 3122 3773 fortior
3146 3724 3346 3774 catena
3375 3721 3497 3791 spei
3535 3727 3638 3787 est,

2027 3810 2300 3864 charitate
2328 3817 2497 3881 atque
2526 3809 2635 3863 ﬁde
2663 3808 3047 3874 corroborata,
3074 3809 3415 3879 quandoque
3445 3810 3637 3864 volens

2032 3914 2280 3969 peccare,
2305 3900 2352 3952 si
2381 3897 2633 3953 desieris.

2648 4039 2881 4095 CAPUT
2900 4039 3002 4095 III.

2322 4149 2389 4201 De
2412 4149 2846 4215 participatione
2873 4148 3003 4215 ﬁdei
3025 4152 3188 4217 atque
3211 4120 3348 4217 spei.

2110 4252 2157 4309 1.
2183 4253 2482 4308 Sciendum
2507 4253 2821 4323 sane,quod
2852 4254 2991 4308 ﬁdes
3019 4254 3451 4309 fundamentum
3478 4261 3635 4309 caete-

2037 4360 2227 4399 rarum
2260 4343 2528 4397 virtutum
2561 4349 2663 4408 est,
2691 4349 2746 4397 et
2776 4343 2930 4414 prior
2957 4344 3210 4414 procedit
3240 4345 3299 4398 in
3319 4360 3585 4415 campum
3618 4363 3630 4394 ι

351 4443 520 4498 quam
541 4432 599 4481 et
611 4427 1135 4494 alienarum;credit
1147 4428 1296 4481 enim
1320 4445 1379 4481 se
1395 4429 1631 4499 quisque
1644 4430 1945 4500 aliquando
1968 4426 2008 4481 ι)
2026 4450 2154 4504 spes
2180 4448 2310 4485 vero
2339 4431 2406 4486 ad
2436 4448 2504 4485 ea
2532 4449 2655 4502 quae
2680 4433 3004 4497 creduntur,
3025 4433 3211 4503 ipsum
3228 4433 3540 4499 hominem,
3574 4442 3634 4486 ut

350 4533 472 4570 esse
501 4517 1041 4587 coapissemecf‘uisse
1064 4519 1489 4588 sempiternum;
1518 4521 1696 4574 credit
1724 4528 1780 4575 et
1810 4523 1940 4589 alia,

350 4609 519 4674 atque
550 4606 660 4660 alia
690 4624 800 4660 non
831 4608 1012 4683 solum
1035 4608 1102 4661 de
1122 4608 1247 4661 aliis
1277 4608 1597 4663 hominibus
1630 4612 1808 4665 multa
1822 4630 1945 4683 qua:

350 4692 420 4745 ad
432 4693 756 4761 religionem
786 4697 1095 4766 pertinent;
1121 4714 1310 4751 verum
1335 4699 1507 4752 etiam
1533 4704 1591 4752 et
1607 4699 1676 4754 de
1691 4702 1939 4768 angelis:

348 4779 448 4837 sed
478 4797 604 4851 spes
626 4784 847 4837 nonnisi
884 4802 1073 4839 rerum
1119 4786 1188 4839 ad
1219 4802 1347 4839 eum
1398 4788 1802 4857 pertinentium
1836 4796 1941 4855 est,

351 4871 446 4942 qui
477 4870 800 4923 earumdem
833 4890 987 4942 spem
1002 4890 1199 4943 gerere
1230 4874 1529 4946 probatur;
1564 4877 1815 4947 alioquin
1846 4895 1946 4949 po-

345 4961 459 5015 tius
478 4958 705 5013 credere
730 4959 1025 5015 dicendum
1057 4980 1224 5033 quam
1254 4982 1499 5036 sperare,
1524 4967 1630 5021 nisi
1656 4984 1948 5038 processus

346 5050 421 5104 sit
447 5048 519 5103 ad
550 5047 802 5102 eamdem
835 5065 972 5111 rem,
1007 5058 1065 5104 et
1091 5052 1250 5106 nobis
1272 5055 1448 5125 possit
1467 5056 1948 5126 contingere.Cre-

350 5140 537 5193 dimus
566 5154 700 5207 ergo
723 5154 846 5208 qua:
877 5137 1037 5192 nobis
1057 5140 1339 5196 interdum
1376 5161 1486 5198 non
1516 5145 1743 5199 veniunt
1764 5154 1805 5203 ο.
1847 5146 1946 5200 sed

345 5243 634 5298 nunquam
654 5234 802 5281 recte
823 5243 1115 5297 speramus
1132 5230 1238 5284 nisi
1270 5248 1337 5285 ea
1364 5250 1487 5303 qua:
1508 5233 1579 5287 oh
1612 5233 1944 5290 beneﬁcium

345 5316 675 5370 meritorum
699 5322 756 5370 et
766 5317 1007 5386 gratiam
1027 5317 1454 5375 clementiarum
1468 5322 1687 5378 indulta
1698 5326 1945 5391 sunt,vel

414 5449 437 5476 ι
473 5438 644 5501 Editi.
671 5442 824 5509 quia.

416 5511 443 5549 υ
470 5508 638 5576 Editi,
670 5508 854 5579 possit.

413 5589 433 5615 ο
471 5580 638 5648 Editi,
675 5587 1027 5651 conveniunt,

2026 4521 2626 4593 perveniat,constituit
2648 4540 2659 4574 :
2684 4522 2781 4575 illa
2801 4522 2899 4576 dat
2920 4522 3254 4593 principium
3277 4524 3628 4583 meritorum;

2028 4612 2099 4664 ad
2128 4627 2410 4665 summum
2443 4611 2551 4664 ista
2578 4611 2862 4681 perducit:
2891 4611 2987 4664 illa
3015 4611 3282 4665 credendi
3304 4612 3631 4682 aggreditur

2027 4700 2249 4754 initium
2273 4719 2286 4767 ;
2320 4700 2425 4752 ista
2452 4699 2673 4753 virtutis
2698 4700 3095 4771 perfectionem
3117 4700 3373 4770 quotidie
3402 4700 3629 4755 medita-

2028 4794 2123 4843 tur
2157 4808 2168 4841 :
2199 4789 2295 4842 illa
2333 4806 2456 4857 qua:
2503 4788 2912 4860 promittuntur
2939 4789 3152 4853 credit;
3185 4789 3296 4843 ista
3343 4806 3471 4860 quae
3514 4805 3630 4860 pm-

2031 4878 2200 4932 missa
2224 4884 2357 4930 sunt
2372 4879 2491 4947 jam
2513 4878 2713 4943 cernit,
2729 4883 2786 4931 et
2811 4878 3462 4948 amplectiturinteriora
3479 4878 3619 4941 cceli,

2032 4984 2141 5037 quo
2172 4967 2429 5021 Christus
2460 4967 2696 5022 introiit.
2731 4968 2840 5020 Per
2868 4967 3035 5020 ﬁdem
3066 4966 3218 5020 enim
3248 4966 3618 5029 ambulamus;

2029 5073 2130 5125 per
2158 5072 2314 5126 spem
2356 5071 2486 5108 vero
2522 5056 2641 5125 jam
2687 5057 3046 5126 pervenimus
3081 5072 3093 5107 :
3129 5054 3280 5108 beati
3309 5052 3331 5091 ί
3367 5055 3538 5125 igitur
3569 5060 3620 5106 et

2029 5143 2375 5198 immaculati
2417 5142 2658 5196 necdum
2707 5158 2939 5209 sumus;
2990 5148 3182 5197 tamen
3228 5160 3330 5213 per
3375 5143 3615 5197 eamdem

2027 5249 2204 5304 spem,
2256 5232 2388 5303 quia
2431 5231 2655 5285 Christo
2700 5232 3013 5302 consepulti
3042 5247 3259 5293 sumus,
3305 5236 3363 5285 et
3404 5248 3615 5285 consur-

2028 5322 2292 5387 reximus,
2328 5320 2424 5392 qui
2456 5321 2650 5375 sedere
2690 5337 2790 5375 nos
2822 5320 2954 5375 fecit
2979 5320 3037 5376 in
3062 5320 3404 5390 ccalestibus,
3421 5322 3536 5391 jam
3560 5320 3610 5374 in

2097 5446 2123 5488 ἀ
2155 5448 2326 5515 Edit.,
2353 5449 2415 5502 id
2441 5453 2533 5503 est.

2097 5531 2122 5585 εξ
2154 5520 2323 5585 Edit.,
2352 5525 2577 5574 atoma.

2099 5584 2121 5632 ί
2148 5584 2316 5659 Editi,
2343 5593 2432 5647 uti
2464 5592 2658 5663 igitur.
