3992 6166
396 175 536 259 i441
1295 204 1389 259 DE
1420 204 1603 271 FIDE,
1648 205 1779 261 SPE
1817 206 1906 261 ET
1945 205 2374 262 CHARITATE.
2419 236 2484 247 -
2526 207 2663 262 LIB.
2707 208 2781 262 ιι.
3543 211 3679 272 144-2

394 326 487 380 via
527 331 813 397 utcunque
865 325 1122 381 dicimur.
1155 329 1293 400 Spes
1344 330 1495 385 enim
1533 347 1636 386 nec
1680 331 1840 397 fallit,
1892 333 2058 391 necA
2081 330 2303 397 dicitur,
2344 333 2492 404 quod
2523 349 2776 404 peream
2804 333 2942 389 salvi
2974 334 3106 389 facti
3150 320 3362 390 sumus.
3400 337 3468 391 Et
3492 336 3631 391 illud
3663 355 3673 389 :

394 414 628 481 fallitur,
652 414 761 469 nisi
790 413 942 486 prior
967 416 1103 470 ﬁdes
1127 433 1187 469 se
1207 417 1592 477 substl‘axerit.
1615 421 1772 474 Tune
1792 422 1999 493 quippe
2080 422 2232 475 Fides
2256 427 2354 475 tua
2377 428 2427 475 te
2449 426 2667 476 salvum
2697 424 2844 490 fecit.
2874 424 2942 478 Et
2967 423 3113 487 ideo,
3145 424 3290 478 sicut
3317 424 3596 479 Abraham
3620 425 3679 479 in

394 520 528 558 vera
557 510 641 558 est
659 504 784 569 ista,
809 504 857 557 si
880 504 1018 558 ﬁdes
1038 512 1256 559 servato
1284 506 1492 562 foedere
1524 509 1755 579 impleta
1785 511 1956 565 fuerit
1981 530 1992 564 :

394 605 529 643 nam
555 588 691 643 ﬁdes
706 589 1112 659 sperandorum
1146 590 1460 645 substantia
1487 598 1590 657 est,
1612 611 1724 663 qua
1752 595 1992 660 sublata,

394 695 523 749 spes
574 678 696 732 sine
742 678 1059 732 substantia
1087 685 1190 739 est.
1223 696 1287 733 ac
1316 698 1417 751 per
1458 681 1563 735 hoc
1605 684 1725 752 jam
1756 700 1868 738 non
1912 691 1998 739 est

393 785 524 839 spes
571 767 657 821 cui
689 767 951 838 sperandi
979 774 996 797 '
1042 768 1278 823 facultas
1330 770 1505 833 deest,
1554 771 1691 826 ﬁdes
1738 772 1995 827 videlicet

394 857 684 921 irremota,
736 857 853 927 spei
899 873 1121 927 semper
1167 857 1373 928 ubique
1406 855 1431 896 ι)
1462 866 1644 913 mater
1686 848 1753 915 et
1782 862 1988 917 nutrix.

394 946 629 1002 Constat
653 945 827 1015 igitur
848 945 997 1016 quod
1025 946 1097 999 ad
1124 946 1360 1001 invicem
1404 947 1856 1019 inseparabiliter
1883 951 1993 1006 bae—

395 1034 708 1089 rent.Unde
726 1039 783 1088 et
800 1035 1098 1105 Apostolus
1118 1052 1246 1089 cum
1259 1035 1328 1089 de
1345 1035 1629 1090 Abraham
1646 1038 1990 1108 loqueretur.

393 1123 516 1178 ait:
561 1123 708 1194 quod
750 1127 944 1177 contra
978 1140 1124 1192 spem
1165 1126 1226 1178 in
1268 1142 1414 1193 spem
1453 1126 1658 1197 quippe
1698 1129 1993 1181 crediderit

397 1214 569 1278 (Rom.
593 1229 664 1276 iv,
692 1208 795 1278 18).
830 1211 988 1276 Quod
1016 1212 1063 1266 si
1088 1218 1150 1266 in
1167 1230 1315 1282 spem
1338 1214 1567 1268 omnino
1588 1217 1840 1280 credidit,
1866 1232 1991 1286 spes

395 1301 448 1355 ei
476 1317 674 1355 rursus
699 1300 785 1354 via
814 1306 871 1354 et
897 1300 1131 1355 facultas
1160 1302 1423 1356 credendi
1450 1303 1574 1358 fuit.
1608 1304 1751 1358 Hinc
1781 1303 1991 1375 liquido

392 1390 693 1460 colligitur,
728 1390 875 1460 quod
908 1390 1013 1443 sibi
1041 1402 1065 1432 ο
1090 1391 1410 1446 alternatim
1445 1398 1509 1446 ut
1538 1399 1827 1459 maneant,
1856 1393 1990 1448 sub-

394 1478 660 1532 stantiam
683 1479 1083 1549 promissorum
1102 1479 1203 1533 Dei
1216 1480 1515 1551 praebeant.
1528 1483 1595 1535 Et
1615 1482 1819 1536 mirum
1842 1484 1991 1553 quod

392 1564 679 1618 Abraham
701 1568 891 1618 contra
916 1580 1062 1632 spem
1096 1567 1155 1618 in
1183 1582 1329 1633 spem
1350 1568 1639 1620 credidisse
1667 1567 1899 1622 dicitur.
1934 1566 1990 1621 Si

2080 526 2236 580 spem
2264 516 2460 564 contra
2485 528 2643 581 spem
2668 512 2908 567 credidit
2941 531 2954 576 ;
2998 513 3079 567 ita
3126 518 3184 567 et
3210 530 3424 577 omnes,
3458 514 3552 584 qui
3583 530 3682 584 per

2079 599 2247 652 ﬁdem
2288 599 2388 652 ﬁlii
2435 605 2569 653 sunt
2599 600 2743 670 eius,
2780 606 2976 654 contra
3005 618 3159 671 spem
3187 602 3382 673 utique
3429 601 3486 655 in
3524 619 3681 672 spem

2079 687 2311 741 credant
2338 693 2394 741 et
2437 688 2561 758 ipsi.
2617 689 2760 759 Ergo
2805 688 2875 743 de
2920 690 3156 760 singulis
3199 691 3515 762 quibusque
3559 708 3682 763 quae

2076 776 2401 841 creduntur,
2431 777 2546 831 sive
2601 778 2671 831 de
2718 779 3131 833 resurrectione
3162 788 3532 845 mortuorum,
3566 781 3681 835 sive

2075 864 2143 919 de
2195 866 2523 921 haereditate
2567 868 2726 938 regni
2758 869 3023 923 caelorum
3056 869 3101 934 h,
3144 869 3258 923 sive
3285 870 3354 923 de
3383 870 3681 941 adoptione

2075 953 2319 1009 ﬁliorum
2337 956 2460 1019 Dei,
2489 962 2545 1010 et
2561 955 2724 1010 beata
2744 956 3169 1011 immortalitate
3186 958 3371 1012 carnis
3388 958 3678 1028 etanimae,

2076 1053 2347 1116 quantum
2378 1048 2448 1100 ad
2497 1053 2758 1102 naturam
2798 1055 3015 1119 spectat
3046 1049 3348 1103 humanam
3375 1068 3387 1112 ;
3422 1051 3547 1120 quis
3578 1067 3679 1104 un-

2077 1150 2247 1204 quam
2269 1135 2404 1188 talia
2416 1152 2643 1206 sperare
2667 1135 2865 1206 potuit,
2886 1137 2991 1189 etsi
3012 1153 3134 1190 esse
3146 1137 3241 1191 illa
3253 1137 3479 1192 credere
3497 1137 3680 1192 licuis-

2074 1223 2201 1277 set?
2228 1224 2357 1277 Haec
2405 1225 2556 1278 enim
2587 1225 2776 1278 omnia
2812 1231 3006 1279 contra
3049 1242 3205 1296 spem
3250 1227 3509 1281 videntur
3535 1243 3675 1291 esse,

2075 1317 2348 1381 quantum
2387 1329 2452 1366 ex
2482 1311 2641 1365 nobis
2670 1319 2786 1377 est;
2816 1312 2913 1366 sed
2950 1319 3226 1384 quantum
3261 1314 3331 1368 ad
3372 1314 3681 1385 potentiam

2075 1398 2194 1461 Dei,
2212 1399 2352 1453 bene
2382 1400 2441 1453 in
2470 1417 2627 1470 spem
2655 1400 2979 1465 creduntur,
3000 1406 3067 1454 ut
3087 1401 3187 1454 ﬁlii
3215 1402 3391 1455 simus
3416 1401 3676 1458 Abrahae.

2073 1488 2207 1541 Jure
2246 1488 2419 1558 igitur
2447 1488 2505 1541 in
2532 1489 2655 1557 ejus
2695 1489 2948 1559 exemplo
2977 1489 3115 1542 talia
3154 1476 3445 1560 Speremus
3481 1509 3494 1557 ;
3537 1508 3677 1562 quo-

2076 1576 2231 1630 nium
2284 1593 2629 1647 quaecunque
2691 1577 2951 1647 promisit
3003 1578 3172 1641 Deus,
3232 1583 3432 1647 potens
3491 1585 3579 1633 est
3626 1587 3684 1634 et

393 1653 546 1707 enim
573 1669 700 1724 ερθε
729 1668 860 1706 Vera
894 1652 1021 1717 fuit.
1053 1653 1188 1724 quid
1211 1660 1408 1708 contra
1436 1655 1724 1711 veritatem
1755 1656 1875 1727 spei
1903 1642 2054 1709 ve-B
2076 1665 2259 1718 facere
2279 1663 2319 1731 ῖς
2364 1664 2409 1718 si
2444 1672 2632 1718 tamen
2680 1664 2839 1718 nobis
2889 1664 2983 1734 qui
3028 1664 3407 1719 credidimusi
3456 1673 3683 1720 maneat

393 1742 517 1795 nire
546 1742 764 1813 potuit?
790 1741 905 1795 imo
934 1758 1063 1795 cum
1092 1741 1421 1813 desperasse
1452 1744 1511 1797 in
1551 1745 1756 1799 Genesi
1780 1745 1850 1799 de
1878 1745 1993 1799 ﬁlio

394 1832 642 1901 legatur,
670 1829 779 1885 nisi
816 1829 959 1884 forte
987 1830 1266 1901 apostolid
1289 1832 1393 1886 iste
1422 1832 1496 1886 sit
1524 1850 1741 1900 sensus,
1768 1834 1994 1905 quando

394 1926 594 1975 contra
632 1935 809 1990 spem,
841 1935 1010 1990 quam
1039 1931 1064 1961 ο
1110 1920 1287 1990 gessit
1313 1921 1382 1975 de
1425 1938 1604 1985 servo,
1637 1922 1786 1992 quod
1817 1923 1995 1977 haeres

392 2009 570 2082 ipsius
617 2014 784 2078 esset,
813 2009 1052 2064 credidit
1092 2015 1309 2064 mutato
1350 2011 1546 2065 ordine
1583 2012 1641 2065 in
1680 2029 1837 2083 spem
1867 2029 1992 2083 pro-

395 2103 695 2158 missorum
726 2104 831 2158 Dei
876 2103 1120 2174 amplius
1161 2108 1219 2157 et
1266 2104 1585 2175 perfectius,
1617 2105 1765 2176 quod
1815 2105 1884 2159 de
1929 2122 1989 2159 se

395 2192 739 2257 centenario,
770 2198 827 2247 et
870 2209 1042 2247 uxore
1085 2192 1262 2246 sterili
1310 2197 1479 2264 atque
1524 2210 1636 2248 anu
1680 2193 1857 2249 ﬁlium
1886 2193 1989 2248 sibi

394 2282 677 2337 heredem
698 2282 1007 2353 susciperet
1031 2300 1042 2335 :
1067 2282 1151 2336 vel
1178 2287 1327 2336 certe
1348 2282 1481 2353 quia
1501 2283 1686 2354 ipsum
1706 2284 1991 2338 eumdem-

398 2387 506 2441 que
525 2371 702 2425 ﬁlium
720 2386 818 2441 pro
836 2375 988 2424 certo
1006 2369 1249 2424 hostiam
1269 2376 1327 2424 et
1347 2371 1731 2425 holocaustum
1743 2372 1861 2426 fore
1876 2388 1991 2426 cre-

396 2461 556 2523 dens,
590 2459 649 2513 in
677 2460 941 2514 mandato
968 2460 1068 2514 Dei
1099 2461 1361 2531 speravit,
1393 2460 1529 2514 nihil
1557 2461 1822 2516 hmsitans
1847 2461 1993 2515 ditii-

397 2549 714 2615 dentia,sed
736 2554 887 2603 totus
906 2549 1184 2620 pendebat
1210 2550 1267 2604 in
1282 2551 1398 2604 Deo
1428 2550 1556 2615 ﬁde,
1574 2556 1744 2621 atque
1765 2567 1862 2621 spe
1883 2567 1994 2604 non

393 2638 568 2693 dubia
593 2637 965 2709 quodcunque
981 2638 1215 2709 jubebat
1254 2639 1347 2710 pio
1373 2656 1438 2693 ac
1464 2640 1663 2693 devoto
1694 2639 1904 2705 animo,
1931 2646 1997 2694 ut

393 2730 575 2781 ﬁeret.
601 2725 874 2797 Sperabat
894 2727 1043 2780 enim
1062 2744 1190 2782 eum
1214 2728 1414 2782 melius
1433 2728 1710 2783 victurum
1730 2745 1858 2783 cum
1881 2728 1996 2783 Deo

395 2822 462 2870 ut
489 2821 656 2881 esset,
685 2832 853 2886 quam
884 2816 930 2869 si
960 2816 1110 2870 hunc
1130 2816 1250 2871 sine
1276 2818 1390 2871 Deo
1425 2818 1569 2872 male
1597 2822 1867 2883 servaret,
1902 2816 1999 2889 qui

390 2904 631 2958 dederat
666 2904 861 2975 utique
904 2921 1031 2959 cum
1060 2920 1172 2958 non
1203 2910 1368 2960 esset.
1403 2907 1615 2960 Contra
1656 2922 1825 2978 quam
1866 2921 2001 2959 sane

2078 1752 2215 1806 ﬁdes
2245 1769 2393 1820 vera,
2424 1759 2482 1807 et
2508 1770 2634 1824 spes
2673 1760 2841 1823 atque
2870 1753 3115 1806 Charitas
3147 1752 3381 1806 illibata.
3427 1753 3586 1808 Unde
3616 1753 3685 1807 de

2076 1840 2359 1895 Abraham
2423 1841 2646 1906 dicitur,
2706 1841 2854 1912 quod
2917 1858 3027 1894 non
3085 1844 3411 1907 inﬁrmatus
3448 1847 3525 1895 est
3580 1844 3685 1910 ﬁde

2079 1930 2255 2000 (Rom.
2285 1945 2360 1993 Iv,
2399 1929 2497 1995 l9).
2544 1930 2619 1983 Ex
2651 1946 2763 2001 quo
2793 1929 3006 1999 liquido
3058 1929 3498 1995 demonstratur,
3533 1931 3682 2000 quod

2076 2019 2150 2072 sit
2181 2018 2372 2089 aliqua
2395 2021 2421 2062 ιι
2448 2019 2578 2072 ﬁdei
2618 2018 2936 2080 inﬁrmitas,
2980 2017 3124 2071 sicut
3168 2023 3225 2071 et
3268 2018 3520 2071 sanitas:
3556 2018 3685 2072 hinc

2072 2124 2295 2179 quoque
2348 2108 2649 2178 Apostolus
2696 2113 2892 2161 monet
2927 2123 2942 2157 :
2982 2108 3221 2174 Increpa
3252 2108 3400 2172 illos,
3451 2112 3512 2160 ut
3556 2110 3686 2161 sani

2070 2200 2185 2252 sint
2216 2200 2277 2249 in
2306 2198 2409 2264 ﬁde
2465 2198 2589 2257 (Tit.
2637 2211 2676 2261 1,
2742 2195 2844 2261 13,.
2897 2196 3106 2249 Beatus
3166 2211 3302 2265 ergo
3356 2195 3516 2265 cujus
3572 2211 3686 2250 non

2071 2285 2391 2339 inﬁrmatur
2410 2285 2566 2350 ﬁdes,
2597 2290 2653 2338 et
2680 2301 2808 2355 spes
2837 2290 2990 2338 certa
3013 2292 3209 2337 contra
3237 2301 3399 2354 spem
3428 2284 3485 2338 in
3527 2301 3687 2356 spem

2078 2372 2221 2437 vitae,
2256 2373 2364 2426 ﬁde
2420 2372 2669 2443 quotidie
2722 2371 2943 2425 virescit
2986 2378 3041 2425 et
3075 2372 3388 2427 fructiﬁcat.
3425 2372 3530 2426 Sed
3578 2372 3692 2426 alia

2077 2467 2162 2516 est
2209 2462 2319 2523 illa,
2355 2478 2477 2532 quae
2517 2461 2586 2514 de
2628 2461 2746 2515 solo
2775 2466 2832 2514 et
2871 2461 2929 2514 in
2978 2461 3101 2514 solo
3148 2462 3263 2515 Deo
3310 2461 3588 2528 innititur,
3633 2467 3692 2515 et

2076 2550 2200 2621 ipsa
2242 2557 2327 2603 est
2375 2549 2820 2604 Christianorum
2870 2566 3196 2621 processus;
3227 2550 3339 2603 alia
3384 2567 3534 2614 vero,
3567 2566 3689 2621 quae

2077 2638 2247 2692 variis
2277 2645 2335 2692 et
2364 2638 2613 2699 incertis,
2657 2638 2787 2692 licet
2832 2638 3056 2708 aptatis,
3090 2636 3450 2708 negotiorum
3500 2637 3689 2709 impli-

2078 2734 2241 2782 catur
2267 2727 2624 2781 suasionibus
2659 2746 2671 2788 ;
2705 2727 2773 2781 de
2821 2743 2931 2797 qua
2985 2743 3120 2781 sane
3168 2728 3385 2780 Seneca
3438 2726 3687 2797 philoso-

2082 2817 2226 2887 phus
2252 2833 2352 2870 suo
2381 2815 2593 2870 Lucilio
2629 2833 2639 2868 :
2673 2816 2822 2884 Spes,
2854 2815 2954 2882 ait,
2986 2817 3188 2870 incerti
3213 2818 3344 2870 boni
3365 2832 3561 2869 nomen
3590 2821 3686 2870 est.

2084 2905 2150 2958 Et
2181 2904 2367 2970 miser,
2403 2903 2495 2975 qui
2526 2904 2626 2957 tali
2657 2920 2784 2958 eum
2806 2902 3200 2957 committebat
3233 2902 3370 2973 spei,
3404 2919 3570 2974 quem
3600 2919 3691 2956 cu-

397 3010 559 3064 spem
594 3010 822 3048 securus
856 2994 914 3047 in
953 3011 1109 3065 spem
1138 2994 1419 3059 credebat,
1454 3000 1518 3048 ut
1546 2993 1842 3048 audierat:
1876 2992 2247 3054 NonCrabat
2273 3009 2534 3046 revocare
2581 3009 2614 3046 a
2644 2992 2865 3046 saeculo.
2905 2991 3080 3045 Porro
3108 2990 3558 3045 Christianorum
3595 2990 3692 3044 illa

401 3085 557 3137 enim
576 3086 683 3137 erit
708 3084 798 3138 hic
830 3084 997 3137 haeres
1027 3088 1191 3136 tuus:
1239 3084 1332 3137 sed
1357 3086 1457 3151 qui
1484 3086 1677 3137 exierit
1707 3085 1771 3137 de
1800 3084 2003 3137 lumbis

406 3173 546 3235 tuis,
566 3173 674 3240 ipse
703 3174 810 3225 erit
837 3173 1002 3224 Intres
1029 3176 1175 3225 tuus.
1209 3172 1278 3225 Et
1304 3172 1445 3227 illud
1478 3189 1489 3224 :
1538 3171 1759 3242 Suspice
1788 3176 1999 3237 coetum,

405 3265 456 3313 et
471 3276 738 3314 enumera
766 3263 969 3323 stellas,
998 3262 1049 3312 si
1075 3264 1237 3328 potes.
1275 3259 1482 3314 Deinde
1511 3260 1697 3332 inquit
1728 3280 1738 3314 :
1786 3259 1877 3315 Sic
1900 3266 2006 3313 erit

403 3365 590 3403 semen
618 3354 777 3402 tuum
808 3348 957 3415 (Gen.
981 3365 1034 3410 v,
1057 3348 1129 3414 4).
1154 3349 1269 3402 Nec
1296 3349 1550 3415 dubium,
1582 3350 1641 3403 in
1668 3347 1689 3390 ΐ
1711 3350 1853 3403 hanc
1879 3366 2008 3403 eum

406 3454 569 3507 spem
598 3436 899 3491 credidisse
936 3442 1131 3491 contra
1176 3437 1432 3491 eamdem
1462 3455 1638 3508 spem,
1672 3454 1783 3508 qua
1826 3438 2003 3491 ﬁlium

405 3526 696 3582 olIerendo
714 3525 956 3580 hostiam
977 3534 1035 3580 et
1046 3526 1431 3580 holocaustum
1454 3527 1572 3581 fore
1585 3527 1699 3580 Deo
1722 3525 2001 3597 sperabat.

407 3615 689 3670 Credebat
712 3614 861 3669 enim
892 3632 957 3668 ex
1006 3620 1126 3669 toto
1158 3616 1284 3668 hinc
1312 3615 1462 3681 inde,
1515 3614 1786 3686 quidquid
1824 3613 1894 3668 ab
1940 3630 2005 3668 eo

405 3704 647 3760 audiens
686 3704 918 3758 devotus
948 3703 1179 3774 implere
1220 3703 1470 3769 curabat,
1503 3704 1643 3757 nihil
1672 3708 2001 3769 retractans,

407 3794 665 3864 nihilque
696 3793 974 3856 dubitans,
1008 3792 1147 3845 nihil
1180 3793 1596 3863 reprehendens
1632 3793 1692 3845 in
1716 3792 1812 3846 illo
1842 3810 1855 3858 ;
1902 3808 2005 3846 nec

409 3882 748 3938 discutiebat
776 3881 923 3952 quod
953 3881 1227 3947 audierat,
1257 3883 1346 3935 hic
1374 3883 1539 3935 haeres
1585 3888 1711 3936 tuus
1740 3886 1866 3947 erit,
1911 3897 2014 3935 nec

411 3970 803 4042 interrogabat
844 3987 946 4025 cur
975 3982 1000 4023 ε
1039 3987 1168 4025 eum
1224 3970 1500 4041 perimere
1540 3970 1786 4041 juberet,
1846 3987 2012 4041 quem

409 4078 582 4117 senex
612 4061 890 4115 hieredem
932 4066 1271 4130 susceperat.
1314 4059 1399 4114 Illi
1449 4058 1677 4130 quidem
1727 4064 1881 4113 totus
1910 4058 2014 4112 ad-

412 4157 557 4212 erat,
589 4148 669 4202 illi
697 4148 932 4214 vivebat,
961 4148 1043 4201 illi
1072 4165 1132 4201 se
1159 4153 1341 4202 totum
1363 4147 1472 4201 ﬁde
1502 4147 1560 4201 in
1590 4146 1849 4201 omnibus
1869 4163 2015 4200 com-

413 4238 697 4305 mittebat,
746 4237 883 4291 nihil
927 4237 1159 4291 eredens
1204 4237 1274 4290 de
1328 4236 1423 4290 illo
1454 4235 1563 4289 nisi
1607 4252 1843 4303 verum;
1876 4235 2017 4289 nihil

414 4344 650 4400 sperans
692 4326 761 4381 ab
788 4327 901 4391 illo,
935 4326 1041 4380 nisi
1066 4327 1312 4380 salutare
1341 4324 1447 4379 sibi
1479 4330 1536 4379 et
1564 4325 1896 4395 proﬁcuum.
1949 4325 2018 4377 Et

414 4420 538 4473 haec
557 4422 644 4471 est
692 4415 1003 4470 indiscussa
1032 4415 1168 4469 ﬁdes
1213 4415 1282 4468 de
1312 4415 1446 4480 Deo,
1490 4418 1550 4467 et
1597 4430 1725 4484 spes
1774 4419 1930 4467 certa
1960 4413 2020 4466 in

417 4508 622 4574 Deum,
655 4522 826 4576 quam
874 4522 1069 4559 omnes
1123 4504 1223 4557 ﬁlii
1252 4503 1458 4557 debent
1485 4501 1697 4556 imitari
1745 4501 1970 4573 penitus
2005 4519 2016 4553 :

421 4599 548 4654 Non
576 4603 730 4653 enim
754 4600 854 4667 qui
873 4614 936 4650 ea:
963 4611 1130 4650 carne
1159 4599 1312 4661 sunt,
1343 4595 1435 4647 sed
1454 4596 1554 4662 qui
1580 4610 1645 4647 es:
1671 4594 1793 4661 ﬁde,
1826 4594 1886 4647 hi
1913 4595 2025 4661 ﬁlii

418 4694 556 4742 sunt
575 4688 804 4742 Abralw
821 4687 967 4756 (Gal.
991 4699 1073 4750 in,
1100 4684 1173 4752 7).

493 4776 547 4835 2.
582 4777 761 4841 Quam
786 4792 919 4829 sane
950 4774 1118 4828 ﬁdem
1143 4779 1200 4827 et
1222 4789 1380 4843 spem
1427 4771 1813 4826 inconcussam
1844 4768 2026 4823 invio-

421 4872 710 4937 latamque
735 4863 941 4919 debent
968 4879 1191 4917 servare
1220 4862 1339 4926 ﬁlii,
1370 4848 1714 4915 utbazredes
1743 4859 2018 4914 existant:

423 4955 679 5027 alioquin
702 4952 981 5025 quomodo
997 4968 1120 5022 quae
1139 4967 1252 5004 non
1274 4949 1533 5003 videntur
1551 4948 1774 5018 assequi
1796 4964 2027 5018 capaces

425 5050 634 5101 erunt?
659 5044 786 5098 Jam
807 5041 956 5097 enim
980 5039 1119 5094 salvi
1137 5037 1268 5092 facti
1294 5053 1513 5104 sumus,
1547 5035 1712 5091 sicuti
1743 5041 1800 5090 et
1825 5036 1895 5090 de
1918 5037 2028 5090 ﬁde

499 5166 521 5192 ⁸
552 5151 719 5216 Editi,
751 5148 1038 5221 sperando,

500 5225 527 5265 δ
559 5220 783 5289 Editi,et
813 5220 1034 5290 ubique.

501 5307 518 5329 ⁶
548 5294 739 5361 Editi.,
770 5294 912 5363 quod
936 5294 986 5344 si
1006 5293 1337 5345 alternatim
1361 5292 1647 5344 maneant.

502 5370 527 5411 «1
558 5366 728 5429 Edit.,
751 5367 1007 5434 apostolo.

503 5451 527 5502 9
553 5439 617 5491 In
646 5433 804 5501 edit.,
830 5433 1182 5489 desideratur
1198 5448 1388 5502 quam.

503 5493 521 5533 ¹
546 5509 613 5566 In
641 5493 806 5564 editis
836 5506 994 5563 deest
1021 5507 1110 5561 in.
1176 5587 1185 5601 l

2086 3087 2259 3147 certa,
2286 3088 2343 3134 et
2369 3096 2564 3134 secura
2596 3079 2913 3133 substantia
2951 3084 3056 3144 est,
3090 3095 3213 3149 quze
3242 3095 3353 3133 non
3383 3079 3544 3144 fallit,
3588 3096 3691 3133 nec

2088 3169 2321 3227 fallitur.
2351 3170 2509 3224 Unde
2530 3169 2830 3240 Apostolus
2864 3186 2875 3221 :
2912 3166 3058 3237 Spes,
3092 3167 3295 3238 inquit,
3322 3184 3433 3222 non
3461 3170 3693 3235 con/un-

2088 3261 2247 3312 ditur
2288 3260 2455 3321 (Rom.
2491 3275 2541 3322 v,
2575 3259 2641 3327 5).
2676 3259 2744 3312 Et
2777 3273 2921 3322 mox,
2950 3274 3122 3328 quare
3150 3256 3279 3311 ullis
3317 3273 3429 3311 non
3460 3257 3693 3312 confun-

2089 3331 2258 3401 datur
2286 3346 2587 3411 erroribus,
2622 3346 2808 3401 reddit
2838 3362 3065 3398 causam
3097 3364 3109 3398 :
3143 3346 3419 3412 Quoniam
3449 3347 3695 3399 charitas

2089 3435 2185 3487 Dei
2211 3436 2415 3501 di/I'usa
2430 3441 2502 3487 est
2533 3438 2596 3487 in
2625 3435 2879 3487 cordibus
2908 3438 3109 3486 nostris
3135 3450 3235 3502 per
3263 3436 3544 3502 Spiritum
3567 3449 3695 3487 san-

2088 3529 2258 3589 ctum,
2293 3525 2392 3591 qui
2435 3524 2597 3576 datus
2642 3527 2717 3575 est
2765 3523 2939 3575 nobis.
2987 3522 3116 3575 Hice
3161 3521 3337 3591 igitur
3365 3522 3554 3575 omnia
3596 3537 3696 3591 per

2090 3611 2376 3666 Christum
2405 3611 2538 3664 data
2576 3616 2708 3664 sunt
2752 3610 2894 3664 veris
2943 3615 3001 3663 et
3045 3609 3324 3678 religiosis
3363 3609 3691 3662 cultoribus.

2088 3701 2392 3771 Propterea
2406 3701 2567 3770 juxta
2588 3700 2751 3763 hunc,
2778 3715 2943 3770 quem
2966 3714 3231 3768 magnum
3248 3698 3341 3752 illo
3363 3698 3422 3750 in
3439 3703 3693 3768 tempore

2095 3789 2388 3860 putabant,
2424 3805 2535 3842 non
2567 3788 2648 3841 eis
2676 3804 2801 3858 spes
2831 3787 3031 3841 incerti
3061 3785 3188 3840 boni
3211 3803 3417 3840 nomen
3442 3792 3563 3851 est;
3597 3785 3697 3839 sed

2095 3878 2300 3932 certior
2331 3878 2480 3931 ultra
2509 3894 2677 3947 quam
2710 3875 2817 3930 dici
2847 3882 3033 3946 queat.
3069 3874 3289 3929 Veritas
3330 3879 3415 3928 est
3452 3874 3599 3928 enim
3641 3880 3699 3928 et

2096 3969 2469 4039 omnipotens,
2504 3968 2598 4038 qui
2628 3966 2788 4020 nobis
2815 3965 2953 4019 talia
2972 3964 3306 4036 spopondit;
3335 3964 3539 4017 idcirco
3556 3963 3699 4018 nihil

2096 4058 2165 4112 de
2190 4058 2287 4111 illa
2312 4056 2588 4110 incertum
2617 4061 2809 4109 nostra
2828 4072 2927 4125 spe
2959 4053 3250 4119 remansit,
3279 4053 3419 4107 nihil
3444 4052 3697 4106 dubieta-

2095 4148 2189 4211 tis,
2224 4146 2330 4199 nisi
2362 4145 2509 4217 quod
2556 4144 2821 4199 certiores
2865 4143 2935 4197 de
2962 4143 3077 4210 illo,
3113 4159 3283 4213 quam
3313 4143 3381 4196 de
3408 4141 3566 4195 nobis
3603 4158 3700 4196 su-

2037 4252 2225 4323 Dmus
2250 4253 2263 4302 ;
2289 4234 2358 4288 de
2388 4234 2547 4288 nobis
2578 4233 2804 4323 quidem
2822 4231 3050 4323 inﬁrmi,
3078 4231 3175 4285 sed
3198 4231 3275 4323 de;
3298 4231 3393 4285 illo
3423 4231 3592 4323 fortes
3613 4247 3701 4285 su-

2100 4341 2258 4391 mus;
2295 4341 2360 4378 ex
2402 4340 2512 4393 qua
2541 4323 2710 4377 etiam
2744 4321 3073 4375 inﬁrmitate
3102 4337 3201 4390 per
3229 4321 3351 4390 ejus
3395 4318 3704 4373 misericor.

2103 4414 2255 4468 diam
2301 4412 2635 4477 relevamur,
2669 4417 2735 4466 ut
2779 4411 3014 4465 ﬁdentes
3044 4416 3101 4463 et
3132 4414 3421 4479 sperantes
3456 4407 3526 4461 ad
3571 4424 3702 4461 eum

2105 4519 2405 4575 pergamus
2428 4520 2440 4569 ;
2475 4507 2532 4555 et
2550 4502 2764 4565 ideo,ut
2785 4500 2997 4554 dictum
3019 4504 3123 4563 est,
3142 4497 3282 4550 nihil
3312 4496 3519 4551 certius
3534 4512 3705 4566 quam

2105 4608 2261 4661 spem
2293 4596 2543 4644 nostram
2572 4589 2858 4659 gerimus-
2907 4586 3040 4658 quia
3075 4585 3322 4657 profecto
3353 4601 3465 4639 non
3503 4585 3559 4638 in
3594 4585 3705 4640 alio

2107 4681 2314 4751 aliquo,
2346 4680 2443 4732 sed
2473 4679 2528 4732 in
2561 4678 2678 4732 solo
2701 4676 3083 4744 omnipotente
3102 4675 3232 4737 Deo,
3252 4673 3346 4745 qui
3373 4691 3486 4728 non
3507 4675 3709 4729 menti-

2106 4775 2221 4830 tur,
2254 4767 2527 4822 incumbit
2546 4773 2603 4820 et
2637 4764 2954 4836 requiescit.
2990 4764 3135 4833 Ergo
3167 4763 3325 4823 ﬁdes,
3350 4763 3483 4835 quia
3511 4781 3577 4818 ex
3604 4764 3707 4819 ho-

2107 4858 2258 4912 mine
2285 4874 2385 4928 per
2413 4855 2621 4910 Christi
2645 4853 2887 4924 gratiam
2918 4858 3203 4924 operatur,
3242 4869 3411 4924 quam
3439 4871 3584 4926 saepe
3626 4854 3709 4909 in-

2111 4948 2378 5003 ﬁrmitate
2408 4947 2661 4999 humana
2687 4942 3015 5015 prolabitur.
3051 4943 3190 5013 Spes
3223 4960 3287 4997 eo
3318 4944 3464 5014 quod
3488 4950 3608 4998 tota
3648 4944 3707 4997 in

2112 5038 2230 5092 solo
2256 5037 2390 5103 Deo,
2432 5040 2489 5088 et
2532 5050 2599 5088 ex
2646 5034 2761 5088 Deo
2790 5038 2894 5101 est,
2940 5048 3231 5103 nunquam
3276 5030 3582 5086 minuitur:
3610 5031 3709 5086 illa

2184 5154 2213 5196 ε
2242 5140 2412 5201 Edit.,
2445 5156 2570 5193 cum
2599 5156 2725 5193 eum
2754 5141 3022 5207 perimere
3043 5138 3277 5207 juberet.

2186 5213 2214 5254 δ
2244 5212 2414 5278 Edit.,
2446 5214 2607 5278 regni
2625 5213 2866 5265 celestis.

2184 5284 2198 5324 ί
2229 5284 2395 5347 Edit.,
2427 5287 2475 5336 et
2512 5298 2747 5336 servare.

2182 5355 2204 5409 ,ἱ
2235 5353 2404 5421 Edit.,
2444 5354 2738 5407 credimus.

2186 5424 2214 5466 ι
2242 5425 2410 5494 Edit.,
2441 5426 2768 5493 aliquando.
