  <div class='ocr_page' id='page_1' title='image "/cluster/home/n/w/nwhite01/storage/ocr_20150623/120/hvd.32044054759824/727.png"; bbox 0 0 3992 6166; ppageno 0'>
   <div class='ocr_carea' id='block_1_1' title="bbox 435 118 574 185">
    <p class='ocr_par' dir='ltr' id='par_1_1' title="bbox 435 118 574 185">
     <span class='ocr_line' id='line_1_1' title="bbox 435 118 574 185; baseline 0 0"><span class='ocrx_word' id='word_1_1' title='bbox 435 118 574 185; x_wconf 69' lang='grc'>1443</span> 
     </span>
    </p>
   </div>
   <div class='ocr_carea' id='block_1_2' title="bbox 1196 112 2949 185">
    <p class='ocr_par' dir='ltr' id='par_1_2' title="bbox 1196 112 2949 185">
     <span class='ocr_line' id='line_1_2' title="bbox 1196 112 2949 185; baseline -0.005 -10"><span class='ocrx_word' id='word_1_2' title='bbox 1196 121 1260 175; x_wconf 91' lang='lat' dir='ltr'>S.</span> <span class='ocrx_word' id='word_1_3' title='bbox 1296 119 1677 176; x_wconf 84' lang='lat' dir='ltr'>PASCHASII</span> <span class='ocrx_word' id='word_1_4' title='bbox 1714 116 2076 185; x_wconf 83' lang='lat' dir='ltr'>RADBERTI</span> <span class='ocrx_word' id='word_1_5' title='bbox 2114 115 2418 173; x_wconf 81' lang='lat' dir='ltr'>ABBATIS</span> <span class='ocrx_word' id='word_1_6' title='bbox 2454 112 2949 171; x_wconf 87' lang='lat' dir='ltr'>CORBEIENSIS.</span> 
     </span>
    </p>
   </div>
   <div class='ocr_carea' id='block_1_3' title="bbox 3561 114 3693 173">
    <p class='ocr_par' dir='ltr' id='par_1_3' title="bbox 3561 114 3693 173">
     <span class='ocr_line' id='line_1_3' title="bbox 3561 114 3693 173; baseline 0.015 -1"><span class='ocrx_word' id='word_1_7' title='bbox 3561 114 3693 173; x_wconf 64' lang='grc'>1444</span> 
     </span>
    </p>
   </div>
   <div class='ocr_carea' id='block_1_4' title="bbox 425 237 3695 315">
    <p class='ocr_par' dir='ltr' id='par_1_4' title="bbox 425 237 3695 315">
     <span class='ocr_line' id='line_1_4' title="bbox 425 237 3695 315; baseline 0 -21"><span class='ocrx_word' id='word_1_8' title='bbox 425 240 703 312; x_wconf 80' lang='lat' dir='ltr'>siquidem</span> <span class='ocrx_word' id='word_1_9' title='bbox 732 241 988 312; x_wconf 78' lang='lat' dir='ltr'>geminas</span> <span class='ocrx_word' id='word_1_10' title='bbox 1013 242 1132 314; x_wconf 88' lang='lat' dir='ltr'>agit</span> <span class='ocrx_word' id='word_1_11' title='bbox 1157 247 1373 315; x_wconf 87' lang='lat' dir='ltr'>partes;</span> <span class='ocrx_word' id='word_1_12' title='bbox 1395 258 1522 312; x_wconf 87' lang='lat' dir='ltr'>spes</span> <span class='ocrx_word' id='word_1_13' title='bbox 1548 257 1678 295; x_wconf 90' lang='lat' dir='ltr'>vero</span> <span class='ocrx_word' id='word_1_14' title='bbox 1694 241 1918 295; x_wconf 88' lang='lat' dir='ltr'>nonnisi</span> <span class='ocrx_word' id='word_1_15' title='bbox 1944 242 2013 295; x_wconf 91' lang='lat' dir='ltr'>de</span> <span class='ocrx_word' id='word_1_16' title='bbox 2029 237 2207 306; x_wconf 77' lang='lat' dir='ltr'>A31).</span> <span class='ocrx_word' id='word_1_17' title='bbox 2232 238 2475 294; x_wconf 88' lang='lat' dir='ltr'>Current</span> <span class='ocrx_word' id='word_1_18' title='bbox 2501 241 2691 292; x_wconf 89' lang='lat' dir='ltr'>autem</span> <span class='ocrx_word' id='word_1_19' title='bbox 2713 237 2968 308; x_wconf 89' lang='lat' dir='ltr'>pedibus,</span> <span class='ocrx_word' id='word_1_20' title='bbox 2992 253 3059 292; x_wconf 90' lang='lat' dir='ltr'>eo</span> <span class='ocrx_word' id='word_1_21' title='bbox 3088 238 3237 309; x_wconf 89' lang='lat' dir='ltr'>quod</span> <span class='ocrx_word' id='word_1_22' title='bbox 3264 239 3337 294; x_wconf 91' lang='lat' dir='ltr'>sit</span> <span class='ocrx_word' id='word_1_23' title='bbox 3361 239 3441 294; x_wconf 89' lang='lat' dir='ltr'>eis</span> <span class='ocrx_word' id='word_1_24' title='bbox 3471 257 3571 311; x_wconf 88' lang='lat' dir='ltr'>pes</span> <span class='ocrx_word' id='word_1_25' title='bbox 3600 257 3695 312; x_wconf 91' lang='lat' dir='ltr'>po—</span> 
     </span>
    </p>
   </div>
   <div class='ocr_carea' id='block_1_5' title="bbox 427 330 2020 402">
    <p class='ocr_par' dir='ltr' id='par_1_5' title="bbox 427 330 2020 402">
     <span class='ocr_line' id='line_1_5' title="bbox 427 330 2020 402; baseline -0.002 -15"><span class='ocrx_word' id='word_1_26' title='bbox 427 330 545 387; x_wconf 83' lang='lat' dir='ltr'>solo</span> <span class='ocrx_word' id='word_1_27' title='bbox 566 331 680 385; x_wconf 94' lang='lat' dir='ltr'>Deo</span> <span class='ocrx_word' id='word_1_28' title='bbox 706 332 1010 401; x_wconf 77' lang='lat' dir='ltr'>praesumit.</span> <span class='ocrx_word' id='word_1_29' title='bbox 1045 333 1133 386; x_wconf 91' lang='lat' dir='ltr'>cui</span> <span class='ocrx_word' id='word_1_30' title='bbox 1164 349 1315 402; x_wconf 85' lang='lat' dir='ltr'>ergo,</span> <span class='ocrx_word' id='word_1_31' title='bbox 1335 344 1356 369; x_wconf 79' lang='grc' dir='ltr'>ι</span> <span class='ocrx_word' id='word_1_32' title='bbox 1387 330 1569 401; x_wconf 81' lang='lat' dir='ltr'>inquit</span> <span class='ocrx_word' id='word_1_33' title='bbox 1600 330 1869 384; x_wconf 87' lang='lat' dir='ltr'>Dominus</span> <span class='ocrx_word' id='word_1_34' title='bbox 1895 348 2020 400; x_wconf 85' lang='lat' dir='ltr'>pro-</span> 
     </span>
    </p>
   </div>
   <div class='ocr_carea' id='block_1_6' title="bbox 424 420 2019 490">
    <p class='ocr_par' dir='ltr' id='par_1_6' title="bbox 424 420 2019 490">
     <span class='ocr_line' id='line_1_6' title="bbox 424 420 2019 490; baseline 0.001 -19"><span class='ocrx_word' id='word_1_35' title='bbox 424 421 592 473; x_wconf 83' lang='lat' dir='ltr'>missa</span> <span class='ocrx_word' id='word_1_36' title='bbox 613 436 723 474; x_wconf 87' lang='lat' dir='ltr'>non</span> <span class='ocrx_word' id='word_1_37' title='bbox 754 426 923 484; x_wconf 88' lang='lat' dir='ltr'>muto,</span> <span class='ocrx_word' id='word_1_38' title='bbox 949 421 1153 474; x_wconf 90' lang='lat' dir='ltr'>idcirco</span> <span class='ocrx_word' id='word_1_39' title='bbox 1185 420 1336 490; x_wconf 91' lang='lat' dir='ltr'>prior</span> <span class='ocrx_word' id='word_1_40' title='bbox 1362 427 1629 489; x_wconf 81' lang='lat' dir='ltr'>utrasque</span> <span class='ocrx_word' id='word_1_41' title='bbox 1662 420 1894 490; x_wconf 86' lang='lat' dir='ltr'>impleat</span> <span class='ocrx_word' id='word_1_42' title='bbox 1924 420 2019 474; x_wconf 89' lang='lat' dir='ltr'>illa</span> 
     </span>
    </p>
   </div>
   <div class='ocr_carea' id='block_1_7' title="bbox 418 507 2014 580">
    <p class='ocr_par' dir='ltr' id='par_1_7' title="bbox 418 507 2014 580">
     <span class='ocr_line' id='line_1_7' title="bbox 418 507 2014 580; baseline 0.001 -19"><span class='ocrx_word' id='word_1_43' title='bbox 418 514 625 580; x_wconf 90' lang='lat' dir='ltr'>partes,</span> <span class='ocrx_word' id='word_1_44' title='bbox 654 515 719 562; x_wconf 92' lang='lat' dir='ltr'>ut</span> <span class='ocrx_word' id='word_1_45' title='bbox 759 526 825 563; x_wconf 87' lang='lat' dir='ltr'>ex</span> <span class='ocrx_word' id='word_1_46' title='bbox 858 510 972 563; x_wconf 94' lang='lat' dir='ltr'>Deo</span> <span class='ocrx_word' id='word_1_47' title='bbox 1018 509 1387 580; x_wconf 86' lang='lat' dir='ltr'>quodcunque</span> <span class='ocrx_word' id='word_1_48' title='bbox 1416 507 1679 561; x_wconf 86' lang='lat' dir='ltr'>credibile</span> <span class='ocrx_word' id='word_1_49' title='bbox 1711 516 1861 562; x_wconf 87' lang='lat' dir='ltr'>recte</span> <span class='ocrx_word' id='word_1_50' title='bbox 1885 526 2014 563; x_wconf 90' lang='lat' dir='ltr'>sen-</span> 
     </span>
    </p>
   </div>
   <div class='ocr_carea' id='block_1_8' title="bbox 422 596 2014 669">
    <p class='ocr_par' dir='ltr' id='par_1_8' title="bbox 422 596 2014 669">
     <span class='ocr_line' id='line_1_8' title="bbox 422 596 2014 669; baseline 0.002 -20"><span class='ocrx_word' id='word_1_51' title='bbox 422 596 545 662; x_wconf 89' lang='lat' dir='ltr'>tiat,</span> <span class='ocrx_word' id='word_1_52' title='bbox 579 603 635 651; x_wconf 86' lang='lat' dir='ltr'>et</span> <span class='ocrx_word' id='word_1_53' title='bbox 662 598 810 669; x_wconf 91' lang='lat' dir='ltr'>quod</span> <span class='ocrx_word' id='word_1_54' title='bbox 830 598 899 652; x_wconf 91' lang='lat' dir='ltr'>de</span> <span class='ocrx_word' id='word_1_55' title='bbox 928 615 987 652; x_wconf 90' lang='lat' dir='ltr'>se</span> <span class='ocrx_word' id='word_1_56' title='bbox 1019 597 1289 668; x_wconf 81' lang='lat' dir='ltr'>promisit,</span> <span class='ocrx_word' id='word_1_57' title='bbox 1325 596 1678 668; x_wconf 74' lang='lat' dir='ltr'>expungatb;</span> <span class='ocrx_word' id='word_1_58' title='bbox 1709 614 1835 652; x_wconf 91' lang='lat' dir='ltr'>cum</span> <span class='ocrx_word' id='word_1_59' title='bbox 1869 615 2014 662; x_wconf 85' lang='lat' dir='ltr'>vere,</span> 
     </span>
    </p>
   </div>
   <div class='ocr_carea' id='block_1_9' title="bbox 423 686 2017 758">
    <p class='ocr_par' dir='ltr' id='par_1_9' title="bbox 423 686 2017 758">
     <span class='ocr_line' id='line_1_9' title="bbox 423 686 2017 758; baseline 0.001 -18"><span class='ocrx_word' id='word_1_60' title='bbox 423 686 551 757; x_wconf 84' lang='lat' dir='ltr'>quia</span> <span class='ocrx_word' id='word_1_61' title='bbox 584 703 649 741; x_wconf 89' lang='lat' dir='ltr'>ex</span> <span class='ocrx_word' id='word_1_62' title='bbox 673 687 787 741; x_wconf 93' lang='lat' dir='ltr'>Deo</span> <span class='ocrx_word' id='word_1_63' title='bbox 808 694 911 751; x_wconf 91' lang='lat' dir='ltr'>est,</span> <span class='ocrx_word' id='word_1_64' title='bbox 934 704 1059 758; x_wconf 88' lang='lat' dir='ltr'><strong>spes</strong></span> <span class='ocrx_word' id='word_1_65' title='bbox 1079 686 1401 757; x_wconf 89' lang='lat' dir='ltr'>plenissime</span> <span class='ocrx_word' id='word_1_66' title='bbox 1422 686 1655 753; x_wconf 87' lang='lat' dir='ltr'>noverit,</span> <span class='ocrx_word' id='word_1_67' title='bbox 1675 689 1820 758; x_wconf 91' lang='lat' dir='ltr'>quod</span> <span class='ocrx_word' id='word_1_68' title='bbox 1854 706 2017 742; x_wconf 82' lang='lat' dir='ltr'>verax</span> 
     </span>
    </p>
   </div>
   <div class='ocr_carea' id='block_1_10' title="bbox 421 774 2019 847">
    <p class='ocr_par' dir='ltr' id='par_1_10' title="bbox 421 774 2019 847">
     <span class='ocr_line' id='line_1_10' title="bbox 421 774 2019 847; baseline 0.001 -18"><span class='ocrx_word' id='word_1_69' title='bbox 421 774 775 845; x_wconf 87' lang='lat' dir='ltr'>omnipotens</span> <span class='ocrx_word' id='word_1_70' title='bbox 803 775 971 842; x_wconf 88' lang='lat' dir='ltr'><strong>Deus,</strong></span> <span class='ocrx_word' id='word_1_71' title='bbox 1027 775 1159 845; x_wconf 84' lang='lat' dir='ltr'>quia</span> <span class='ocrx_word' id='word_1_72' title='bbox 1204 774 1478 847; x_wconf 89' lang='lat' dir='ltr'>promissa</span> <span class='ocrx_word' id='word_1_73' title='bbox 1508 792 1619 829; x_wconf 91' lang='lat' dir='ltr'>non</span> <span class='ocrx_word' id='word_1_74' title='bbox 1649 781 1849 841; x_wconf 82' lang='lat' dir='ltr'>mutat,</span> <span class='ocrx_word' id='word_1_75' title='bbox 1900 778 2019 846; x_wconf 89' lang='lat' dir='ltr'>ejus</span> 
     </span>
    </p>
   </div>
   <div class='ocr_carea' id='block_1_11' title="bbox 419 863 844 935">
    <p class='ocr_par' dir='ltr' id='par_1_11' title="bbox 419 863 844 935">
     <span class='ocr_line' id='line_1_11' title="bbox 419 863 844 935; baseline 0 -18"><span class='ocrx_word' id='word_1_76' title='bbox 419 863 673 935; x_wconf 88' lang='lat' dir='ltr'>perﬁciet</span> <span class='ocrx_word' id='word_1_77' title='bbox 699 870 844 917; x_wconf 87' lang='lat' dir='ltr'>vota.</span> 
     </span>
    </p>
   </div>
   <div class='ocr_carea' id='block_1_12' title="bbox 492 951 2018 1025">
    <p class='ocr_par' dir='ltr' id='par_1_12' title="bbox 492 951 2018 1025">
     <span class='ocr_line' id='line_1_12' title="bbox 492 951 2018 1025; baseline -0.001 -17"><span class='ocrx_word' id='word_1_78' title='bbox 492 951 542 1008; x_wconf 87' lang='lat'><strong>3.</strong></span> <span class='ocrx_word' id='word_1_79' title='bbox 564 953 827 1024; x_wconf 84' lang='lat' dir='ltr'>Alioquin</span> <span class='ocrx_word' id='word_1_80' title='bbox 858 953 1186 1007; x_wconf 89' lang='lat' dir='ltr'>maledictus</span> <span class='ocrx_word' id='word_1_81' title='bbox 1216 954 1402 1019; x_wconf 89' lang='lat' dir='ltr'>homo,</span> <span class='ocrx_word' id='word_1_82' title='bbox 1433 953 1527 1024; x_wconf 88' lang='lat' dir='ltr'>qui</span> <span class='ocrx_word' id='word_1_83' title='bbox 1550 970 1705 1024; x_wconf 83' lang='lat' dir='ltr'>spem</span> <span class='ocrx_word' id='word_1_84' title='bbox 1739 970 1897 1008; x_wconf 89' lang='lat' dir='ltr'>suam</span> <span class='ocrx_word' id='word_1_85' title='bbox 1924 971 2018 1025; x_wconf 87' lang='lat' dir='ltr'>po-</span> 
     </span>
    </p>
   </div>
   <div class='ocr_carea' id='block_1_13' title="bbox 421 1041 2018 1113">
    <p class='ocr_par' dir='ltr' id='par_1_13' title="bbox 421 1041 2018 1113">
     <span class='ocr_line' id='line_1_13' title="bbox 421 1041 2018 1113; baseline 0.001 -18"><span class='ocrx_word' id='word_1_86' title='bbox 421 1041 508 1095; x_wconf 89' lang='lat' dir='ltr'>nit</span> <span class='ocrx_word' id='word_1_87' title='bbox 534 1041 591 1095; x_wconf 90' lang='lat' dir='ltr'>in</span> <span class='ocrx_word' id='word_1_88' title='bbox 625 1042 851 1095; x_wconf 82' lang='lat' dir='ltr'>homine</span> <span class='ocrx_word' id='word_1_89' title='bbox 885 1061 896 1096; x_wconf 90' lang='lat'>:</span> <span class='ocrx_word' id='word_1_90' title='bbox 929 1042 1066 1095; x_wconf 88' lang='lat' dir='ltr'>nihil</span> <span class='ocrx_word' id='word_1_91' title='bbox 1100 1058 1233 1113; x_wconf 88' lang='lat' dir='ltr'>ergo</span> <span class='ocrx_word' id='word_1_92' title='bbox 1264 1042 1553 1112; x_wconf 75' lang='lat' dir='ltr'>praesumit</span> <span class='ocrx_word' id='word_1_93' title='bbox 1582 1043 1652 1096; x_wconf 86' lang='lat' dir='ltr'>de</span> <span class='ocrx_word' id='word_1_94' title='bbox 1683 1044 1927 1105; x_wconf 86' lang='lat' dir='ltr'>homine,</span> <span class='ocrx_word' id='word_1_95' title='bbox 1962 1050 2018 1097; x_wconf 89' lang='lat' dir='ltr'>et</span> 
     </span>
    </p>
   </div>
   <div class='ocr_carea' id='block_1_14' title="bbox 420 1130 2019 1204">
    <p class='ocr_par' dir='ltr' id='par_1_14' title="bbox 420 1130 2019 1204">
     <span class='ocr_line' id='line_1_14' title="bbox 420 1130 2019 1204; baseline 0.001 -20"><span class='ocrx_word' id='word_1_96' title='bbox 420 1130 546 1184; x_wconf 90' lang='lat' dir='ltr'>ideo</span> <span class='ocrx_word' id='word_1_97' title='bbox 579 1130 931 1200; x_wconf 83' lang='lat' dir='ltr'>requiescens</span> <span class='ocrx_word' id='word_1_98' title='bbox 979 1131 1035 1184; x_wconf 92' lang='lat' dir='ltr'>in</span> <span class='ocrx_word' id='word_1_99' title='bbox 1077 1130 1330 1195; x_wconf 82' lang='lat' dir='ltr'>veritate,</span> <span class='ocrx_word' id='word_1_100' title='bbox 1363 1148 1465 1184; x_wconf 92' lang='lat' dir='ltr'>nec</span> <span class='ocrx_word' id='word_1_101' title='bbox 1510 1132 1817 1202; x_wconf 84' lang='lat' dir='ltr'>quidquam</span> <span class='ocrx_word' id='word_1_102' title='bbox 1869 1133 2019 1204; x_wconf 86' lang='lat' dir='ltr'>parit</span> 
     </span>
    </p>
   </div>
   <div class='ocr_carea' id='block_1_15' title="bbox 419 1219 2018 1292">
    <p class='ocr_par' dir='ltr' id='par_1_15' title="bbox 419 1219 2018 1292">
     <span class='ocr_line' id='line_1_15' title="bbox 419 1219 2018 1292; baseline 0.001 -19"><span class='ocrx_word' id='word_1_103' title='bbox 419 1219 716 1273; x_wconf 88' lang='lat' dir='ltr'>mendacii.</span> <span class='ocrx_word' id='word_1_104' title='bbox 751 1219 907 1283; x_wconf 86' lang='lat' dir='ltr'>Quod</span> <span class='ocrx_word' id='word_1_105' title='bbox 940 1219 986 1272; x_wconf 89' lang='lat' dir='ltr'>si</span> <span class='ocrx_word' id='word_1_106' title='bbox 1020 1236 1233 1273; x_wconf 88' lang='lat' dir='ltr'>moram</span> <span class='ocrx_word' id='word_1_107' title='bbox 1256 1220 1448 1273; x_wconf 87' lang='lat' dir='ltr'>fecerit</span> <span class='ocrx_word' id='word_1_108' title='bbox 1477 1220 1533 1273; x_wconf 90' lang='lat' dir='ltr'>in</span> <span class='ocrx_word' id='word_1_109' title='bbox 1570 1221 1759 1291; x_wconf 88' lang='lat' dir='ltr'>aliquo</span> <span class='ocrx_word' id='word_1_110' title='bbox 1786 1222 2018 1292; x_wconf 87' lang='lat' dir='ltr'>promis-</span> 
     </span>
    </p>
   </div>
   <div class='ocr_carea' id='block_1_16' title="bbox 420 1308 2013 1379">
    <p class='ocr_par' dir='ltr' id='par_1_16' title="bbox 420 1308 2013 1379">
     <span class='ocr_line' id='line_1_16' title="bbox 420 1308 2013 1379; baseline 0.001 -17"><span class='ocrx_word' id='word_1_111' title='bbox 420 1325 628 1373; x_wconf 88' lang='lat' dir='ltr'>sorum,</span> <span class='ocrx_word' id='word_1_112' title='bbox 664 1314 945 1379; x_wconf 87' lang='lat' dir='ltr'>exspectat</span> <span class='ocrx_word' id='word_1_113' title='bbox 982 1308 1200 1373; x_wconf 81' lang='lat' dir='ltr'>devota,</span> <span class='ocrx_word' id='word_1_114' title='bbox 1232 1308 1530 1379; x_wconf 85' lang='lat' dir='ltr'>requiescit</span> <span class='ocrx_word' id='word_1_115' title='bbox 1559 1326 1773 1374; x_wconf 88' lang='lat' dir='ltr'>secura,</span> <span class='ocrx_word' id='word_1_116' title='bbox 1806 1310 2013 1364; x_wconf 88' lang='lat' dir='ltr'>adhor-</span> 
     </span>
    </p>
   </div>
   <div class='ocr_carea' id='block_1_17' title="bbox 416 1397 2014 1470">
    <p class='ocr_par' dir='ltr' id='par_1_17' title="bbox 416 1397 2014 1470">
     <span class='ocr_line' id='line_1_17' title="bbox 416 1397 2014 1470; baseline 0.001 -19"><span class='ocrx_word' id='word_1_117' title='bbox 416 1402 572 1451; x_wconf 87' lang='lat' dir='ltr'>tatur</span> <span class='ocrx_word' id='word_1_118' title='bbox 600 1397 657 1451; x_wconf 91' lang='lat' dir='ltr'>in</span> <span class='ocrx_word' id='word_1_119' title='bbox 680 1398 912 1461; x_wconf 91' lang='lat' dir='ltr'>cunctis,</span> <span class='ocrx_word' id='word_1_120' title='bbox 946 1398 1081 1451; x_wconf 85' lang='lat' dir='ltr'>dum</span> <span class='ocrx_word' id='word_1_121' title='bbox 1106 1398 1243 1451; x_wconf 89' lang='lat' dir='ltr'>ﬁdes</span> <span class='ocrx_word' id='word_1_122' title='bbox 1274 1397 1521 1462; x_wconf 82' lang='lat' dir='ltr'>dimicat,</span> <span class='ocrx_word' id='word_1_123' title='bbox 1557 1416 1889 1470; x_wconf 87' lang='lat' dir='ltr'>semperque</span> <span class='ocrx_word' id='word_1_124' title='bbox 1929 1400 2014 1453; x_wconf 88' lang='lat' dir='ltr'>di-</span> 
     </span>
    </p>
   </div>
   <div class='ocr_carea' id='block_1_18' title="bbox 416 1485 2015 1558">
    <p class='ocr_par' dir='ltr' id='par_1_18' title="bbox 416 1485 2015 1558">
     <span class='ocr_line' id='line_1_18' title="bbox 416 1485 2015 1558; baseline 0.001 -18"><span class='ocrx_word' id='word_1_125' title='bbox 416 1487 534 1556; x_wconf 87' lang='lat' dir='ltr'>gito</span> <span class='ocrx_word' id='word_1_126' title='bbox 556 1486 829 1556; x_wconf 86' lang='lat' dir='ltr'>promissa</span> <span class='ocrx_word' id='word_1_127' title='bbox 856 1485 1104 1539; x_wconf 85' lang='lat' dir='ltr'>insinuat</span> <span class='ocrx_word' id='word_1_128' title='bbox 1143 1493 1199 1539; x_wconf 93' lang='lat' dir='ltr'>et</span> <span class='ocrx_word' id='word_1_129' title='bbox 1226 1487 1488 1539; x_wconf 87' lang='lat' dir='ltr'>ostendit.</span> <span class='ocrx_word' id='word_1_130' title='bbox 1522 1488 1620 1541; x_wconf 91' lang='lat' dir='ltr'>Est</span> <span class='ocrx_word' id='word_1_131' title='bbox 1641 1487 1847 1558; x_wconf 89' lang='lat' dir='ltr'>ubique</span> <span class='ocrx_word' id='word_1_132' title='bbox 1880 1489 2015 1541; x_wconf 83' lang='lat' dir='ltr'>irre-</span> 
     </span>
    </p>
   </div>
   <div class='ocr_carea' id='block_1_19' title="bbox 2098 318 3698 399">
    <p class='ocr_par' dir='ltr' id='par_1_19' title="bbox 2098 318 3698 399">
     <span class='ocr_line' id='line_1_19' title="bbox 2098 318 3698 399; baseline 0 -16"><span class='ocrx_word' id='word_1_133' title='bbox 2098 329 2239 383; x_wconf 90' lang='lat' dir='ltr'>situs</span> <span class='ocrx_word' id='word_1_134' title='bbox 2271 329 2326 381; x_wconf 87' lang='lat' dir='ltr'>in</span> <span class='ocrx_word' id='word_1_135' title='bbox 2350 328 2437 381; x_wconf 89' lang='lat' dir='ltr'>via</span> <span class='ocrx_word' id='word_1_136' title='bbox 2464 334 2635 393; x_wconf 87' lang='lat' dir='ltr'>recta,</span> <span class='ocrx_word' id='word_1_137' title='bbox 2667 333 2730 381; x_wconf 91' lang='lat' dir='ltr'>ut</span> <span class='ocrx_word' id='word_1_138' title='bbox 2757 328 2909 382; x_wconf 89' lang='lat' dir='ltr'>nulla</span> <span class='ocrx_word' id='word_1_139' title='bbox 2939 318 3217 398; x_wconf 87' lang='lat' dir='ltr'>subripiat</span> <span class='ocrx_word' id='word_1_140' title='bbox 3254 329 3594 399; x_wconf 82' lang='lat' dir='ltr'>desperatio,</span> <span class='ocrx_word' id='word_1_141' title='bbox 3634 346 3698 383; x_wconf 88' lang='lat' dir='ltr'>ac</span> 
     </span>
    </p>
   </div>
   <div class='ocr_carea' id='block_1_20' title="bbox 2098 417 3700 488">
    <p class='ocr_par' dir='ltr' id='par_1_20' title="bbox 2098 417 3700 488">
     <span class='ocr_line' id='line_1_20' title="bbox 2098 417 3700 488; baseline 0.001 -16"><span class='ocrx_word' id='word_1_142' title='bbox 2098 435 2211 472; x_wconf 89' lang='lat' dir='ltr'>non</span> <span class='ocrx_word' id='word_1_143' title='bbox 2250 417 2602 481; x_wconf 88' lang='lat' dir='ltr'>laborabunt,</span> <span class='ocrx_word' id='word_1_144' title='bbox 2632 417 2763 487; x_wconf 87' lang='lat' dir='ltr'>quia</span> <span class='ocrx_word' id='word_1_145' title='bbox 2800 417 2858 470; x_wconf 91' lang='lat' dir='ltr'>in</span> <span class='ocrx_word' id='word_1_146' title='bbox 2889 417 2997 481; x_wconf 91' lang='lat' dir='ltr'>via,</span> <span class='ocrx_word' id='word_1_147' title='bbox 3032 434 3157 488; x_wconf 71' lang='lat' dir='ltr'>quae</span> <span class='ocrx_word' id='word_1_148' title='bbox 3187 418 3445 472; x_wconf 87' lang='lat' dir='ltr'>Christus</span> <span class='ocrx_word' id='word_1_149' title='bbox 3475 426 3580 485; x_wconf 81' lang='lat' dir='ltr'>est,</span> <span class='ocrx_word' id='word_1_150' title='bbox 3619 436 3700 473; x_wconf 87' lang='lat' dir='ltr'>se-</span> 
     </span>
    </p>
   </div>
   <div class='ocr_carea' id='block_1_21' title="bbox 2100 505 3697 577">
    <p class='ocr_par' dir='ltr' id='par_1_21' title="bbox 2100 505 3697 577">
     <span class='ocr_line' id='line_1_21' title="bbox 2100 505 3697 577; baseline 0.001 -17"><span class='ocrx_word' id='word_1_151' title='bbox 2100 506 2219 560; x_wconf 89' lang='lat' dir='ltr'>curi</span> <span class='ocrx_word' id='word_1_152' title='bbox 2247 512 2480 560; x_wconf 90' lang='lat' dir='ltr'>currunt</span> <span class='ocrx_word' id='word_1_153' title='bbox 2496 517 2539 572; x_wconf 76' lang='lat' dir='ltr'>e;</span> <span class='ocrx_word' id='word_1_154' title='bbox 2568 505 2681 559; x_wconf 87' lang='lat' dir='ltr'>imo</span> <span class='ocrx_word' id='word_1_155' title='bbox 2712 513 3039 576; x_wconf 71' lang='lat' dir='ltr'>portantur.</span> <span class='ocrx_word' id='word_1_156' title='bbox 3060 506 3219 560; x_wconf 89' lang='lat' dir='ltr'>Unde</span> <span class='ocrx_word' id='word_1_157' title='bbox 3250 508 3525 562; x_wconf 90' lang='lat' dir='ltr'>Dominus</span> <span class='ocrx_word' id='word_1_158' title='bbox 3546 528 3563 561; x_wconf 91' lang='lat'><strong><em>:</em></strong></span> <span class='ocrx_word' id='word_1_159' title='bbox 3597 509 3697 577; x_wconf 76' lang='lat' dir='ltr'>Ego</span> 
     </span>
    </p>
   </div>
   <div class='ocr_carea' id='block_1_22' title="bbox 2101 594 3699 667">
    <p class='ocr_par' dir='ltr' id='par_1_22' title="bbox 2101 594 3699 667">
     <span class='ocr_line' id='line_1_22' title="bbox 2101 594 3699 667; baseline 0.001 -17"><span class='ocrx_word' id='word_1_160' title='bbox 2101 598 2299 664; x_wconf 81' lang='lat' dir='ltr'>feram,</span> <span class='ocrx_word' id='word_1_161' title='bbox 2333 602 2381 649; x_wconf 84' lang='lat' dir='ltr'>et</span> <span class='ocrx_word' id='word_1_162' title='bbox 2409 612 2501 661; x_wconf 87' lang='lat' dir='ltr'>ego</span> <span class='ocrx_word' id='word_1_163' title='bbox 2526 597 2751 664; x_wconf 79' lang='lat' dir='ltr'>portabo</span> <span class='ocrx_word' id='word_1_164' title='bbox 2783 597 2998 665; x_wconf 86' lang='lat' dir='ltr'>(Jerem.</span> <span class='ocrx_word' id='word_1_165' title='bbox 3036 609 3173 659; x_wconf 80' lang='lat' dir='ltr'>xxu,</span> <span class='ocrx_word' id='word_1_166' title='bbox 3208 594 3320 661; x_wconf 68' lang='lat'>5?).</span> <span class='ocrx_word' id='word_1_167' title='bbox 3355 597 3510 660; x_wconf 89' lang='lat' dir='ltr'>Quos</span> <span class='ocrx_word' id='word_1_168' title='bbox 3530 597 3699 667; x_wconf 83' lang='lat' dir='ltr'>igitur</span> 
     </span>
    </p>
   </div>
   <div class='ocr_carea' id='block_1_23' title="bbox 2102 684 3700 757">
    <p class='ocr_par' dir='ltr' id='par_1_23' title="bbox 2102 684 3700 757">
     <span class='ocr_line' id='line_1_23' title="bbox 2102 684 3700 757; baseline 0.001 -18"><span class='ocrx_word' id='word_1_169' title='bbox 2102 686 2196 739; x_wconf 91' lang='lat' dir='ltr'>ille</span> <span class='ocrx_word' id='word_1_170' title='bbox 2218 690 2422 756; x_wconf 86' lang='lat' dir='ltr'>portat,</span> <span class='ocrx_word' id='word_1_171' title='bbox 2438 685 2495 737; x_wconf 89' lang='lat' dir='ltr'>hi</span> <span class='ocrx_word' id='word_1_172' title='bbox 2511 684 2778 737; x_wconf 90' lang='lat' dir='ltr'>nimirum</span> <span class='ocrx_word' id='word_1_173' title='bbox 2804 700 3093 754; x_wconf 89' lang='lat' dir='ltr'>nunquam</span> <span class='ocrx_word' id='word_1_174' title='bbox 3115 685 3408 751; x_wconf 82' lang='lat' dir='ltr'>deﬁcient;</span> <span class='ocrx_word' id='word_1_175' title='bbox 3435 687 3700 757; x_wconf 87' lang='lat' dir='ltr'>quoniam</span> 
     </span>
    </p>
   </div>
   <div class='ocr_carea' id='block_1_24' title="bbox 2101 774 3700 846">
    <p class='ocr_par' dir='ltr' id='par_1_24' title="bbox 2101 774 3700 846">
     <span class='ocr_line' id='line_1_24' title="bbox 2101 774 3700 846; baseline 0.002 -19"><span class='ocrx_word' id='word_1_176' title='bbox 2101 775 2445 845; x_wconf 85' lang='lat' dir='ltr'>prepositam</span> <span class='ocrx_word' id='word_1_177' title='bbox 2476 790 2629 843; x_wconf 88' lang='lat' dir='ltr'>spem</span> <span class='ocrx_word' id='word_1_178' title='bbox 2662 774 2883 827; x_wconf 88' lang='lat' dir='ltr'>fortiter</span> <span class='ocrx_word' id='word_1_179' title='bbox 2907 780 3105 829; x_wconf 90' lang='lat' dir='ltr'>tenent</span> <span class='ocrx_word' id='word_1_180' title='bbox 3141 791 3313 828; x_wconf 87' lang='lat' dir='ltr'>manu</span> <span class='ocrx_word' id='word_1_181' title='bbox 3344 775 3499 837; x_wconf 82' lang='lat' dir='ltr'>ﬁdei,</span> <span class='ocrx_word' id='word_1_182' title='bbox 3531 792 3700 846; x_wconf 88' lang='lat' dir='ltr'>quam</span> 
     </span>
    </p>
   </div>
   <div class='ocr_carea' id='block_1_25' title="bbox 2098 863 3701 929">
    <p class='ocr_par' dir='ltr' id='par_1_25' title="bbox 2098 863 3701 929">
     <span class='ocr_line' id='line_1_25' title="bbox 2098 863 3701 929; baseline 0.001 -12"><span class='ocrx_word' id='word_1_183' title='bbox 2098 864 2244 917; x_wconf 90' lang='lat' dir='ltr'>sicut</span> <span class='ocrx_word' id='word_1_184' title='bbox 2272 864 2575 916; x_wconf 87' lang='lat' dir='ltr'>anchoram</span> <span class='ocrx_word' id='word_1_185' title='bbox 2621 867 2802 916; x_wconf 88' lang='lat' dir='ltr'>tutam</span> <span class='ocrx_word' id='word_1_186' title='bbox 2833 863 3033 917; x_wconf 66' lang='lat' dir='ltr'>animae</span> <span class='ocrx_word' id='word_1_187' title='bbox 3077 864 3135 917; x_wconf 91' lang='lat' dir='ltr'>in</span> <span class='ocrx_word' id='word_1_188' title='bbox 3165 864 3317 917; x_wconf 68' lang='lat' dir='ltr'>caelis</span> <span class='ocrx_word' id='word_1_189' title='bbox 3365 863 3615 929; x_wconf 85' lang='lat' dir='ltr'>habent;</span> <span class='ocrx_word' id='word_1_190' title='bbox 3647 871 3701 919; x_wconf 88' lang='lat' dir='ltr'>et</span> 
     </span>
    </p>
   </div>
   <div class='ocr_carea' id='block_1_26' title="bbox 2101 951 3704 1024">
    <p class='ocr_par' dir='ltr' id='par_1_26' title="bbox 2101 951 3704 1024">
     <span class='ocr_line' id='line_1_26' title="bbox 2101 951 3704 1024; baseline 0.001 -19"><span class='ocrx_word' id='word_1_191' title='bbox 2101 952 2226 1005; x_wconf 91' lang='lat' dir='ltr'>ideo</span> <span class='ocrx_word' id='word_1_192' title='bbox 2258 952 2394 1005; x_wconf 84' lang='lat' dir='ltr'>certi</span> <span class='ocrx_word' id='word_1_193' title='bbox 2440 951 2569 1005; x_wconf 93' lang='lat' dir='ltr'>illuc</span> <span class='ocrx_word' id='word_1_194' title='bbox 2600 958 2857 1022; x_wconf 88' lang='lat' dir='ltr'>pergunt,</span> <span class='ocrx_word' id='word_1_195' title='bbox 2892 951 2989 1005; x_wconf 87' lang='lat' dir='ltr'>ubi</span> <span class='ocrx_word' id='word_1_196' title='bbox 3023 969 3083 1006; x_wconf 92' lang='lat' dir='ltr'>se</span> <span class='ocrx_word' id='word_1_197' title='bbox 3118 954 3239 1022; x_wconf 88' lang='lat' dir='ltr'>jam</span> <span class='ocrx_word' id='word_1_198' title='bbox 3290 954 3347 1006; x_wconf 92' lang='lat' dir='ltr'>in</span> <span class='ocrx_word' id='word_1_199' title='bbox 3378 970 3480 1024; x_wconf 88' lang='lat' dir='ltr'>spe</span> <span class='ocrx_word' id='word_1_200' title='bbox 3508 971 3704 1024; x_wconf 85' lang='lat' dir='ltr'>perve-</span> 
     </span>
    </p>
   </div>
   <div class='ocr_carea' id='block_1_27' title="bbox 2099 1041 3702 1112">
    <p class='ocr_par' dir='ltr' id='par_1_27' title="bbox 2099 1041 3702 1112">
     <span class='ocr_line' id='line_1_27' title="bbox 2099 1041 3702 1112; baseline 0.001 -17"><span class='ocrx_word' id='word_1_201' title='bbox 2099 1043 2248 1096; x_wconf 89' lang='lat' dir='ltr'>nisse</span> <span class='ocrx_word' id='word_1_202' title='bbox 2280 1043 2543 1096; x_wconf 82' lang='lat' dir='ltr'>laetantur</span> <span class='ocrx_word' id='word_1_203' title='bbox 2572 1058 2584 1094; x_wconf 87' lang='lat'><strong>:</strong></span> <span class='ocrx_word' id='word_1_204' title='bbox 2618 1041 2811 1111; x_wconf 88' lang='lat' dir='ltr'>ﬁgitur</span> <span class='ocrx_word' id='word_1_205' title='bbox 2830 1058 3075 1112; x_wconf 89' lang='lat' dir='ltr'>namque</span> <span class='ocrx_word' id='word_1_206' title='bbox 3101 1043 3239 1095; x_wconf 86' lang='lat' dir='ltr'>ﬁdes</span> <span class='ocrx_word' id='word_1_207' title='bbox 3274 1043 3333 1096; x_wconf 90' lang='lat' dir='ltr'>in</span> <span class='ocrx_word' id='word_1_208' title='bbox 3363 1043 3617 1112; x_wconf 81' lang='lat' dir='ltr'>Christo,</span> <span class='ocrx_word' id='word_1_209' title='bbox 3646 1050 3702 1097; x_wconf 92' lang='lat' dir='ltr'>et</span> 
     </span>
    </p>
   </div>
   <div class='ocr_carea' id='block_1_28' title="bbox 2098 1130 3701 1202">
    <p class='ocr_par' dir='ltr' id='par_1_28' title="bbox 2098 1130 3701 1202">
     <span class='ocr_line' id='line_1_28' title="bbox 2098 1130 3701 1202; baseline 0.001 -18"><span class='ocrx_word' id='word_1_210' title='bbox 2098 1149 2225 1202; x_wconf 88' lang='lat' dir='ltr'>spes</span> <span class='ocrx_word' id='word_1_211' title='bbox 2254 1130 2479 1193; x_wconf 90' lang='lat' dir='ltr'>incedit,</span> <span class='ocrx_word' id='word_1_212' title='bbox 2512 1136 2789 1201; x_wconf 88' lang='lat' dir='ltr'>quatenus</span> <span class='ocrx_word' id='word_1_213' title='bbox 2830 1131 3065 1184; x_wconf 86' lang='lat' dir='ltr'>alternis</span> <span class='ocrx_word' id='word_1_214' title='bbox 3112 1131 3461 1186; x_wconf 89' lang='lat' dir='ltr'>successibus</span> <span class='ocrx_word' id='word_1_215' title='bbox 3489 1132 3601 1186; x_wconf 88' lang='lat' dir='ltr'>iter</span> <span class='ocrx_word' id='word_1_216' title='bbox 3627 1132 3701 1186; x_wconf 84' lang='lat' dir='ltr'>fa-</span> 
     </span>
    </p>
   </div>
   <div class='ocr_carea' id='block_1_29' title="bbox 2098 1219 3699 1291">
    <p class='ocr_par' dir='ltr' id='par_1_29' title="bbox 2098 1219 3699 1291">
     <span class='ocr_line' id='line_1_29' title="bbox 2098 1219 3699 1291; baseline 0.002 -19"><span class='ocrx_word' id='word_1_217' title='bbox 2098 1219 2266 1285; x_wconf 87' lang='lat' dir='ltr'>ciant,</span> <span class='ocrx_word' id='word_1_218' title='bbox 2298 1226 2355 1273; x_wconf 93' lang='lat' dir='ltr'>et</span> <span class='ocrx_word' id='word_1_219' title='bbox 2397 1219 2605 1273; x_wconf 91' lang='lat' dir='ltr'>ducant</span> <span class='ocrx_word' id='word_1_220' title='bbox 2633 1219 2903 1287; x_wconf 89' lang='lat' dir='ltr'>animam,</span> <span class='ocrx_word' id='word_1_221' title='bbox 2949 1237 3058 1291; x_wconf 91' lang='lat' dir='ltr'>quo</span> <span class='ocrx_word' id='word_1_222' title='bbox 3098 1221 3344 1274; x_wconf 81' lang='lat' dir='ltr'>Charitas</span> <span class='ocrx_word' id='word_1_223' title='bbox 3371 1220 3699 1275; x_wconf 75' lang='lat' dir='ltr'>inebriatat</span> 
     </span>
    </p>
   </div>
   <div class='ocr_carea' id='block_1_30' title="bbox 2096 1308 3697 1379">
    <p class='ocr_par' dir='ltr' id='par_1_30' title="bbox 2096 1308 3697 1379">
     <span class='ocr_line' id='line_1_30' title="bbox 2096 1308 3697 1379; baseline 0.002 -18"><span class='ocrx_word' id='word_1_224' title='bbox 2096 1308 2312 1362; x_wconf 84' lang='lat' dir='ltr'>invitat.</span> <span class='ocrx_word' id='word_1_225' title='bbox 2348 1309 2489 1362; x_wconf 85' lang='lat' dir='ltr'>Hinc.</span> <span class='ocrx_word' id='word_1_226' title='bbox 2514 1325 2647 1379; x_wconf 90' lang='lat' dir='ltr'>ergo</span> <span class='ocrx_word' id='word_1_227' title='bbox 2676 1316 2779 1369; x_wconf 80' lang='lat' dir='ltr'>est,</span> <span class='ocrx_word' id='word_1_228' title='bbox 2810 1310 2956 1378; x_wconf 90' lang='lat' dir='ltr'>quod</span> <span class='ocrx_word' id='word_1_229' title='bbox 2988 1310 3067 1362; x_wconf 90' lang='lat' dir='ltr'>ait</span> <span class='ocrx_word' id='word_1_230' title='bbox 3093 1331 3105 1365; x_wconf 92' lang='lat'><strong>:</strong></span> <span class='ocrx_word' id='word_1_231' title='bbox 3138 1312 3438 1364; x_wconf 77' lang='lat' dir='ltr'>Mutabunt</span> <span class='ocrx_word' id='word_1_232' title='bbox 3468 1313 3697 1377; x_wconf 80' lang='lat' dir='ltr'>fortitu-</span> 
     </span>
    </p>
   </div>
   <div class='ocr_carea' id='block_1_31' title="bbox 2096 1398 3696 1468">
    <p class='ocr_par' dir='ltr' id='par_1_31' title="bbox 2096 1398 3696 1468">
     <span class='ocr_line' id='line_1_31' title="bbox 2096 1398 3696 1468; baseline 0.001 -17"><span class='ocrx_word' id='word_1_233' title='bbox 2096 1400 2303 1458; x_wconf 85' lang='lat' dir='ltr'>dinem,</span> <span class='ocrx_word' id='word_1_234' title='bbox 2338 1398 2601 1468; x_wconf 88' lang='lat' dir='ltr'>quoniam</span> <span class='ocrx_word' id='word_1_235' title='bbox 2626 1398 2785 1451; x_wconf 85' lang='lat' dir='ltr'>fortis</span> <span class='ocrx_word' id='word_1_236' title='bbox 2814 1398 2960 1451; x_wconf 85' lang='lat' dir='ltr'>facta</span> <span class='ocrx_word' id='word_1_237' title='bbox 2989 1406 3075 1451; x_wconf 91' lang='lat' dir='ltr'>est</span> <span class='ocrx_word' id='word_1_238' title='bbox 3099 1403 3163 1452; x_wconf 93' lang='lat' dir='ltr'>ut</span> <span class='ocrx_word' id='word_1_239' title='bbox 3192 1416 3345 1452; x_wconf 88' lang='lat' dir='ltr'>mors</span> <span class='ocrx_word' id='word_1_240' title='bbox 3374 1399 3604 1453; x_wconf 87' lang='lat' dir='ltr'>dilectio</span> <span class='ocrx_word' id='word_1_241' title='bbox 3630 1399 3696 1453; x_wconf 84' lang='lat' dir='ltr'>il-</span> 
     </span>
    </p>
   </div>
   <div class='ocr_carea' id='block_1_32' title="bbox 2097 1486 3695 1557">
    <p class='ocr_par' dir='ltr' id='par_1_32' title="bbox 2097 1486 3695 1557">
     <span class='ocr_line' id='line_1_32' title="bbox 2097 1486 3695 1557; baseline 0.003 -19"><span class='ocrx_word' id='word_1_242' title='bbox 2097 1486 2278 1539; x_wconf 90' lang='lat' dir='ltr'>lorum</span> <span class='ocrx_word' id='word_1_243' title='bbox 2310 1486 2405 1557; x_wconf 90' lang='lat' dir='ltr'>qui</span> <span class='ocrx_word' id='word_1_244' title='bbox 2436 1487 2545 1540; x_wconf 86' lang='lat' dir='ltr'>ﬁde</span> <span class='ocrx_word' id='word_1_245' title='bbox 2571 1492 2627 1539; x_wconf 88' lang='lat' dir='ltr'>et</span> <span class='ocrx_word' id='word_1_246' title='bbox 2654 1503 2752 1557; x_wconf 86' lang='lat' dir='ltr'>spe</span> <span class='ocrx_word' id='word_1_247' title='bbox 2776 1487 3042 1540; x_wconf 86' lang='lat' dir='ltr'>ardenter</span> <span class='ocrx_word' id='word_1_248' title='bbox 3069 1494 3323 1549; x_wconf 90' lang='lat' dir='ltr'>currunt,</span> <span class='ocrx_word' id='word_1_249' title='bbox 3357 1489 3459 1541; x_wconf 87' lang='lat' dir='ltr'>sed</span> <span class='ocrx_word' id='word_1_250' title='bbox 3488 1505 3617 1542; x_wconf 83' lang='lat' dir='ltr'>mox</span> <span class='ocrx_word' id='word_1_251' title='bbox 3638 1497 3695 1542; x_wconf 88' lang='lat' dir='ltr'>ut</span> 
     </span>
    </p>
   </div>
   <div class='ocr_carea' id='block_1_33' title="bbox 417 1575 3695 1648">
    <p class='ocr_par' dir='ltr' id='par_1_33' title="bbox 417 1575 3695 1648">
     <span class='ocr_line' id='line_1_33' title="bbox 417 1575 3695 1648; baseline 0.001 -19"><span class='ocrx_word' id='word_1_252' title='bbox 417 1582 571 1629; x_wconf 88' lang='lat' dir='ltr'>mota</span> <span class='ocrx_word' id='word_1_253' title='bbox 600 1592 785 1629; x_wconf 91' lang='lat' dir='ltr'>comes</span> <span class='ocrx_word' id='word_1_254' title='bbox 810 1575 1059 1645; x_wconf 85' lang='lat' dir='ltr'>ejusdem</span> <span class='ocrx_word' id='word_1_255' title='bbox 1092 1575 1239 1639; x_wconf 90' lang='lat' dir='ltr'>ﬁdei,</span> <span class='ocrx_word' id='word_1_256' title='bbox 1272 1592 1509 1646; x_wconf 89' lang='lat' dir='ltr'>quarum</span> <span class='ocrx_word' id='word_1_257' title='bbox 1542 1576 1689 1630; x_wconf 89' lang='lat' dir='ltr'>mira</span> <span class='ocrx_word' id='word_1_258' title='bbox 1727 1576 2334 1646; x_wconf 87' lang='lat' dir='ltr'>germani-Bcuipiam</span> <span class='ocrx_word' id='word_1_259' title='bbox 2364 1576 2521 1635; x_wconf 91' lang='lat' dir='ltr'>ﬁdes,</span> <span class='ocrx_word' id='word_1_260' title='bbox 2552 1582 2651 1629; x_wconf 89' lang='lat' dir='ltr'>aut</span> <span class='ocrx_word' id='word_1_261' title='bbox 2679 1593 2809 1646; x_wconf 86' lang='lat' dir='ltr'>spes</span> <span class='ocrx_word' id='word_1_262' title='bbox 2837 1575 3120 1641; x_wconf 84' lang='lat' dir='ltr'>defecerit,</span> <span class='ocrx_word' id='word_1_263' title='bbox 3150 1576 3475 1631; x_wconf 86' lang='lat' dir='ltr'>claudicans</span> <span class='ocrx_word' id='word_1_264' title='bbox 3507 1584 3695 1648; x_wconf 87' lang='lat' dir='ltr'>torpe-</span> 
     </span>
    </p>
   </div>
   <div class='ocr_carea' id='block_1_34' title="bbox 414 1664 2013 1734">
    <p class='ocr_par' dir='ltr' id='par_1_34' title="bbox 414 1664 2013 1734">
     <span class='ocr_line' id='line_1_34' title="bbox 414 1664 2013 1734; baseline 0.001 -16"><span class='ocrx_word' id='word_1_265' title='bbox 414 1669 752 1734; x_wconf 82' lang='lat' dir='ltr'>tas,semper</span> <span class='ocrx_word' id='word_1_266' title='bbox 771 1681 892 1734; x_wconf 67' lang='lat' dir='ltr'>qua:</span> <span class='ocrx_word' id='word_1_267' title='bbox 913 1680 1022 1717; x_wconf 90' lang='lat' dir='ltr'>non</span> <span class='ocrx_word' id='word_1_268' title='bbox 1037 1664 1295 1716; x_wconf 84' lang='lat' dir='ltr'>videntur</span> <span class='ocrx_word' id='word_1_269' title='bbox 1310 1670 1363 1717; x_wconf 90' lang='lat' dir='ltr'>et</span> <span class='ocrx_word' id='word_1_270' title='bbox 1374 1669 1585 1718; x_wconf 66' lang='lat' dir='ltr'>aeterna</span> <span class='ocrx_word' id='word_1_271' title='bbox 1603 1672 1737 1718; x_wconf 90' lang='lat' dir='ltr'>sunt</span> <span class='ocrx_word' id='word_1_272' title='bbox 1749 1666 2013 1720; x_wconf 89' lang='lat' dir='ltr'>ardenter</span> 
     </span>
    </p>
   </div>
   <div class='ocr_carea' id='block_1_35' title="bbox 417 1751 2013 1825">
    <p class='ocr_par' dir='ltr' id='par_1_35' title="bbox 417 1751 2013 1825">
     <span class='ocr_line' id='line_1_35' title="bbox 417 1751 2013 1825; baseline 0.002 -19"><span class='ocrx_word' id='word_1_273' title='bbox 417 1753 619 1825; x_wconf 67' lang='lat' dir='ltr'>quaerit</span> <span class='ocrx_word' id='word_1_274' title='bbox 648 1771 659 1805; x_wconf 91' lang='lat'>:</span> <span class='ocrx_word' id='word_1_275' title='bbox 694 1769 827 1822; x_wconf 85' lang='lat' dir='ltr'>ergo</span> <span class='ocrx_word' id='word_1_276' title='bbox 857 1753 991 1805; x_wconf 89' lang='lat' dir='ltr'>dum</span> <span class='ocrx_word' id='word_1_277' title='bbox 1022 1752 1100 1805; x_wconf 90' lang='lat' dir='ltr'>ita</span> <span class='ocrx_word' id='word_1_278' title='bbox 1146 1751 1205 1805; x_wconf 90' lang='lat' dir='ltr'>in</span> <span class='ocrx_word' id='word_1_279' title='bbox 1259 1753 1424 1806; x_wconf 89' lang='lat' dir='ltr'>terris</span> <span class='ocrx_word' id='word_1_280' title='bbox 1456 1753 1739 1807; x_wconf 87' lang='lat' dir='ltr'>laboribus</span> <span class='ocrx_word' id='word_1_281' title='bbox 1776 1755 2013 1824; x_wconf 85' lang='lat' dir='ltr'>fatigata</span> 
     </span>
    </p>
   </div>
   <div class='ocr_carea' id='block_1_36' title="bbox 416 1841 2010 1913">
    <p class='ocr_par' dir='ltr' id='par_1_36' title="bbox 416 1841 2010 1913">
     <span class='ocr_line' id='line_1_36' title="bbox 416 1841 2010 1913; baseline 0.001 -18"><span class='ocrx_word' id='word_1_282' title='bbox 416 1842 688 1908; x_wconf 89' lang='lat' dir='ltr'>desudat;</span> <span class='ocrx_word' id='word_1_283' title='bbox 734 1841 830 1895; x_wconf 86' lang='lat' dir='ltr'>illa</span> <span class='ocrx_word' id='word_1_284' title='bbox 885 1842 1053 1894; x_wconf 57' lang='lat' dir='ltr'>caelos</span> <span class='ocrx_word' id='word_1_285' title='bbox 1099 1846 1376 1912; x_wconf 89' lang='lat' dir='ltr'>penetrat,</span> <span class='ocrx_word' id='word_1_286' title='bbox 1410 1847 1467 1895; x_wconf 92' lang='lat' dir='ltr'>et</span> <span class='ocrx_word' id='word_1_287' title='bbox 1495 1859 1618 1912; x_wconf 63' lang='lat' dir='ltr'>qua;</span> <span class='ocrx_word' id='word_1_288' title='bbox 1668 1844 2010 1913; x_wconf 90' lang='lat' dir='ltr'>sempiterna</span> 
     </span>
    </p>
   </div>
   <div class='ocr_carea' id='block_1_37' title="bbox 415 1929 2004 2000">
    <p class='ocr_par' dir='ltr' id='par_1_37' title="bbox 415 1929 2004 2000">
     <span class='ocr_line' id='line_1_37' title="bbox 415 1929 2004 2000; baseline 0 -15"><span class='ocrx_word' id='word_1_289' title='bbox 415 1936 551 1991; x_wconf 87' lang='lat' dir='ltr'>sunt</span> <span class='ocrx_word' id='word_1_290' title='bbox 587 1929 830 1985; x_wconf 86' lang='lat' dir='ltr'>exhibet.</span> <span class='ocrx_word' id='word_1_291' title='bbox 866 1930 1008 1983; x_wconf 89' lang='lat' dir='ltr'>Hinc</span> <span class='ocrx_word' id='word_1_292' title='bbox 1036 1935 1121 1982; x_wconf 88' lang='lat' dir='ltr'>est</span> <span class='ocrx_word' id='word_1_293' title='bbox 1150 1931 1295 2000; x_wconf 85' lang='lat' dir='ltr'>quod</span> <span class='ocrx_word' id='word_1_294' title='bbox 1328 1931 1484 1997; x_wconf 91' lang='lat' dir='ltr'>ﬁdes,</span> <span class='ocrx_word' id='word_1_295' title='bbox 1534 1931 1765 1985; x_wconf 85' lang='lat' dir='ltr'>victoria</span> <span class='ocrx_word' id='word_1_296' title='bbox 1793 1939 2004 1997; x_wconf 89' lang='lat' dir='ltr'>nostra,</span> 
     </span>
    </p>
   </div>
   <div class='ocr_carea' id='block_1_38' title="bbox 414 2019 2008 2091">
    <p class='ocr_par' dir='ltr' id='par_1_38' title="bbox 414 2019 2008 2091">
     <span class='ocr_line' id='line_1_38' title="bbox 414 2019 2008 2091; baseline 0.001 -18"><span class='ocrx_word' id='word_1_297' title='bbox 414 2020 605 2074; x_wconf 88' lang='lat' dir='ltr'>omnia</span> <span class='ocrx_word' id='word_1_298' title='bbox 634 2019 823 2084; x_wconf 84' lang='lat' dir='ltr'>vincit,</span> <span class='ocrx_word' id='word_1_299' title='bbox 857 2019 991 2090; x_wconf 88' lang='lat' dir='ltr'>quia</span> <span class='ocrx_word' id='word_1_300' title='bbox 1018 2036 1175 2091; x_wconf 90' lang='lat' dir='ltr'>spem</span> <span class='ocrx_word' id='word_1_301' title='bbox 1220 2019 1348 2080; x_wconf 88' lang='lat' dir='ltr'>sibi,</span> <span class='ocrx_word' id='word_1_302' title='bbox 1381 2036 1493 2073; x_wconf 90' lang='lat' dir='ltr'>non</span> <span class='ocrx_word' id='word_1_303' title='bbox 1525 2037 1749 2074; x_wconf 87' lang='lat' dir='ltr'>carnem</span> <span class='ocrx_word' id='word_1_304' title='bbox 1796 2020 2008 2075; x_wconf 87' lang='lat' dir='ltr'>brachii</span> 
     </span>
    </p>
   </div>
   <div class='ocr_carea' id='block_1_39' title="bbox 414 2108 2010 2181">
    <p class='ocr_par' dir='ltr' id='par_1_39' title="bbox 414 2108 2010 2181">
     <span class='ocr_line' id='line_1_39' title="bbox 414 2108 2010 2181; baseline 0.001 -19"><span class='ocrx_word' id='word_1_305' title='bbox 414 2109 520 2173; x_wconf 89' lang='lat' dir='ltr'>sui,</span> <span class='ocrx_word' id='word_1_306' title='bbox 549 2110 645 2164; x_wconf 92' lang='lat' dir='ltr'>sed</span> <span class='ocrx_word' id='word_1_307' title='bbox 675 2110 852 2163; x_wconf 91' lang='lat' dir='ltr'>Deum</span> <span class='ocrx_word' id='word_1_308' title='bbox 885 2109 1042 2178; x_wconf 93' lang='lat' dir='ltr'>ponit</span> <span class='ocrx_word' id='word_1_309' title='bbox 1071 2122 1081 2155; x_wconf 88' lang='lat'>:</span> <span class='ocrx_word' id='word_1_310' title='bbox 1114 2125 1241 2179; x_wconf 91' lang='lat' dir='ltr'>spes</span> <span class='ocrx_word' id='word_1_311' title='bbox 1273 2109 1422 2162; x_wconf 90' lang='lat' dir='ltr'>enim</span> <span class='ocrx_word' id='word_1_312' title='bbox 1454 2108 1582 2181; x_wconf 90' lang='lat' dir='ltr'>ﬁdei</span> <span class='ocrx_word' id='word_1_313' title='bbox 1615 2110 1762 2163; x_wconf 92' lang='lat' dir='ltr'>Deus</span> <span class='ocrx_word' id='word_1_314' title='bbox 1794 2116 1880 2164; x_wconf 89' lang='lat' dir='ltr'>est</span> <span class='ocrx_word' id='word_1_315' title='bbox 1910 2129 1921 2177; x_wconf 93' lang='lat'>;</span> <span class='ocrx_word' id='word_1_316' title='bbox 1953 2116 2010 2164; x_wconf 91' lang='lat' dir='ltr'>et</span> 
     </span>
    </p>
   </div>
   <div class='ocr_carea' id='block_1_40' title="bbox 415 2194 2008 2268">
    <p class='ocr_par' dir='ltr' id='par_1_40' title="bbox 415 2194 2008 2268">
     <span class='ocr_line' id='line_1_40' title="bbox 415 2194 2008 2268; baseline 0 -17"><span class='ocrx_word' id='word_1_317' title='bbox 415 2197 540 2252; x_wconf 93' lang='lat' dir='ltr'>ideo</span> <span class='ocrx_word' id='word_1_318' title='bbox 566 2197 784 2268; x_wconf 88' lang='lat' dir='ltr'>quoties</span> <span class='ocrx_word' id='word_1_319' title='bbox 804 2194 964 2250; x_wconf 91' lang='lat' dir='ltr'>nobis</span> <span class='ocrx_word' id='word_1_320' title='bbox 993 2196 1205 2265; x_wconf 91' lang='lat' dir='ltr'>aliquid</span> <span class='ocrx_word' id='word_1_321' title='bbox 1230 2196 1386 2249; x_wconf 88' lang='lat' dir='ltr'>deest</span> <span class='ocrx_word' id='word_1_322' title='bbox 1411 2196 1626 2267; x_wconf 63' lang='lat' dir='ltr'>gratiae,</span> <span class='ocrx_word' id='word_1_323' title='bbox 1664 2214 1792 2268; x_wconf 90' lang='lat' dir='ltr'>spes</span> <span class='ocrx_word' id='word_1_324' title='bbox 1817 2199 2008 2251; x_wconf 86' lang='lat' dir='ltr'>horta-</span> 
     </span>
    </p>
   </div>
   <div class='ocr_carea' id='block_1_41' title="bbox 411 2287 2009 2360">
    <p class='ocr_par' dir='ltr' id='par_1_41' title="bbox 411 2287 2009 2360">
     <span class='ocr_line' id='line_1_41' title="bbox 411 2287 2009 2360; baseline 0 -17"><span class='ocrx_word' id='word_1_325' title='bbox 411 2292 526 2354; x_wconf 87' lang='lat' dir='ltr'>tur,</span> <span class='ocrx_word' id='word_1_326' title='bbox 558 2288 705 2360; x_wconf 92' lang='lat' dir='ltr'>quod</span> <span class='ocrx_word' id='word_1_327' title='bbox 750 2288 889 2345; x_wconf 89' lang='lat' dir='ltr'>nihil</span> <span class='ocrx_word' id='word_1_328' title='bbox 917 2287 1076 2341; x_wconf 86' lang='lat' dir='ltr'>abest</span> <span class='ocrx_word' id='word_1_329' title='bbox 1104 2287 1193 2341; x_wconf 90' lang='lat' dir='ltr'>cui</span> <span class='ocrx_word' id='word_1_330' title='bbox 1236 2288 1383 2341; x_wconf 91' lang='lat' dir='ltr'>Deus</span> <span class='ocrx_word' id='word_1_331' title='bbox 1408 2293 1559 2342; x_wconf 91' lang='lat' dir='ltr'>totus</span> <span class='ocrx_word' id='word_1_332' title='bbox 1590 2295 1692 2342; x_wconf 91' lang='lat' dir='ltr'>est.</span> <span class='ocrx_word' id='word_1_333' title='bbox 1727 2289 1886 2343; x_wconf 90' lang='lat' dir='ltr'>Unde</span> <span class='ocrx_word' id='word_1_334' title='bbox 1917 2307 2009 2343; x_wconf 91' lang='lat' dir='ltr'>re-</span> 
     </span>
    </p>
   </div>
   <div class='ocr_carea' id='block_1_42' title="bbox 410 2376 2009 2447">
    <p class='ocr_par' dir='ltr' id='par_1_42' title="bbox 410 2376 2009 2447">
     <span class='ocr_line' id='line_1_42' title="bbox 410 2376 2009 2447; baseline 0.001 -18"><span class='ocrx_word' id='word_1_335' title='bbox 410 2392 670 2435; x_wconf 88' lang='lat' dir='ltr'>creamur</span> <span class='ocrx_word' id='word_1_336' title='bbox 696 2376 1052 2443; x_wconf 89' lang='lat' dir='ltr'>conﬁdentia,</span> <span class='ocrx_word' id='word_1_337' title='bbox 1082 2382 1147 2429; x_wconf 92' lang='lat' dir='ltr'>ut</span> <span class='ocrx_word' id='word_1_338' title='bbox 1175 2392 1239 2429; x_wconf 85' lang='lat' dir='ltr'>ex</span> <span class='ocrx_word' id='word_1_339' title='bbox 1266 2376 1380 2430; x_wconf 91' lang='lat' dir='ltr'>Deo</span> <span class='ocrx_word' id='word_1_340' title='bbox 1413 2377 1487 2429; x_wconf 91' lang='lat' dir='ltr'>sit</span> <span class='ocrx_word' id='word_1_341' title='bbox 1513 2381 1694 2431; x_wconf 90' lang='lat' dir='ltr'>totum</span> <span class='ocrx_word' id='word_1_342' title='bbox 1720 2377 1865 2447; x_wconf 91' lang='lat' dir='ltr'>quod</span> <span class='ocrx_word' id='word_1_343' title='bbox 1896 2377 2009 2447; x_wconf 78' lang='lat' dir='ltr'>agi-</span> 
     </span>
    </p>
   </div>
   <div class='ocr_carea' id='block_1_43' title="bbox 412 2464 2007 2538">
    <p class='ocr_par' dir='ltr' id='par_1_43' title="bbox 412 2464 2007 2538">
     <span class='ocr_line' id='line_1_43' title="bbox 412 2464 2007 2538; baseline 0.001 -19"><span class='ocrx_word' id='word_1_344' title='bbox 412 2482 560 2530; x_wconf 89' lang='lat' dir='ltr'>mus,</span> <span class='ocrx_word' id='word_1_345' title='bbox 587 2465 734 2538; x_wconf 92' lang='lat' dir='ltr'>quod</span> <span class='ocrx_word' id='word_1_346' title='bbox 762 2464 1035 2519; x_wconf 89' lang='lat' dir='ltr'>habemus</span> <span class='ocrx_word' id='word_1_347' title='bbox 1064 2472 1119 2519; x_wconf 88' lang='lat' dir='ltr'>et</span> <span class='ocrx_word' id='word_1_348' title='bbox 1149 2466 1296 2535; x_wconf 93' lang='lat' dir='ltr'>quod</span> <span class='ocrx_word' id='word_1_349' title='bbox 1327 2470 1604 2536; x_wconf 85' lang='lat' dir='ltr'>optamus.</span> <span class='ocrx_word' id='word_1_350' title='bbox 1655 2467 1839 2521; x_wconf 91' lang='lat' dir='ltr'>Unum</span> <span class='ocrx_word' id='word_1_351' title='bbox 1874 2484 2007 2536; x_wconf 89' lang='lat' dir='ltr'>ergo</span> 
     </span>
    </p>
   </div>
   <div class='ocr_carea' id='block_1_44' title="bbox 410 2554 2002 2625">
    <p class='ocr_par' dir='ltr' id='par_1_44' title="bbox 410 2554 2002 2625">
     <span class='ocr_line' id='line_1_44' title="bbox 410 2554 2002 2625; baseline 0 -16"><span class='ocrx_word' id='word_1_352' title='bbox 410 2554 635 2610; x_wconf 91' lang='lat' dir='ltr'>initium</span> <span class='ocrx_word' id='word_1_353' title='bbox 658 2554 883 2621; x_wconf 89' lang='lat' dir='ltr'>habent,</span> <span class='ocrx_word' id='word_1_354' title='bbox 917 2571 1207 2625; x_wconf 87' lang='lat' dir='ltr'>unumque</span> <span class='ocrx_word' id='word_1_355' title='bbox 1230 2555 1475 2608; x_wconf 88' lang='lat' dir='ltr'>medium</span> <span class='ocrx_word' id='word_1_356' title='bbox 1508 2561 1563 2608; x_wconf 90' lang='lat' dir='ltr'>et</span> <span class='ocrx_word' id='word_1_357' title='bbox 1589 2572 1765 2609; x_wconf 91' lang='lat' dir='ltr'>unum</span> <span class='ocrx_word' id='word_1_358' title='bbox 1795 2556 1962 2609; x_wconf 91' lang='lat' dir='ltr'>ﬁnem</span> <span class='ocrx_word' id='word_1_359' title='bbox 1989 2574 2002 2623; x_wconf 89' lang='lat'>;</span> 
     </span>
    </p>
   </div>
   <div class='ocr_carea' id='block_1_45' title="bbox 410 2642 2006 2714">
    <p class='ocr_par' dir='ltr' id='par_1_45' title="bbox 410 2642 2006 2714">
     <span class='ocr_line' id='line_1_45' title="bbox 410 2642 2006 2714; baseline 0.001 -18"><span class='ocrx_word' id='word_1_360' title='bbox 410 2660 515 2698; x_wconf 91' lang='lat' dir='ltr'>nec</span> <span class='ocrx_word' id='word_1_361' title='bbox 540 2644 718 2698; x_wconf 87' lang='lat' dir='ltr'>altera</span> <span class='ocrx_word' id='word_1_362' title='bbox 745 2642 867 2697; x_wconf 88' lang='lat' dir='ltr'>sine</span> <span class='ocrx_word' id='word_1_363' title='bbox 896 2643 1076 2696; x_wconf 89' lang='lat' dir='ltr'>altera</span> <span class='ocrx_word' id='word_1_364' title='bbox 1104 2642 1409 2713; x_wconf 88' lang='lat' dir='ltr'>quidquam</span> <span class='ocrx_word' id='word_1_365' title='bbox 1451 2643 1597 2713; x_wconf 90' lang='lat' dir='ltr'>gerit</span> <span class='ocrx_word' id='word_1_366' title='bbox 1639 2644 1787 2714; x_wconf 91' lang='lat' dir='ltr'>quod</span> <span class='ocrx_word' id='word_1_367' title='bbox 1830 2643 2006 2714; x_wconf 89' lang='lat' dir='ltr'>perfe-</span> 
     </span>
    </p>
   </div>
   <div class='ocr_carea' id='block_1_46' title="bbox 2093 1664 3691 1736">
    <p class='ocr_par' dir='ltr' id='par_1_46' title="bbox 2093 1664 3691 1736">
     <span class='ocr_line' id='line_1_46' title="bbox 2093 1664 3691 1736; baseline 0.002 -19"><span class='ocrx_word' id='word_1_368' title='bbox 2093 1665 2215 1718; x_wconf 89' lang='lat' dir='ltr'>scit.</span> <span class='ocrx_word' id='word_1_369' title='bbox 2252 1664 2409 1728; x_wconf 89' lang='lat' dir='ltr'>Quod</span> <span class='ocrx_word' id='word_1_370' title='bbox 2436 1665 2481 1717; x_wconf 90' lang='lat' dir='ltr'>si</span> <span class='ocrx_word' id='word_1_371' title='bbox 2505 1670 2744 1734; x_wconf 89' lang='lat' dir='ltr'>utroque</span> <span class='ocrx_word' id='word_1_372' title='bbox 2771 1667 2944 1735; x_wconf 85' lang='lat' dir='ltr'>pede;</span> <span class='ocrx_word' id='word_1_373' title='bbox 2975 1666 3204 1736; x_wconf 88' lang='lat' dir='ltr'>quinam</span> <span class='ocrx_word' id='word_1_374' title='bbox 3237 1667 3490 1720; x_wconf 83' lang='lat' dir='ltr'>incessus</span> <span class='ocrx_word' id='word_1_375' title='bbox 3518 1668 3691 1721; x_wconf 84' lang='lat' dir='ltr'>virtu-</span> 
     </span>
    </p>
   </div>
   <div class='ocr_carea' id='block_1_47' title="bbox 2092 1753 3693 1827">
    <p class='ocr_par' dir='ltr' id='par_1_47' title="bbox 2092 1753 3693 1827">
     <span class='ocr_line' id='line_1_47' title="bbox 2092 1753 3693 1827; baseline 0.002 -21"><span class='ocrx_word' id='word_1_376' title='bbox 2092 1758 2215 1807; x_wconf 85' lang='lat' dir='ltr'>tum</span> <span class='ocrx_word' id='word_1_377' title='bbox 2242 1753 2349 1806; x_wconf 87' lang='lat' dir='ltr'>erit</span> <span class='ocrx_word' id='word_1_378' title='bbox 2371 1754 2395 1805; x_wconf 86' lang='lat'><strong>?</strong></span> <span class='ocrx_word' id='word_1_379' title='bbox 2423 1753 2677 1807; x_wconf 86' lang='lat' dir='ltr'>Profecto</span> <span class='ocrx_word' id='word_1_380' title='bbox 2704 1754 2833 1823; x_wconf 87' lang='lat' dir='ltr'>quia</span> <span class='ocrx_word' id='word_1_381' title='bbox 2860 1754 2999 1808; x_wconf 90' lang='lat' dir='ltr'>ﬁdes</span> <span class='ocrx_word' id='word_1_382' title='bbox 3019 1771 3131 1808; x_wconf 93' lang='lat' dir='ltr'>non</span> <span class='ocrx_word' id='word_1_383' title='bbox 3154 1755 3275 1808; x_wconf 87' lang='lat' dir='ltr'>sine</span> <span class='ocrx_word' id='word_1_384' title='bbox 3296 1772 3414 1827; x_wconf 89' lang='lat' dir='ltr'>spe,</span> <span class='ocrx_word' id='word_1_385' title='bbox 3450 1772 3555 1809; x_wconf 92' lang='lat' dir='ltr'>nec</span> <span class='ocrx_word' id='word_1_386' title='bbox 3571 1773 3693 1827; x_wconf 83' lang='lat' dir='ltr'>spes</span> 
     </span>
    </p>
   </div>
   <div class='ocr_carea' id='block_1_48' title="bbox 2092 1843 3694 1916">
    <p class='ocr_par' dir='ltr' id='par_1_48' title="bbox 2092 1843 3694 1916">
     <span class='ocr_line' id='line_1_48' title="bbox 2092 1843 3694 1916; baseline 0.002 -19"><span class='ocrx_word' id='word_1_387' title='bbox 2092 1843 2212 1897; x_wconf 90' lang='lat' dir='ltr'>sine</span> <span class='ocrx_word' id='word_1_388' title='bbox 2244 1844 2350 1897; x_wconf 92' lang='lat' dir='ltr'>ﬁde</span> <span class='ocrx_word' id='word_1_389' title='bbox 2386 1844 2625 1913; x_wconf 88' lang='lat' dir='ltr'>proﬁcit,</span> <span class='ocrx_word' id='word_1_390' title='bbox 2657 1844 2753 1897; x_wconf 88' lang='lat' dir='ltr'>sed</span> <span class='ocrx_word' id='word_1_391' title='bbox 2785 1843 3018 1898; x_wconf 87' lang='lat' dir='ltr'>alterius</span> <span class='ocrx_word' id='word_1_392' title='bbox 3051 1844 3337 1914; x_wconf 82' lang='lat' dir='ltr'>gressibus</span> <span class='ocrx_word' id='word_1_393' title='bbox 3366 1862 3694 1916; x_wconf 84' lang='lat' dir='ltr'>proponun-</span> 
     </span>
    </p>
   </div>
   <div class='ocr_carea' id='block_1_49' title="bbox 2090 1932 3691 2007">
    <p class='ocr_par' dir='ltr' id='par_1_49' title="bbox 2090 1932 3691 2007">
     <span class='ocr_line' id='line_1_49' title="bbox 2090 1932 3691 2007; baseline 0.002 -22"><span class='ocrx_word' id='word_1_394' title='bbox 2090 1938 2203 1996; x_wconf 91' lang='lat' dir='ltr'>tur,</span> <span class='ocrx_word' id='word_1_395' title='bbox 2238 1938 2295 1985; x_wconf 93' lang='lat' dir='ltr'>et</span> <span class='ocrx_word' id='word_1_396' title='bbox 2324 1948 2435 1985; x_wconf 93' lang='lat' dir='ltr'>uno</span> <span class='ocrx_word' id='word_1_397' title='bbox 2465 1932 2756 1986; x_wconf 86' lang='lat' dir='ltr'>charitatis</span> <span class='ocrx_word' id='word_1_398' title='bbox 2797 1932 3151 1987; x_wconf 87' lang='lat' dir='ltr'>viviﬁcantur</span> <span class='ocrx_word' id='word_1_399' title='bbox 3173 1933 3413 2003; x_wconf 88' lang='lat' dir='ltr'>spiritu;</span> <span class='ocrx_word' id='word_1_400' title='bbox 3440 1936 3691 2007; x_wconf 84' lang='lat' dir='ltr'>alioquin</span> 
     </span>
    </p>
   </div>
   <div class='ocr_carea' id='block_1_50' title="bbox 2091 2021 3693 2094">
    <p class='ocr_par' dir='ltr' id='par_1_50' title="bbox 2091 2021 3693 2094">
     <span class='ocr_line' id='line_1_50' title="bbox 2091 2021 3693 2094; baseline 0.002 -20"><span class='ocrx_word' id='word_1_401' title='bbox 2091 2021 2370 2092; x_wconf 92' lang='lat' dir='ltr'>quomodo</span> <span class='ocrx_word' id='word_1_402' title='bbox 2396 2022 2549 2086; x_wconf 85' lang='lat' dir='ltr'>ﬁdes,</span> <span class='ocrx_word' id='word_1_403' title='bbox 2580 2022 2683 2075; x_wconf 89' lang='lat' dir='ltr'>etsi</span> <span class='ocrx_word' id='word_1_404' title='bbox 2705 2021 2897 2075; x_wconf 90' lang='lat' dir='ltr'>credat</span> <span class='ocrx_word' id='word_1_405' title='bbox 2936 2022 3136 2087; x_wconf 91' lang='lat' dir='ltr'>Deum,</span> <span class='ocrx_word' id='word_1_406' title='bbox 3169 2023 3293 2076; x_wconf 90' lang='lat' dir='ltr'>sine</span> <span class='ocrx_word' id='word_1_407' title='bbox 3330 2040 3433 2094; x_wconf 88' lang='lat' dir='ltr'><strong>spe</strong></span> <span class='ocrx_word' id='word_1_408' title='bbox 3462 2025 3536 2078; x_wconf 89' lang='lat' dir='ltr'>ad</span> <span class='ocrx_word' id='word_1_409' title='bbox 3566 2042 3693 2078; x_wconf 87' lang='lat' dir='ltr'>eum</span> 
     </span>
    </p>
   </div>
   <div class='ocr_carea' id='block_1_51' title="bbox 2090 2110 3691 2182">
    <p class='ocr_par' dir='ltr' id='par_1_51' title="bbox 2090 2110 3691 2182">
     <span class='ocr_line' id='line_1_51' title="bbox 2090 2110 3691 2182; baseline 0.002 -19"><span class='ocrx_word' id='word_1_410' title='bbox 2090 2115 2355 2181; x_wconf 88' lang='lat' dir='ltr'>properat</span> <span class='ocrx_word' id='word_1_411' title='bbox 2375 2121 2422 2173; x_wconf 67' lang='grc' dir='ltr'><em>ε,</em></span> <span class='ocrx_word' id='word_1_412' title='bbox 2451 2110 2521 2163; x_wconf 91' lang='lat' dir='ltr'>ad</span> <span class='ocrx_word' id='word_1_413' title='bbox 2545 2126 2709 2180; x_wconf 89' lang='lat' dir='ltr'>quem</span> <span class='ocrx_word' id='word_1_414' title='bbox 2750 2111 3041 2181; x_wconf 76' lang='lat' dir='ltr'>pervenire</span> <span class='ocrx_word' id='word_1_415' title='bbox 3063 2111 3297 2165; x_wconf 90' lang='lat' dir='ltr'>minime</span> <span class='ocrx_word' id='word_1_416' title='bbox 3321 2119 3517 2182; x_wconf 88' lang='lat' dir='ltr'>sperat</span> <span class='ocrx_word' id='word_1_417' title='bbox 3549 2129 3565 2165; x_wconf 94' lang='lat'>:</span> <span class='ocrx_word' id='word_1_418' title='bbox 3596 2122 3691 2167; x_wconf 87' lang='lat' dir='ltr'>aut</span> 
     </span>
    </p>
   </div>
   <div class='ocr_carea' id='block_1_52' title="bbox 2093 2199 3689 2270">
    <p class='ocr_par' dir='ltr' id='par_1_52' title="bbox 2093 2199 3689 2270">
     <span class='ocr_line' id='line_1_52' title="bbox 2093 2199 3689 2270; baseline 0.003 -18"><span class='ocrx_word' id='word_1_419' title='bbox 2093 2200 2372 2270; x_wconf 90' lang='lat' dir='ltr'>quomodo</span> <span class='ocrx_word' id='word_1_420' title='bbox 2402 2216 2529 2270; x_wconf 88' lang='lat' dir='ltr'><strong>spes</strong></span> <span class='ocrx_word' id='word_1_421' title='bbox 2568 2199 2827 2270; x_wconf 86' lang='lat' dir='ltr'>graditur</span> <span class='ocrx_word' id='word_1_422' title='bbox 2851 2199 2897 2265; x_wconf 73' lang='grc' dir='ltr'>ιι,</span> <span class='ocrx_word' id='word_1_423' title='bbox 2940 2201 2987 2254; x_wconf 93' lang='lat' dir='ltr'>si</span> <span class='ocrx_word' id='word_1_424' title='bbox 3020 2216 3133 2253; x_wconf 93' lang='lat' dir='ltr'>non</span> <span class='ocrx_word' id='word_1_425' title='bbox 3162 2207 3250 2254; x_wconf 91' lang='lat' dir='ltr'>est</span> <span class='ocrx_word' id='word_1_426' title='bbox 3279 2201 3339 2255; x_wconf 90' lang='lat' dir='ltr'>in</span> <span class='ocrx_word' id='word_1_427' title='bbox 3373 2202 3508 2267; x_wconf 91' lang='lat' dir='ltr'>ﬁde,</span> <span class='ocrx_word' id='word_1_428' title='bbox 3558 2202 3689 2257; x_wconf 83' lang='lat' dir='ltr'>sub-</span> 
     </span>
    </p>
   </div>
   <div class='ocr_carea' id='block_1_53' title="bbox 2091 2288 3688 2361">
    <p class='ocr_par' dir='ltr' id='par_1_53' title="bbox 2091 2288 3688 2361">
     <span class='ocr_line' id='line_1_53' title="bbox 2091 2288 3688 2361; baseline 0.004 -21"><span class='ocrx_word' id='word_1_429' title='bbox 2091 2288 2301 2341; x_wconf 88' lang='lat' dir='ltr'>stantia</span> <span class='ocrx_word' id='word_1_430' title='bbox 2317 2288 2742 2358; x_wconf 90' lang='lat' dir='ltr'>sperandorum,</span> <span class='ocrx_word' id='word_1_431' title='bbox 2760 2288 2829 2342; x_wconf 91' lang='lat' dir='ltr'>ad</span> <span class='ocrx_word' id='word_1_432' title='bbox 2852 2305 3020 2358; x_wconf 89' lang='lat' dir='ltr'>quam</span> <span class='ocrx_word' id='word_1_433' title='bbox 3040 2290 3288 2360; x_wconf 85' lang='lat' dir='ltr'>quotidie</span> <span class='ocrx_word' id='word_1_434' title='bbox 3306 2292 3688 2361; x_wconf 83' lang='lat' dir='ltr'>propulsando</span> 
     </span>
    </p>
   </div>
   <div class='ocr_carea' id='block_1_54' title="bbox 2090 2376 3685 2449">
    <p class='ocr_par' dir='ltr' id='par_1_54' title="bbox 2090 2376 3685 2449">
     <span class='ocr_line' id='line_1_54' title="bbox 2090 2376 3685 2449; baseline 0.004 -20"><span class='ocrx_word' id='word_1_435' title='bbox 2090 2376 2198 2449; x_wconf 90' lang='lat' dir='ltr'>piis</span> <span class='ocrx_word' id='word_1_436' title='bbox 2226 2376 2528 2446; x_wconf 89' lang='lat' dir='ltr'>gemitibus</span> <span class='ocrx_word' id='word_1_437' title='bbox 2550 2377 2796 2447; x_wconf 89' lang='lat' dir='ltr'>suspiret</span> <span class='ocrx_word' id='word_1_438' title='bbox 2815 2377 2840 2429; x_wconf 70' lang='grc' dir='ltr'><em>Ἰ</em></span> <span class='ocrx_word' id='word_1_439' title='bbox 2860 2377 2944 2430; x_wconf 86' lang='lat' dir='ltr'>Ad</span> <span class='ocrx_word' id='word_1_440' title='bbox 2965 2378 3063 2431; x_wconf 89' lang='lat' dir='ltr'>illa</span> <span class='ocrx_word' id='word_1_441' title='bbox 3089 2378 3265 2447; x_wconf 84' lang='lat' dir='ltr'>igitur</span> <span class='ocrx_word' id='word_1_442' title='bbox 3291 2395 3421 2449; x_wconf 88' lang='lat' dir='ltr'>spes</span> <span class='ocrx_word' id='word_1_443' title='bbox 3439 2380 3685 2445; x_wconf 82' lang='lat' dir='ltr'>festinat,</span> 
     </span>
    </p>
   </div>
   <div class='ocr_carea' id='block_1_55' title="bbox 2091 2466 3690 2536">
    <p class='ocr_par' dir='ltr' id='par_1_55' title="bbox 2091 2466 3690 2536">
     <span class='ocr_line' id='line_1_55' title="bbox 2091 2466 3690 2536; baseline 0.004 -18"><span class='ocrx_word' id='word_1_444' title='bbox 2091 2482 2213 2536; x_wconf 77' lang='lat' dir='ltr'>quae</span> <span class='ocrx_word' id='word_1_445' title='bbox 2242 2466 2380 2519; x_wconf 85' lang='lat' dir='ltr'>ﬁdes</span> <span class='ocrx_word' id='word_1_446' title='bbox 2406 2466 2585 2519; x_wconf 88' lang='lat' dir='ltr'>credit</span> <span class='ocrx_word' id='word_1_447' title='bbox 2619 2472 2676 2520; x_wconf 91' lang='lat' dir='ltr'>et</span> <span class='ocrx_word' id='word_1_448' title='bbox 2721 2466 2964 2520; x_wconf 87' lang='lat' dir='ltr'>charitas</span> <span class='ocrx_word' id='word_1_449' title='bbox 3002 2467 3325 2521; x_wconf 88' lang='lat' dir='ltr'>desiderat:</span> <span class='ocrx_word' id='word_1_450' title='bbox 3358 2472 3418 2521; x_wconf 87' lang='lat' dir='ltr'>et</span> <span class='ocrx_word' id='word_1_451' title='bbox 3445 2470 3594 2535; x_wconf 86' lang='lat' dir='ltr'>ideo,</span> <span class='ocrx_word' id='word_1_452' title='bbox 3629 2476 3690 2524; x_wconf 89' lang='lat' dir='ltr'>ut</span> 
     </span>
    </p>
   </div>
   <div class='ocr_carea' id='block_1_56' title="bbox 2088 2554 3686 2629">
    <p class='ocr_par' dir='ltr' id='par_1_56' title="bbox 2088 2554 3686 2629">
     <span class='ocr_line' id='line_1_56' title="bbox 2088 2554 3686 2629; baseline 0.004 -22"><span class='ocrx_word' id='word_1_453' title='bbox 2088 2554 2349 2620; x_wconf 82' lang='lat' dir='ltr'>diximus,</span> <span class='ocrx_word' id='word_1_454' title='bbox 2376 2571 2408 2608; x_wconf 90' lang='lat' dir='ltr'>a</span> <span class='ocrx_word' id='word_1_455' title='bbox 2437 2555 2644 2609; x_wconf 87' lang='lat' dir='ltr'>sanctis</span> <span class='ocrx_word' id='word_1_456' title='bbox 2671 2554 2932 2609; x_wconf 88' lang='lat' dir='ltr'>Patribus</span> <span class='ocrx_word' id='word_1_457' title='bbox 2968 2572 3095 2626; x_wconf 89' lang='lat' dir='ltr'>spes</span> <span class='ocrx_word' id='word_1_458' title='bbox 3136 2556 3304 2622; x_wconf 89' lang='lat' dir='ltr'>dicta,</span> <span class='ocrx_word' id='word_1_459' title='bbox 3339 2574 3405 2611; x_wconf 90' lang='lat' dir='ltr'>eo</span> <span class='ocrx_word' id='word_1_460' title='bbox 3435 2560 3588 2629; x_wconf 89' lang='lat' dir='ltr'>quod</span> <span class='ocrx_word' id='word_1_461' title='bbox 3617 2559 3686 2613; x_wconf 85' lang='lat' dir='ltr'>sit</span> 
     </span>
    </p>
   </div>
   <div class='ocr_carea' id='block_1_57' title="bbox 2089 2642 3686 2718">
    <p class='ocr_par' dir='ltr' id='par_1_57' title="bbox 2089 2642 3686 2718">
     <span class='ocr_line' id='line_1_57' title="bbox 2089 2642 3686 2718; baseline 0.003 -21"><span class='ocrx_word' id='word_1_462' title='bbox 2089 2661 2187 2714; x_wconf 85' lang='lat' dir='ltr'>pes</span> <span class='ocrx_word' id='word_1_463' title='bbox 2216 2642 2309 2696; x_wconf 80' lang='lat' dir='ltr'>iin</span> <span class='ocrx_word' id='word_1_464' title='bbox 2337 2643 2558 2697; x_wconf 90' lang='lat' dir='ltr'>Christo</span> <span class='ocrx_word' id='word_1_465' title='bbox 2587 2644 3029 2715; x_wconf 88' lang='lat' dir='ltr'>proﬁcientibus;</span> <span class='ocrx_word' id='word_1_466' title='bbox 3051 2646 3196 2699; x_wconf 90' lang='lat' dir='ltr'>sicut</span> <span class='ocrx_word' id='word_1_467' title='bbox 3220 2648 3541 2701; x_wconf 87' lang='lat' dir='ltr'>econtrario</span> <span class='ocrx_word' id='word_1_468' title='bbox 3559 2665 3686 2718; x_wconf 57' lang='lat' dir='ltr'>apo.</span> 
     </span>
    </p>
   </div>
   <div class='ocr_carea' id='block_1_58' title="bbox 409 2732 3684 2807">
    <p class='ocr_par' dir='ltr' id='par_1_58' title="bbox 409 2732 3684 2807">
     <span class='ocr_line' id='line_1_58' title="bbox 409 2732 3684 2807; baseline 0.002 -22"><span class='ocrx_word' id='word_1_469' title='bbox 409 2738 561 2787; x_wconf 89' lang='lat' dir='ltr'>ctum</span> <span class='ocrx_word' id='word_1_470' title='bbox 592 2733 684 2800; x_wconf 92' lang='lat' dir='ltr'>sit,</span> <span class='ocrx_word' id='word_1_471' title='bbox 709 2738 766 2787; x_wconf 91' lang='lat' dir='ltr'>et</span> <span class='ocrx_word' id='word_1_472' title='bbox 793 2733 918 2787; x_wconf 92' lang='lat' dir='ltr'>ideo</span> <span class='ocrx_word' id='word_1_473' title='bbox 939 2733 1235 2797; x_wconf 88' lang='lat' dir='ltr'>orandum,</span> <span class='ocrx_word' id='word_1_474' title='bbox 1276 2738 1341 2785; x_wconf 91' lang='lat' dir='ltr'>ut</span> <span class='ocrx_word' id='word_1_475' title='bbox 1362 2733 1511 2804; x_wconf 91' lang='lat' dir='ltr'>quod</span> <span class='ocrx_word' id='word_1_476' title='bbox 1539 2732 1759 2804; x_wconf 86' lang='lat' dir='ltr'>agimus</span> <span class='ocrx_word' id='word_1_477' title='bbox 1788 2734 1897 2787; x_wconf 91' lang='lat' dir='ltr'>ﬁde</span> <span class='ocrx_word' id='word_1_478' title='bbox 1926 2740 2007 2786; x_wconf 89' lang='lat' dir='ltr'>at-</span> <span class='ocrx_word' id='word_1_479' title='bbox 2090 2732 2250 2786; x_wconf 88' lang='lat' dir='ltr'>statis</span> <span class='ocrx_word' id='word_1_480' title='bbox 2301 2738 2359 2786; x_wconf 92' lang='lat' dir='ltr'>et</span> <span class='ocrx_word' id='word_1_481' title='bbox 2401 2732 2608 2803; x_wconf 88' lang='lat' dir='ltr'>impiis,</span> <span class='ocrx_word' id='word_1_482' title='bbox 2648 2733 2850 2803; x_wconf 90' lang='lat' dir='ltr'>quibus</span> <span class='ocrx_word' id='word_1_483' title='bbox 2890 2734 3048 2788; x_wconf 89' lang='lat' dir='ltr'>deest</span> <span class='ocrx_word' id='word_1_484' title='bbox 3076 2750 3172 2805; x_wconf 90' lang='lat' dir='ltr'><strong>pes</strong></span> <span class='ocrx_word' id='word_1_485' title='bbox 3202 2740 3260 2789; x_wconf 89' lang='lat' dir='ltr'>et</span> <span class='ocrx_word' id='word_1_486' title='bbox 3287 2736 3528 2790; x_wconf 84' lang='lat' dir='ltr'>facultas</span> <span class='ocrx_word' id='word_1_487' title='bbox 3555 2754 3684 2807; x_wconf 85' lang='lat' dir='ltr'>gra-</span> 
     </span>
    </p>
   </div>
   <div class='ocr_carea' id='block_1_59' title="bbox 410 2821 1278 2895">
    <p class='ocr_par' dir='ltr' id='par_1_59' title="bbox 410 2821 1278 2895">
     <span class='ocr_line' id='line_1_59' title="bbox 410 2821 1278 2895; baseline -0.002 -18"><span class='ocrx_word' id='word_1_488' title='bbox 410 2838 518 2894; x_wconf 85' lang='lat' dir='ltr'>que</span> <span class='ocrx_word' id='word_1_489' title='bbox 546 2838 662 2895; x_wconf 90' lang='lat' dir='ltr'>spe,</span> <span class='ocrx_word' id='word_1_490' title='bbox 695 2838 919 2893; x_wconf 89' lang='lat' dir='ltr'>semper</span> <span class='ocrx_word' id='word_1_491' title='bbox 946 2838 1011 2875; x_wconf 87' lang='lat' dir='ltr'>ex</span> <span class='ocrx_word' id='word_1_492' title='bbox 1041 2821 1155 2879; x_wconf 91' lang='lat' dir='ltr'>Deo</span> <span class='ocrx_word' id='word_1_493' title='bbox 1187 2821 1278 2875; x_wconf 89' lang='lat' dir='ltr'>sit.</span> 
     </span>
    </p>
   </div>
   <div class='ocr_carea' id='block_1_60' title="bbox 1029 2945 1386 3002">
    <p class='ocr_par' dir='ltr' id='par_1_60' title="bbox 1029 2945 1386 3002">
     <span class='ocr_line' id='line_1_60' title="bbox 1029 2945 1386 3002; baseline 0.006 -2"><span class='ocrx_word' id='word_1_494' title='bbox 1029 2945 1263 3000; x_wconf 83' lang='lat' dir='ltr'>CAPUT</span> <span class='ocrx_word' id='word_1_495' title='bbox 1291 2945 1386 3002; x_wconf 86' lang='lat' dir='ltr'>IV.</span> 
     </span>
    </p>
   </div>
   <div class='ocr_carea' id='block_1_61' title="bbox 912 3070 1532 3136">
    <p class='ocr_par' dir='ltr' id='par_1_61' title="bbox 912 3070 1532 3136">
     <span class='ocr_line' id='line_1_61' title="bbox 912 3070 1532 3136; baseline -0.002 -15"><span class='ocrx_word' id='word_1_496' title='bbox 912 3070 1091 3135; x_wconf 82' lang='lat' dir='ltr'>Quare</span> <span class='ocrx_word' id='word_1_497' title='bbox 1123 3070 1271 3122; x_wconf 84' lang='lat' dir='ltr'>dicta</span> <span class='ocrx_word' id='word_1_498' title='bbox 1300 3071 1372 3121; x_wconf 85' lang='lat' dir='ltr'>sit</span> <span class='ocrx_word' id='word_1_499' title='bbox 1400 3084 1532 3136; x_wconf 87' lang='lat' dir='ltr'>spes.</span> 
     </span>
    </p>
   </div>
   <div class='ocr_carea' id='block_1_62' title="bbox 489 3173 1999 3245">
    <p class='ocr_par' dir='ltr' id='par_1_62' title="bbox 489 3173 1999 3245">
     <span class='ocr_line' id='line_1_62' title="bbox 489 3173 1999 3245; baseline 0 -15"><span class='ocrx_word' id='word_1_500' title='bbox 489 3176 538 3231; x_wconf 92' lang='lat' dir='ltr'>l.</span> <span class='ocrx_word' id='word_1_501' title='bbox 572 3174 730 3229; x_wconf 91' lang='lat' dir='ltr'>Sicut</span> <span class='ocrx_word' id='word_1_502' title='bbox 757 3174 1109 3245; x_wconf 67' lang='lat' dir='ltr'>etymologiae</span> <span class='ocrx_word' id='word_1_503' title='bbox 1140 3173 1339 3245; x_wconf 86' lang='lat' dir='ltr'>probat</span> <span class='ocrx_word' id='word_1_504' title='bbox 1369 3174 1595 3237; x_wconf 90' lang='lat' dir='ltr'>veritas,</span> <span class='ocrx_word' id='word_1_505' title='bbox 1634 3180 1692 3229; x_wconf 91' lang='lat' dir='ltr'>et</span> <span class='ocrx_word' id='word_1_506' title='bbox 1722 3176 1999 3245; x_wconf 84' lang='lat' dir='ltr'>majorum</span> 
     </span>
    </p>
   </div>
   <div class='ocr_carea' id='block_1_63' title="bbox 404 3271 1998 3346">
    <p class='ocr_par' dir='ltr' id='par_1_63' title="bbox 404 3271 1998 3346">
     <span class='ocr_line' id='line_1_63' title="bbox 404 3271 1998 3346; baseline 0 -18"><span class='ocrx_word' id='word_1_507' title='bbox 404 3272 566 3333; x_wconf 86' lang='lat' dir='ltr'>dictis</span> <span class='ocrx_word' id='word_1_508' title='bbox 590 3277 878 3339; x_wconf 81' lang='lat' dir='ltr'>annuitur,</span> <span class='ocrx_word' id='word_1_509' title='bbox 909 3288 1035 3342; x_wconf 86' lang='lat' dir='ltr'>spes</span> <span class='ocrx_word' id='word_1_510' title='bbox 1060 3271 1209 3324; x_wconf 90' lang='lat' dir='ltr'>dicta</span> <span class='ocrx_word' id='word_1_511' title='bbox 1229 3276 1313 3325; x_wconf 88' lang='lat' dir='ltr'>est</span> <span class='ocrx_word' id='word_1_512' title='bbox 1342 3272 1499 3343; x_wconf 89' lang='lat' dir='ltr'>quasi</span> <span class='ocrx_word' id='word_1_513' title='bbox 1522 3277 1606 3327; x_wconf 87' lang='lat' dir='ltr'>est</span> <span class='ocrx_word' id='word_1_514' title='bbox 1629 3290 1745 3344; x_wconf 90' lang='lat' dir='ltr'>pes,</span> <span class='ocrx_word' id='word_1_515' title='bbox 1770 3290 1833 3327; x_wconf 89' lang='lat' dir='ltr'>eo</span> <span class='ocrx_word' id='word_1_516' title='bbox 1851 3274 1998 3346; x_wconf 91' lang='lat' dir='ltr'>quod</span> 
     </span>
    </p>
   </div>
   <div class='ocr_carea' id='block_1_64' title="bbox 403 3360 1998 3433">
    <p class='ocr_par' dir='ltr' id='par_1_64' title="bbox 403 3360 1998 3433">
     <span class='ocr_line' id='line_1_64' title="bbox 403 3360 1998 3433; baseline -0.001 -16"><span class='ocrx_word' id='word_1_517' title='bbox 403 3378 625 3432; x_wconf 91' lang='lat' dir='ltr'>semper</span> <span class='ocrx_word' id='word_1_518' title='bbox 649 3361 904 3415; x_wconf 77' lang='lat' dir='ltr'>effectum</span> <span class='ocrx_word' id='word_1_519' title='bbox 934 3360 1140 3413; x_wconf 83' lang='lat' dir='ltr'>habeat</span> <span class='ocrx_word' id='word_1_520' title='bbox 1153 3361 1542 3430; x_wconf 85' lang='lat' dir='ltr'>progrediendi</span> <span class='ocrx_word' id='word_1_521' title='bbox 1558 3362 1627 3415; x_wconf 89' lang='lat' dir='ltr'>ad</span> <span class='ocrx_word' id='word_1_522' title='bbox 1643 3378 1709 3415; x_wconf 90' lang='lat' dir='ltr'>ea</span> <span class='ocrx_word' id='word_1_523' title='bbox 1726 3379 1847 3433; x_wconf 72' lang='lat' dir='ltr'>qua:</span> <span class='ocrx_word' id='word_1_524' title='bbox 1869 3379 1998 3417; x_wconf 87' lang='lat' dir='ltr'>cum</span> 
     </span>
    </p>
   </div>
   <div class='ocr_carea' id='block_1_65' title="bbox 402 3448 1999 3522">
    <p class='ocr_par' dir='ltr' id='par_1_65' title="bbox 402 3448 1999 3522">
     <span class='ocr_line' id='line_1_65' title="bbox 402 3448 1999 3522; baseline -0.001 -16"><span class='ocrx_word' id='word_1_525' title='bbox 402 3451 681 3506; x_wconf 89' lang='lat' dir='ltr'>desiderio</span> <span class='ocrx_word' id='word_1_526' title='bbox 731 3456 1013 3522; x_wconf 84' lang='lat' dir='ltr'>exspectat</span> <span class='ocrx_word' id='word_1_527' title='bbox 1059 3448 1411 3513; x_wconf 88' lang='lat' dir='ltr'>ﬁducialiter,</span> <span class='ocrx_word' id='word_1_528' title='bbox 1445 3457 1502 3503; x_wconf 93' lang='lat' dir='ltr'>et</span> <span class='ocrx_word' id='word_1_529' title='bbox 1529 3467 1657 3505; x_wconf 90' lang='lat' dir='ltr'>cum</span> <span class='ocrx_word' id='word_1_530' title='bbox 1697 3450 1999 3504; x_wconf 83' lang='lat' dir='ltr'>aﬂlictione</span> 
     </span>
    </p>
   </div>
   <div class='ocr_carea' id='block_1_66' title="bbox 400 3538 1998 3611">
    <p class='ocr_par' dir='ltr' id='par_1_66' title="bbox 400 3538 1998 3611">
     <span class='ocr_line' id='line_1_66' title="bbox 400 3538 1998 3611; baseline -0.001 -16"><span class='ocrx_word' id='word_1_531' title='bbox 400 3540 574 3598; x_wconf 87' lang='lat' dir='ltr'>animi</span> <span class='ocrx_word' id='word_1_532' title='bbox 598 3540 843 3596; x_wconf 89' lang='lat' dir='ltr'>sustinet</span> <span class='ocrx_word' id='word_1_533' title='bbox 872 3538 1167 3611; x_wconf 90' lang='lat' dir='ltr'>patienter.</span> <span class='ocrx_word' id='word_1_534' title='bbox 1195 3539 1337 3592; x_wconf 86' lang='lat' dir='ltr'>Hinc</span> <span class='ocrx_word' id='word_1_535' title='bbox 1366 3555 1587 3610; x_wconf 88' lang='lat' dir='ltr'>quoque</span> <span class='ocrx_word' id='word_1_536' title='bbox 1609 3539 1815 3609; x_wconf 89' lang='lat' dir='ltr'>legitur</span> <span class='ocrx_word' id='word_1_537' title='bbox 1837 3561 1848 3594; x_wconf 91' lang='lat'>:</span> <span class='ocrx_word' id='word_1_538' title='bbox 1870 3540 1998 3609; x_wconf 83' lang='lat' dir='ltr'>Spes</span> 
     </span>
    </p>
   </div>
   <div class='ocr_carea' id='block_1_67' title="bbox 398 3627 1994 3700">
    <p class='ocr_par' dir='ltr' id='par_1_67' title="bbox 398 3627 1994 3700">
     <span class='ocr_line' id='line_1_67' title="bbox 398 3627 1994 3700; baseline -0.001 -19"><span class='ocrx_word' id='word_1_539' title='bbox 398 3645 517 3700; x_wconf 65' lang='lat' dir='ltr'>quae</span> <span class='ocrx_word' id='word_1_540' title='bbox 544 3630 803 3695; x_wconf 71' lang='lat' dir='ltr'>cli/fertur</span> <span class='ocrx_word' id='word_1_541' title='bbox 826 3629 1031 3697; x_wconf 80' lang='lat' dir='ltr'>afﬂigit</span> <span class='ocrx_word' id='word_1_542' title='bbox 1061 3630 1313 3680; x_wconf 87' lang='lat' dir='ltr'>animam</span> <span class='ocrx_word' id='word_1_543' title='bbox 1345 3629 1503 3694; x_wconf 83' lang='lat' dir='ltr'>(Prov</span> <span class='ocrx_word' id='word_1_544' title='bbox 1556 3642 1674 3692; x_wconf 85' lang='lat' dir='ltr'>xn.,</span> <span class='ocrx_word' id='word_1_545' title='bbox 1702 3627 1784 3696; x_wconf 83' lang='grc'>12)</span> <span class='ocrx_word' id='word_1_546' title='bbox 1827 3646 1839 3693; x_wconf 90' lang='grc'>;</span> <span class='ocrx_word' id='word_1_547' title='bbox 1886 3645 1994 3682; x_wconf 91' lang='lat' dir='ltr'>non</span> 
     </span>
    </p>
   </div>
   <div class='ocr_carea' id='block_1_68' title="bbox 398 3715 1996 3789">
    <p class='ocr_par' dir='ltr' id='par_1_68' title="bbox 398 3715 1996 3789">
     <span class='ocr_line' id='line_1_68' title="bbox 398 3715 1996 3789; baseline -0.001 -19"><span class='ocrx_word' id='word_1_548' title='bbox 398 3717 545 3789; x_wconf 90' lang='lat' dir='ltr'>quod</span> <span class='ocrx_word' id='word_1_549' title='bbox 568 3716 824 3787; x_wconf 84' lang='lat' dir='ltr'>passibus</span> <span class='ocrx_word' id='word_1_550' title='bbox 855 3717 1121 3770; x_wconf 87' lang='lat' dir='ltr'>virtutum</span> <span class='ocrx_word' id='word_1_551' title='bbox 1155 3715 1225 3767; x_wconf 87' lang='lat' dir='ltr'>ad</span> <span class='ocrx_word' id='word_1_552' title='bbox 1259 3733 1325 3767; x_wconf 80' lang='lat' dir='ltr'>ea</span> <span class='ocrx_word' id='word_1_553' title='bbox 1354 3732 1475 3785; x_wconf 74' lang='lat' dir='ltr'>quae</span> <span class='ocrx_word' id='word_1_554' title='bbox 1505 3715 1688 3769; x_wconf 88' lang='lat' dir='ltr'>inhiat</span> <span class='ocrx_word' id='word_1_555' title='bbox 1726 3733 1837 3769; x_wconf 91' lang='lat' dir='ltr'>non</span> <span class='ocrx_word' id='word_1_556' title='bbox 1867 3734 1996 3788; x_wconf 90' lang='lat' dir='ltr'>per-</span> 
     </span>
    </p>
   </div>
   <div class='ocr_carea' id='block_1_69' title="bbox 395 3805 1994 3876">
    <p class='ocr_par' dir='ltr' id='par_1_69' title="bbox 395 3805 1994 3876">
     <span class='ocr_line' id='line_1_69' title="bbox 395 3805 1994 3876; baseline 0.001 -18"><span class='ocrx_word' id='word_1_557' title='bbox 395 3811 497 3876; x_wconf 89' lang='lat' dir='ltr'>gat</span> <span class='ocrx_word' id='word_1_558' title='bbox 517 3823 731 3870; x_wconf 88' lang='lat' dir='ltr'>secura,</span> <span class='ocrx_word' id='word_1_559' title='bbox 752 3806 849 3860; x_wconf 87' lang='lat' dir='ltr'>sed</span> <span class='ocrx_word' id='word_1_560' title='bbox 881 3806 1014 3875; x_wconf 88' lang='lat' dir='ltr'>quia</span> <span class='ocrx_word' id='word_1_561' title='bbox 1045 3805 1335 3860; x_wconf 87' lang='lat' dir='ltr'>ardentius</span> <span class='ocrx_word' id='word_1_562' title='bbox 1352 3822 1508 3858; x_wconf 87' lang='lat' dir='ltr'>mens</span> <span class='ocrx_word' id='word_1_563' title='bbox 1537 3810 1756 3867; x_wconf 73' lang='lat' dir='ltr'>zestuat,</span> <span class='ocrx_word' id='word_1_564' title='bbox 1782 3806 1915 3859; x_wconf 91' lang='lat' dir='ltr'>dum</span> <span class='ocrx_word' id='word_1_565' title='bbox 1938 3813 1994 3859; x_wconf 93' lang='lat' dir='ltr'>et</span> 
     </span>
    </p>
   </div>
   <div class='ocr_carea' id='block_1_70' title="bbox 397 3893 1995 3966">
    <p class='ocr_par' dir='ltr' id='par_1_70' title="bbox 397 3893 1995 3966">
     <span class='ocr_line' id='line_1_70' title="bbox 397 3893 1995 3966; baseline -0.001 -17"><span class='ocrx_word' id='word_1_566' title='bbox 397 3911 466 3949; x_wconf 84' lang='lat' dir='ltr'>ea</span> <span class='ocrx_word' id='word_1_567' title='bbox 492 3911 592 3966; x_wconf 80' lang='lat' dir='ltr'>per</span> <span class='ocrx_word' id='word_1_568' title='bbox 611 3896 777 3949; x_wconf 88' lang='lat' dir='ltr'>ﬁdem</span> <span class='ocrx_word' id='word_1_569' title='bbox 806 3894 1031 3965; x_wconf 84' lang='lat' dir='ltr'>inspicit</span> <span class='ocrx_word' id='word_1_570' title='bbox 1058 3908 1179 3965; x_wconf 73' lang='lat' dir='ltr'>qua:</span> <span class='ocrx_word' id='word_1_571' title='bbox 1205 3895 1325 3964; x_wconf 88' lang='lat' dir='ltr'>jam</span> <span class='ocrx_word' id='word_1_572' title='bbox 1354 3893 1408 3946; x_wconf 89' lang='lat' dir='ltr'>in</span> <span class='ocrx_word' id='word_1_573' title='bbox 1440 3909 1537 3965; x_wconf 91' lang='lat' dir='ltr'><strong>spe</strong></span> <span class='ocrx_word' id='word_1_574' title='bbox 1566 3894 1829 3964; x_wconf 89' lang='lat' dir='ltr'>percepit,</span> <span class='ocrx_word' id='word_1_575' title='bbox 1865 3893 1995 3948; x_wconf 88' lang='lat' dir='ltr'>licet</span> 
     </span>
    </p>
   </div>
   <div class='ocr_carea' id='block_1_71' title="bbox 396 3982 1989 4054">
    <p class='ocr_par' dir='ltr' id='par_1_71' title="bbox 396 3982 1989 4054">
     <span class='ocr_line' id='line_1_71' title="bbox 396 3982 1989 4054; baseline -0.001 -16"><span class='ocrx_word' id='word_1_576' title='bbox 396 3984 457 4038; x_wconf 90' lang='lat' dir='ltr'>in</span> <span class='ocrx_word' id='word_1_577' title='bbox 485 4000 546 4038; x_wconf 87' lang='lat' dir='ltr'>re</span> <span class='ocrx_word' id='word_1_578' title='bbox 576 3984 813 4037; x_wconf 83' lang='lat' dir='ltr'>necdum</span> <span class='ocrx_word' id='word_1_579' title='bbox 840 3983 1292 4054; x_wconf 89' lang='lat' dir='ltr'>apprehenderit,</span> <span class='ocrx_word' id='word_1_580' title='bbox 1325 3988 1381 4035; x_wconf 90' lang='lat' dir='ltr'>et</span> <span class='ocrx_word' id='word_1_581' title='bbox 1406 3982 1678 4035; x_wconf 89' lang='lat' dir='ltr'>charitate</span> <span class='ocrx_word' id='word_1_582' title='bbox 1710 3983 1989 4052; x_wconf 82' lang='lat' dir='ltr'>degustat,</span> 
     </span>
    </p>
   </div>
   <div class='ocr_carea' id='block_1_72' title="bbox 397 4071 1994 4142">
    <p class='ocr_par' dir='ltr' id='par_1_72' title="bbox 397 4071 1994 4142">
     <span class='ocr_line' id='line_1_72' title="bbox 397 4071 1994 4142; baseline 0 -17"><span class='ocrx_word' id='word_1_583' title='bbox 397 4072 546 4142; x_wconf 90' lang='lat' dir='ltr'>quod</span> <span class='ocrx_word' id='word_1_584' title='bbox 572 4072 828 4125; x_wconf 72' lang='lat' dir='ltr'>differtur</span> <span class='ocrx_word' id='word_1_585' title='bbox 856 4072 1076 4141; x_wconf 88' lang='lat' dir='ltr'>longius</span> <span class='ocrx_word' id='word_1_586' title='bbox 1101 4088 1271 4141; x_wconf 89' lang='lat' dir='ltr'>quam</span> <span class='ocrx_word' id='word_1_587' title='bbox 1300 4076 1546 4142; x_wconf 84' lang='lat' dir='ltr'>exoptat.</span> <span class='ocrx_word' id='word_1_588' title='bbox 1590 4071 1750 4125; x_wconf 92' lang='lat' dir='ltr'>Unde</span> <span class='ocrx_word' id='word_1_589' title='bbox 1782 4071 1994 4125; x_wconf 88' lang='lat' dir='ltr'>ferven-</span> 
     </span>
    </p>
   </div>
   <div class='ocr_carea' id='block_1_73' title="bbox 395 4159 1993 4231">
    <p class='ocr_par' dir='ltr' id='par_1_73' title="bbox 395 4159 1993 4231">
     <span class='ocr_line' id='line_1_73' title="bbox 395 4159 1993 4231; baseline 0.001 -18"><span class='ocrx_word' id='word_1_590' title='bbox 395 4159 513 4214; x_wconf 90' lang='lat' dir='ltr'>tius</span> <span class='ocrx_word' id='word_1_591' title='bbox 550 4160 765 4231; x_wconf 86' lang='lat' dir='ltr'>jugiter</span> <span class='ocrx_word' id='word_1_592' title='bbox 805 4160 1156 4215; x_wconf 82' lang='lat' dir='ltr'>inﬂammata</span> <span class='ocrx_word' id='word_1_593' title='bbox 1174 4172 1219 4229; x_wconf 73' lang='grc' dir='ltr'>ε,</span> <span class='ocrx_word' id='word_1_594' title='bbox 1252 4165 1317 4213; x_wconf 92' lang='lat' dir='ltr'>ut</span> <span class='ocrx_word' id='word_1_595' title='bbox 1354 4160 1424 4213; x_wconf 88' lang='lat' dir='ltr'>ad</span> <span class='ocrx_word' id='word_1_596' title='bbox 1469 4176 1537 4213; x_wconf 90' lang='lat' dir='ltr'>ea</span> <span class='ocrx_word' id='word_1_597' title='bbox 1579 4159 1781 4213; x_wconf 87' lang='lat' dir='ltr'>festina</span> <span class='ocrx_word' id='word_1_598' title='bbox 1811 4160 1867 4213; x_wconf 91' lang='lat' dir='ltr'>in</span> <span class='ocrx_word' id='word_1_599' title='bbox 1895 4178 1993 4231; x_wconf 89' lang='lat' dir='ltr'><strong>spe</strong></span> 
     </span>
    </p>
   </div>
   <div class='ocr_carea' id='block_1_74' title="bbox 395 4247 1994 4325">
    <p class='ocr_par' dir='ltr' id='par_1_74' title="bbox 395 4247 1994 4325">
     <span class='ocr_line' id='line_1_74' title="bbox 395 4247 1994 4325; baseline 0.001 -23"><span class='ocrx_word' id='word_1_600' title='bbox 395 4249 687 4325; x_wconf 87' lang='lat' dir='ltr'>perveniat</span> <span class='ocrx_word' id='word_1_601' title='bbox 710 4267 723 4315; x_wconf 90' lang='lat'>;</span> <span class='ocrx_word' id='word_1_602' title='bbox 746 4248 835 4303; x_wconf 90' lang='lat' dir='ltr'>cui</span> <span class='ocrx_word' id='word_1_603' title='bbox 856 4247 1005 4320; x_wconf 90' lang='lat' dir='ltr'>quod</span> <span class='ocrx_word' id='word_1_604' title='bbox 1033 4248 1197 4313; x_wconf 89' lang='lat' dir='ltr'>absit,</span> <span class='ocrx_word' id='word_1_605' title='bbox 1231 4249 1278 4301; x_wconf 90' lang='lat' dir='ltr'>si</span> <span class='ocrx_word' id='word_1_606' title='bbox 1310 4266 1435 4319; x_wconf 90' lang='lat' dir='ltr'>spes</span> <span class='ocrx_word' id='word_1_607' title='bbox 1457 4248 1718 4311; x_wconf 86' lang='lat' dir='ltr'>defuerit,</span> <span class='ocrx_word' id='word_1_608' title='bbox 1748 4248 1994 4304; x_wconf 85' lang='lat' dir='ltr'>violenta</span> 
     </span>
    </p>
   </div>
   <div class='ocr_carea' id='block_1_75' title="bbox 396 4336 1997 4410">
    <p class='ocr_par' dir='ltr' id='par_1_75' title="bbox 396 4336 1997 4410">
     <span class='ocr_line' id='line_1_75' title="bbox 396 4336 1997 4410; baseline -0.001 -16"><span class='ocrx_word' id='word_1_609' title='bbox 396 4337 785 4410; x_wconf 86' lang='lat' dir='ltr'>desperatione</span> <span class='ocrx_word' id='word_1_610' title='bbox 814 4336 1197 4407; x_wconf 89' lang='lat' dir='ltr'>submergitur</span> <span class='ocrx_word' id='word_1_611' title='bbox 1221 4356 1233 4405; x_wconf 92' lang='lat'>;</span> <span class='ocrx_word' id='word_1_612' title='bbox 1258 4337 1405 4390; x_wconf 87' lang='lat' dir='ltr'>unde</span> <span class='ocrx_word' id='word_1_613' title='bbox 1436 4343 1493 4390; x_wconf 92' lang='lat' dir='ltr'>et</span> <span class='ocrx_word' id='word_1_614' title='bbox 1521 4337 1836 4408; x_wconf 82' lang='lat' dir='ltr'>desperatio</span> <span class='ocrx_word' id='word_1_615' title='bbox 1866 4338 1997 4392; x_wconf 84' lang='lat' dir='ltr'>dici-</span> 
     </span>
    </p>
   </div>
   <div class='ocr_carea' id='block_1_76' title="bbox 396 4425 1993 4497">
    <p class='ocr_par' dir='ltr' id='par_1_76' title="bbox 396 4425 1993 4497">
     <span class='ocr_line' id='line_1_76' title="bbox 396 4425 1993 4497; baseline -0.004 -12"><span class='ocrx_word' id='word_1_616' title='bbox 396 4432 507 4485; x_wconf 85' lang='lat' dir='ltr'>tur.</span> <span class='ocrx_word' id='word_1_617' title='bbox 529 4428 674 4481; x_wconf 89' lang='lat' dir='ltr'>Nam</span> <span class='ocrx_word' id='word_1_618' title='bbox 704 4425 1021 4497; x_wconf 88' lang='lat' dir='ltr'>desperatio</span> <span class='ocrx_word' id='word_1_619' title='bbox 1040 4425 1189 4479; x_wconf 91' lang='lat' dir='ltr'>dicta</span> <span class='ocrx_word' id='word_1_620' title='bbox 1209 4430 1311 4492; x_wconf 90' lang='lat' dir='ltr'>est,</span> <span class='ocrx_word' id='word_1_621' title='bbox 1347 4440 1414 4477; x_wconf 90' lang='lat' dir='ltr'>eo</span> <span class='ocrx_word' id='word_1_622' title='bbox 1445 4425 1593 4497; x_wconf 91' lang='lat' dir='ltr'>quod</span> <span class='ocrx_word' id='word_1_623' title='bbox 1616 4425 1762 4478; x_wconf 89' lang='lat' dir='ltr'>desit</span> <span class='ocrx_word' id='word_1_624' title='bbox 1790 4425 1873 4478; x_wconf 90' lang='lat' dir='ltr'>illi</span> <span class='ocrx_word' id='word_1_625' title='bbox 1897 4443 1993 4497; x_wconf 92' lang='lat' dir='ltr'>pes</span> 
     </span>
    </p>
   </div>
   <div class='ocr_carea' id='block_1_77' title="bbox 396 4512 1994 4587">
    <p class='ocr_par' dir='ltr' id='par_1_77' title="bbox 396 4512 1994 4587">
     <span class='ocr_line' id='line_1_77' title="bbox 396 4512 1994 4587; baseline 0.001 -19"><span class='ocrx_word' id='word_1_626' title='bbox 396 4516 457 4568; x_wconf 91' lang='lat' dir='ltr'>in</span> <span class='ocrx_word' id='word_1_627' title='bbox 495 4516 598 4580; x_wconf 90' lang='lat' dir='ltr'>via,</span> <span class='ocrx_word' id='word_1_628' title='bbox 635 4533 756 4587; x_wconf 73' lang='lat' dir='ltr'>quae</span> <span class='ocrx_word' id='word_1_629' title='bbox 782 4516 1038 4570; x_wconf 88' lang='lat' dir='ltr'>Christus</span> <span class='ocrx_word' id='word_1_630' title='bbox 1069 4520 1171 4577; x_wconf 91' lang='lat' dir='ltr'>est,</span> <span class='ocrx_word' id='word_1_631' title='bbox 1200 4512 1493 4585; x_wconf 87' lang='lat' dir='ltr'>gradiendi</span> <span class='ocrx_word' id='word_1_632' title='bbox 1520 4553 1526 4561; x_wconf 91' lang='lat'>.</span> <span class='ocrx_word' id='word_1_633' title='bbox 1555 4513 1653 4567; x_wconf 90' lang='lat' dir='ltr'>sed</span> <span class='ocrx_word' id='word_1_634' title='bbox 1681 4515 1994 4569; x_wconf 89' lang='lat' dir='ltr'>econtrario</span> 
     </span>
    </p>
   </div>
   <div class='ocr_carea' id='block_1_78' title="bbox 398 4600 1987 4675">
    <p class='ocr_par' dir='ltr' id='par_1_78' title="bbox 398 4600 1987 4675">
     <span class='ocr_line' id='line_1_78' title="bbox 398 4600 1987 4675; baseline 0.002 -22"><span class='ocrx_word' id='word_1_635' title='bbox 398 4600 599 4670; x_wconf 87' lang='lat' dir='ltr'>quibus</span> <span class='ocrx_word' id='word_1_636' title='bbox 629 4603 748 4673; x_wconf 89' lang='lat' dir='ltr'>ipse</span> <span class='ocrx_word' id='word_1_637' title='bbox 777 4610 862 4658; x_wconf 89' lang='lat' dir='ltr'>est</span> <span class='ocrx_word' id='word_1_638' title='bbox 900 4603 988 4657; x_wconf 89' lang='lat' dir='ltr'>via</span> <span class='ocrx_word' id='word_1_639' title='bbox 1013 4609 1069 4657; x_wconf 94' lang='lat' dir='ltr'>et</span> <span class='ocrx_word' id='word_1_640' title='bbox 1097 4620 1242 4675; x_wconf 91' lang='lat' dir='ltr'>spes,</span> <span class='ocrx_word' id='word_1_641' title='bbox 1277 4601 1522 4673; x_wconf 87' lang='lat' dir='ltr'>quotidie</span> <span class='ocrx_word' id='word_1_642' title='bbox 1548 4603 1830 4675; x_wconf 88' lang='lat' dir='ltr'>prosperis</span> <span class='ocrx_word' id='word_1_643' title='bbox 1859 4619 1987 4657; x_wconf 85' lang='lat' dir='ltr'>suc-</span> 
     </span>
    </p>
   </div>
   <div class='ocr_carea' id='block_1_79' title="bbox 396 4688 1983 4763">
    <p class='ocr_par' dir='ltr' id='par_1_79' title="bbox 396 4688 1983 4763">
     <span class='ocr_line' id='line_1_79' title="bbox 396 4688 1983 4763; baseline 0.001 -18"><span class='ocrx_word' id='word_1_644' title='bbox 396 4688 641 4747; x_wconf 83' lang='lat' dir='ltr'>cessibus</span> <span class='ocrx_word' id='word_1_645' title='bbox 682 4690 996 4749; x_wconf 88' lang='lat' dir='ltr'>innovatur.</span> <span class='ocrx_word' id='word_1_646' title='bbox 1021 4691 1048 4732; x_wconf 72' lang='grc' dir='ltr'>ά</span> <span class='ocrx_word' id='word_1_647' title='bbox 1074 4693 1154 4747; x_wconf 89' lang='lat' dir='ltr'>De</span> <span class='ocrx_word' id='word_1_648' title='bbox 1193 4690 1394 4763; x_wconf 90' lang='lat' dir='ltr'>quibus</span> <span class='ocrx_word' id='word_1_649' title='bbox 1448 4691 1621 4745; x_wconf 88' lang='lat' dir='ltr'>Isaias</span> <span class='ocrx_word' id='word_1_650' title='bbox 1668 4693 1942 4763; x_wconf 84' lang='lat' dir='ltr'>prOpheta</span> <span class='ocrx_word' id='word_1_651' title='bbox 1973 4712 1983 4746; x_wconf 94' lang='lat'><strong>:</strong></span> 
     </span>
    </p>
   </div>
   <div class='ocr_carea' id='block_1_80' title="bbox 394 4777 1991 4851">
    <p class='ocr_par' dir='ltr' id='par_1_80' title="bbox 394 4777 1991 4851">
     <span class='ocr_line' id='line_1_80' title="bbox 394 4777 1991 4851; baseline 0.004 -22"><span class='ocrx_word' id='word_1_652' title='bbox 394 4777 505 4844; x_wconf 73' lang='lat' dir='ltr'>Qui</span> <span class='ocrx_word' id='word_1_653' title='bbox 522 4784 730 4846; x_wconf 84' lang='lat' dir='ltr'>autem,</span> <span class='ocrx_word' id='word_1_654' title='bbox 746 4779 946 4849; x_wconf 90' lang='lat' dir='ltr'>inquit,</span> <span class='ocrx_word' id='word_1_655' title='bbox 969 4787 1191 4851; x_wconf 82' lang='lat' dir='ltr'>sperant</span> <span class='ocrx_word' id='word_1_656' title='bbox 1214 4784 1275 4836; x_wconf 90' lang='lat' dir='ltr'>in</span> <span class='ocrx_word' id='word_1_657' title='bbox 1292 4783 1542 4846; x_wconf 83' lang='lat' dir='ltr'>Domino,</span> <span class='ocrx_word' id='word_1_658' title='bbox 1562 4783 1857 4835; x_wconf 83' lang='lat' dir='ltr'>mutabunt</span> <span class='ocrx_word' id='word_1_659' title='bbox 1877 4784 1991 4848; x_wconf 76' lang='grc' dir='ltr'><em>[ον-</em></span> 
     </span>
    </p>
   </div>
   <div class='ocr_carea' id='block_1_81' title="bbox 396 4867 1991 4940">
    <p class='ocr_par' dir='ltr' id='par_1_81' title="bbox 396 4867 1991 4940">
     <span class='ocr_line' id='line_1_81' title="bbox 396 4867 1991 4940; baseline 0.003 -21"><span class='ocrx_word' id='word_1_660' title='bbox 396 4867 712 4933; x_wconf 79' lang='lat' dir='ltr'>titudinem,</span> <span class='ocrx_word' id='word_1_661' title='bbox 735 4874 1015 4922; x_wconf 86' lang='lat' dir='ltr'>assument</span> <span class='ocrx_word' id='word_1_662' title='bbox 1024 4886 1235 4940; x_wconf 85' lang='lat' dir='ltr'>pennas</span> <span class='ocrx_word' id='word_1_663' title='bbox 1261 4873 1403 4924; x_wconf 78' lang='lat' dir='ltr'>sicut</span> <span class='ocrx_word' id='word_1_664' title='bbox 1427 4871 1646 4939; x_wconf 59' lang='lat' dir='ltr'>aquilae,</span> <span class='ocrx_word' id='word_1_665' title='bbox 1682 4876 1910 4924; x_wconf 82' lang='lat' dir='ltr'>current</span> <span class='ocrx_word' id='word_1_666' title='bbox 1943 4876 1991 4923; x_wconf 87' lang='lat' dir='ltr'>et</span> 
     </span>
    </p>
   </div>
   <div class='ocr_carea' id='block_1_82' title="bbox 396 4956 1983 5029">
    <p class='ocr_par' dir='ltr' id='par_1_82' title="bbox 396 4956 1983 5029">
     <span class='ocr_line' id='line_1_82' title="bbox 396 4956 1983 5029; baseline 0.001 -19"><span class='ocrx_word' id='word_1_667' title='bbox 396 4971 510 5010; x_wconf 83' lang='grc' dir='ltr'>ηοη</span> <span class='ocrx_word' id='word_1_668' title='bbox 553 4956 902 5022; x_wconf 82' lang='lat' dir='ltr'>laborabunt,</span> <span class='ocrx_word' id='word_1_669' title='bbox 935 4959 1196 5013; x_wconf 82' lang='lat' dir='ltr'>volabunt</span> <span class='ocrx_word' id='word_1_670' title='bbox 1224 4962 1272 5011; x_wconf 90' lang='lat' dir='ltr'>et</span> <span class='ocrx_word' id='word_1_671' title='bbox 1302 4975 1413 5013; x_wconf 88' lang='lat' dir='ltr'>non</span> <span class='ocrx_word' id='word_1_672' title='bbox 1440 4959 1688 5025; x_wconf 80' lang='lat' dir='ltr'>deﬁcient</span> <span class='ocrx_word' id='word_1_673' title='bbox 1728 4959 1860 5029; x_wconf 89' lang='lat' dir='ltr'>(Isa.</span> <span class='ocrx_word' id='word_1_674' title='bbox 1897 4973 1983 5023; x_wconf 85' lang='lat' dir='ltr'>xL,</span> 
     </span>
    </p>
   </div>
   <div class='ocr_carea' id='block_1_83' title="bbox 464 5060 831 5129">
    <p class='ocr_par' dir='ltr' id='par_1_83' title="bbox 464 5060 831 5129">
     <span class='ocr_line' id='line_1_83' title="bbox 464 5060 831 5129; baseline -0.008 -13"><span class='ocrx_word' id='word_1_675' title='bbox 464 5072 491 5101; x_wconf 76' lang='grc' dir='ltr'>ει</span> <span class='ocrx_word' id='word_1_676' title='bbox 520 5060 649 5116; x_wconf 89' lang='lat' dir='ltr'>Edit</span> <span class='ocrx_word' id='word_1_677' title='bbox 676 5100 690 5126; x_wconf 96' lang='lat'>,</span> <span class='ocrx_word' id='word_1_678' title='bbox 721 5077 831 5129; x_wconf 86' lang='lat' dir='ltr'>ego.</span> 
     </span>
    </p>
   </div>
   <div class='ocr_carea' id='block_1_84' title="bbox 464 5131 1011 5201">
    <p class='ocr_par' dir='ltr' id='par_1_84' title="bbox 464 5131 1011 5201">
     <span class='ocr_line' id='line_1_84' title="bbox 464 5131 1011 5201; baseline -0.005 -13"><span class='ocrx_word' id='word_1_679' title='bbox 464 5131 492 5171; x_wconf 73' lang='grc' dir='ltr'>δ</span> <span class='ocrx_word' id='word_1_680' title='bbox 518 5133 688 5198; x_wconf 91' lang='lat' dir='ltr'>Edit.,</span> <span class='ocrx_word' id='word_1_681' title='bbox 721 5136 1011 5201; x_wconf 68' lang='lat' dir='ltr'>expugnet.</span> 
     </span>
    </p>
   </div>
   <div class='ocr_carea' id='block_1_85' title="bbox 461 5201 1130 5273">
    <p class='ocr_par' dir='ltr' id='par_1_85' title="bbox 461 5201 1130 5273">
     <span class='ocr_line' id='line_1_85' title="bbox 461 5201 1130 5273; baseline 0.003 -16"><span class='ocrx_word' id='word_1_682' title='bbox 461 5220 488 5273; x_wconf 66' lang='grc' dir='ltr'>εξ</span> <span class='ocrx_word' id='word_1_683' title='bbox 514 5203 684 5271; x_wconf 89' lang='lat' dir='ltr'>Edit.,</span> <span class='ocrx_word' id='word_1_684' title='bbox 714 5201 1130 5273; x_wconf 63' lang='lat' dir='ltr'>inﬂammatur.</span> 
     </span>
    </p>
   </div>
   <div class='ocr_carea' id='block_1_86' title="bbox 460 5267 1084 5341">
    <p class='ocr_par' dir='ltr' id='par_1_86' title="bbox 460 5267 1084 5341">
     <span class='ocr_line' id='line_1_86' title="bbox 460 5267 1084 5341; baseline -0.002 -13"><span class='ocrx_word' id='word_1_685' title='bbox 460 5267 488 5341; x_wconf 61' lang='grc' dir='ltr'>ξ</span> <span class='ocrx_word' id='word_1_686' title='bbox 516 5267 685 5341; x_wconf 71' lang='lat' dir='ltr'>Edit.,</span> <span class='ocrx_word' id='word_1_687' title='bbox 719 5267 1084 5330; x_wconf 54' lang='lat' dir='ltr'>in&#39;novantur.</span> 
     </span>
    </p>
   </div>
   <div class='ocr_carea' id='block_1_87' title="bbox 459 5332 959 5414">
    <p class='ocr_par' dir='ltr' id='par_1_87' title="bbox 459 5332 959 5414">
     <span class='ocr_line' id='line_1_87' title="bbox 459 5332 959 5414; baseline 0.004 -15"><span class='ocrx_word' id='word_1_688' title='bbox 459 5332 487 5414; x_wconf 68' lang='grc' dir='ltr'><strong><em>ἶ</em></strong></span> <span class='ocrx_word' id='word_1_689' title='bbox 510 5332 681 5414; x_wconf 58' lang='lat' dir='ltr'>Edit.,</span> <span class='ocrx_word' id='word_1_690' title='bbox 709 5351 959 5401; x_wconf 84' lang='lat' dir='ltr'>current.</span> 
     </span>
    </p>
   </div>
   <div class='ocr_carea' id='block_1_88' title="bbox 509 5415 945 5485">
    <p class='ocr_par' dir='ltr' id='par_1_88' title="bbox 509 5415 945 5485">
     <span class='ocr_line' id='line_1_88' title="bbox 509 5415 945 5485; baseline 0.007 -15"><span class='ocrx_word' id='word_1_691' title='bbox 509 5415 653 5471; x_wconf 88' lang='lat' dir='ltr'>Edit.</span> <span class='ocrx_word' id='word_1_692' title='bbox 665 5456 680 5485; x_wconf 93' lang='lat'>,</span> <span class='ocrx_word' id='word_1_693' title='bbox 712 5419 945 5473; x_wconf 82' lang='lat' dir='ltr'>ebriata.</span> 
     </span>
    </p>
   </div>
   <div class='ocr_carea' id='block_1_89' title="bbox 2021 2807 3683 2892">
    <p class='ocr_par' dir='ltr' id='par_1_89' title="bbox 2021 2807 3683 2892">
     <span class='ocr_line' id='line_1_89' title="bbox 2021 2807 3683 2892; baseline 0.005 -23"><span class='ocrx_word' id='word_1_694' title='bbox 2021 2807 2293 2887; x_wconf 87' lang='lat' dir='ltr'>Cdiendi,</span> <span class='ocrx_word' id='word_1_695' title='bbox 2328 2820 2663 2891; x_wconf 90' lang='lat' dir='ltr'>desperatio.</span> <span class='ocrx_word' id='word_1_696' title='bbox 2696 2821 3051 2892; x_wconf 87' lang='lat' dir='ltr'>Quapropter</span> <span class='ocrx_word' id='word_1_697' title='bbox 3070 2838 3173 2876; x_wconf 91' lang='lat' dir='ltr'>nec</span> <span class='ocrx_word' id='word_1_698' title='bbox 3203 2828 3461 2889; x_wconf 90' lang='lat' dir='ltr'>currunt,</span> <span class='ocrx_word' id='word_1_699' title='bbox 3482 2824 3589 2877; x_wconf 89' lang='lat' dir='ltr'>nisi</span> <span class='ocrx_word' id='word_1_700' title='bbox 3616 2825 3683 2878; x_wconf 86' lang='lat' dir='ltr'>ad</span> 
     </span>
    </p>
   </div>
   <div class='ocr_carea' id='block_1_90' title="bbox 2088 2909 3687 2983">
    <p class='ocr_par' dir='ltr' id='par_1_90' title="bbox 2088 2909 3687 2983">
     <span class='ocr_line' id='line_1_90' title="bbox 2088 2909 3687 2983; baseline 0.003 -21"><span class='ocrx_word' id='word_1_701' title='bbox 2088 2915 2348 2971; x_wconf 89' lang='lat' dir='ltr'>mortem,</span> <span class='ocrx_word' id='word_1_702' title='bbox 2380 2926 2483 2963; x_wconf 90' lang='lat' dir='ltr'>nec</span> <span class='ocrx_word' id='word_1_703' title='bbox 2511 2909 2804 2964; x_wconf 88' lang='lat' dir='ltr'>ambulant</span> <span class='ocrx_word' id='word_1_704' title='bbox 2850 2910 2957 2964; x_wconf 91' lang='lat' dir='ltr'>nisi</span> <span class='ocrx_word' id='word_1_705' title='bbox 2990 2910 3061 2963; x_wconf 90' lang='lat' dir='ltr'>ad</span> <span class='ocrx_word' id='word_1_706' title='bbox 3089 2928 3301 2981; x_wconf 70' lang='lat' dir='ltr'>poenas,</span> <span class='ocrx_word' id='word_1_707' title='bbox 3336 2928 3443 2966; x_wconf 90' lang='lat' dir='ltr'>nec</span> <span class='ocrx_word' id='word_1_708' title='bbox 3473 2929 3687 2983; x_wconf 85' lang='lat' dir='ltr'>pennas</span> 
     </span>
    </p>
   </div>
   <div class='ocr_carea' id='block_1_91' title="bbox 2086 2999 3683 3073">
    <p class='ocr_par' dir='ltr' id='par_1_91' title="bbox 2086 2999 3683 3073">
     <span class='ocr_line' id='line_1_91' title="bbox 2086 2999 3683 3073; baseline 0.003 -22"><span class='ocrx_word' id='word_1_709' title='bbox 2086 3004 2384 3053; x_wconf 89' lang='lat' dir='ltr'>assumunt</span> <span class='ocrx_word' id='word_1_710' title='bbox 2418 2999 2708 3063; x_wconf 88' lang='lat' dir='ltr'>virtutum,</span> <span class='ocrx_word' id='word_1_711' title='bbox 2749 3015 2849 3053; x_wconf 91' lang='lat' dir='ltr'>nec</span> <span class='ocrx_word' id='word_1_712' title='bbox 2875 3004 3098 3054; x_wconf 89' lang='lat' dir='ltr'>mutant</span> <span class='ocrx_word' id='word_1_713' title='bbox 3121 3000 3556 3073; x_wconf 84' lang='lat' dir='ltr'>fortitudinem;</span> <span class='ocrx_word' id='word_1_714' title='bbox 3588 3003 3683 3057; x_wconf 88' lang='lat' dir='ltr'>sed</span> 
     </span>
    </p>
   </div>
   <div class='ocr_carea' id='block_1_92' title="bbox 2085 3088 3575 3161">
    <p class='ocr_par' dir='ltr' id='par_1_92' title="bbox 2085 3088 3575 3161">
     <span class='ocr_line' id='line_1_92' title="bbox 2085 3088 3575 3161; baseline -0.001 -18"><span class='ocrx_word' id='word_1_715' title='bbox 2085 3104 2307 3159; x_wconf 89' lang='lat' dir='ltr'>semper</span> <span class='ocrx_word' id='word_1_716' title='bbox 2328 3088 2441 3141; x_wconf 89' lang='lat' dir='ltr'>ima</span> <span class='ocrx_word' id='word_1_717' title='bbox 2466 3092 2683 3161; x_wconf 88' lang='lat' dir='ltr'>petunt,</span> <span class='ocrx_word' id='word_1_718' title='bbox 2712 3093 2770 3141; x_wconf 89' lang='lat' dir='ltr'>et</span> <span class='ocrx_word' id='word_1_719' title='bbox 2791 3105 2913 3159; x_wconf 61' lang='lat' dir='ltr'>qua</span> <span class='ocrx_word' id='word_1_720' title='bbox 2941 3089 3126 3142; x_wconf 90' lang='lat' dir='ltr'>carnis</span> <span class='ocrx_word' id='word_1_721' title='bbox 3145 3095 3294 3153; x_wconf 92' lang='lat' dir='ltr'>sunt,</span> <span class='ocrx_word' id='word_1_722' title='bbox 3323 3089 3575 3159; x_wconf 88' lang='lat' dir='ltr'>sapiunt.</span> 
     </span>
    </p>
   </div>
   <div class='ocr_carea' id='block_1_93' title="bbox 2152 3175 3680 3247">
    <p class='ocr_par' dir='ltr' id='par_1_93' title="bbox 2152 3175 3680 3247">
     <span class='ocr_line' id='line_1_93' title="bbox 2152 3175 3680 3247; baseline 0.001 -14"><span class='ocrx_word' id='word_1_723' title='bbox 2152 3175 2206 3233; x_wconf 74' lang='lat'>‘2.</span> <span class='ocrx_word' id='word_1_724' title='bbox 2230 3179 2304 3230; x_wconf 85' lang='lat' dir='ltr'>At</span> <span class='ocrx_word' id='word_1_725' title='bbox 2330 3193 2461 3231; x_wconf 83' lang='lat' dir='ltr'>vero</span> <span class='ocrx_word' id='word_1_726' title='bbox 2485 3177 2624 3247; x_wconf 88' lang='lat' dir='ltr'>justi</span> <span class='ocrx_word' id='word_1_727' title='bbox 2654 3177 2890 3231; x_wconf 88' lang='lat' dir='ltr'>ﬁdentes</span> <span class='ocrx_word' id='word_1_728' title='bbox 2927 3194 3054 3231; x_wconf 90' lang='lat' dir='ltr'>cum</span> <span class='ocrx_word' id='word_1_729' title='bbox 3098 3178 3274 3232; x_wconf 87' lang='lat' dir='ltr'>David</span> <span class='ocrx_word' id='word_1_730' title='bbox 3304 3184 3558 3232; x_wconf 89' lang='lat' dir='ltr'>canunt:</span> <span class='ocrx_word' id='word_1_731' title='bbox 3592 3182 3680 3234; x_wconf 81' lang='lat' dir='ltr'>Pes</span> 
     </span>
    </p>
   </div>
   <div class='ocr_carea' id='block_1_94' title="bbox 2083 3264 3680 3335">
    <p class='ocr_par' dir='ltr' id='par_1_94' title="bbox 2083 3264 3680 3335">
     <span class='ocr_line' id='line_1_94' title="bbox 2083 3264 3680 3335; baseline 0.003 -17"><span class='ocrx_word' id='word_1_732' title='bbox 2083 3283 2234 3320; x_wconf 83' lang='lat' dir='ltr'>meus</span> <span class='ocrx_word' id='word_1_733' title='bbox 2255 3269 2401 3319; x_wconf 83' lang='lat' dir='ltr'>stetit</span> <span class='ocrx_word' id='word_1_734' title='bbox 2417 3269 2479 3319; x_wconf 88' lang='lat' dir='ltr'>in</span> <span class='ocrx_word' id='word_1_735' title='bbox 2499 3265 2630 3319; x_wconf 78' lang='lat' dir='ltr'>viai</span> <span class='ocrx_word' id='word_1_736' title='bbox 2664 3272 2815 3320; x_wconf 86' lang='lat' dir='ltr'>recta</span> <span class='ocrx_word' id='word_1_737' title='bbox 2847 3268 3009 3335; x_wconf 79' lang='lat' dir='ltr'>(Psal.</span> <span class='ocrx_word' id='word_1_738' title='bbox 3043 3282 3166 3332; x_wconf 80' lang='lat' dir='ltr'>xxv,</span> <span class='ocrx_word' id='word_1_739' title='bbox 3196 3264 3301 3322; x_wconf 66' lang='lat' dir='ltr'>l2).</span> <span class='ocrx_word' id='word_1_740' title='bbox 3335 3268 3445 3330; x_wconf 89' lang='lat' dir='ltr'>Qui</span> <span class='ocrx_word' id='word_1_741' title='bbox 3468 3269 3519 3322; x_wconf 90' lang='lat' dir='ltr'>si</span> <span class='ocrx_word' id='word_1_742' title='bbox 3541 3269 3680 3323; x_wconf 87' lang='lat' dir='ltr'>forte</span> 
     </span>
    </p>
   </div>
   <div class='ocr_carea' id='block_1_95' title="bbox 2081 3355 3675 3428">
    <p class='ocr_par' dir='ltr' id='par_1_95' title="bbox 2081 3355 3675 3428">
     <span class='ocr_line' id='line_1_95' title="bbox 2081 3355 3675 3428; baseline 0.003 -20"><span class='ocrx_word' id='word_1_743' title='bbox 2081 3355 2412 3421; x_wconf 88' lang='lat' dir='ltr'>corruerint,</span> <span class='ocrx_word' id='word_1_744' title='bbox 2465 3355 2595 3426; x_wconf 87' lang='lat' dir='ltr'>quia</span> <span class='ocrx_word' id='word_1_745' title='bbox 2633 3358 2821 3423; x_wconf 78' lang='lat' dir='ltr'>septies</span> <span class='ocrx_word' id='word_1_746' title='bbox 2859 3359 2922 3409; x_wconf 84' lang='lat' dir='ltr'>in</span> <span class='ocrx_word' id='word_1_747' title='bbox 2970 3358 3058 3409; x_wconf 84' lang='lat' dir='ltr'>die</span> <span class='ocrx_word' id='word_1_748' title='bbox 3088 3358 3233 3409; x_wconf 79' lang='lat' dir='ltr'>cadit</span> <span class='ocrx_word' id='word_1_749' title='bbox 3270 3360 3466 3425; x_wconf 83' lang='lat' dir='ltr'>justus</span> <span class='ocrx_word' id='word_1_750' title='bbox 3496 3361 3675 3428; x_wconf 69' lang='lat' dir='ltr'>(Prov.</span> 
     </span>
    </p>
   </div>
   <div class='ocr_carea' id='block_1_96' title="bbox 2079 3444 3677 3513">
    <p class='ocr_par' dir='ltr' id='par_1_96' title="bbox 2079 3444 3677 3513">
     <span class='ocr_line' id='line_1_96' title="bbox 2079 3444 3677 3513; baseline 0.004 -17"><span class='ocrx_word' id='word_1_751' title='bbox 2079 3458 2226 3513; x_wconf 71' lang='lat' dir='ltr'>xxxv,</span> <span class='ocrx_word' id='word_1_752' title='bbox 2266 3444 2369 3510; x_wconf 90' lang='lat' dir='ltr'>l6),</span> <span class='ocrx_word' id='word_1_753' title='bbox 2398 3461 2525 3498; x_wconf 77' lang='lat' dir='ltr'>mox</span> <span class='ocrx_word' id='word_1_754' title='bbox 2554 3451 2849 3500; x_wconf 90' lang='lat' dir='ltr'>resumunt</span> <span class='ocrx_word' id='word_1_755' title='bbox 2871 3447 3243 3500; x_wconf 87' lang='lat' dir='ltr'>constantiam</span> <span class='ocrx_word' id='word_1_756' title='bbox 3278 3452 3336 3501; x_wconf 90' lang='lat' dir='ltr'>et</span> <span class='ocrx_word' id='word_1_757' title='bbox 3371 3454 3603 3502; x_wconf 86' lang='lat' dir='ltr'>mutant.</span> <span class='ocrx_word' id='word_1_758' title='bbox 3623 3449 3677 3502; x_wconf 91' lang='lat' dir='ltr'>in</span> 
     </span>
    </p>
   </div>
   <div class='ocr_carea' id='block_1_97' title="bbox 2080 3534 3676 3603">
    <p class='ocr_par' dir='ltr' id='par_1_97' title="bbox 2080 3534 3676 3603">
     <span class='ocr_line' id='line_1_97' title="bbox 2080 3534 3676 3603; baseline 0.004 -16"><span class='ocrx_word' id='word_1_759' title='bbox 2080 3534 2258 3588; x_wconf 85' lang='lat' dir='ltr'>Deum</span> <span class='ocrx_word' id='word_1_760' title='bbox 2278 3534 2665 3589; x_wconf 87' lang='lat' dir='ltr'>fortitudinem</span> <span class='ocrx_word' id='word_1_761' title='bbox 2684 3535 2931 3590; x_wconf 90' lang='lat' dir='ltr'>dicentes</span> <span class='ocrx_word' id='word_1_762' title='bbox 2955 3554 2967 3588; x_wconf 94' lang='lat'><strong>:</strong></span> <span class='ocrx_word' id='word_1_763' title='bbox 2991 3536 3261 3591; x_wconf 89' lang='lat' dir='ltr'>Dominus</span> <span class='ocrx_word' id='word_1_764' title='bbox 3277 3536 3453 3591; x_wconf 88' lang='lat' dir='ltr'>robur</span> <span class='ocrx_word' id='word_1_765' title='bbox 3469 3556 3676 3603; x_wconf 83' lang='lat' dir='ltr'>meum,</span> 
     </span>
    </p>
   </div>
   <div class='ocr_carea' id='block_1_98' title="bbox 2083 3623 3679 3694">
    <p class='ocr_par' dir='ltr' id='par_1_98' title="bbox 2083 3623 3679 3694">
     <span class='ocr_line' id='line_1_98' title="bbox 2083 3623 3679 3694; baseline 0.004 -19"><span class='ocrx_word' id='word_1_766' title='bbox 2083 3623 2255 3676; x_wconf 89' lang='lat' dir='ltr'>virtus</span> <span class='ocrx_word' id='word_1_767' title='bbox 2286 3640 2429 3690; x_wconf 89' lang='lat' dir='ltr'>mea,</span> <span class='ocrx_word' id='word_1_768' title='bbox 2463 3629 2520 3677; x_wconf 88' lang='lat' dir='ltr'>et</span> <span class='ocrx_word' id='word_1_769' title='bbox 2550 3624 2832 3694; x_wconf 83' lang='lat' dir='ltr'>refugium</span> <span class='ocrx_word' id='word_1_770' title='bbox 2882 3642 3089 3679; x_wconf 90' lang='lat' dir='ltr'>meum.</span> <span class='ocrx_word' id='word_1_771' title='bbox 3122 3626 3281 3688; x_wconf 90' lang='lat' dir='ltr'>Quod</span> <span class='ocrx_word' id='word_1_772' title='bbox 3311 3627 3453 3680; x_wconf 89' lang='lat' dir='ltr'>satis</span> <span class='ocrx_word' id='word_1_773' title='bbox 3504 3628 3679 3681; x_wconf 81' lang='lat' dir='ltr'>Isaias</span> 
     </span>
    </p>
   </div>
   <div class='ocr_carea' id='block_1_99' title="bbox 2080 3712 3681 3780">
    <p class='ocr_par' dir='ltr' id='par_1_99' title="bbox 2080 3712 3681 3780">
     <span class='ocr_line' id='line_1_99' title="bbox 2080 3712 3681 3780; baseline 0.004 -16"><span class='ocrx_word' id='word_1_774' title='bbox 2080 3712 2340 3766; x_wconf 87' lang='lat' dir='ltr'>hortatur</span> <span class='ocrx_word' id='word_1_775' title='bbox 2367 3714 2587 3766; x_wconf 89' lang='lat' dir='ltr'>dicens:</span> <span class='ocrx_word' id='word_1_776' title='bbox 2623 3715 2753 3780; x_wconf 80' lang='lat' dir='ltr'>Quis</span> <span class='ocrx_word' id='word_1_777' title='bbox 2782 3716 3088 3767; x_wconf 75' lang='lat' dir='ltr'>ambulavit</span> <span class='ocrx_word' id='word_1_778' title='bbox 3116 3717 3175 3767; x_wconf 85' lang='lat' dir='ltr'>in</span> <span class='ocrx_word' id='word_1_779' title='bbox 3207 3719 3463 3779; x_wconf 80' lang='lat' dir='ltr'>tenebris,</span> <span class='ocrx_word' id='word_1_780' title='bbox 3492 3722 3540 3770; x_wconf 83' lang='lat' dir='ltr'>et</span> <span class='ocrx_word' id='word_1_781' title='bbox 3573 3734 3681 3770; x_wconf 83' lang='lat' dir='ltr'>non</span> 
     </span>
    </p>
   </div>
   <div class='ocr_carea' id='block_1_100' title="bbox 2077 3805 3680 3870">
    <p class='ocr_par' dir='ltr' id='par_1_100' title="bbox 2077 3805 3680 3870">
     <span class='ocr_line' id='line_1_100' title="bbox 2077 3805 3680 3870; baseline 0.002 -16"><span class='ocrx_word' id='word_1_782' title='bbox 2077 3806 2150 3854; x_wconf 84' lang='lat' dir='ltr'>est</span> <span class='ocrx_word' id='word_1_783' title='bbox 2172 3805 2359 3855; x_wconf 81' lang='lat' dir='ltr'>tamen</span> <span class='ocrx_word' id='word_1_784' title='bbox 2383 3806 2433 3855; x_wconf 88' lang='lat' dir='ltr'>ei</span> <span class='ocrx_word' id='word_1_785' title='bbox 2449 3807 2656 3870; x_wconf 83' lang='lat' dir='ltr'>?spcret</span> <span class='ocrx_word' id='word_1_786' title='bbox 2688 3805 2751 3856; x_wconf 87' lang='lat' dir='ltr'>in</span> <span class='ocrx_word' id='word_1_787' title='bbox 2782 3808 3006 3856; x_wconf 82' lang='lat' dir='ltr'>nomine</span> <span class='ocrx_word' id='word_1_788' title='bbox 3029 3806 3273 3869; x_wconf 75' lang='lat' dir='ltr'>Domini,</span> <span class='ocrx_word' id='word_1_789' title='bbox 3305 3809 3357 3857; x_wconf 90' lang='lat' dir='ltr'>et</span> <span class='ocrx_word' id='word_1_790' title='bbox 3386 3808 3680 3859; x_wconf 77' lang='lat' dir='ltr'>innitatur</span> 
     </span>
    </p>
   </div>
   <div class='ocr_carea' id='block_1_101' title="bbox 2075 3890 3678 3963">
    <p class='ocr_par' dir='ltr' id='par_1_101' title="bbox 2075 3890 3678 3963">
     <span class='ocr_line' id='line_1_101' title="bbox 2075 3890 3678 3963; baseline 0.003 -21"><span class='ocrx_word' id='word_1_791' title='bbox 2075 3906 2240 3957; x_wconf 87' lang='lat' dir='ltr'>super</span> <span class='ocrx_word' id='word_1_792' title='bbox 2268 3892 2439 3944; x_wconf 87' lang='lat' dir='ltr'>Deum</span> <span class='ocrx_word' id='word_1_793' title='bbox 2465 3907 2634 3943; x_wconf 84' lang='lat' dir='ltr'>suum</span> <span class='ocrx_word' id='word_1_794' title='bbox 2667 3892 2790 3958; x_wconf 88' lang='lat' dir='ltr'>(Isa.</span> <span class='ocrx_word' id='word_1_795' title='bbox 2820 3906 2871 3956; x_wconf 80' lang='grc' dir='ltr'>ι,</span> <span class='ocrx_word' id='word_1_796' title='bbox 2902 3890 3007 3947; x_wconf 65' lang='grc' dir='ltr'>ιο).</span> <span class='ocrx_word' id='word_1_797' title='bbox 3025 3891 3171 3955; x_wconf 88' lang='lat' dir='ltr'>Quid</span> <span class='ocrx_word' id='word_1_798' title='bbox 3187 3893 3339 3946; x_wconf 89' lang='lat' dir='ltr'>enim</span> <span class='ocrx_word' id='word_1_799' title='bbox 3356 3893 3678 3963; x_wconf 86' lang='lat' dir='ltr'>benignius,</span> 
     </span>
    </p>
   </div>
   <div class='ocr_carea' id='block_1_102' title="bbox 2078 3978 3684 4054">
    <p class='ocr_par' dir='ltr' id='par_1_102' title="bbox 2078 3978 3684 4054">
     <span class='ocr_line' id='line_1_102' title="bbox 2078 3978 3684 4054; baseline 0.003 -22"><span class='ocrx_word' id='word_1_800' title='bbox 2078 3978 2279 4048; x_wconf 88' lang='lat' dir='ltr'>quidve</span> <span class='ocrx_word' id='word_1_801' title='bbox 2301 3978 2718 4033; x_wconf 86' lang='lat' dir='ltr'>misericordius</span> <span class='ocrx_word' id='word_1_802' title='bbox 2749 3980 2857 4034; x_wconf 91' lang='lat' dir='ltr'>dici</span> <span class='ocrx_word' id='word_1_803' title='bbox 2880 3980 3062 4052; x_wconf 91' lang='lat' dir='ltr'>potuit</span> <span class='ocrx_word' id='word_1_804' title='bbox 3080 3981 3275 4045; x_wconf 83' lang='lat' dir='ltr'>?Quod</span> <span class='ocrx_word' id='word_1_805' title='bbox 3299 3982 3349 4035; x_wconf 91' lang='lat' dir='ltr'>si</span> <span class='ocrx_word' id='word_1_806' title='bbox 3377 3982 3684 4054; x_wconf 86' lang='lat' dir='ltr'>aliquando</span> 
     </span>
    </p>
   </div>
   <div class='ocr_carea' id='block_1_103' title="bbox 2076 4067 3676 4134">
    <p class='ocr_par' dir='ltr' id='par_1_103' title="bbox 2076 4067 3676 4134">
     <span class='ocr_line' id='line_1_103' title="bbox 2076 4067 3676 4134; baseline 0.002 -13"><span class='ocrx_word' id='word_1_807' title='bbox 2076 4067 2398 4130; x_wconf 88' lang='lat' dir='ltr'>ambulasti,</span> <span class='ocrx_word' id='word_1_808' title='bbox 2431 4084 2462 4122; x_wconf 95' lang='lat' dir='ltr'>o</span> <span class='ocrx_word' id='word_1_809' title='bbox 2484 4068 2651 4122; x_wconf 90' lang='lat' dir='ltr'>homo</span> <span class='ocrx_word' id='word_1_810' title='bbox 2672 4070 2684 4122; x_wconf 90' lang='lat'><strong>!</strong></span> <span class='ocrx_word' id='word_1_811' title='bbox 2707 4069 2767 4123; x_wconf 92' lang='lat' dir='ltr'>in</span> <span class='ocrx_word' id='word_1_812' title='bbox 2782 4069 3046 4133; x_wconf 84' lang='lat' dir='ltr'>tenebris,</span> <span class='ocrx_word' id='word_1_813' title='bbox 3079 4075 3135 4123; x_wconf 91' lang='lat' dir='ltr'>et</span> <span class='ocrx_word' id='word_1_814' title='bbox 3155 4069 3304 4124; x_wconf 87' lang='lat' dir='ltr'>vitiis</span> <span class='ocrx_word' id='word_1_815' title='bbox 3333 4071 3676 4134; x_wconf 86' lang='lat' dir='ltr'>carnalibus,</span> 
     </span>
    </p>
   </div>
   <div class='ocr_carea' id='block_1_104' title="bbox 2076 4157 3679 4230">
    <p class='ocr_par' dir='ltr' id='par_1_104' title="bbox 2076 4157 3679 4230">
     <span class='ocr_line' id='line_1_104' title="bbox 2076 4157 3679 4230; baseline 0.002 -21"><span class='ocrx_word' id='word_1_816' title='bbox 2076 4157 2336 4210; x_wconf 88' lang='lat' dir='ltr'>hortatur</span> <span class='ocrx_word' id='word_1_817' title='bbox 2364 4174 2434 4211; x_wconf 92' lang='lat' dir='ltr'>ne</span> <span class='ocrx_word' id='word_1_818' title='bbox 2462 4158 2671 4211; x_wconf 74' lang='lat' dir='ltr'>frustra</span> <span class='ocrx_word' id='word_1_819' title='bbox 2700 4157 3140 4212; x_wconf 88' lang='lat' dir='ltr'>misericordiam</span> <span class='ocrx_word' id='word_1_820' title='bbox 3170 4158 3534 4230; x_wconf 84' lang='lat' dir='ltr'>derelinquas</span> <span class='ocrx_word' id='word_1_821' title='bbox 3553 4178 3567 4225; x_wconf 91' lang='lat'>;</span> <span class='ocrx_word' id='word_1_822' title='bbox 3585 4159 3679 4213; x_wconf 84' lang='lat' dir='ltr'>sed</span> 
     </span>
    </p>
   </div>
   <div class='ocr_carea' id='block_1_105' title="bbox 2079 4246 3681 4319">
    <p class='ocr_par' dir='ltr' id='par_1_105' title="bbox 2079 4246 3681 4319">
     <span class='ocr_line' id='line_1_105' title="bbox 2079 4246 3681 4319; baseline 0.001 -20"><span class='ocrx_word' id='word_1_823' title='bbox 2079 4263 2274 4300; x_wconf 89' lang='lat' dir='ltr'>rursus</span> <span class='ocrx_word' id='word_1_824' title='bbox 2304 4262 2469 4319; x_wconf 85' lang='lat' dir='ltr'>spera</span> <span class='ocrx_word' id='word_1_825' title='bbox 2493 4246 2553 4299; x_wconf 92' lang='lat' dir='ltr'>in</span> <span class='ocrx_word' id='word_1_826' title='bbox 2581 4247 2780 4312; x_wconf 90' lang='lat' dir='ltr'>Deum,</span> <span class='ocrx_word' id='word_1_827' title='bbox 2810 4253 2874 4301; x_wconf 91' lang='lat' dir='ltr'>ut</span> <span class='ocrx_word' id='word_1_828' title='bbox 2898 4248 2973 4301; x_wconf 91' lang='lat' dir='ltr'>sit</span> <span class='ocrx_word' id='word_1_829' title='bbox 3000 4248 3099 4301; x_wconf 89' lang='lat' dir='ltr'>tibi</span> <span class='ocrx_word' id='word_1_830' title='bbox 3130 4265 3228 4319; x_wconf 91' lang='lat' dir='ltr'>pes</span> <span class='ocrx_word' id='word_1_831' title='bbox 3260 4248 3581 4318; x_wconf 86' lang='lat' dir='ltr'>gradiendi,</span> <span class='ocrx_word' id='word_1_832' title='bbox 3626 4253 3681 4301; x_wconf 89' lang='lat' dir='ltr'>et</span> 
     </span>
    </p>
   </div>
   <div class='ocr_carea' id='block_1_106' title="bbox 2078 4334 3679 4408">
    <p class='ocr_par' dir='ltr' id='par_1_106' title="bbox 2078 4334 3679 4408">
     <span class='ocr_line' id='line_1_106' title="bbox 2078 4334 3679 4408; baseline 0.002 -21"><span class='ocrx_word' id='word_1_833' title='bbox 2078 4334 2317 4388; x_wconf 91' lang='lat' dir='ltr'>innitere</span> <span class='ocrx_word' id='word_1_834' title='bbox 2339 4351 2507 4406; x_wconf 90' lang='lat' dir='ltr'>super</span> <span class='ocrx_word' id='word_1_835' title='bbox 2535 4335 2716 4389; x_wconf 89' lang='lat' dir='ltr'>Deum</span> <span class='ocrx_word' id='word_1_836' title='bbox 2744 4341 2927 4402; x_wconf 91' lang='lat' dir='ltr'>tuum,</span> <span class='ocrx_word' id='word_1_837' title='bbox 2959 4353 3030 4390; x_wconf 91' lang='lat' dir='ltr'>ne</span> <span class='ocrx_word' id='word_1_838' title='bbox 3060 4337 3190 4391; x_wconf 89' lang='lat' dir='ltr'>ullis</span> <span class='ocrx_word' id='word_1_839' title='bbox 3219 4337 3679 4408; x_wconf 87' lang='lat' dir='ltr'>desperationum</span> 
     </span>
    </p>
   </div>
   <div class='ocr_carea' id='block_1_107' title="bbox 2078 4424 3673 4497">
    <p class='ocr_par' dir='ltr' id='par_1_107' title="bbox 2078 4424 3673 4497">
     <span class='ocr_line' id='line_1_107' title="bbox 2078 4424 3673 4497; baseline 0.001 -18"><span class='ocrx_word' id='word_1_840' title='bbox 2078 4424 2367 4479; x_wconf 88' lang='lat' dir='ltr'>fraudibus</span> <span class='ocrx_word' id='word_1_841' title='bbox 2396 4424 2749 4495; x_wconf 88' lang='lat' dir='ltr'>abrumparis</span> <span class='ocrx_word' id='word_1_842' title='bbox 2781 4444 2792 4491; x_wconf 93' lang='lat'>;</span> <span class='ocrx_word' id='word_1_843' title='bbox 2824 4428 2957 4497; x_wconf 88' lang='lat' dir='ltr'>quia</span> <span class='ocrx_word' id='word_1_844' title='bbox 2984 4426 3031 4479; x_wconf 90' lang='lat' dir='ltr'>si</span> <span class='ocrx_word' id='word_1_845' title='bbox 3079 4432 3238 4480; x_wconf 87' lang='lat' dir='ltr'>vetus</span> <span class='ocrx_word' id='word_1_846' title='bbox 3261 4443 3423 4480; x_wconf 91' lang='lat' dir='ltr'>error</span> <span class='ocrx_word' id='word_1_847' title='bbox 3453 4427 3673 4491; x_wconf 83' lang='lat' dir='ltr'>abierit,</span> 
     </span>
    </p>
   </div>
   <div class='ocr_carea' id='block_1_108' title="bbox 2077 4512 3672 4584">
    <p class='ocr_par' dir='ltr' id='par_1_108' title="bbox 2077 4512 3672 4584">
     <span class='ocr_line' id='line_1_108' title="bbox 2077 4512 3672 4584; baseline 0.001 -16"><span class='ocrx_word' id='word_1_848' title='bbox 2077 4520 2142 4568; x_wconf 89' lang='lat' dir='ltr'>ut</span> <span class='ocrx_word' id='word_1_849' title='bbox 2161 4514 2311 4567; x_wconf 90' lang='lat' dir='ltr'>idem</span> <span class='ocrx_word' id='word_1_850' title='bbox 2340 4513 2550 4567; x_wconf 89' lang='lat' dir='ltr'>fatetur</span> <span class='ocrx_word' id='word_1_851' title='bbox 2570 4512 2862 4584; x_wconf 89' lang='lat' dir='ltr'>propheta,</span> <span class='ocrx_word' id='word_1_852' title='bbox 2896 4529 3089 4584; x_wconf 88' lang='lat' dir='ltr'>pacem</span> <span class='ocrx_word' id='word_1_853' title='bbox 3131 4513 3365 4569; x_wconf 87' lang='lat' dir='ltr'>habebis</span> <span class='ocrx_word' id='word_1_854' title='bbox 3399 4531 3533 4570; x_wconf 89' lang='lat' dir='ltr'>cum</span> <span class='ocrx_word' id='word_1_855' title='bbox 3561 4516 3672 4569; x_wconf 83' lang='lat' dir='ltr'>Deo</span> 
     </span>
    </p>
   </div>
   <div class='ocr_carea' id='block_1_109' title="bbox 2067 4601 3671 4674">
    <p class='ocr_par' dir='ltr' id='par_1_109' title="bbox 2067 4601 3671 4674">
     <span class='ocr_line' id='line_1_109' title="bbox 2067 4601 3671 4674; baseline 0 -17"><span class='ocrx_word' id='word_1_856' title='bbox 2067 4607 2167 4657; x_wconf 89' lang='lat' dir='ltr'>tuo</span> <span class='ocrx_word' id='word_1_857' title='bbox 2196 4619 2209 4657; x_wconf 90' lang='lat'>:</span> <span class='ocrx_word' id='word_1_858' title='bbox 2242 4601 2392 4656; x_wconf 91' lang='lat' dir='ltr'>unde</span> <span class='ocrx_word' id='word_1_859' title='bbox 2421 4617 2720 4655; x_wconf 89' lang='lat' dir='ltr'>conversus</span> <span class='ocrx_word' id='word_1_860' title='bbox 2741 4602 2813 4656; x_wconf 90' lang='lat' dir='ltr'>ad</span> <span class='ocrx_word' id='word_1_861' title='bbox 2842 4603 3040 4666; x_wconf 90' lang='lat' dir='ltr'>Deum,</span> <span class='ocrx_word' id='word_1_862' title='bbox 3065 4604 3324 4668; x_wconf 66' lang='lat' dir='ltr'>servabis,</span> <span class='ocrx_word' id='word_1_863' title='bbox 3350 4602 3559 4674; x_wconf 88' lang='lat' dir='ltr'>inquit,</span> <span class='ocrx_word' id='word_1_864' title='bbox 3577 4618 3671 4672; x_wconf 84' lang='lat' dir='ltr'>pa-</span> 
     </span>
    </p>
   </div>
   <div class='ocr_carea' id='block_1_110' title="bbox 2072 4690 3667 4760">
    <p class='ocr_par' dir='ltr' id='par_1_110' title="bbox 2072 4690 3667 4760">
     <span class='ocr_line' id='line_1_110' title="bbox 2072 4690 3667 4760; baseline -0.001 -15"><span class='ocrx_word' id='word_1_865' title='bbox 2072 4708 2205 4754; x_wconf 76' lang='lat' dir='ltr'>cem,</span> <span class='ocrx_word' id='word_1_866' title='bbox 2246 4707 2456 4760; x_wconf 82' lang='lat' dir='ltr'>pacem,</span> <span class='ocrx_word' id='word_1_867' title='bbox 2485 4694 2619 4758; x_wconf 87' lang='lat' dir='ltr'>quia</span> <span class='ocrx_word' id='word_1_868' title='bbox 2665 4694 2728 4745; x_wconf 88' lang='lat' dir='ltr'>in</span> <span class='ocrx_word' id='word_1_869' title='bbox 2771 4696 2817 4744; x_wconf 90' lang='lat' dir='ltr'>te</span> <span class='ocrx_word' id='word_1_870' title='bbox 2846 4695 3187 4760; x_wconf 81' lang='lat' dir='ltr'>speravimus</span> <span class='ocrx_word' id='word_1_871' title='bbox 3219 4694 3349 4754; x_wconf 76' lang='lat' dir='ltr'>Usa.</span> <span class='ocrx_word' id='word_1_872' title='bbox 3403 4706 3554 4759; x_wconf 68' lang='lat' dir='ltr'>xxvr,</span> <span class='ocrx_word' id='word_1_873' title='bbox 3599 4690 3667 4754; x_wconf 75' lang='lat'>3).</span> 
     </span>
    </p>
   </div>
   <div class='ocr_carea' id='block_1_111' title="bbox 2072 4777 3667 4848">
    <p class='ocr_par' dir='ltr' id='par_1_111' title="bbox 2072 4777 3667 4848">
     <span class='ocr_line' id='line_1_111' title="bbox 2072 4777 3667 4848; baseline -0.002 -15"><span class='ocrx_word' id='word_1_874' title='bbox 2072 4779 2285 4833; x_wconf 90' lang='lat' dir='ltr'>Deinde</span> <span class='ocrx_word' id='word_1_875' title='bbox 2316 4777 2606 4848; x_wconf 87' lang='lat' dir='ltr'>subjungit</span> <span class='ocrx_word' id='word_1_876' title='bbox 2635 4796 2647 4831; x_wconf 91' lang='lat'>:</span> <span class='ocrx_word' id='word_1_877' title='bbox 2680 4779 2952 4847; x_wconf 81' lang='lat' dir='ltr'>Sperastis</span> <span class='ocrx_word' id='word_1_878' title='bbox 2979 4784 3041 4833; x_wconf 87' lang='lat' dir='ltr'>in</span> <span class='ocrx_word' id='word_1_879' title='bbox 3078 4781 3316 4834; x_wconf 84' lang='lat' dir='ltr'>Domino</span> <span class='ocrx_word' id='word_1_880' title='bbox 3352 4783 3416 4835; x_wconf 80' lang='lat' dir='ltr'>in</span> <span class='ocrx_word' id='word_1_881' title='bbox 3464 4781 3667 4835; x_wconf 72' lang='lat' dir='ltr'>mulis</span> 
     </span>
    </p>
   </div>
   <div class='ocr_carea' id='block_1_112' title="bbox 2072 4869 3667 4939">
    <p class='ocr_par' dir='ltr' id='par_1_112' title="bbox 2072 4869 3667 4939">
     <span class='ocr_line' id='line_1_112' title="bbox 2072 4869 3667 4939; baseline 0 -17"><span class='ocrx_word' id='word_1_882' title='bbox 2072 4870 2307 4931; x_wconf 52' lang='lat' dir='ltr'>sternis,</span> <span class='ocrx_word' id='word_1_883' title='bbox 2336 4871 2399 4921; x_wconf 90' lang='lat' dir='ltr'>in</span> <span class='ocrx_word' id='word_1_884' title='bbox 2428 4869 2661 4921; x_wconf 80' lang='lat' dir='ltr'>Domino</span> <span class='ocrx_word' id='word_1_885' title='bbox 2682 4870 2785 4922; x_wconf 88' lang='lat' dir='ltr'>Deo</span> <span class='ocrx_word' id='word_1_886' title='bbox 2812 4871 2949 4936; x_wconf 76' lang='lat' dir='ltr'>forti</span> <span class='ocrx_word' id='word_1_887' title='bbox 2976 4873 3039 4924; x_wconf 84' lang='lat' dir='ltr'>in</span> <span class='ocrx_word' id='word_1_888' title='bbox 3066 4869 3563 4939; x_wconf 74' lang='lat' dir='ltr'>perpetuum.Acsi</span> <span class='ocrx_word' id='word_1_889' title='bbox 3578 4883 3667 4938; x_wconf 82' lang='lat' dir='ltr'>pa-</span> 
     </span>
    </p>
   </div>
   <div class='ocr_carea' id='block_1_113' title="bbox 2071 4956 3661 5030">
    <p class='ocr_par' dir='ltr' id='par_1_113' title="bbox 2071 4956 3661 5030">
     <span class='ocr_line' id='line_1_113' title="bbox 2071 4956 3661 5030; baseline -0.003 -19"><span class='ocrx_word' id='word_1_890' title='bbox 2071 4963 2258 5011; x_wconf 87' lang='lat' dir='ltr'>tenter</span> <span class='ocrx_word' id='word_1_891' title='bbox 2271 4956 2455 5011; x_wconf 90' lang='lat' dir='ltr'>dicat:</span> <span class='ocrx_word' id='word_1_892' title='bbox 2484 4956 2616 5027; x_wconf 86' lang='lat' dir='ltr'>quia</span> <span class='ocrx_word' id='word_1_893' title='bbox 2644 4958 2916 5028; x_wconf 88' lang='lat' dir='ltr'>sperastis</span> <span class='ocrx_word' id='word_1_894' title='bbox 2941 4958 3000 5012; x_wconf 90' lang='lat' dir='ltr'>in</span> <span class='ocrx_word' id='word_1_895' title='bbox 3022 4958 3283 5024; x_wconf 89' lang='lat' dir='ltr'>Domino,</span> <span class='ocrx_word' id='word_1_896' title='bbox 3308 4964 3528 5030; x_wconf 81' lang='lat' dir='ltr'>sperate</span> <span class='ocrx_word' id='word_1_897' title='bbox 3556 4970 3661 5011; x_wconf 83' lang='lat' dir='ltr'>non</span> 
     </span>
    </p>
   </div>
   <div class='ocr_carea' id='block_1_114' title="bbox 2144 5064 2661 5134">
    <p class='ocr_par' dir='ltr' id='par_1_114' title="bbox 2144 5064 2661 5134">
     <span class='ocr_line' id='line_1_114' title="bbox 2144 5064 2661 5134; baseline -0.004 -15"><span class='ocrx_word' id='word_1_898' title='bbox 2144 5076 2174 5119; x_wconf 68' lang='lat'><strong>8</strong></span> <span class='ocrx_word' id='word_1_899' title='bbox 2192 5064 2322 5118; x_wconf 88' lang='lat' dir='ltr'>Edit</span> <span class='ocrx_word' id='word_1_900' title='bbox 2350 5104 2363 5131; x_wconf 97' lang='lat'>,</span> <span class='ocrx_word' id='word_1_901' title='bbox 2388 5070 2661 5134; x_wconf 85' lang='lat' dir='ltr'>properet.</span> 
     </span>
    </p>
   </div>
   <div class='ocr_carea' id='block_1_115' title="bbox 2143 5136 2959 5204">
    <p class='ocr_par' dir='ltr' id='par_1_115' title="bbox 2143 5136 2959 5204">
     <span class='ocr_line' id='line_1_115' title="bbox 2143 5136 2959 5204; baseline 0 -16"><span class='ocrx_word' id='word_1_902' title='bbox 2143 5136 2172 5176; x_wconf 80' lang='lat' dir='ltr'>h</span> <span class='ocrx_word' id='word_1_903' title='bbox 2194 5136 2362 5200; x_wconf 89' lang='lat' dir='ltr'>Edit.,</span> <span class='ocrx_word' id='word_1_904' title='bbox 2383 5137 2663 5204; x_wconf 77' lang='lat' dir='ltr'>graditur.</span> <span class='ocrx_word' id='word_1_905' title='bbox 2950 5150 2959 5157; x_wconf 92' lang='grc'><strong>·</strong></span> 
     </span>
    </p>
   </div>
   <div class='ocr_carea' id='block_1_116' title="bbox 2141 5207 3382 5278">
    <p class='ocr_par' dir='ltr' id='par_1_116' title="bbox 2141 5207 3382 5278">
     <span class='ocr_line' id='line_1_116' title="bbox 2141 5207 3382 5278; baseline 0.007 -19"><span class='ocrx_word' id='word_1_906' title='bbox 2141 5207 2157 5246; x_wconf 87' lang='lat' dir='ltr'>i</span> <span class='ocrx_word' id='word_1_907' title='bbox 2188 5207 2358 5271; x_wconf 88' lang='lat' dir='ltr'>Edit.,</span> <span class='ocrx_word' id='word_1_908' title='bbox 2393 5207 2470 5260; x_wconf 86' lang='lat' dir='ltr'>Eo</span> <span class='ocrx_word' id='word_1_909' title='bbox 2494 5208 2637 5274; x_wconf 88' lang='lat' dir='ltr'>quod</span> <span class='ocrx_word' id='word_1_910' title='bbox 2664 5208 2737 5261; x_wconf 86' lang='lat' dir='ltr'>sit</span> <span class='ocrx_word' id='word_1_911' title='bbox 2756 5222 2887 5278; x_wconf 82' lang='lat' dir='ltr'>spes,</span> <span class='ocrx_word' id='word_1_912' title='bbox 2922 5209 3020 5263; x_wconf 89' lang='lat' dir='ltr'>sed</span> <span class='ocrx_word' id='word_1_913' title='bbox 3040 5208 3244 5265; x_wconf 83' lang='lat' dir='ltr'>melius</span> <span class='ocrx_word' id='word_1_914' title='bbox 3262 5225 3382 5278; x_wconf 76' lang='lat' dir='ltr'>pas.</span> 
     </span>
    </p>
   </div>
   <div class='ocr_carea' id='block_1_117' title="bbox 2133 5277 3645 5351">
    <p class='ocr_par' dir='ltr' id='par_1_117' title="bbox 2133 5277 3645 5351">
     <span class='ocr_line' id='line_1_117' title="bbox 2133 5277 3645 5351; baseline -0.003 -17"><span class='ocrx_word' id='word_1_915' title='bbox 2133 5280 2152 5334; x_wconf 74' lang='grc'><strong>1</strong></span> <span class='ocrx_word' id='word_1_916' title='bbox 2180 5278 2352 5351; x_wconf 77' lang='lat' dir='ltr'>Edit.,</span> <span class='ocrx_word' id='word_1_917' title='bbox 2380 5280 2449 5351; x_wconf 64' lang='lat' dir='ltr'>in</span> <span class='ocrx_word' id='word_1_918' title='bbox 2473 5279 2677 5332; x_wconf 70' lang='lat' dir='ltr'>directo</span> <span class='ocrx_word' id='word_1_919' title='bbox 2706 5277 3062 5351; x_wconf 78' lang='lat' dir='ltr'>additurque,</span> <span class='ocrx_word' id='word_1_920' title='bbox 3095 5282 3157 5335; x_wconf 78' lang='lat' dir='ltr'>id</span> <span class='ocrx_word' id='word_1_921' title='bbox 3184 5277 3354 5339; x_wconf 72' lang='lat' dir='ltr'>estin</span> <span class='ocrx_word' id='word_1_922' title='bbox 3380 5282 3470 5343; x_wconf 61' lang='lat' dir='ltr'>ma</span> <span class='ocrx_word' id='word_1_923' title='bbox 3495 5281 3645 5339; x_wconf 77' lang='lat' dir='ltr'>recta,</span> 
     </span>
    </p>
   </div>
   <div class='ocr_carea' id='block_1_118' title="bbox 2072 5349 3047 5421">
    <p class='ocr_par' dir='ltr' id='par_1_118' title="bbox 2072 5349 3047 5421">
     <span class='ocr_line' id='line_1_118' title="bbox 2072 5349 3047 5421; baseline 0.004 -17"><span class='ocrx_word' id='word_1_924' title='bbox 2072 5349 2221 5421; x_wconf 90' lang='lat' dir='ltr'>quod</span> <span class='ocrx_word' id='word_1_925' title='bbox 2239 5353 2329 5404; x_wconf 86' lang='lat' dir='ltr'>est</span> <span class='ocrx_word' id='word_1_926' title='bbox 2356 5349 2640 5420; x_wconf 83' lang='lat' dir='ltr'>glossema</span> <span class='ocrx_word' id='word_1_927' title='bbox 2666 5349 3047 5409; x_wconf 74' lang='lat' dir='ltr'>amanuensis.</span> 
     </span>
    </p>
   </div>
  </div>
