  <div class='ocr_page' id='page_1' title='image "/cluster/home/n/w/nwhite01/storage/ocr_20150623/120/hvd.32044054759824/728.png"; bbox 0 0 3992 6166; ppageno 0'>
   <div class='ocr_carea' id='block_1_1' title="bbox 362 172 509 241">
    <p class='ocr_par' dir='ltr' id='par_1_1' title="bbox 362 172 509 241">
     <span class='ocr_line' id='line_1_1' title="bbox 362 172 509 241; baseline 0.027 -4"><span class='ocrx_word' id='word_1_1' title='bbox 362 172 509 241; x_wconf 77' lang='grc'>1445</span> 
     </span>
    </p>
   </div>
   <div class='ocr_carea' id='block_1_2' title="bbox 1255 169 2741 243">
    <p class='ocr_par' dir='ltr' id='par_1_2' title="bbox 1255 169 2741 243">
     <span class='ocr_line' id='line_1_2' title="bbox 1255 169 2741 243; baseline -0.005 -6"><span class='ocrx_word' id='word_1_2' title='bbox 1255 174 1349 239; x_wconf 81' lang='lat' dir='ltr'>DE</span> <span class='ocrx_word' id='word_1_3' title='bbox 1384 175 1569 243; x_wconf 85' lang='lat' dir='ltr'>FIDE,</span> <span class='ocrx_word' id='word_1_4' title='bbox 1610 174 1741 241; x_wconf 85' lang='lat' dir='ltr'>SPE</span> <span class='ocrx_word' id='word_1_5' title='bbox 1781 174 1871 237; x_wconf 87' lang='lat' dir='ltr'>ET</span> <span class='ocrx_word' id='word_1_6' title='bbox 1907 169 2337 239; x_wconf 80' lang='lat' dir='ltr'>CHARITATE.</span> <span class='ocrx_word' id='word_1_7' title='bbox 2384 201 2450 213; x_wconf 94' lang='lat'><strong><em>—</em></strong></span> <span class='ocrx_word' id='word_1_8' title='bbox 2489 171 2627 228; x_wconf 88' lang='lat' dir='ltr'>LIB.</span> <span class='ocrx_word' id='word_1_9' title='bbox 2668 173 2741 239; x_wconf 87' lang='lat' dir='ltr'>II.</span> 
     </span>
    </p>
   </div>
   <div class='ocr_carea' id='block_1_3' title="bbox 3498 184 3642 257">
    <p class='ocr_par' dir='ltr' id='par_1_3' title="bbox 3498 184 3642 257">
     <span class='ocr_line' id='line_1_3' title="bbox 3498 184 3642 257; baseline 0.021 -12"><span class='ocrx_word' id='word_1_10' title='bbox 3498 184 3642 257; x_wconf 73' lang='grc'>1446</span> 
     </span>
    </p>
   </div>
   <div class='ocr_carea' id='block_1_4' title="bbox 361 299 3640 387">
    <p class='ocr_par' dir='ltr' id='par_1_4' title="bbox 361 299 3640 387">
     <span class='ocr_line' id='line_1_4' title="bbox 361 299 3640 387; baseline 0.004 -32"><span class='ocrx_word' id='word_1_11' title='bbox 361 300 423 361; x_wconf 89' lang='lat' dir='ltr'>in</span> <span class='ocrx_word' id='word_1_12' title='bbox 448 299 618 363; x_wconf 80' lang='lat' dir='ltr'>rebus</span> <span class='ocrx_word' id='word_1_13' title='bbox 638 301 1001 367; x_wconf 82' lang='lat' dir='ltr'>transitoriis,</span> <span class='ocrx_word' id='word_1_14' title='bbox 1035 302 1132 356; x_wconf 90' lang='lat' dir='ltr'>sed</span> <span class='ocrx_word' id='word_1_15' title='bbox 1161 301 1220 356; x_wconf 88' lang='lat' dir='ltr'>in</span> <span class='ocrx_word' id='word_1_16' title='bbox 1248 304 1462 363; x_wconf 70' lang='lat' dir='ltr'>saeculis</span> <span class='ocrx_word' id='word_1_17' title='bbox 1486 304 1729 359; x_wconf 75' lang='lat' dir='ltr'>aeternis.</span> <span class='ocrx_word' id='word_1_18' title='bbox 1762 302 1961 375; x_wconf 88' lang='lat' dir='ltr'>Despi-</span> <span class='ocrx_word' id='word_1_19' title='bbox 1979 304 2022 362; x_wconf 86' lang='lat' dir='ltr'><strong>A</strong></span> <span class='ocrx_word' id='word_1_20' title='bbox 2046 300 2183 360; x_wconf 90' lang='lat' dir='ltr'>Deo,</span> <span class='ocrx_word' id='word_1_21' title='bbox 2214 303 2279 353; x_wconf 91' lang='lat' dir='ltr'>ut</span> <span class='ocrx_word' id='word_1_22' title='bbox 2331 303 2416 353; x_wconf 93' lang='lat' dir='ltr'>est</span> <span class='ocrx_word' id='word_1_23' title='bbox 2445 299 2633 354; x_wconf 86' lang='lat' dir='ltr'>omnia</span> <span class='ocrx_word' id='word_1_24' title='bbox 2686 306 2836 356; x_wconf 89' lang='lat' dir='ltr'>recte</span> <span class='ocrx_word' id='word_1_25' title='bbox 2883 306 3109 374; x_wconf 83' lang='lat' dir='ltr'>sentire,</span> <span class='ocrx_word' id='word_1_26' title='bbox 3140 309 3390 387; x_wconf 86' lang='lat' dir='ltr'>nihilque</span> <span class='ocrx_word' id='word_1_27' title='bbox 3419 311 3489 367; x_wconf 86' lang='lat' dir='ltr'>ab</span> <span class='ocrx_word' id='word_1_28' title='bbox 3516 315 3640 385; x_wconf 86' lang='lat' dir='ltr'>ejus</span> 
     </span>
    </p>
   </div>
   <div class='ocr_carea' id='block_1_5' title="bbox 361 389 1963 463">
    <p class='ocr_par' dir='ltr' id='par_1_5' title="bbox 361 389 1963 463">
     <span class='ocr_line' id='line_1_5' title="bbox 361 389 1963 463; baseline 0.001 -19"><span class='ocrx_word' id='word_1_29' title='bbox 361 389 473 445; x_wconf 83' lang='lat' dir='ltr'>cite</span> <span class='ocrx_word' id='word_1_30' title='bbox 492 407 643 444; x_wconf 90' lang='lat' dir='ltr'>nunc</span> <span class='ocrx_word' id='word_1_31' title='bbox 661 390 1013 461; x_wconf 81' lang='lat' dir='ltr'>temporalia,</span> <span class='ocrx_word' id='word_1_32' title='bbox 1029 392 1402 462; x_wconf 83' lang='lat' dir='ltr'>concupiscite</span> <span class='ocrx_word' id='word_1_33' title='bbox 1424 394 1769 463; x_wconf 90' lang='lat' dir='ltr'>sempiterna</span> <span class='ocrx_word' id='word_1_34' title='bbox 1789 411 1800 458; x_wconf 90' lang='lat'>;</span> <span class='ocrx_word' id='word_1_35' title='bbox 1828 409 1963 462; x_wconf 87' lang='lat' dir='ltr'>quo-</span> 
     </span>
    </p>
   </div>
   <div class='ocr_carea' id='block_1_6' title="bbox 361 478 1961 553">
    <p class='ocr_par' dir='ltr' id='par_1_6' title="bbox 361 478 1961 553">
     <span class='ocr_line' id='line_1_6' title="bbox 361 478 1961 553; baseline 0.002 -21"><span class='ocrx_word' id='word_1_36' title='bbox 361 478 515 533; x_wconf 82' lang='lat' dir='ltr'>niam</span> <span class='ocrx_word' id='word_1_37' title='bbox 542 496 665 553; x_wconf 75' lang='lat' dir='ltr'>quee</span> <span class='ocrx_word' id='word_1_38' title='bbox 693 479 953 533; x_wconf 89' lang='lat' dir='ltr'>videntur</span> <span class='ocrx_word' id='word_1_39' title='bbox 975 481 1306 552; x_wconf 79' lang='lat' dir='ltr'>temporalia</span> <span class='ocrx_word' id='word_1_40' title='bbox 1333 488 1482 546; x_wconf 91' lang='lat' dir='ltr'>sunt,</span> <span class='ocrx_word' id='word_1_41' title='bbox 1504 488 1560 535; x_wconf 92' lang='lat' dir='ltr'>et</span> <span class='ocrx_word' id='word_1_42' title='bbox 1590 499 1712 553; x_wconf 65' lang='lat' dir='ltr'>qum</span> <span class='ocrx_word' id='word_1_43' title='bbox 1744 498 1853 536; x_wconf 92' lang='lat' dir='ltr'>non</span> <span class='ocrx_word' id='word_1_44' title='bbox 1887 482 1961 535; x_wconf 91' lang='lat' dir='ltr'>vi-</span> 
     </span>
    </p>
   </div>
   <div class='ocr_carea' id='block_1_7' title="bbox 360 568 1959 643">
    <p class='ocr_par' dir='ltr' id='par_1_7' title="bbox 360 568 1959 643">
     <span class='ocr_line' id='line_1_7' title="bbox 360 568 1959 643; baseline 0.002 -22"><span class='ocrx_word' id='word_1_45' title='bbox 360 568 572 622; x_wconf 90' lang='lat' dir='ltr'>dentur</span> <span class='ocrx_word' id='word_1_46' title='bbox 589 576 817 623; x_wconf 74' lang='lat' dir='ltr'>aeterna.</span> <span class='ocrx_word' id='word_1_47' title='bbox 838 568 994 632; x_wconf 87' lang='lat' dir='ltr'>Quod</span> <span class='ocrx_word' id='word_1_48' title='bbox 1023 574 1210 623; x_wconf 84' lang='lat' dir='ltr'>autem</span> <span class='ocrx_word' id='word_1_49' title='bbox 1246 570 1393 624; x_wconf 91' lang='lat' dir='ltr'>videt</span> <span class='ocrx_word' id='word_1_50' title='bbox 1419 571 1543 641; x_wconf 90' lang='lat' dir='ltr'>quis</span> <span class='ocrx_word' id='word_1_51' title='bbox 1563 571 1697 643; x_wconf 89' lang='lat' dir='ltr'>quid</span> <span class='ocrx_word' id='word_1_52' title='bbox 1729 571 1959 641; x_wconf 79' lang='lat' dir='ltr'>sperat?</span> 
     </span>
    </p>
   </div>
   <div class='ocr_carea' id='block_1_8' title="bbox 359 656 1958 730">
    <p class='ocr_par' dir='ltr' id='par_1_8' title="bbox 359 656 1958 730">
     <span class='ocr_line' id='line_1_8' title="bbox 359 656 1958 730; baseline 0.003 -20"><span class='ocrx_word' id='word_1_53' title='bbox 359 656 524 711; x_wconf 87' lang='lat' dir='ltr'>Unde</span> <span class='ocrx_word' id='word_1_54' title='bbox 543 658 664 711; x_wconf 89' lang='lat' dir='ltr'>sine</span> <span class='ocrx_word' id='word_1_55' title='bbox 690 657 877 729; x_wconf 87' lang='lat' dir='ltr'>aliquo</span> <span class='ocrx_word' id='word_1_56' title='bbox 900 658 1307 728; x_wconf 80' lang='lat' dir='ltr'>desperationis</span> <span class='ocrx_word' id='word_1_57' title='bbox 1343 659 1627 713; x_wconf 89' lang='lat' dir='ltr'>molimine</span> <span class='ocrx_word' id='word_1_58' title='bbox 1650 666 1870 730; x_wconf 84' lang='lat' dir='ltr'>sperate</span> <span class='ocrx_word' id='word_1_59' title='bbox 1901 661 1958 714; x_wconf 91' lang='lat' dir='ltr'>in</span> 
     </span>
    </p>
   </div>
   <div class='ocr_carea' id='block_1_9' title="bbox 358 744 1959 818">
    <p class='ocr_par' dir='ltr' id='par_1_9' title="bbox 358 744 1959 818">
     <span class='ocr_line' id='line_1_9' title="bbox 358 744 1959 818; baseline 0.002 -20"><span class='ocrx_word' id='word_1_60' title='bbox 358 744 603 799; x_wconf 89' lang='lat' dir='ltr'>Domino</span> <span class='ocrx_word' id='word_1_61' title='bbox 619 744 734 799; x_wconf 92' lang='lat' dir='ltr'>Deo</span> <span class='ocrx_word' id='word_1_62' title='bbox 752 744 877 799; x_wconf 80' lang='lat' dir='ltr'>torti</span> <span class='ocrx_word' id='word_1_63' title='bbox 900 744 957 798; x_wconf 90' lang='lat' dir='ltr'>in</span> <span class='ocrx_word' id='word_1_64' title='bbox 980 754 1330 817; x_wconf 90' lang='lat' dir='ltr'>perpetuum.</span> <span class='ocrx_word' id='word_1_65' title='bbox 1350 747 1586 818; x_wconf 89' lang='lat' dir='ltr'>Sperare</span> <span class='ocrx_word' id='word_1_66' title='bbox 1606 754 1816 811; x_wconf 89' lang='lat' dir='ltr'>autem,</span> <span class='ocrx_word' id='word_1_67' title='bbox 1848 765 1959 802; x_wconf 92' lang='lat' dir='ltr'>non</span> 
     </span>
    </p>
   </div>
   <div class='ocr_carea' id='block_1_10' title="bbox 358 832 1958 906">
    <p class='ocr_par' dir='ltr' id='par_1_10' title="bbox 358 832 1958 906">
     <span class='ocr_line' id='line_1_10' title="bbox 358 832 1958 906; baseline 0.003 -20"><span class='ocrx_word' id='word_1_68' title='bbox 358 832 510 887; x_wconf 90' lang='lat' dir='ltr'>sicut</span> <span class='ocrx_word' id='word_1_69' title='bbox 561 833 803 887; x_wconf 80' lang='lat' dir='ltr'>carnalis</span> <span class='ocrx_word' id='word_1_70' title='bbox 858 834 1051 898; x_wconf 81' lang='lat' dir='ltr'>Israel,</span> <span class='ocrx_word' id='word_1_71' title='bbox 1093 852 1314 905; x_wconf 88' lang='lat' dir='ltr'>semper</span> <span class='ocrx_word' id='word_1_72' title='bbox 1372 837 1728 906; x_wconf 59' lang='lat' dir='ltr'>praesentium</span> <span class='ocrx_word' id='word_1_73' title='bbox 1771 854 1958 893; x_wconf 87' lang='lat' dir='ltr'>rerum</span> 
     </span>
    </p>
   </div>
   <div class='ocr_carea' id='block_1_11' title="bbox 356 919 1960 994">
    <p class='ocr_par' dir='ltr' id='par_1_11' title="bbox 356 919 1960 994">
     <span class='ocr_line' id='line_1_11' title="bbox 356 919 1960 994; baseline 0.004 -21"><span class='ocrx_word' id='word_1_74' title='bbox 356 919 527 985; x_wconf 81' lang='lat' dir='ltr'>bona,</span> <span class='ocrx_word' id='word_1_75' title='bbox 561 938 881 994; x_wconf 85' lang='lat' dir='ltr'>quanquam</span> <span class='ocrx_word' id='word_1_76' title='bbox 931 928 988 976; x_wconf 90' lang='lat' dir='ltr'>et</span> <span class='ocrx_word' id='word_1_77' title='bbox 1032 923 1153 994; x_wconf 89' lang='lat' dir='ltr'>ipsa</span> <span class='ocrx_word' id='word_1_78' title='bbox 1188 941 1294 977; x_wconf 93' lang='lat' dir='ltr'>non</span> <span class='ocrx_word' id='word_1_79' title='bbox 1346 924 1453 979; x_wconf 91' lang='lat' dir='ltr'>nisi</span> <span class='ocrx_word' id='word_1_80' title='bbox 1484 942 1516 978; x_wconf 83' lang='lat' dir='ltr'>a</span> <span class='ocrx_word' id='word_1_81' title='bbox 1563 926 1675 979; x_wconf 92' lang='lat' dir='ltr'>Deo</span> <span class='ocrx_word' id='word_1_82' title='bbox 1704 937 1727 962; x_wconf 78' lang='grc'>³</span> <span class='ocrx_word' id='word_1_83' title='bbox 1753 924 1960 981; x_wconf 87' lang='lat' dir='ltr'>habere</span> 
     </span>
    </p>
   </div>
   <div class='ocr_carea' id='block_1_12' title="bbox 354 1010 1959 1086">
    <p class='ocr_par' dir='ltr' id='par_1_12' title="bbox 354 1010 1959 1086">
     <span class='ocr_line' id='line_1_12' title="bbox 354 1010 1959 1086; baseline 0.002 -22"><span class='ocrx_word' id='word_1_84' title='bbox 354 1010 659 1082; x_wconf 86' lang='lat' dir='ltr'>possimus,</span> <span class='ocrx_word' id='word_1_85' title='bbox 696 1011 793 1065; x_wconf 90' lang='lat' dir='ltr'>sed</span> <span class='ocrx_word' id='word_1_86' title='bbox 822 1011 879 1069; x_wconf 89' lang='lat' dir='ltr'>in</span> <span class='ocrx_word' id='word_1_87' title='bbox 926 1018 1137 1066; x_wconf 70' lang='lat' dir='ltr'>aeterna</span> <span class='ocrx_word' id='word_1_88' title='bbox 1187 1013 1452 1067; x_wconf 74' lang='lat' dir='ltr'>ccelorum</span> <span class='ocrx_word' id='word_1_89' title='bbox 1484 1011 1643 1068; x_wconf 90' lang='lat' dir='ltr'>bonis</span> <span class='ocrx_word' id='word_1_90' title='bbox 1684 1019 1804 1068; x_wconf 83' lang='lat' dir='ltr'>tota</span> <span class='ocrx_word' id='word_1_91' title='bbox 1832 1031 1959 1086; x_wconf 90' lang='lat' dir='ltr'>spes</span> 
     </span>
    </p>
   </div>
   <div class='ocr_carea' id='block_1_13' title="bbox 356 1086 1960 1174">
    <p class='ocr_par' dir='ltr' id='par_1_13' title="bbox 356 1086 1960 1174">
     <span class='ocr_line' id='line_1_13' title="bbox 356 1086 1960 1174; baseline 0.003 -22"><span class='ocrx_word' id='word_1_92' title='bbox 356 1104 554 1152; x_wconf 90' lang='lat' dir='ltr'>nostra</span> <span class='ocrx_word' id='word_1_93' title='bbox 584 1097 898 1170; x_wconf 79' lang='lat' dir='ltr'>dirigatur:</span> <span class='ocrx_word' id='word_1_94' title='bbox 935 1105 992 1153; x_wconf 92' lang='lat' dir='ltr'>et</span> <span class='ocrx_word' id='word_1_95' title='bbox 1014 1118 1139 1153; x_wconf 90' lang='lat' dir='ltr'>mox</span> <span class='ocrx_word' id='word_1_96' title='bbox 1162 1102 1229 1154; x_wconf 90' lang='lat' dir='ltr'>ad</span> <span class='ocrx_word' id='word_1_97' title='bbox 1230 1101 1501 1171; x_wconf 80' lang='lat' dir='ltr'>jicientur</span> <span class='ocrx_word' id='word_1_98' title='bbox 1529 1086 1651 1174; x_wconf 71' lang='lat' dir='ltr'>quae</span> <span class='ocrx_word' id='word_1_99' title='bbox 1681 1120 1792 1156; x_wconf 92' lang='lat' dir='ltr'>non</span> <span class='ocrx_word' id='word_1_100' title='bbox 1824 1120 1960 1174; x_wconf 84' lang='lat' dir='ltr'>prae-</span> 
     </span>
    </p>
   </div>
   <div class='ocr_carea' id='block_1_14' title="bbox 352 1186 1957 1263">
    <p class='ocr_par' dir='ltr' id='par_1_14' title="bbox 352 1186 1957 1263">
     <span class='ocr_line' id='line_1_14' title="bbox 352 1186 1957 1263; baseline 0.002 -22"><span class='ocrx_word' id='word_1_101' title='bbox 352 1186 612 1258; x_wconf 83' lang='lat' dir='ltr'>pediant,</span> <span class='ocrx_word' id='word_1_102' title='bbox 646 1188 871 1259; x_wconf 85' lang='lat' dir='ltr'>quando</span> <span class='ocrx_word' id='word_1_103' title='bbox 908 1186 935 1227; x_wconf 73' lang='grc' dir='ltr'>δ</span> <span class='ocrx_word' id='word_1_104' title='bbox 966 1205 1032 1243; x_wconf 85' lang='lat' dir='ltr'>ea</span> <span class='ocrx_word' id='word_1_105' title='bbox 1061 1206 1182 1259; x_wconf 71' lang='lat' dir='ltr'>quze</span> <span class='ocrx_word' id='word_1_106' title='bbox 1214 1190 1556 1263; x_wconf 88' lang='lat' dir='ltr'>sempiterna</span> <span class='ocrx_word' id='word_1_107' title='bbox 1585 1198 1717 1245; x_wconf 63' lang='lat' dir='ltr'>sunt</span> <span class='ocrx_word' id='word_1_108' title='bbox 1744 1192 1957 1245; x_wconf 87' lang='lat' dir='ltr'>solum-</span> 
     </span>
    </p>
   </div>
   <div class='ocr_carea' id='block_1_15' title="bbox 355 1276 1955 1352">
    <p class='ocr_par' dir='ltr' id='par_1_15' title="bbox 355 1276 1955 1352">
     <span class='ocr_line' id='line_1_15' title="bbox 355 1276 1955 1352; baseline 0.003 -21"><span class='ocrx_word' id='word_1_109' title='bbox 355 1276 526 1331; x_wconf 88' lang='lat' dir='ltr'>modo</span> <span class='ocrx_word' id='word_1_110' title='bbox 555 1276 861 1347; x_wconf 85' lang='lat' dir='ltr'>diligimus.</span> <span class='ocrx_word' id='word_1_111' title='bbox 893 1277 1053 1341; x_wconf 88' lang='lat' dir='ltr'>Quod</span> <span class='ocrx_word' id='word_1_112' title='bbox 1079 1278 1124 1332; x_wconf 90' lang='lat' dir='ltr'>si</span> <span class='ocrx_word' id='word_1_113' title='bbox 1143 1279 1199 1331; x_wconf 92' lang='lat' dir='ltr'>in</span> <span class='ocrx_word' id='word_1_114' title='bbox 1220 1279 1955 1352; x_wconf 88' lang='lat' dir='ltr'>istiusmoditemporalibus</span> 
     </span>
    </p>
   </div>
   <div class='ocr_carea' id='block_1_16' title="bbox 344 1364 1954 1439">
    <p class='ocr_par' dir='ltr' id='par_1_16' title="bbox 344 1364 1954 1439">
     <span class='ocr_line' id='line_1_16' title="bbox 344 1364 1954 1439; baseline 0.004 -21"><span class='ocrx_word' id='word_1_115' title='bbox 344 1364 585 1423; x_wconf 88' lang='lat' dir='ltr'>nimium</span> <span class='ocrx_word' id='word_1_116' title='bbox 612 1365 977 1431; x_wconf 87' lang='lat' dir='ltr'>delectamur,</span> <span class='ocrx_word' id='word_1_117' title='bbox 994 1384 1091 1439; x_wconf 90' lang='lat' dir='ltr'>pes</span> <span class='ocrx_word' id='word_1_118' title='bbox 1110 1368 1257 1421; x_wconf 91' lang='lat' dir='ltr'>illico</span> <span class='ocrx_word' id='word_1_119' title='bbox 1274 1375 1579 1438; x_wconf 88' lang='lat' dir='ltr'>gravatur;</span> <span class='ocrx_word' id='word_1_120' title='bbox 1602 1370 1738 1423; x_wconf 91' lang='lat' dir='ltr'>dum</span> <span class='ocrx_word' id='word_1_121' title='bbox 1769 1371 1954 1430; x_wconf 88' lang='lat' dir='ltr'>minus</span> 
     </span>
    </p>
   </div>
   <div class='ocr_carea' id='block_1_17' title="bbox 347 1450 1951 1524">
    <p class='ocr_par' dir='ltr' id='par_1_17' title="bbox 347 1450 1951 1524">
     <span class='ocr_line' id='line_1_17' title="bbox 347 1450 1951 1524; baseline 0.004 -18"><span class='ocrx_word' id='word_1_122' title='bbox 347 1453 423 1507; x_wconf 86' lang='lat' dir='ltr'>ad</span> <span class='ocrx_word' id='word_1_123' title='bbox 443 1452 557 1515; x_wconf 90' lang='lat' dir='ltr'>illa,</span> <span class='ocrx_word' id='word_1_124' title='bbox 585 1470 707 1524; x_wconf 71' lang='lat' dir='ltr'>quae</span> <span class='ocrx_word' id='word_1_125' title='bbox 737 1471 978 1519; x_wconf 89' lang='lat' dir='ltr'>summa,</span> <span class='ocrx_word' id='word_1_126' title='bbox 1004 1462 1060 1509; x_wconf 89' lang='lat' dir='ltr'>et</span> <span class='ocrx_word' id='word_1_127' title='bbox 1089 1456 1572 1511; x_wconf 87' lang='lat' dir='ltr'>immarcessibilia</span> <span class='ocrx_word' id='word_1_128' title='bbox 1599 1463 1732 1511; x_wconf 90' lang='lat' dir='ltr'>sunt</span> <span class='ocrx_word' id='word_1_129' title='bbox 1766 1450 1951 1511; x_wconf 88' lang='lat' dir='ltr'>inten-</span> 
     </span>
    </p>
   </div>
   <div class='ocr_carea' id='block_1_18' title="bbox 345 1541 1952 1617">
    <p class='ocr_par' dir='ltr' id='par_1_18' title="bbox 345 1541 1952 1617">
     <span class='ocr_line' id='line_1_18' title="bbox 345 1541 1952 1617; baseline 0 -18"><span class='ocrx_word' id='word_1_130' title='bbox 345 1542 554 1599; x_wconf 86' lang='lat' dir='ltr'>dimus.</span> <span class='ocrx_word' id='word_1_131' title='bbox 578 1541 737 1597; x_wconf 90' lang='lat' dir='ltr'>Unde</span> <span class='ocrx_word' id='word_1_132' title='bbox 755 1543 870 1597; x_wconf 91' lang='lat' dir='ltr'>sint</span> <span class='ocrx_word' id='word_1_133' title='bbox 892 1542 1051 1597; x_wconf 87' lang='lat' dir='ltr'>nobis</span> <span class='ocrx_word' id='word_1_134' title='bbox 1077 1544 1193 1599; x_wconf 71' lang='lat' dir='ltr'>haec</span> <span class='ocrx_word' id='word_1_135' title='bbox 1215 1545 1270 1598; x_wconf 93' lang='lat' dir='ltr'>in</span> <span class='ocrx_word' id='word_1_136' title='bbox 1292 1545 1380 1599; x_wconf 91' lang='lat' dir='ltr'>via</span> <span class='ocrx_word' id='word_1_137' title='bbox 1405 1545 1802 1617; x_wconf 76' lang='lat' dir='ltr'>peregrinandi</span> <span class='ocrx_word' id='word_1_138' title='bbox 1825 1546 1952 1600; x_wconf 78' lang='lat' dir='ltr'>sub-</span> 
     </span>
    </p>
   </div>
   <div class='ocr_carea' id='block_1_19' title="bbox 2043 387 3639 465">
    <p class='ocr_par' dir='ltr' id='par_1_19' title="bbox 2043 387 3639 465">
     <span class='ocr_line' id='line_1_19' title="bbox 2043 387 3639 465; baseline 0.009 -22"><span class='ocrx_word' id='word_1_139' title='bbox 2043 387 2303 463; x_wconf 86' lang='lat' dir='ltr'>operibus</span> <span class='ocrx_word' id='word_1_140' title='bbox 2333 387 2689 460; x_wconf 88' lang='lat' dir='ltr'>discrepare?</span> <span class='ocrx_word' id='word_1_141' title='bbox 2716 389 2858 445; x_wconf 89' lang='lat' dir='ltr'>falsa</span> <span class='ocrx_word' id='word_1_142' title='bbox 2886 411 3015 449; x_wconf 90' lang='lat' dir='ltr'>vero</span> <span class='ocrx_word' id='word_1_143' title='bbox 3054 413 3165 452; x_wconf 93' lang='lat' dir='ltr'>non</span> <span class='ocrx_word' id='word_1_144' title='bbox 3198 399 3267 453; x_wconf 92' lang='lat' dir='ltr'>de</span> <span class='ocrx_word' id='word_1_145' title='bbox 3315 400 3431 465; x_wconf 88' lang='lat' dir='ltr'>illo,</span> <span class='ocrx_word' id='word_1_146' title='bbox 3465 408 3528 457; x_wconf 92' lang='lat' dir='ltr'>ut</span> <span class='ocrx_word' id='word_1_147' title='bbox 3553 407 3639 457; x_wconf 71' lang='lat' dir='ltr'>est</span> 
     </span>
    </p>
   </div>
   <div class='ocr_carea' id='block_1_20' title="bbox 2042 476 3630 556">
    <p class='ocr_par' dir='ltr' id='par_1_20' title="bbox 2042 476 3630 556">
     <span class='ocr_line' id='line_1_20' title="bbox 2042 476 3630 556; baseline 0.009 -26"><span class='ocrx_word' id='word_1_148' title='bbox 2042 476 2211 546; x_wconf 87' lang='lat' dir='ltr'>digna</span> <span class='ocrx_word' id='word_1_149' title='bbox 2228 477 2471 543; x_wconf 86' lang='lat' dir='ltr'>credere;</span> <span class='ocrx_word' id='word_1_150' title='bbox 2502 495 2683 549; x_wconf 84' lang='lat' dir='ltr'>neque</span> <span class='ocrx_word' id='word_1_151' title='bbox 2698 481 2866 551; x_wconf 90' lang='lat' dir='ltr'>justis</span> <span class='ocrx_word' id='word_1_152' title='bbox 2887 483 3015 537; x_wconf 88' lang='lat' dir='ltr'>ﬁdei</span> <span class='ocrx_word' id='word_1_153' title='bbox 3044 485 3303 556; x_wconf 89' lang='lat' dir='ltr'>operibus</span> <span class='ocrx_word' id='word_1_154' title='bbox 3324 488 3584 544; x_wconf 89' lang='lat' dir='ltr'>insistere</span> <span class='ocrx_word' id='word_1_155' title='bbox 3619 508 3630 543; x_wconf 94' lang='lat'>:</span> 
     </span>
    </p>
   </div>
   <div class='ocr_carea' id='block_1_21' title="bbox 2042 566 3636 647">
    <p class='ocr_par' dir='ltr' id='par_1_21' title="bbox 2042 566 3636 647">
     <span class='ocr_line' id='line_1_21' title="bbox 2042 566 3636 647; baseline 0.01 -30"><span class='ocrx_word' id='word_1_156' title='bbox 2042 566 2138 619; x_wconf 91' lang='lat' dir='ltr'>sed</span> <span class='ocrx_word' id='word_1_157' title='bbox 2191 567 2249 619; x_wconf 90' lang='lat' dir='ltr'>in</span> <span class='ocrx_word' id='word_1_158' title='bbox 2277 566 2388 619; x_wconf 90' lang='lat' dir='ltr'>alio</span> <span class='ocrx_word' id='word_1_159' title='bbox 2438 567 2687 638; x_wconf 89' lang='lat' dir='ltr'>quolibet</span> <span class='ocrx_word' id='word_1_160' title='bbox 2726 570 2874 624; x_wconf 88' lang='lat' dir='ltr'>malo</span> <span class='ocrx_word' id='word_1_161' title='bbox 2918 574 3217 628; x_wconf 85' lang='lat' dir='ltr'>conﬁdere.</span> <span class='ocrx_word' id='word_1_162' title='bbox 3248 575 3326 630; x_wconf 92' lang='lat' dir='ltr'>De</span> <span class='ocrx_word' id='word_1_163' title='bbox 3359 594 3470 647; x_wconf 91' lang='lat' dir='ltr'>qua</span> <span class='ocrx_word' id='word_1_164' title='bbox 3499 595 3636 633; x_wconf 89' lang='lat' dir='ltr'>sane</span> 
     </span>
    </p>
   </div>
   <div class='ocr_carea' id='block_1_22' title="bbox 2040 654 3639 735">
    <p class='ocr_par' dir='ltr' id='par_1_22' title="bbox 2040 654 3639 735">
     <span class='ocr_line' id='line_1_22' title="bbox 2040 654 3639 735; baseline 0.009 -28"><span class='ocrx_word' id='word_1_165' title='bbox 2040 654 2377 709; x_wconf 83' lang='lat' dir='ltr'>confidentia</span> <span class='ocrx_word' id='word_1_166' title='bbox 2404 655 2677 710; x_wconf 83' lang='lat' dir='ltr'>Jeremias</span> <span class='ocrx_word' id='word_1_167' title='bbox 2706 658 2786 711; x_wconf 84' lang='lat' dir='ltr'>ait</span> <span class='ocrx_word' id='word_1_168' title='bbox 2810 677 2821 710; x_wconf 90' lang='lat'>:</span> <span class='ocrx_word' id='word_1_169' title='bbox 2848 662 3170 716; x_wconf 76' lang='lat' dir='ltr'>.llatedictus</span> <span class='ocrx_word' id='word_1_170' title='bbox 3198 665 3355 719; x_wconf 89' lang='lat' dir='ltr'>homo</span> <span class='ocrx_word' id='word_1_171' title='bbox 3389 670 3489 735; x_wconf 88' lang='lat' dir='ltr'>qui</span> <span class='ocrx_word' id='word_1_172' title='bbox 3516 684 3639 721; x_wconf 87' lang='lat' dir='ltr'>con-</span> 
     </span>
    </p>
   </div>
   <div class='ocr_carea' id='block_1_23' title="bbox 2042 745 3638 817">
    <p class='ocr_par' dir='ltr' id='par_1_23' title="bbox 2042 745 3638 817">
     <span class='ocr_line' id='line_1_23' title="bbox 2042 745 3638 817; baseline 0.009 -21"><span class='ocrx_word' id='word_1_173' title='bbox 2042 746 2162 810; x_wconf 85' lang='lat' dir='ltr'>ﬁdit</span> <span class='ocrx_word' id='word_1_174' title='bbox 2186 746 2243 797; x_wconf 89' lang='lat' dir='ltr'>in</span> <span class='ocrx_word' id='word_1_175' title='bbox 2267 745 2505 797; x_wconf 78' lang='lat' dir='ltr'>homine.</span> <span class='ocrx_word' id='word_1_176' title='bbox 2534 751 2581 798; x_wconf 86' lang='lat' dir='ltr'>et</span> <span class='ocrx_word' id='word_1_177' title='bbox 2592 752 2751 813; x_wconf 83' lang='lat' dir='ltr'>ponit</span> <span class='ocrx_word' id='word_1_178' title='bbox 2768 764 2990 801; x_wconf 82' lang='lat' dir='ltr'>carnem</span> <span class='ocrx_word' id='word_1_179' title='bbox 3009 752 3300 805; x_wconf 80' lang='lat' dir='ltr'>brachium</span> <span class='ocrx_word' id='word_1_180' title='bbox 3326 771 3513 817; x_wconf 86' lang='lat' dir='ltr'>suum,</span> <span class='ocrx_word' id='word_1_181' title='bbox 3537 761 3638 811; x_wconf 86' lang='lat' dir='ltr'>eta</span> 
     </span>
    </p>
   </div>
   <div class='ocr_carea' id='block_1_24' title="bbox 2045 833 3638 913">
    <p class='ocr_par' dir='ltr' id='par_1_24' title="bbox 2045 833 3638 913">
     <span class='ocr_line' id='line_1_24' title="bbox 2045 833 3638 913; baseline 0.009 -28"><span class='ocrx_word' id='word_1_182' title='bbox 2045 833 2277 886; x_wconf 85' lang='lat' dir='ltr'>Domino</span> <span class='ocrx_word' id='word_1_183' title='bbox 2311 836 2505 886; x_wconf 84' lang='lat' dir='ltr'>recedit</span> <span class='ocrx_word' id='word_1_184' title='bbox 2536 850 2629 887; x_wconf 86' lang='lat' dir='ltr'>cor</span> <span class='ocrx_word' id='word_1_185' title='bbox 2658 840 2773 902; x_wconf 84' lang='lat' dir='ltr'>ejus</span> <span class='ocrx_word' id='word_1_186' title='bbox 2795 839 3011 904; x_wconf 62' lang='lat' dir='ltr'>(Jerem.</span> <span class='ocrx_word' id='word_1_187' title='bbox 3050 853 3186 905; x_wconf 79' lang='lat' dir='ltr'>xxn,</span> <span class='ocrx_word' id='word_1_188' title='bbox 3225 840 3300 911; x_wconf 81' lang='grc'>5).</span> <span class='ocrx_word' id='word_1_189' title='bbox 3337 843 3481 913; x_wconf 90' lang='lat' dir='ltr'>Ergo</span> <span class='ocrx_word' id='word_1_190' title='bbox 3510 861 3638 898; x_wconf 91' lang='lat' dir='ltr'>cum</span> 
     </span>
    </p>
   </div>
   <div class='ocr_carea' id='block_1_25' title="bbox 2043 920 3639 991">
    <p class='ocr_par' dir='ltr' id='par_1_25' title="bbox 2043 920 3639 991">
     <span class='ocr_line' id='line_1_25' title="bbox 2043 920 3639 991; baseline 0.009 -18"><span class='ocrx_word' id='word_1_191' title='bbox 2043 920 2194 985; x_wconf 86' lang='lat' dir='ltr'>dicit,</span> <span class='ocrx_word' id='word_1_192' title='bbox 2243 925 2343 990; x_wconf 90' lang='lat' dir='ltr'>qui</span> <span class='ocrx_word' id='word_1_193' title='bbox 2392 924 2615 989; x_wconf 81' lang='lat' dir='ltr'>conﬁdit</span> <span class='ocrx_word' id='word_1_194' title='bbox 2666 927 2727 977; x_wconf 89' lang='lat' dir='ltr'>in</span> <span class='ocrx_word' id='word_1_195' title='bbox 2781 926 3019 991; x_wconf 81' lang='lat' dir='ltr'>homine,</span> <span class='ocrx_word' id='word_1_196' title='bbox 3065 928 3177 982; x_wconf 90' lang='lat' dir='ltr'>tale</span> <span class='ocrx_word' id='word_1_197' title='bbox 3224 936 3309 983; x_wconf 91' lang='lat' dir='ltr'>est</span> <span class='ocrx_word' id='word_1_198' title='bbox 3352 948 3417 985; x_wconf 90' lang='lat' dir='ltr'>ac</span> <span class='ocrx_word' id='word_1_199' title='bbox 3456 933 3503 985; x_wconf 88' lang='lat' dir='ltr'>si</span> <span class='ocrx_word' id='word_1_200' title='bbox 3558 933 3639 986; x_wconf 91' lang='lat' dir='ltr'>di-</span> 
     </span>
    </p>
   </div>
   <div class='ocr_carea' id='block_1_26' title="bbox 2042 1010 3640 1082">
    <p class='ocr_par' dir='ltr' id='par_1_26' title="bbox 2042 1010 3640 1082">
     <span class='ocr_line' id='line_1_26' title="bbox 2042 1010 3640 1082; baseline 0.009 -20"><span class='ocrx_word' id='word_1_201' title='bbox 2042 1015 2152 1073; x_wconf 86' lang='lat' dir='ltr'>cat,</span> <span class='ocrx_word' id='word_1_202' title='bbox 2208 1010 2303 1080; x_wconf 89' lang='lat' dir='ltr'>qui</span> <span class='ocrx_word' id='word_1_203' title='bbox 2355 1018 2573 1081; x_wconf 87' lang='lat' dir='ltr'>sperat;</span> <span class='ocrx_word' id='word_1_204' title='bbox 2628 1012 2892 1082; x_wconf 91' lang='lat' dir='ltr'>quoniam</span> <span class='ocrx_word' id='word_1_205' title='bbox 2946 1016 3126 1070; x_wconf 92' lang='lat' dir='ltr'>omnis</span> <span class='ocrx_word' id='word_1_206' title='bbox 3181 1020 3514 1073; x_wconf 90' lang='lat' dir='ltr'>conﬁdentia</span> <span class='ocrx_word' id='word_1_207' title='bbox 3570 1021 3640 1076; x_wconf 92' lang='lat' dir='ltr'>de</span> 
     </span>
    </p>
   </div>
   <div class='ocr_carea' id='block_1_27' title="bbox 2039 1098 3638 1179">
    <p class='ocr_par' dir='ltr' id='par_1_27' title="bbox 2039 1098 3638 1179">
     <span class='ocr_line' id='line_1_27' title="bbox 2039 1098 3638 1179; baseline 0.008 -29"><span class='ocrx_word' id='word_1_208' title='bbox 2039 1113 2138 1168; x_wconf 83' lang='lat' dir='ltr'>Spe</span> <span class='ocrx_word' id='word_1_209' title='bbox 2166 1098 2414 1153; x_wconf 89' lang='lat' dir='ltr'>nascitur</span> <span class='ocrx_word' id='word_1_210' title='bbox 2464 1100 2734 1163; x_wconf 83' lang='lat' dir='ltr'>veritatis,</span> <span class='ocrx_word' id='word_1_211' title='bbox 2768 1109 2868 1155; x_wconf 88' lang='lat' dir='ltr'>aut</span> <span class='ocrx_word' id='word_1_212' title='bbox 2918 1104 3195 1159; x_wconf 87' lang='lat' dir='ltr'>vanitatis.</span> <span class='ocrx_word' id='word_1_213' title='bbox 3224 1107 3368 1161; x_wconf 90' lang='lat' dir='ltr'>Nam</span> <span class='ocrx_word' id='word_1_214' title='bbox 3401 1109 3533 1179; x_wconf 90' lang='lat' dir='ltr'>quid</span> <span class='ocrx_word' id='word_1_215' title='bbox 3562 1110 3638 1163; x_wconf 91' lang='lat' dir='ltr'>sit</span> 
     </span>
    </p>
   </div>
   <div class='ocr_carea' id='block_1_28' title="bbox 2038 1185 3638 1263">
    <p class='ocr_par' dir='ltr' id='par_1_28' title="bbox 2038 1185 3638 1263">
     <span class='ocr_line' id='line_1_28' title="bbox 2038 1185 3638 1263; baseline 0.009 -25"><span class='ocrx_word' id='word_1_216' title='bbox 2038 1185 2256 1240; x_wconf 85' lang='lat' dir='ltr'>vanitas</span> <span class='ocrx_word' id='word_1_217' title='bbox 2300 1187 2655 1242; x_wconf 86' lang='lat' dir='ltr'>Ecclesiastes</span> <span class='ocrx_word' id='word_1_218' title='bbox 2708 1190 2902 1244; x_wconf 90' lang='lat' dir='ltr'>dicat:</span> <span class='ocrx_word' id='word_1_219' title='bbox 2949 1193 3168 1247; x_wconf 84' lang='lat' dir='ltr'>Vanitas</span> <span class='ocrx_word' id='word_1_220' title='bbox 3216 1200 3551 1263; x_wconf 83' lang='lat' dir='ltr'>vanitalum,</span> <span class='ocrx_word' id='word_1_221' title='bbox 3587 1203 3638 1252; x_wconf 86' lang='lat' dir='ltr'>et</span> 
     </span>
    </p>
   </div>
   <div class='ocr_carea' id='block_1_29' title="bbox 2038 1277 3633 1353">
    <p class='ocr_par' dir='ltr' id='par_1_29' title="bbox 2038 1277 3633 1353">
     <span class='ocr_line' id='line_1_29' title="bbox 2038 1277 3633 1353; baseline 0.008 -25"><span class='ocrx_word' id='word_1_222' title='bbox 2038 1277 2229 1329; x_wconf 84' lang='lat' dir='ltr'>omnia</span> <span class='ocrx_word' id='word_1_223' title='bbox 2253 1279 2471 1329; x_wconf 85' lang='lat' dir='ltr'>vanitas</span> <span class='ocrx_word' id='word_1_224' title='bbox 2486 1277 2676 1347; x_wconf 82' lang='lat' dir='ltr'>(Eccte.</span> <span class='ocrx_word' id='word_1_225' title='bbox 2720 1292 2759 1339; x_wconf 84' lang='lat'>1,</span> <span class='ocrx_word' id='word_1_226' title='bbox 2780 1277 2855 1342; x_wconf 77' lang='lat'>2).</span> <span class='ocrx_word' id='word_1_227' title='bbox 2884 1280 3043 1343; x_wconf 89' lang='lat' dir='ltr'>Quod</span> <span class='ocrx_word' id='word_1_228' title='bbox 3076 1282 3121 1335; x_wconf 90' lang='lat' dir='ltr'>si</span> <span class='ocrx_word' id='word_1_229' title='bbox 3151 1299 3283 1353; x_wconf 89' lang='lat' dir='ltr'>ergo</span> <span class='ocrx_word' id='word_1_230' title='bbox 3312 1285 3502 1339; x_wconf 88' lang='lat' dir='ltr'>omnia</span> <span class='ocrx_word' id='word_1_231' title='bbox 3536 1302 3633 1341; x_wconf 88' lang='lat' dir='ltr'>va-</span> 
     </span>
    </p>
   </div>
   <div class='ocr_carea' id='block_1_30' title="bbox 2036 1362 3634 1445">
    <p class='ocr_par' dir='ltr' id='par_1_30' title="bbox 2036 1362 3634 1445">
     <span class='ocr_line' id='line_1_30' title="bbox 2036 1362 3634 1445; baseline 0.01 -30"><span class='ocrx_word' id='word_1_232' title='bbox 2036 1362 2184 1417; x_wconf 85' lang='lat' dir='ltr'>nitas</span> <span class='ocrx_word' id='word_1_233' title='bbox 2230 1363 2326 1416; x_wconf 90' lang='lat' dir='ltr'>illa</span> <span class='ocrx_word' id='word_1_234' title='bbox 2361 1381 2484 1434; x_wconf 67' lang='lat' dir='ltr'>quae</span> <span class='ocrx_word' id='word_1_235' title='bbox 2536 1370 2832 1420; x_wconf 87' lang='lat' dir='ltr'>transeunt</span> <span class='ocrx_word' id='word_1_236' title='bbox 2860 1373 2917 1421; x_wconf 92' lang='lat' dir='ltr'>et</span> <span class='ocrx_word' id='word_1_237' title='bbox 2946 1376 3255 1436; x_wconf 87' lang='lat' dir='ltr'>mutantur,</span> <span class='ocrx_word' id='word_1_238' title='bbox 3292 1374 3546 1445; x_wconf 90' lang='lat' dir='ltr'>quisquis</span> <span class='ocrx_word' id='word_1_239' title='bbox 3574 1375 3634 1431; x_wconf 91' lang='lat' dir='ltr'>in</span> 
     </span>
    </p>
   </div>
   <div class='ocr_carea' id='block_1_31' title="bbox 2035 1451 3631 1534">
    <p class='ocr_par' dir='ltr' id='par_1_31' title="bbox 2035 1451 3631 1534">
     <span class='ocr_line' id='line_1_31' title="bbox 2035 1451 3631 1534; baseline 0.009 -30"><span class='ocrx_word' id='word_1_240' title='bbox 2035 1451 2122 1505; x_wconf 87' lang='lat' dir='ltr'>his</span> <span class='ocrx_word' id='word_1_241' title='bbox 2153 1468 2307 1523; x_wconf 89' lang='lat' dir='ltr'>spem</span> <span class='ocrx_word' id='word_1_242' title='bbox 2338 1469 2518 1515; x_wconf 89' lang='lat' dir='ltr'>suam,</span> <span class='ocrx_word' id='word_1_243' title='bbox 2550 1455 2634 1507; x_wconf 90' lang='lat' dir='ltr'>vel</span> <span class='ocrx_word' id='word_1_244' title='bbox 2655 1456 3053 1511; x_wconf 85' lang='lat' dir='ltr'>confidentiam</span> <span class='ocrx_word' id='word_1_245' title='bbox 3084 1461 3259 1529; x_wconf 90' lang='lat' dir='ltr'>ponit,</span> <span class='ocrx_word' id='word_1_246' title='bbox 3303 1479 3500 1517; x_wconf 87' lang='lat' dir='ltr'>vanam</span> <span class='ocrx_word' id='word_1_247' title='bbox 3528 1481 3631 1534; x_wconf 91' lang='lat' dir='ltr'>ge-</span> 
     </span>
    </p>
   </div>
   <div class='ocr_carea' id='block_1_32' title="bbox 2036 1540 3633 1623">
    <p class='ocr_par' dir='ltr' id='par_1_32' title="bbox 2036 1540 3633 1623">
     <span class='ocr_line' id='line_1_32' title="bbox 2036 1540 3633 1623; baseline 0.01 -31"><span class='ocrx_word' id='word_1_248' title='bbox 2036 1540 2109 1593; x_wconf 89' lang='lat' dir='ltr'>rit</span> <span class='ocrx_word' id='word_1_249' title='bbox 2129 1557 2305 1611; x_wconf 87' lang='lat' dir='ltr'>spem,</span> <span class='ocrx_word' id='word_1_250' title='bbox 2332 1558 2396 1595; x_wconf 91' lang='lat' dir='ltr'>eo</span> <span class='ocrx_word' id='word_1_251' title='bbox 2422 1542 2570 1611; x_wconf 89' lang='lat' dir='ltr'>quod</span> <span class='ocrx_word' id='word_1_252' title='bbox 2606 1542 2673 1596; x_wconf 90' lang='lat' dir='ltr'>de</span> <span class='ocrx_word' id='word_1_253' title='bbox 2702 1545 2947 1598; x_wconf 84' lang='lat' dir='ltr'>vanitate</span> <span class='ocrx_word' id='word_1_254' title='bbox 2980 1550 3286 1616; x_wconf 66' lang='lat' dir='ltr'>praesumit.</span> <span class='ocrx_word' id='word_1_255' title='bbox 3320 1550 3461 1604; x_wconf 85' lang='lat' dir='ltr'>Hinc</span> <span class='ocrx_word' id='word_1_256' title='bbox 3492 1570 3633 1623; x_wconf 89' lang='lat' dir='ltr'>quo-</span> 
     </span>
    </p>
   </div>
   <div class='ocr_carea' id='block_1_33' title="bbox 344 1613 3628 1711">
    <p class='ocr_par' dir='ltr' id='par_1_33' title="bbox 344 1613 3628 1711">
     <span class='ocr_line' id='line_1_33' title="bbox 344 1613 3628 1711; baseline 0.002 -26"><span class='ocrx_word' id='word_1_257' title='bbox 344 1631 512 1695; x_wconf 87' lang='lat' dir='ltr'>sidia,</span> <span class='ocrx_word' id='word_1_258' title='bbox 540 1631 636 1684; x_wconf 90' lang='lat' dir='ltr'>illa</span> <span class='ocrx_word' id='word_1_259' title='bbox 656 1648 783 1685; x_wconf 91' lang='lat' dir='ltr'>vero</span> <span class='ocrx_word' id='word_1_260' title='bbox 811 1632 1108 1687; x_wconf 66' lang='lat' dir='ltr'>hiereditas</span> <span class='ocrx_word' id='word_1_261' title='bbox 1137 1633 1191 1687; x_wconf 91' lang='lat' dir='ltr'>in</span> <span class='ocrx_word' id='word_1_262' title='bbox 1220 1613 1423 1705; x_wconf 57' lang='lat' dir='ltr'>patria:</span> <span class='ocrx_word' id='word_1_263' title='bbox 1443 1613 1749 1689; x_wconf 68' lang='lat' dir='ltr'>Curramus</span> <span class='ocrx_word' id='word_1_264' title='bbox 1778 1634 1952 1703; x_wconf 84' lang='lat' dir='ltr'>igitur</span> <span class='ocrx_word' id='word_1_265' title='bbox 1972 1613 2141 1698; x_wconf 81' lang='lat' dir='ltr'>Bque</span> <span class='ocrx_word' id='word_1_266' title='bbox 2162 1629 2462 1698; x_wconf 72' lang='grc' dir='ltr'>Λροεῐοιιιε</span> <span class='ocrx_word' id='word_1_267' title='bbox 2479 1630 2764 1685; x_wconf 78' lang='lat' dir='ltr'>auditores</span> <span class='ocrx_word' id='word_1_268' title='bbox 2793 1649 2923 1687; x_wconf 87' lang='lat' dir='ltr'>suos</span> <span class='ocrx_word' id='word_1_269' title='bbox 2946 1613 3138 1689; x_wconf 77' lang='lat' dir='ltr'>monet</span> <span class='ocrx_word' id='word_1_270' title='bbox 3160 1650 3171 1685; x_wconf 76' lang='grc' dir='ltr'><strong>ε</strong></span> <span class='ocrx_word' id='word_1_271' title='bbox 3195 1640 3394 1699; x_wconf 82' lang='lat' dir='ltr'>Nolite,</span> <span class='ocrx_word' id='word_1_272' title='bbox 3426 1613 3628 1711; x_wconf 77' lang='lat' dir='ltr'>inquit,</span> 
     </span>
    </p>
   </div>
   <div class='ocr_carea' id='block_1_34' title="bbox 344 1719 1950 1793">
    <p class='ocr_par' dir='ltr' id='par_1_34' title="bbox 344 1719 1950 1793">
     <span class='ocr_line' id='line_1_34' title="bbox 344 1719 1950 1793; baseline 0.001 -18"><span class='ocrx_word' id='word_1_273' title='bbox 344 1719 585 1792; x_wconf 85' lang='lat' dir='ltr'>pedibus</span> <span class='ocrx_word' id='word_1_274' title='bbox 611 1719 738 1773; x_wconf 86' lang='lat' dir='ltr'>ﬁdei</span> <span class='ocrx_word' id='word_1_275' title='bbox 769 1720 999 1793; x_wconf 89' lang='lat' dir='ltr'>speique</span> <span class='ocrx_word' id='word_1_276' title='bbox 1028 1727 1083 1774; x_wconf 91' lang='lat' dir='ltr'>et</span> <span class='ocrx_word' id='word_1_277' title='bbox 1112 1721 1401 1776; x_wconf 86' lang='lat' dir='ltr'>charitatis</span> <span class='ocrx_word' id='word_1_278' title='bbox 1425 1741 1435 1775; x_wconf 93' lang='lat'>:</span> <span class='ocrx_word' id='word_1_279' title='bbox 1468 1722 1821 1777; x_wconf 89' lang='lat' dir='ltr'>ambulemus</span> <span class='ocrx_word' id='word_1_280' title='bbox 1848 1739 1950 1777; x_wconf 93' lang='lat' dir='ltr'>nec</span> 
     </span>
    </p>
   </div>
   <div class='ocr_carea' id='block_1_35' title="bbox 346 1808 1950 1883">
    <p class='ocr_par' dir='ltr' id='par_1_35' title="bbox 346 1808 1950 1883">
     <span class='ocr_line' id='line_1_35' title="bbox 346 1808 1950 1883; baseline 0.002 -22"><span class='ocrx_word' id='word_1_281' title='bbox 346 1808 674 1865; x_wconf 87' lang='lat' dir='ltr'>deﬁcientes</span> <span class='ocrx_word' id='word_1_282' title='bbox 693 1820 742 1875; x_wconf 72' lang='grc' dir='ltr'>ος</span> <span class='ocrx_word' id='word_1_283' title='bbox 775 1808 1059 1863; x_wconf 90' lang='lat' dir='ltr'>interdum</span> <span class='ocrx_word' id='word_1_284' title='bbox 1088 1815 1276 1864; x_wconf 88' lang='lat' dir='ltr'>autem</span> <span class='ocrx_word' id='word_1_285' title='bbox 1301 1810 1608 1883; x_wconf 89' lang='lat' dir='ltr'>pennigero</span> <span class='ocrx_word' id='word_1_286' title='bbox 1638 1811 1823 1865; x_wconf 86' lang='lat' dir='ltr'>volatu</span> <span class='ocrx_word' id='word_1_287' title='bbox 1854 1829 1950 1865; x_wconf 89' lang='lat' dir='ltr'>an-</span> 
     </span>
    </p>
   </div>
   <div class='ocr_carea' id='block_1_36' title="bbox 345 1897 1947 1972">
    <p class='ocr_par' dir='ltr' id='par_1_36' title="bbox 345 1897 1947 1972">
     <span class='ocr_line' id='line_1_36' title="bbox 345 1897 1947 1972; baseline 0.001 -21"><span class='ocrx_word' id='word_1_288' title='bbox 345 1898 579 1951; x_wconf 73' lang='lat' dir='ltr'>choram</span> <span class='ocrx_word' id='word_1_289' title='bbox 634 1903 885 1953; x_wconf 88' lang='lat' dir='ltr'>nostram</span> <span class='ocrx_word' id='word_1_290' title='bbox 942 1897 1239 1953; x_wconf 90' lang='lat' dir='ltr'>sublimius</span> <span class='ocrx_word' id='word_1_291' title='bbox 1285 1917 1728 1972; x_wconf 82' lang='lat' dir='ltr'>consequamur;</span> <span class='ocrx_word' id='word_1_292' title='bbox 1762 1907 1824 1954; x_wconf 91' lang='lat' dir='ltr'>ut</span> <span class='ocrx_word' id='word_1_293' title='bbox 1852 1900 1947 1955; x_wconf 90' lang='lat' dir='ltr'>ubi</span> 
     </span>
    </p>
   </div>
   <div class='ocr_carea' id='block_1_37' title="bbox 343 1984 1947 2063">
    <p class='ocr_par' dir='ltr' id='par_1_37' title="bbox 343 1984 1947 2063">
     <span class='ocr_line' id='line_1_37' title="bbox 343 1984 1947 2063; baseline 0.002 -24"><span class='ocrx_word' id='word_1_294' title='bbox 343 2003 452 2063; x_wconf 84' lang='lat' dir='ltr'>pro</span> <span class='ocrx_word' id='word_1_295' title='bbox 496 1984 656 2040; x_wconf 85' lang='lat' dir='ltr'>nobis</span> <span class='ocrx_word' id='word_1_296' title='bbox 688 1986 931 2057; x_wconf 83' lang='lat' dir='ltr'>pontifex</span> <span class='ocrx_word' id='word_1_297' title='bbox 960 1987 1178 2043; x_wconf 90' lang='lat' dir='ltr'>introiit</span> <span class='ocrx_word' id='word_1_298' title='bbox 1217 1989 1397 2046; x_wconf 85' lang='lat' dir='ltr'>Jesus.</span> <span class='ocrx_word' id='word_1_299' title='bbox 1422 1995 1479 2042; x_wconf 91' lang='lat' dir='ltr'>et</span> <span class='ocrx_word' id='word_1_300' title='bbox 1513 1989 1617 2061; x_wconf 89' lang='lat' dir='ltr'>ipsi</span> <span class='ocrx_word' id='word_1_301' title='bbox 1661 1990 1947 2060; x_wconf 87' lang='lat' dir='ltr'>ingredia-</span> 
     </span>
    </p>
   </div>
   <div class='ocr_carea' id='block_1_38' title="bbox 348 2075 1947 2148">
    <p class='ocr_par' dir='ltr' id='par_1_38' title="bbox 348 2075 1947 2148">
     <span class='ocr_line' id='line_1_38' title="bbox 348 2075 1947 2148; baseline 0.003 -19"><span class='ocrx_word' id='word_1_302' title='bbox 348 2091 498 2141; x_wconf 88' lang='lat' dir='ltr'>mur;</span> <span class='ocrx_word' id='word_1_303' title='bbox 525 2080 806 2146; x_wconf 85' lang='lat' dir='ltr'>quatenus</span> <span class='ocrx_word' id='word_1_304' title='bbox 825 2075 918 2129; x_wconf 90' lang='lat' dir='ltr'>ubi</span> <span class='ocrx_word' id='word_1_305' title='bbox 941 2083 1026 2130; x_wconf 87' lang='lat' dir='ltr'>est</span> <span class='ocrx_word' id='word_1_306' title='bbox 1054 2076 1181 2148; x_wconf 74' lang='lat' dir='ltr'>s’pes</span> <span class='ocrx_word' id='word_1_307' title='bbox 1207 2083 1401 2135; x_wconf 88' lang='lat' dir='ltr'>nostra</span> <span class='ocrx_word' id='word_1_308' title='bbox 1431 2078 1716 2140; x_wconf 89' lang='lat' dir='ltr'>Dominus,</span> <span class='ocrx_word' id='word_1_309' title='bbox 1757 2084 1813 2132; x_wconf 90' lang='lat' dir='ltr'>et</span> <span class='ocrx_word' id='word_1_310' title='bbox 1844 2094 1947 2133; x_wconf 90' lang='lat' dir='ltr'>nos</span> 
     </span>
    </p>
   </div>
   <div class='ocr_carea' id='block_1_39' title="bbox 343 2163 1947 2241">
    <p class='ocr_par' dir='ltr' id='par_1_39' title="bbox 343 2163 1947 2241">
     <span class='ocr_line' id='line_1_39' title="bbox 343 2163 1947 2241; baseline 0.002 -24"><span class='ocrx_word' id='word_1_311' title='bbox 343 2163 524 2218; x_wconf 88' lang='lat' dir='ltr'>simus</span> <span class='ocrx_word' id='word_1_312' title='bbox 551 2182 563 2216; x_wconf 90' lang='lat'>:</span> <span class='ocrx_word' id='word_1_313' title='bbox 598 2163 850 2241; x_wconf 87' lang='lat' dir='ltr'>alioquin</span> <span class='ocrx_word' id='word_1_314' title='bbox 879 2164 1067 2219; x_wconf 89' lang='lat' dir='ltr'>nullus</span> <span class='ocrx_word' id='word_1_315' title='bbox 1095 2171 1254 2220; x_wconf 91' lang='lat' dir='ltr'>tutus</span> <span class='ocrx_word' id='word_1_316' title='bbox 1292 2170 1375 2220; x_wconf 91' lang='lat' dir='ltr'>est</span> <span class='ocrx_word' id='word_1_317' title='bbox 1422 2166 1577 2223; x_wconf 87' lang='lat' dir='ltr'>locus</span> <span class='ocrx_word' id='word_1_318' title='bbox 1603 2185 1613 2219; x_wconf 88' lang='lat'>:</span> <span class='ocrx_word' id='word_1_319' title='bbox 1649 2172 1947 2239; x_wconf 84' lang='lat' dir='ltr'>propterea</span> 
     </span>
    </p>
   </div>
   <div class='ocr_carea' id='block_1_40' title="bbox 344 2252 1947 2325">
    <p class='ocr_par' dir='ltr' id='par_1_40' title="bbox 344 2252 1947 2325">
     <span class='ocr_line' id='line_1_40' title="bbox 344 2252 1947 2325; baseline 0.002 -20"><span class='ocrx_word' id='word_1_320' title='bbox 344 2269 484 2325; x_wconf 76' lang='lat' dir='ltr'>ergo</span> <span class='ocrx_word' id='word_1_321' title='bbox 505 2252 682 2309; x_wconf 84' lang='lat' dir='ltr'>David</span> <span class='ocrx_word' id='word_1_322' title='bbox 711 2260 836 2307; x_wconf 89' lang='lat' dir='ltr'>orat</span> <span class='ocrx_word' id='word_1_323' title='bbox 853 2253 1077 2307; x_wconf 91' lang='lat' dir='ltr'>dicens:</span> <span class='ocrx_word' id='word_1_324' title='bbox 1114 2255 1237 2308; x_wconf 87' lang='lat' dir='ltr'>Esto</span> <span class='ocrx_word' id='word_1_325' title='bbox 1268 2257 1412 2309; x_wconf 83' lang='lat' dir='ltr'>mihi</span> <span class='ocrx_word' id='word_1_326' title='bbox 1452 2258 1512 2308; x_wconf 88' lang='lat' dir='ltr'>in</span> <span class='ocrx_word' id='word_1_327' title='bbox 1545 2258 1714 2310; x_wconf 86' lang='lat' dir='ltr'>Deum</span> <span class='ocrx_word' id='word_1_328' title='bbox 1764 2261 1947 2324; x_wconf 85' lang='lat' dir='ltr'>prote-</span> 
     </span>
    </p>
   </div>
   <div class='ocr_carea' id='block_1_41' title="bbox 322 2342 1945 2414">
    <p class='ocr_par' dir='ltr' id='par_1_41' title="bbox 322 2342 1945 2414">
     <span class='ocr_line' id='line_1_41' title="bbox 322 2342 1945 2414; baseline 0.002 -19"><span class='ocrx_word' id='word_1_329' title='bbox 322 2347 571 2404; x_wconf 87' lang='lat' dir='ltr'>&#39;ctorem,</span> <span class='ocrx_word' id='word_1_330' title='bbox 606 2347 653 2395; x_wconf 88' lang='lat' dir='ltr'>et</span> <span class='ocrx_word' id='word_1_331' title='bbox 684 2344 746 2395; x_wconf 91' lang='lat' dir='ltr'>in</span> <span class='ocrx_word' id='word_1_332' title='bbox 789 2343 1016 2397; x_wconf 87' lang='lat' dir='ltr'>domum</span> <span class='ocrx_word' id='word_1_333' title='bbox 1048 2345 1260 2411; x_wconf 77' lang='lat' dir='ltr'>refugii</span> <span class='ocrx_word' id='word_1_334' title='bbox 1292 2346 1455 2409; x_wconf 85' lang='lat' dir='ltr'>(Psat.</span> <span class='ocrx_word' id='word_1_335' title='bbox 1507 2360 1630 2407; x_wconf 83' lang='lat' dir='ltr'>xxx,</span> <span class='ocrx_word' id='word_1_336' title='bbox 1683 2342 1757 2414; x_wconf 88' lang='lat'>3).</span> <span class='ocrx_word' id='word_1_337' title='bbox 1793 2344 1945 2398; x_wconf 85' lang='lat' dir='ltr'>Felix</span> 
     </span>
    </p>
   </div>
   <div class='ocr_carea' id='block_1_42' title="bbox 344 2429 1945 2505">
    <p class='ocr_par' dir='ltr' id='par_1_42' title="bbox 344 2429 1945 2505">
     <span class='ocr_line' id='line_1_42' title="bbox 344 2429 1945 2505; baseline 0.003 -22"><span class='ocrx_word' id='word_1_338' title='bbox 344 2429 522 2501; x_wconf 82' lang='lat' dir='ltr'>igitur</span> <span class='ocrx_word' id='word_1_339' title='bbox 540 2430 780 2485; x_wconf 89' lang='lat' dir='ltr'>nimium</span> <span class='ocrx_word' id='word_1_340' title='bbox 801 2429 847 2496; x_wconf 79' lang='grc' dir='ltr'>ά,</span> <span class='ocrx_word' id='word_1_341' title='bbox 867 2436 924 2486; x_wconf 92' lang='lat' dir='ltr'>et</span> <span class='ocrx_word' id='word_1_342' title='bbox 952 2431 1266 2485; x_wconf 90' lang='lat' dir='ltr'>certissima</span> <span class='ocrx_word' id='word_1_343' title='bbox 1304 2431 1423 2504; x_wconf 89' lang='lat' dir='ltr'>spei</span> <span class='ocrx_word' id='word_1_344' title='bbox 1453 2433 1751 2505; x_wconf 85' lang='lat' dir='ltr'>processio,</span> <span class='ocrx_word' id='word_1_345' title='bbox 1777 2451 1945 2504; x_wconf 90' lang='lat' dir='ltr'>quam</span> 
     </span>
    </p>
   </div>
   <div class='ocr_carea' id='block_1_43' title="bbox 342 2518 1945 2582">
    <p class='ocr_par' dir='ltr' id='par_1_43' title="bbox 342 2518 1945 2582">
     <span class='ocr_line' id='line_1_43' title="bbox 342 2518 1945 2582; baseline 0.003 -11"><span class='ocrx_word' id='word_1_346' title='bbox 342 2518 493 2572; x_wconf 88' lang='lat' dir='ltr'>sicut</span> <span class='ocrx_word' id='word_1_347' title='bbox 517 2519 819 2575; x_wconf 86' lang='lat' dir='ltr'>anchoram</span> <span class='ocrx_word' id='word_1_348' title='bbox 859 2524 1044 2573; x_wconf 88' lang='lat' dir='ltr'>tutam</span> <span class='ocrx_word' id='word_1_349' title='bbox 1074 2520 1273 2575; x_wconf 68' lang='lat' dir='ltr'>anima:</span> <span class='ocrx_word' id='word_1_350' title='bbox 1305 2520 1593 2582; x_wconf 85' lang='lat' dir='ltr'>habemus.</span> <span class='ocrx_word' id='word_1_351' title='bbox 1628 2538 1692 2575; x_wconf 88' lang='lat' dir='ltr'>ac</span> <span class='ocrx_word' id='word_1_352' title='bbox 1722 2523 1945 2576; x_wconf 90' lang='lat' dir='ltr'>ﬁrmam</span> 
     </span>
    </p>
   </div>
   <div class='ocr_carea' id='block_1_44' title="bbox 342 2606 1945 2681">
    <p class='ocr_par' dir='ltr' id='par_1_44' title="bbox 342 2606 1945 2681">
     <span class='ocr_line' id='line_1_44' title="bbox 342 2606 1945 2681; baseline 0.002 -22"><span class='ocrx_word' id='word_1_353' title='bbox 342 2606 405 2661; x_wconf 92' lang='lat' dir='ltr'>in</span> <span class='ocrx_word' id='word_1_354' title='bbox 434 2607 620 2675; x_wconf 68' lang='lat' dir='ltr'>caelis;</span> <span class='ocrx_word' id='word_1_355' title='bbox 647 2613 705 2661; x_wconf 92' lang='lat' dir='ltr'>et</span> <span class='ocrx_word' id='word_1_356' title='bbox 742 2607 868 2661; x_wconf 91' lang='lat' dir='ltr'>ideo</span> <span class='ocrx_word' id='word_1_357' title='bbox 890 2608 1015 2681; x_wconf 92' lang='lat' dir='ltr'>quis</span> <span class='ocrx_word' id='word_1_358' title='bbox 1034 2608 1333 2681; x_wconf 89' lang='lat' dir='ltr'>desperare</span> <span class='ocrx_word' id='word_1_359' title='bbox 1364 2610 1572 2679; x_wconf 88' lang='lat' dir='ltr'>poterit</span> <span class='ocrx_word' id='word_1_360' title='bbox 1597 2626 1662 2663; x_wconf 90' lang='lat' dir='ltr'>eo</span> <span class='ocrx_word' id='word_1_361' title='bbox 1692 2609 1945 2673; x_wconf 82' lang='lat' dir='ltr'>introire,</span> 
     </span>
    </p>
   </div>
   <div class='ocr_carea' id='block_1_45' title="bbox 344 2696 1946 2768">
    <p class='ocr_par' dir='ltr' id='par_1_45' title="bbox 344 2696 1946 2768">
     <span class='ocr_line' id='line_1_45' title="bbox 344 2696 1946 2768; baseline 0.001 -19"><span class='ocrx_word' id='word_1_362' title='bbox 344 2712 460 2767; x_wconf 91' lang='lat' dir='ltr'>quo</span> <span class='ocrx_word' id='word_1_363' title='bbox 490 2697 603 2763; x_wconf 86' lang='lat' dir='ltr'>iam</span> <span class='ocrx_word' id='word_1_364' title='bbox 658 2713 756 2768; x_wconf 93' lang='lat' dir='ltr'>spe</span> <span class='ocrx_word' id='word_1_365' title='bbox 792 2696 1149 2766; x_wconf 84' lang='lat' dir='ltr'>gratulamur</span> <span class='ocrx_word' id='word_1_366' title='bbox 1176 2696 1451 2751; x_wconf 86' lang='lat' dir='ltr'>intrasse?</span> <span class='ocrx_word' id='word_1_367' title='bbox 1477 2696 1629 2751; x_wconf 85' lang='lat' dir='ltr'>Nihil</span> <span class='ocrx_word' id='word_1_368' title='bbox 1659 2698 1809 2752; x_wconf 89' lang='lat' dir='ltr'>enim</span> <span class='ocrx_word' id='word_1_369' title='bbox 1849 2700 1946 2757; x_wconf 88' lang='lat' dir='ltr'>ﬁr-</span> 
     </span>
    </p>
   </div>
   <div class='ocr_carea' id='block_1_46' title="bbox 345 2784 1943 2861">
    <p class='ocr_par' dir='ltr' id='par_1_46' title="bbox 345 2784 1943 2861">
     <span class='ocr_line' id='line_1_46' title="bbox 345 2784 1943 2861; baseline 0.001 -23"><span class='ocrx_word' id='word_1_370' title='bbox 345 2784 518 2851; x_wconf 88' lang='lat' dir='ltr'>mius,</span> <span class='ocrx_word' id='word_1_371' title='bbox 562 2784 702 2838; x_wconf 84' lang='lat' dir='ltr'>nihil</span> <span class='ocrx_word' id='word_1_372' title='bbox 754 2785 1007 2851; x_wconf 91' lang='lat' dir='ltr'>validius,</span> <span class='ocrx_word' id='word_1_373' title='bbox 1063 2786 1314 2857; x_wconf 87' lang='lat' dir='ltr'>nihilque</span> <span class='ocrx_word' id='word_1_374' title='bbox 1361 2786 1589 2845; x_wconf 90' lang='lat' dir='ltr'>certius.</span> <span class='ocrx_word' id='word_1_375' title='bbox 1632 2803 1802 2859; x_wconf 90' lang='lat' dir='ltr'>quam</span> <span class='ocrx_word' id='word_1_376' title='bbox 1851 2788 1943 2861; x_wconf 90' lang='lat' dir='ltr'>qui</span> 
     </span>
    </p>
   </div>
   <div class='ocr_carea' id='block_1_47' title="bbox 342 2874 1946 2947">
    <p class='ocr_par' dir='ltr' id='par_1_47' title="bbox 342 2874 1946 2947">
     <span class='ocr_line' id='line_1_47' title="bbox 342 2874 1946 2947; baseline 0.002 -21"><span class='ocrx_word' id='word_1_377' title='bbox 342 2890 504 2946; x_wconf 90' lang='lat' dir='ltr'>spem</span> <span class='ocrx_word' id='word_1_378' title='bbox 525 2890 686 2927; x_wconf 90' lang='lat' dir='ltr'>suam</span> <span class='ocrx_word' id='word_1_379' title='bbox 709 2889 775 2931; x_wconf 84' lang='lat' dir='ltr'>ex</span> <span class='ocrx_word' id='word_1_380' title='bbox 803 2880 922 2931; x_wconf 87' lang='lat' dir='ltr'>toto</span> <span class='ocrx_word' id='word_1_381' title='bbox 942 2874 1128 2937; x_wconf 90' lang='lat' dir='ltr'>corde,</span> <span class='ocrx_word' id='word_1_382' title='bbox 1148 2879 1205 2928; x_wconf 92' lang='lat' dir='ltr'>et</span> <span class='ocrx_word' id='word_1_383' title='bbox 1229 2892 1293 2928; x_wconf 91' lang='lat' dir='ltr'>ex</span> <span class='ocrx_word' id='word_1_384' title='bbox 1318 2881 1439 2931; x_wconf 85' lang='lat' dir='ltr'>tota</span> <span class='ocrx_word' id='word_1_385' title='bbox 1466 2875 1674 2941; x_wconf 86' lang='lat' dir='ltr'>anima,</span> <span class='ocrx_word' id='word_1_386' title='bbox 1691 2882 1859 2947; x_wconf 88' lang='lat' dir='ltr'>atque</span> <span class='ocrx_word' id='word_1_387' title='bbox 1882 2893 1946 2930; x_wconf 88' lang='lat' dir='ltr'>ex</span> 
     </span>
    </p>
   </div>
   <div class='ocr_carea' id='block_1_48' title="bbox 340 2962 1943 3037">
    <p class='ocr_par' dir='ltr' id='par_1_48' title="bbox 340 2962 1943 3037">
     <span class='ocr_line' id='line_1_48' title="bbox 340 2962 1943 3037; baseline 0.003 -21"><span class='ocrx_word' id='word_1_388' title='bbox 340 2969 467 3016; x_wconf 91' lang='lat' dir='ltr'>tota</span> <span class='ocrx_word' id='word_1_389' title='bbox 482 2962 687 3021; x_wconf 85' lang='lat' dir='ltr'>virtute</span> <span class='ocrx_word' id='word_1_390' title='bbox 717 2963 994 3034; x_wconf 87' lang='lat' dir='ltr'>integram</span> <span class='ocrx_word' id='word_1_391' title='bbox 1019 2969 1075 3017; x_wconf 95' lang='lat' dir='ltr'>et</span> <span class='ocrx_word' id='word_1_392' title='bbox 1092 2965 1393 3036; x_wconf 84' lang='lat' dir='ltr'>perfectam</span> <span class='ocrx_word' id='word_1_393' title='bbox 1416 2966 1573 3037; x_wconf 91' lang='lat' dir='ltr'>ponit</span> <span class='ocrx_word' id='word_1_394' title='bbox 1601 2964 1657 3018; x_wconf 92' lang='lat' dir='ltr'>in</span> <span class='ocrx_word' id='word_1_395' title='bbox 1683 2964 1943 3021; x_wconf 90' lang='lat' dir='ltr'>Domino.</span> 
     </span>
    </p>
   </div>
   <div class='ocr_carea' id='block_1_49' title="bbox 342 3047 1948 3121">
    <p class='ocr_par' dir='ltr' id='par_1_49' title="bbox 342 3047 1948 3121">
     <span class='ocr_line' id='line_1_49' title="bbox 342 3047 1948 3121; baseline 0.001 -20"><span class='ocrx_word' id='word_1_396' title='bbox 342 3048 493 3117; x_wconf 86' lang='lat' dir='ltr'>Ergo</span> <span class='ocrx_word' id='word_1_397' title='bbox 515 3047 573 3102; x_wconf 93' lang='lat' dir='ltr'>in</span> <span class='ocrx_word' id='word_1_398' title='bbox 603 3064 701 3121; x_wconf 89' lang='lat' dir='ltr'>spe</span> <span class='ocrx_word' id='word_1_399' title='bbox 717 3049 1006 3103; x_wconf 91' lang='lat' dir='ltr'>constituti</span> <span class='ocrx_word' id='word_1_400' title='bbox 1027 3066 1240 3115; x_wconf 90' lang='lat' dir='ltr'>sumus,</span> <span class='ocrx_word' id='word_1_401' title='bbox 1266 3055 1330 3103; x_wconf 92' lang='lat' dir='ltr'>ut</span> <span class='ocrx_word' id='word_1_402' title='bbox 1355 3066 1519 3104; x_wconf 91' lang='lat' dir='ltr'>omne</span> <span class='ocrx_word' id='word_1_403' title='bbox 1552 3049 1758 3104; x_wconf 91' lang='lat' dir='ltr'>bonum</span> <span class='ocrx_word' id='word_1_404' title='bbox 1789 3048 1948 3103; x_wconf 89' lang='lat' dir='ltr'>nobis</span> 
     </span>
    </p>
   </div>
   <div class='ocr_carea' id='block_1_50' title="bbox 342 3137 1944 3215">
    <p class='ocr_par' dir='ltr' id='par_1_50' title="bbox 342 3137 1944 3215">
     <span class='ocr_line' id='line_1_50' title="bbox 342 3137 1944 3215; baseline 0.002 -25"><span class='ocrx_word' id='word_1_405' title='bbox 342 3137 642 3215; x_wconf 78' lang='lat' dir='ltr'>praesentis</span> <span class='ocrx_word' id='word_1_406' title='bbox 673 3137 797 3192; x_wconf 70' lang='lat' dir='ltr'>vita:</span> <span class='ocrx_word' id='word_1_407' title='bbox 825 3142 882 3192; x_wconf 90' lang='lat' dir='ltr'>et</span> <span class='ocrx_word' id='word_1_408' title='bbox 908 3138 1111 3192; x_wconf 79' lang='lat' dir='ltr'>futurae</span> <span class='ocrx_word' id='word_1_409' title='bbox 1135 3139 1204 3193; x_wconf 90' lang='lat' dir='ltr'>de</span> <span class='ocrx_word' id='word_1_410' title='bbox 1235 3139 1329 3197; x_wconf 88' lang='lat' dir='ltr'>illo</span> <span class='ocrx_word' id='word_1_411' title='bbox 1367 3140 1611 3211; x_wconf 86' lang='lat' dir='ltr'>pendeat</span> <span class='ocrx_word' id='word_1_412' title='bbox 1640 3138 1944 3209; x_wconf 82' lang='lat' dir='ltr'>agendum,</span> 
     </span>
    </p>
   </div>
   <div class='ocr_carea' id='block_1_51' title="bbox 342 3225 1948 3301">
    <p class='ocr_par' dir='ltr' id='par_1_51' title="bbox 342 3225 1948 3301">
     <span class='ocr_line' id='line_1_51' title="bbox 342 3225 1948 3301; baseline 0.001 -21"><span class='ocrx_word' id='word_1_413' title='bbox 342 3243 418 3280; x_wconf 91' lang='lat' dir='ltr'>ne</span> <span class='ocrx_word' id='word_1_414' title='bbox 449 3225 520 3280; x_wconf 88' lang='lat' dir='ltr'>ab</span> <span class='ocrx_word' id='word_1_415' title='bbox 568 3226 662 3281; x_wconf 90' lang='lat' dir='ltr'>illo</span> <span class='ocrx_word' id='word_1_416' title='bbox 692 3243 918 3298; x_wconf 87' lang='lat' dir='ltr'>sperare</span> <span class='ocrx_word' id='word_1_417' title='bbox 946 3227 1292 3283; x_wconf 87' lang='lat' dir='ltr'>deﬁciamus.</span> <span class='ocrx_word' id='word_1_418' title='bbox 1328 3228 1472 3285; x_wconf 85' lang='lat' dir='ltr'>Hinc</span> <span class='ocrx_word' id='word_1_419' title='bbox 1506 3228 1751 3301; x_wconf 87' lang='lat' dir='ltr'>profecto</span> <span class='ocrx_word' id='word_1_420' title='bbox 1774 3227 1948 3282; x_wconf 88' lang='lat' dir='ltr'>David</span> 
     </span>
    </p>
   </div>
   <div class='ocr_carea' id='block_1_52' title="bbox 341 3315 1950 3386">
    <p class='ocr_par' dir='ltr' id='par_1_52' title="bbox 341 3315 1950 3386">
     <span class='ocr_line' id='line_1_52' title="bbox 341 3315 1950 3386; baseline -0.001 -15"><span class='ocrx_word' id='word_1_421' title='bbox 341 3320 641 3386; x_wconf 77' lang='lat' dir='ltr'>gratanter</span> <span class='ocrx_word' id='word_1_422' title='bbox 664 3315 743 3371; x_wconf 90' lang='lat' dir='ltr'>ait</span> <span class='ocrx_word' id='word_1_423' title='bbox 778 3333 790 3369; x_wconf 90' lang='lat'>:</span> <span class='ocrx_word' id='word_1_424' title='bbox 823 3317 890 3369; x_wconf 90' lang='lat' dir='ltr'>In</span> <span class='ocrx_word' id='word_1_425' title='bbox 924 3333 1053 3385; x_wconf 86' lang='lat' dir='ltr'>pace</span> <span class='ocrx_word' id='word_1_426' title='bbox 1080 3320 1141 3370; x_wconf 88' lang='lat' dir='ltr'>in</span> <span class='ocrx_word' id='word_1_427' title='bbox 1171 3318 1416 3386; x_wconf 84' lang='lat' dir='ltr'>idipsum</span> <span class='ocrx_word' id='word_1_428' title='bbox 1442 3318 1746 3376; x_wconf 83' lang='lat' dir='ltr'>dormiam.</span> <span class='ocrx_word' id='word_1_429' title='bbox 1778 3323 1828 3370; x_wconf 86' lang='lat' dir='ltr'>et</span> <span class='ocrx_word' id='word_1_430' title='bbox 1870 3333 1950 3370; x_wconf 85' lang='lat' dir='ltr'>re-</span> 
     </span>
    </p>
   </div>
   <div class='ocr_carea' id='block_1_53' title="bbox 344 3402 1950 3478">
    <p class='ocr_par' dir='ltr' id='par_1_53' title="bbox 344 3402 1950 3478">
     <span class='ocr_line' id='line_1_53' title="bbox 344 3402 1950 3478; baseline 0.001 -21"><span class='ocrx_word' id='word_1_431' title='bbox 344 3407 627 3475; x_wconf 76' lang='lat' dir='ltr'>quiescam</span> <span class='ocrx_word' id='word_1_432' title='bbox 652 3408 820 3472; x_wconf 73' lang='lat' dir='ltr'>(I’sat.</span> <span class='ocrx_word' id='word_1_433' title='bbox 848 3420 962 3468; x_wconf 84' lang='lat' dir='ltr'>xlv,</span> <span class='ocrx_word' id='word_1_434' title='bbox 983 3402 1058 3460; x_wconf 61' lang='grc' dir='ltr'>9η.</span> <span class='ocrx_word' id='word_1_435' title='bbox 1082 3406 1151 3463; x_wconf 86' lang='lat' dir='ltr'>Et</span> <span class='ocrx_word' id='word_1_436' title='bbox 1180 3411 1244 3459; x_wconf 88' lang='lat' dir='ltr'>ut</span> <span class='ocrx_word' id='word_1_437' title='bbox 1270 3405 1521 3478; x_wconf 89' lang='lat' dir='ltr'>apertius</span> <span class='ocrx_word' id='word_1_438' title='bbox 1551 3404 1819 3471; x_wconf 88' lang='lat' dir='ltr'>insinuet,</span> <span class='ocrx_word' id='word_1_439' title='bbox 1849 3422 1950 3459; x_wconf 89' lang='lat' dir='ltr'>cur</span> 
     </span>
    </p>
   </div>
   <div class='ocr_carea' id='block_1_54' title="bbox 344 3493 1947 3569">
    <p class='ocr_par' dir='ltr' id='par_1_54' title="bbox 344 3493 1947 3569">
     <span class='ocr_line' id='line_1_54' title="bbox 344 3493 1947 3569; baseline 0 -19"><span class='ocrx_word' id='word_1_440' title='bbox 344 3498 468 3550; x_wconf 81' lang='lat' dir='ltr'>tam</span> <span class='ocrx_word' id='word_1_441' title='bbox 515 3509 745 3548; x_wconf 90' lang='lat' dir='ltr'>securus</span> <span class='ocrx_word' id='word_1_442' title='bbox 774 3493 831 3547; x_wconf 91' lang='lat' dir='ltr'>in</span> <span class='ocrx_word' id='word_1_443' title='bbox 862 3511 997 3569; x_wconf 87' lang='lat' dir='ltr'>pace</span> <span class='ocrx_word' id='word_1_444' title='bbox 1039 3495 1109 3547; x_wconf 90' lang='lat' dir='ltr'>ad</span> <span class='ocrx_word' id='word_1_445' title='bbox 1154 3511 1411 3551; x_wconf 88' lang='lat' dir='ltr'>somnum</span> <span class='ocrx_word' id='word_1_446' title='bbox 1442 3494 1648 3559; x_wconf 88' lang='lat' dir='ltr'>veniat,</span> <span class='ocrx_word' id='word_1_447' title='bbox 1682 3495 1947 3551; x_wconf 90' lang='lat' dir='ltr'>continuo</span> 
     </span>
    </p>
   </div>
   <div class='ocr_carea' id='block_1_55' title="bbox 342 3581 1949 3653">
    <p class='ocr_par' dir='ltr' id='par_1_55' title="bbox 342 3581 1949 3653">
     <span class='ocr_line' id='line_1_55' title="bbox 342 3581 1949 3653; baseline -0.001 -17"><span class='ocrx_word' id='word_1_448' title='bbox 342 3581 643 3653; x_wconf 87' lang='lat' dir='ltr'>subjungit</span> <span class='ocrx_word' id='word_1_449' title='bbox 658 3581 876 3638; x_wconf 90' lang='lat' dir='ltr'>dicens:</span> <span class='ocrx_word' id='word_1_450' title='bbox 906 3585 1179 3650; x_wconf 82' lang='lat' dir='ltr'>Quoniam</span> <span class='ocrx_word' id='word_1_451' title='bbox 1207 3588 1286 3642; x_wconf 85' lang='lat' dir='ltr'>tu,</span> <span class='ocrx_word' id='word_1_452' title='bbox 1312 3584 1560 3641; x_wconf 84' lang='lat' dir='ltr'>Domine,</span> <span class='ocrx_word' id='word_1_453' title='bbox 1579 3584 1949 3651; x_wconf 82' lang='lat' dir='ltr'>singulariter</span> 
     </span>
    </p>
   </div>
   <div class='ocr_carea' id='block_1_56' title="bbox 346 3670 1951 3741">
    <p class='ocr_par' dir='ltr' id='par_1_56' title="bbox 346 3670 1951 3741">
     <span class='ocr_line' id='line_1_56' title="bbox 346 3670 1951 3741; baseline -0.001 -17"><span class='ocrx_word' id='word_1_454' title='bbox 346 3674 412 3725; x_wconf 89' lang='lat' dir='ltr'>in</span> <span class='ocrx_word' id='word_1_455' title='bbox 435 3688 524 3741; x_wconf 87' lang='lat' dir='ltr'>spe</span> <span class='ocrx_word' id='word_1_456' title='bbox 552 3674 887 3724; x_wconf 81' lang='lat' dir='ltr'>constituisti</span> <span class='ocrx_word' id='word_1_457' title='bbox 908 3688 1007 3725; x_wconf 85' lang='lat' dir='ltr'>me.</span> <span class='ocrx_word' id='word_1_458' title='bbox 1033 3672 1097 3724; x_wconf 92' lang='lat' dir='ltr'>In</span> <span class='ocrx_word' id='word_1_459' title='bbox 1127 3687 1223 3741; x_wconf 87' lang='lat' dir='ltr'>spe</span> <span class='ocrx_word' id='word_1_460' title='bbox 1245 3671 1436 3740; x_wconf 84' lang='lat' dir='ltr'>igitur,</span> <span class='ocrx_word' id='word_1_461' title='bbox 1463 3676 1527 3724; x_wconf 91' lang='lat' dir='ltr'>ut</span> <span class='ocrx_word' id='word_1_462' title='bbox 1543 3670 1681 3733; x_wconf 85' lang='lat' dir='ltr'>dixi,</span> <span class='ocrx_word' id='word_1_463' title='bbox 1707 3671 1951 3740; x_wconf 86' lang='lat' dir='ltr'>singula-</span> 
     </span>
    </p>
   </div>
   <div class='ocr_carea' id='block_1_57' title="bbox 343 3759 1945 3830">
    <p class='ocr_par' dir='ltr' id='par_1_57' title="bbox 343 3759 1945 3830">
     <span class='ocr_line' id='line_1_57' title="bbox 343 3759 1945 3830; baseline -0.001 -16"><span class='ocrx_word' id='word_1_464' title='bbox 343 3761 490 3821; x_wconf 82' lang='lat' dir='ltr'>riter</span> <span class='ocrx_word' id='word_1_465' title='bbox 515 3760 573 3813; x_wconf 92' lang='lat' dir='ltr'>in</span> <span class='ocrx_word' id='word_1_466' title='bbox 594 3759 815 3814; x_wconf 82' lang='lat' dir='ltr'>Christo</span> <span class='ocrx_word' id='word_1_467' title='bbox 842 3759 1149 3824; x_wconf 86' lang='lat' dir='ltr'>constituti,</span> <span class='ocrx_word' id='word_1_468' title='bbox 1185 3760 1468 3830; x_wconf 80' lang='lat' dir='ltr'>pergimus</span> <span class='ocrx_word' id='word_1_469' title='bbox 1498 3759 1681 3817; x_wconf 87' lang='lat' dir='ltr'>devoti</span> <span class='ocrx_word' id='word_1_470' title='bbox 1714 3759 1783 3812; x_wconf 86' lang='lat' dir='ltr'>ad</span> <span class='ocrx_word' id='word_1_471' title='bbox 1816 3776 1945 3813; x_wconf 90' lang='lat' dir='ltr'>eum</span> 
     </span>
    </p>
   </div>
   <div class='ocr_carea' id='block_1_58' title="bbox 343 3848 1943 3919">
    <p class='ocr_par' dir='ltr' id='par_1_58' title="bbox 343 3848 1943 3919">
     <span class='ocr_line' id='line_1_58' title="bbox 343 3848 1943 3919; baseline -0.001 -15"><span class='ocrx_word' id='word_1_472' title='bbox 343 3850 641 3905; x_wconf 88' lang='lat' dir='ltr'>mittentes</span> <span class='ocrx_word' id='word_1_473' title='bbox 661 3848 878 3903; x_wconf 89' lang='lat' dir='ltr'>semina</span> <span class='ocrx_word' id='word_1_474' title='bbox 896 3854 1106 3911; x_wconf 87' lang='lat' dir='ltr'>nostra,</span> <span class='ocrx_word' id='word_1_475' title='bbox 1123 3849 1293 3902; x_wconf 89' lang='lat' dir='ltr'>veluti</span> <span class='ocrx_word' id='word_1_476' title='bbox 1310 3865 1504 3903; x_wconf 90' lang='lat' dir='ltr'>omnes</span> <span class='ocrx_word' id='word_1_477' title='bbox 1534 3848 1653 3919; x_wconf 84' lang='lat' dir='ltr'>agri</span> <span class='ocrx_word' id='word_1_478' title='bbox 1680 3849 1943 3914; x_wconf 88' lang='lat' dir='ltr'>cultores,</span> 
     </span>
    </p>
   </div>
   <div class='ocr_carea' id='block_1_59' title="bbox 342 3937 1950 4014">
    <p class='ocr_par' dir='ltr' id='par_1_59' title="bbox 342 3937 1950 4014">
     <span class='ocr_line' id='line_1_59' title="bbox 342 3937 1950 4014; baseline -0.001 -22"><span class='ocrx_word' id='word_1_479' title='bbox 342 3937 483 4014; x_wconf 87' lang='lat' dir='ltr'>quia</span> <span class='ocrx_word' id='word_1_480' title='bbox 502 3938 646 3995; x_wconf 87' lang='lat' dir='ltr'>sicut</span> <span class='ocrx_word' id='word_1_481' title='bbox 666 3938 873 3992; x_wconf 89' lang='lat' dir='ltr'>Paulus</span> <span class='ocrx_word' id='word_1_482' title='bbox 893 3938 1179 4009; x_wconf 88' lang='lat' dir='ltr'>apostolus</span> <span class='ocrx_word' id='word_1_483' title='bbox 1202 3937 1314 3991; x_wconf 90' lang='lat' dir='ltr'>ait:</span> <span class='ocrx_word' id='word_1_484' title='bbox 1352 3938 1542 3993; x_wconf 86' lang='lat' dir='ltr'>Omnis</span> <span class='ocrx_word' id='word_1_485' title='bbox 1564 3940 1661 4005; x_wconf 86' lang='lat' dir='ltr'>qui</span> <span class='ocrx_word' id='word_1_486' title='bbox 1691 3941 1821 3992; x_wconf 89' lang='lat' dir='ltr'>arat</span> <span class='ocrx_word' id='word_1_487' title='bbox 1847 3942 1950 3990; x_wconf 87' lang='lat' dir='ltr'>aut</span> 
     </span>
    </p>
   </div>
   <div class='ocr_carea' id='block_1_60' title="bbox 340 4024 1943 4099">
    <p class='ocr_par' dir='ltr' id='par_1_60' title="bbox 340 4024 1943 4099">
     <span class='ocr_line' id='line_1_60' title="bbox 340 4024 1943 4099; baseline -0.002 -17"><span class='ocrx_word' id='word_1_488' title='bbox 340 4029 607 4086; x_wconf 76' lang='lat' dir='ltr'>seminat;</span> <span class='ocrx_word' id='word_1_489' title='bbox 633 4030 695 4081; x_wconf 86' lang='lat' dir='ltr'>in</span> <span class='ocrx_word' id='word_1_490' title='bbox 714 4043 803 4096; x_wconf 81' lang='lat' dir='ltr'>spe</span> <span class='ocrx_word' id='word_1_491' title='bbox 833 4030 1019 4099; x_wconf 80' lang='lat' dir='ltr'>utique</span> <span class='ocrx_word' id='word_1_492' title='bbox 1037 4031 1165 4079; x_wconf 88' lang='lat' dir='ltr'>arat</span> <span class='ocrx_word' id='word_1_493' title='bbox 1185 4031 1233 4079; x_wconf 84' lang='lat' dir='ltr'>et</span> <span class='ocrx_word' id='word_1_494' title='bbox 1254 4027 1492 4079; x_wconf 87' lang='lat' dir='ltr'>seminat</span> <span class='ocrx_word' id='word_1_495' title='bbox 1511 4026 1568 4096; x_wconf 88' lang='grc' dir='ltr'>(Ι</span> <span class='ocrx_word' id='word_1_496' title='bbox 1585 4028 1709 4082; x_wconf 85' lang='lat' dir='ltr'>Cor.</span> <span class='ocrx_word' id='word_1_497' title='bbox 1734 4039 1808 4089; x_wconf 81' lang='lat' dir='ltr'>Ix,</span> <span class='ocrx_word' id='word_1_498' title='bbox 1835 4024 1943 4087; x_wconf 82' lang='lat'>1.0).</span> 
     </span>
    </p>
   </div>
   <div class='ocr_carea' id='block_1_61' title="bbox 342 4114 1947 4189">
    <p class='ocr_par' dir='ltr' id='par_1_61' title="bbox 342 4114 1947 4189">
     <span class='ocr_line' id='line_1_61' title="bbox 342 4114 1947 4189; baseline -0.003 -17"><span class='ocrx_word' id='word_1_499' title='bbox 342 4115 661 4172; x_wconf 82' lang='lat' dir='ltr'>Credamus</span> <span class='ocrx_word' id='word_1_500' title='bbox 691 4114 943 4169; x_wconf 89' lang='lat' dir='ltr'>Creatori</span> <span class='ocrx_word' id='word_1_501' title='bbox 992 4121 1207 4179; x_wconf 86' lang='lat' dir='ltr'>nostro,</span> <span class='ocrx_word' id='word_1_502' title='bbox 1233 4114 1328 4187; x_wconf 91' lang='lat' dir='ltr'>qui</span> <span class='ocrx_word' id='word_1_503' title='bbox 1377 4114 1698 4186; x_wconf 89' lang='lat' dir='ltr'>repromisit</span> <span class='ocrx_word' id='word_1_504' title='bbox 1729 4131 1795 4169; x_wconf 89' lang='lat' dir='ltr'>ea</span> <span class='ocrx_word' id='word_1_505' title='bbox 1825 4130 1947 4189; x_wconf 69' lang='lat' dir='ltr'>quae</span> 
     </span>
    </p>
   </div>
   <div class='ocr_carea' id='block_1_62' title="bbox 338 4201 1942 4275">
    <p class='ocr_par' dir='ltr' id='par_1_62' title="bbox 338 4201 1942 4275">
     <span class='ocr_line' id='line_1_62' title="bbox 338 4201 1942 4275; baseline 0.001 -20"><span class='ocrx_word' id='word_1_506' title='bbox 338 4204 468 4275; x_wconf 89' lang='lat' dir='ltr'>jam</span> <span class='ocrx_word' id='word_1_507' title='bbox 498 4202 630 4256; x_wconf 89' lang='lat' dir='ltr'>data</span> <span class='ocrx_word' id='word_1_508' title='bbox 657 4208 787 4257; x_wconf 87' lang='lat' dir='ltr'>sunt</span> <span class='ocrx_word' id='word_1_509' title='bbox 819 4202 997 4267; x_wconf 91' lang='lat' dir='ltr'>nobis,</span> <span class='ocrx_word' id='word_1_510' title='bbox 1028 4206 1086 4256; x_wconf 90' lang='lat' dir='ltr'>et</span> <span class='ocrx_word' id='word_1_511' title='bbox 1124 4218 1414 4274; x_wconf 89' lang='lat' dir='ltr'>speremus</span> <span class='ocrx_word' id='word_1_512' title='bbox 1445 4202 1577 4257; x_wconf 89' lang='lat' dir='ltr'>totis</span> <span class='ocrx_word' id='word_1_513' title='bbox 1608 4201 1942 4268; x_wconf 89' lang='lat' dir='ltr'>visceribus;</span> 
     </span>
    </p>
   </div>
   <div class='ocr_carea' id='block_1_63' title="bbox 2032 1721 3632 1800">
    <p class='ocr_par' dir='ltr' id='par_1_63' title="bbox 2032 1721 3632 1800">
     <span class='ocr_line' id='line_1_63' title="bbox 2032 1721 3632 1800; baseline 0.01 -31"><span class='ocrx_word' id='word_1_514' title='bbox 2032 1733 2252 1784; x_wconf 85' lang='lat' dir='ltr'>sperare</span> <span class='ocrx_word' id='word_1_515' title='bbox 2276 1721 2339 1771; x_wconf 90' lang='lat' dir='ltr'>in</span> <span class='ocrx_word' id='word_1_516' title='bbox 2380 1721 2588 1773; x_wconf 87' lang='lat' dir='ltr'>incerto</span> <span class='ocrx_word' id='word_1_517' title='bbox 2613 1721 2945 1775; x_wconf 81' lang='lat' dir='ltr'>divitiarum</span> <span class='ocrx_word' id='word_1_518' title='bbox 2974 1725 3021 1791; x_wconf 83' lang='grc' dir='ltr'>(Ι</span> <span class='ocrx_word' id='word_1_519' title='bbox 3052 1727 3189 1780; x_wconf 87' lang='lat' dir='ltr'>Tim.</span> <span class='ocrx_word' id='word_1_520' title='bbox 3214 1740 3291 1792; x_wconf 84' lang='lat' dir='ltr'>v1,</span> <span class='ocrx_word' id='word_1_521' title='bbox 3325 1728 3414 1795; x_wconf 74' lang='grc'>47)</span> <span class='ocrx_word' id='word_1_522' title='bbox 3449 1746 3461 1781; x_wconf 92' lang='lat'>:</span> <span class='ocrx_word' id='word_1_523' title='bbox 3491 1746 3632 1800; x_wconf 87' lang='lat' dir='ltr'>qua-</span> 
     </span>
    </p>
   </div>
   <div class='ocr_carea' id='block_1_64' title="bbox 2031 1806 3632 1877">
    <p class='ocr_par' dir='ltr' id='par_1_64' title="bbox 2031 1806 3632 1877">
     <span class='ocr_line' id='line_1_64' title="bbox 2031 1806 3632 1877; baseline 0.009 -19"><span class='ocrx_word' id='word_1_524' title='bbox 2031 1822 2157 1858; x_wconf 88' lang='lat' dir='ltr'>rum</span> <span class='ocrx_word' id='word_1_525' title='bbox 2190 1806 2384 1876; x_wconf 89' lang='lat' dir='ltr'>utique</span> <span class='ocrx_word' id='word_1_526' title='bbox 2420 1824 2547 1877; x_wconf 89' lang='lat' dir='ltr'>spes</span> <span class='ocrx_word' id='word_1_527' title='bbox 2572 1808 2770 1861; x_wconf 80' lang='lat' dir='ltr'>incerti</span> <span class='ocrx_word' id='word_1_528' title='bbox 2807 1809 2937 1863; x_wconf 90' lang='lat' dir='ltr'>boni</span> <span class='ocrx_word' id='word_1_529' title='bbox 2979 1818 3083 1877; x_wconf 90' lang='lat' dir='ltr'>est,</span> <span class='ocrx_word' id='word_1_530' title='bbox 3117 1819 3181 1867; x_wconf 90' lang='lat' dir='ltr'>ut</span> <span class='ocrx_word' id='word_1_531' title='bbox 3207 1813 3302 1868; x_wconf 89' lang='lat' dir='ltr'>ille</span> <span class='ocrx_word' id='word_1_532' title='bbox 3330 1815 3508 1870; x_wconf 89' lang='lat' dir='ltr'>voluit</span> <span class='ocrx_word' id='word_1_533' title='bbox 3536 1834 3632 1871; x_wconf 91' lang='lat' dir='ltr'>ex-</span> 
     </span>
    </p>
   </div>
   <div class='ocr_carea' id='block_1_65' title="bbox 2031 1893 3624 1967">
    <p class='ocr_par' dir='ltr' id='par_1_65' title="bbox 2031 1893 3624 1967">
     <span class='ocr_line' id='line_1_65' title="bbox 2031 1893 3624 1967; baseline 0.009 -21"><span class='ocrx_word' id='word_1_534' title='bbox 2031 1893 2291 1964; x_wconf 89' lang='lat' dir='ltr'>primere,</span> <span class='ocrx_word' id='word_1_535' title='bbox 2334 1896 2403 1949; x_wconf 93' lang='lat' dir='ltr'>de</span> <span class='ocrx_word' id='word_1_536' title='bbox 2454 1913 2563 1966; x_wconf 90' lang='lat' dir='ltr'>quo</span> <span class='ocrx_word' id='word_1_537' title='bbox 2613 1914 2781 1967; x_wconf 89' lang='lat' dir='ltr'>supra</span> <span class='ocrx_word' id='word_1_538' title='bbox 2831 1899 3117 1953; x_wconf 82' lang='lat' dir='ltr'>diximus:</span> <span class='ocrx_word' id='word_1_539' title='bbox 3168 1902 3265 1955; x_wconf 91' lang='lat' dir='ltr'>sed</span> <span class='ocrx_word' id='word_1_540' title='bbox 3316 1908 3373 1957; x_wconf 90' lang='lat' dir='ltr'>et</span> <span class='ocrx_word' id='word_1_541' title='bbox 3404 1904 3624 1960; x_wconf 85' lang='lat' dir='ltr'>David:</span> 
     </span>
    </p>
   </div>
   <div class='ocr_carea' id='block_1_66' title="bbox 2028 1983 3629 2062">
    <p class='ocr_par' dir='ltr' id='par_1_66' title="bbox 2028 1983 3629 2062">
     <span class='ocr_line' id='line_1_66' title="bbox 2028 1983 3629 2062; baseline 0.007 -25"><span class='ocrx_word' id='word_1_542' title='bbox 2028 1983 2230 2047; x_wconf 85' lang='lat' dir='ltr'>Nolite,</span> <span class='ocrx_word' id='word_1_543' title='bbox 2271 1983 2371 2045; x_wconf 89' lang='lat' dir='ltr'>ait,</span> <span class='ocrx_word' id='word_1_544' title='bbox 2397 2001 2617 2052; x_wconf 84' lang='lat' dir='ltr'>sperare</span> <span class='ocrx_word' id='word_1_545' title='bbox 2641 1989 2702 2039; x_wconf 88' lang='lat' dir='ltr'>in</span> <span class='ocrx_word' id='word_1_546' title='bbox 2746 1989 3043 2054; x_wconf 86' lang='lat' dir='ltr'>iniquitate</span> <span class='ocrx_word' id='word_1_547' title='bbox 3072 1991 3233 2055; x_wconf 86' lang='lat' dir='ltr'>(Psat.</span> <span class='ocrx_word' id='word_1_548' title='bbox 3271 2007 3377 2059; x_wconf 79' lang='lat' dir='ltr'>in,</span> <span class='ocrx_word' id='word_1_549' title='bbox 3420 1993 3527 2062; x_wconf 78' lang='grc'>11).</span> <span class='ocrx_word' id='word_1_550' title='bbox 3551 1994 3629 2047; x_wconf 84' lang='lat' dir='ltr'>Ex</span> 
     </span>
    </p>
   </div>
   <div class='ocr_carea' id='block_1_67' title="bbox 2031 2071 3628 2151">
    <p class='ocr_par' dir='ltr' id='par_1_67' title="bbox 2031 2071 3628 2151">
     <span class='ocr_line' id='line_1_67' title="bbox 2031 2071 3628 2151; baseline 0.008 -27"><span class='ocrx_word' id='word_1_551' title='bbox 2031 2088 2140 2141; x_wconf 89' lang='lat' dir='ltr'>quo</span> <span class='ocrx_word' id='word_1_552' title='bbox 2162 2071 2338 2142; x_wconf 91' lang='lat' dir='ltr'>liquet</span> <span class='ocrx_word' id='word_1_553' title='bbox 2361 2073 2725 2128; x_wconf 80' lang='lat' dir='ltr'>usitatissime</span> <span class='ocrx_word' id='word_1_554' title='bbox 2747 2092 2900 2145; x_wconf 90' lang='lat' dir='ltr'>spem</span> <span class='ocrx_word' id='word_1_555' title='bbox 2925 2075 2981 2129; x_wconf 94' lang='lat' dir='ltr'>in</span> <span class='ocrx_word' id='word_1_556' title='bbox 3006 2077 3147 2131; x_wconf 87' lang='lat' dir='ltr'>veris</span> <span class='ocrx_word' id='word_1_557' title='bbox 3173 2080 3440 2151; x_wconf 88' lang='lat' dir='ltr'>vanisque</span> <span class='ocrx_word' id='word_1_558' title='bbox 3460 2080 3628 2136; x_wconf 90' lang='lat' dir='ltr'>rebus</span> 
     </span>
    </p>
   </div>
   <div class='ocr_carea' id='block_1_68' title="bbox 2030 2160 3627 2232">
    <p class='ocr_par' dir='ltr' id='par_1_68' title="bbox 2030 2160 3627 2232">
     <span class='ocr_line' id='line_1_68' title="bbox 2030 2160 3627 2232; baseline 0.008 -20"><span class='ocrx_word' id='word_1_559' title='bbox 2030 2177 2175 2232; x_wconf 68' lang='lat' dir='ltr'>sazpe</span> <span class='ocrx_word' id='word_1_560' title='bbox 2207 2160 2312 2215; x_wconf 90' lang='lat' dir='ltr'>dici</span> <span class='ocrx_word' id='word_1_561' title='bbox 2339 2179 2349 2213; x_wconf 93' lang='lat'>:</span> <span class='ocrx_word' id='word_1_562' title='bbox 2381 2162 2475 2215; x_wconf 87' lang='lat' dir='ltr'>illa</span> <span class='ocrx_word' id='word_1_563' title='bbox 2504 2167 2695 2217; x_wconf 89' lang='lat' dir='ltr'>tamen</span> <span class='ocrx_word' id='word_1_564' title='bbox 2720 2162 2736 2191; x_wconf 65' lang='grc' dir='ltr'>τ</span> <span class='ocrx_word' id='word_1_565' title='bbox 2760 2163 3000 2218; x_wconf 85' lang='lat' dir='ltr'>salubris</span> <span class='ocrx_word' id='word_1_566' title='bbox 3030 2171 3087 2219; x_wconf 91' lang='lat' dir='ltr'>et</span> <span class='ocrx_word' id='word_1_567' title='bbox 3114 2183 3245 2221; x_wconf 88' lang='lat' dir='ltr'>vera</span> <span class='ocrx_word' id='word_1_568' title='bbox 3276 2168 3627 2224; x_wconf 88' lang='lat' dir='ltr'>Christiano-</span> 
     </span>
    </p>
   </div>
   <div class='ocr_carea' id='block_1_69' title="bbox 2030 2250 3626 2329">
    <p class='ocr_par' dir='ltr' id='par_1_69' title="bbox 2030 2250 3626 2329">
     <span class='ocr_line' id='line_1_69' title="bbox 2030 2250 3626 2329; baseline 0.008 -28"><span class='ocrx_word' id='word_1_569' title='bbox 2030 2265 2155 2302; x_wconf 91' lang='lat' dir='ltr'>rum</span> <span class='ocrx_word' id='word_1_570' title='bbox 2176 2266 2295 2303; x_wconf 90' lang='lat' dir='ltr'>esse</span> <span class='ocrx_word' id='word_1_571' title='bbox 2319 2250 2605 2320; x_wconf 82' lang='lat' dir='ltr'>probatur,</span> <span class='ocrx_word' id='word_1_572' title='bbox 2628 2269 2767 2323; x_wconf 79' lang='lat' dir='ltr'>quae,</span> <span class='ocrx_word' id='word_1_573' title='bbox 2794 2259 2919 2323; x_wconf 89' lang='lat' dir='ltr'>post</span> <span class='ocrx_word' id='word_1_574' title='bbox 2940 2254 3331 2311; x_wconf 88' lang='lat' dir='ltr'>tribulationes</span> <span class='ocrx_word' id='word_1_575' title='bbox 3361 2262 3418 2312; x_wconf 91' lang='lat' dir='ltr'>et</span> <span class='ocrx_word' id='word_1_576' title='bbox 3446 2275 3626 2329; x_wconf 90' lang='lat' dir='ltr'>penu-</span> 
     </span>
    </p>
   </div>
   <div class='ocr_carea' id='block_1_70' title="bbox 2029 2337 3618 2417">
    <p class='ocr_par' dir='ltr' id='par_1_70' title="bbox 2029 2337 3618 2417">
     <span class='ocr_line' id='line_1_70' title="bbox 2029 2337 3618 2417; baseline 0.008 -27"><span class='ocrx_word' id='word_1_577' title='bbox 2029 2337 2143 2391; x_wconf 87' lang='lat' dir='ltr'>rias</span> <span class='ocrx_word' id='word_1_578' title='bbox 2158 2338 2325 2407; x_wconf 88' lang='lat' dir='ltr'>hujus</span> <span class='ocrx_word' id='word_1_579' title='bbox 2344 2339 2465 2393; x_wconf 71' lang='lat' dir='ltr'>vita:</span> <span class='ocrx_word' id='word_1_580' title='bbox 2482 2346 2649 2410; x_wconf 88' lang='lat' dir='ltr'>atque</span> <span class='ocrx_word' id='word_1_581' title='bbox 2670 2341 2944 2405; x_wconf 87' lang='lat' dir='ltr'>miserias,</span> <span class='ocrx_word' id='word_1_582' title='bbox 2968 2344 3297 2414; x_wconf 84' lang='lat' dir='ltr'>patientiam</span> <span class='ocrx_word' id='word_1_583' title='bbox 3319 2352 3587 2417; x_wconf 85' lang='lat' dir='ltr'>Operatur</span> <span class='ocrx_word' id='word_1_584' title='bbox 3606 2366 3618 2401; x_wconf 93' lang='lat'>:</span> 
     </span>
    </p>
   </div>
   <div class='ocr_carea' id='block_1_71' title="bbox 2030 2426 3628 2506">
    <p class='ocr_par' dir='ltr' id='par_1_71' title="bbox 2030 2426 3628 2506">
     <span class='ocr_line' id='line_1_71' title="bbox 2030 2426 3628 2506; baseline 0.009 -28"><span class='ocrx_word' id='word_1_585' title='bbox 2030 2426 2304 2501; x_wconf 85' lang='lat' dir='ltr'>patientia</span> <span class='ocrx_word' id='word_1_586' title='bbox 2360 2445 2488 2482; x_wconf 87' lang='lat' dir='ltr'>vero</span> <span class='ocrx_word' id='word_1_587' title='bbox 2546 2428 2971 2500; x_wconf 77' lang='lat' dir='ltr'>probationem;</span> <span class='ocrx_word' id='word_1_588' title='bbox 3019 2433 3087 2487; x_wconf 92' lang='lat' dir='ltr'>de</span> <span class='ocrx_word' id='word_1_589' title='bbox 3143 2451 3252 2504; x_wconf 92' lang='lat' dir='ltr'>qua</span> <span class='ocrx_word' id='word_1_590' title='bbox 3298 2434 3628 2506; x_wconf 89' lang='lat' dir='ltr'>probatione</span> 
     </span>
    </p>
   </div>
   <div class='ocr_carea' id='block_1_72' title="bbox 2031 2515 3629 2598">
    <p class='ocr_par' dir='ltr' id='par_1_72' title="bbox 2031 2515 3629 2598">
     <span class='ocr_line' id='line_1_72' title="bbox 2031 2515 3629 2598; baseline 0.008 -31"><span class='ocrx_word' id='word_1_591' title='bbox 2031 2515 2236 2569; x_wconf 86' lang='lat' dir='ltr'>Christi</span> <span class='ocrx_word' id='word_1_592' title='bbox 2260 2533 2403 2587; x_wconf 87' lang='lat' dir='ltr'>spes,</span> <span class='ocrx_word' id='word_1_593' title='bbox 2438 2533 2559 2588; x_wconf 61' lang='lat' dir='ltr'>quae</span> <span class='ocrx_word' id='word_1_594' title='bbox 2589 2517 2857 2584; x_wconf 87' lang='lat' dir='ltr'>nascitur,</span> <span class='ocrx_word' id='word_1_595' title='bbox 2906 2519 2964 2572; x_wconf 91' lang='lat' dir='ltr'>in</span> <span class='ocrx_word' id='word_1_596' title='bbox 3004 2521 3158 2574; x_wconf 93' lang='lat' dir='ltr'>nullo</span> <span class='ocrx_word' id='word_1_597' title='bbox 3188 2522 3414 2598; x_wconf 88' lang='lat' dir='ltr'>penitus</span> <span class='ocrx_word' id='word_1_598' title='bbox 3442 2530 3629 2595; x_wconf 89' lang='lat' dir='ltr'>potest</span> 
     </span>
    </p>
   </div>
   <div class='ocr_carea' id='block_1_73' title="bbox 2030 2604 3630 2683">
    <p class='ocr_par' dir='ltr' id='par_1_73' title="bbox 2030 2604 3630 2683">
     <span class='ocr_line' id='line_1_73' title="bbox 2030 2604 3630 2683; baseline 0.008 -27"><span class='ocrx_word' id='word_1_599' title='bbox 2030 2604 2325 2666; x_wconf 82' lang='lat' dir='ltr'>confundi;</span> <span class='ocrx_word' id='word_1_600' title='bbox 2349 2605 2613 2675; x_wconf 88' lang='lat' dir='ltr'>quoniam</span> <span class='ocrx_word' id='word_1_601' title='bbox 2655 2607 2785 2661; x_wconf 90' lang='lat' dir='ltr'>hinc</span> <span class='ocrx_word' id='word_1_602' title='bbox 2810 2607 2940 2661; x_wconf 90' lang='lat' dir='ltr'>inde</span> <span class='ocrx_word' id='word_1_603' title='bbox 2967 2608 3207 2679; x_wconf 83' lang='lat' dir='ltr'>Spiritus</span> <span class='ocrx_word' id='word_1_604' title='bbox 3237 2612 3415 2665; x_wconf 90' lang='lat' dir='ltr'>sancti</span> <span class='ocrx_word' id='word_1_605' title='bbox 3441 2613 3630 2683; x_wconf 87' lang='lat' dir='ltr'>gratia</span> 
     </span>
    </p>
   </div>
   <div class='ocr_carea' id='block_1_74' title="bbox 2028 2691 3629 2756">
    <p class='ocr_par' dir='ltr' id='par_1_74' title="bbox 2028 2691 3629 2756">
     <span class='ocr_line' id='line_1_74' title="bbox 2028 2691 3629 2756; baseline 0.007 -12"><span class='ocrx_word' id='word_1_606' title='bbox 2028 2691 2274 2746; x_wconf 87' lang='lat' dir='ltr'>fulcitur.</span> <span class='ocrx_word' id='word_1_607' title='bbox 2299 2692 2368 2746; x_wconf 91' lang='lat' dir='ltr'>Et</span> <span class='ocrx_word' id='word_1_608' title='bbox 2396 2693 2517 2747; x_wconf 63' lang='lat' dir='ltr'>haec</span> <span class='ocrx_word' id='word_1_609' title='bbox 2546 2700 2632 2747; x_wconf 92' lang='lat' dir='ltr'>est</span> <span class='ocrx_word' id='word_1_610' title='bbox 2650 2709 2782 2749; x_wconf 87' lang='lat' dir='ltr'>vera</span> <span class='ocrx_word' id='word_1_611' title='bbox 2808 2695 3195 2750; x_wconf 88' lang='lat' dir='ltr'>etindubitata</span> <span class='ocrx_word' id='word_1_612' title='bbox 3219 2697 3347 2753; x_wconf 91' lang='lat' dir='ltr'>ﬁdei</span> <span class='ocrx_word' id='word_1_613' title='bbox 3368 2700 3629 2756; x_wconf 87' lang='lat' dir='ltr'>substan-</span> 
     </span>
    </p>
   </div>
   <div class='ocr_carea' id='block_1_75' title="bbox 2028 2780 3628 2859">
    <p class='ocr_par' dir='ltr' id='par_1_75' title="bbox 2028 2780 3628 2859">
     <span class='ocr_line' id='line_1_75' title="bbox 2028 2780 3628 2859; baseline 0.007 -26"><span class='ocrx_word' id='word_1_614' title='bbox 2028 2780 2127 2833; x_wconf 89' lang='lat' dir='ltr'>tia.</span> <span class='ocrx_word' id='word_1_615' title='bbox 2168 2781 2514 2848; x_wconf 89' lang='lat' dir='ltr'>Substantia,</span> <span class='ocrx_word' id='word_1_616' title='bbox 2547 2783 2798 2853; x_wconf 91' lang='lat' dir='ltr'>inquam,</span> <span class='ocrx_word' id='word_1_617' title='bbox 2834 2785 3081 2855; x_wconf 81' lang='lat' dir='ltr'>profecto</span> <span class='ocrx_word' id='word_1_618' title='bbox 3108 2802 3275 2856; x_wconf 90' lang='lat' dir='ltr'>quam</span> <span class='ocrx_word' id='word_1_619' title='bbox 3305 2795 3628 2859; x_wconf 87' lang='lat' dir='ltr'>exspectan-</span> 
     </span>
    </p>
   </div>
   <div class='ocr_carea' id='block_1_76' title="bbox 2030 2870 3626 2947">
    <p class='ocr_par' dir='ltr' id='par_1_76' title="bbox 2030 2870 3626 2947">
     <span class='ocr_line' id='line_1_76' title="bbox 2030 2870 3626 2947; baseline 0.008 -26"><span class='ocrx_word' id='word_1_620' title='bbox 2030 2873 2133 2931; x_wconf 90' lang='lat' dir='ltr'>tes,</span> <span class='ocrx_word' id='word_1_621' title='bbox 2158 2870 2309 2938; x_wconf 90' lang='lat' dir='ltr'>juste</span> <span class='ocrx_word' id='word_1_622' title='bbox 2349 2870 2551 2945; x_wconf 89' lang='lat' dir='ltr'>pieque</span> <span class='ocrx_word' id='word_1_623' title='bbox 2586 2872 2841 2926; x_wconf 88' lang='lat' dir='ltr'>vivimus.</span> <span class='ocrx_word' id='word_1_624' title='bbox 2884 2873 3027 2927; x_wconf 90' lang='lat' dir='ltr'>Hinc</span> <span class='ocrx_word' id='word_1_625' title='bbox 3067 2890 3288 2946; x_wconf 90' lang='lat' dir='ltr'>quoque</span> <span class='ocrx_word' id='word_1_626' title='bbox 3326 2877 3626 2947; x_wconf 86' lang='lat' dir='ltr'>Apostolus</span> 
     </span>
    </p>
   </div>
   <div class='ocr_carea' id='block_1_77' title="bbox 2030 2958 3626 3038">
    <p class='ocr_par' dir='ltr' id='par_1_77' title="bbox 2030 2958 3626 3038">
     <span class='ocr_line' id='line_1_77' title="bbox 2030 2958 3626 3038; baseline 0.007 -27"><span class='ocrx_word' id='word_1_627' title='bbox 2030 2958 2142 3012; x_wconf 90' lang='lat' dir='ltr'>ait:</span> <span class='ocrx_word' id='word_1_628' title='bbox 2176 2961 2326 3012; x_wconf 87' lang='lat' dir='ltr'>Juste</span> <span class='ocrx_word' id='word_1_629' title='bbox 2358 2972 2405 3012; x_wconf 82' lang='lat' dir='ltr'>et</span> <span class='ocrx_word' id='word_1_630' title='bbox 2435 2962 2524 3027; x_wconf 87' lang='lat' dir='ltr'>pie</span> <span class='ocrx_word' id='word_1_631' title='bbox 2551 2963 2822 3027; x_wconf 84' lang='lat' dir='ltr'>vivamus,</span> <span class='ocrx_word' id='word_1_632' title='bbox 2853 2967 3212 3031; x_wconf 68' lang='lat' dir='ltr'>exspectantes</span> <span class='ocrx_word' id='word_1_633' title='bbox 3245 2966 3455 3020; x_wconf 82' lang='lat' dir='ltr'>beatam</span> <span class='ocrx_word' id='word_1_634' title='bbox 3479 2983 3626 3038; x_wconf 81' lang='lat' dir='ltr'>spem</span> 
     </span>
    </p>
   </div>
   <div class='ocr_carea' id='block_1_78' title="bbox 2030 3048 3005 3119">
    <p class='ocr_par' dir='ltr' id='par_1_78' title="bbox 2030 3048 3005 3119">
     <span class='ocr_line' id='line_1_78' title="bbox 2030 3048 3005 3119; baseline 0.002 -18"><span class='ocrx_word' id='word_1_635' title='bbox 2030 3053 2079 3101; x_wconf 87' lang='lat' dir='ltr'>et</span> <span class='ocrx_word' id='word_1_636' title='bbox 2105 3049 2404 3101; x_wconf 87' lang='lat' dir='ltr'>adventum</span> <span class='ocrx_word' id='word_1_637' title='bbox 2436 3049 2664 3102; x_wconf 81' lang='lat' dir='ltr'>Domini</span> <span class='ocrx_word' id='word_1_638' title='bbox 2688 3049 2825 3116; x_wconf 83' lang='lat' dir='ltr'>(Tit.</span> <span class='ocrx_word' id='word_1_639' title='bbox 2859 3064 2902 3119; x_wconf 82' lang='grc' dir='ltr'>Ι,</span> <span class='ocrx_word' id='word_1_640' title='bbox 2929 3048 3005 3119; x_wconf 73' lang='grc'>2).</span> 
     </span>
    </p>
   </div>
   <div class='ocr_carea' id='block_1_79' title="bbox 2098 3133 3625 3213">
    <p class='ocr_par' dir='ltr' id='par_1_79' title="bbox 2098 3133 3625 3213">
     <span class='ocr_line' id='line_1_79' title="bbox 2098 3133 3625 3213; baseline 0.005 -22"><span class='ocrx_word' id='word_1_641' title='bbox 2098 3133 2152 3191; x_wconf 75' lang='lat'>‘2.</span> <span class='ocrx_word' id='word_1_642' title='bbox 2187 3135 2295 3190; x_wconf 90' lang='lat' dir='ltr'>Sed</span> <span class='ocrx_word' id='word_1_643' title='bbox 2319 3138 2684 3208; x_wconf 69' lang='lat' dir='ltr'>quaerendum</span> <span class='ocrx_word' id='word_1_644' title='bbox 2706 3138 2985 3209; x_wconf 90' lang='lat' dir='ltr'>quomodo</span> <span class='ocrx_word' id='word_1_645' title='bbox 3016 3145 3336 3211; x_wconf 88' lang='lat' dir='ltr'>exspectare</span> <span class='ocrx_word' id='word_1_646' title='bbox 3358 3142 3625 3213; x_wconf 92' lang='lat' dir='ltr'>jubemur</span> 
     </span>
    </p>
   </div>
   <div class='ocr_carea' id='block_1_80' title="bbox 2031 3224 3626 3301">
    <p class='ocr_par' dir='ltr' id='par_1_80' title="bbox 2031 3224 3626 3301">
     <span class='ocr_line' id='line_1_80' title="bbox 2031 3224 3626 3301; baseline 0.008 -25"><span class='ocrx_word' id='word_1_647' title='bbox 2031 3240 2208 3295; x_wconf 91' lang='lat' dir='ltr'>spem,</span> <span class='ocrx_word' id='word_1_648' title='bbox 2232 3224 2290 3278; x_wconf 92' lang='lat' dir='ltr'>in</span> <span class='ocrx_word' id='word_1_649' title='bbox 2323 3242 2434 3295; x_wconf 91' lang='lat' dir='ltr'>qua</span> <span class='ocrx_word' id='word_1_650' title='bbox 2453 3231 2511 3279; x_wconf 90' lang='lat' dir='ltr'>et</span> <span class='ocrx_word' id='word_1_651' title='bbox 2538 3242 2665 3280; x_wconf 89' lang='lat' dir='ltr'>cum</span> <span class='ocrx_word' id='word_1_652' title='bbox 2695 3244 2805 3301; x_wconf 89' lang='lat' dir='ltr'>qua</span> <span class='ocrx_word' id='word_1_653' title='bbox 2829 3227 2950 3297; x_wconf 89' lang='lat' dir='ltr'>jam</span> <span class='ocrx_word' id='word_1_654' title='bbox 2986 3227 3043 3282; x_wconf 92' lang='lat' dir='ltr'>in</span> <span class='ocrx_word' id='word_1_655' title='bbox 3070 3229 3293 3285; x_wconf 86' lang='lat' dir='ltr'>Christo</span> <span class='ocrx_word' id='word_1_656' title='bbox 3335 3233 3517 3287; x_wconf 88' lang='lat' dir='ltr'>renati</span> <span class='ocrx_word' id='word_1_657' title='bbox 3541 3234 3626 3287; x_wconf 89' lang='lat' dir='ltr'>vi-</span> 
     </span>
    </p>
   </div>
   <div class='ocr_carea' id='block_1_81' title="bbox 2030 3312 3625 3390">
    <p class='ocr_par' dir='ltr' id='par_1_81' title="bbox 2030 3312 3625 3390">
     <span class='ocr_line' id='line_1_81' title="bbox 2030 3312 3625 3390; baseline 0.009 -27"><span class='ocrx_word' id='word_1_658' title='bbox 2030 3312 2237 3379; x_wconf 84' lang='lat' dir='ltr'>vimus;</span> <span class='ocrx_word' id='word_1_659' title='bbox 2260 3321 2357 3367; x_wconf 90' lang='lat' dir='ltr'>aut</span> <span class='ocrx_word' id='word_1_660' title='bbox 2383 3314 2635 3385; x_wconf 90' lang='lat' dir='ltr'>nunquid</span> <span class='ocrx_word' id='word_1_661' title='bbox 2666 3315 2787 3369; x_wconf 86' lang='lat' dir='ltr'>sine</span> <span class='ocrx_word' id='word_1_662' title='bbox 2834 3333 2933 3387; x_wconf 85' lang='lat' dir='ltr'>spe</span> <span class='ocrx_word' id='word_1_663' title='bbox 2955 3317 3107 3386; x_wconf 91' lang='lat' dir='ltr'>juste</span> <span class='ocrx_word' id='word_1_664' title='bbox 3136 3318 3338 3390; x_wconf 89' lang='lat' dir='ltr'>pieque</span> <span class='ocrx_word' id='word_1_665' title='bbox 3370 3321 3625 3387; x_wconf 86' lang='lat' dir='ltr'>vivimus,</span> 
     </span>
    </p>
   </div>
   <div class='ocr_carea' id='block_1_82' title="bbox 2032 3402 3627 3478">
    <p class='ocr_par' dir='ltr' id='par_1_82' title="bbox 2032 3402 3627 3478">
     <span class='ocr_line' id='line_1_82' title="bbox 2032 3402 3627 3478; baseline 0.008 -25"><span class='ocrx_word' id='word_1_666' title='bbox 2032 3402 2127 3472; x_wconf 91' lang='lat' dir='ltr'>qui</span> <span class='ocrx_word' id='word_1_667' title='bbox 2147 3407 2334 3455; x_wconf 87' lang='lat' dir='ltr'>tamen</span> <span class='ocrx_word' id='word_1_668' title='bbox 2360 3412 2390 3455; x_wconf 69' lang='grc' dir='ltr'><em>ε</em></span> <span class='ocrx_word' id='word_1_669' title='bbox 2418 3403 2566 3473; x_wconf 90' lang='lat' dir='ltr'>quod</span> <span class='ocrx_word' id='word_1_670' title='bbox 2597 3403 2817 3473; x_wconf 87' lang='lat' dir='ltr'>agimus</span> <span class='ocrx_word' id='word_1_671' title='bbox 2842 3404 2972 3459; x_wconf 90' lang='lat' dir='ltr'>boni</span> <span class='ocrx_word' id='word_1_672' title='bbox 2997 3404 3054 3458; x_wconf 91' lang='lat' dir='ltr'>in</span> <span class='ocrx_word' id='word_1_673' title='bbox 3084 3424 3183 3477; x_wconf 89' lang='lat' dir='ltr'>spe</span> <span class='ocrx_word' id='word_1_674' title='bbox 3212 3409 3469 3478; x_wconf 86' lang='lat' dir='ltr'>agimus?</span> <span class='ocrx_word' id='word_1_675' title='bbox 3492 3411 3561 3465; x_wconf 90' lang='lat' dir='ltr'>Et</span> <span class='ocrx_word' id='word_1_676' title='bbox 3579 3412 3627 3466; x_wconf 89' lang='lat' dir='ltr'>si</span> 
     </span>
    </p>
   </div>
   <div class='ocr_carea' id='block_1_83' title="bbox 2024 3492 3626 3567">
    <p class='ocr_par' dir='ltr' id='par_1_83' title="bbox 2024 3492 3626 3567">
     <span class='ocr_line' id='line_1_83' title="bbox 2024 3492 3626 3567; baseline 0.006 -23"><span class='ocrx_word' id='word_1_677' title='bbox 2024 3492 2140 3562; x_wconf 85' lang='lat' dir='ltr'>jam</span> <span class='ocrx_word' id='word_1_678' title='bbox 2174 3508 2327 3562; x_wconf 90' lang='lat' dir='ltr'>spem</span> <span class='ocrx_word' id='word_1_679' title='bbox 2384 3492 2673 3558; x_wconf 90' lang='lat' dir='ltr'>habemus,</span> <span class='ocrx_word' id='word_1_680' title='bbox 2706 3494 2984 3563; x_wconf 89' lang='lat' dir='ltr'>quomodo</span> <span class='ocrx_word' id='word_1_681' title='bbox 3016 3497 3163 3567; x_wconf 91' lang='lat' dir='ltr'>quod</span> <span class='ocrx_word' id='word_1_682' title='bbox 3204 3497 3495 3565; x_wconf 90' lang='lat' dir='ltr'>habemus,</span> <span class='ocrx_word' id='word_1_683' title='bbox 3530 3517 3626 3554; x_wconf 89' lang='lat' dir='ltr'>ex-</span> 
     </span>
    </p>
   </div>
   <div class='ocr_carea' id='block_1_84' title="bbox 2032 3580 3625 3657">
    <p class='ocr_par' dir='ltr' id='par_1_84' title="bbox 2032 3580 3625 3657">
     <span class='ocr_line' id='line_1_84' title="bbox 2032 3580 3625 3657; baseline 0.004 -21"><span class='ocrx_word' id='word_1_684' title='bbox 2032 3581 2382 3649; x_wconf 78' lang='lat' dir='ltr'>spectamus?</span> <span class='ocrx_word' id='word_1_685' title='bbox 2406 3580 2488 3633; x_wconf 90' lang='lat' dir='ltr'>vel</span> <span class='ocrx_word' id='word_1_686' title='bbox 2518 3583 2773 3655; x_wconf 90' lang='lat' dir='ltr'>nunquid</span> <span class='ocrx_word' id='word_1_687' title='bbox 2799 3583 2923 3648; x_wconf 85' lang='lat' dir='ltr'>ista,</span> <span class='ocrx_word' id='word_1_688' title='bbox 2961 3601 3085 3655; x_wconf 75' lang='lat' dir='ltr'>qua:</span> <span class='ocrx_word' id='word_1_689' title='bbox 3118 3584 3625 3657; x_wconf 68' lang='lat' dir='ltr'>impraesentiarum</span> 
     </span>
    </p>
   </div>
   <div class='ocr_carea' id='block_1_85' title="bbox 2032 3670 3625 3749">
    <p class='ocr_par' dir='ltr' id='par_1_85' title="bbox 2032 3670 3625 3749">
     <span class='ocr_line' id='line_1_85' title="bbox 2032 3670 3625 3749; baseline 0.007 -28"><span class='ocrx_word' id='word_1_690' title='bbox 2032 3676 2135 3734; x_wconf 89' lang='lat' dir='ltr'>est,</span> <span class='ocrx_word' id='word_1_691' title='bbox 2162 3670 2369 3725; x_wconf 88' lang='lat' dir='ltr'>misera</span> <span class='ocrx_word' id='word_1_692' title='bbox 2415 3677 2526 3737; x_wconf 91' lang='lat' dir='ltr'>est;</span> <span class='ocrx_word' id='word_1_693' title='bbox 2559 3678 2615 3725; x_wconf 89' lang='lat' dir='ltr'>et</span> <span class='ocrx_word' id='word_1_694' title='bbox 2647 3672 2757 3737; x_wconf 89' lang='lat' dir='ltr'>illa,</span> <span class='ocrx_word' id='word_1_695' title='bbox 2783 3689 2906 3749; x_wconf 71' lang='lat' dir='ltr'>qua:</span> <span class='ocrx_word' id='word_1_696' title='bbox 2955 3673 3012 3727; x_wconf 93' lang='lat' dir='ltr'>in</span> <span class='ocrx_word' id='word_1_697' title='bbox 3060 3675 3251 3728; x_wconf 88' lang='lat' dir='ltr'>futuro</span> <span class='ocrx_word' id='word_1_698' title='bbox 3292 3683 3397 3742; x_wconf 90' lang='lat' dir='ltr'>est,</span> <span class='ocrx_word' id='word_1_699' title='bbox 3430 3693 3625 3748; x_wconf 86' lang='lat' dir='ltr'>exspe-</span> 
     </span>
    </p>
   </div>
   <div class='ocr_carea' id='block_1_86' title="bbox 2032 3756 3626 3835">
    <p class='ocr_par' dir='ltr' id='par_1_86' title="bbox 2032 3756 3626 3835">
     <span class='ocr_line' id='line_1_86' title="bbox 2032 3756 3626 3835; baseline 0.006 -26"><span class='ocrx_word' id='word_1_700' title='bbox 2032 3762 2217 3810; x_wconf 88' lang='lat' dir='ltr'>ctatur</span> <span class='ocrx_word' id='word_1_701' title='bbox 2236 3756 2435 3811; x_wconf 83' lang='lat' dir='ltr'>beata?</span> <span class='ocrx_word' id='word_1_702' title='bbox 2462 3758 2830 3830; x_wconf 80' lang='lat' dir='ltr'>Nequaquam</span> <span class='ocrx_word' id='word_1_703' title='bbox 2864 3760 3037 3829; x_wconf 86' lang='lat' dir='ltr'>igitur</span> <span class='ocrx_word' id='word_1_704' title='bbox 3069 3762 3173 3815; x_wconf 93' lang='lat' dir='ltr'>hoc</span> <span class='ocrx_word' id='word_1_705' title='bbox 3204 3762 3457 3828; x_wconf 86' lang='lat' dir='ltr'>dixerim,</span> <span class='ocrx_word' id='word_1_706' title='bbox 3494 3766 3626 3835; x_wconf 90' lang='lat' dir='ltr'>quia</span> 
     </span>
    </p>
   </div>
   <div class='ocr_carea' id='block_1_87' title="bbox 2030 3845 3625 3920">
    <p class='ocr_par' dir='ltr' id='par_1_87' title="bbox 2030 3845 3625 3920">
     <span class='ocr_line' id='line_1_87' title="bbox 2030 3845 3625 3920; baseline 0.004 -20"><span class='ocrx_word' id='word_1_707' title='bbox 2030 3845 2479 3900; x_wconf 81' lang='lat' dir='ltr'>Christianorum</span> <span class='ocrx_word' id='word_1_708' title='bbox 2507 3863 2619 3900; x_wconf 89' lang='lat' dir='ltr'>una</span> <span class='ocrx_word' id='word_1_709' title='bbox 2650 3854 2739 3901; x_wconf 89' lang='lat' dir='ltr'>cst</span> <span class='ocrx_word' id='word_1_710' title='bbox 2762 3865 2907 3920; x_wconf 89' lang='lat' dir='ltr'>spes,</span> <span class='ocrx_word' id='word_1_711' title='bbox 2943 3849 3088 3903; x_wconf 89' lang='lat' dir='ltr'>sicut</span> <span class='ocrx_word' id='word_1_712' title='bbox 3117 3856 3174 3904; x_wconf 89' lang='lat' dir='ltr'>et</span> <span class='ocrx_word' id='word_1_713' title='bbox 3198 3868 3312 3905; x_wconf 89' lang='lat' dir='ltr'>una</span> <span class='ocrx_word' id='word_1_714' title='bbox 3339 3853 3496 3906; x_wconf 87' lang='lat' dir='ltr'>fides.</span> <span class='ocrx_word' id='word_1_715' title='bbox 3532 3853 3625 3907; x_wconf 93' lang='lat' dir='ltr'>Id-</span> 
     </span>
    </p>
   </div>
   <div class='ocr_carea' id='block_1_88' title="bbox 2031 3933 3620 4011">
    <p class='ocr_par' dir='ltr' id='par_1_88' title="bbox 2031 3933 3620 4011">
     <span class='ocr_line' id='line_1_88' title="bbox 2031 3933 3620 4011; baseline 0.004 -22"><span class='ocrx_word' id='word_1_716' title='bbox 2031 3934 2175 3989; x_wconf 90' lang='lat' dir='ltr'>circo</span> <span class='ocrx_word' id='word_1_717' title='bbox 2204 3950 2330 4005; x_wconf 91' lang='lat' dir='ltr'>spes</span> <span class='ocrx_word' id='word_1_718' title='bbox 2357 3933 2466 3987; x_wconf 83' lang='lat' dir='ltr'>ista</span> <span class='ocrx_word' id='word_1_719' title='bbox 2495 3933 2542 4001; x_wconf 62' lang='grc' dir='ltr'>ἢ,</span> <span class='ocrx_word' id='word_1_720' title='bbox 2567 3951 2678 4011; x_wconf 83' lang='lat' dir='ltr'>qua</span> <span class='ocrx_word' id='word_1_721' title='bbox 2703 3936 3101 4006; x_wconf 90' lang='lat' dir='ltr'>respergimus,</span> <span class='ocrx_word' id='word_1_722' title='bbox 3132 3938 3360 4009; x_wconf 90' lang='lat' dir='ltr'>propria</span> <span class='ocrx_word' id='word_1_723' title='bbox 3389 3945 3475 3994; x_wconf 90' lang='lat' dir='ltr'>est</span> <span class='ocrx_word' id='word_1_724' title='bbox 3503 3940 3620 4007; x_wconf 87' lang='lat' dir='ltr'>illa,</span> 
     </span>
    </p>
   </div>
   <div class='ocr_carea' id='block_1_89' title="bbox 2031 4023 3624 4099">
    <p class='ocr_par' dir='ltr' id='par_1_89' title="bbox 2031 4023 3624 4099">
     <span class='ocr_line' id='line_1_89' title="bbox 2031 4023 3624 4099; baseline 0.003 -22"><span class='ocrx_word' id='word_1_725' title='bbox 2031 4023 2338 4095; x_wconf 89' lang='lat' dir='ltr'>eademque</span> <span class='ocrx_word' id='word_1_726' title='bbox 2375 4039 2544 4096; x_wconf 86' lang='lat' dir='ltr'>quam</span> <span class='ocrx_word' id='word_1_727' title='bbox 2586 4031 2971 4097; x_wconf 86' lang='lat' dir='ltr'>exspectamus</span> <span class='ocrx_word' id='word_1_728' title='bbox 3002 4044 3014 4078; x_wconf 92' lang='lat'>:</span> <span class='ocrx_word' id='word_1_729' title='bbox 3053 4027 3319 4097; x_wconf 90' lang='lat' dir='ltr'>quoniam</span> <span class='ocrx_word' id='word_1_730' title='bbox 3350 4045 3417 4082; x_wconf 86' lang='lat' dir='ltr'>ex</span> <span class='ocrx_word' id='word_1_731' title='bbox 3447 4028 3624 4099; x_wconf 90' lang='lat' dir='ltr'>ipsius</span> 
     </span>
    </p>
   </div>
   <div class='ocr_carea' id='block_1_90' title="bbox 2028 4111 3627 4189">
    <p class='ocr_par' dir='ltr' id='par_1_90' title="bbox 2028 4111 3627 4189">
     <span class='ocr_line' id='line_1_90' title="bbox 2028 4111 3627 4189; baseline 0.004 -23"><span class='ocrx_word' id='word_1_732' title='bbox 2028 4111 2281 4169; x_wconf 88' lang='lat' dir='ltr'>claritate</span> <span class='ocrx_word' id='word_1_733' title='bbox 2310 4111 2323 4151; x_wconf 82' lang='grc' dir='ltr'><strong>ί</strong></span> <span class='ocrx_word' id='word_1_734' title='bbox 2354 4111 2560 4168; x_wconf 89' lang='lat' dir='ltr'>nostris</span> <span class='ocrx_word' id='word_1_735' title='bbox 2606 4112 2665 4166; x_wconf 89' lang='lat' dir='ltr'>in</span> <span class='ocrx_word' id='word_1_736' title='bbox 2713 4113 2972 4169; x_wconf 90' lang='lat' dir='ltr'>cordibus</span> <span class='ocrx_word' id='word_1_737' title='bbox 3016 4115 3341 4171; x_wconf 90' lang='lat' dir='ltr'>relucescit:</span> <span class='ocrx_word' id='word_1_738' title='bbox 3377 4116 3627 4189; x_wconf 86' lang='lat' dir='ltr'>alioquin</span> 
     </span>
    </p>
   </div>
   <div class='ocr_carea' id='block_1_91' title="bbox 2028 4202 3627 4276">
    <p class='ocr_par' dir='ltr' id='par_1_91' title="bbox 2028 4202 3627 4276">
     <span class='ocr_line' id='line_1_91' title="bbox 2028 4202 3627 4276; baseline 0.005 -22"><span class='ocrx_word' id='word_1_739' title='bbox 2028 4202 2197 4265; x_wconf 88' lang='lat' dir='ltr'>calor,</span> <span class='ocrx_word' id='word_1_740' title='bbox 2222 4202 2367 4257; x_wconf 91' lang='lat' dir='ltr'>sicut</span> <span class='ocrx_word' id='word_1_741' title='bbox 2389 4218 2675 4274; x_wconf 87' lang='lat' dir='ltr'>nunquam</span> <span class='ocrx_word' id='word_1_742' title='bbox 2709 4202 2814 4257; x_wconf 91' lang='lat' dir='ltr'>nisi</span> <span class='ocrx_word' id='word_1_743' title='bbox 2861 4220 2926 4257; x_wconf 89' lang='lat' dir='ltr'>ex</span> <span class='ocrx_word' id='word_1_744' title='bbox 2976 4203 3106 4276; x_wconf 89' lang='lat' dir='ltr'>igne</span> <span class='ocrx_word' id='word_1_745' title='bbox 3135 4210 3236 4270; x_wconf 89' lang='lat' dir='ltr'>est,</span> <span class='ocrx_word' id='word_1_746' title='bbox 3270 4212 3327 4260; x_wconf 89' lang='lat' dir='ltr'>et</span> <span class='ocrx_word' id='word_1_747' title='bbox 3356 4206 3448 4261; x_wconf 91' lang='lat' dir='ltr'>lux</span> <span class='ocrx_word' id='word_1_748' title='bbox 3477 4223 3627 4261; x_wconf 90' lang='lat' dir='ltr'>nun-</span> 
     </span>
    </p>
   </div>
   <div class='ocr_carea' id='block_1_92' title="bbox 345 4281 3627 4367">
    <p class='ocr_par' dir='ltr' id='par_1_92' title="bbox 345 4281 3627 4367">
     <span class='ocr_line' id='line_1_92' title="bbox 345 4281 3627 4367; baseline 0.002 -23"><span class='ocrx_word' id='word_1_749' title='bbox 345 4290 487 4362; x_wconf 84' lang='lat' dir='ltr'>quia</span> <span class='ocrx_word' id='word_1_750' title='bbox 517 4291 573 4347; x_wconf 90' lang='lat' dir='ltr'>in</span> <span class='ocrx_word' id='word_1_751' title='bbox 608 4291 712 4346; x_wconf 89' lang='lat' dir='ltr'>hoc</span> <span class='ocrx_word' id='word_1_752' title='bbox 734 4290 1025 4345; x_wconf 86' lang='lat' dir='ltr'>constituti</span> <span class='ocrx_word' id='word_1_753' title='bbox 1055 4307 1250 4345; x_wconf 89' lang='lat' dir='ltr'>sumus</span> <span class='ocrx_word' id='word_1_754' title='bbox 1280 4308 1345 4344; x_wconf 87' lang='lat' dir='ltr'>ex</span> <span class='ocrx_word' id='word_1_755' title='bbox 1372 4290 1511 4360; x_wconf 91' lang='lat' dir='ltr'>ipso,</span> <span class='ocrx_word' id='word_1_756' title='bbox 1547 4295 1603 4344; x_wconf 91' lang='lat' dir='ltr'>et</span> <span class='ocrx_word' id='word_1_757' title='bbox 1632 4289 1689 4347; x_wconf 91' lang='lat' dir='ltr'>in</span> <span class='ocrx_word' id='word_1_758' title='bbox 1718 4290 1858 4361; x_wconf 89' lang='lat' dir='ltr'>ipso,</span> <span class='ocrx_word' id='word_1_759' title='bbox 1892 4281 2197 4362; x_wconf 86' lang='lat' dir='ltr'>ethuam</span> <span class='ocrx_word' id='word_1_760' title='bbox 2237 4290 2347 4345; x_wconf 92' lang='lat' dir='ltr'>nisi</span> <span class='ocrx_word' id='word_1_761' title='bbox 2394 4307 2458 4344; x_wconf 93' lang='lat' dir='ltr'>ex</span> <span class='ocrx_word' id='word_1_762' title='bbox 2512 4290 2723 4347; x_wconf 89' lang='lat' dir='ltr'>lumine</span> <span class='ocrx_word' id='word_1_763' title='bbox 2747 4292 2784 4358; x_wconf 83' lang='lat' dir='ltr'>i,</span> <span class='ocrx_word' id='word_1_764' title='bbox 2823 4292 2903 4346; x_wconf 93' lang='lat' dir='ltr'>sic</span> <span class='ocrx_word' id='word_1_765' title='bbox 2948 4292 3139 4364; x_wconf 89' lang='lat' dir='ltr'>itaque</span> <span class='ocrx_word' id='word_1_766' title='bbox 3168 4311 3295 4365; x_wconf 90' lang='lat' dir='ltr'>spes</span> <span class='ocrx_word' id='word_1_767' title='bbox 3350 4295 3479 4364; x_wconf 89' lang='lat' dir='ltr'>ista,</span> <span class='ocrx_word' id='word_1_768' title='bbox 3514 4312 3627 4367; x_wconf 87' lang='lat' dir='ltr'>qua</span> 
     </span>
    </p>
   </div>
   <div class='ocr_carea' id='block_1_93' title="bbox 343 4378 1836 4454">
    <p class='ocr_par' dir='ltr' id='par_1_93' title="bbox 343 4378 1836 4454">
     <span class='ocr_line' id='line_1_93' title="bbox 343 4378 1836 4454; baseline -0.001 -21"><span class='ocrx_word' id='word_1_769' title='bbox 343 4397 454 4454; x_wconf 89' lang='lat' dir='ltr'>per</span> <span class='ocrx_word' id='word_1_770' title='bbox 475 4379 681 4451; x_wconf 90' lang='lat' dir='ltr'>ipsum,</span> <span class='ocrx_word' id='word_1_771' title='bbox 704 4386 768 4433; x_wconf 90' lang='lat' dir='ltr'>ut</span> <span class='ocrx_word' id='word_1_772' title='bbox 789 4392 813 4421; x_wconf 77' lang='grc' dir='ltr'><strong><em>ο</em></strong></span> <span class='ocrx_word' id='word_1_773' title='bbox 845 4396 966 4451; x_wconf 65' lang='lat' dir='ltr'>quae</span> <span class='ocrx_word' id='word_1_774' title='bbox 997 4379 1340 4453; x_wconf 88' lang='lat' dir='ltr'>sempiterna</span> <span class='ocrx_word' id='word_1_775' title='bbox 1368 4384 1501 4433; x_wconf 91' lang='lat' dir='ltr'>sunt</span> <span class='ocrx_word' id='word_1_776' title='bbox 1530 4378 1836 4451; x_wconf 79' lang='lat' dir='ltr'>capiamus.</span> 
     </span>
    </p>
   </div>
   <div class='ocr_carea' id='block_1_94' title="bbox 984 4504 1324 4561">
    <p class='ocr_par' dir='ltr' id='par_1_94' title="bbox 984 4504 1324 4561">
     <span class='ocr_line' id='line_1_94' title="bbox 984 4504 1324 4561; baseline 0.003 -2"><span class='ocrx_word' id='word_1_777' title='bbox 984 4505 1219 4561; x_wconf 82' lang='lat' dir='ltr'>CAPUT</span> <span class='ocrx_word' id='word_1_778' title='bbox 1257 4504 1324 4560; x_wconf 86' lang='lat' dir='ltr'>V.</span> 
     </span>
    </p>
   </div>
   <div class='ocr_carea' id='block_1_95' title="bbox 344 4628 1951 4700">
    <p class='ocr_par' dir='ltr' id='par_1_95' title="bbox 344 4628 1951 4700">
     <span class='ocr_line' id='line_1_95' title="bbox 344 4628 1951 4700; baseline -0.001 -17"><span class='ocrx_word' id='word_1_779' title='bbox 344 4633 499 4700; x_wconf 78' lang='lat' dir='ltr'>Quid</span> <span class='ocrx_word' id='word_1_780' title='bbox 517 4633 589 4685; x_wconf 86' lang='lat' dir='ltr'>sit</span> <span class='ocrx_word' id='word_1_781' title='bbox 616 4632 761 4685; x_wconf 87' lang='lat' dir='ltr'>inter</span> <span class='ocrx_word' id='word_1_782' title='bbox 777 4646 923 4700; x_wconf 84' lang='lat' dir='ltr'>spem</span> <span class='ocrx_word' id='word_1_783' title='bbox 945 4645 1133 4683; x_wconf 84' lang='lat' dir='ltr'>veram</span> <span class='ocrx_word' id='word_1_784' title='bbox 1148 4631 1474 4698; x_wconf 63' lang='lat' dir='ltr'>falsamque,</span> <span class='ocrx_word' id='word_1_785' title='bbox 1490 4628 1573 4682; x_wconf 85' lang='lat' dir='ltr'>vel</span> <span class='ocrx_word' id='word_1_786' title='bbox 1586 4630 1636 4682; x_wconf 85' lang='lat' dir='ltr'>si</span> <span class='ocrx_word' id='word_1_787' title='bbox 1654 4628 1769 4683; x_wconf 81' lang='lat' dir='ltr'>dici</span> <span class='ocrx_word' id='word_1_788' title='bbox 1788 4634 1951 4697; x_wconf 85' lang='lat' dir='ltr'>queat</span> 
     </span>
    </p>
   </div>
   <div class='ocr_carea' id='block_1_96' title="bbox 860 4718 1437 4788">
    <p class='ocr_par' dir='ltr' id='par_1_96' title="bbox 860 4718 1437 4788">
     <span class='ocr_line' id='line_1_96' title="bbox 860 4718 1437 4788; baseline -0.002 -17"><span class='ocrx_word' id='word_1_789' title='bbox 860 4735 993 4788; x_wconf 86' lang='lat' dir='ltr'>spes,</span> <span class='ocrx_word' id='word_1_790' title='bbox 1020 4720 1134 4771; x_wconf 88' lang='lat' dir='ltr'>nisi</span> <span class='ocrx_word' id='word_1_791' title='bbox 1161 4721 1225 4772; x_wconf 88' lang='lat' dir='ltr'>in</span> <span class='ocrx_word' id='word_1_792' title='bbox 1245 4718 1437 4772; x_wconf 84' lang='lat' dir='ltr'>Deum.</span> 
     </span>
    </p>
   </div>
   <div class='ocr_carea' id='block_1_97' title="bbox 421 4820 1950 4901">
    <p class='ocr_par' dir='ltr' id='par_1_97' title="bbox 421 4820 1950 4901">
     <span class='ocr_line' id='line_1_97' title="bbox 421 4820 1950 4901; baseline -0.002 -19"><span class='ocrx_word' id='word_1_793' title='bbox 421 4828 472 4882; x_wconf 80' lang='grc'>1.</span> <span class='ocrx_word' id='word_1_794' title='bbox 512 4827 667 4882; x_wconf 89' lang='lat' dir='ltr'>Inter</span> <span class='ocrx_word' id='word_1_795' title='bbox 692 4843 847 4901; x_wconf 88' lang='lat' dir='ltr'>spem</span> <span class='ocrx_word' id='word_1_796' title='bbox 880 4841 1067 4881; x_wconf 86' lang='lat' dir='ltr'>veram</span> <span class='ocrx_word' id='word_1_797' title='bbox 1093 4825 1402 4896; x_wconf 83' lang='lat' dir='ltr'>falsamque</span> <span class='ocrx_word' id='word_1_798' title='bbox 1418 4823 1672 4880; x_wconf 87' lang='lat' dir='ltr'>eamdem</span> <span class='ocrx_word' id='word_1_799' title='bbox 1687 4820 1950 4879; x_wconf 89' lang='lat' dir='ltr'>substan-</span> 
     </span>
    </p>
   </div>
   <div class='ocr_carea' id='block_1_98' title="bbox 342 4912 1948 4989">
    <p class='ocr_par' dir='ltr' id='par_1_98' title="bbox 342 4912 1948 4989">
     <span class='ocr_line' id='line_1_98' title="bbox 342 4912 1948 4989; baseline -0.003 -18"><span class='ocrx_word' id='word_1_800' title='bbox 342 4918 693 4989; x_wconf 85' lang='lat' dir='ltr'>tiam,quam</span> <span class='ocrx_word' id='word_1_801' title='bbox 724 4921 781 4970; x_wconf 92' lang='lat' dir='ltr'>et</span> <span class='ocrx_word' id='word_1_802' title='bbox 803 4914 952 4971; x_wconf 83' lang='lat' dir='ltr'>inter</span> <span class='ocrx_word' id='word_1_803' title='bbox 975 4931 1162 4969; x_wconf 87' lang='lat' dir='ltr'>veram</span> <span class='ocrx_word' id='word_1_804' title='bbox 1188 4914 1494 4986; x_wconf 86' lang='lat' dir='ltr'>falsamque</span> <span class='ocrx_word' id='word_1_805' title='bbox 1524 4913 1713 4978; x_wconf 92' lang='lat' dir='ltr'>ﬁdem,</span> <span class='ocrx_word' id='word_1_806' title='bbox 1746 4912 1948 4967; x_wconf 91' lang='lat' dir='ltr'>divinis</span> 
     </span>
    </p>
   </div>
   <div class='ocr_carea' id='block_1_99' title="bbox 344 5001 1951 5080">
    <p class='ocr_par' dir='ltr' id='par_1_99' title="bbox 344 5001 1951 5080">
     <span class='ocr_line' id='line_1_99' title="bbox 344 5001 1951 5080; baseline -0.005 -18"><span class='ocrx_word' id='word_1_807' title='bbox 344 5003 786 5080; x_wconf 74' lang='lat' dir='ltr'>comprobemus</span> <span class='ocrx_word' id='word_1_808' title='bbox 833 5004 1104 5076; x_wconf 83' lang='lat' dir='ltr'>eloquiis:</span> <span class='ocrx_word' id='word_1_809' title='bbox 1138 5008 1224 5057; x_wconf 91' lang='lat' dir='ltr'>est</span> <span class='ocrx_word' id='word_1_810' title='bbox 1261 5019 1506 5079; x_wconf 83' lang='lat' dir='ltr'>namque</span> <span class='ocrx_word' id='word_1_811' title='bbox 1552 5018 1686 5056; x_wconf 88' lang='lat' dir='ltr'>vera</span> <span class='ocrx_word' id='word_1_812' title='bbox 1715 5001 1854 5057; x_wconf 87' lang='lat' dir='ltr'>ﬁdes</span> <span class='ocrx_word' id='word_1_813' title='bbox 1882 5002 1951 5055; x_wconf 92' lang='lat' dir='ltr'>de</span> 
     </span>
    </p>
   </div>
   <div class='ocr_carea' id='block_1_100' title="bbox 423 5147 1465 5215">
    <p class='ocr_par' dir='ltr' id='par_1_100' title="bbox 423 5147 1465 5215">
     <span class='ocr_line' id='line_1_100' title="bbox 423 5147 1465 5215; baseline -0.003 -13"><span class='ocrx_word' id='word_1_814' title='bbox 423 5156 441 5177; x_wconf 82' lang='lat'>&#39;</span> <span class='ocrx_word' id='word_1_815' title='bbox 471 5148 643 5213; x_wconf 90' lang='lat' dir='ltr'>Edit.,</span> <span class='ocrx_word' id='word_1_816' title='bbox 668 5163 780 5202; x_wconf 89' lang='lat' dir='ltr'>non</span> <span class='ocrx_word' id='word_1_817' title='bbox 811 5148 927 5201; x_wconf 85' lang='lat' dir='ltr'>ideo</span> <span class='ocrx_word' id='word_1_818' title='bbox 955 5147 1151 5201; x_wconf 84' lang='lat' dir='ltr'>habere</span> <span class='ocrx_word' id='word_1_819' title='bbox 1174 5148 1465 5215; x_wconf 69' lang='lat' dir='ltr'>possimus.</span> 
     </span>
    </p>
   </div>
   <div class='ocr_carea' id='block_1_101' title="bbox 424 5219 962 5288">
    <p class='ocr_par' dir='ltr' id='par_1_101' title="bbox 424 5219 962 5288">
     <span class='ocr_line' id='line_1_101' title="bbox 424 5219 962 5288; baseline -0.006 -14"><span class='ocrx_word' id='word_1_820' title='bbox 424 5219 451 5259; x_wconf 70' lang='grc' dir='ltr'>δ</span> <span class='ocrx_word' id='word_1_821' title='bbox 473 5219 647 5288; x_wconf 85' lang='lat' dir='ltr'>Editi,</span> <span class='ocrx_word' id='word_1_822' title='bbox 676 5221 962 5288; x_wconf 88' lang='lat' dir='ltr'>quoniam.</span> 
     </span>
    </p>
   </div>
   <div class='ocr_carea' id='block_1_102' title="bbox 419 5288 1658 5356">
    <p class='ocr_par' dir='ltr' id='par_1_102' title="bbox 419 5288 1658 5356">
     <span class='ocr_line' id='line_1_102' title="bbox 419 5288 1658 5356; baseline 0.002 -17"><span class='ocrx_word' id='word_1_823' title='bbox 419 5310 444 5339; x_wconf 79' lang='grc' dir='ltr'><strong>ο</strong></span> <span class='ocrx_word' id='word_1_824' title='bbox 473 5290 648 5355; x_wconf 84' lang='lat' dir='ltr'>Edit.,</span> <span class='ocrx_word' id='word_1_825' title='bbox 689 5305 786 5343; x_wconf 84' lang='lat' dir='ltr'>nec</span> <span class='ocrx_word' id='word_1_826' title='bbox 812 5291 1111 5356; x_wconf 78' lang='lat' dir='ltr'>deﬁcientes</span> <span class='ocrx_word' id='word_1_827' title='bbox 1137 5290 1263 5355; x_wconf 82' lang='lat' dir='ltr'>iter;</span> <span class='ocrx_word' id='word_1_828' title='bbox 1288 5288 1427 5347; x_wconf 79' lang='lat' dir='ltr'>dum</span> <span class='ocrx_word' id='word_1_829' title='bbox 1451 5291 1658 5345; x_wconf 68' lang='lat' dir='ltr'>autem.</span> 
     </span>
    </p>
   </div>
   <div class='ocr_carea' id='block_1_103' title="bbox 420 5360 988 5425">
    <p class='ocr_par' dir='ltr' id='par_1_103' title="bbox 420 5360 988 5425">
     <span class='ocr_line' id='line_1_103' title="bbox 420 5360 988 5425; baseline -0.009 -6"><span class='ocrx_word' id='word_1_830' title='bbox 420 5360 452 5402; x_wconf 70' lang='grc' dir='ltr'><strong><em>ἀ</em></strong></span> <span class='ocrx_word' id='word_1_831' title='bbox 480 5360 654 5425; x_wconf 75' lang='lat' dir='ltr'>Edit.,</span> <span class='ocrx_word' id='word_1_832' title='bbox 684 5363 988 5417; x_wconf 72' lang='lat' dir='ltr'>nimirum.</span> 
     </span>
    </p>
   </div>
   <div class='ocr_carea' id='block_1_104' title="bbox 420 5430 1023 5488">
    <p class='ocr_par' dir='ltr' id='par_1_104' title="bbox 420 5430 1023 5488">
     <span class='ocr_line' id='line_1_104' title="bbox 420 5430 1023 5488; baseline -0.008 0"><span class='ocrx_word' id='word_1_833' title='bbox 420 5442 447 5475; x_wconf 81' lang='grc'><strong><em>⁸</em></strong></span> <span class='ocrx_word' id='word_1_834' title='bbox 474 5432 538 5488; x_wconf 92' lang='lat' dir='ltr'>In</span> <span class='ocrx_word' id='word_1_835' title='bbox 570 5430 737 5487; x_wconf 87' lang='lat' dir='ltr'>editis</span> <span class='ocrx_word' id='word_1_836' title='bbox 765 5431 925 5487; x_wconf 87' lang='lat' dir='ltr'>deest</span> <span class='ocrx_word' id='word_1_837' title='bbox 942 5436 1023 5485; x_wconf 91' lang='lat' dir='ltr'>ut.</span> 
     </span>
    </p>
   </div>
   <div class='ocr_carea' id='block_1_105' title="bbox 2031 4379 3625 4455">
    <p class='ocr_par' dir='ltr' id='par_1_105' title="bbox 2031 4379 3625 4455">
     <span class='ocr_line' id='line_1_105' title="bbox 2031 4379 3625 4455; baseline 0.004 -24"><span class='ocrx_word' id='word_1_838' title='bbox 2031 4379 2439 4453; x_wconf 86' lang='lat' dir='ltr'>perfundimur,</span> <span class='ocrx_word' id='word_1_839' title='bbox 2459 4396 2571 4433; x_wconf 92' lang='lat' dir='ltr'>non</span> <span class='ocrx_word' id='word_1_840' title='bbox 2601 4380 2707 4434; x_wconf 91' lang='lat' dir='ltr'>nisi</span> <span class='ocrx_word' id='word_1_841' title='bbox 2732 4397 2796 4435; x_wconf 89' lang='lat' dir='ltr'>ex</span> <span class='ocrx_word' id='word_1_842' title='bbox 2816 4381 2932 4436; x_wconf 93' lang='lat' dir='ltr'>Deo</span> <span class='ocrx_word' id='word_1_843' title='bbox 2955 4389 3075 4446; x_wconf 89' lang='lat' dir='ltr'>est;</span> <span class='ocrx_word' id='word_1_844' title='bbox 3114 4383 3256 4436; x_wconf 88' lang='lat' dir='ltr'>Deus</span> <span class='ocrx_word' id='word_1_845' title='bbox 3286 4390 3474 4438; x_wconf 88' lang='lat' dir='ltr'>autem</span> <span class='ocrx_word' id='word_1_846' title='bbox 3496 4400 3625 4455; x_wconf 90' lang='lat' dir='ltr'>spes</span> 
     </span>
    </p>
   </div>
   <div class='ocr_carea' id='block_1_106' title="bbox 2031 4466 3627 4541">
    <p class='ocr_par' dir='ltr' id='par_1_106' title="bbox 2031 4466 3627 4541">
     <span class='ocr_line' id='line_1_106' title="bbox 2031 4466 3627 4541; baseline 0.004 -20"><span class='ocrx_word' id='word_1_847' title='bbox 2031 4472 2223 4522; x_wconf 90' lang='lat' dir='ltr'>nostra</span> <span class='ocrx_word' id='word_1_848' title='bbox 2248 4473 2350 4533; x_wconf 91' lang='lat' dir='ltr'>est,</span> <span class='ocrx_word' id='word_1_849' title='bbox 2379 4474 2433 4523; x_wconf 89' lang='lat' dir='ltr'>et</span> <span class='ocrx_word' id='word_1_850' title='bbox 2474 4466 2598 4527; x_wconf 89' lang='lat' dir='ltr'>ideo</span> <span class='ocrx_word' id='word_1_851' title='bbox 2628 4486 2754 4539; x_wconf 90' lang='lat' dir='ltr'>spes</span> <span class='ocrx_word' id='word_1_852' title='bbox 2782 4476 2975 4524; x_wconf 87' lang='lat' dir='ltr'>nostra</span> <span class='ocrx_word' id='word_1_853' title='bbox 3003 4471 3509 4541; x_wconf 76' lang='lat' dir='ltr'>impraesentiarum</span> <span class='ocrx_word' id='word_1_854' title='bbox 3537 4478 3627 4527; x_wconf 86' lang='lat' dir='ltr'>est</span> 
     </span>
    </p>
   </div>
   <div class='ocr_carea' id='block_1_107' title="bbox 2033 4556 3620 4631">
    <p class='ocr_par' dir='ltr' id='par_1_107' title="bbox 2033 4556 3620 4631">
     <span class='ocr_line' id='line_1_107' title="bbox 2033 4556 3620 4631; baseline 0.003 -22"><span class='ocrx_word' id='word_1_855' title='bbox 2033 4560 2091 4609; x_wconf 93' lang='lat' dir='ltr'>et</span> <span class='ocrx_word' id='word_1_856' title='bbox 2116 4559 2501 4625; x_wconf 84' lang='lat' dir='ltr'>exspectatur:</span> <span class='ocrx_word' id='word_1_857' title='bbox 2534 4556 2819 4631; x_wconf 87' lang='lat' dir='ltr'>quoniam,</span> <span class='ocrx_word' id='word_1_858' title='bbox 2854 4558 2958 4611; x_wconf 90' lang='lat' dir='ltr'>etsi</span> <span class='ocrx_word' id='word_1_859' title='bbox 2989 4574 3115 4629; x_wconf 90' lang='lat' dir='ltr'>spes</span> <span class='ocrx_word' id='word_1_860' title='bbox 3162 4562 3281 4611; x_wconf 85' lang='lat' dir='ltr'>tam</span> <span class='ocrx_word' id='word_1_861' title='bbox 3310 4556 3380 4612; x_wconf 91' lang='lat' dir='ltr'>de</span> <span class='ocrx_word' id='word_1_862' title='bbox 3408 4558 3620 4625; x_wconf 84' lang='lat' dir='ltr'>futuro,</span> 
     </span>
    </p>
   </div>
   <div class='ocr_carea' id='block_1_108' title="bbox 2033 4642 3628 4719">
    <p class='ocr_par' dir='ltr' id='par_1_108' title="bbox 2033 4642 3628 4719">
     <span class='ocr_line' id='line_1_108' title="bbox 2033 4642 3628 4719; baseline 0.003 -23"><span class='ocrx_word' id='word_1_863' title='bbox 2033 4660 2202 4715; x_wconf 88' lang='lat' dir='ltr'>quam</span> <span class='ocrx_word' id='word_1_864' title='bbox 2250 4649 2307 4696; x_wconf 91' lang='lat' dir='ltr'>et</span> <span class='ocrx_word' id='word_1_865' title='bbox 2334 4643 2403 4697; x_wconf 89' lang='lat' dir='ltr'>de</span> <span class='ocrx_word' id='word_1_866' title='bbox 2453 4642 2683 4698; x_wconf 89' lang='lat' dir='ltr'>absente</span> <span class='ocrx_word' id='word_1_867' title='bbox 2739 4649 2824 4698; x_wconf 86' lang='lat' dir='ltr'>est</span> <span class='ocrx_word' id='word_1_868' title='bbox 2870 4645 3017 4715; x_wconf 88' lang='lat' dir='ltr'>apud</span> <span class='ocrx_word' id='word_1_869' title='bbox 3048 4645 3247 4711; x_wconf 92' lang='lat' dir='ltr'>Deum,</span> <span class='ocrx_word' id='word_1_870' title='bbox 3280 4646 3374 4717; x_wconf 89' lang='lat' dir='ltr'>qui</span> <span class='ocrx_word' id='word_1_871' title='bbox 3402 4662 3628 4719; x_wconf 91' lang='lat' dir='ltr'>semper</span> 
     </span>
    </p>
   </div>
   <div class='ocr_carea' id='block_1_109' title="bbox 2029 4731 3624 4807">
    <p class='ocr_par' dir='ltr' id='par_1_109' title="bbox 2029 4731 3624 4807">
     <span class='ocr_line' id='line_1_109' title="bbox 2029 4731 3624 4807; baseline 0.003 -20"><span class='ocrx_word' id='word_1_872' title='bbox 2029 4748 2276 4807; x_wconf 75' lang='lat' dir='ltr'>praesens</span> <span class='ocrx_word' id='word_1_873' title='bbox 2298 4736 2384 4785; x_wconf 91' lang='lat' dir='ltr'>est</span> <span class='ocrx_word' id='word_1_874' title='bbox 2428 4737 2485 4786; x_wconf 91' lang='lat' dir='ltr'>et</span> <span class='ocrx_word' id='word_1_875' title='bbox 2532 4731 2752 4807; x_wconf 90' lang='lat' dir='ltr'>ubique,</span> <span class='ocrx_word' id='word_1_876' title='bbox 2778 4749 2905 4803; x_wconf 89' lang='lat' dir='ltr'>spes</span> <span class='ocrx_word' id='word_1_877' title='bbox 2936 4741 3128 4787; x_wconf 90' lang='lat' dir='ltr'>nostra</span> <span class='ocrx_word' id='word_1_878' title='bbox 3173 4751 3397 4806; x_wconf 89' lang='lat' dir='ltr'>semper</span> <span class='ocrx_word' id='word_1_879' title='bbox 3424 4736 3485 4790; x_wconf 90' lang='lat' dir='ltr'>in</span> <span class='ocrx_word' id='word_1_880' title='bbox 3525 4736 3624 4792; x_wconf 91' lang='lat' dir='ltr'>illo</span> 
     </span>
    </p>
   </div>
   <div class='ocr_carea' id='block_1_110' title="bbox 2033 4819 3621 4894">
    <p class='ocr_par' dir='ltr' id='par_1_110' title="bbox 2033 4819 3621 4894">
     <span class='ocr_line' id='line_1_110' title="bbox 2033 4819 3621 4894; baseline 0.004 -21"><span class='ocrx_word' id='word_1_881' title='bbox 2033 4826 2133 4874; x_wconf 88' lang='lat' dir='ltr'>est.</span> <span class='ocrx_word' id='word_1_882' title='bbox 2154 4820 2314 4876; x_wconf 90' lang='lat' dir='ltr'>Unde</span> <span class='ocrx_word' id='word_1_883' title='bbox 2346 4819 2521 4879; x_wconf 91' lang='lat' dir='ltr'>donec</span> <span class='ocrx_word' id='word_1_884' title='bbox 2547 4820 2735 4875; x_wconf 87' lang='lat' dir='ltr'>veniat</span> <span class='ocrx_word' id='word_1_885' title='bbox 2780 4820 2939 4875; x_wconf 91' lang='lat' dir='ltr'>nobis</span> <span class='ocrx_word' id='word_1_886' title='bbox 2967 4822 3115 4893; x_wconf 91' lang='lat' dir='ltr'>quod</span> <span class='ocrx_word' id='word_1_887' title='bbox 3145 4823 3486 4894; x_wconf 87' lang='lat' dir='ltr'>promissum</span> <span class='ocrx_word' id='word_1_888' title='bbox 3516 4830 3621 4891; x_wconf 91' lang='lat' dir='ltr'>est,</span> 
     </span>
    </p>
   </div>
   <div class='ocr_carea' id='block_1_111' title="bbox 2033 4909 3624 4982">
    <p class='ocr_par' dir='ltr' id='par_1_111' title="bbox 2033 4909 3624 4982">
     <span class='ocr_line' id='line_1_111' title="bbox 2033 4909 3624 4982; baseline 0.002 -18"><span class='ocrx_word' id='word_1_889' title='bbox 2033 4912 2418 4981; x_wconf 82' lang='lat' dir='ltr'>exspectamus</span> <span class='ocrx_word' id='word_1_890' title='bbox 2430 4909 2653 4965; x_wconf 84' lang='lat' dir='ltr'>beatam</span> <span class='ocrx_word' id='word_1_891' title='bbox 2676 4926 2851 4982; x_wconf 90' lang='lat' dir='ltr'>spem,</span> <span class='ocrx_word' id='word_1_892' title='bbox 2865 4910 3349 4967; x_wconf 86' lang='lat' dir='ltr'>immortalitatem</span> <span class='ocrx_word' id='word_1_893' title='bbox 3368 4912 3624 4967; x_wconf 88' lang='lat' dir='ltr'>videlicet</span> 
     </span>
    </p>
   </div>
   <div class='ocr_carea' id='block_1_112' title="bbox 2033 4997 3623 5070">
    <p class='ocr_par' dir='ltr' id='par_1_112' title="bbox 2033 4997 3623 5070">
     <span class='ocr_line' id='line_1_112' title="bbox 2033 4997 3623 5070; baseline 0.001 -17"><span class='ocrx_word' id='word_1_894' title='bbox 2033 4999 2218 5053; x_wconf 85' lang='lat' dir='ltr'>carnis</span> <span class='ocrx_word' id='word_1_895' title='bbox 2248 5001 2306 5050; x_wconf 87' lang='lat' dir='ltr'>et</span> <span class='ocrx_word' id='word_1_896' title='bbox 2331 4997 2535 5055; x_wconf 74' lang='lat' dir='ltr'>anima:</span> <span class='ocrx_word' id='word_1_897' title='bbox 2564 5004 2733 5070; x_wconf 91' lang='lat' dir='ltr'>atque</span> <span class='ocrx_word' id='word_1_898' title='bbox 2763 4998 3065 5055; x_wconf 89' lang='lat' dir='ltr'>adventum</span> <span class='ocrx_word' id='word_1_899' title='bbox 3086 5000 3344 5058; x_wconf 89' lang='lat' dir='ltr'>Domini:</span> <span class='ocrx_word' id='word_1_900' title='bbox 3376 5007 3441 5057; x_wconf 91' lang='lat' dir='ltr'>ut</span> <span class='ocrx_word' id='word_1_901' title='bbox 3469 5000 3623 5055; x_wconf 90' lang='lat' dir='ltr'>dein-</span> 
     </span>
    </p>
   </div>
   <div class='ocr_carea' id='block_1_113' title="bbox 2103 5138 2883 5204">
    <p class='ocr_par' dir='ltr' id='par_1_113' title="bbox 2103 5138 2883 5204">
     <span class='ocr_line' id='line_1_113' title="bbox 2103 5138 2883 5204; baseline 0.005 -11"><span class='ocrx_word' id='word_1_902' title='bbox 2103 5139 2124 5181; x_wconf 71' lang='grc' dir='ltr'><strong><em>ἲ</em></strong></span> <span class='ocrx_word' id='word_1_903' title='bbox 2152 5138 2321 5204; x_wconf 88' lang='lat' dir='ltr'>Edit.,</span> <span class='ocrx_word' id='word_1_904' title='bbox 2352 5140 2460 5194; x_wconf 88' lang='lat' dir='ltr'>Itla</span> <span class='ocrx_word' id='word_1_905' title='bbox 2483 5144 2600 5195; x_wconf 83' lang='lat' dir='ltr'>tum</span> <span class='ocrx_word' id='word_1_906' title='bbox 2620 5143 2883 5197; x_wconf 85' lang='lat' dir='ltr'>salubris.</span> 
     </span>
    </p>
   </div>
   <div class='ocr_carea' id='block_1_114' title="bbox 2102 5210 3377 5287">
    <p class='ocr_par' dir='ltr' id='par_1_114' title="bbox 2102 5210 3377 5287">
     <span class='ocr_line' id='line_1_114' title="bbox 2102 5210 3377 5287; baseline 0.005 -25"><span class='ocrx_word' id='word_1_907' title='bbox 2102 5221 2132 5287; x_wconf 60' lang='grc' dir='ltr'><strong>ς</strong></span> <span class='ocrx_word' id='word_1_908' title='bbox 2160 5210 2490 5287; x_wconf 61' lang='lat' dir='ltr'>Edit.,un</span> <span class='ocrx_word' id='word_1_909' title='bbox 2512 5215 2635 5287; x_wconf 81' lang='lat' dir='ltr'>jam</span> <span class='ocrx_word' id='word_1_910' title='bbox 2665 5218 2786 5267; x_wconf 89' lang='lat' dir='ltr'>tum</span> <span class='ocrx_word' id='word_1_911' title='bbox 2815 5216 2959 5283; x_wconf 85' lang='lat' dir='ltr'>quod</span> <span class='ocrx_word' id='word_1_912' title='bbox 2977 5218 3198 5287; x_wconf 73' lang='lat' dir='ltr'>agimus</span> <span class='ocrx_word' id='word_1_913' title='bbox 3228 5215 3377 5269; x_wconf 84' lang='lat' dir='ltr'>boni.</span> 
     </span>
    </p>
   </div>
   <div class='ocr_carea' id='block_1_115' title="bbox 2103 5279 2715 5338">
    <p class='ocr_par' dir='ltr' id='par_1_115' title="bbox 2103 5279 2715 5338">
     <span class='ocr_line' id='line_1_115' title="bbox 2103 5279 2715 5338; baseline 0.008 -5"><span class='ocrx_word' id='word_1_914' title='bbox 2103 5279 2133 5321; x_wconf 74' lang='grc' dir='ltr'><strong>ιι</strong></span> <span class='ocrx_word' id='word_1_915' title='bbox 2161 5282 2226 5334; x_wconf 83' lang='grc' dir='ltr'>1η</span> <span class='ocrx_word' id='word_1_916' title='bbox 2246 5280 2378 5334; x_wconf 90' lang='lat' dir='ltr'>edit.</span> <span class='ocrx_word' id='word_1_917' title='bbox 2401 5279 2560 5337; x_wconf 89' lang='lat' dir='ltr'>deest</span> <span class='ocrx_word' id='word_1_918' title='bbox 2586 5285 2715 5338; x_wconf 88' lang='lat' dir='ltr'>ista.</span> 
     </span>
    </p>
   </div>
   <div class='ocr_carea' id='block_1_116' title="bbox 2102 5350 2627 5419">
    <p class='ocr_par' dir='ltr' id='par_1_116' title="bbox 2102 5350 2627 5419">
     <span class='ocr_line' id='line_1_116' title="bbox 2102 5350 2627 5419; baseline 0.011 -15"><span class='ocrx_word' id='word_1_919' title='bbox 2102 5350 2115 5390; x_wconf 82' lang='grc' dir='ltr'><strong>ί</strong></span> <span class='ocrx_word' id='word_1_920' title='bbox 2144 5350 2317 5419; x_wconf 86' lang='lat' dir='ltr'>Edit.,</span> <span class='ocrx_word' id='word_1_921' title='bbox 2339 5352 2627 5409; x_wconf 82' lang='lat' dir='ltr'>charitate.</span> 
     </span>
    </p>
   </div>
   <div class='ocr_carea' id='block_1_117' title="bbox 2096 5420 2478 5485">
    <p class='ocr_par' dir='ltr' id='par_1_117' title="bbox 2096 5420 2478 5485">
     <span class='ocr_line' id='line_1_117' title="bbox 2096 5420 2478 5485; baseline 0.01 -10"><span class='ocrx_word' id='word_1_922' title='bbox 2096 5420 2114 5475; x_wconf 86' lang='lat' dir='ltr'>i</span> <span class='ocrx_word' id='word_1_923' title='bbox 2144 5421 2316 5485; x_wconf 87' lang='lat' dir='ltr'>Edit.,</span> <span class='ocrx_word' id='word_1_924' title='bbox 2342 5426 2478 5479; x_wconf 82' lang='lat' dir='ltr'>luce.</span> 
     </span>
    </p>
   </div>
  </div>
