3992 6166
458 245 481 303 1
491 242 592 302 447

1236 236 1292 292 S.
1335 235 1713 292 PASCHASII
1751 234 2112 291 RADBERTI
2151 234 2454 293 ABBATIS
2492 235 2989 295 CORBEIENSIS.

3592 236 3727 297 1448

454 384 584 440 ceps
613 382 836 438 semper
873 379 999 418 cum
1057 362 1151 415 illo
1182 364 1242 414 et
1282 360 1339 414 in
1372 360 1467 414 illo
1515 359 1661 413 beati
1692 375 2039 414 maneamus.
2058 360 2109 419 Α
2130 359 2389 416 videntur
2409 379 2509 434 per
2528 362 2635 418 ista
2659 362 2994 434 dirigamur.
3022 362 3164 417 Hinc
3180 363 3352 418 David
3383 364 3456 418 de
3472 365 3501 418 J
3510 363 3721 418 udaeis:

456 458 587 513 Haec
612 456 785 527 igitur
815 459 898 507 est
918 469 1045 523 spes
1075 468 1223 515 vera,
1258 466 1424 520 quam
1448 448 1591 502 sicut
1628 449 1930 503 anchoram
1960 453 2047 502 tu-

454 555 571 602 tam
602 562 667 600 ac
712 547 931 598 ﬁrmam
976 541 1246 595 habemus
1287 558 1297 591 :
1333 538 1602 592 habentes
1649 546 1857 601 autem,
1882 538 2046 608 quid-

455 636 587 707 quid
610 635 664 688 in
698 634 793 687 illa
836 639 922 686 est
961 636 1370 700 exspectamus:
1403 634 1788 697 exspectantes
1820 644 1946 679 vero
1977 645 2045 681 ex

456 725 602 778 dono
626 724 743 792 jam
791 720 1063 775 habemus
1100 716 1367 787 quidquid
1410 716 1467 768 in
1514 716 1737 770 Christo
1767 715 1926 769 nobis
1955 732 2045 768 re-

455 812 792 884 promissum
815 815 900 863 est
928 827 939 861 :
970 814 1027 861 et
1053 807 1179 860 ideo
1222 804 1729 876 impraesentiarum
1760 805 1828 859 de
1860 805 2047 859 futuro

455 902 676 956 beatam
706 907 763 954 et
788 902 1112 969 perpetuam
1146 911 1301 965 spem
1330 895 1600 964 gerimus,
1635 910 1803 964 quam
1825 892 2046 945 deside-

454 998 645 1047 rantes
666 997 719 1045 et
750 988 1091 1043 sustinentes
1115 987 1267 1055 juste
1298 985 1496 1055 pieque
1523 984 1704 1038 vivere
1733 998 2045 1037 monemur.

456 1079 614 1135 Unde
660 1077 1064 1148 invigilandum
1112 1092 1182 1128 ne
1229 1073 1623 1128 sustinentium
1680 1072 2046 1125 amittamus:

455 1169 603 1223 sicut
646 1166 923 1229 nonnulli,
960 1166 1029 1218 de
1070 1162 1275 1235 quibus
1313 1162 1613 1233 Apostolus
1666 1162 1787 1215 ait:
1838 1163 1911 1213 Va:
1964 1161 2050 1213 his

457 1258 966 1327 quisustinentiam
988 1256 1330 1315 amiserunt;
1358 1250 1694 1305 sustinentia
1718 1254 1907 1302 autem
1937 1249 2052 1302 haec

458 1347 606 1401 inter
653 1345 834 1399 varios
865 1359 1073 1413 agones
1100 1357 1324 1412 semper
1377 1338 1670 1392 dulcedine
1728 1337 1832 1408 pim
1862 1352 2051 1407 exspe-

457 1434 718 1490 ctationis
767 1434 1073 1497 refovr-tur;
1122 1428 1385 1500 quoniam
1439 1443 1584 1497 spes,
1616 1443 1737 1496 quae
1776 1425 2050 1478 charitate

458 1522 779 1586 fulcitur,in
802 1521 953 1573 nullo
975 1516 1353 1576 confunditur,
1376 1531 1478 1585 pro
1505 1532 1616 1585 qua
1641 1514 1879 1567 ﬁdenter
1916 1529 2051 1566 con-

456 1616 791 1665 temnuntur
818 1607 1008 1661 omnia
1031 1623 1154 1675 quae
1196 1621 1339 1657 vana
1370 1609 1521 1667 sunt,
1547 1608 1605 1656 et
1632 1603 1932 1656 vincuntur
1960 1601 2053 1654 ad-

460 1716 637 1752 versa.
667 1695 894 1751 Dirimit
934 1694 1082 1748 enim
1116 1700 1131 1743 t
1158 1692 1431 1745 hristiana
1460 1709 1587 1761 spes
1616 1706 1839 1743 omnem
1870 1689 2055 1743 homi-

460 1804 588 1841 nem
611 1803 642 1839 a
672 1784 893 1839 cultura
921 1783 1187 1848 deorum;
1212 1780 1341 1850 quia
1363 1796 1557 1833 omnes
1577 1778 1653 1831 dii
1682 1778 1936 1847 gentium
1969 1793 2056 1830 va-

460 1875 631 1942 nitas,
647 1880 703 1927 et
723 1872 999 1927 daemonia
1028 1868 1411 1924 sunt.Dirimit
1428 1867 1497 1921 ab
1520 1867 1606 1920 his
1626 1884 1748 1937 quae
1768 1866 1824 1920 in
1847 1866 2055 1920 mundo

460 1968 611 2029 sunt,
630 1961 895 2033 quoniam
917 1976 1058 2013 vana
1082 1963 1217 2012 sunt
1244 1957 1517 2012 universa.
1547 1955 1771 2009 Dirimit
1799 1954 1869 2008 ab
1897 1970 2053 2008 erro-

460 2052 615 2106 ribus
670 2058 728 2105 et
772 2048 956 2122 pravis
1002 2045 1374 2101 suasionibus.
1405 2051 1462 2098 et
1501 2044 1777 2115 gloriatur
1833 2043 1892 2097 in
1936 2043 2054 2097 solo

459 2142 717 2205 Domino,
744 2141 974 2209 ejusque
1024 2134 1505 2207 promissionibus.
1538 2132 1819 2187 intentum
1851 2138 1916 2186 ut
1953 2148 2056 2185 nec

461 2231 530 2285 de
555 2247 635 2296 se,
667 2246 770 2283 nec
793 2228 863 2281 de
890 2226 1000 2280 alio
1026 2223 1273 2296 quolibet
1304 2222 1588 2294 quidpiam
1635 2226 1955 2292 praesumat,
1986 2236 2056 2273 ne

462 2316 839 2375 maledictioni
877 2315 1178 2382 subiaceat,
1204 2329 1315 2383 qua
1335 2311 1542 2365 dictum
1576 2315 1697 2363 est:
1734 2311 2056 2363 .llalcdt'ctus

464 2411 644 2463 omnis
668 2409 767 2476 qui
791 2407 947 2474 ponit
978 2418 1201 2457 carnem
1222 2402 1611 2469 fortitudinem
1639 2414 1819 2462 suam,
1839 2403 1887 2451 et
1908 2414 1942 2451 a
1961 2398 2057 2450 Do-

466 2500 618 2551 mino
640 2496 835 2549 recedit
866 2508 962 2546 cor
990 2494 1134 2559 ejus;
1168 2490 1281 2543 imo
1308 2495 1426 2543 tota
1456 2486 1787 2558 ingreditur,
1804 2485 1897 2540 ubi
1925 2502 2057 2556 pon-

463 2586 599 2640 tifex
645 2601 746 2656 pro
772 2581 930 2637 nobis
958 2578 1173 2634 introiit
1216 2579 1395 2641 Jesus,
1429 2582 1484 2630 et
1511 2576 1663 2629 velut
1692 2575 1938 2628 anchora
1966 2579 2055 2627 to-

463 2682 583 2730 tum
608 2672 891 2728 hominem
913 2669 982 2723 ad
1014 2668 1300 2722 Christum
1332 2665 1537 2719 solidat
1561 2668 1618 2717 et
1641 2665 1957 2717 conﬁrmat.
1988 2668 2058 2716 ut

462 2765 539 2820 ibi
569 2780 665 2818 cor
691 2760 913 2823 habeat,
937 2774 1046 2829 quo
1061 2757 1358 2810 thesauros
1387 2772 1444 2807 sa
1452 2753 1674 2825 pientiaz
1693 2758 1863 2822 atque
1882 2751 2056 2805 scien-

2127 452 2294 511 dedit,
2316 451 2517 523 inquit,
2536 455 2780 520 regiones
2799 455 3073 520 gentium,
3099 458 3149 506 et
3171 454 3379 506 labores
3390 456 3723 522 populorum

2124 542 2515 607 possederunt;
2561 558 2799 612 moxque
2850 541 3106 595 addidit:
3165 547 3226 594 ut
3264 543 3586 595 custodiant
3614 545 3728 608 ejus

2119 632 2563 696 justi/tentiones,
2592 635 2639 682 et
2691 633 2855 695 legem
2911 632 3030 697 ejus
3086 633 3378 697 requirant
3410 632 3581 695 (Psat.
3614 643 3725 695 Civ,

2129 716 2237 783 lci).
2268 717 2547 771 Nimirum
2576 724 2641 771 ut
2685 718 2752 771 de
2785 734 2882 788 spe
2914 718 3031 785 jam
3077 724 3341 788 percepta
3395 718 3725 782 securiores,

2128 812 2186 859 et
2241 806 2592 860 ardentiores
2639 813 2828 861 essent
2880 823 2966 871 ea,
3016 824 3139 877 quae
3185 806 3533 878 sempiterna
3580 815 3728 871 sunt,

2131 892 2473 962 percipiendi
2501 935 2510 946 .
2537 900 2595 946 et
2612 893 2738 947 ideo
2776 893 2917 946 falsa
2941 911 3068 964 spes
3089 899 3175 948 est
3195 910 3258 947 ex
3282 898 3422 959 toto,
3456 911 3585 964 quae
3616 893 3731 947 sine

2132 980 2246 1034 Deo
2268 981 2325 1034 in
2359 981 2571 1035 incerto
2601 981 2920 1035 divitiarum
2954 988 3058 1049 est,
3093 987 3194 1035 aut
3232 981 3286 1035 in
3318 982 3569 1045 homine,
3603 982 3734 1052 quia

2132 1086 2260 1122 caro
2281 1078 2399 1136 est;
2433 1077 2532 1124 aut
2571 1070 2629 1123 in
2659 1070 2768 1124 alio
2801 1070 3009 1141 aliquo,
3052 1070 3201 1140 quod
3230 1070 3458 1124 omnino
3490 1088 3604 1124 non
3630 1078 3730 1124 est.

2134 1159 2236 1213 Illa
2256 1176 2385 1212 vero
2409 1160 2574 1213 ﬁrma
2593 1166 2651 1213 et
2669 1166 2809 1221 tuta,
2834 1178 2959 1230 qua:
2989 1166 3208 1214 tantum
3239 1160 3298 1214 in
3327 1160 3512 1215 Deum
3539 1166 3647 1226 est,
3675 1166 3735 1213 ut

2134 1253 2321 1318 speret
2349 1265 2470 1318 quae
2496 1265 2608 1302 non
2630 1247 2905 1314 videntur,
2933 1255 2991 1302 et
3016 1256 3227 1303 aeterna
3254 1255 3406 1303 sunt.

2204 1334 2254 1392 3.
2277 1337 2449 1391 Porro
2465 1355 2591 1408 spes
2609 1337 3090 1408 percipiendarum
3115 1354 3303 1392 rerum
3323 1338 3732 1408 temporalium

2133 1423 2202 1478 ad
2234 1441 2299 1478 ea
2331 1442 2453 1496 quae
2478 1424 2740 1479 videntur
2766 1425 2786 1466 ἲ
2834 1442 2944 1480 non
2976 1432 3128 1480 recta
3169 1432 3281 1493 est;
3315 1432 3380 1479 ut
3418 1427 3489 1480 ad
3523 1442 3592 1480 ea
3618 1442 3735 1497 qua:

2135 1529 2246 1566 non
2266 1512 2545 1579 videntur,
2570 1514 2883 1568 intentione
2906 1515 3203 1576 referatur,
3230 1521 3289 1569 et
3309 1520 3545 1585 pr0pter
3573 1514 3691 1586 ipsa
3710 1526 3734 1566 Β

2137 1601 2297 1671 quasi
2341 1602 2398 1655 in
2424 1602 2515 1655 via
2563 1602 2690 1665 ista,
2724 1620 2823 1673 spe
2852 1603 3055 1657 devota
3082 1609 3411 1674 querantur
3440 1622 3454 1657 :
3489 1602 3737 1674 alioquin

2138 1707 2365 1760 sperare
2393 1696 2614 1744 tantum
2648 1690 2675 1730 ιι
2703 1691 3212 1761 impraesentiarum
3255 1709 3463 1763 magna
3514 1691 3737 1745 miseria

2138 1786 2243 1834 est.
2267 1781 2426 1844 Quod
2468 1781 2515 1834 si
2557 1781 2805 1851 profecto
2838 1781 3021 1834 omnis
3050 1780 3145 1851 qui
3175 1788 3319 1844 arat,
3352 1780 3412 1834 in
3446 1797 3549 1851 spe
3579 1780 3741 1834 debet

2138 1885 2318 1933 arare,
2338 1869 2459 1940 ipsa
2488 1870 2797 1940 eademque
2818 1886 2945 1940 spes
2966 1886 3079 1923 non
3103 1869 3158 1923 in
3186 1869 3358 1924 sulcis
3386 1876 3491 1923 aut
3520 1868 3739 1922 semini-

2136 1956 2260 2023 bus,
2281 1975 2392 2012 non
2414 1958 2471 2012 in
2487 1958 2757 2029 temporis
2779 1958 3216 2028 dispensatione,
3230 1965 3328 2012 aut
3357 1958 3511 2011 illius
3528 1963 3739 2011 natura:

2137 2052 2432 2117 potestate,
2456 2047 2553 2101 sed
2583 2062 2650 2101 ex
2680 2046 2800 2102 Deo
2830 2045 2992 2101 nobis
3026 2046 3217 2100 omnia
3242 2046 3500 2117 praestita
3526 2063 3737 2117 praesu-

2137 2141 2273 2199 mat,
2293 2152 2453 2206 aquo
2479 2136 2648 2189 etiam
2679 2135 2737 2189 in
2758 2134 3043 2207 laboribus
3074 2136 3301 2205 frugum
3332 2152 3569 2206 sperare
3597 2134 3739 2189 bona

2138 2224 2471 2295 temporalia
2499 2224 2788 2291 debemus,
2820 2229 2877 2278 et
2904 2230 3131 2295 sperata
3151 2225 3362 2278 referre
3391 2224 3465 2277 ad
3496 2223 3598 2277 illa
3623 2240 3738 2294 quae

2139 2312 2482 2383 sempiterna
2509 2320 2660 2370 sunt.
2693 2318 2759 2367 ut
2785 2313 2853 2366 ad
2884 2329 2951 2366 ea
2981 2312 3395 2384 perveniamus.
3429 2313 3580 2366 Hinc
3612 2328 3739 2383 quo-

2140 2417 2249 2471 que
2281 2400 2541 2455 hortatur
2568 2400 2867 2455 Psalmista
2894 2417 3020 2455 cum
3050 2400 3130 2453 ait
3160 2419 3171 2453 :
3206 2398 3380 2469 Spera
3404 2404 3469 2453 in
3484 2402 3732 2464 Domino,

2138 2495 2187 2542 et
2217 2490 2309 2557 fac
2338 2491 2631 2543 bonitatem
2670 2490 2832 2557 (Psal.
2883 2504 3063 2554 XXXVI,
3094 2488 3183 2560 3);
3236 2489 3370 2559 quia
3399 2495 3540 2543 tunc
3570 2494 3733 2551 recte,

2140 2594 2262 2648 quae
2293 2576 2569 2649 promissa
2622 2584 2772 2643 sunt,
2807 2594 3121 2649 speramus,
3153 2578 3203 2631 si
3232 2594 3356 2648 quae
3400 2578 3566 2647 jussa
3612 2586 3738 2631 sunt

2137 2665 2537 2737 compleamus;
2557 2668 2821 2734 quoniam
2838 2682 3171 2735 quacunque
3182 2669 3546 2720 seminaverit
3559 2668 3733 2730 homo,

2138 2754 2246 2807 ha’c
2273 2760 2321 2808 et
2352 2759 2511 2807 metet
2556 2754 2694 2819 (Gal.
2721 2768 2792 2818 vI,
2819 2755 2889 2822 7).
2939 2754 3099 2809 Unde
3117 2744 3583 2809 Christianorum
3615 2772 3737 2825 spes

466 2853 555 2908 tiae
584 2868 705 2907 esse
732 2867 844 2904 non
874 2846 1111 2902 dubitat.
1142 2847 1405 2913 Alioquin
1431 2846 1482 2895 si
1511 2847 1729 2895 tantum
1762 2844 1825 2894 in
1848 2843 1943 2893 hoc
1966 2857 2057 2893 ειτ-
2138 2842 2255 2896 sola
2287 2842 2401 2896 haec
2424 2847 2526 2909 est,
2559 2848 2623 2895 ut
2650 2859 2716 2895 ex
2745 2843 2858 2896 Deo
2900 2848 3101 2896 cuncta
3127 2860 3423 2913 speremus
3456 2860 3585 2913 qua:
3610 2843 3738 2897 data

464 2944 586 2998 culo
616 2945 677 2995 in
720 2940 934 2995 Christo
963 2939 1242 3004 sperantes
1291 2948 1503 2997 sumus,
1537 2936 1602 2984 ut
1627 2929 1707 2983 ait
1733 2929 2052 3000 Apostolus,
2140 2935 2273 2984 sunt
2290 2930 2468 2994 nobis,
2492 2936 2548 2984 et
2569 2930 2859 2985 mittamus
2881 2932 3172 2985 seminain
3192 2931 3287 2986 illo
3308 2930 3593 2986 bonorum
3619 2949 3742 3003 ope-

466 3031 891 3084 miserabitiores
947 3026 1157 3079 eunetis
1222 3022 1538 3074 hominibus
1586 3035 1777 3071 smnus
1834 3020 1891 3087 (Ι
1929 3013 2115 3072 Cor.C
2139 3036 2286 3085 rum,
2319 3036 2442 3090 quae
2464 3018 2836 3089 centuplicata
2864 3020 3338 3091 repromittuntur
3377 3020 3577 3087 nobis;
3611 3038 3742 3092 qua-

463 3134 551 3184 xv,
571 3116 672 3188 19).
692 3118 935 3170 Tantum
965 3112 1023 3165 in
1042 3112 1148 3164 hoc
1175 3108 1376 3163 saeculo
1404 3124 1530 3160 cum
1552 3106 1651 3165 ait,
1670 3123 1773 3160 nec
1802 3106 2052 3170 exclusit,

466 3213 531 3261 ut
557 3213 573 3235 ⁸
604 3205 661 3258 in
686 3205 788 3257 hoc
818 3200 1019 3255 sarculo
1050 3214 1275 3268 sperare
1297 3196 1353 3249 in
1375 3195 1469 3248 illo
1490 3211 1601 3247 non
1622 3194 1943 3259 debeamus,
1960 3193 2059 3248 sed

466 3302 656 3348 tamen
688 3292 715 3330 ιι
745 3287 1016 3361 quidquid
1050 3291 1135 3339 est
1170 3282 1673 3355 impraesentiarum
1705 3298 1996 3353 speramus
2032 3291 2060 3323 ο

466 3390 647 3438 totum
682 3378 877 3434 referri
922 3373 1183 3430 convenit
1230 3372 1300 3425 ad
1329 3371 1536 3436 futura,
1568 3376 1625 3424 et
1661 3370 1904 3441 primum
1934 3387 2056 3440 qua)

466 3470 809 3542 sempiterna
825 3470 958 3521 sunt
984 3478 1253 3535 quaerere.
1278 3461 1437 3515 Unde
1464 3457 1733 3513 Dominus
1756 3472 1766 3504 :
1803 3461 2056 3511 Primum

466 3563 693 3631 quwrite
726 3572 957 3625 regnum
989 3554 1105 3617 Dei,
1130 3556 1175 3605 ct
1192 3552 1481 3619 justitiam
1504 3550 1635 3616 ejus,
1669 3553 1716 3599 et
1745 3547 1853 3600 hac
1867 3548 2057 3599 omnia

464 3651 806 3718 adjiciantur
836 3645 979 3698 vobis
1007 3640 1224 3709 (Matth.
1252 3655 1328 3706 γι,
1374 3636 1481 3696 l3).
1515 3636 1648 3699 Quae
1695 3634 1919 3688 omnia?
1949 3634 2057 3687 nisi

464 3756 587 3811 qua:
630 3732 922 3808 praesentis
972 3730 1097 3783 vitae
1142 3725 1455 3781 necessaria
1511 3730 1686 3778 sunt:
1719 3723 2058 3793 adjiciantur

463 3827 709 3899 quidem,
764 3820 1027 3894 quoniam
1081 3833 1192 3870 non
1240 3820 1468 3887 propter
1511 3812 1619 3866 ista
1674 3812 1770 3865 sed
1830 3818 2059 3882 propter

462 3917 559 3970 illa
598 3914 890 3968 credentes
938 3913 1246 3970 certamus;
1299 3907 1588 3973 sperantes
1636 3917 1764 3954 vero
1810 3900 1934 3953 vitae
1973 3917 2057 3954 se-

463 4005 617 4058 mina
642 4000 901 4064 serimus,
936 3999 1189 4050 amantes
1211 3992 1281 4046 ad
1301 4008 1367 4046 ea
1387 3989 1778 4044 tantummodo
1811 3995 2057 4043 mentem

464 4107 686 4163 semper
706 4087 1023 4157 dirigimus.
1040 4082 1177 4136 Nam
1200 4086 1264 4135 ut
1282 4079 1363 4134 ait
1382 4078 1708 4150 Apostolus:
1740 4077 1931 4131 Omnis
1960 4080 2060 4147 qui

464 4186 611 4243 arat,
644 4182 705 4231 in
726 4193 813 4245 spe
842 4176 989 4228 debet
1008 4187 1173 4225 arare
1205 4172 1253 4237 (Ι
1273 4170 1483 4223 00r.1x.
1508 4165 1706 4231 12l,ita
1731 4165 1777 4218 si
1807 4164 2055 4236 quidem,

2139 3114 2304 3162 tenus
2326 3113 2382 3162 ct
2404 3108 2521 3178 ipsa
2547 3108 2621 3161 sit
2646 3125 2792 3179 spes,
2812 3126 2935 3178 qua:
2964 3126 3064 3180 per
3089 3108 3447 3163 dilectionem
3469 3126 3588 3164 una
3617 3127 3741 3164 cum

2140 3197 2249 3250 ﬁde
2294 3214 2471 3267 usque
2502 3196 2559 3251 in
2602 3198 2769 3250 ﬁnem
2801 3197 2948 3250 inter
2973 3214 3239 3268 prospera
3269 3204 3326 3251 et
3351 3198 3595 3253 adversa
3619 3215 3742 3252 con-

2140 3284 2299 3338 tinua
2328 3290 2610 3355 operatur.
2644 3283 2857 3348 Quibus
2900 3285 3134 3355 probata
3166 3285 3608 3356 impulsionibus
3631 3304 3741 3340 om-

2138 3373 2271 3427 nino
2327 3390 2440 3427 non
2488 3373 2884 3436 confunditur;
2918 3373 3182 3444 quoniam
3227 3373 3513 3428 charitate
3544 3376 3742 3429 diﬂ’usa

2138 3461 2195 3515 in
2224 3460 2850 3532 corde,infatigabiliter
2867 3462 2938 3515 ad
2960 3479 3026 3515 ea
3054 3479 3176 3532 quae
3205 3463 3562 3534 sempiterna
3590 3470 3737 3527 sunt,

2140 3550 2494 3604 sublimatur.
2521 3550 2680 3615 Quod
2709 3551 2756 3604 si
2787 3551 3025 3604 necdum
3056 3568 3286 3621 peccare
3316 3551 3530 3622 aliquis
3559 3553 3737 3618 desiit,

2141 3655 2321 3709 neque
2342 3639 2411 3692 ad
2441 3638 2714 3703 facienda,
2743 3656 2865 3709 qua:
2889 3638 3163 3708 jubentur
3184 3639 3444 3708 erigitur.
3468 3657 3618 3695 vana
3647 3659 3739 3711 spe

2141 3725 2549 3795 indulgentiam
2572 3732 2670 3780 aut
2690 3726 2953 3780 meritum
2978 3743 3044 3780 ex
3065 3726 3164 3780 Dei
3186 3726 3397 3797 pietate
3430 3728 3740 3797 praesumit.

2140 3815 2263 3868 Non
2293 3813 2442 3867 enim
2472 3821 2559 3868 est
2586 3815 2767 3868 otiosa
2814 3833 2971 3886 spes;
3003 3815 3101 3869 sed
3132 3832 3197 3868 ex
3228 3816 3338 3868 ﬁde
3368 3832 3507 3870 vera
3536 3817 3607 3871 de
3634 3818 3741 3871 Deo

2139 3908 2306 3973 atque
2334 3902 2463 3956 ﬁdei
2494 3902 2755 3973 Operibus
2784 3903 3204 3958 subsistentiam
3236 3903 3248 3943 ί
3282 3903 3389 3957 sibi
3430 3906 3741 3960 radicatam

2140 3996 2445 4046 mercatur.
2484 3992 2583 4045 Est
2610 3997 2801 4047 autem
2850 3993 2972 4064 ipsa
3024 3993 3333 4063 eademque
3379 3993 3545 4059 ﬁdes,
3579 4002 3740 4065 atque

2141 4079 2332 4134 omnia
2378 4079 2506 4134 ﬁdei
2549 4096 2721 4151 opera
2770 4082 3178 4152 sperandorum
3208 4080 3568 4149 substantia;
3602 4084 3741 4138 unde

2140 4168 2340 4241 probet
2378 4186 2436 4222 se
2466 4169 2875 4240 unusquisque,
2907 4176 3181 4241 quantum
3212 4176 3488 4241 operatur
3519 4190 3590 4226 ex
3618 4172 3735 4233 ﬁde,

465 4276 523 4325 et
541 4268 638 4340 qui
665 4264 796 4319 boni
824 4260 1032 4332 aliquid
1062 4258 1228 4329 gerit,
1250 4256 1445 4339 utique
1474 4255 1531 4308 in
1566 4270 1662 4325 spe
1687 4252 1853 4307 debet
1881 4253 2057 4324 pcrci-
2076 4275 2125 4335 D
2143 4264 2201 4312 et
2227 4257 2420 4312 credit.
2456 4258 2627 4311 Recte
2673 4257 2851 4327 igitur
2878 4275 2978 4330 per
3024 4259 3190 4313 ﬁdem
3232 4264 3459 4313 tantum
3521 4277 3741 4332 sperare

465 4356 654 4431 piendi
684 4354 854 4409 etiam
884 4358 941 4406 et
983 4349 1231 4420 seipsum
1279 4344 1618 4415 expendere;
1649 4343 1746 4396 sed
1794 4342 2061 4413 agricola-

465 4465 590 4503 rum
622 4461 770 4517 spes,
803 4440 937 4513 quia
972 4434 1480 4509 impraesentiarum
1509 4437 1612 4496 est,
1646 4431 1813 4485 debet
1845 4448 1967 4486 esse
1999 4431 2058 4485 in

465 4540 666 4596 Deum,
682 4532 945 4606 quoniam
968 4529 1087 4599 ipse
1112 4530 1198 4580 est
1218 4528 1413 4577 auctor
1440 4527 1498 4575 et
1518 4519 1755 4589 largitor
1783 4519 2056 4586 omnium,

465 4644 538 4682 ne
567 4625 740 4680 stulta
770 4639 895 4693 spes
925 4616 1259 4673 inveniatur.
1277 4613 1356 4667 De
1388 4627 1500 4681 qua
1518 4614 1583 4663 ut
1605 4607 1632 4648 ἀ
1662 4608 1802 4662 dixit
1828 4610 2060 4679 Aposto-

465 4718 578 4772 lus:
600 4714 662 4769 Si
684 4717 903 4767 tantum
930 4712 993 4763 in
1010 4709 1107 4761 hoc
1123 4706 1315 4759 sarculo
1344 4706 1405 4755 in
1428 4701 1644 4755 Christo
1663 4703 1939 4767 sperantes
1963 4715 2061 4750 su-

471 4821 611 4870 mus,
634 4801 1057 4856 miserabiliores
1078 4810 1172 4848 nos
1202 4808 1307 4847 esse
1333 4791 1545 4844 cunctis
1584 4791 1929 4858 protestatur
1955 4787 2059 4840 ho-

466 4892 746 4948 minibus:
779 4895 971 4942 tamen
996 4928 999 4931 .
1020 4885 1136 4953 jam
1166 4880 1375 4951 gradus
1407 4882 1493 4931 est
1538 4874 1708 4929 eundi
1746 4874 1815 4928 ad
1854 4875 2055 4944 Deum,

466 4985 612 5040 bona
632 4980 829 5036 saltem
852 4971 1354 5045 impraesentiarum
1377 4967 1448 5021 ad
1478 4982 1606 5020 eum
1637 4964 1867 5029 referre,
1891 4980 1926 5017 a
1948 4980 2057 5034 quo

467 5074 565 5128 illa
590 5085 633 5139 ο,
666 5073 787 5124 esto
834 5062 1072 5133 indigni,
1105 5058 1461 5132 percipimus,
1490 5059 1555 5108 ut
1595 5052 1665 5107 ad
1698 5069 1763 5107 ea
1791 5068 1914 5123 quae
1945 5069 2058 5107 non

536 5187 553 5209 '
587 5177 757 5239 Edit.,
790 5172 932 5244 quod
960 5173 1023 5225 in
1052 5169 1165 5221 hoc.

536 5249 564 5292 δ
585 5246 751 5313 Editi,
782 5245 872 5299 sed
900 5246 1087 5297 etiam.

532 5315 559 5345 ⁶
584 5320 754 5379 Edit.,
786 5315 929 5385 quod
956 5324 1259 5385 speramus.

538 5390 564 5430 τί
590 5392 654 5445 In
684 5380 848 5443 editis
876 5385 1034 5440 deest
1064 5384 1121 5432 ut
1150 5380 1314 5433 dixit.

536 5477 561 5508 ο
588 5459 756 5518 Editi,
777 5475 813 5512 α
840 5472 945 5525 quo
974 5456 1081 5508 ista
1102 5452 1236 5525 etsi.

537 5526 554 5558 ¹
580 5532 647 5591 In
674 5518 1018 5587 editisdeest
1043 5523 1118 5579 ad
1144 5537 1207 5577 ea
1225 5536 1344 5591 qua:
1370 5518 1657 5575 videntur.

2142 4352 2327 4418 potest
2343 4345 2413 4400 ab
2433 4346 2547 4411 illo,
2566 4346 2662 4417 qui
2684 4347 2842 4401 dedit
2864 4353 3198 4419 potestatem
3228 4348 3497 4402 credendi
3528 4358 3589 4404 et
3616 4367 3742 4421 ope-

2141 4435 2302 4489 randi
2324 4453 2425 4506 per
2443 4435 2631 4502 ﬁdem,
2655 4452 2869 4506 nosque
2895 4436 3037 4490 ﬁlios
3067 4437 3385 4507 adoptionis
3412 4438 3733 4508 procreari:

2141 4523 2390 4595 alioquin
2409 4523 2697 4579 temeritas
2718 4530 2804 4579 est
2831 4525 3008 4595 magis
3036 4541 3203 4595 quam
3235 4542 3381 4595 spes,
3401 4526 3449 4580 si
3477 4528 3738 4598 amplius,

2142 4615 2242 4664 aut
2262 4610 2415 4664 aliud
2435 4616 2626 4681 sperat
2646 4609 2870 4680 aliquis,
2891 4610 2998 4664 nisi
3017 4610 3163 4681 quod
3193 4617 3343 4665 recte
3374 4612 3563 4665 credit
3586 4612 3743 4665 devo«

2143 4698 2313 4752 tionis
2343 4699 2565 4759 affectu,
2586 4704 2643 4753 et
2662 4705 2929 4770 operatur
2949 4699 3173 4771 pictatis
3188 4716 3476 4770 processu.
3496 4701 3741 4755 Credun-

2143 4794 2238 4842 tur
2262 4793 2449 4841 autem
2482 4803 2606 4857 quae
2634 4786 2909 4858 promissa
2936 4794 2993 4841 et
3035 4787 3166 4840 data
3220 4794 3353 4841 sunt
3403 4787 3464 4840 in
3496 4788 3732 4850 Christo,

2142 4875 2349 4930 idcirco
2362 4876 2490 4946 jure
2505 4883 2825 4947 sperantur,
2843 4875 2891 4930 si
2920 4876 3058 4929 ﬁdes
3089 4893 3188 4948 per
3215 4876 3576 4930 dilectionem
3597 4877 3736 4929 inter

2140 4982 2409 5038 prospera
2462 4970 2520 5019 et
2582 4965 2835 5030 adversa,
2890 4964 3296 5036 temporalibus
3354 4965 3599 5031 omissis,
3653 4970 3732 5017 est

2142 5054 2465 5128 adimpleta,
2494 5058 2560 5110 ut
2604 5050 3022 5127 probationemi
3059 5070 3125 5109 ex
3168 5054 3284 5109 Deo
3312 5058 3580 5125 reportet.
3614 5053 3729 5116 Qua

2212 5174 2241 5215 Β
2271 5162 2441 5228 Edit.,
2475 5165 2676 5231 ipsum.

2213 5232 2240 5274 ιι
2272 5234 2399 5287 Edit
2412 5278 2423 5290 .
2438 5277 2452 5298 ,
2482 5238 2674 5288 totum.

2214 5303 2225 5344 ί
2249 5305 2395 5359 Edit.
2407 5343 2421 5364 .
2452 5307 2841 5360 substantiam.

2204 5373 2220 5420 1
2253 5376 2318 5431 In
2366 5375 2532 5430 editis
2588 5376 2745 5432 deest
2772 5394 2837 5432 ea;
2879 5378 2983 5432 Deo
3012 5381 3261 5446 reportet.
3294 5378 3414 5444 Qua
3455 5376 3721 5431 nimirum

2133 5448 2474 5516 probatione.
