3992 6166
368 218 504 280 1449
1252 226 1347 282 DE
1383 228 1569 295 FIDE,
1612 230 1741 286 SPE
1779 230 1869 286 ET
1908 231 1927 285 (

2010 230 2333 286 ARITATE.
2378 260 2445 274 —
2486 231 2623 287 LIB.
2666 231 2739 288 11.
2808 216 2815 219 ’
3492 234 3634 294 1450

343 338 618 398 nimirum
657 341 989 414 probatione
1034 361 1264 402 securus
1296 349 1502 419 aiebat,
1535 351 1633 421 qui
1679 369 1805 408 cum
1835 352 2218 415 DeoAdatur.
2242 352 2373 407 Ideo
2401 358 2459 407 et
2487 353 2787 426 Scriptura;
2816 355 3153 412 meditandae
3180 363 3330 424 sunt,
3360 375 3426 413 ex
3447 359 3536 413 his
3564 364 3629 414 ut

344 431 642 503 disputans
662 430 1013 503 tripudiabat
1037 451 1156 506 spe,
1184 447 1208 474 ⁸
1238 436 1458 492 dicens:
1481 438 1646 509 Spero
1672 444 1820 506 inte,
1844 444 1951 496 Do-
2032 441 2386 496 consolemur
2412 441 2561 495 inter
2590 443 2773 497 varias
2798 445 3175 499 tentationum
3205 462 3528 516 pressurae;
3572 452 3630 501 et

344 523 517 587 mine,
540 522 685 589 quod
704 536 817 575 non
837 523 911 575 ad
933 527 1401 593 consumptionem
1419 544 1596 581 meam
1617 532 1821 583 emittis
1836 547 1952 584 ma-
2030 530 2303 600 patientia
2346 532 2746 592 conservanda.
2786 533 2921 586 dum
2967 533 3250 588 laboribus
3303 534 3627 604 fatigamur.

344 624 485 663 num
536 613 695 663 tuam
738 609 868 679 (Job.
922 625 1049 678 xxx,
1082 610 1194 683 24).
1239 612 1409 677 Quasi
1454 621 1712 686 patenter
1751 616 1901 671 dicat
1932 637 1945 671 :
2032 619 2189 674 Unde
2214 619 2518 673 Dominus:
2551 623 2617 674 In
2642 623 2939 688 patientia,
2966 621 3166 691 inquit,
3195 628 3373 677 vestra
3388 624 3628 690 posside-

342 700 409 751 ut
434 696 703 767 ﬂagelles,
740 701 799 751 et
825 698 1028 768 probes
1058 716 1166 766 me,
1208 702 1489 773 mortique
1517 704 1726 758 tradas.
1760 704 1871 760 Sed
1900 706 1947 760 si
2031 709 2157 762 bitis
2182 711 2405 762 animas
2436 714 2658 762 vestras.
2692 709 2852 762 Celsa
2896 708 3070 778 igitur
3109 727 3235 780 spes
3259 710 3473 781 gloriae,
3506 726 3629 781 quae

339 783 403 840 in
431 784 775 856 profundum
797 786 1001 841 inferni
1029 788 1305 844 dimersus
1335 792 1513 857 fuero,
1537 791 1667 846 inde
1687 810 1778 847 me
1805 793 1945 848 libe-
2028 795 2286 850 omnibus
2332 797 2647 851 illustratur
2692 796 2872 863 bonis,
2920 803 2977 851 et
3026 798 3296 852 virtutum
3339 798 3631 869 pennescit

339 872 512 928 rabis.
548 875 687 929 Ecce
726 882 940 947 quanta
967 894 1094 948 spes
1133 879 1379 950 qualisve
1421 897 1534 935 non
1563 881 1944 952 confunditur,
2027 884 2148 950 alis,
2180 890 2246 938 ut
2287 901 2510 956 semper
2554 885 2626 938 ad
2672 885 2874 939 altiora
2916 885 3138 941 attollat
3166 886 3414 941 animam
3442 887 3627 958 possi-

341 978 466 1033 quaa
491 964 656 1018 ﬁrma
685 969 742 1019 et
769 965 966 1032 solida,
1006 984 1129 1037 quae
1154 984 1351 1023 secura
1375 975 1433 1024 et
1460 971 1659 1026 devota
1680 971 1739 1026 in
1763 973 1945 1028 Deum
2024 972 2228 1028 dentis.

338 1049 617 1106 subsistit.
641 1052 768 1106 Non
797 1053 947 1107 enim
976 1054 1242 1110 formidat
1268 1074 1480 1129 pinnas,
1507 1076 1621 1114 non
1646 1060 1832 1115 locum
1860 1061 1942 1115 in-

339 1137 522 1207 ferni;
558 1141 692 1212 quia
720 1157 1000 1212 nusquam
1022 1149 1107 1198 est
1134 1145 1307 1212 locus,
1337 1164 1447 1217 quo
1475 1164 1588 1203 non
1609 1149 1700 1216 sit,
1724 1150 1819 1220 qui
1849 1166 1944 1221 po-

338 1232 468 1283 tens
500 1235 602 1295 est,
639 1229 993 1301 omnipotens
1029 1232 1198 1299 Deus,
1232 1239 1288 1288 et
1330 1234 1476 1302 ideo,
1505 1238 1665 1308 cujus
1695 1244 1782 1294 est
1816 1255 1942 1309 spes

338 1317 511 1372 etiam
542 1316 695 1372 inter
715 1319 972 1374 miserias
1001 1321 1228 1376 omnino
1259 1322 1457 1378 beatus
1486 1342 1606 1380 esse
1629 1326 1899 1398 probatur
1925 1344 1937 1379 :

335 1407 555 1473 Beatus,
583 1405 770 1478 inquit
811 1408 1005 1475 David,
1058 1414 1217 1479 cujus
1245 1418 1321 1466 est
1360 1414 1631 1468 Dominus
1657 1417 1797 1469 Deus
1827 1419 1943 1483 eius
2102 1410 2581 1483 l.Desperationis
2598 1415 2745 1468 malo
2760 1414 2901 1468 nihil
2918 1417 3079 1485 pejus
3093 1416 3617 1487 impraesentiarum,

337 1493 508 1564 (Psal.
564 1510 750 1563 CXLIII,
789 1494 896 1566 15).
928 1498 1046 1552 Hoc
1090 1492 1267 1569 igitur
1294 1501 1474 1556 sciens
1502 1501 1700 1557 beatus
1729 1503 1852 1570 Job,
1885 1504 1944 1558 in
2026 1501 2292 1571 quoniam
2337 1502 2635 1572 desperare
2682 1519 2906 1573 semper
2951 1504 3023 1556 ad
3065 1504 3181 1558 ima
3205 1521 3465 1560 corruere
3493 1514 3617 1562 est:

337 1580 559 1637 inferno
588 1583 762 1638 miser
784 1601 906 1640 esse
930 1602 1044 1640 non
1073 1592 1294 1658 poterat
1322 1606 1425 1644 nec
1452 1590 1749 1658 confundi;
1803 1608 1944 1662 quo-
2025 1589 2209 1643 omnis
2238 1590 2388 1644 enim
2410 1590 2506 1661 qui
2535 1591 2813 1661 desperat,
2841 1591 2898 1645 id
2925 1591 3062 1662 agit,
3084 1598 3148 1646 ut
3171 1598 3272 1647 aut
3294 1595 3474 1664 gratis
3498 1612 3626 1649 con-

264 1726 279 1732 ,
336 1670 495 1725 niam
524 1670 630 1726 sibi
658 1673 839 1727 Deum
861 1675 1165 1746 propitium
1191 1684 1318 1748 post
1344 1680 1713 1734 tentationem
1736 1680 1944 1753 ubique
1959 1706 2006 1766 Β
2025 1693 2236 1732 cessam
2260 1695 2294 1732 a
2313 1679 2427 1737 Deo
2445 1679 2665 1733 veniam
2691 1679 2936 1747 amittat,
2959 1685 3058 1734 aut
3076 1688 3361 1752 speratam
3379 1689 3622 1751 tantum,

338 1758 639 1828 credebat;
673 1778 840 1832 quem
866 1762 971 1817 sibi
1002 1764 1229 1820 affuisse
1258 1766 1318 1820 in
1348 1768 1544 1822 eadem
1573 1768 1808 1823 minime
1835 1758 2004 1825 du--
2024 1767 2278 1837 quamvis
2307 1784 2411 1821 nec
2457 1767 2755 1834 indultam,
2788 1784 2899 1822 non
2930 1770 3199 1839 requirat.
3239 1771 3423 1834 Quare
3467 1773 3627 1843 quis-

336 1846 573 1903 bitabat.
607 1849 774 1905 Patet
801 1851 950 1922 quod
983 1869 1097 1907 non
1135 1854 1251 1908 ulla
1281 1853 1309 1895 δ
1337 1855 1787 1915 Christianorum
1815 1875 1942 1929 spes
2024 1855 2151 1925 quis
2184 1855 2290 1909 hoc
2318 1855 2505 1926 ipsum
2537 1872 2649 1909 non
2680 1856 2978 1926 desperare
3012 1858 3301 1925 amaverit,
3335 1864 3391 1913 et
3419 1860 3626 1915 habue-

326 1941 416 1991 est
439 1937 547 1991 nisi
579 1939 729 1993 Deus
760 1956 1035 2009 summus,
1066 1942 1125 1996 in
1152 1960 1262 2014 quo
1292 1950 1426 1999 sunt
1455 1945 1645 2000 omnia
1674 1963 1797 2017 quae
1827 1963 1941 2001 non
2022 1943 2115 2007 rit,
2150 1943 2283 2014 quia
2330 1943 2533 2012 diligit,
2584 1943 2741 1997 nulla
2777 1944 3091 2013 desperatio
3134 1950 3237 2009 est,
3269 1946 3368 1999 sed
3410 1947 3623 2016 gradus

328 2024 610 2092 videntur,
646 2044 828 2099 neque
844 2046 1035 2084 veram
1064 2031 1311 2103 aliquem
1339 2034 1577 2104 gessisse
1596 2039 1696 2089 aut
1719 2051 1936 2105 gerere,
2023 2031 2385 2101 adipiscendi.
2407 2030 2585 2085 Omne
2608 2031 2757 2101 quod
2772 2037 2962 2102 sperat
2985 2031 3208 2102 aliquis,
3233 2037 3291 2085 et
3313 2032 3526 2102 diligit;
3552 2033 3623 2087 de

326 2114 584 2185 quamvis
611 2114 848 2182 dicatur,
880 2118 937 2172 in
966 2118 1076 2172 alio
1106 2120 1295 2192 aliquo
1325 2138 1502 2193 spem,
1537 2139 1660 2194 quae
1710 2123 1939 2177 omnino
2023 2119 2226 2190 quibus
2255 2125 2445 2173 autem
2475 2120 2771 2191 desperare
2801 2119 3051 2190 coeperit,
3082 2136 3210 2173 mox
3248 2125 3305 2174 et
3347 2137 3461 2174 non
3491 2121 3621 2175 dili-

328 2217 485 2257 vana
513 2208 571 2258 et
597 2203 738 2259 falsa
766 2210 870 2260 est.
893 2207 1009 2261 Hoc
1038 2207 1244 2279 quippe
1273 2209 1453 2264 sciens
1484 2217 1679 2265 sancta
1704 2211 1800 2265 illa
1820 2229 1941 2266 mu-
2018 2225 2174 2278 gere,
2207 2224 2272 2262 eo
2299 2208 2449 2279 quod
2475 2208 2546 2261 ad
2575 2225 2634 2262 se
2655 2225 2768 2261 non
2798 2208 3080 2278 pertinere
3099 2208 3459 2279 repromittit.
3492 2210 3624 2264 Por-

329 2289 437 2346 lier
466 2291 768 2363 plaudebat
792 2295 942 2365 apud
973 2296 1157 2350 cordis
1182 2297 1435 2368 judicem
1467 2317 1479 2352 :
1511 2301 1619 2353 Nos
1647 2316 1815 2368 spem,
1847 2300 1938 2354 in-
2019 2314 2084 2351 ro
2113 2314 2236 2368 qua}
2278 2313 2554 2363 amamus,
2588 2297 2817 2350 omnino
2848 2303 2949 2351 aut
2986 2296 3257 2350 habemus
3287 2304 3388 2352 aut
3428 2315 3623 2368 spera-

330 2380 550 2451 quiens,
571 2383 634 2436 in
664 2384 845 2436 alium
866 2384 1039 2438 Deum
1059 2401 1355 2455 nunquam
1377 2387 1676 2441 habuimus
1703 2389 1932 2457 (Esther,
2020 2402 2174 2452 mus;
2209 2391 2432 2457 sperata
2460 2402 2590 2440 vero
2618 2386 2690 2439 ad
2719 2402 2820 2439 nos
2849 2385 3132 2456 pertinere
3159 2402 3261 2456 pro
3282 2392 3432 2440 certo
3458 2388 3626 2442 conﬁ-

329 2481 373 2535 Ι,
412 2466 521 2534 19).
545 2469 705 2533 Quod
723 2470 771 2524 si
792 2470 1045 2537 haberet,
1068 2472 1299 2528 omnino
1322 2490 1464 2529 vana
1486 2480 1651 2541 esset,
1671 2475 1936 2546 quoniam
2021 2473 2223 2540 dimus,
2247 2479 2304 2527 et
2331 2474 2412 2528 ita
2442 2491 2509 2528 ea
2528 2491 2625 2544 spe
2647 2490 2757 2527 non
2781 2473 2952 2527 dubia
2971 2473 3352 2529 custodimus:
3375 2475 3624 2546 alioquin

331 2572 530 2611 omnes
554 2557 631 2612 dii
661 2558 917 2629 gentium
939 2560 1238 2618 daemonia.
1261 2562 1536 2617 Dominus
1555 2568 1742 2618 autem
1765 2564 1936 2631 solus,
2022 2561 2318 2633 desperare
2362 2580 2396 2616 a
2440 2564 2555 2616 Deo
2590 2568 2900 2616 retrorsum
2948 2562 3182 2616 alienari
3219 2567 3305 2616 est
3354 2581 3365 2616 :
3415 2563 3622 2618 idcirco

331 2645 603 2700 caelorum
649 2646 873 2714 veritas,
922 2665 1050 2720 spes
1090 2649 1268 2721 ipsius
1317 2657 1456 2714 erat,
1502 2668 1566 2705 ex
1608 2668 1719 2723 qua
1747 2669 1941 2707 omnes
2020 2647 2412 2720 blasphemare
2440 2650 2497 2704 in
2525 2650 2737 2722 Spiritu
2759 2655 2951 2704 sancto
2973 2650 3090 2703 sola
3110 2650 3426 2721 desperatio
3447 2656 3505 2704 et
3522 2652 3625 2705 im-

330 2731 746 2802 beatiﬁcantur,
773 2736 870 2806 qui
898 2743 1048 2792 recte
1077 2744 1308 2810 sperant
1335 2740 1394 2793 in
1422 2740 1581 2795 illum
1604 2746 1662 2794 et
1689 2758 1939 2811 perseve—
2022 2738 2309 2808 pwnitudo
2357 2739 2540 2793 cordis
2587 2744 2691 2805 est,
2741 2755 2806 2792 ac
2851 2755 2952 2809 per
2996 2739 3102 2792 hoc
3155 2739 3312 2792 nulla
3366 2739 3624 2794 remissio

330 2827 493 2888 rant;
525 2823 651 2877 ideo
673 2824 741 2879 de
762 2824 857 2879 illo
875 2826 1244 2895 gloriabatur.
1258 2827 1513 2882 Profecto
1534 2829 1731 2900 liquet,
1748 2846 1941 2901 quam-
2022 2831 2398 2898 peccatorum,
2434 2826 2530 2881 ubi
2573 2826 2886 2897 desperatio
2919 2832 2977 2880 et
3002 2827 3415 2897 imposnitentia
3441 2828 3626 2883 cordis

329 2909 417 2964 vis
442 2909 662 2966 dicatur
682 2929 809 2983 spes
838 2913 1029 2985 aliqua
1054 2914 1185 2969 hinc
1207 2915 1359 2982 inde,
1383 2933 1496 2971 non
1525 2917 1634 2971 nisi
1669 2935 1735 2972 ex
1762 2919 1877 2973 Deo
1896 2924 1937 2987 °,
2023 2920 2233 2970 manet.
2267 2915 2410 2969 Hinc
2435 2915 2734 2986 desperare
2762 2932 2874 2969 non
2902 2915 3179 2991 congruit,
3202 2932 3274 2970 ne
3302 2932 3415 2970 non
3441 2917 3624 2987 adipi-

330 3002 398 3053 ut
442 3015 575 3053 vera
619 3003 757 3055 esse'
791 3002 987 3072 possit.
1030 3003 1179 3058 Vera
1234 3010 1424 3058 autem
1472 3022 1597 3077 spes
1649 3023 1939 3078 nunquam
1957 3019 2001 3080 α
2022 3009 2230 3071 scatur,
2250 3004 2381 3076 quia
2402 3004 2701 3075 desperare
2722 3003 2865 3057 nihil
2883 3003 3037 3058 aliud
3059 3009 3144 3057 est
3162 3020 3349 3074 agere,
3364 3021 3533 3075 quam
3552 3022 3625 3059 ne

331 3091 424 3142 est
445 3087 566 3144 sine
596 3090 937 3145 conﬁdentia
956 3092 1348 3163 perveniendi;
1380 3094 1515 3165 quia
1534 3095 1656 3149 sine
1679 3112 1940 3167 processu
2022 3098 2354 3164 assequatur
2381 3109 2528 3164 spes.
2552 3093 2697 3147 Nam
2727 3092 3027 3163 desperare
3069 3090 3138 3145 ab
3167 3109 3265 3163 spe
3291 3092 3487 3163 fugere
3516 3099 3620 3159 est,

333 3181 441 3243 est,
472 3181 533 3231 et
579 3177 921 3249 adipiscendi
965 3180 1171 3251 gratia,
1199 3182 1319 3253 jam
1365 3199 1478 3236 non
1527 3189 1615 3237 est
1661 3201 1809 3255 spes,
1840 3184 1938 3240 sed
2021 3186 2079 3236 et
2116 3181 2367 3252 quisquis
2396 3181 2466 3235 ab
2496 3197 2593 3251 spe
2630 3179 2794 3250 fugit,
2827 3179 2896 3233 ab
2917 3196 2985 3233 ea
3011 3179 3209 3251 utique
3237 3196 3299 3234 re
3323 3179 3625 3251 dapostata

330 3265 652 3336 desperatio
681 3267 910 3323 ruinosa
945 3286 957 3322 :
991 3286 1119 3341 spes
1148 3287 1279 3325 vero
1324 3271 1457 3325 licet
1492 3271 1640 3325 inter
1681 3273 1931 3339 adversa,
2018 3269 2249 3335 recedit,
2281 3270 2352 3323 ad
2383 3286 2553 3340 quam
2578 3286 2680 3339 per
2708 3282 2732 3311 θ
2761 3284 2919 3339 spem
2948 3267 3186 3321 festinus
3218 3268 3302 3322 ire
3326 3269 3618 3325 debuerat.

326 3369 622 3425 nunquam
653 3360 740 3410 est
766 3356 888 3411 sine
913 3357 1114 3427 gloria,
1150 3358 1319 3413 etiam
1358 3359 1416 3413 in
1456 3359 1932 3425 tribulationibus,
2018 3357 2255 3411 Necesse
2302 3364 2387 3410 est
2431 3362 2640 3422 autem,
2675 3356 2771 3426 qui
2820 3356 3082 3425 desperat
3118 3361 3432 3411 retrorsum
3476 3359 3623 3412 alie-

2640 1114 2874 1170 CAPUT
2912 1115 3001 1170 VI.

2578 1258 2651 1311 De
2675 1259 3068 1326 desperatione.

327 3442 401 3497 de
443 3442 645 3514 quibus
691 3446 1035 3516 permaxime
1062 3448 1272 3502 Paulus
1308 3447 1586 3519 gloriatur
1624 3450 1929 3523 apqstolus,

327 3536 388 3585 et
414 3548 530 3586 non
558 3532 738 3587 solum
770 3534 829 3588 in
858 3534 1098 3603 eisdem;
1139 3552 1335 3591 verum
1364 3536 1421 3590 in
1452 3554 1549 3607 spe
1575 3537 1767 3607 gloriae
1794 3537 1936 3591 ﬁlio-

325 3635 477 3684 rum,
506 3636 629 3691 qua:
658 3638 947 3693 nunquam
976 3624 1183 3679 misera
1203 3630 1307 3679 est.
1341 3625 1488 3678 Vera
1514 3625 1791 3694 siquidem
1815 3626 1933 3695 glo-

322 3704 414 3759 ria
436 3723 662 3778 semper
689 3709 930 3763 miseriis
957 3716 1111 3764 caret
1141 3728 1152 3763 :
1187 3728 1312 3782 spes
1340 3728 1473 3781 ergo
1502 3711 1696 3781 gloriae
1725 3712 1933 3766 misera

323 3810 451 3849 esse
478 3812 591 3849 non
619 3802 822 3866 potest,
848 3814 972 3867 qum
999 3815 1032 3851 a
1057 3798 1241 3868 gloria
1268 3800 1606 3868 illustratur,
1621 3805 1678 3854 et
1705 3800 1829 3854 ideo
1850 3806 1930 3854 te-

320 3899 563 3938 neamus
577 3901 734 3956 spem
756 3885 914 3951 lucis,
943 3902 1013 3941 ne
1036 3886 1283 3942 tenebris
1300 3887 1676 3956 involvamur;
1705 3888 1930 3943 festine-

317 3986 452 4026 mus
480 3971 552 4026 ad
597 3972 1040 4028 immortalitatis
1087 3992 1270 4046 spem,
1298 3981 1364 4030 ut
1404 3982 1584 4031 morte
1614 3993 1924 4031 careamus.

319 4060 465 4132 Spes
494 4059 670 4131 igitur
694 4061 948 4117 omnium
976 4079 1173 4119 earum
1202 4069 1288 4118 est
1314 4081 1524 4130 rerum,
1557 4081 1679 4136 quae
1709 4081 1821 4119 non
1849 4065 1927 4119 vi-

315 4147 548 4215 dentur,
580 4165 748 4220 quam
793 4150 841 4204 si
889 4151 1014 4222 quis
1050 4168 1188 4206 sane
1224 4153 1524 4207 servaverit
1555 4170 1732 4224 spem,
1764 4153 1926 4209 bonis

308 4236 601 4308 justisque
621 4237 886 4309 operibus
916 4240 1247 4306 confertam,
1274 4241 1362 4294 his
1390 4240 1650 4296 omnibus
1675 4242 1794 4296 sine
1814 4243 1926 4297 ﬁne

2015 3446 2222 3512 nando,
2246 3450 2309 3499 ut
2330 3461 2483 3515 spem
2508 3459 2798 3514 nunquam
2821 3442 3041 3504 habeat,
3066 3443 3213 3497 sicut
3238 3445 3335 3514 qui
3360 3444 3619 3499 tenebras

2015 3550 2238 3605 semper
2270 3532 2531 3598 intendit,
2564 3538 2630 3586 ut
2668 3533 2861 3585 lumen
2908 3547 3197 3600 nunquam
3226 3532 3429 3586 videat.
3470 3534 3617 3587 Nam

2015 3621 2110 3692 qui
2142 3621 2403 3676 tenebras
2432 3621 2642 3674 tuendo
2666 3619 2685 3659 ΐ
2710 3619 2836 3689 plus
2863 3617 3154 3683 incumbit,
3179 3618 3313 3690 quid
3340 3620 3476 3690 agit,
3505 3620 3615 3675 nisi

2015 3725 2085 3763 ne
2113 3710 2304 3763 lumen
2334 3708 2548 3762 videat?
2588 3707 2677 3761 Sic
2716 3711 2774 3760 et
2802 3706 2899 3777 qui
2926 3706 3205 3777 desperat,
3238 3707 3371 3760 facit
3403 3707 3511 3761 sibi
3542 3724 3615 3762 ne

2012 3797 2225 3868 aliquid
2256 3796 2385 3851 boni
2414 3796 2721 3865 contingat.
2764 3795 2909 3864 Ergo
2940 3795 3238 3866 desperare
3275 3795 3416 3849 nihil
3457 3796 3613 3851 aliud

2012 3890 2116 3951 est,
2139 3902 2308 3956 quam
2338 3901 2495 3955 spem
2526 3901 2560 3938 a
2588 3882 2753 3937 rebus
2780 3882 2942 3937 bonis
2970 3889 3239 3937 avertere.
3273 3883 3431 3939 Unde
3467 3885 3613 3939 levet

2010 3973 2177 4028 homo
2202 3990 2236 4028 a
2264 3973 2482 4027 malitia
2511 3988 2606 4027 cor
2629 3988 2794 4027 suum
2818 3990 2831 4038 ;
2868 3972 3133 4041 quoniam
3156 3978 3364 4043 quanto
3386 3972 3611 4043 profun-

2010 4062 2137 4117 dius
2161 4059 2510 4133 desperando
2540 4060 2672 4128 ruit,
2701 4066 2859 4114 tanto
2887 4060 3109 4130 longius
3131 4077 3163 4114 a
3185 4078 3246 4116 re
3271 4061 3502 4132 optabili
3523 4078 3610 4117 re-

2007 4150 2174 4205 cedit.

2076 4238 2131 4292 2.
2162 4238 2426 4292 Nascitur
2453 4242 2641 4292 autem
2673 4237 2989 4308 desperatio
3019 4242 3262 4308 quatuor
3289 4255 3355 4293 ex
3382 4239 3563 4294 causis
3587 4256 3599 4294 :

310 4325 543 4380 fruetur
582 4326 764 4395 bonis,
797 4328 968 4384 etiam
1015 4335 1074 4384 et
1108 4330 1166 4384 in
1210 4335 1393 4384 morte
1422 4329 1638 4385 beatus.
1671 4330 1987 4388 PasciturD
2005 4342 2072 4380 ex
2107 4327 2404 4397 tepiditate
2433 4324 2645 4381 scilicet
2686 4326 2772 4380 vel
2803 4325 3045 4395 ignavia,
3077 4343 3143 4379 ex
3180 4343 3371 4381 amore
3413 4344 3602 4382 rerum

312 4419 513 4468 autem
562 4415 1013 4472 Christianorum
1064 4435 1213 4490 spes,
1271 4424 1336 4473 ut
1371 4419 1619 4489 quotidie
1661 4419 1916 4485 virescat,

310 4501 611 4573 patientia,
668 4506 1049 4561 consolatione
1104 4512 1427 4561 sanctarum
1481 4507 1917 4578 Scripturarum,

308 4590 466 4645 sicut
491 4591 698 4647 Paulus
729 4595 1016 4665 apostolus
1035 4595 1385 4649 demonstrat
1403 4595 1593 4649 dicens
1617 4615 1628 4649 :
1665 4596 1923 4663 Quacun-

310 4695 421 4747 quc
433 4683 639 4749 scripta
652 4687 805 4749 sunt,
821 4684 895 4737 ad
906 4682 1704 4755 nostram,inquit,doctrinam
1719 4688 1923 4754 scripta

278 4820 281 4823 .
306 4771 466 4833 sunt,
476 4773 536 4822 ut
546 4785 643 4838 per
650 4773 1923 4842 patientiam,etconsulationemScrzpturarum

308 4870 465 4924 spem
491 4856 788 4913 habeamus
819 4861 990 4927 (Rom.
1014 4877 1110 4926 xv,
1141 4860 1256 4925 14).
1292 4860 1436 4931 Ergo
1466 4877 1568 4931 per
1591 4860 1920 4932 patientiam

307 4948 370 4998 et
401 4945 844 5002 consolationem
875 4948 1292 5021 Scripturarum
1321 4966 1449 5020 spes
1477 4954 1753 5020 augetur;
1787 4967 1920 5020 quo-

305 5032 468 5088 niam
493 5033 562 5089 de
588 5036 865 5106 patientia
894 5037 1153 5109 probatio
1182 5038 1434 5093 nascitur
1463 5038 1838 5109 perfectionis,
1862 5044 1919 5093 et

303 5121 383 5176 de
419 5121 761 5193 perfectione
790 5124 1068 5181 bonorum
1098 5143 1331 5198 operum
1360 5142 1488 5198 spes
1512 5126 1734 5182 Christo
1761 5142 1915 5181 com-

303 5207 579 5279 mittitur,
611 5218 781 5286 atque
817 5214 887 5270 de
918 5215 1296 5271 consolatione
1330 5214 1747 5287 Scripturarum
1777 5214 1914 5270 soli-

380 5363 409 5424 ξι
438 5352 611 5424 Edit,
642 5370 776 5424 sape
801 5357 1006 5412 dicens.

378 5422 408 5464 ι’
437 5423 611 5490 Edit,
643 5422 832 5485 nulla.

376 5502 401 5533 ο
428 5494 498 5552 In
526 5494 696 5552 editis
722 5496 952 5555 additur
974 5516 1102 5557 esse.

554 5596 824 5663 PATBOL.
869 5599 1052 5665 CXX.

2006 4415 2399 4486 temporalium
2429 4415 2516 4469 vel
2556 4414 2927 4469 oblectatione
2967 4413 3332 4484 voluptatum,
3377 4431 3445 4467 ex
3490 4414 3601 4469 im-

2002 4504 2276 4557 manitate
2320 4503 2649 4558 delictorum
2696 4503 2780 4556 vel
2824 4502 3118 4568 scelerum,
3161 4519 3226 4555 ex
3275 4508 3602 4575 contemptu

2002 4592 2275 4664 superbia:
2302 4597 2359 4646 et
2387 4592 2694 4663 cupiditate
2722 4589 2960 4662 propriae
2989 4590 3301 4660 potestatis.
3328 4591 3504 4646 Porro
3533 4609 3602 4647 ex

2004 4681 2299 4753 tepiditate
2327 4681 2413 4734 vel
2440 4680 2662 4751 ignavia
2690 4677 2959 4746 nascitur,
2981 4695 3109 4732 cum
3136 4684 3323 4750 torpet
3352 4680 3595 4749 animus,

2005 4776 2061 4825 et
2086 4775 2364 4841 praecepta
2391 4768 2493 4823 Dei
2526 4767 2891 4839 impossibilia
2928 4767 3276 4838 judicantur,
3308 4785 3423 4823 non
3452 4770 3602 4841 quod

2002 4859 2141 4913 adeo
2172 4859 2284 4913 sint
2301 4857 2494 4929 gravia
2517 4874 2530 4923 ;
2572 4856 2670 4910 sed
2696 4872 2922 4926 pressus
2950 4857 3155 4911 misero
3182 4857 3453 4928 languore
3481 4858 3599 4912 ani-

2000 4964 2126 5001 mus
2154 4963 2257 5002 nec
2296 4947 2414 5001 vult
2454 4961 2767 5015 assurgere,
2798 4950 3074 5015 quatenus
3103 4945 3310 5000 Christi
3338 4963 3439 5016 per
3462 4962 3595 5015 gra-

1998 5034 2136 5089 tiam
2166 5034 2356 5089 omnia
2381 5032 2557 5106 possit
2584 5050 2711 5087 cum
2741 5032 3008 5104 Apostolo
3054 5033 3115 5088 in
3153 5050 3218 5088 eo
3250 5032 3345 5104 qui
3377 5039 3593 5086 mentes

1997 5129 2219 5178 nostras
2265 5124 2560 5177 confortat.
2601 5123 2718 5177 Nec
2771 5122 2949 5193 igitur
2995 5122 3194 5194 probat
3238 5120 3386 5192 quod
3435 5118 3594 5174 labor

1997 5212 2205 5267 Christi
2234 5211 2425 5267 omnia
2453 5210 2640 5278 vincit,
2664 5212 2837 5283 fitque
2861 5228 3010 5278 reus,
3043 5210 3177 5265 dum
3202 5213 3299 5262 aut
3325 5212 3592 5262 naturam

2067 5353 2094 5396 (ι
2121 5355 2193 5426 In
2208 5352 2347 5426 edit.
2379 5353 2539 5408 deest
2567 5370 2647 5423 re,
2674 5353 2835 5426 cujus
2862 5353 2982 5410 loco
3007 5349 3297 5408 substituit
3322 5355 3389 5405 et.

2067 5435 2089 5462 °
2118 5424 2290 5492 Edit.,
2318 5427 2391 5480 ad
2418 5442 2584 5495 spem.

2072 5496 2093 5537 ί
2117 5495 2291 5567 Edit.,
2326 5498 2570 5553 tenendo.

3278 5594 3359 5661 46
