3992 6166
460 234 595 311 1451
816 242 824 249 ·
1242 235 1299 289 s.
1342 232 1723 288 PASCHASII
1762 229 2124 302 RADBERTI
2165 232 2469 303 sensus
2507 221 3005 301 consulimus.
3608 226 3751 297 Μιξῖ

453 362 603 416 male
633 371 659 402 ι
684 364 911 433 torpore
932 375 1155 432 pressus
1174 362 1416 414 accusat.
1446 361 1546 411 aut
1566 361 1716 410 certe
1737 356 1915 411 Deum
1929 360 2116 431 ενδ-Α
2138 357 2277 423 falsa
2317 357 2463 421 sicut
2504 355 2647 410 nihil
2687 356 2870 437 juvat,
2912 352 2994 406 ita
3038 368 3173 407 vera
3194 356 3519 429 sperantem
3560 351 3749 411 beati-

454 450 545 504 via
574 456 633 505 et
674 440 1045 521 impossibiiia
1085 447 1412 519 praecepisse
1453 444 1690 515 iudicat.
1743 445 1821 499 Ex
1868 462 2059 499 amore
2141 447 2288 501 ﬂeat.
2320 447 2527 516 Magna
2546 444 2721 522 igitur
2744 442 3016 497 securitas
3041 442 3179 519 spei,
3201 442 3294 502 cui
3318 442 3595 523 promissa
3616 442 3743 508 Dei,

461 557 684 612 quoque
706 538 1101 610 temporalium
1136 552 1323 603 rerum
1352 535 1440 587 vel
1468 532 1837 587 oblectatione
1874 534 2059 587 nasci-
2140 534 2253 588 imo
2281 533 2598 606 specialiter
2638 533 2789 587 Deus
2829 532 2949 613 ipse
2976 536 3179 603 praesto
3209 536 3312 585 est.
3344 532 3415 588 Et
3441 530 3567 585 ideo
3596 547 3745 613 spes,

452 620 573 694 tur,
608 630 740 683 dum
770 628 922 682 hisce
947 626 1114 693 rebus
1145 642 1303 679 mens
1342 624 1501 695 quasi
1530 624 1695 677 beata
1722 624 1930 692 gaudet
1960 623 2059 677 ob-
2139 624 2300 693 juxta
2344 621 2669 675 llebraicam
2716 620 3011 687 veritatem
3039 619 3097 673 in
3134 618 3392 695 Psalmis,
3426 619 3637 674 ﬁducia
3663 620 3748 673 vel

461 717 675 783 lectari,
696 733 805 787 quo
822 717 1039 768 beatum
1057 715 1321 767 dixerunt
1337 713 1553 785 populi,
1566 727 1805 779 quorum
1818 713 2056 778 dextera,

463 807 683 859 dextera
713 810 787 858 est
829 805 1183 871 iniquitatis;
1228 816 1467 869 quorum
1516 803 1626 867 ﬁlii
1670 803 1811 853 sicut
1844 802 2065 855 novella;

459 895 905 963 plantationis,et
919 893 1047 958 ﬁlia:
1064 894 1196 943 sunt
1216 892 1517 958 composita
1531 894 1593 942 ut
1611 891 1922 943 similitudo
1935 894 2065 943 tem-

460 984 548 1051 pli
564 1001 580 1045 ;
605 996 842 1050 quorum
865 982 1257 1049 promptuaria
1275 981 1439 1047 plena
1458 982 1609 1042 sunt,
1628 994 1846 1045 oresque
1866 979 2059 1044 fetosa,

466 1076 516 1123 et
545 1072 693 1123 boves
707 1070 1073 1138 pinguissimi
1091 1068 1255 1132 (Psal.
1277 1080 1467 1129 CXLIII,
1492 1064 1569 1123 8).
1587 1065 1800 1129 Quibus
1819 1066 2064 1136 profecto

466 1158 672 1222 illecta,
695 1163 754 1211 et
779 1156 950 1210 variis
979 1154 1254 1219 inebriat;
1280 1171 1442 1221 meas
1462 1153 1899 1217 oblectamentis,
1926 1172 2069 1209 sem-

467 1247 689 1319 piterna
709 1246 855 1300 bona
876 1261 988 1299 non
1008 1250 1214 1315 sperat,
1229 1260 1331 1297 nec
1349 1243 1603 1313 requirit.
1628 1242 1654 1283 ι)
1677 1243 1913 1298 Omnem
1934 1261 2066 1315 ergo

469 1351 627 1406 spem
653 1350 813 1389 suam
843 1334 900 1387 in
944 1333 1029 1386 his
1071 1332 1289 1403 posuit;
1320 1331 1526 1384 idcirco
1549 1332 1669 1401 jam
1699 1332 1810 1386 alia
1838 1349 1950 1386 non
1981 1334 2067 1387 in-

2146 711 2417 765 secur‘itas
2442 709 2775 789 appellatur,
2808 708 2906 762 ubi
2933 707 3016 761 ait
3046 725 3058 760 :
3094 709 3369 775 Quoniam
3390 713 3469 777 tu,
3493 710 3746 775 Domine,

2146 802 2455 868 specialiter
2485 802 2548 852 in
2576 800 2867 851 securitate
2895 798 3146 857 habitare
3175 813 3257 857 me
3280 798 3462 864 fecisti
3481 797 3651 867 (Psal.
3674 812 3748 863 Iv,

2147 889 2270 959 10);
2308 888 2513 971 quippe
2543 886 2677 967 quia
2703 885 2974 947 securitas
3003 900 3211 955 magna
3237 890 3325 939 est
3349 885 3613 949 habitare
3637 885 3755 947 ani-

2147 993 2294 1039 mam
2334 977 2390 1042 in
2434 975 2713 1044 adiutorio
2752 974 3046 1040 Altissimi,
3083 980 3140 1028 et
3166 974 3504 1041 commorari
3532 974 3593 1033 in
3618 991 3754 1057 pro-

2146 1065 2388 1118 tectione
2414 1063 2515 1118 Dei
2547 1063 2690 1117 coeli.
2726 1063 2884 1116 ilanc
2914 1078 3049 1123 sane
3078 1079 3237 1133 spem
3266 1067 3449 1125 tutam
3479 1063 3756 1131 habemus

2149 1153 2207 1207 in
2233 1153 2500 1221 interiore
2522 1151 2817 1206 velaminis
2839 1150 3068 1214 Christi,
3098 1151 3194 1205 ubi
3220 1152 3465 1227 pontifex
3496 1153 3757 1221 Christus

2149 1242 2385 1296 introiit.
2419 1242 2563 1305 Quia
2586 1240 2617 1280 ‘h
2648 1240 2695 1294 si
2724 1247 2982 1325 peccator
3009 1256 3088 1305 es,
3121 1240 3282 1294 venia
3321 1247 3561 1318 regnat;
3593 1241 3644 1295 si
3669 1259 3756 1311 ve-

2147 1345 2212 1382 ru
2240 1330 2497 1383 inﬁrmus
2527 1334 2584 1382 et
2617 1333 2882 1401 aegrotus,
2920 1328 3109 1395 salus;
3158 1328 3207 1387 si
3242 1335 3433 1387 autem
3474 1337 3758 1399 mortuus,

469 1422 667 1476 tendit.
694 1421 910 1475 Deinde
937 1437 1002 1474 ex
1028 1419 1381 1487 immanitate
1413 1420 1497 1472 vel
1526 1420 1862 1491 enormitate
1889 1423 2067 1487 ,scele-
2148 1417 2366 1471 delictis
2409 1418 2525 1471 vita
2570 1408 2774 1484 datur;
2821 1422 2879 1471 et
2923 1416 2971 1470 si
3019 1416 3080 1470 in
3126 1416 3392 1485 tenebris,
3426 1418 3524 1488 lux
3571 1420 3764 1487 omnia

403 1522 409 1531 ‘
469 1526 596 1565 rum
624 1509 940 1580 desperatio
966 1507 1235 1574 nascitur,
1266 1507 1399 1577 quia
1426 1508 1659 1577 majora.
1694 1509 1920 1564 fallente
1945 1510 2070 1564 dia-
2150 1506 2583 1573 circumlustrat.
2623 1507 2739 1568 Nec
2785 1510 2871 1561 est
2921 1505 3071 1569 ullus
3118 1507 3532 1589 desperationis
3584 1509 3759 1573 locus,

469 1599 618 1662 bolo,
649 1614 751 1650 sua
772 1597 938 1650 homo
950 1596 1168 1666 judicat
1186 1596 1406 1661 delicta,
1434 1613 1602 1666 quam
1621 1598 2067 1654 misericordiam
2149 1595 2246 1649 ubi
2277 1595 2682 1666 omnipotentia
2706 1595 2871 1665 viget,
2897 1600 3120 1649 tantum
3149 1596 3195 1649 si
3224 1601 3281 1649 te
3304 1595 3534 1652 animai
3566 1615 3643 1666 ne
3664 1606 3767 1663 aut

470 1686 575 1745 Dei
599 1704 611 1740 :
638 1684 734 1739 ubi
768 1685 1055 1738 interdum
1083 1684 1189 1738 etsi
1215 1689 1239 1714 °
1268 1685 1336 1738 de
1365 1686 1618 1755 potentia
1648 1688 1955 1767 praesumit,
1999 1683 2374 1767 deBignavia
2428 1674 2725 1755 deprimat,
2757 1690 2859 1737 aut
2908 1683 3059 1743 bona
3107 1685 3437 1746 transitoria
3481 1702 3556 1753 ne
3617 1686 3768 1752 ohle-

472 1776 759 1828 voluntate
781 1772 1018 1827 dubitat.
1035 1774 1195 1836 Quod
1216 1774 1389 1828 David
1408 1773 1888 1847 beneintelligens
1910 1770 2101 1832 misef
2151 1779 2320 1836 ctent,
2360 1778 2461 1840 aut
2497 1773 2823 1840 immanitas
2862 1773 3138 1836 scelerum
3192 1789 3262 1827 ne
3309 1774 3630 1853 demergat,
3658 1780 3761 1841 aut

474 1863 589 1917 reri
621 1862 744 1929 sibi,
775 1878 889 1916 non
918 1861 1224 1915 secundum
1255 1878 1358 1916 sua
1387 1862 1609 1927 delicta,
1642 1864 1740 1917 sed
1767 1869 2069 1929 secundum
2152 1867 2505 1947 contemptus
2550 1878 2623 1916 ne
2669 1861 2969 1927 absorbeat
3000 1880 3011 1915 :
3049 1862 3250 1945 quibus
3297 1865 3604 1945 propulsis,
3636 1882 3762 1947 spes

475 1968 741 2021 magnam
767 1952 1207 2017 misericordiam
1227 1952 1342 2013 Dei,
1363 1957 1411 2004 et
1439 1954 1740 2013 secundum
1767 1957 2071 2013 miseratio-
2151 1967 2349 2005 secura
2378 1951 2435 2004 in
2469 1951 2751 2021 refugium
2780 1951 3055 2011 Altissimi
3083 1957 3227 2025 tuta,
3258 1959 3463 2019 cuncta
3502 1960 3760 2025 superat.

476 2056 615 2107 num
645 2041 1067 2094 multitudinem
1092 2041 1257 2103 (Psal.
1281 2057 1331 2111 L,
1355 2040 1410 2106 5)
1438 2046 1616 2117 rogat,
1642 2057 1754 2101 non
1781 2047 1942 2102 tanta
1968 2058 2072 2103 sua
2150 2038 2311 2093 Unde
2339 2044 2396 2093 et
2422 2039 2572 2093 beati
2601 2055 2796 2094 omnes
2836 2040 3007 2101 etiam
3035 2040 3092 2095 in
3126 2036 3406 2095 miseriisi
3452 2042 3632 2119 hujus
3656 2061 3766 2109 sa;-

475 2132 745 2213 reputans
764 2127 1028 2192 facinora,
1046 2132 1284 2197 quantas
1300 2127 1643 2183 Deinoverat
1658 2131 2066 2185 miserationes.
2153 2127 2263 2182 cuii
2279 2129 2401 2198 jam
2423 2127 2689 2182 dicuntur
2709 2128 2807 2205 qui
2828 2134 3058 2210 sperant
3078 2128 3137 2183 in
3163 2130 3551 2195 Domino.Qui
3572 2138 3767 2199 autem

477 2218 588 2272 Sed
620 2224 677 2271 et
701 2217 977 2291 propheta
1005 2216 1149 2281 alius
1174 2232 1190 2271 -:
1223 2218 1366 2270 Novi
1403 2220 1547 2285 quod
1584 2223 1772 2273 multa
1813 2222 1947 2281 sint,
1995 2221 2075 2273 in-
2155 2222 2402 2288 sperant,
2434 2233 2538 2270 nec
2562 2217 2918 2297 delinquunt,
2948 2218 3098 2277 sicut
3145 2219 3447 2280 Psalmista
3473 2221 3668 2287 canit:
3702 2224 3767 2286 Et

479 2305 621 2377 quit,
675 2307 1055 2371 miserationes
1103 2308 1223 2383 ejus
1269 2305 1320 2374 (Ι
1367 2307 1554 2360 Paral.
1611 2321 1726 2373 xxx,
1766 2307 1888 2379 .13).
1913 2309 2077 2362 Patet
2157 2322 2271 2369 non
2300 2307 2639 2374 delinquunt
2667 2322 2853 2365 omnes
2869 2310 2973 2375 qui
2999 2312 3225 2381 sperant
3252 2311 3317 2362 in
3334 2309 3575 2373 Domino
3593 2311 3761 2383 (Psal.

476 2383 669 2475 igitur,
702 2394 850 2475 quod
879 2393 1035 2447 nulla
1065 2400 1151 2448 est
1191 2394 1372 2475 culpa,
1421 2411 1588 2473 quam
1621 2396 1721 2449 Dei
1764 2413 1877 2452 non
1917 2414 2076 2454 exce-
2157 2408 2344 2462 χχχιιι,
2374 2392 2488 2463 ‘23).
2531 2394 2696 2457 Patet
2726 2411 2791 2448 ex
2819 2394 2999 2449 verbis
3026 2395 3301 2471 Apostoli,
3336 2397 3491 2473 quod
3520 2398 3766 2461 charitas

478 2468 577 2551 dat
621 2468 1022 2549 misericordia,
1074 2499 1255 2554 neque
1285 2468 1450 2537 iullus
1496 2489 1583 2537 est
1609 2485 1940 2543 dilectorum
1971 2504 2077 2543 nu-
2157 2499 2447 2563 nunquam
2481 2482 2772 2563 delinquit,
2820 2484 2955 2559 quia
2990 2468 3296 2559 nunquam
3331 2468 3539 2553 cecidet
3562 2488 3619 2556 (Ι
3644 2490 3767 2557 Cor.

478 2587 687 2638 merus,
718 2587 828 2643 quo
875 2573 1289 2637 numerosiores
1333 2589 1445 2626 non
1500 2573 1615 2631 sint
1666 2575 2074 2641 miserationes,
2158 2586 2273 2635 xui,
2298 2571 2348 2643 8)
2374 2590 2388 2624 ε
2422 2572 2565 2625 sicut
2588 2588 2689 2626 nec
2715 2589 2859 2654 spes,
2883 2572 3017 2649 quia
3034 2574 3302 2639 omniain
3321 2575 3603 2643 charitate
3627 2576 3764 2647 agit.

478 2660 527 2714 si
562 2676 675 2714 non
723 2660 1038 2730 desperatio
1068 2660 1153 2714 vel
1194 2659 1608 2731 impmnitentia
1635 2664 1817 2717 cordis
1854 2664 2080 2731 claudat
2162 2660 2331 2715 Nulla
2354 2660 2529 2737 igitur
2551 2677 2676 2732 spes
2698 2666 2782 2715 est
2809 2678 2932 2737 quae
2963 2678 3075 2721 non
3105 2662 3308 2735 diligit,
3332 2669 3390 2718 et
3416 2681 3530 2730 non
3557 2666 3766 2733 credit;

474 2749 730 2819 j'anuam.
767 2748 852 2802 Ad
880 2747 1143 2802 ultimum
1185 2748 1255 2801 de
1289 2754 1613 2820 contemptu
1652 2752 1902 2810 nascitur
1926 2753 2078 2831 peri-
2161 2749 2308 2819 quod
2331 2750 2380 2802 si
2407 2749 2586 2804 credit
2613 2758 2672 2804 et
2689 2748 2891 2821 diligit,
2910 2767 3023 2805 non
3046 2751 3342 2823 delinquit.
3368 2753 3513 2820 Hinc
3542 2770 3770 2835 quoque

479 2837 724 2904 culosior
772 2836 1110 2917 desperatio,
1151 2837 1208 2890 in
1259 2853 1367 2913 qua
1418 2840 1840 2894 semelomnes
1893 2841 2077 2917 angeli
2158 2838 2417 2891 Veritas:
2453 2839 2662 2901 Omnis,
2682 2838 2887 2910 inquit,
2905 2842 3007 2910 qui
3026 2842 3161 2901 vivit
3181 2845 3230 2893 et
3248 2843 3420 2907 credit
3440 2845 3507 2894 in
3526 2860 3633 2909 me,
3657 2859 3769 2902 non

480 2933 690 2991 satana:
716 2926 991 2987 corruisse.
1037 2933 1365 2990 noscuntur,
1395 2928 1491 3003 qui
1532 2928 1637 2982 etsi
1674 2934 1921 3005 possent,
1955 2946 2081 2983 con-
2164 2930 2436 2980 morietur
2455 2929 2519 2987 in
2538 2932 2808 2987 εῑνίϐνηῖιηῖ
2829 2930 3009 2994 (Joan.
3033 2942 3108 2997 XI,
3130 2925 3401 3003 26).Nam
3425 2947 3556 3002 spes
3580 2932 3768 2997 omnis

480 3020 745 3071 temnunt
784 3016 970 3068 redire
1006 3031 1120 3086 prae
1162 3015 1441 3086 superbia.
1474 3016 1618 3070 Hinc
1643 3034 1867 3095 quoque
1900 3014 2609 3095 Scrip-CChrislianorum
2649 3016 2719 3069 de
2750 3015 2858 3070 ﬁde
2888 3021 2943 3070 et
2990 3016 3262 3081 charitate
3299 3019 3576 3088 procedit.
3611 3020 3768 3085 Tolle

481 3108 612 3157 tura
636 3102 705 3156 de
730 3100 985 3171 reprobis
1009 3120 1022 3155 ε
1054 3104 1266 3169 Impius
1286 3118 1412 3165 cum
1445 3105 1505 3162 in
1530 3105 1879 3170 profundum
1910 3111 2079 3160 malo-
2157 3103 2333 3173 ig‘itur
2361 3104 2547 3168 ﬁdem,
2570 3121 2673 3158 nec
2692 3110 2779 3165 est
2797 3104 2933 3187 quid
2962 3122 3188 3178 sperare
3215 3106 3429 3178 possis;
3462 3108 3602 3179 quia
3630 3107 3767 3171 ﬁdes

482 3206 614 3244 rum
643 3192 870 3253 venerit,
912 3192 1209 3243 contemnit
1241 3189 1419 3258 (Prov.
1453 3203 1609 3255 xvm,
1632 3190 1705 3260 Β).
1739 3192 2002 3271 Alioquin
2031 3195 2078 3249 si

481 3292 596 3332 non
622 3276 1054 3349 impaenitudine
1079 3277 1261 3331 cordis
1289 3277 1348 3331 in
1376 3277 1822 3361 desperationem
1852 3283 2075 3349 ruisset,

482 3381 775 3436 nunquam
796 3365 857 3419 in
885 3370 1001 3419 tam
1031 3365 1367 3441 profundum
1409 3368 1687 3422 malorum
1723 3369 1982 3433 venisset,
2018 3377 2082 3436 ut

483 3462 885 3522 contemneret.
914 3457 1047 3531 Quae
1068 3455 1333 3520 nimirum
1356 3457 1520 3526 culpa
1539 3457 1840 3512 immanior
1863 3465 1949 3515 est
1968 3477 2082 3513 om-

482 3544 648 3609 nibus
673 3543 871 3627 culpis,
891 3561 1012 3622 quae
1041 3561 1143 3598 nec
1161 3544 1251 3598 hic
1275 3561 1375 3598 nec
1395 3544 1423 3580 ά
1451 3532 1511 3598 in
1541 3545 1729 3601 futuro
1751 3548 2077 3616 remittitur,

484 3648 550 3698 eo
571 3633 723 3702 quod
754 3624 964 3695 Claudit
995 3632 1209 3695 aditum
1236 3632 1470 3706 Spiritui
1500 3640 1690 3687 sancto
1710 3635 1781 3688 ad
1807 3636 2075 3701 animam,
2124 3624 2133 3634 ’

483 3736 557 3775 ne
600 3737 702 3803 per
744 3720 1150 3799 indulgentiam
1198 3722 1321 3801 ejus
1349 3722 1564 3785 veniam
1596 3722 1846 3801 accipiat.
1880 3725 1949 3778 Et
1978 3726 2082 3780 hoc

486 3815 573 3875 est
620 3808 1027 3891 blasphemare,
1059 3815 1124 3871 ut
1169 3809 1303 3877 dixi,
1356 3810 1414 3875 in
1471 3810 1683 3885 Spiritu
1723 3818 1933 3879 sancto,
1985 3830 2086 3884 per

486 3897 937 3979 desperationem
957 3913 1141 3965 ruere,
1172 3914 1245 3953 ne
1265 3914 1361 3959 cor
1380 3898 1450 3957 ad
1467 3899 1856 3980 paenitentiam
1871 3902 2083 3969 redeat,

487 3986 742 4053 relaxare
769 3990 812 4039 ".

560 4072 612 4141 3,
661 4075 1015 4151 Quapropter
1056 4074 1161 4128 etsi
1212 4074 1684 4142 immanissimum
1742 4083 1828 4131 est
1881 4081 2081 4148 scelus,

489 4162 629 4216 satis
655 4162 678 4201 τ
720 4168 786 4215 ut
836 4162 1142 4217 secundum
1184 4179 1447 4232 magnam
1495 4164 1933 4222 misericordiam
1985 4169 2088 4239 Dei

2160 3192 2308 3246 circa
2334 3207 2398 3245 ea
2422 3198 2678 3246 versatur
2706 3209 2828 3263 quae
2855 3209 2971 3252 non
2990 3194 3247 3261 videntur
3275 3199 3333 3249 et
3361 3200 3578 3261 eterna
3610 3202 3763 3263 sunt.

2162 3280 2323 3344 Quod
2351 3280 2398 3334 si
2426 3297 2618 3361 speras
2646 3298 2713 3335 ea
2736 3287 2795 3341 ,et
2834 3281 3038 3357 diligis,
3073 3283 3206 3353 quia
3235 3300 3526 3351 summum
3553 3284 3766 3350 bonum

2163 3374 2220 3422 et
2251 3369 2596 3443 sempiterna
2625 3375 2777 3441 sunt,
2827 3370 3024 3441 utique
3080 3371 3279 3443 credis,
3314 3373 3449 3443 quia
3497 3380 3680 3445 sunt“
3709 3380 3769 3439 et

2163 3457 2310 3526 quod
2335 3457 2405 3511 ad
2432 3463 2489 3511 te
2516 3459 2868 3531 pertineant;
2900 3476 3091 3533 speras
3110 3476 3261 3533 vero,
3282 3461 3313 3497 ιί
3340 3462 3476 3534 quia
3503 3463 3641 3529 data
3668 3480 3767 3534 per

2163 3545 2329 3609 ﬁdem
2375 3551 2433 3599 et
2470 3547 2809 3623 repromissa
2855 3554 3006 3603 sunt.
3047 3549 3207 3613 Unde
3250 3550 3401 3619 Deus
3437 3567 3544 3631 per
3599 3552 3765 3617 ﬁdem

2163 3636 2221 3699 in
2258 3633 2419 3688 nobis
2463 3634 2718 3694 habitare
2758 3636 2966 3691 dicitur
3005 3637 3149 3692 sicut
3186 3644 3243 3705 et
3284 3655 3389 3706 nos
3417 3639 3478 3705 in
3504 3641 3624 3707 Deo

2166 3739 2267 3803 per
2309 3723 2553 3793 gratiam
2606 3741 2819 3797 sumus,
2852 3725 2910 3778 in
2942 3743 3052 3797 quo
3097 3743 3251 3798 spem
3302 3734 3559 3798 nostram
3588 3735 3765 3793 totam

2166 3811 2456 3891 posuimus
2487 3814 2615 3867 lJer.
2657 3828 2793 3878 xvn,
2830 3813 2938 3884 l7).
2968 3814 3124 3869 Alias
3146 3822 3337 3883 autem
3378 3818 3529 3886 sicut
3561 3819 3766 3887 dicitur

2166 3901 2317 3966 Deus
2348 3901 2610 3967 charitas,
2638 3902 2721 3956 ita
2746 3908 2803 3958 et
2829 3919 2943 3981 spes
2980 3920 3102 3970 mea
3131 3905 3403 3971 Dominus
3433 3914 3532 3971 est,

2237 3990 2288 4043 4.
2330 3989 2439 4044 Sed
2487 3991 2849 4065 quaerendum
2894 3996 3089 4059 utrum
3124 3992 3244 4065 ipse
3286 4010 3450 4061 amor
3491 3996 3762 4063 amanda:

2167 4076 2260 4141 sit,
2286 4093 2395 4153 quo
2424 4064 2576 4132 Deus
2603 4085 2845 4151 amatur,
2879 4084 2935 4146 et
2975 4079 3113 4148 ﬁdes
3147 4064 3445 4150 credenda,
3480 4100 3597 4163 qua
3622 4085 3761 4149 Deus

2170 4165 2437 4257 creditur.
2479 4166 2635 4257 ‘ljunc
2663 4167 2976 4248 intelligere
3019 4168 3162 4257 forte
3204 4164 3539 4238 valebimus,
3560 4174 3617 4239 si
3640 4189 3761 4257 spes

490 4249 824 4322 paenitentia
868 4256 1091 4323 recepta
1118 4263 1148 4311 ς
1192 4252 1406 4319 veniam
1447 4259 1651 4334 speret.
1687 4254 1745 4321 Si
1791 4263 1981 4324 autem
2008 4258 2145 4337 in-_
2171 4253 2447 4332 speranda
2477 4254 2570 4335 sit,
2601 4271 2732 4333 qua,
2752 4271 2880 4327 quae
2904 4256 3247 4329 sempiterna
3268 4262 3423 4335 sunt,
3448 4249 3759 4337 speramus.

490 4354 729 4393 numera
762 4339 877 4393 sint
904 4345 1150 4410 peccata,
1170 4341 1362 4399 credat
1387 4330 1488 4412 pro
1517 4347 1689 4411 certo,
1711 4346 1858 4416 quod
1888 4330 2250 4410 nume-DDe
2278 4359 2389 4413 qua
2427 4330 2562 4397 sane
2600 4330 2697 4415 spe
2737 4344 3038 4420 Apostolus
3069 4362 3081 4398 :
3114 4345 3222 4424 Qui
3260 4330 3615 4418 regenefapii
3651 4365 3759 4415 nas,

488 4428 669 4483 rosior
708 4428 784 4482 sit
826 4433 883 4482 et
915 4427 1332 4496 misericordia;
1383 4446 1454 4485 ne
1495 4436 1594 4493 aut
1640 4434 1967 4504 magnitudo
1996 4436 2089 4490 de-

486 4516 607 4570 licti
656 4533 759 4572 nos
810 4516 1124 4584 absorbeat,
1181 4522 1280 4571 aut
1334 4517 1717 4589 multiplicitas
1776 4521 2084 4595 demergat.

493 4603 652 4665 Quod
670 4605 812 4669 bene
828 4606 1057 4668 intuens
1077 4605 1209 4665 alibi
1232 4604 1407 4659 David
1428 4612 1583 4670 orat:
1611 4609 1734 4663 Non
1758 4626 1860 4672 me,
1883 4593 2084 4685 inquit,

491 4691 768 4769 demergat
781 4701 1061 4775 tempestas
1077 4712 1250 4765 aquae,
1267 4710 1436 4764 neque
1451 4697 1729 4760 absorbent
1738 4702 1879 4775 prof
1874 4703 2025 4755 undu
2034 4719 2089 4759 τη

486 4768 679 4857 (Psal.
701 4768 891 4859 vam,
925 4782 1032 4845 16).
1064 4783 1207 4847 Quia
1234 4783 1481 4855 profecto
1511 4800 1650 4855 quos
1691 4768 1864 4843 semel
1894 4787 2088 4855 absor-

486 4864 679 4931 buerit
724 4867 1059 4951 desperatio,
1100 4873 1271 4926 veluti
1317 4872 1599 4927 daemones
1647 4890 1870 4949 semper
1898 4894 1967 4931 ne
2006 4895 2091 4943 re-

492 4953 665 5045 deant
688 4955 758 5045 ad
784 4954 900 5015 ima
926 4958 1119 5015 trahit.
1150 4960 1426 5014 Caeterum
1451 4978 1577 5041 spes
1605 4963 1795 5045 aliqua
1825 4982 2088 5041 progres-

491 5043 575 5098 sio
594 5048 703 5126 est,
732 5043 819 5107 ita
858 5048 1048 5106 tamen
1079 5046 1126 5113 si
1171 5047 1312 5101 falsa
1359 5065 1472 5103 non
1513 5056 1600 5108 est
1630 5069 1642 5104 :
1679 5043 1813 5124 quia
1838 5055 2088 5131 profecto

554 5170 783 5253 ἲὲίῖἐῧη
812 5170 979 5250 ηῖίιιθε
1026 5241 1036 5252 .

559 5238 589 5320 1.)
606 5238 794 5320 ,Μίίῇ
810 5241 1076 5320 “quifit

560 5314 583 5338 ‘
606 5313 670 5365 In
701 5314 865 5367 editis
894 5313 1165 5366 omissum
1193 5314 1312 5367 etsi.

556 5376 682 5471 3.1,".
691 5386 838 5471 .sdit-
870 5383 1171 5471 (ἔθεεψοε
1201 5383 1352 5456 quod
1375 5386 1567 5455 tamen
1584 5388 1912 5471 maxime.

559 5459 587 5490 °
606 5453 774 5521 Edit.,
808 5456 1096 5509 reluctari.

557 5525 583 5568 f
604 5524 776 5593 Edit.,
806 5527 944 5580 satis
971 5529 1064 5578 est.

2126 4438 2129 4441 ‘
2166 4430 2371 4507 inquit,
2392 4434 2453 4485 in
2471 4448 2616 4511 spem
2648 4433 2894 4502 vivamﬂ
2908 4434 3107 4505 Petr.I,
3132 4431 3209 4511 3),
3236 4433 3493 4517 profecto
3527 4436 3660 4507 quia
3684 4443 3764 4503 est

2170 4524 2225 4572 et
2243 4524 2482 4571 mortua.
2507 4520 2692 4589 Atque
2712 4518 2861 4579 idem
2883 4520 3084 4595 :Juste,
3104 4518 3303 4591 inquit,
3321 4526 3369 4573 et
3384 4522 3479 4599 pie
3496 4526 3757 4589 nipgmus,

2170 4612 2528 4689 exspectantes
2556 4608 2768 4665 beatam
2795 4623 2942 4679 spem
2970 4613 3020 4663 et
3045 4609 3343 4671 adventum
3372 4611 3610 4677 Domini
3629 4612 3759 4687 (Tit,

2170 4711 2225 4761 ιτ,
2256 4692 2370 4767 13).
2408 4695 2485 4748 Ex
2506 4710 2615 4766 quo
2644 4694 2838 4766 liquet,
2867 4695 3003 4770 quia
3033 4695 3139 4755 etsi
3167 4697 3444 4765 amandus
3473 4704 3565 4765 est
3591 4714 3762 4771 amet,

2170 4799 2283 4837 non
2311 4788 2502 4838 tamen
2532 4784 2714 4839 omnis
2751 4784 3027 4847 amandus
3052 4790 3156 4856 est,
3186 4784 3333 4851 sicut
3376 4803 3484 4853 nee
3516 4789 3765 4856 omnium

2171 4872 2309 4926 ﬁdes
2355 4872 2654 4927 credenda.
2688 4873 2786 4937 Est
2833 4879 3106 4944 praeterea
3144 4878 3201 4929 et
3234 4875 3419 4953 turpis
3446 4892 3629 4945 amat,
3658 4892 3765 4948 quo

2170 4962 2393 5016 animus
2422 4979 2567 5043 saepe
2593 4962 2777 5045 seipso
2820 4962 3089 5032 inferiora
3127 4970 3395 5033 sectatur,
3436 4973 3502 5033 et
3667 4982 3766 5031 cu-

2168 5052 2378 5135 piditas
2418 5052 2639 5111 dicitur.
2685 5052 2776 5117 Sic
2811 5052 3003 5125 itaque
3047 5057 3104 5119 et
3134 5053 3273 5123 ﬁdes
3309 5054 3470 5130 121155;,
3506 5072 3627 5132 qua:
3650 5071 3767 5123 non

2236 5179 2360 5303 :rgp
2387 5178 2553 5242 editis
2585 5178 2796 5241 omissa
2830 5183 3043 5255 mp“

2167 5266 2465 5392 Ψῖῖῖἔξηιη
2492 5337 2618 5392 quo.

2238 5390 2253 5470 ξ
2277 5392 2423 5470 fidit.
2437 5434 2451 5462 ,
2563 5399 2610 5448 te
2633 5394 2955 5470 animum
2977 5392 3222 5469 ignaui;
3241 5411 3316 5467 ge
3336 5394 3630 5470 Mm,

2239 5460 2255 5508 1
2286 5460 2458 5532 Edit.,
2491 5467 2641 5519 inter
2658 5468 2935 5524 miserias.

2233 5532 2261 5570 ¹ί
2286 5534 2458 5605 Edit.,
2490 5551 2630 5591 vere.
