3992 6166
438 270 578 328 1457

1330 275 1425 332 DE
1462 278 1648 349 FIDE,
1690 280 1819 338 SPE
1857 283 1946 339 ET
1984 283 2418 346 CHARITATE.
2460 323 2523 334 —
2564 294 2702 349 LIB.
2745 297 2818 353 II.

3565 305 3709 361 1458

521 395 821 498 conti-more
845 395 1037 498 qualis.
1056 395 1347 498 beatitudo
1370 407 1483 498 est,
1512 403 1608 498 qui
1634 404 1755 498 sine
1783 408 2096 498 spe_tra-A
2115 386 2347 469 tuarum
2374 417 2511 483 (Job.
2546 435 2617 485 1v,
2645 419 2720 487 6),
2747 420 2844 476 ait.
2862 421 3073 479 Timeri
3093 425 3297 498 quippe
3319 426 3709 483 fortitudinem

430 484 618 540 ditur?
635 486 664 540 J
670 502 771 540 ure
789 486 964 557 igitur
995 486 1115 541 sine
1143 488 1339 543 laetitia
1360 491 1734 560 jucunditatis
1758 494 2030 564 praedica-

428 578 544 639 tur,
577 578 636 629 et
660 578 853 629 tamen
881 591 916 629 a
944 575 1221 646 propheta
1246 577 1475 632 omnino
1515 578 1710 634 beatus
1740 596 1863 634 esse
1889 582 2028 635 dici-

428 667 544 727 tur,
568 663 836 734 quoniam
852 664 1226 734 jucunditatis
1251 681 1379 720 rore
1399 666 1783 738 refrigeratur.
1807 670 1889 724 De
1918 687 2029 742 quo

425 749 579 805 idem
608 768 621 804 :
671 752 900 805 Laetetur
933 768 1028 806 cor
1053 769 1258 822 meum,
1298 760 1361 808 ut
1405 758 1598 810 timeat
1635 773 1836 812 nomen
1867 763 2030 813 tuum

431 840 595 909 (Psal.
634 855 827 905 Lxxxv,
865 838 993 911 ll);
1024 845 1195 912 atque
1223 841 1363 896 illud
1397 861 1409 897 :
1443 845 1594 898 Beati
1621 861 1806 900 omnes
1826 850 1926 916 qui
1955 850 2029 901 ti-

426 932 581 981 ment
609 928 914 981 Dominum
946 928 1109 997 (Psal.
1144 942 1347 994 cxxvu,
1386 929 1455 1000 1).
1486 931 1785 988 Beatitudo
1814 950 1947 1006 ergo
1969 935 2028 989 in

428 1030 495 1069 eo
516 1015 647 1086 jure
675 1015 1112 1086 repromittitur,
1139 1017 1407 1088 quoniam
1452 1036 1553 1090 per
1576 1022 1820 1091 gratiam
1847 1024 2026 1078 sancti

427 1103 671 1175 Spiritus
689 1104 761 1158 ad
780 1121 938 1175 spem
957 1120 1137 1176 usque
1153 1106 1348 1176 gloriae
1363 1107 1719 1177 sublimatur,
1735 1116 1792 1164 et
1808 1112 2024 1167 duobus

423 1191 552 1246 istis
593 1192 666 1247 ad
708 1192 944 1248 meliora
981 1193 1366 1249 indesinenter
1402 1196 1662 1253 afﬁcitur.
1695 1199 1855 1253 Unde
1882 1200 2028 1255 sicut

425 1278 561 1347 dixi,
594 1278 726 1349 quia
754 1279 1110 1334 Dominicum
1140 1297 1206 1335 ex
1232 1299 1410 1352 grano
1431 1284 1661 1339 seminis
1680 1284 2024 1342 frumentum

424 1383 642 1431 sumus,
674 1367 877 1422 harum
911 1368 1179 1423 virtutum
1200 1371 1365 1425 molis
1385 1371 1443 1424 in
1470 1374 1757 1443 pulverem
1788 1376 2021 1442 redacti,

424 1455 684 1511 doctrina
713 1455 923 1510 Christi
944 1472 1296 1513 renovamur.
1331 1459 1411 1513 De
1433 1476 1542 1531 quo
1574 1463 1819 1532 profecto
1848 1465 2024 1518 sacri-

424 1543 552 1598 ﬁcio
577 1544 638 1598 in
666 1544 910 1599 Levitico
934 1544 1201 1615 jubemur
1245 1547 1472 1618 plenum
1501 1551 1775 1620 pugillum
1804 1553 2021 1619 tollere,

423 1631 558 1711 quia
572 1648 686 1687 non
706 1633 949 1704 amplius
968 1649 1004 1687 a
1023 1633 1183 1689 nobis
1204 1634 1478 1690 bonorum
1499 1653 1732 1708 cperum
1753 1640 2027 1711 accipitur

421 1721 623 1788 virtus,
652 1720 761 1775 nisi
790 1726 1065 1792 quantum
1096 1738 1161 1775 ex
1194 1723 1305 1778 fide
1341 1725 1595 1779 offertur.
1643 1727 1774 1782 Haec
1805 1734 1908 1795 est,
1937 1713 2093 1784 in-B

426 1826 618 1880 quam,
649 1808 834 1864 farina
863 1826 1032 1881 quam
1063 1809 1204 1865 Sara
1248 1811 1469 1877 obtulit,
1504 1818 1562 1868 et
1596 1814 1657 1869 in
1687 1832 1798 1886 qua
1826 1818 2030 1872 mulier

418 1898 520 1952 illa
537 1915 603 1953 ex
624 1898 924 1968 Evangelia
941 1897 1281 1954 fermentum
1309 1900 1578 1956 doctrinae
1604 1903 1812 1958 Christi
1840 1906 2026 1960 Trini-

421 1986 558 2042 tatis
588 2002 831 2042 numero
869 1985 1189 2045 recondidit
1216 1992 1273 2041 et
1300 1988 1667 2045 abscondidit.

490 2074 545 2129 3.
579 2076 689 2131 Sed
744 2075 1031 2129 interdum
1081 2078 1334 2147 quamvis
1370 2079 1541 2135 timor
1568 2085 1815 2135 mentem
1844 2084 2025 2154 repri-

420 2169 544 2218 mat
574 2168 633 2219 et
660 2162 943 2230 humiliet,
993 2179 1400 2236 nonnunquam
1444 2183 1576 2222 vero
1615 2170 1926 2225 consolidat
1968 2176 2027 2226 et

417 2251 733 2320 confortat;
767 2251 913 2307 sicut
941 2256 1028 2306 est
1054 2253 1194 2307 illud
1240 2254 1575 2321 Salomonis,
1607 2257 1677 2311 de
1706 2274 1816 2329 quo
1846 2276 2018 2331 supra

425 2341 539 2396 dixi
584 2359 598 2395 :
630 2344 698 2396 In
725 2344 922 2395 timore
936 2341 1169 2395 Domini
1187 2358 1301 2410 spes
1318 2344 1675 2411 fortitudinis
1688 2389 1703 2411 ,
1720 2347 1857 2417 quia
1872 2348 2016 2403 sicut

416 2430 477 2484 in
518 2429 608 2483 via
657 2428 847 2483 saeculi
887 2427 1124 2482 audacia
1166 2428 1575 2499 fortitudinem,
1624 2434 1811 2488 saeculi
1848 2436 2019 2490 timor

414 2517 762 2573 debilitatem
788 2534 800 2570 :
824 2516 907 2571 ita
924 2516 984 2570 in
996 2516 1086 2571 via
1104 2518 1206 2572 Dei
1224 2518 1396 2574 timor
1407 2520 1794 2577 fortitudinem
1811 2524 2013 2595 gignit.

414 2605 577 2662 Unde
590 2610 649 2661 et
662 2604 891 2676 Eliphas
904 2604 1054 2659 beati
1067 2606 1097 2660 J
1101 2605 1171 2660 ob
1183 2607 1416 2663 virtutes
1429 2626 1765 2666 enumerans
1792 2630 1803 2665 :
1829 2615 2017 2667 Timor
2057 2643 2065 2651 -

414 2702 544 2750 tuus
576 2694 850 2763 fortitudo
880 2697 997 2761 tua,
1006 2697 1284 2763 patientia
1312 2701 1411 2751 tua
1432 2703 1481 2753 et
1498 2700 1759 2768 perfectio
1785 2704 2012 2756 viarum

481 2843 501 2867 ⁸
530 2836 673 2892 Edit.
686 2875 701 2903 ,
734 2852 970 2893 errores.

480 2907 511 2948 b
540 2907 712 2973 Edit.,
739 2910 961 2977 pietate.

481 2989 508 3020 ε
535 2978 711 3046 Edit.,
745 2981 997 3049 quidam.

2111 501 2436 572 subjunxit;
2467 507 2752 576 quoniam,
2786 515 2847 564 ut
2877 511 3091 567 dictum
3121 519 3224 576 est,
3240 515 3309 569 de
3338 516 3541 570 timore
3553 516 3712 571 forti-

2110 592 2248 647 tudo
2272 594 2478 648 mentis
2503 603 2825 665 generatur.
2860 601 3017 655 Mens
3046 618 3289 673 namque
3332 609 3525 659 nostra
3546 609 3707 660 tanto

2110 681 2346 735 validius
2401 688 2646 738 terrores
2680 717 2706 746 .
2750 703 2938 741 rerum
2991 684 3392 760 temporalium
3448 692 3704 764 despicit,

2111 774 2322 839 quanto
2351 787 2412 825 se
2439 772 2655 827 auctori
2683 775 3010 830 eorumdem
3039 778 3433 849 temporalium
3454 780 3706 835 veracius

2109 873 2211 928 per
2237 857 2622 915 fortitudinem
2652 862 2860 917 subdit.
2892 864 3040 935 Ergo
3062 882 3222 920 mens
3245 867 3387 921 bene
3414 868 3475 922 in
3500 868 3706 923 timore

2108 946 2334 1001 Domini
2364 949 2686 1017 constituta,
2721 956 2876 1007 extra
2922 954 3069 1023 quod
3102 954 3303 1009 timeat
3331 972 3444 1010 non
3470 956 3702 1023 invenit,

2106 1035 2241 1089 dum
2271 1040 2547 1107 potestate
2574 1039 2599 1077 ιι
2626 1040 2865 1110 quadam
2894 1041 3132 1097 interius
3153 1060 3325 1114 supra
3352 1044 3543 1098 omnia
3564 1045 3706 1100 ﬁdu-

2105 1124 2324 1178 cialiter
2341 1126 2607 1181 elevatur.
2621 1130 2669 1181 A
2688 1128 2891 1183 timore
2909 1131 3187 1200 quidem,¢
3205 1132 3415 1202 gradus
3434 1133 3704 1188 virtutum

2106 1213 2390 1284 incipitur,
2424 1215 2627 1269 deinde
2656 1232 2815 1271 mens
2848 1218 3176 1274 fortitudine
3193 1221 3514 1291 roboratur,
3539 1220 3701 1275 robo-

2106 1307 2232 1355 rata
2258 1302 2424 1357 verbo
2454 1304 2735 1374 patienter
2762 1306 2912 1360 mala
2935 1309 3295 1378 praesentium
3321 1307 3348 1349 ἀ
3375 1310 3598 1363 tolerat.
3622 1310 3704 1363 De

2108 1406 2219 1461 qua
2246 1391 2517 1446 nimirum
2544 1393 2818 1463 patientia
2846 1395 3110 1465 perfectio
3138 1397 3354 1451 viarum
3380 1398 3481 1452 Dei
3510 1413 3706 1468 aggre-

2106 1478 2279 1545 ditur,
2309 1485 2376 1534 ut
2403 1481 2473 1534 ad
2498 1497 2654 1552 spem
2667 1482 2901 1536 solidius
2927 1490 3246 1554 consurgat.
3265 1495 3290 1524 θ
3307 1486 3394 1539 Ita
3423 1486 3702 1556 siquidem

2105 1568 2406 1638 Apostolus
2431 1573 2675 1624 testatur
2701 1569 2911 1636 dicens,
2944 1572 3096 1641 quod
3120 1575 3399 1641 patientia
3420 1576 3704 1641 probatio-

2111 1673 2258 1723 nem,
2277 1660 2529 1726 probatio
2550 1675 2675 1712 vero
2697 1675 2844 1727 spem
2875 1664 3141 1728 operatur
3175 1661 3348 1728 (Rom.
3383 1676 3430 1721 v.
3464 1660 3536 1725 4).
3573 1659 3706 1723 Qui-

2111 1745 2214 1801 bus
2241 1746 2432 1817 itaque
2458 1746 2726 1816 gradibus
2756 1763 2916 1802 mens
2945 1747 3214 1802 divinitus
3240 1751 3499 1819 vegetata
3525 1746 3706 1818 profe-

2109 1840 2199 1889 cto
2221 1852 2333 1889 non
2346 1835 2722 1900 confunditur,
2740 1836 2873 1907 quia
2892 1836 3137 1890 Charitas
3148 1836 3269 1903 Dei,
3283 1836 3488 1890 diffusa
3500 1836 3560 1890 in
3574 1852 3701 1890 cor-

2107 1922 2272 1977 dibus
2295 1924 2664 1989 credentium,
2700 1924 2818 1978 haec
2838 1924 3031 1978 omnia
3049 1929 3333 1995 operatur.
3347 1924 3703 1995 Quapropter

2106 2012 2245 2066 satis
2274 2012 2350 2066 sit
2374 2013 2652 2083 tantisper
2678 2013 2747 2066 de
2782 2029 2879 2083 spe
2903 2018 3108 2067 nostra:
3132 2012 3332 2066 salutis
3356 2012 3696 2083 prmlibasse,

2106 2102 2277 2154 ﬁnem
2297 2100 2468 2155 libelli
2483 2118 2651 2172 quem
2663 2101 2939 2172 sperando
2960 2100 3273 2171 quibusque
3291 2100 3556 2172 prodesse
3568 2116 3700 2171 par-

2105 2188 2249 2243 vulis
2279 2188 2575 2251 edidimus,
2602 2188 2723 2243 sine
2754 2188 3006 2259 ejusdem
3035 2187 3155 2259 spei
3181 2189 3294 2241 fine
3319 2203 3611 2258 ponamus,
3637 2191 3703 2242 ut

2097 2278 2156 2332 in
2183 2278 2458 2347 sequenti,
2489 2278 2636 2332 sicut
2656 2282 2756 2331 tua
2784 2276 3072 2330 beatitudo
3093 2275 3296 2346 exegit,
3326 2275 3397 2330 de
3425 2275 3702 2330 charitate

2098 2367 2402 2437 resumptis
2431 2365 2643 2420 viribus
2668 2364 2979 2431 ardentius,
3011 2364 3145 2419 licet
3190 2362 3452 2429 breviter,
3485 2363 3703 2433 aliquid

2098 2454 2367 2517 dicamus,
2400 2455 2522 2524 ipso
2551 2454 2870 2523 adjuvante,
2904 2452 3001 2523 qui
3030 2468 3158 2505 cum
3204 2452 3372 2505 Patre
3404 2456 3462 2505 et
3485 2451 3700 2521 Spiritu

2098 2548 2292 2597 sancto
2321 2559 2468 2596 unus
2492 2547 2550 2596 et
2576 2558 2741 2597 verus
2762 2547 2850 2595 est
2871 2540 3041 2607 Deus,
3064 2541 3094 2595 J
3099 2556 3199 2594 esu
3210 2538 3432 2595 Christo
3453 2538 3696 2594 Domino

2098 2637 2309 2687 nostro.
2339 2632 2540 2685 Amen.

2166 2843 2193 2885 ἀ
2219 2845 2389 2912 Edit.,
2413 2844 2745 2913 praesertim.

2163 2929 2189 2959 θ
2219 2916 2388 2983 Edit.,
2417 2918 2695 2981 resurgat.

398 3134 3645 3162 _————-_——-_———__._—————————————

1274 3241 1691 3306 PROLOGUS
1735 3246 1818 3307 ΙΝ
1861 3246 2163 3307 LIBRUM
2206 3246 2311 3307 DE
2353 3244 2826 3306 CHARITATE.

477 3473 590 3528 Diu
620 3473 959 3529 intermissis
989 3475 1408 3548 Scripturarum
1455 3479 1681 3545 studiis,
1721 3480 1890 3552 longo
1921 3500 2014 3538 cu—
2036 3486 2077 3543 C
2095 3481 2348 3553 Sephora
2374 3480 2473 3535 illa
2500 3477 2841 3549 Ethiopissa
2866 3476 3056 3531 venire
3085 3481 3255 3547 atque
3281 3475 3513 3530 haurire
3551 3489 3689 3528 con-

399 3560 712 3615 randarum
737 3578 926 3621 rerum
955 3562 1225 3634 fatigatus
1247 3565 1561 3637 naufragio,
1596 3567 1726 3622 licet
1745 3570 2003 3639 agrestis,

398 3649 637 3705 devotus
655 3650 884 3705 tandem
902 3657 921 3681 '
941 3652 1181 3707 amicam
1202 3659 1396 3724 repeto
1418 3656 1744 3726 quietatem;
1769 3664 1835 3711 ut
1856 3659 2004 3729 quod

398 3738 462 3792 in
491 3743 779 3809 torporem
809 3740 996 3811 ignavi
1037 3746 1195 3796 actus
1230 3744 1357 3798 vitae
1394 3744 1590 3815 sopitis
1621 3745 1877 3801 sensibus
1904 3748 2002 3801 de-

400 3833 739 3895 merserant,
770 3828 981 3883 Christi
1001 3830 1269 3900 Charitas,
1301 3832 1372 3886 de
1402 3848 1514 3903 qua
1542 3833 1694 3904 loqui
1722 3834 1998 3905 desidero,

401 3915 631 3985 evigilet
643 3921 700 3970 et
719 3915 1029 3988 abstergat,
1051 3934 1123 3973 ne
1142 3919 1292 3973 iners
1312 3920 1560 3986 solertia,
1592 3921 1841 3978 defecato
1870 3941 2006 3995 pau-

401 4003 579 4075 lisper
604 4004 797 4059 fruens
840 4006 1084 4073 silentio,
1123 4007 1244 4062 sine
1289 4007 1475 4063 fructu
1516 4017 1828 4065 remaneat.
1862 4012 2002 4067 Fodi

403 4092 678 4147 nimirum
706 4098 924 4164 puteos,
957 4111 1098 4166 quos
1124 4095 1343 4151 foderat
1370 4113 1539 4151 senex
1565 4097 1846 4154 Abraham
1871 4119 1883 4154 :
1907 4102 2005 4156 sed

406 4181 543 4253 quia
560 4196 656 4235 eos
675 4197 900 4253 semper
917 4181 1208 4238 obstruere
1224 4185 1477 4254 gestiunt
1490 4185 1828 4242 Philisthiim
1847 4207 1860 4256 ;
1886 4206 2007 4243 rus-

404 4284 505 4322 sus
534 4267 935 4325 elaborandum
963 4287 1091 4325 cum
1125 4272 1299 4339 Isaac,
1329 4273 1592 4343 repertab
1617 4275 1677 4329 in
1694 4275 1847 4329 fonte
1874 4276 2006 4331 fidei

404 4373 556 4428 aqua
584 4357 725 4423 viva,
758 4363 1033 4429 quatenus
1051 4360 1270 4415 vincere
1288 4363 1571 4432 possimus
1584 4364 1794 4434 jurgia,
1827 4370 1885 4419 et
1910 4381 2005 4419 ca-

402 4444 651 4500 lumnias
668 4445 1046 4502 inimicorum.
1068 4448 1282 4504 Deinde
1300 4450 1475 4504 alium
1496 4457 1728 4522 puteum
1748 4453 1867 4524 spei
1880 4469 2005 4524 pro-

400 4534 634 4589 fundius
652 4550 881 4604 egerere
908 4554 920 4603 ;
945 4536 1136 4606 sicque
1154 4537 1304 4592 rixas
1322 4544 1379 4592 et
1397 4539 1720 4595 inimicitias
1749 4542 2002 4596 omnium

398 4622 851 4678 adversariorum
877 4640 1145 4696 superare
1180 4627 1315 4681 :sed
1347 4628 1479 4699 quia
1517 4629 1745 4683 tandem
1786 4630 1876 4684 his
1905 4647 2002 4684 ex-

397 4711 640 4778 haustis,
669 4727 844 4783 aquas
872 4713 1137 4768 salientes
1156 4713 1215 4768 in
1241 4716 1417 4770 vitam
1444 4722 1732 4784 aeternam,
1763 4718 2002 4772 Domino

2089 3573 2405 3625 sueverant.
2439 3569 2589 3622 Bene
2628 3582 2873 3636 namque
2893 3565 2996 3618 has
3025 3569 3141 3617 tres
3165 3568 3379 3634 septem
3408 3563 3684 3616 donorum

2086 3674 2306 3712 sorores
2324 3655 2784 3728 germanissimae
2801 3653 2953 3707 omni
2967 3652 3281 3706 dilectionis
3300 3651 3480 3704 officio
3500 3650 3603 3705 sibi
3624 3650 3685 3703 in

2085 3746 2274 3801 animo
2293 3746 2649 3811 devoverant,
2671 3758 2906 3814 quarum
2924 3746 3121 3812 potatu
3137 3739 3387 3810 quotidie
3406 3738 3687 3792 inebrian-

2084 3840 2172 3888 tes
2197 3851 2276 3901 se,
2309 3850 2530 3904 semper
2553 3832 2631 3886 ibi
2680 3829 3124 3902 reperiebantur.
3158 3827 3447 3898 Siquidem
3469 3832 3525 3880 et
3552 3822 3683 3898 phi4

2082 3922 2301 3994 IOSOphi
2331 3921 2556 3976 eosdem
2584 3920 2882 3974 voluerunt
2905 3917 3092 3972 fodere
3121 3922 3338 3988 puteos,
3374 3931 3513 3986 quos
3538 3915 3681 3986 phy-

2082 4011 2273 4077 sicam,
2295 4010 2556 4075 ethicam,
2581 4008 2817 4078 logicam
2848 4006 3238 4077 appellarunt;
3272 4004 3371 4058 sed
3400 4004 3534 4074 quia
3560 4004 3682 4058 sine

2088 4100 2313 4153 Christo
2344 4114 2551 4169 aquam
2581 4096 2894 4163 inveniunt,
2952 4094 3049 4148 sed
3093 4109 3206 4147 non
3232 4092 3446 4159 vivam;
3495 4092 3577 4146 ita
3624 4097 3683 4145 et

2089 4186 2355 4241 Salomon
2377 4192 2494 4240 tres
2524 4183 2773 4239 condidit
2790 4183 3006 4236 libellos
3021 4181 3090 4235 de
3104 4179 3285 4235 tribus
3312 4179 3435 4234 istis
3462 4179 3682 4233 virtuti-

2088 4274 2323 4342 bus,ubi
2341 4275 2400 4327 in
2427 4273 2592 4328 tertio
2618 4277 2830 4343 quanta
2856 4271 2930 4325 sit
2956 4270 3194 4324 latitudo
3222 4274 3280 4323 et
3306 4268 3676 4339 profunditas,

2085 4364 2191 4418 soli
2217 4364 2506 4435 amplexus
2543 4362 2751 4434 sponsi,
2784 4367 2841 4415 et
2869 4360 3059 4414 oscula
3086 4375 3302 4429 sponsae
3330 4356 3678 4427 probant.De

2087 4470 2196 4524 quo
2248 4453 2515 4507 nimirum
2564 4456 2733 4523 puteo
2770 4450 2974 4504 mulier
3026 4446 3382 4502 Samaritana
3407 4444 3681 4515 requisita

2084 4541 2339 4595 nesciens
2362 4541 2731 4612 prophetizat,
2751 4538 2898 4610 quod
2928 4542 3129 4607 puteus
3150 4536 3298 4588 altus
3317 4533 3389 4588 sit
3413 4533 3608 4602 nimis,
3623 4538 3682 4587 et

2083 4645 2248 4683 nemo
2271 4646 2337 4684 ex
2364 4646 2431 4683 eo
2458 4628 2614 4695 bibit,
2648 4627 2755 4681 nisi
2783 4626 2874 4680 cui
2900 4627 2929 4680 J
2935 4641 3060 4679 esus
3079 4639 3284 4693 aquam
3304 4622 3598 4676 salientem
3621 4622 3683 4677 in

2081 4719 2254 4771 vitam
2284 4723 2551 4773 aeternam
2578 4714 3036 4770 tribuerit.Altus
3059 4712 3267 4782 quippe
3296 4711 3421 4765 fons
3450 4716 3554 4778 est,
3572 4727 3682 4783 quo

400 4799 700 4870 largiente,
735 4801 1028 4872 paululum
1073 4802 1493 4873 degustavimus
1523 4821 1537 4860 :
1567 4812 1742 4860 restat
1769 4804 2250 4863 tertiumDnemo
2278 4804 2446 4859 altius
2489 4803 2772 4869 ascendit;
2804 4801 3008 4855 idcirco
3051 4799 3394 4853 invocandus
3440 4805 3527 4853 est
3564 4798 3677 4866 ille,

402 4889 671 4956 effodere,
718 4906 820 4962 pro
866 4907 976 4962 quo
1025 4895 1083 4945 et
1135 4897 1333 4946 contra
1380 4909 1545 4963 quem
1599 4894 1788 4949 nullus
1834 4896 2005 4950 rixari

407 4982 599 5050 queat.
629 4977 877 5033 Vocatur
895 4983 1085 5034 autem
1106 4979 1255 5034 idem
1286 4985 1490 5052 puteus
1520 4981 1780 5049 latitudo,
1802 4984 1872 5038 de
1894 5001 2004 5056 quo

407 5065 714 5120 Psalmista
751 5066 832 5122 ait
888 5086 902 5121 :
961 5069 1161 5123 Latum
1220 5070 1556 5124 mandatum
1600 5075 1762 5125 tuum
1806 5076 1999 5127 nimis.

410 5157 580 5224 (Psal.
635 5168 824 5222 cxvm,
872 5155 1001 5225 96):
1056 5172 1122 5211 eo
1175 5156 1322 5228 quod
1380 5156 1652 5228 quidquid
1704 5158 1862 5226 latet,
1920 5159 2007 5212 vel

408 5242 683 5316 quidquid
708 5250 869 5316 patet
893 5263 937 5313 ο,
977 5245 1168 5300 omnia
1215 5245 1559 5300 contineant.
1593 5246 1738 5317 Ergo
1767 5247 1840 5302 ad
1869 5247 2007 5302 istos

406 5348 688 5404 aquarum
714 5338 915 5405 puteos
945 5334 1104 5401 Sara,
1131 5333 1399 5401 Rebecca,
1442 5334 1670 5401 Rachel,
1703 5351 1921 5392 necnon
1950 5341 2008 5390 et

480 5484 508 5515 ι
535 5474 707 5543 Edit.,
738 5478 942 5530 tamen.
1106 5512 1113 5517 -

481 5546 510 5585 δ
541 5544 713 5613 Edit.,
738 5551 951 5616 reperto
969 5549 1145 5605 sonte.’

2086 4893 2207 4948 sine
2227 4910 2336 4964 quo
2356 4893 2426 4946 ad
2449 4892 2817 4946 hauriendam
2845 4904 3050 4959 aquam
3070 4888 3205 4941 illuc
3223 4904 3390 4942 nemo
3404 4888 3677 4959 pervenit.

2085 4983 2456 5053 Nequaquam
2484 4980 2659 5051 igitur
2686 4979 2779 5033 isti
2808 4984 3111 5049 puteorum
3156 4976 3262 5029 rivi
3307 4976 3458 5030 illius
3502 4973 3681 5045 patuli

2088 5072 2321 5139 fluenta,
2353 5086 2475 5140 quae
2505 5068 2825 5122 fabularum
2853 5066 3074 5120 salsura
3099 5064 3376 5141 condivit;
3429 5062 3527 5116 sed
3557 5076 3680 5132 quae

2087 5160 2115 5213 J
2121 5175 2248 5213 esus
2268 5156 2621 5213 credentibus
2638 5154 3108 5212 reseravitdicens
3133 5170 3144 5206 :
3170 5155 3277 5220 Qui
3292 5151 3465 5204 credit
3487 5153 3552 5203 in
3570 5165 3675 5217 me,

2086 5250 2329 5319 ﬂumina
2349 5249 2412 5301 de
2441 5251 2627 5300 ventre
2666 5249 2782 5315 ejus
2811 5248 2987 5315 ﬂuent
3014 5258 3169 5311 aqua:
3202 5242 3335 5292 vivae
3362 5239 3545 5305 (Joan.
3577 5251 3675 5302 vn,

2088 5333 2199 5407 38).
2233 5336 2363 5390 Haec
2394 5335 2621 5406 quippe,
2648 5334 2720 5388 de
2744 5349 2858 5405 qua
2883 5331 3037 5403 loqui
3062 5325 3412 5398 disponimus
3440 5323 3486 5393 ἀ,
3516 5341 3680 5381 man-

2163 5482 2182 5506 ⁶
2204 5475 2376 5542 Edit.,
2400 5480 2594 5545 potest.
2644 5524 2647 5525 ,

2161 5544 2189 5587 (ί
2209 5546 2380 5615 Edit.,
2402 5544 2779 5616 disponemus.
