3992 6166
376 278 514 380 tibi

1256 328 1349 383 DE
1384 329 1572 397 FIDE,
1612 329 1743 386 sps
1784 331 1872 386 ET
1910 312 2340 386 CHARITATE.
2384 357 2448 368 —
2489 328 2625 382 LIB.
2667 314 2766 383 ΠΙ.

3507 320 3652 388 N62

378 432 578 530 conira
604 447 866 504 naturam
901 438 1286 530 estcliaritatis
1312 446 1597 528 quidpiam
1613 445 2207 530 corruptibileActum
2262 460 2345 509 est
2392 454 2539 509 enim
2587 455 2735 527 quod
2770 456 2971 511 similis
3011 456 3249 511 similem
3278 457 3383 512 sibi
3428 456 3645 530 diligat.

381 528 633 618 diligere,
663 524 973 618 praesertim
996 557 1126 597 cum
1139 542 1265 614 ipse
1279 524 1355 598 sit
1374 524 1497 599 fons
1523 524 1974 618 incorruptionis.
2058 545 2219 599 Unde
2258 543 2391 598 dum
2418 524 2621 610 vitiosi,
2654 543 2881 599 vitiosos
2907 544 3212 614 diligimus,
3245 563 3360 603 non
3389 524 3652 618 quia'hoc

383 610 514 705 ipsa
542 624 628 685 est
652 610 803 685 enim
823 631 943 686 sola
956 610 1181 686 babens
1195 610 1981 705 immortalitatem,siquidem

383 645 407 684 ι
450 646 514 683 sa
542 645 628 685 est
652 645 803 685 enim
823 645 943 686 som
958 645 1171 686 naoens
1195 645 1981 705 immortalitatemmiquidem

383 645 526 773 ἐξω
556 710 635 773 est
658 708 923 786 charitas,
972 722 1074 789 qui
1091 721 1240 775 solus
1272 710 1427 775 liabet
1480 706 1985 788 immortalitatem,

386 790 644 862 habitans
665 801 841 862 lucem
862 796 1290 864 inaccessibilem
1301 795 1357 877 (Ῐ
1372 796 1534 864 Joan.
1562 825 1638 878 1v,
1665 798 1737 865 16
1758 830 1772 875 ;
1802 800 1829 866 I
1843 798 1983 866 Tim.

386 890 467 956 vi,
501 880 608 965 iii).
643 880 792 961 Quid
842 896 999 952 aliud
1038 886 1452 965 immortalitas,
1486 886 1598 955 nisi
1635 900 1752 954 vita
1777 888 1988 955 aeterna

388 972 678 1039 creditur}?
693 974 874 1049 Quam
902 972 1171 1041 daturum
1199 1003 1258 1042 se
1286 988 1570 1059 promittit
1594 973 1741 1043 Deus
1762 980 1989 1043 creden-

388 1066 541 1145 tibus
570 1064 631 1128 in
872 1063 1055 1149 solum
1078 1080 1272 1130 verum
1297 1076 1497 1145 Deum,
1515 1086 1533 1107 ³
1559 1083 1619 1133 ct
1645 1094 1813 1149 quem
1833 1068 1990 1132 misit

389 1152 582 1218 JeSum
611 1143 898 1218 (inristh
919 1148 1122 1218 Filium
1153 1152 1294 1235 ejus.

551 1240 761 1306 idcirco
808 1258 940 1307 ante
969 1252 1176 1320 omnia,
1208 1260 1266 1307 et
1293 1270 1462 1326 super
1497 1256 1688 1310 omnia
1714 1256 1991 1328 imprimis

2064 640 2198 688 sunt
2226 633 2379 703 quod
2404 633 2577 687 creati
2626 639 2781 697 sunt,
2813 633 2910 687 sed
2940 636 3079 704 qnia
3099 635 3282 690 vitiosi
3323 643 3477 702 sunt,
3506 653 3653 692 nun-

2067 722 2201 793 quid
2226 721 2359 775 talis
2404 721 2625 776 dilectio
2672 716 2917 776 Charitas
2945 729 3032 776 est
3060 724 3415 794 appellanda,
3465 731 3566 780 aut
3592 740 3661 780 ex

2065 811 2181 865 Deo
2205 817 2291 865 est
2314 810 2532 865 ?Absit.
2557 811 2701 864 Nam
2726 810 2909 885 omnis
2928 810 3025 882 qui
3045 812 3246 883 diligit,
3261 829 3328 868 ex
3348 802 3463 868 Deo
3491 816 3661 875 natus

2067 904 2171 956 est.
2203 899 2301 953 llle
2331 915 2459 953 vero
2509 899 2605 968 qui
2634 899 2714 953 sic
2742 898 2949 969 diligit,
2980 900 3182 971 utique
3205 918 3266 956 se
3295 903 3567 973 primum,
3604 908 3664 957 et

2069 1005 2198 1042 eum
2237 1003 2404 1059 quem
2445 988 2679 1058 diligere
2710 988 2953 1055 videtur,
3000 989 3140 1055 odit,
3179 990 3445 1063 quoniam
3482 990 3665 1045 omnis

2071 1080 2168 1147 qui
2185 1078 2373 1142 diligit
2403 1079 2775 1145 iniquitatem,
2810 1078 2923 1130 odit
2948 1082 3205 1133 animam
3224 1095 3407 1133 suam.
3428 1078 3664 1134 Verum-

2068 1173 2260 1222 tamen
2288 1165 2420 1219 licet
2447 1165 2640 1219 odium
2691 1166 2784 1229 sit,
2816 1165 3041 1221 dilextio
3065 1168 3229 1238 juxta
3259 1168 3417 1223 verbi
3444 1172 3663 1240 etymo-

2072 1255 2279 1324 logiam
2325 1260 2573 1317 vocatur,
2605 1258 2663 1308 et
2708 1254 2857 1317 ideo,
2886 1260 2952 1310 ut
2994 1255 3132 1321 dixi,
3158 1257 3430 1312 nonsatis
3458 1248 3665 1328 ubique

392 1332 502 1419 hoc
529 1328 790 1408 amabile,
850 1349 907 1395 et
936 1340 1355 1412 beneplacitum
1378 1343 1586 1399 dicitur
1610 1361 1730 1400 esse
1759 1346 1895 1409 Deo,
1928 1350 1993 1399 ut
2072 1343 2283 1397 latinus
2331 1332 2438 1398 iste
2473 1359 2657 1397 sermo
2711 1343 2827 1396 vim
2875 1342 3166 1401 charitatis
3222 1346 3505 1419 exprimit,
3534 1345 3668 1416 quia

393 1418 851 1511 diligatquisque
877 1418 1179 1511 Dominum
1198 1431 1553 1488 Deumsuum
1581 1450 1649 1487 ex
1676 1440 1794 1488 toto
1826 1433 1994 1509 corde
2075 1431 2321 1485 Charitas
2364 1447 2676 1502 nunquam,
2726 1432 2836 1486 nisi
2875 1448 2940 1487 ex
2967 1433 3111 1505 Deo,
3150 1435 3237 1488 vel
3264 1435 3320 1489 in
3350 1435 3555 1502 Deum,
3582 1434 3669 1488 vel

395 1536 517 1597 suo,
555 1508 615 1597 et
633 1516 699 1573 ex
727 1523 849 1573 tota
880 1508 1073 1597 anima
1116 1520 1240 1597 sua,
1274 1527 1331 1575 et
1356 1537 1422 1575 ex
1449 1522 1582 1597 totis
1609 1522 1821 1577 viribus
1849 1508 1989 1589 suis,
2075 1526 2305 1592 propter
2326 1520 2507 1575 Deum
2530 1522 2661 1591 jure
2688 1520 2913 1575 dicitur.
2946 1521 3179 1576 Dilectio
3207 1539 3337 1578 vero
3366 1523 3671 1593 aliquando

397 1596 535 1680 quia
561 1590 711 1689 Deus
730 1596 997 1689 charitas,
1023 1613 1082 1662 et
1108 1590 1311 1671 Filius,
1330 1608 1426 1681 qui
1446 1627 1509 1664 ex
1538 1596 1653 1687 Deo
1674 1616 1781 1672 est,
1814 1610 1994 1664 chari-
2075 1590 2267 1665 odium
2291 1608 2657 1679 approbatur,
2687 1609 2833 1663 sicut
2859 1611 3172 1666 econtrario
3202 1607 3413 1676 odium,

397 1700 489 1751 tas
513 1701 618 1775 est.
643 1697 801 1779 Unde
822 1697 910 1751 sui
930 1696 1114 1751 simile
1135 1697 1348 1769 aliquid
1374 1697 1434 1753 in
1452 1697 1611 1752 nobis
1633 1699 1782 1775 Deus
1810 1698 1995 1774 requi-
2015 1766 2056 1779 ἢ
2075 1713 2209 1751 vera
2236 1697 2549 1752 secundum
2576 1698 2895 1752 divinarum
2914 1698 3335 1770 Scripturan
3358 1699 3675 1770 intelligere

400 1786 497 1851 rit,
530 1770 598 1867 ut
623 1801 722 1856 per
743 1766 887 1839 lianc
908 1766 1399 1867 charitateni,qiize
1421 1792 1505 1842 est
1525 1787 1583 1867 in
1602 1772 1825 1841 Christo
1840 1770 1868 1841 ,ἶ
1875 1766 1994 1854 esu,
2015 1766 2058 1824 Β
2079 1787 2256 1841 tiam:
2286 1792 2351 1840 ut
2380 1793 2466 1841 est
2492 1786 2632 1841 illud
2655 1804 2667 1839 :
2710 1784 2816 1855 Qui
2847 1790 2963 1842 odit
2994 1766 3252 1842 animum
3287 1804 3450 1843 suam
3478 1766 3675 1843 iit—hoc

401 1871 503 1944 qui
520 1864 606 1927 est
633 1872 898 1953 Charitas,
921 1874 1076 1928 velut
1088 1864 1329 1946 quadam
1344 1864 1583 1946 cognata
1593 1892 1696 1947 per
1711 1876 1999 1931 charitatis

403 1973 613 2016 nomen
950 1963 1246 2018 Sociemur.
1302 1964 1460 2019 Sicut
1485 1964 1695 2041 Paulus
1717 1965 1839 2035 jam
1865 1981 1999 2019 con-

396 2051 631 2128 junctus
670 2050 722 2105 e'i
769 2038 1033 2122 diccbat:
1066 2053 1197 2128 Quis
1222 2068 1319 2106 nos
1345 2038 1620 2123 separabit
1660 2070 1696 2108 α
1732 2054 1998 2108 charitate

400 2124 521 2206 Dei,
548 2156 683 2222 qua
706 2143 867 2220 estin
897 2140 1112 2195 Christo
1132 2124 1258 2196 Iesu
1300 2128 1536 2196 Domino
1573 2147 1793 2197 nostra?
1823 2140 1996 2206 (Rom.

399 2226 640 2309 γωεόἴξ.)
664 2228 795 2308 Haec
1107 2229 1351 2309 charites
1379 2230 1663 2307 hominem
1680 2231 1997 2306 proximum

399 2306 462 2372 in
476 2304 716 2372 invicem
726 2304 834 2392 sibi
853 2324 911 2372 et
926 2304 1042 2372 Deo
1061 2304 1212 2380 facit,
1230 2304 1396 2374 sicuti
1406 2304 1629 2375 Veritas
1659 2320 1717 2374 in
1751 2304 2002 2397 Evange-

400 2395 478 2460 lio
505 2406 651 2486 (Luc.
681 2410 731 2486 ξε)
765 2406 1117 2461 demonStrat
1147 2407 1342 2463 dicens
1365 2409 1589 2485 cuidam
1632 2395 2000 2483 superbienti,

402 2495 554 2577 quod
569 2496 801 2573 quidam
811 2512 938 2569 cum
954 2495 1335 2551 descendisset
1343 2495 1413 2550 ab
1427 2497 1773 2551 Hierusalem
1792 2498 1853 2551 in
1866 2498 1893 2551 ,Ι
1900 2497 2005 2551 eri-

400 2585 530 2649 cho,
550 2584 812 2639 inciderit
831 2583 891 2638 in
914 2584 1161 2664 latrones
1191 2604 1206 2651 ;
1226 2601 1393 2661 quem
1414 2602 1541 2640 cum
1566 2585 1921 2640 vulneratum
1941 2601 2006 2639 ac

405 2670 737 2751 semivivum
760 2676 1041 2742 sacerdos,
1060 2677 1326 2751 acLevita
1357 2676 1750 2748 praeterierint,
1790 2677 2006 2748 ample-

404 2765 582 2820 ctitur
616 2760 1028 2839 Samaritanus,
1071 2765 1169 2836 qui
1225 2765 1664 2819 misericordiam
1695 2765 1747 2819 ei
1777 2764 2005 2832 fecerat,

362 2880 367 2885 α
402 2855 672 2929 hancque
701 2854 1020 2929 proximum
1071 2853 1242 2908 fuisse
1273 2854 1523 2909 declarat
1549 2870 1744 2908 eorum
1774 2853 1824 2920 δ,
1855 2858 1914 2908 et
1937 2852 2008 2907 ab

402 2944 587 3016 ipsius
605 2943 953 3019 confessione
971 2943 1287 3015 proximum
1301 2943 1472 2997 fuisse
1497 2943 1841 2998 manifestat.
1852 2944 2007 2998 Unde

403 3033 644 3103 adjecit:
683 3034 834 3098 Vade,
878 3032 1082 3103 inquit,
1116 3038 1237 3086 ettu
1258 3033 1841 3099 facsimititer(lbid.,
1868 3030 1959 3102 37)
1991 3051 2004 3099 ;

2080 1875 2289 1929 munde
2305 1874 2490 1941 (Joan.
2513 1888 2609 1942 xu,
2633 1873 2742 1939 25),
2778 1880 2907 1939 etc.,
2940 1890 3067 1945 quae
3092 1875 3491 1946 leguntur.Sed
3510 1877 3677 1931 Joam

2079 1979 2182 2019 nes
2209 1979 2323 2017 non
2343 1963 2414 2016 de
2443 1962 2557 2017 alia
2573 1962 2889 2029 dilectione,
2906 1962 3019 2017 nisi
3045 1980 3173 2034 quia
3197 1980 3263 2017 ex
3290 1964 3428 2029 Deo,
3451 1969 3508 2018 et
3524 1964 3675 2019 Deus

2082 2059 2185 2109 est.
2205 2052 2365 2108 Unde
2393 2051 2649 2107 absolute
2674 2052 3066 2107 universaliter
3084 2052 3283 2107 definit
3303 2053 3495 2107 dicens
3519 2070 3533 2105 :
3554 2053 3678 2109 0m-

2081 2145 2171 2197 nis
2200 2144 2299 2212 qui
2328 2143 2538 2209 diligit,
2560 2158 2624 2195 ea:
2652 2142 2758 2195 '1)eo
2789 2147 2956 2195 natus
2986 2146 3079 2195 est.
3100 2142 3165 2196 Et
3194 2145 3442 2210 cognovit
3482 2143 3673 2196 Deum.

2081 2232 2196 2305 Qui.
2216 2228 2239 2261 “
2263 2247 2376 2284 non
2403 2232 2613 2301 diligit,
2631 2246 2744 2284 non
2759 2234 2910 2285 novit
2923 2233 3388 2299 Deum,quoniam
3406 2232 3545 2285 Deus
3556 2231 3680 2285 ciu»

2084 2322 2225 2373 ritas
2244 2326 2318 2373 est
2363 2321 2413 2386 (Ι
2428 2322 2588 2374 Joan.
2618 2334 2697 2384 Iv,
2727 2321 2781 2385 7,
2807 2317 2883 2379 8).
2909 2321 2977 2375 Et
3005 2320 3123 2374 haec
3151 2325 3240 2374 est
3262 2319 3488 2375 dilectio
3516 2319 3679 2375 Chri-

2085 2408 2490 2474 stianorum,ut
2509 2409 2706 2472 Deum,
2715 2408 2840 2462 etin
2858 2408 3122 2473 Deum,“
3138 2414 3370 2479 propter
3398 2408 3577 2464 Deum
3596 2406 3685 2461 di-

2085 2497 2247 2567 ligas.
2262 2498 2443 2551 Deum
2471 2502 2659 2552 autem
2689 2488 2749 2551 in
2774 2514 2854 2563 se,
2870 2502 3099 2569 prepter
3126 2514 3204 2558 se,
3240 2497 3373 2568 quia
3399 2512 3686 2553 summum

2087 2586 2299 2640 bonum
2338 2592 2459 2648 est;
2521 2585 2776 2640 membra
2820 2602 2951 2640 vero
2996 2586 3205 2640 Christi
3232 2586 3291 2639 in
3320 2586 3522 2650 Deum,
3553 2586 3687 2656 quia

2089 2674 2343 2730 membra
2371 2680 2507 2731 sunt
2533 2677 2676 2745 ejus,
2706 2675 2801 2745 qui
2840 2675 2991 2729 Deus
3005 2680 3091 2730 est
3117 2693 3130 2741 ;
3164 2680 3223 2729 et
3251 2675 3373 2728 ideo
3402 2674 3460 2727 in
3481 2674 3680 2737 Deum,

2089 2764 2222 2836 quia
2249 2757 2401 2818 Deus
2432 2764 2696 2828 Charitas,
2728 2763 2964 2817 diffusus
2991 2762 3051 2817 in
3079 2778 3273 2817 eorum
3289 2760 3572 2830 cordibus,
3600 2761 3685 2816 fa-

2089 2853 2167 2908 cit
2192 2869 2289 2907 eos
2312 2868 2540 2906 manere
2554 2852 2615 2906 in
2643 2852 2824 2906 Deum
2854 2867 2956 2922 per
2973 2851 3235 2923 spiritum
3260 2850 3689 2921 adoptionis,ita

2088 2940 2155 2997 ut
2181 2941 2284 2995 ﬁlii
2304 2942 2434 3012 iure
2462 2938 2847 3005 nominentur,
2879 2945 2940 2994 et
2965 2940 3097 2995 sint.
3127 2940 3533 2997 Verumtamen
3573 2954 3689 2994 non

2090 3030 2168 3085 ita
2190 3030 2350 3103 quasi
2379 3046 2663 3084 summum
2692 3023 2903 3084 bonum
2929 3029 3065 3097 sint,
3094 3028 3384 3099 diligendi,
3410 3028 3510 3083 sed
3555 3027 3689 3099 quia

403 3139 471 3177 ac
485 3122 533 3177 si
563 3127 756 3193 aperte
783 3121 962 3175 dicat:
999 3120 1264 3192 Quisquis
1293 3121 1599 3175 sedundum
1631 3121 1809 3174 Deum
1822 3120 2011 3191 proxi-
2030 3128 2071 3186 α
2092 3120 2151 3174 in
2207 3134 2429 3174 summo
2457 3117 2604 3172 bono
2632 3122 2765 3172 sunt
2789 3117 2921 3172 boui
2950 3117 3072 3180 filii,
3104 3134 3204 3188 per
3250 3116 3521 3188 Spiritum
3555 3132 3689 3171 san-

403 3220 537 3268 mus“
580 3211 716 3266 velit
763 3203 904 3276 esse,
949 3209 1120 3265 iaciat
1151 3209 1445 3264 charitatis
1484 3218 1678 3279 opera,
1711 3219 1836 3279 qua
1875 3214 2010 3264 sunt

404 3301 623 3356 viscera
642 3300 949 3355 secundum
971 3292 1299 3353 interiorem
1328 3297 1634 3364 hominem,
1656 3303 1720 3353 ut
1743 3305 2011 3352 maneant

408 3368 584 3444 simul
594 3384 770 3444 unum
785 3388 845 3442 in
858 3367 1265 3442 bomino.Nam
1280 3383 1518 3441 caelestis
1532 3386 1627 3440 illa
1656 3387 2009 3442 Hierusalem

404 3478 531 3533 sola
576 3468 991 3531 convisceratur
1034 3476 1352 3538 charitate;
1400 3468 1551 3554 illinc
1593 3491 1659 3529 ex
1688 3491 1801 3546 qua
1829 3475 2011 3529 omnis

401 3566 759 3639 germanitas
779 3570 1021 3625 constat,
1051 3571 1109 3620 et
1135 3569 1407 3637 perpetua
1443 3563 1704 3618 societas.
1719 3564 1879 3620 Unde
1890 3565 2011 3634 jam

405 3656 501 3712 hic
528 3656 721 3710 anima
749 3660 1184 3726 concorporatur
1196 3648 1257 3708 in
1283 3652 1551 3708 membris
1572 3652 1864 3720 Christi,et
1885 3669 2014 3708 con-

406 3746 683 3816 ﬂagretur
711 3759 733 3787 ο
760 3743 971 3797 calesti
989 3743 1222 3797 lumine.
1249 3742 1354 3796 Hic
1378 3758 1622 3812 namque
1643 3746 1730 3796 est
1752 3741 1901 3811 ignis
1918 3741 2014 3795 ille

2089 3213 2241 3261 ctum
2272 3200 2675 3277 boni‘przesciti
2704 3211 2761 3259 et
2810 3204 3211 3276 praedestinati,
3243 3210 3310 3260 ut
3337 3210 3604 3259 maneant
3629 3205 3692 3261 in

2091 3295 2294 3393 spiritu
2321 3293 2891 3393 adoptionis.Reliqui
2905 3310 3102 3393 omnes
3117 3299 3348 3365 propter
3358 3294 3539 3393 Deum
3560 3297 3695 3393 sunt

2092 3381 2361 3455 diligendi
2408 3401 2422 3449 ;
2467 3382 2603 3453 quia
2630 3382 2763 3436 boni
2795 3398 2830 3436 a
2855 3381 3003 3437 bono
3033 3382 3148 3437 Deo
3178 3387 3313 3437 sunt
3338 3382 3533 3448 creati,
3561 3382 3696 3437 licet

2093 3472 2228 3525 vitio
2253 3488 2354 3525 suo
2379 3471 2493 3526 sint
2540 3471 2673 3524 mali
2709 3470 2910 3525 etfecti.
2942 3471 3087 3525 Nam
3109 3465 3167 3526 et
3190 3470 3415 3526 dilectio
3433 3471 3585 3525 dicta
3613 3469 3692 3525 vi-

2095 3560 2260 3615 detur
2289 3575 2354 3613 eo
2385 3559 2534 3630 quod
2563 3559 2719 3629 liget.
2754 3558 2907 3635 Duos
2933 3558 3083 3613 enim
3103 3558 3163 3612 in
3183 3556 3418 3613 invicem
3449 3556 3647 3627 alligat
3674 3576 3689 3624 ;

2098 3645 2232 3718 quia
2251 3662 2363 3702 non
2394 3648 2602 3707 minus.
2633 3663 2802 3717 quam
2832 3646 2981 3701 inter
2996 3647 3137 3700 duos
3157 3646 3403 3701 Charitas
3432 3662 3564 3713 esse
3589 3661 3692 3716 po-

2096 3740 2238 3791 test:
2265 3734 2398 3790 facit
2421 3752 2668 3806 namque
2692 3734 2991 3789 unanimes
3027 3734 3087 3788 in
3117 3734 3303 3795 domo.
3335 3734 3417 3789 ita
3431 3739 3496 3788 ut
3524 3733 3695 3804 pluri-

408 3849 581 3907 quem
609 3833 772 3887 Jesus
800 3831 954 3886 venit
1000 3831 1225 3886 mittere
1250 3830 1309 3885 in
1337 3835 1570 3896 terram,
1616 3836 1675 3885 et
1701 3829 1836 3901 quid
1863 3830 2001 3895 vult,
2096 3823 2176 3879 mi
2203 3824 2319 3879 sint
2346 3840 2442 3879 cor
2467 3840 2643 3879 unum
2693 3829 2751 3878 et
2777 3822 2967 3877 anima
2992 3838 3125 3877 una.
3160 3822 3516 3893 Quapropter
3542 3827 3693 3907 recte

407 3899 523 3977 nisi
552 3929 617 3976 ut
641 3921 1007 3993 ardeat(Lucs
1045 3920 1168 3990 xu),
1198 3925 1256 3975 et
1282 3924 1482 3974 exurat
1531 3899 1734 3975 omnia
1768 3919 2008 3974 carnalis
2087 3917 2379 3968 vinculum
2422 3915 2771 3981 perfectionis
2815 3914 2952 3980 (Col.
3012 3925 3097 3977 in,
3137 3911 3225 3973 illi
3252 3917 3498 3971 vocatur.
3531 3899 3697 3980 Ligat

408 4011 539 4065 vitae
550 4004 862 4083 desideria?
884 4010 995 4081 Iste
1016 3998 1224 4080 quippe
1242 4009 1388 4079 ignis
1413 4013 1515 4073 est,
1543 4007 1639 4078 qui
1669 4008 1738 4061 de
1753 4002 1892 4061 omlo
1914 4025 2008 4063 ve-
2091 4004 2259 4058 etiam
2285 4003 2503 4058 animas
2521 4001 2893 4056 indissolubili
2914 4000 3124 4055 amoris
3154 4000 3371 4055 vinculo
3388 4000 3461 4054 ad
3479 4000 3690 4067 Deum,

409 4099 500 4156 nit
548 4082 606 4154 in
666 4082 849 4153 Veteri
876 4094 1258 4161 Testamento,
1290 4113 1457 4168 quem
1492 4095 1705 4166 iugiter
1732 4096 2009 4150 sacerdoti
2093 4109 2234 4164 quas
2257 4092 2413 4163 prius
2430 4092 2550 4163 ipse
2578 4108 2694 4147 suae
2726 4090 3043 4147 dilectionis
3066 4090 3187 4145 loro
3214 4089 3323 4144 sibi
3344 4082 3689 4154 astrinxerit,

410 4188 620 4243 nutriri
645 4187 967 4251 mandatur,
990 4202 1061 4241 ne
1106 4186 1447 4255 exstinguat,
1472 4184 1604 4255 quia
1623 4182 1778 4239 nullo
1806 4201 1872 4238 ex
1900 4184 2010 4241 alio
2093 4188 2158 4236 ut
2175 4186 2441 4235 maneant
2458 4180 2516 4234 in
2534 4180 2902 4236 Deum.Unde
2925 4178 3225 4237 Dominus:
3264 4180 3588 4244 νοιοιέαιαν,
3610 4179 3695 4232 in-

409 4260 821 4342 holocaustum,
852 4276 941 4331 vel
965 4274 1303 4331 sacriﬁcium
1316 4274 1431 4329 Deo
1450 4273 1684 4343 dignum
1705 4278 2009 4330 crematur.
2094 4269 2301 4340 quit,ut
2314 4275 2364 4323 et
2382 4272 2489 4338 ipsi
2503 4285 2688 4324 unum
2702 4272 2817 4323 sint
2832 4272 2894 4322 in
2908 4270 3081 4333 nobis,
3095 4271 3239 4325 sicut
3257 4284 3351 4335 ego
3361 4271 3410 4320 et
3435 4270 3495 4320 tu
3509 4280 3690 4320 unum

414 4344 475 4421 Si
508 4342 634 4438 quis
660 4361 793 4421 vero
822 4365 1070 4421 alienum
1099 4342 1384 4427 obtulerit,
1414 4342 1559 4417 sicut
1590 4361 1797 4416 factum
1826 4367 1913 4416 est
1942 4356 2011 4415 il-
2033 4375 2288 4453 Dsumu:
2318 4360 2498 4424 (Joan.
2521 4371 2658 4424 xvn,
2681 4357 2795 4419 22).
2814 4357 3080 4428 Alioquin
3098 4358 3294 4413 civitas
3306 4357 3403 4410 illa

411 4454 503 4522 lis,
538 4471 679 4526 quos
724 4455 871 4526 ignis
896 4454 1125 4519 exussit,
1182 4451 1379 4507 Nadab
1409 4457 1466 4508 et
1496 4450 1643 4506 Abiu
1686 4452 1872 4517 (Num.
1904 4451 2010 4521 ul),
2033 4443 2076 4453 ”
2098 4450 2211 4503 lem
2262 4447 2502 4503 caelestis
2551 4447 2833 4518 quomodo
2862 4452 3147 4502 constaret
3200 4461 3267 4501 ex
3313 4450 3429 4500 tam
3458 4443 3693 4498 diversis

412 4550 600 4598 morte
646 4544 921 4616 plectatur
947 4549 1174 4605 aeterna,
1208 4541 1476 4614 quoniam
1504 4540 1658 4611 ignis
1684 4539 1791 4595 iste
1817 4556 2017 4612 parpe-
2099 4531 2261 4592 unita
2272 4536 2333 4591 in
2353 4537 2554 4602 Deum,
2583 4543 2647 4592 ut
2664 4536 2815 4590 ultra
2837 4535 2956 4605 jam
2969 4549 3080 4588 non
3109 4533 3286 4612 possit
3314 4530 3560 4593 dissolvi,
3593 4545 3697 4587 nec

413 4637 552 4688 tuus
580 4639 685 4688 est.
2100 4625 2217 4681 ullo
2274 4624 2489 4680 fraudis
2542 4625 2671 4681 dolo
2699 4623 3001 4693 corrumpi,
3033 4621 3141 4676 nisi
3169 4624 3321 4675 esset
3346 4619 3607 4683 interius,
3639 4624 3697 4673 et

1046 4720 1282 4808 ῠΑΡυΤ
1311 4746 1384 4807 Ηι
1994 4744 1999 4747 -
2101 4707 2347 4808 exterius
2374 4714 2651 4771 charitate
2674 4703 2889 4808 (insisti
2907 4711 2990 4766 sic
3292 4713 3697 4808 quatenusnoc

1060 4794 1169 4877 ᾔδει
1195 4794 1273 4808 νδ
1311 4794 1391 4877 ⁸⁵⁸.
1494 4870 1499 4875 ι
2100 4802 2250 4857 inter
2294 4804 2496 4858 ﬂuctus
2541 4802 2733 4857 seaculi
2775 4799 3059 4870 submergi
3097 4802 3286 4869 queat
3316 4797 3464 4853 Ηίηϐ
3489 4796 3698 4868 qni?!”

829 4877 997 4949 0W“!
1024 4868 1221 4969 ξίηθυα
1248 4882 1321 4933 δίε
1346 4867 1609 4933 ολανίεαδο
2099 4891 2305 4945 dicitur
2326 4910 2338 4945 :
2356 4893 2419 4945 Et
2449 4894 2639 4946 linivit
2667 4906 2861 4946 aream
2877 4892 2986 4944 Noe
3006 4867 3290 4944 bitumine
3310 4890 3464 4940 intus
3485 4890 3534 4939 et
3555 4867 3696 4953 foris

497 4964 544 5043 l.
575 4985 835 5041 Charitas
862 5001 995 5056 ergo
1016 4965 1272 5042 Graecum
1299 4990 1409 5053 est,
1440 4984 1587 5055 quod
1614 4982 1673 5037 in
1697 4982 1898 5038 Latino
1925 4983 2014 5035 di—
2094 4980 2250 5052 (Gen.
2285 4984 2381 5043 v1).
2440 4969 2575 5044 Quae
2603 4980 2712 5033 nisi
2740 4984 2890 5034 esset
2916 4978 3098 5043 linita,
3130 4977 3283 5031 inter
3316 4974 3498 5029 undas
3523 4972 3697 5026 illaec

420 5056 577 5130 ieetio
606 5075 940 5148 appellatur.
967 5074 1078 5130 Sed
1099 5075 1299 5130 melius
1328 5075 1390 5131 in
1415 5073 1607 5129 Graeco
1634 5071 1877 5127 charitas
1905 5070 2016 5125 vim
2097 5067 2401 5141 superferri
2431 5084 2543 5123 non
2572 5073 2762 5138 posset
2800 5086 2814 5119 ς
2863 5067 3014 5137 quod
3042 5066 3089 5121 si
3116 5065 3270 5120 inter
3296 5077 3466 5123 auras
3504 5056 3694 5113 saeculi

416 5181 534 5235 sum
563 5160 988 5235 signiﬁcationis
1035 5163 1316 5235 exprimit,
1345 5179 1514 5233 quam
1553 5160 1797 5224 dilectio,
1833 5176 1955 5231 quae
1983 5174 2019 5211 a
2102 5175 2136 5212 a
2164 5159 2281 5212 Deo
2310 5154 2555 5212 Ecclesia
2579 5156 2849 5210 solidatur
2871 5172 2942 5209 ne
2963 5153 3244 5225 corrumpi
3264 5149 3460 5223 possit,
3479 5152 3695 5217 quanto

417 5232 705 5323 diligendo
728 5252 1017 5323 quidpiam
1030 5232 1548 5320 noiniuaturISaepe
1569 5248 1719 5303 enim
1734 5248 2020 5317 diligimus
2101 5247 2283 5316 magis
2311 5247 2369 5300 in
2400 5244 2601 5317 patria.
2634 5244 2867 5314 ubiiam
2897 5243 3086 5297 nullus
3110 5240 3491 5323 Ρνοοευπυφ
3510 5240 3698 5323 φοιιιε

419 5316 574 5415 (ιιιοῆ
598 5316 827 5397 domum
851 5316 1287 5413 improbandum
1324 5316 1524 5394 melius
1556 5316 1893 5410 iudicamus.
1927 5336 2022 5393 Di-
2103 5334 2236 5390 erit?
2269 5316 2417 5389 Hinc
2441 5350 2665 5406 quoque
2686 5332 2861 5388 David
2890 5330 3218 5404 canitli‘stﬂ.
3239 5332 3441 5393 citum,
3476 5316 3652 5391 ετξ-14)
3679 5341 3692 5377 :

2171 5459 2198 5501 ἀ
2220 5461 2287 5516 In
2315 5458 2481 5514 editis
2504 5458 2876 5525 desideratur,
2910 5458 3011 5527 qui
3030 5465 3151 5508 aut
3172 5452 3383 5521 dim,
3403 5459 3523 5506 nea
3544 5450 3697 5503 navit

2101 5552 2276 5605 Deum
2308 5568 2324 5604 :
2349 5564 2472 5620 quae
2500 5554 2694 5603 tamen
2720 5530 2890 5601 verba
2923 5547 3147 5599 exstant
3169 5542 3231 5597 in
3257 5532 3488 5597 mannis
3509 5534 3695 5594 textu.

490 5477 518 5508 ι
537 5468 605 5523 In
634 5467 769 5522 edit.
800 5467 1071 5522 omissum
1101 5472 1188 5522 est
1214 5468 1409 5522 Deum.

494 5553 523 5596 δ
551 5546 723 5624 Edim
737 5558 952 5623 W;

493 5653 517 5683 ο
544 5643 717 5715 Editi,
748 5649 1038 5719 ﬂagratur.
