3992 6166
369 259 505 321 1463
1138 255 1197 314 S.
1239 250 1614 310 PASCHASII
1651 241 2013 305 RADBERTI
2052 240 2355 297 ABBATIS
2393 240 2887 298 CORBEIENSIS.
3501 242 3647 300 1464

362 385 573 453 Lauda,
596 386 922 450 Jerusalem,
966 384 1301 449 Dominum;
1343 396 1406 433 ac
1428 379 1474 434 si
1493 381 1750 449 patenter
1773 374 1923 429 dicat
1942 391 1952 406 ·
1973 371 2024 430 Α
2114 384 2167 444 3,
2200 386 2437 440 Constat
2463 384 2484 426 τ
2510 385 2702 455 igitur,
2734 390 2800 439 ut
2849 384 2982 450 dixi,
3013 384 3163 455 quod
3187 397 3345 439 amor
3369 401 3481 456 quo
3508 384 3650 440 (me.

367 478 641 544 Quoniam
683 475 1011 542 confortavit
1053 488 1200 525 seras
1250 475 1547 538 portarum
1589 471 1840 526 tuarum,
1886 480 1957 518 ne
2038 474 2147 528 οιίο
2174 473 2418 541 fulcitur,
2453 489 2861 543 nonnunquam
2905 473 2965 525 in
3024 472 3172 527 malo
3200 473 3512 544 accipitur;
3546 475 3649 529 sed

365 580 561 618 rursus
605 567 814 633 queant
853 560 1100 630 infringi.
1149 556 1364 612 Deinde
1404 554 1643 609 addidit:
1672 555 1959 608 Βοηθάίιτίι
2040 562 2486 616 Christianorum
2507 561 2742 615 nonnisi
2765 560 2825 615 in
2846 560 3085 626 bono,ut
3100 561 3440 632 quidquidin
3464 562 3649 617 Deum

365 656 508 721 ﬁlios
535 658 652 705 tuos
676 668 739 704 in
771 657 838 715 te,
863 654 960 718 qui
972 651 1156 717 posuit
1187 649 1458 713 ﬁnestuos
1483 660 1686 713 pacem.
1710 641 1956 696 Exclusis
2039 657 2138 704 aut
2165 656 2396 722 propter
2422 651 2599 705 Deum
2631 649 2836 720 diligis,
2890 666 3046 704 ames
3102 665 3332 704 necesse
3383 655 3473 704 cst,
3498 650 3652 707 sicut

367 739 572 810 quippe
600 737 851 809 reprobis
874 741 930 789 et
955 732 1411 787 maledictionum
1442 731 1589 796 filiis,
1613 746 1807 783 omnes
1822 745 1958 783 una-
2043 740 2424 810 temetipsum.
2455 738 2635 792 Deum
2666 754 2796 792 vero
2824 754 2891 792 ex
2922 743 3043 792 ιοιο
3093 739 3276 804 corde,
3335 744 3394 793 et
3430 756 3499 793 ex
3526 745 3652 794 tota

365 827 550 881 nimes
600 825 774 879 futuri
816 825 884 877 ad
929 823 1214 876 dexteram
1251 820 1435 874 Patris
1462 818 1740 874 benedicti
1770 824 1951 883 erunt,
2038 827 2245 895 anima,
2268 835 2327 882 et
2353 844 2419 881 ex
2446 832 2566 881 tota
2591 826 2798 881 virtute
2827 826 3029 897 diligas
3057 832 3116 881 et
3147 843 3338 893 ames;
3369 828 3651 899 quoniam

366 931 607 986 quorum
653 913 743 967 hic
773 913 974 966 animae
1000 912 1117 981 jam
1151 910 1209 964 in
1240 909 1461 964 Christo
1490 925 1667 963 unum
1692 925 1812 962 esse
1844 924 1955 961 σω·
2041 933 2202 970 αιτιοι·
2232 921 2289 970 et
2338 915 2563 969 dilectio
2598 915 3000 969 convisceratio
3027 920 3114 969 est
3138 916 3322 986 patris
3349 916 3411 970 in
3441 916 3650 983 ﬁlium,

364 1008 587 1074 perunt,
624 1006 688 1055 ut
714 1001 830 1054 illic
856 1000 913 1053 in
934 999 1151 1053 unitate
1164 998 1345 1052 Patris
1365 997 1583 1068 plenius
1603 996 1955 1067 colligantur.
2042 1009 2099 1059 et
2127 1004 2371 1058 filim-um
2402 1002 2607 1057 refusio
2654 1003 2710 1057 in
2743 1008 2954 1074 patres,
2983 1003 3234 1058 fraterna
3265 1021 3494 1076 quoque
3518 1022 3657 1076 ger.

436 1090 492 1145 2.
533 1090 788 1161 Denique
833 1089 1021 1142 unitas
1067 1103 1357 1158 nunquam
1405 1085 1689 1150 dividitur,
1721 1085 1960 1155 ideoque
2041 1093 2303 1147 inanitas.
2343 1092 2603 1163 Alioquin
2633 1091 2767 1145 tolle
2789 1092 3326 1164 dilectionem,quid
3355 1093 3534 1148 habet
3559 1111 3659 1166 pa-

366 1179 637 1250 quidquid
650 1178 866 1232 unitate
881 1173 1822 1239 solidatur,ﬁrmissimodilectionis
1846 1173 1959 1226 vin—
2040 1186 2128 1235 ter
2152 1181 2221 1235 ad
2252 1180 2452 1246 ﬁlium,
2478 1185 2577 1233 aut
2605 1180 2756 1233 ﬁlius
2784 1180 2855 1233 ad
2883 1187 3123 1250 patrem,
3156 1181 3241 1234 vel
3279 1182 3413 1252 quid
3446 1182 3654 1237 fratres

365 1268 491 1322 culo
510 1272 737 1321 tenetur
754 1282 818 1320 ac
838 1265 1065 1335 ligatur.
1087 1265 1227 1318 Hinc
1247 1280 1488 1334 namque
1508 1263 1799 1333 Scriptura
1827 1278 1958 1315 san-
2041 1270 2111 1324 ad
2142 1269 2424 1323 invicem?
2477 1267 2688 1323 Idcirco
2745 1274 2828 1334 tu,
2861 1269 3050 1332 homo,
3085 1269 3276 1340 dilige,
3334 1270 3471 1341 quia
3498 1272 3654 1326 Deus

364 1362 454 1411 cta
483 1356 642 1427 quasi
674 1354 984 1408 honestiori
1014 1353 1279 1407 vocabulo
1311 1369 1412 1423 pro
1436 1367 1648 1415 amore,
1685 1351 1771 1405 vel
1801 1350 1958 1421 cupi-
2041 1357 2266 1411 dilectio
2294 1362 2400 1411 est.
2423 1357 2530 1411 Sed
2564 1355 2697 1426 quid
2727 1360 2815 1410 est
2846 1357 2990 1427 quod
3026 1374 3140 1411 non
3168 1359 3425 1428 diligeris
3454 1360 3649 1426 aDeo,

364 1445 496 1499 dine
521 1443 887 1498 usitatissime
920 1442 1250 1496 charitatem
1281 1441 1441 1512 ponit
1467 1441 1552 1494 vel
1580 1440 1956 1505 dilectionem,
2041 1445 2148 1499 nisi
2165 1446 2299 1516 quia.
2321 1462 2436 1500 non
2456 1444 2668 1515 diligis?
2684 1444 2933 1515 alioquin
2954 1446 3103 1500 Deus
3119 1447 3344 1501 dilectio
3364 1448 3653 1518 quomodo

362 1534 497 1587 licet
525 1549 929 1602 nonnunquam
959 1536 1016 1584 et
1040 1546 1231 1584 amore
1259 1530 1515 1583 fruamur
1543 1528 1783 1588 Christo.
1818 1527 1963 1581 sicut
2042 1539 2226 1604 potest
2245 1550 2357 1588 non
2380 1534 2633 1604 diligere,
2651 1549 2777 1586 cum
2795 1533 2866 1587 sit
2887 1533 3005 1604 ipse
3018 1535 3243 1589 dilectio
3261 1535 3286 1587 ?
3315 1535 3479 1600 Quod
3503 1535 3650 1590 bene

365 1626 453 1675 est
478 1621 538 1673 in
575 1619 822 1674 Canticis
876 1619 945 1673 de
995 1634 1199 1688 sponsa
1233 1635 1244 1668 :
1289 1618 1430 1685 Quia
1480 1633 1668 1670 amore
1726 1621 2309 1694 langueo_prodigus
2337 1621 2591 1676 insinuat
2619 1619 2786 1674 ﬁlius.
2829 1621 3174 1694 Consumpto
3216 1622 3649 1694 itaquesluxu-

367 1711 547 1776 (Cant.
577 1725 628 1773 v,
661 1707 734 1776 2).
766 1708 881 1762 Nec
907 1683 1107 1761 non-et
1133 1707 1201 1761 de
1231 1683 1508 1777 sapientia
1536 1705 1595 1759 in
1625 1683 1955 1759 Proverbiis:
1978 1683 2024 1742 Β
2042 1683 2189 1765 riose
2203 1683 2557 1782 patrimonio
2582 1718 2640 1766 et
2681 1711 2920 1783 perdito,
2952 1683 3183 1765 tandem
3221 1711 3294 1766 ad
3316 1683 3383 1766 se
3416 1712 3650 1766 rediens

362 1799 506 1853 Ama
524 1813 646 1850 eam
666 1802 715 1850 et
726 1798 960 1849 servabit
974 1797 1389 1863 tetProv.II),seu
1407 1798 1464 1847 et
1480 1799 1497 1822 ‘
1517 1792 1576 1847 in
1588 1793 1713 1848 aliis
1735 1793 1961 1864 quibus-
2040 1804 2260 1869 patrem
2290 1805 2448 1853 vocat
2474 1817 2643 1871 quem
2665 1801 2994 1855 deseruerat
3041 1801 3190 1867 (Luc.
3241 1802 3349 1869 xv).
3384 1800 3457 1853 Et
3480 1800 3647 1855 bene.

362 1885 501 1939 libet
528 1884 680 1939 locis.
712 1885 925 1938 Tamen
954 1882 979 1915 ι’
1025 1884 1121 1937 ubi
1175 1883 1384 1937 nullius
1412 1883 1601 1952 lapsus
1626 1882 1847 1937 videtur
1875 1899 1961 1936 oc-
2043 1887 2187 1951 Quia
2232 1888 2366 1941 licet
2420 1887 2514 1941 ille
2564 1906 2678 1943 non
2708 1888 2949 1943 amando
2979 1888 3227 1959 degener
3263 1893 3416 1942 esset
3443 1888 3647 1956 factus,

362 1974 533 2039 casio,
560 1976 689 2044 jure
726 1974 784 2028 in
805 1973 1110 2044 Scripturis
1139 1972 1345 2027 sanctis
1364 1988 1568 2026 nomen
1585 1973 1791 2026 amoris
1818 1972 1963 2025 inse-
2042 1980 2205 2048 pater
2224 1976 2282 2030 in
2310 1992 2371 2030 se
2393 1993 2628 2031 manens
2653 1994 2765 2032 non
2795 1976 3063 2031 amiserat
3088 1976 3304 2030 viscera
3329 1979 3651 2047 paternita-

360 2064 536 2136 ritur:
596 2067 863 2117 caeterum
893 2061 989 2116 ubi
1015 2061 1214 2117 celsior
1240 2061 1485 2131 dignitas
1536 2060 1777 2115 nominis
1807 2078 1961 2116 com-
2043 2065 2136 2131 tis,
2169 2081 2291 2136 qum
2320 2064 2587 2119 nimirum
2616 2066 2829 2120 viscera
2874 2065 3118 2120 charitas
3149 2070 3257 2119 est.
3291 2066 3362 2119 Et
3386 2065 3518 2120 ideo
3540 2067 3652 2120 mi-

362 2134 943 2216 niendatur,charitas
966 2151 1048 2205 vel
1076 2150 1301 2203 dilectio
1329 2143 1856 2204 dicitur.Etsi°nihil
1885 2151 1959 2204 sit
2038 2154 2111 2207 sit
2161 2134 2309 2207 Deus
2358 2154 2630 2224 Spiritum
2660 2171 2847 2219 suum,
2893 2154 2989 2225 qui
3020 2159 3106 2208 est
3133 2154 3381 2208 charitas
3411 2156 3647 2226 proprie

360 2241 422 2295 in
451 2240 650 2294 divinis
680 2240 915 2311 eloquiis
944 2244 1134 2294 utrum
1152 2254 1313 2292 amor
1336 2239 1455 2298 Dei.
1486 2255 1559 2292 an
1587 2238 1850 2306 charitas,
1885 2256 1957 2293 an
2039 2247 2286 2308 vocatus,
2318 2248 2375 2295 et
2402 2258 2466 2295 ex
2515 2243 2683 2296 Patre
2710 2242 2963 2313 Filioque
3012 2242 3268 2313 procedit
3296 2242 3358 2295 in
3381 2242 3649 2297 cordibus

363 2329 587 2383 dilectio
617 2329 957 2391 nominetur,
980 2332 1170 2381 tamen
1200 2344 1405 2381 nomen
1434 2327 1725 2382 charitatis
1754 2328 1810 2382 in
1835 2334 1959 2382 tan-
2039 2330 2264 2396 nostris,
2288 2335 2352 2384 ut
2365 2346 2466 2401 per
2488 2331 2819 2385 charitatem
2840 2346 3311 2402 concorporemur
3328 2330 3387 2385 in
3409 2348 3650 2403 corpore

362 2422 486 2470 tum
516 2416 820 2480 extollitur,
852 2421 918 2468 ut
947 2416 1095 2469 Deus
1125 2416 1295 2469 etiam
1315 2416 1439 2487 ipsa
1474 2416 1738 2483 charitas,
1771 2416 1958 2489 appel-
2038 2418 2265 2485 Christi,
2298 2425 2574 2489 quatenus
2602 2420 2661 2473 in
2685 2419 2850 2474 Patre
2871 2424 2929 2474 et
2947 2418 3245 2484 Filio,-una
3266 2435 3397 2473 cum
3429 2420 3648 2491 Spiritu

362 2506 529 2560 lctur.
557 2505 695 2558 Hinc
724 2521 945 2575 quoque
960 2506 1203 2559 Joannes
1225 2506 1307 2558 ait
1332 2524 1342 2558 :
1377 2506 1726 2573 Charissimi,
1750 2508 1957 2574 ditiga-
2041 2512 2233 2560 sancto
2261 2523 2364 2560 nos
2394 2524 2570 2561 unum
2599 2508 2795 2573 simus,
2844 2508 2990 2562 sicut
3034 2513 3092 2560 et
3142 2507 3251 2577 ipsi
3286 2507 3345 2560 in
3373 2525 3437 2562 se
3466 2524 3647 2564 unum

361 2610 487 2647 mus
513 2596 767 2659 invicem,
797 2597 930 2662 quia
959 2595 1204 2647 charitas
1231 2611 1294 2647 es:
1323 2595 1427 2648 Deo
1456 2600 1549 2657 cst,
1578 2600 1626 2647 et
1658 2598 1839 2647 omnis
1859 2599 1960 2664 qui
2040 2596 2341 2659 sunt.Quia
2364 2601 2517 2650 totus
2550 2597 2691 2650 Deus
2718 2597 2888 2650 Pater
2917 2602 2975 2650 et
3000 2596 3175 2650 Filius
3200 2602 3371 2667 atque
3396 2596 3648 2667 Spiritus

360 2684 549 2750 diligit
576 2698 644 2734 ea:
672 2683 776 2735 Deo
808 2686 971 2734 natus
1000 2685 1092 2746 est,
1123 2686 1173 2734 et
1200 2685 1471 2749 cognoscit
1494 2683 1667 2736 Deum
1694 2701 1708 2736 :
1732 2685 1830 2752 qui
1857 2699 1956 2737 au-
2037 2689 2263 2738 sanctus
2283 2700 2394 2738 una
2415 2685 2678 2750 charitas,
2711 2690 2767 2739 et
2794 2701 2908 2739 una
2935 2684 3067 2751 vita,
3091 2689 3261 2756 atque
3304 2700 3422 2738 una
3443 2683 3646 2739 Deitas

364 2778 471 2825 tem
501 2787 615 2824 non
643 2771 851 2837 diligit,
886 2786 997 2823 non
1027 2773 1295 2837 cognoscit
1312 2772 1654 2839 Deum,quia
1668 2773 1803 2825 Deus
1823 2773 1954 2826 cha-
2036 2777 2157 2837 est;
2188 2777 2245 2825 et
2273 2772 2400 2826 ideo
2428 2772 2570 2826 bene
2608 2773 2705 2844 qui
2731 2773 2934 2843 diligit,
2953 2773 3042 2827 cui
3064 2773 3261 2827 datum
3300 2778 3391 2827 est
3420 2778 3488 2827 ut
3508 2773 3646 2828 dili-

360 2863 502 2914 ritas
533 2864 607 2914 est
633 2860 691 2929 (Ι
704 2861 845 2913 Joan
894 2873 965 2924 IV,
1012 2856 1064 2924 7,
1110 2855 1185 2929 8).
1213 2859 1364 2913 Talis
1388 2860 1562 2930 igitur
1589 2860 1763 2913 virtus
1790 2861 1955 2931 longe
2034 2865 2151 2930 gat,
2210 2877 2275 2914 ex
2305 2861 2420 2915 Deo
2484 2867 2652 2916 natus
2698 2867 2801 2916 est.
2839 2863 2907 2916 Et
2935 2862 3032 2933 qui
3061 2866 3252 2915 manet
3277 2861 3336 2915 in
3366 2862 3473 2915 hac
3500 2862 3647 2917 dile-

361 2946 660 3003 differturd
678 2963 710 3001 a
731 2947 991 3018 cupidine
1019 2948 1110 3001 vel
1138 2963 1351 3017 amore,
1368 2948 1436 3001 de
1452 2947 1655 3019 quibus
1674 2949 1954 3020 sapientes
2036 2949 2238 3016 ctione,
2272 2948 2333 3003 in
2367 2950 2483 3004 Deo
2532 2955 2742 3017 manet,
2775 2955 2833 3004 et
2858 2950 3008 3005 Deus
3034 2949 3095 3004 in
3123 2966 3189 3005 eo
3220 2950 3274 3015 (Ι
3312 2952 3478 3005 Joan.
3526 2956 3644 3017 ιιι).

360 3037 549 3130 saeculi
578 3036 849 3130 quasdam
874 3041 1041 3130 artes,
1078 3035 1278 3130 quibus
1307 3053 1467 3130 amor
1504 3036 1563 3090 in
1592 3037 1779 3130 anima
1796 3039 1955 3130 pasti
1973 3041 2015 3104 C
2334 3125 2343 3130 ‘
2655 3062 2889 3130 οἈΡυΤ
2919 3074 3018 3130 III.

361 3125 450 3178 vel
478 3125 673 3195 augeri
704 3128 910 3194 posset,
942 3124 1283 3194 conscriptas
1312 3124 1679 3195 reliquerunt.
1706 3126 1811 3179 Sed
1834 3144 1958 3197 pro-
2334 3125 2343 3131 ’
2612 3158 2621 3169 ι

362 3213 506 3265 fecto
538 3212 642 3265 has
688 3211 894 3282 quique
938 3212 1191 3265 carnales
1219 3212 1291 3266 ad
1319 3213 1519 3267 vitiosa
1564 3219 1621 3268 et
1664 3215 1956 3287 culpabilis
2035 3198 2110 3251 De
2136 3200 2406 3252 δεηίθηίία
2418 3200 2601 3265 Pauli,
2627 3199 2726 3253 ubi
2741 3202 2864 3254 αίεῖ
2895 3201 3040 3268 Ψιοά
3058 3199 3240 3271 Major
3257 3204 3345 3255 θεῖ
3367 3200 3640 3258 Charitas-

364 3300 573 3355 amoris
601 3299 965 3353 incitamenta
987 3304 1295 3355 traxerunt.
1347 3301 1505 3356 Unde
1546 3307 1739 3357 sancta
1768 3305 1955 3377 Scrip-
2113 3302 2162 3360 1.
2185 3304 2280 3358 Ait
2306 3304 2484 3358 enim:
2520 3306 2751 3359 Manent
2777 3311 2963 3360 autem
2984 3322 3137 3360 nunc
3163 3307 3310 3374 ﬁdes,
3342 3322 3479 3375 spes,
3512 3309 3645 3362 cha-

361 3393 494 3443 tura
509 3388 840 3442 charitatem
861 3388 1161 3458 gloriosius
1181 3390 1555 3456 commendat,
1576 3408 1647 3446 ne
1664 3393 1811 3463 apud
1832 3410 1952 3461 nos,
2037 3396 2198 3458 ritas,
2224 3395 2335 3446 tria
2364 3393 2489 3447 hac.
2516 3395 2696 3462 Major
2716 3399 2899 3448 autem
2920 3395 3141 3461 horum,
3169 3395 3255 3448 vel
3270 3394 3439 3449 sicuti
3460 3397 3643 3450 nostri

362 3478 461 3532 ubi
490 3482 700 3548 quanto
738 3477 926 3547 plures
970 3477 1352 3548 simpliciores,
1387 3483 1543 3532 tanto
1582 3480 1957 3551 imperitiores
2037 3480 2256 3535 codices
2272 3481 2499 3549 habent,
2524 3484 2703 3551 Major
2728 3488 2915 3537 autem
2936 3484 3023 3536 his
3052 3488 3124 3536 cst
3164 3484 3414 3538 charitas
3426 3483 3489 3553 [Ι
3506 3486 3632 3539 Cor.

364 3566 536 3635 hujus
555 3565 843 3619 occasione
877 3565 1127 3619 vocabuli
1170 3566 1239 3619 ad
1269 3583 1516 3620 amorem
1542 3570 1847 3623 carnalium
1875 3587 1958 3625 re-
2040 3584 2168 3638 xm,
2203 3568 2312 3640 13).
2342 3571 2451 3624 Sed
2484 3570 2679 3624 beatus
2715 3570 3081 3640 Augustinus,
3112 3575 3295 3640 major
3320 3578 3512 3627 autem
3541 3576 3643 3628 ho-

363 3671 489 3708 rum
521 3654 802 3721 labantur,
854 3654 1018 3708 sicuti
1060 3654 1315 3708 fecerunt
1348 3656 1426 3720 hi,
1461 3656 1556 3727 qui
1587 3674 1686 3727 pro
1717 3658 1805 3711 his
1836 3675 1959 3729 quae
2040 3672 2193 3723 rum,
2216 3673 2318 3710 nos
2358 3657 2542 3712 dicere
2575 3657 2780 3712 debere
2799 3658 3068 3712 insinuat.
3091 3658 3241 3713 Dicit
3269 3661 3419 3714 enim
3469 3661 3572 3727 ita,
3595 3662 3642 3716 si

364 3743 514 3797 dicta
547 3748 682 3797 sunt
705 3744 773 3796 de
793 3743 1002 3797 amoris
1022 3748 1227 3796 natura
1258 3743 1313 3796 in
1334 3743 1525 3815 lapsus
1553 3746 1863 3800 carnalium
1903 3753 1960 3801 et
2039 3744 2325 3799 videretur
2344 3746 2736 3816 dicere,Major
2756 3753 2945 3801 autem
2964 3748 3051 3801 his
3063 3752 3137 3801 est
3167 3750 3415 3802 charitas
3436 3769 3453 3804 :
3470 3750 3639 3807 aliam

365 3831 847 3903 impudicitiarum
900 3831 1206 3903 praecipitia
1234 3838 1568 3886 corruerunt
1591 3852 1602 3887 :
1646 3836 1957 3905 praesertim
2039 3834 2368 3888 charitatem
2391 3833 2419 3874 h
2440 3834 2600 3905 quasi
2618 3841 2881 3906 quartum
2904 3835 3115 3907 aliquid
3134 3836 3402 3891 inducere
3426 3838 3643 3894 videre-

364 3935 492 3973 cum
544 3920 625 3973 illi
651 3920 899 3974 volentes
927 3919 1223 3973 ostendere
1251 3920 1362 3974 vim
1390 3922 1598 3976 amoris
1625 3923 1764 3977 nihil
1803 3924 1957 3979 aliud
2038 3928 2150 3987 tur,
2179 3924 2327 3993 quod
2347 3923 2527 3977 tribus
2556 3923 2944 3991 dinumeratis,
2976 3925 3108 3979 ﬁdei
3137 3925 3414 3992 videlicet,
3439 3929 3564 4000 spei
3587 3935 3644 3983 et

366 4024 507 4073 esse,
550 4025 719 4078 quam
756 4008 1045 4070 virtutem,
1098 4025 1220 4079 quae
1269 4010 1487 4064 animas
1551 4011 1620 4065 de
1674 4012 1840 4067 terris
1885 4014 1957 4067 ad
2038 4011 2299 4065 charitati
2320 4017 2689 4083 praeponeret.
2714 4013 2890 4066 Porro
2918 4014 3350 4085 comparativus,
3386 4017 3645 4089 quiage-

362 4094 590 4164 fastigia
616 4094 741 4148 coeli
772 4095 918 4148 celsa
946 4094 1232 4165 perducat,
1273 4112 1374 4149 nec
1397 4097 1467 4150 ad
1496 4113 1775 4152 summam
1797 4116 1957 4170 posse
2038 4099 2281 4153 nitivum
2331 4100 2606 4171 pluralem
2637 4100 2940 4171 aliquando
2985 4103 3151 4172 regit,
3181 4102 3405 4158 videtur
3432 4106 3642 4161 melius

368 4182 770 4236 beatitudinem
824 4182 1122 4252 perveniri,
1162 4183 1269 4237 nisi
1298 4185 1506 4239 amoris
1534 4185 1810 4241 desiderio
1837 4205 1958 4242 suc-
2037 4204 2139 4258 per
2165 4187 2423 4242 eumdem
2448 4205 2640 4242 casum
2670 4206 2904 4243 sonare:
2948 4190 3095 4244 sicut
3120 4194 3178 4244 et
3199 4207 3329 4245 cum
3353 4191 3426 4246 de
3455 4194 3643 4250 tribus

365 4270 637 4324 cendatur
675 4269 914 4324 animus.
972 4271 1149 4325 Multa
1199 4272 1269 4325 de
1298 4274 1506 4327 amoris
1535 4281 1738 4329 natura
1765 4276 2378 4372 dixerquuibuslibet
2405 4276 2837 4347 interrogamus,
2878 4279 3006 4349 quis
3044 4279 3272 4334 illorum
3318 4281 3479 4351 prior
3530 4290 3641 4348 est,

365 4359 592 4430 quidam
621 4366 644 4394 °
693 4375 815 4429 quae
860 4358 1195 4413 adumbrata
1244 4362 1599 4431 protulerunt
1624 4382 1636 4430 ;
1679 4365 1776 4418 sed
1829 4364 1954 4421 ideo
1972 4358 2017 4372 ”
2038 4366 2284 4419 volentes
2307 4381 2485 4419 unum
2512 4366 2581 4420 de
2609 4366 2745 4437 ipsis
2773 4366 3021 4438 priorem
3051 4384 3387 4438 agnoscere:
3415 4370 3468 4424 si
3498 4371 3642 4426 dici-

364 4464 581 4502 errasse
634 4447 887 4518 contigit,
940 4447 1073 4518 quia
1109 4464 1222 4501 non
1264 4451 1759 4519 apprehenderunt
1803 4454 1950 4523 quod
2035 4470 2179 4520 mus,
2238 4454 2362 4524 quis
2392 4453 2501 4507 illis
2538 4454 2692 4525 prior
2720 4456 2852 4510 est?
2906 4456 3093 4511 nescio
3122 4474 3291 4528 quam
3327 4474 3640 4529 personam

363 4536 515 4589 Deus
544 4537 787 4591 charitas
819 4542 983 4591 esset.
1018 4536 1177 4590 Unde
1207 4553 1318 4591 non
1345 4547 1724 4608 cognoverunt
1751 4542 1948 4610 Deum,
2036 4551 2296 4616 quartam
2347 4545 2603 4600 videmur
2626 4546 2931 4617 inquirere,
2970 4564 3094 4617 quae
3138 4547 3320 4603 tribus
3338 4548 3453 4604 illis
3483 4552 3644 4622 prior

363 4639 545 4693 neque
564 4624 895 4679 dilexerunt.
917 4626 1033 4680 Nos
1061 4630 1271 4692 autem,
1289 4626 1419 4698 quia
1446 4627 1953 4702 diligimus,utique
2034 4633 2127 4688 sit.
2162 4634 2262 4689 His
2290 4633 2370 4688 ita
2397 4632 2581 4704 dictis,
2641 4635 3003 4706 quaerendum
3034 4651 3209 4707 quare
3237 4637 3449 4692 dixerit
3481 4640 3641 4711 Apo-

364 4714 423 4764 et
450 4713 834 4780 cognoscimus
858 4733 869 4766 :
902 4720 1297 4784 cognoscentes
1343 4721 1532 4770 autem
1556 4718 1777 4788 plenius
1805 4736 1955 4774 ama-
2035 4722 2228 4789 stolus,
2279 4740 2407 4777 cum
2434 4728 2704 4777 maneant
2730 4723 2821 4777 hic
2848 4724 2961 4778 tria
2983 4725 3119 4790 haec,
3153 4729 3210 4778 et
3238 4725 3411 4781 simul
3440 4730 3637 4784 omnia

364 4814 509 4863 mus,
539 4804 596 4852 et
623 4801 754 4869 quia
782 4818 1057 4868 amamus,
1088 4803 1146 4856 in
1176 4803 1437 4859 omnibus
1465 4812 1616 4861 recte
1640 4806 1948 4874 obedimus,
2035 4816 2229 4881 agant,
2260 4828 2363 4865 nec
2389 4828 2505 4866 una
2540 4811 2663 4865 sine
2698 4810 2877 4866 altera
2932 4812 3110 4883 possit
3163 4814 3453 4884 perﬁcere,
3486 4821 3640 4890 quod

361 4887 443 4941 ita
472 4892 537 4941 ut
571 4888 742 4977 etiam
788 4890 1041 4944 inimicos
1069 4892 1404 4963 diligamus:
1445 4894 1540 4964 qui
1586 4896 1832 4966 profecto
1890 4904 1955 4952 ut
2035 4901 2216 4970 major
2244 4899 2467 4954 illarum
2499 4899 2574 4953 sit
2600 4899 2863 4968 charitas,
2894 4900 3154 4956 videlicet
3185 4902 3294 4956 ﬁde
3321 4909 3381 4957 et
3409 4887 3520 4977 spe
3533 4908 3639 4963 im-

364 4992 559 5066 eorum
601 4975 738 5029 vitia
780 4977 1085 5066 oderimus,
1126 4981 1206 5034 sic
1261 4987 1396 5035 sunt
1440 4982 1725 5053 diligendi,
1759 4986 1892 5056 quia
1919 5003 1953 5041 a
2032 4989 2479 5060 praesentiarum,
2510 4988 2631 5041 sine
2651 4987 2854 5058 quibus
2881 4989 3038 5043 nulla
3065 4975 3637 5066 estcharitastajor

360 5065 508 5119 bono
540 5070 691 5132 sunt,
722 5070 787 5119 ut
808 5064 869 5119 in
897 5064 1106 5119 bonum
1151 5068 1329 5124 Deum
1359 5071 1617 5143 redeant,
1643 5079 1699 5127 et
1727 5091 1951 5145 perma-
2035 5082 2224 5131 autem
2253 5077 2397 5132 forte
2417 5075 2664 5130 charitas
2683 5075 2810 5130 ideo
2823 5077 3047 5143 dicitur,
3063 5078 3197 5149 quia
3210 5080 3403 5135 omnia
3430 5064 3625 5152 credit,

360 5160 534 5209 neant
553 5153 706 5209 boni.
2035 5166 2224 5220 omnia
2277 5170 2487 5238 sperat,
2548 5164 2864 5235 przesertim
2894 5181 3023 5221 cum
3052 5182 3168 5222 non
3195 5166 3359 5223 facile
3391 5169 3624 5228 dixerim

432 5308 459 5378 ξ
687 5299 848 5378 sicin
875 5297 1027 5378 aliis:
1080 5365 1095 5378 .
1199 5374 1206 5378 _
2102 5307 2316 5378 9Edit.,
2347 5308 2588 5378 quidem.

429 5366 458 5443 β
472 5366 636 5443 _Ed_it.
675 5385 777 5443 pro
804 5374 988 5422 tamen
1005 5365 1216 5424 habent
1240 5373 1461 5427 scilicet.
2099 5377 2122 5415 ε
2150 5365 2335 5443 Εάίιί,
2354 5365 2552 5432 ὶωιαι,

426 5442 452 5519 ξ
471 5437 642 5519 Edita
676 5437 795 5519 Etsi
814 5445 1020 5519 autmn.
2099 5460 2129 5519 ε
2155 5437 2333 5519 Editi,
2351 5465 2611 5519 namque.

427 5505 455 5549 ἀ
483 5506 878 5577 Edit.,di/7'ert.
2098 5518 2127 5559 ιι
2152 5505 2333 5588 Εάἱι.ξ
2366 5505 2655 5590 majérem,
2678 5523 2840 5591 quasi
2866 5527 3134 5591 quartum
3161 5525 3407 5593 aliquod.
