3992 6166
263 262 408 320 ’1465

1138 262 1232 319 DE
1271 263 1455 329 FIDE,
1499 263 1630 320 SPE
1666 264 1754 320 ET
1793 264 2222 321 CHARITATE.
2263 291 2332 306 -—
2369 263 2507 318 LIB.
2551 262 2656 319 III.

3406 269 3542 329 1466

265 385 550 453 continuo,
581 386 730 458 quod
759 387 941 442 omnis
972 387 1110 442 ﬁdes
1138 389 1440 460 perfectam
1483 389 1688 446 habeat
1725 391 1920 451 cha-A
1939 390 2182 444 charitas
2212 393 2317 454 est,
2348 393 2402 442 et
2432 387 2750 458 regnabant
2768 389 2826 444 in
2851 387 3113 445 omnibus
3133 392 3340 464 singuli
3358 411 3568 477 unum‘

261 475 508 531 ritatem.
531 475 690 531 Unde
717 477 1128 547 Apostolus:Si
1148 478 1860 550 habuero,inquit,omnem
1942 494 2142 548 corpus
2180 493 2306 530 cum
2344 477 2480 542 Deo,
2525 478 2668 531 alter
2703 477 2936 532 alterius
2974 477 3227 534 membra
3263 482 3383 537 sine
3426 486 3539 539 ﬁne

265 567 444 632 fidem,
478 567 557 618 ita
578 570 640 617 ut
668 571 875 619 montes
904 567 1266 633 transferam,
1310 568 1636 621 charitatem
1673 575 1860 622 autem
1940 565 2107 620 beati.

265 669 378 707 non
424 655 672 719 habeam,
736 655 883 708 nihil
922 655 1065 708 mihi
1102 656 1315 722 prodest
1361 657 1414 722 (Ι
1453 655 1574 710 Cor.
1617 671 1736 721 xm,
1778 656 1854 725 2).

265 741 373 796 Sed
400 741 621 794 videtur
656 742 794 795 mihi
834 758 946 795 non
985 759 1149 813 posse
1186 742 1390 797 habere
1429 760 1656 798 omnem
1694 746 1864 799 ﬁdem

263 829 360 900 qui
379 829 711 883 cbaritatem
740 846 852 883 non
881 829 1160 897 habuerit,
1206 831 1285 886 ita
1325 837 1389 886 ut
1416 837 1635 886 montes
1678 837 1865 888 trans-

260 918 424 972 ferat.
489 917 753 988 Alioquin
820 919 1098 989 quomodo
1163 919 1368 974 habere
1432 926 1617 992 potest
1661 921 1865 993 aliquis

263 1005 454 1060 omnia
490 1007 762 1076 mysteria
800 1012 857 1060 et
893 1024 1119 1062 omnem
1157 1008 1470 1074 scientiam,
1512 1015 1578 1064 ut
1607 1009 1754 1064 idem
1786 1011 1867 1065 ait

260 1095 579 1165 Apostolus,
624 1095 732 1148 nisi
763 1094 1024 1150 habuerit
1046 1097 1414 1164 cbaritatem;
1462 1098 1704 1153 maxime
1736 1115 1865 1153 cum

261 1183 410 1236 dicat
437 1184 715 1238 Joannes:
771 1184 964 1238 Omnis
1004 1187 1104 1253 qui
1138 1188 1310 1239 credit
1340 1190 1474 1255 quia
1505 1189 1753 1242 Christus
1793 1194 1867 1242 est

260 1274 482 1336 veritas,
537 1289 605 1325 ea:
643 1274 745 1326 Deo
795 1279 961 1327 natus
987 1279 1098 1337 est;
1144 1280 1193 1328 et
1220 1277 1321 1342 qui
1348 1292 1413 1328 ea:
1442 1278 1544 1330 Deo
1574 1284 1740 1330 natus
1769 1283 1860 1341 est,

262 1375 376 1412 non
414 1364 596 1428 peccat
644 1362 688 1428 (Ι
728 1363 890 1414 Joan.
943 1377 997 1426 v,
1052 1361 1096 1428 1,
1152 1359 1255 1430 l8).
1315 1363 1474 1418 Unde
1521 1374 1546 1404 ι
1587 1365 1868 1435 colligitur

262 1446 457 1519 [quodI
488 1447 535 1500 is
559 1447 654 1519 qui
683 1449 862 1502 credit
877 1449 1008 1520 quia
1025 1450 1284 1505 Christus
1303 1457 1389 1505 est
1408 1453 1630 1518 veritas,
1656 1469 1721 1506 ex
1750 1454 1866 1508 Deo

260 1540 430 1588 natus
460 1541 579 1603 est;
611 1541 668 1590 et
696 1537 792 1608 qui
814 1554 880 1590 ex
908 1538 1024 1591 Deo
1047 1543 1213 1592 natus
1239 1545 1342 1604 est,
1371 1557 1484 1594 non
1512 1547 1721 1611 peccat.
1757 1541 1862 1607 Qui

2013 654 2067 710 3.
2100 656 2230 710 Hzec
2277 660 2411 709 sunt
2455 671 2698 725 namque
2735 655 2946 710 viscera
2999 656 3150 711 illius
3190 658 3448 726 civitatis,
3483 665 3541 716 et

1945 743 2053 796 ista
2072 760 2340 815 compago
2379 760 2443 796 ac
2472 744 2586 798 vita
2606 745 2866 814 perennis
2891 745 3104 815 gloriae.
3134 746 3294 801 Unde
3314 764 3539 803 necesse

1947 835 2050 896 est,
2082 829 2130 883 si
2155 831 2280 901 quis
2307 830 2439 884 illuc
2467 831 2584 884 vult
2609 830 2804 895 vivere,
2820 832 2908 886 hic
2931 833 3050 902 jam
3081 849 3181 903 per
3208 835 3540 890 charitatem

1947 918 2194 990 incipiat,
2238 924 2295 972 et
2331 936 2432 990 per
2466 937 2592 974 eam
2628 927 2917 991 operetur;
2961 922 3227 992 quoniam
3267 923 3555 994 quidquid.

1949 1008 2068 1061 sine
2097 1008 2372 1062 charitate
2403 1013 2487 1062 est
2506 1014 2605 1062 aut
2633 1009 2716 1070 ﬁt,
2757 1009 3021 1079 prodesse
3057 1010 3129 1064 ad
3167 1011 3425 1065 eamdem
3453 1011 3539 1065 vi-

1947 1102 2066 1150 tam
2093 1113 2204 1150 non
2234 1103 2433 1166 potest.
2461 1098 2575 1151 Ista
2597 1114 2729 1168 ergo
2762 1102 2846 1151 est
2875 1098 3213 1153 eminentior
3241 1099 3347 1165 via,
3372 1116 3542 1170 quam

1947 1186 2248 1257 Apostolus
2285 1187 2417 1239 solis
2459 1187 2586 1240 ﬁliis
2611 1187 2978 1252 demonstrat,
3008 1193 3065 1241 et
3099 1189 3366 1242 excelsior
3401 1205 3541 1243 cun-

1947 1275 2070 1329 ctis.
2091 1276 2234 1329 Hinc
2260 1291 2482 1346 quoque
2504 1275 2681 1345 magis
2711 1276 2969 1330 hortatur
2989 1277 3210 1331 dicens:
3241 1277 3545 1333 Sectamini

1948 1366 2277 1418 charitatem
2319 1367 2367 1431 (I
2413 1364 2535 1417 Cor.
2580 1379 2691 1426 xxv,
2725 1365 2799 1430 1);
2850 1365 3096 1435 profecto
3135 1365 3268 1436 quia
3302 1366 3546 1420 Charitas

1948 1453 2074 1523 plus
2098 1459 2182 1506 est
2216 1469 2384 1523 quam
2415 1452 2667 1506 omnium
2693 1452 3095 1507 charismatum
3124 1454 3368 1519 dona,eo
3391 1455 3541 1525 quod

1947 1557 2060 1595 una
2100 1558 2165 1594 ex
2194 1540 2456 1595 omnibus
2501 1541 2856 1611 adimpletur,
2888 1547 2945 1594 et
2970 1541 3192 1610 singula
3230 1548 3295 1596 ut
3330 1543 3547 1613 prosint

263 1629 454 1677 autem
476 1631 669 1694 peccat
696 1641 810 1678 non
838 1627 1033 1686 credit.
1059 1643 1160 1680 nec
1189 1628 1389 1698 diligit,
1424 1634 1481 1682 et
1506 1635 1730 1700 peccato
1760 1630 1862 1684 ob-
1944 1647 2009 1684 ex
2038 1647 2105 1684 ea
2131 1630 2483 1684 viviﬁcantur
2510 1634 2566 1683 et
2595 1634 2868 1684 crescunt.
2894 1630 3038 1684 Sunt
3065 1630 3215 1684 enim
3243 1630 3302 1684 in
3333 1630 3525 1686 virtuti

260 1712 465 1767 noxius
480 1715 825 1769 est.Constat
847 1715 1020 1785 igitur
1038 1717 1187 1786 quod
1202 1733 1316 1770 non
1333 1717 1517 1788 diligit
1531 1719 1627 1790 qui
1648 1725 1858 1789 peccat.
1878 1700 1925 1760 Β
1944 1718 2047 1772 bus
2075 1718 2369 1789 principia,
2401 1723 2534 1772 sunt
2553 1718 2755 1783 media,
2787 1722 2921 1772 sunt
2947 1724 3004 1772 et
3033 1718 3439 1774 summa.Unde
3463 1735 3550 1774 sa-

261 1800 524 1855 Charitas
553 1819 688 1872 ergo
718 1804 983 1874 peccandi
1025 1805 1266 1859 excludit
1294 1806 1574 1873 affectum,
1608 1808 1864 1878 quando-

261 1889 492 1960 quidem
519 1897 577 1944 et
604 1891 844 1946 timoren
876 1892 1294 1955 excluditforas,
1319 1894 1447 1948 ﬁdei
1476 1899 1664 1949 autem
1686 1896 1863 1966 plena:

259 1977 514 2048 perfecta
555 1985 641 2033 est
676 1980 939 2047 Charitas,
972 1982 1071 2035 sed
1118 1982 1256 2035 ﬁdes
1285 1999 1399 2036 non
1437 1999 1659 2054 semper
1698 1985 1865 2055 plena

261 2071 369 2120 est.
404 2068 546 2122 Hinc
575 2073 632 2122 et
668 2071 908 2140 apostoli
941 2089 952 2124 :
1003 2072 1252 2136 Domine,
1302 2087 1441 2138 auge
1483 2072 1637 2125 nobis
1679 2074 1860 2139 ﬁdem,

261 2156 476 2210 scilicet
502 2163 568 2211 ut
595 2159 976 2213 inﬁrmantem
1007 2164 1233 2213 sanaret
1262 2159 1454 2216 fidem.

335 2244 389 2298 2.
422 2243 587 2300 Fides
606 2263 736 2301 vero
764 2248 917 2302 velut
945 2247 1149 2319 praevia
1168 2248 1458 2302 charitatis
1487 2254 1723 2320 occupat
1750 2248 1868 2302 ani-

261 2347 439 2396 mam,
474 2334 606 2403 quia
633 2335 909 2388 credendo
940 2335 1328 2405 unusquisque
1374 2335 1607 2406 diligere
1650 2336 1862 2407 incipit,

267 2421 549 2475 credendo
569 2423 794 2494 plenam
823 2424 1153 2478 cbaritatem
1185 2424 1452 2494 possidet.
1476 2425 1634 2478 Unde
1667 2431 1862 2489 restat,

256 2509 418 2578 juxta
449 2511 588 2564 illud
611 2512 883 2583 Apostoli.
911 2513 1059 2582 quod
1089 2513 1234 2566 sicut
1271 2513 1514 2566 charitas
1537 2513 1716 2566 credit
1744 2529 1867 2567 om-

263 2599 379 2662 nia,
413 2599 493 2652 ita
520 2605 577 2652 et
594 2601 840 2670 perfecta
860 2601 998 2655 ﬁdes
1027 2601 1534 2672 imprazsentiarum
1565 2602 1733 2655 ﬁdem
1763 2603 1865 2655 ha-

263 2685 397 2740 beat
423 2703 674 2754 omnem;
709 2689 971 2759 quoniam
994 2689 1133 2742 ﬁdes
1153 2689 1386 2742 semitas
1414 2694 1695 2760 praeparat
1724 2707 1865 2745 verae

263 2773 582 2843 dilectioni;
611 2793 675 2831 ac
703 2793 805 2847 per
831 2778 934 2831 hoc
962 2777 1144 2831 omnis
1174 2776 1314 2830 ﬁdes
1358 2784 1445 2831 est
1482 2777 1576 2831 ubi
1618 2779 1866 2849 perfecta

261 2863 508 2918 Charitas
531 2870 650 2932 est;
683 2865 816 2936 quia
843 2866 1088 2920 Charitas
1116 2865 1292 2919 credit
1321 2866 1529 2932 omnia,
1545 2865 1600 2919 id
1622 2872 1706 2920 est
1735 2867 1868 2921 facit

1945 1808 2159 1878 pientia
2184 1807 2253 1860 de
2282 1823 2342 1860 se
2372 1807 2606 1877 loquens
2627 1806 2764 1860 dicit
2794 1823 2806 1858 :
2841 1809 3112 1860 Dominus
3145 1811 3347 1861 creavit
3376 1825 3461 1862 me
3481 1811 3545 1862 in

1941 1898 2223 1964 principio
2244 1899 2468 1948 viarum
2495 1911 2731 1948 suarum
2760 1896 2935 1960 (Prov.
2961 1909 3077 1959 vlu,
3096 1893 3205 1962 ‘22),
3227 1901 3291 1948 ut
3304 1895 3434 1949 inde
3462 1896 3549 1949 in-

1945 1983 2212 2054 ciperent,
2246 1983 2303 2036 id
2329 1989 2413 2037 est
2433 1999 2466 2036 a
2490 1983 2711 2038 Christo
2741 1982 2998 2036 videlicet
3024 1983 3300 2053 sapientia
3328 1983 3428 2037 Dei
3442 1984 3548 2038 Pa-

1944 2072 2067 2136 tris,
2082 2072 2177 2142 qui
2205 2072 2412 2125 vellent
2435 2071 2624 2125 venire
2652 2071 2721 2125 ad
2752 2072 2994 2125 Patrem.
3021 2071 3129 2125 Sed
3151 2075 3208 2125 et
3221 2072 3541 2142 Apostolus,

1946 2176 2074 2214 cum
2099 2159 2416 2214 ambularet
2451 2160 2509 2214 in
2549 2160 2638 2213 via
2667 2177 2788 2230 quae
2828 2159 3086 2214 Christus
3113 2164 3216 2224 est,
3249 2164 3306 2213 et
3328 2159 3398 2213 ad
3424 2159 3547 2231 pal-

1949 2264 2098 2301 mam
2111 2265 2369 2319 supernaa
2384 2247 2691 2302 vocationis
2708 2253 3331 2317 sequereturvocantem
3346 2248 3544 2314 Deum,

1949 2352 2016 2390 ea
2047 2353 2169 2407 quae
2203 2343 2353 2391 retro
2383 2342 2517 2390 sunt
2545 2335 2990 2401 obliviscebatur,
3033 2336 3337 2390 extendens
3375 2353 3434 2391 se
3473 2335 3545 2390 ad

1949 2441 2017 2478 ea
2039 2442 2164 2495 quae
2191 2431 2323 2479 ante
2347 2430 2498 2490 sunt,
2531 2432 2597 2479 ut
2617 2425 2687 2478 ad
2708 2441 2930 2479 summa
2959 2425 3191 2479 veniret.
3221 2425 3548 2479 Transierat

1950 2512 2099 2566 enim
2145 2511 2478 2584 principium
2523 2513 2739 2566 viarum
2777 2512 2897 2577 Dei,
2941 2512 3071 2582 quia
3108 2528 3221 2566 non
3259 2511 3550 2582 indigebat

1948 2601 2310 2670 aggrediendi
2349 2600 2611 2666 exordio,
2654 2600 2752 2654 sed
2790 2600 2860 2653 ad
2890 2600 3180 2654 veritatem
3209 2600 3268 2653 in
3295 2600 3387 2654 via
3413 2616 3546 2670 gra-

1947 2688 2106 2742 diens
2136 2689 2446 2759 pervenire,
2475 2694 2644 2759 atque
2675 2704 3004 2759 permanere
3031 2687 3058 2728 ιι
3082 2688 3140 2742 in
3158 2688 3247 2741 via
3273 2688 3547 2743 charitate

1945 2776 2213 2846 repletus,
2233 2782 2290 2830 et
2317 2793 2418 2848 per
2435 2777 2766 2831 cbaritatem
2795 2775 3095 2847 adoptione
3123 2781 3349 2847 recepta
3373 2776 3548 2830 Filius

1948 2864 2007 2918 in
2035 2864 2202 2919 domo
2230 2881 2360 2919 cum
2388 2866 2555 2919 Patre
2578 2865 2701 2919 sine
2731 2865 2841 2918 ﬁne
2862 2863 3060 2918 beatus
3089 2863 3121 2917 ί.
3141 2865 3219 2918 Ex
3238 2881 3348 2936 quo
3368 2865 3547 2935 liquet

261 2969 365 3023 per
393 2953 562 3006 ﬁdem
593 2954 782 3008 omnia
803 2955 1050 3020 credere,
1080 2960 1137 3009 et
1162 2954 1370 3009 habere
1389 2955 1711 3025 hujusmodi
1740 2956 1865 3009 ani-
1950 2953 2098 3024 quod
2128 2954 2285 3007 nulla
2304 2970 2392 3007 res
2423 2953 2481 3007 in
2508 2954 2595 3007 via
2619 2960 2814 3007 tenere
2836 2969 2938 3007 nos
2951 2952 3170 3018 debeat,
3191 2953 3414 3024 quando
3443 2969 3548 3008 nec

260 3057 366 3095 mae
389 3041 416 3080 δ
434 3057 658 3096 omnem
679 3043 867 3109 ﬁdem,
891 3043 1057 3097 sicuti
1078 3049 1135 3097 et
1152 3060 1375 3098 omnem
1397 3060 1579 3115 spem,
1604 3045 1929 3115 quoniamc,
1946 3042 2063 3114 ipse
2082 3043 2374 3108 Dominus,
2405 3041 2464 3095 in
2493 3048 2768 3112 quantum
2799 3041 2887 3095 via
2915 3047 3109 3095 nostra
3130 3057 3250 3095 esse
3276 3041 3542 3112 dignatus

261 3129 454 3184 omnia
481 3136 693 3202 sperat.
746 3132 908 3186 Unde
954 3132 1223 3186 nimirum
1254 3133 1437 3202 major
1479 3138 1562 3186 est
1601 3133 1862 3200 Charitas,
1947 3137 2053 3198 est,
2080 3137 2274 3186 tenere
2293 3148 2394 3185 nos
2413 3131 2618 3198 voluit;
2652 3130 2750 3184 sed
2769 3146 2992 3200 semper
3009 3129 3274 3196 transire,
3289 3146 3361 3184 ne
3381 3129 3547 3184 rebus

263 3219 400 3290 quia
421 3235 524 3289 per
561 3220 726 3274 ﬁdem
748 3237 1017 3291 spemque
1037 3221 1442 3291 complectitur.
1475 3222 1545 3276 Et
1572 3222 1701 3276 talis
1733 3223 1866 3276 cha-

259 3307 401 3361 ritas
421 3307 562 3361 nihil
584 3309 764 3375 timet,
790 3310 885 3363 sed
907 3309 1150 3363 excludit
1177 3310 1327 3363 foras
1347 3309 1628 3364 timorem.
1663 3311 1866 3365 Omnia

258 3396 476 3462 suﬁ‘ert,
509 3397 700 3451 omnia
745 3415 766 3441 c
795 3399 1035 3452 sustinet
1059 3417 1071 3464 ;
1103 3403 1161 3451 et
1189 3398 1284 3468 qui
1313 3396 1340 3437 ἀ
1383 3398 1625 3453 sustinet
1652 3401 1860 3467 omnia,

257 3485 434 3538 etiam
464 3485 795 3556 martyrium
826 3503 938 3540 non
969 3487 1150 3552 timet,
1183 3502 1249 3539 eo
1280 3486 1428 3556 quod
1456 3487 1506 3540 ei
1540 3489 1661 3557 jam
1691 3489 1865 3542 cruci-

255 3573 404 3625 ﬁxus
433 3573 676 3627 mundus
701 3574 792 3639 sit,
826 3579 883 3627 et
910 3573 1004 3627 ille
1031 3574 1262 3640 mundo,
1293 3580 1357 3628 ut
1383 3591 1495 3628 non
1515 3575 1713 3629 timeat
1740 3593 1865 3646 quae

254 3668 396 3715 sunt
435 3662 494 3714 in
532 3663 761 3716 mundo.
811 3663 980 3716 Recte
1006 3663 1176 3716 etiam
1207 3663 1450 3716 Charitas
1479 3665 1678 3732 major,
1721 3681 1862 3735 quo-

1945 3219 2370 3291 temporalibus,
2387 3220 2642 3290 quamvis
2667 3235 2766 3290 pro
2795 3219 2974 3272 salute
2997 3223 3192 3300 nostra
3206 3218 3476 3289 susceptis
3493 3223 3551 3272 et

1944 3309 2138 3379 gestis,
2155 3309 2301 3362 male
2321 3309 2634 3361 haereamus
2663 3307 2892 3372 inﬁrmi,
2927 3306 3178 3377 quinimo
3208 3323 3310 3376 per
3328 3322 3422 3360 eas
3445 3322 3548 3376 po-

1945 3397 2060 3450 tius
2088 3413 2381 3450 curramus
2410 3396 2671 3449 alacriter
2698 3395 2768 3448 ad
2804 3395 3067 3448 eumdem
3111 3394 3297 3465 ipsum
3328 3393 3422 3464 qui
3451 3409 3550 3448 no-

1946 3491 2122 3539 stram
2152 3491 2414 3538 naturam
2435 3482 2842 3554 temporalibus
2877 3482 3152 3547 liberavit,
3185 3487 3240 3535 et
3260 3483 3549 3536 collocavit

1947 3574 2018 3627 ad
2048 3574 2337 3627 dexteram
2368 3572 2570 3626 Patris.
2603 3573 2716 3625 Hoc
2736 3571 2942 3642 quippe
2972 3577 3060 3624 est
3082 3569 3231 3640 quod
3263 3570 3381 3639 ipse
3412 3568 3546 3622 alibi

1945 3663 2026 3716 ait
2059 3681 2070 3715 :
2103 3664 2169 3716 Et
2202 3665 2253 3715 si
2283 3678 2610 3715 noveramus
2647 3661 2927 3714 Christum
2965 3660 3268 3712 secundum
3296 3673 3545 3726 carnem,

255 3750 413 3803 niam
456 3751 646 3804 omnia
686 3763 711 3793 ο
757 3751 1026 3805 virtutum
1056 3768 1266 3821 genera
1293 3751 1521 3820 agenda:
1565 3752 1684 3806 vita;
1709 3769 1863 3805 com-
1934 3754 2060 3819 jam
2090 3753 2490 3804 nonnovimus
2537 3750 2615 3820 (ΙΙ
2647 3749 2769 3803 Cor.
2802 3764 2854 3810 v,
2885 3747 2999 3814 16),
3033 3746 3166 3817 quia
3195 3751 3395 3799 exutus
3433 3761 3549 3800 om-

255 3838 579 3908 prehendit,
637 3840 781 3894 sicut
834 3856 964 3894 suas
1013 3857 1264 3912 quasque
1302 3841 1516 3911 species
1552 3857 1751 3911 genus.
1794 3843 1861 3896 Et

253 3932 483 3980 constat
527 3944 594 3980 ex
651 3929 930 3994 omnibus,
985 3929 1129 3983 sicut
1173 3935 1228 3983 et
1278 3930 1469 3983 omnia
1499 3946 1563 3984 ex
1593 3947 1660 3984 ea
1686 3930 1864 3984 subsi-

251 4020 437 4068 stunt.
485 4015 790 4070 Soliditasf
818 4034 951 4087 ergo
980 4033 1194 4083 earum,
1237 4022 1295 4071 et
1322 4017 1588 4088 perfectio
1619 4019 1862 4072 Charitas

253 4107 366 4168 est,
414 4102 681 4172 quoniam
733 4119 799 4156 ex
836 4103 1110 4160 cbaritate
1140 4103 1465 4158 radicantur
1513 4105 1773 4159 universa
1808 4114 1866 4159 et

253 4189 588 4257 fundantur,
635 4196 700 4245 ut
727 4197 957 4263 accepta
999 4193 1116 4247 Deo
1166 4197 1222 4246 et
1264 4193 1514 4263 perfecta
1556 4199 1784 4248 maneat
1810 4206 1858 4248 ε.

253 4278 478 4332 Deinde
520 4279 868 4335 cessantibus
915 4280 1058 4346 aliis,
1096 4281 1341 4335 Charitas
1382 4281 1670 4336 ardentior
1697 4283 1927 4374 beataD

254 4365 391 4431 erit,
417 4371 482 4420 ut
508 4373 644 4438 puta
673 4369 811 4423 fides
841 4374 899 4423 et
928 4387 1075 4441 spes,
1096 4387 1224 4424 cum
1247 4386 1347 4441 per
1365 4370 1634 4424 visionem
1655 4373 1862 4426 Christi

255 4461 544 4509 evacuatus
575 4455 803 4523 fuerint,
837 4459 969 4528 quia
1011 4475 1137 4512 cum
1163 4462 1475 4527 pervenerit
1504 4462 1647 4528 quod
1677 4463 1863 4528 per/e-

254 4547 416 4596 ctum
445 4550 541 4610 est,
575 4548 934 4599 evacuabitur
969 4549 1111 4616 quod
1139 4563 1207 4600 ea:
1232 4553 1394 4616 parte
1419 4552 1511 4600 est.
1562 4548 1718 4602 Tunc
1745 4549 1864 4603 sola

251 4631 510 4686 Charitas
538 4635 720 4704 major
745 4635 1024 4701 omnibus,
1065 4635 1234 4688 etiam
1259 4636 1423 4705 juxta
1471 4636 1620 4706 quod
1647 4636 1868 4708 imprae-

253 4721 575 4775 sentiarum
597 4729 698 4788 est,
735 4728 793 4776 et
819 4739 877 4776 se
904 4723 1200 4793 gloriosior
1229 4722 1448 4778 virebit.
1489 4725 1766 4779 Caeterum
1806 4727 1864 4780 in

250 4809 368 4864 hac
397 4811 540 4864 valle
563 4812 958 4882 lacrymarum,
994 4812 1126 4882 quia
1151 4812 1220 4864 de
1245 4812 1397 4865 ccelis
1427 4818 1534 4877 est,
1578 4814 1738 4884 quasi
1768 4831 1866 4886 pe-

250 4898 493 4969 regrina
524 4906 580 4954 et
605 4901 729 4954 ideo
756 4916 886 4953 rara
915 4905 1130 4957 manet.
1171 4901 1346 4954 Porro
1375 4900 1431 4954 in
1465 4902 1723 4972 supernis
1746 4909 1868 4959 tota

247 4989 410 5060 regit
438 4995 495 5043 et
522 4994 748 5059 regnat;
796 5005 862 5042 ac
893 5005 994 5059 per
1027 4990 1295 5064 hocvcum
1332 4994 1664 5059 perventum
1700 4991 1872 5047 fuerit

248 5081 316 5135 in
356 5095 482 5145 sua,
517 5079 625 5132 erit
661 5078 905 5131 charitas
949 5077 1139 5130 omnia
1166 5077 1226 5130 in
1253 5076 1530 5143 omnibus,
1564 5077 1695 5148 quia
1718 5080 1868 5136 Deus

327 5197 354 5226 ι
381 5187 448 5240 In
479 5185 613 5239 edit.
645 5183 823 5249 deest,
857 5185 1002 5237 unde
1021 5185 1307 5250 colligitur
1330 5181 1523 5255 [quod]
1563 5186 1610 5237 is
1630 5186 1731 5252 qui
1749 5202 1866 5238 cre-

244 5259 340 5312 dit
364 5259 503 5326 quia
525 5257 774 5310 Christus
797 5259 871 5307 est
899 5257 1125 5319 veritas,
1159 5270 1228 5307 ex
1258 5255 1364 5308 Deo
1389 5259 1557 5309 natus
1587 5261 1739 5326 est,et
1767 5259 1868 5325 qui

244 5346 324 5384 ea:
350 5331 460 5383 Deo
489 5333 655 5380 natus
683 5330 778 5392 est,
805 5341 918 5379 non
941 5329 1142 5394 peccat.

324 5399 358 5439 ι»
389 5398 534 5453 Edit.
548 5437 562 5465 ,
591 5399 875 5452 animam.

324 5478 349 5505 ε
385 5469 536 5523 Editi
563 5467 781 5522 addunt
808 5467 999 5522 omnia
1023 5471 1222 5534 sperat.

323 5541 354 5570 °
387 5540 558 5607 Edit.,
572 5543 622 5592 et
645 5541 799 5606 quia.

1944 3839 2101 3893 nium
2151 3837 2498 3892 mortalitate
2528 3843 2585 3891 et
2611 3835 3027 3907 temporalitate
3068 3835 3218 3889 Deus
3262 3839 3318 3887 et
3354 3834 3544 3899 homo,

1942 3944 2088 3982 unus
2118 3927 2390 3981 Dominus
2407 3925 2569 3980 Jesus
2599 3925 2858 3980 Christus
2883 3940 3011 3979 cum
3040 3924 3206 3978 Patre
3236 3927 3546 3978 coaeternus

1944 4017 2098 4083 vivit,
2129 4020 2322 4069 manet
2351 4020 2408 4069 et
2438 4020 2639 4085 regnat
2666 4015 2833 4068 Deus.

2579 4137 2814 4192 CAPUT
2834 4136 2930 4193 IV.

2340 4263 2492 4330 Quod
2519 4263 2764 4316 Charitas
2791 4263 3016 4328 gemina
3035 4261 3127 4316 sit.

2020 4370 2069 4424 1.
2114 4370 2192 4423 Ex
2221 4367 2480 4422 omnibus
2508 4372 2566 4420 et
2587 4366 2646 4420 in
2681 4364 2940 4419 omnibus
2963 4363 3382 4434 Scripturarum
3413 4361 3548 4416 locis

1947 4463 2119 4530 patet,
2147 4457 2294 4528 quod
2323 4456 2570 4509 charitas
2606 4471 2720 4508 una
2744 4454 3052 4524 eademque
3080 4451 3307 4522 gemina
3342 4455 3446 4515 est,
3488 4449 3545 4503 id

1946 4553 2069 4604 esti
2101 4546 2202 4600 Dei
2234 4549 2289 4598 et
2319 4543 2590 4614 proximi:
2623 4558 2726 4596 nec
2747 4558 2857 4595 una
2879 4542 3008 4610 jure
3035 4540 3156 4594 sine
3186 4540 3546 4609 altera;quo-

1946 4635 2099 4688 niam
2129 4634 2276 4687 Deus
2303 4632 2547 4685 charitas
2586 4631 2664 4684 ita
2698 4628 2879 4699 jubet,
2911 4635 2976 4682 ut
3001 4627 3095 4698 qui
3134 4627 3318 4697 diligit
3341 4627 3544 4693 Deum,

1947 4723 2146 4792 diligat
2187 4725 2244 4775 et
2268 4720 2586 4792 proximum
2612 4735 2794 4772 suum.
2811 4719 2935 4772 Una
2953 4717 3158 4788 quippe
3178 4715 3422 4780 dilectio,
3449 4715 3549 4770 sed

1949 4810 2166 4866 duobus
2186 4808 2466 4862 mandatis
2495 4813 2750 4861 movetur
2771 4806 3022 4870 affectus,
3045 4811 3109 4858 ut
3135 4805 3313 4858 Deum
3334 4821 3402 4858 ex
3427 4809 3548 4858 toto

1948 4900 2133 4964 corde,
2148 4904 2205 4952 et
2227 4915 2291 4952 ex
2313 4904 2433 4952 tota
2459 4897 2666 4960 anima,
2690 4901 2746 4948 et
2765 4912 2828 4948 ex
2853 4900 2972 4949 tota
2988 4894 3212 4958 virtute,
3232 4892 3548 4964 proximum

1950 5005 2080 5043 vero
2109 4988 2254 5042 sicut
2274 4990 2499 5040 nosmet
2531 4985 2588 5037 in
2620 4985 2796 5038 Deum
2823 4983 3141 5053 diligamus.
3167 4984 3236 5036 Et
3257 4983 3359 5035 hoc
3387 4996 3547 5033 man-

1950 5077 2145 5131 datum
2169 5074 2461 5139 habemus,
2490 5078 2554 5127 ut
2576 5073 2672 5143 qui
2697 5072 2882 5142 diligit
2917 5073 3098 5126 Deum
3123 5071 3321 5140 diligat
3348 5073 3405 5122 et
3430 5067 3544 5120 fra-

2021 5195 2046 5222 ο
2073 5183 2137 5237 In
2167 5181 2333 5234 editis
2357 5179 2516 5233 deest
2541 5181 2750 5232 omnia.

2022 5249 2044 5290 ί
2065 5252 2239 5316 Edit.,
2265 5252 2548 5304 sodalitas.

2022 5334 2053 5376 8
2081 5322 2245 5387 Editi,
2289 5324 2571 5374 maneant.

2022 5395 2052 5436 ιι
2080 5395 2142 5448 In
2169 5391 2303 5447 edit.
2335 5391 2496 5446 deest
2520 5407 2844 5460 permanere
2873 5393 2938 5446 in
2956 5393 3067 5444 via.

2020 5465 2128 5590 ii"
2155 5463 2293 5589 ait;
2321 5462 2550 5588 “tt-‘3’
2569 5478 2894 5586 ρξεήέειηῖῖ
2918 5460 3184 5531 “W-

2089 5551 2125 5588 n
2156 5551 2186 5588 e
2227 5552 2246 5588 ι
2295 5551 2322 5588 8
2388 5549 2469 5588 €81
2511 5549 2606 5588 era
2673 5549 2738 5586 τι
2889 5571 2901 5585 ο

2089 5551 2125 5588 η
2156 5549 2322 5588 catus
2349 5549 2702 5588 uesnueratur
2719 5549 2779 5586 ια
2809 5549 2901 5586 ιετ.
