4000 6170
544 291 678 351 1471

1311 290 1369 347 S.
1409 291 1789 350 PASCHASII
1826 292 2191 352 RADBERTI
2228 290 2533 351 ABBATIS
2571 289 3066 349 CORBEIENSIS.

3695 293 3825 351 “7'2

534 433 647 490 qua
670 433 774 473 nos
799 415 993 471 beatos
1016 413 1182 472 faciat
1197 421 1224 449 ⁸
1247 419 1555 490 pervenire,
1576 424 1746 492 atque
1779 420 1830 474 ei
1860 421 2131 475 inhaerere
2146 422 2192 481 Α
2212 422 2403 473 tamur
2424 416 2592 472 licitis
2619 416 2676 470 in
2702 414 3044 489 superbiam,
3071 419 3129 469 et
3157 413 3392 470 miseria
3420 415 3482 470 in
3511 416 3827 490 quibusque

535 506 834 578 possimus.
865 505 1054 560 Tertio
1102 506 1222 560 loco
1271 523 1373 561 nos
1420 525 1632 573 sumus,
1666 509 1762 579 qui
1790 509 2030 563 fruimur
2073 514 2129 563 et

535 595 766 660 utimur,
798 594 946 647 inter
971 599 1240 665 utrasque
1269 596 1575 650 constituti.
1609 597 1820 652 Idcirco
1850 597 2009 652 nobis
2033 614 2129 652 ca-

534 683 776 736 vendum
828 687 932 746 est,
966 699 1035 736 ne
1063 684 1335 750 fruamur,
1371 685 1572 756 quibus
1620 687 1891 740 utendum
1923 691 2026 752 est,
2059 703 2128 741 ne

533 771 676 824 forte
700 771 1109 842 praepediamur
1132 772 1190 826 in
1217 773 1322 839 via,
1358 791 1428 828 ne
1457 774 1745 829 veniamus
1791 775 1860 828 ad
1890 775 2130 847 patriam

535 875 647 929 qua
675 859 823 913 Deus
852 860 1094 930 perfecte
1123 860 1392 915 fruendus
1421 867 1524 918 est.
1545 863 1642 918 Est
1671 863 1820 917 enim
1850 863 1960 917 frui
1989 863 2130 918 dile-

533 947 716 1002 ctione
740 949 1005 1020 perfecta,
1029 949 1116 1004 vel
1141 966 1332 1004 amore
1351 950 1516 1006 alicui
1546 951 1597 1005 ei
1626 958 1856 1023 propter
1883 951 2130 1024 seipsum

535 1036 830 1102 inhaerere,
852 1044 1022 1108 atque
1045 1039 1298 1092 eamdem
1323 1056 1443 1093 rem
1463 1055 1528 1094 ex
1557 1040 1723 1094 corde
1752 1041 1984 1111 diligere
2013 1058 2026 1090 :
2047 1041 2131 1096 uti

536 1130 747 1188 autem,
767 1126 915 1196 quod
930 1126 986 1180 in
1009 1143 1173 1182 usum
1194 1128 1348 1182 venit
1371 1134 1575 1183 nostrae
1597 1130 1962 1193 necessitatis,
1980 1130 2049 1183 ad
2075 1130 2130 1184 id

534 1214 682 1286 quod
712 1214 1016 1284 diligimus,
1047 1220 1147 1269 aut
1173 1233 1430 1271 amamus
1453 1216 1840 1284 obtinendum,
1873 1219 1920 1272 si
1939 1225 2130 1274 tamen

535 1303 835 1358 amandum
860 1305 933 1358 sit
960 1304 1117 1368 illud,
1143 1304 1388 1376 profecto
1409 1323 1534 1360 cum
1556 1307 1697 1360 nihil
1727 1312 1956 1378 propter
1980 1307 2129 1379 seip-

537 1408 680 1456 sum,
702 1393 798 1446 sed
820 1400 1050 1466 propter
1080 1394 1258 1448 Deum
1280 1411 1471 1450 amare
1495 1395 1825 1463 debeamus;
1856 1395 1950 1467 qui
1970 1413 2128 1450 sum-

537 1495 692 1534 mum
734 1479 941 1535 bonum
975 1487 1088 1549 est;
1124 1488 1180 1536 et
1210 1483 1545 1553 proximum,
1578 1485 1708 1555 quia
1740 1501 1774 1538 a
1800 1501 2021 1539 summo
2050 1479 2130 1538 ita

2211 522 2623 560 remaneamus.
2666 505 2812 575 Ergo
2840 503 3125 558 nobismet
3153 510 3208 558 et
3239 505 3518 576 proximis
3548 505 3822 572 fruamur,

2210 595 2307 650 sed
2337 595 2394 648 in
2430 595 2527 648 illo
2555 593 2604 660 ιι,
2639 599 2705 647 ut
2741 593 3047 647 secundum
3102 593 3282 659 illum,
3318 600 3376 647 et
3407 602 3643 666 propter
3670 597 3828 652 illum

2211 689 2431 738 nosmet
2464 684 2521 737 in
2551 683 2787 736 invicem
2819 683 3143 753 diligamus,
3178 700 3290 737 non
3321 685 3518 756 quales
3562 703 3715 739 nunc
3741 705 3829 741 su-

2210 789 2356 837 mus,
2388 773 2486 826 sed
2519 772 2714 843 quales
2745 771 2920 825 futuri
2949 789 3073 826 esse
3120 773 3423 838 credimur,
3455 779 3521 827 ut
3554 775 3701 828 tales
3748 777 3826 830 illi

2210 877 2432 915 summo
2462 866 2520 914 et
2547 859 2992 916 incommutabili
3023 860 3168 914 bono
3221 867 3446 915 nosmet
3472 864 3826 920 meliorando

2212 949 2461 1021 quotidie
2492 949 2551 1002 in
2580 948 2686 1014 via,
2721 965 2846 1020 quae
2877 948 3133 1003 Christus
3163 955 3267 1016 est,
3303 949 3657 1006 ambulando
3689 968 3828 1006 sem-

2214 1055 2314 1109 per
2330 1037 2724 1092 inhmreamus.
2743 1036 2958 1091 Deinde
2987 1038 3202 1091 caeteris
3248 1038 3415 1093 rebus
3437 1055 3545 1093 nec
3573 1040 3714 1107 frui,
3738 1043 3827 1095 sed

2215 1127 2292 1181 uti
2323 1125 2611 1180 debemus.
2663 1126 3027 1196 Quarumque
3061 1125 3072 1165 ί
3103 1143 3266 1181 usum
3299 1128 3369 1180 ad
3413 1130 3542 1198 ejus
3585 1129 3829 1198 gratiam

2213 1215 2439 1281 referre,
2464 1231 2630 1285 quem
2653 1213 2968 1284 diligimus;
3003 1220 3061 1268 et
3080 1214 3192 1268 ista
3220 1221 3308 1268 est
3338 1232 3472 1270 vera
3503 1208 3829 1270 dilectionis

2211 1304 2427 1373 regula,
2457 1307 2522 1358 ut
2549 1302 2820 1373 diligatur
2848 1303 2995 1356 Deus
3043 1319 3106 1356 ex
3139 1307 3257 1357 toto
3287 1311 3524 1375 prapter
3555 1306 3825 1376 seipsum,

2212 1393 2343 1465 quia
2369 1391 2510 1446 nihil
2541 1391 2635 1445 illo
2683 1392 2905 1450 melius.
2939 1407 3042 1445 nec
3089 1392 3209 1445 sine
3239 1392 3335 1445 illo
3367 1392 3499 1446 boni
3534 1394 3827 1465 quidpiam

2211 1480 2510 1536 invenitur.
2536 1480 2746 1534 Deinde
2768 1479 3034 1550 diligatur
3047 1481 3351 1552 proximus,
3375 1481 3528 1536 sicut
3551 1483 3826 1554 seipsum,

527 1571 900 1649 ponstitutum
921 1579 1035 1628 est:
1060 1574 1311 1645 alioquin
1335 1592 1471 1629 usus
1498 1575 1920 1648 illicituspotius
1935 1575 2130 1631 abusio
2212 1570 2380 1624 homo
2407 1568 2714 1623 secundum
2768 1568 2968 1634 Deum:
3001 1573 3059 1622 εἴ
3105 1574 3336 1640 ΡΓοΡίθΓ
3376 1571 3566 1623 Deum
3621 1571 3823 1641 diligit-

535 1659 882 1715 nominatur.
923 1662 1082 1717 Unde
1136 1663 1480 1736 Apostolus:
1525 1665 1842 1735 Quicunque
1895 1668 2130 1719 voluerit
2212 1658 2389 1711 Nemo
2411 1657 2682 1727 estigitur
2699 1656 2876 1726 quiex
2891 1660 3009 1710 ίοῒο
3025 1657 3146 1726 iam
3165 1655 3822 1727 Ρεΐῖεεῐιιείηνεηίεωΐὲ

536 1750 752 1801 amicus
771 1766 875 1803 esse
903 1751 1071 1819 hujus
1097 1756 1284 1806 saeculi
1313 1752 1447 1822 (Jac.
1483 1769 1556 1817 iv,
1585 1751 1662 1822 4),
1694 1753 1750 1806 id
1779 1758 1866 1807 est
1884 1753 1970 1807 his
1996 1753 2128 1819 frui,
2145 1769 2194 1829 Β
2212 1745 2309 1798 sed
2339 1746 2396 1799 in
2425 1750 2700 1816 quantum
2731 1743 3038 1798 secundum
3070 1745 3250 1798 Deum
3277 1761 3338 1798 se
3364 1745 3622 1815 perfecte
3651 1747 3828 1800 credit

536 1849 658 1904 qua
685 1837 872 1890 saeculi
897 1844 1048 1904 sunt,
1083 1845 1140 1893 et
1183 1839 1413 1910 diligere
1442 1846 1672 1912 propter
1708 1858 1786 1907 se,
1821 1841 1954 1912 quia
1985 1841 2131 1895 bona
2211 1833 2415 1897 vivere,
2448 1832 2648 1902 diligat
2684 1848 2744 1885 se
2787 1832 2974 1896 homo,
3007 1831 3066 1884 in
3095 1832 3192 1885 illo
3243 1837 3307 1886 ut
3357 1840 3739 1903 permaneat:
3773 1834 3827 1886 in

532 1929 684 1988 sunt,
722 1927 989 1979 inimicus
1017 1928 1117 1981 Dei
1143 1933 1525 1982 constituetur.
1561 1930 1715 1984 Bona
1744 1936 1877 1984 sunt
1905 1929 2122 2000 quidem

2212 1927 2486 1992 quantum
2510 1937 2637 1974 vero
2665 1927 2924 1991 peccator
2945 1925 3056 1983 est,
3079 1920 3279 1990 diligat
3290 1937 3349 1974 se
3369 1927 3614 1994 prOpter
3625 1922 3824 1988 Deum,

533 2015 684 2064 recte
714 2014 1028 2082 utentibus;
1059 2015 1158 2069 sed
1186 2015 1545 2071 abutentibus
1575 2035 1702 2072 vere
1727 2010 1756 2047 δ
1783 2019 1841 2072 in
1870 2018 2133 2090 superbia
2213 2016 2277 2063 ut
2294 2010 2583 2081 perveniat
2607 2010 2676 2063 ad
2697 2010 3093 2080 perfectionem
3123 2015 3181 2063 et
3201 2010 3469 2079 gratiam,
3503 2018 3573 2064 ut
3597 2016 3754 2065 totus
3774 2019 3825 2066 et

533 2098 692 2152 valde
721 2103 742 2128 ε
767 2101 1238 2171 perniciosissima
1287 2105 1740 2176 comprobantur.
1773 2107 1948 2160 Porro
1980 2113 2130 2161 recte
2214 2098 2432 2168 integer
2460 2099 2626 2152 homo
2668 2097 3143 2153 incommutabilis
3174 2098 3622 2169 QUOdammOdO.
3656 2107 3824 2170 atque

533 2187 821 2243 utentibus
847 2190 930 2244 sic
974 2197 1126 2258 sunt,
1159 2193 1318 2264 quasi
1357 2193 1404 2246 si
1461 2193 1664 2264 aliquis
1719 2195 2127 2265 peregrinando
2210 2186 2649 2258 incorruptibilis
2675 2192 3009 2257 perseveret.
3045 2187 3130 2240 Ad
3172 2187 3277 2240 hoc
3307 2187 3520 2258 quippe
3551 2193 3612 2242 et
3638 2189 3822 2258 proxi-

533 2273 768 2330 festinus
788 2277 857 2331 ad
878 2279 1119 2348 patriam
1145 2281 1334 2334 venire
1361 2281 1604 2347 anhelet,
1638 2288 1873 2336 onustus
1902 2282 2124 2337 cibariis
2208 2292 2366 2330 mum
2393 2275 2661 2329 debemus
2687 2275 2952 2345 diligere;
2985 2275 3083 2328 sed
3114 2275 3248 2346 quia
3286 2291 3457 2330 nemo
3489 2281 3618 2329 tam
3649 2277 3821 2330 bonus

531 2361 770 2430 incedat,
793 2367 994 2435 quibus
1010 2369 1275 2423 nimirum
1293 2379 1672 2440 prmgravatus
1683 2387 1791 2424 non
1805 2376 2118 2442 propterea,
2205 2363 2264 2417 in
2289 2365 2393 2418 hac
2412 2364 2542 2430 vita,
2559 2365 2654 2434 qui
2677 2365 2810 2417 mali
2834 2364 3122 2435 quidpiam
3142 2364 3356 2435 aliquid
3381 2381 3496 2418 non
3515 2365 3816 2428 admittat;

535 2451 666 2520 quia
702 2452 902 2523 diligit,
945 2457 1042 2510 sed
1079 2457 1167 2510 his
1205 2459 1414 2512 utendo
1451 2459 1520 2512 ad
1569 2459 1708 2513 illud
1733 2469 1754 2495 α
1791 2476 1901 2530 quo
1941 2460 2126 2516 tendit
2206 2467 2371 2505 nemo
2416 2457 2536 2506 tam
2565 2451 2765 2517 malus.
2801 2451 2896 2521 qui
2927 2450 3059 2504 boni
3085 2451 3298 2521 aliquid
3328 2468 3444 2506 non
3474 2452 3710 2518 habeat.
3746 2455 3820 2506 sic

531 2541 822 2612 pervenire
849 2545 1044 2614 possit,
1075 2545 1206 2599 licet
1233 2546 1440 2600 invitus
1486 2548 1694 2602 utendo
1720 2553 1940 2619 portat:
1985 2549 2124 2602 alio-

533 2628 668 2700 quin
687 2630 940 2702 quisquis
961 2649 1028 2687 ea
1048 2634 1250 2704 quibus
1269 2636 1449 2689 utitur
1471 2635 1707 2691 fruendo
1727 2637 1928 2708 diligit,
1957 2637 2127 2691 miser

531 2716 768 2783 illectus,
783 2725 950 2791 atque
970 2738 1004 2776 a
1023 2721 1167 2777 bono
1187 2723 1499 2779 abstractus
1524 2726 1582 2779 in
1605 2725 1689 2779 via
1713 2726 1996 2797 torpescit.
2017 2726 2124 2780 Sed

529 2807 577 2862 si
608 2809 1040 2877 animadvertes,
1067 2828 1169 2866 nec
1199 2829 1259 2867 se
1305 2813 1474 2868 homo
1499 2813 1611 2868 frui
1641 2813 1824 2880 debet,
1861 2815 1994 2885 quia
2021 2831 2124 2868 nec

530 2898 891 2969 semetipsum
920 2905 1150 2972 propter
1193 2917 1272 2968 se,
1301 2902 1398 2956 sed
1426 2908 1657 2974 propter
1684 2919 1814 2957 eum
1843 2902 2009 2958 debet
2036 2904 2124 2957 di-

529 2986 723 3057 ligere,
753 3004 863 3058 quo
892 2988 1192 3044 fruendum
1217 2994 1320 3044 est.
1336 2991 1599 3062 Alioquin
1627 3007 1740 3045 non
1768 3007 1828 3045 se
1854 2992 2025 3046 refert
2051 2993 2122 3047 ad

529 3075 709 3131 Deum
730 3076 828 3129 sed
844 3077 914 3130 ad
940 3078 1185 3147 seipsum
1205 3086 1228 3113 °
1253 3094 1571 3144 conversus,
1591 3081 1712 3149 jam
1739 3095 1869 3133 cum
1900 3080 2179 3155 defectuc

530 3181 591 3218 se
602 3163 836 3217 fruendo
854 3163 1025 3218 miser
1042 3172 1325 3233 remanet;
1349 3166 1482 3236 quia
1501 3183 1615 3220 non
1635 3167 2122 3223 adbeatitudinem
2193 3212 2213 3227 .

531 3257 768 3316 erectus,
800 3252 896 3306 sed
923 3253 992 3306 ad
1023 3253 1309 3308 miseriam
1356 3255 1654 3326 depressus
1682 3257 1854 3326 jacet.
1886 3256 2046 3312 Unde
2073 3257 2122 3312 si

529 3356 632 3395 nec
662 3356 721 3394 se
778 3340 944 3395 homo
975 3341 1387 3413 quodammodo
1435 3345 1506 3397 ad
1560 3361 1620 3398 se
1665 3361 1964 3400 conversus
2010 3347 2121 3400 frui

529 3427 714 3496 debet,
739 3435 948 3502 quanto
979 3431 1165 3485 minus
1193 3431 1332 3485 nihil
1361 3431 1511 3487 aliud
1549 3433 1682 3504 quid
1725 3423 1988 3505 diligere;
2023 3435 2121 3489 sed

529 3534 596 3572 eo
639 3519 722 3572 uti
768 3518 934 3573 debet
965 3520 1035 3573 ad
1064 3521 1474 3588 necessitatem,
1514 3529 1790 3592 quatenus
1833 3524 1964 3577 illuc
1991 3541 2120 3594 per-

527 3607 732 3674 veniat,
767 3624 877 3678 quo
922 3607 1044 3662 fons
1090 3608 1403 3663 dilectionis
1432 3616 1642 3664 manat.
1674 3611 1742 3664 Et
1787 3611 1911 3665 ideo
1953 3628 2118 3666 nemo

526 3712 586 3750 se
613 3691 632 3728 ¹
653 3697 976 3767 applaudat.
1001 3697 1236 3768 quilibet
1249 3698 1416 3752 homo
1431 3699 1684 3768 quamvis
1704 3699 1900 3764 bonus,
1925 3707 2118 3754 utrum

525 3791 756 3858 pr0pter
773 3786 1019 3857 seipsum
1041 3787 1273 3856 diligere
1294 3785 1628 3855 debeamus;
1651 3788 1903 3860 quinimo
1934 3789 1991 3843 in
2013 3790 2119 3844 Do-

526 3875 701 3941 mino,
733 3875 818 3929 vel
863 3880 1092 3946 propter
1121 3875 1441 3942 Dominum,
1470 3882 1536 3930 ut
1571 3877 1641 3931 ad
1672 3878 1970 3931 Dominum
1997 3882 2118 3932 tota

525 3964 750 4018 dilectio
782 3969 974 4018 nostra
1006 3963 1300 4030 referatur,
1347 3970 1411 4018 ut
1440 3965 1496 4018 in
1525 3965 1620 4019 illo
1663 3982 1765 4020 nos
1793 3965 1852 4019 in
1880 3965 2116 4020 invicem

522 4052 841 4124 diligamus,
875 4053 930 4106 in
963 4069 1090 4124 quo,
1125 4059 1182 4106 et
1209 4070 1274 4106 ex
1302 4070 1412 4124 quo
1457 4052 1605 4108 beati
1636 4071 1758 4108 esse
1805 4055 2116 4126 possimus;

520 4142 660 4197 alias
689 4146 716 4182 ⁸
743 4145 930 4195 autem
962 4141 1157 4195 beatus
1185 4143 1471 4212 apostolus
1502 4142 1710 4198 Paulus
1761 4129 2074 4198 Philemoni
2105 4161 2118 4198 :

519 4230 650 4296 Ego,
677 4227 878 4298 inquit,
914 4234 979 4294 te,
1010 4231 1208 4296 frater,
1231 4231 1402 4294 fruar
1444 4232 1506 4282 in
1546 4231 1778 4284 Domino
1811 4233 1968 4300 (Phil.
2001 4233 2111 4299 xx),

519 4317 629 4373 nisi
642 4316 952 4371 addidisset
962 4320 1023 4370 in
1041 4320 1288 4382 Domino,
1303 4317 1723 4372 videreturcum
1737 4324 1966 4390 propter
1976 4321 2117 4390 seip-

2206 2539 2473 2610 diligendi
2499 2545 2632 2594 sunt
2655 2540 2784 2593 hinc
2807 2539 2937 2594 inde
2967 2539 3026 2593 in
3049 2539 3273 2594 Christo
3303 2541 3570 2610 proximi,
3603 2547 3672 2594 ut
3702 2557 3818 2594 ma-

2207 2627 2330 2682 litia
2358 2627 2510 2682 exuti
2539 2628 2611 2683 ad
2661 2645 2788 2682 eum
2828 2643 3023 2682 omnes
3071 2627 3401 2698 perveniant
3443 2627 3735 2699 ‘przesciti,
3767 2637 3822 2684 et

2206 2717 2587 2790 prmdestinati
2608 2734 2709 2788 per
2725 2717 2990 2786 gratiam,
3018 2717 3243 2788 sintque
3269 2723 3336 2772 ut
3357 2718 3547 2788 angeli
3579 2719 3641 2772 in
3661 2719 3819 2784 malo,

2206 2806 2440 2860 fruendo
2461 2805 2714 2860 claritate
2729 2805 2855 2871 loci,
2871 2821 3095 2877 semper
3113 2804 3284 2873 beati,
3301 2812 3360 2860 et
3379 2805 3440 2860 in
3466 2806 3642 2864 laude
3667 2807 3824 2862 Chri-

2204 2895 2277 2950 sti
2301 2895 2553 2965 gloriosi.

2789 3017 3024 3074 CAPUT
3055 3018 3204 3074 VIII.

2687 3144 2761 3197 De
2780 3144 2975 3196 ordine
3005 3143 3316 3198 charitatis.

2276 3258 2540 3330 Legimus
2559 3257 2617 3313 in
2638 3258 2882 3314 Canticis
2902 3275 3165 3330 sponsam
3183 3258 3549 3329 gloriantem,
3574 3261 3674 3316 ubi
3697 3263 3813 3316 ait:

2203 3348 2522 3402 Introduxit
2552 3363 2639 3401 me
2662 3363 2762 3400 rex
2787 3350 2852 3400 in
2881 3351 3076 3401 cellam
3103 3349 3415 3412 vinariam,
3454 3354 3506 3401 et
3527 3351 3816 3403 ordinarii

2201 3437 2265 3488 in
2296 3451 2380 3489 me
2403 3435 2730 3488 charitatem
2753 3435 2931 3506 (Cant.
2952 3449 2991 3501 Ι,
3019 3434 3096 3497 3i.
3120 3435 3280 3499 Quod
3301 3436 3580 3492 nimirum
3599 3454 3816 3508 magna

2201 3523 2382 3577 laudis
2407 3529 2512 3589 est,
2546 3539 2875 3594 magnaeque
2917 3523 3232 3578 dilectionis
3278 3525 3538 3594 affectus,
3571 3526 3710 3581 dum
3737 3529 3812 3581 in-

2202 3611 2359 3682 quit:
2398 3612 2692 3666 Ordinavit
2739 3615 2802 3666 in
2855 3629 2940 3666 me
2988 3613 3348 3677 charitatcm;
3394 3613 3672 3685 alioquin,
3709 3616 3811 3669 nisi

2199 3700 2461 3754 ordinata
2484 3701 2558 3754 sit
2586 3700 2850 3766 Charitas,
2873 3700 3102 3754 omnino
3130 3716 3262 3753 vera
3284 3717 3407 3754 esse
3433 3718 3552 3755 non
3584 3704 3808 3774 poterit,

2200 3788 2283 3841 vel
2322 3787 2597 3859 perfecta;
2631 3787 2764 3858 quia
2812 3787 2907 3840 ille
2931 3789 3084 3857 juste
3113 3791 3172 3841 et
3195 3794 3392 3842 sancte
3422 3789 3583 3854 vivit,
3622 3791 3714 3861 qui
3746 3791 3811 3844 de

2200 3876 2436 3946 singulis
2455 3893 2587 3948 qum
2616 3881 2766 3941 sunt,
2820 3881 2989 3946 prout
3015 3882 3166 3940 sunt,
3195 3877 3349 3946 juste
3401 3879 3604 3944 sentit,
3636 3895 3808 3949 eaque

2201 3965 2479 4036 quomodo
2531 3964 2816 4035 diligenda
2848 3971 2980 4019 sunt
3029 3964 3228 4034 diligit,
3264 3965 3350 4018 vel
3405 3967 3696 4036 quomodo
3727 3967 3804 4020 his

2202 4055 2474 4108 utendum
2508 4053 2704 4108 utitur.
2737 4055 2883 4108 Nam
2911 4053 3032 4123 ipse
3063 4053 3380 4106 ordinatam
3414 4053 3594 4109 habet
3623 4056 3800 4110 chari-

2203 4147 2397 4207 tatem,
2413 4141 2509 4212 qui
2521 4147 2621 4195 aut
2631 4141 2813 4211 diligit
2827 4141 2972 4211 quod
2986 4140 3332 4210 diligendum
3345 4145 3450 4204 est,
3459 4148 3564 4195 aut
3574 4143 3794 4196 omnino

2199 4247 2311 4285 non
2330 4229 2514 4300 diligit
2533 4230 2680 4300 quod
2695 4229 3043 4300 diligendum
3058 4245 3170 4283 non
3183 4233 3286 4294 est,
3304 4245 3492 4300 neque
3514 4231 3706 4286 minus
3722 4231 3795 4284 di-

2198 4320 2320 4389 ligit
2331 4319 2478 4390 quod
2491 4323 2577 4372 est
2595 4319 2835 4388 amplius
2860 4317 3227 4387 diligendum,
3243 4333 3344 4371 nec
3365 4319 3494 4389 plus
3517 4321 3669 4390 quod
3690 4320 3792 4372 nti-

518 4423 642 4462 sum
672 4405 923 4476 diligere.
958 4405 1066 4460 Sed
1097 4406 1291 4460 doctor
1319 4407 1576 4476 egregius
1604 4407 1662 4460 in
1693 4407 1788 4460 illo
1817 4424 1946 4461 eum
1983 4409 2112 4462 dili-
2129 4418 2178 4476 ι)
2197 4425 2305 4479 que
2321 4407 2508 4462 minus
2525 4407 2869 4476 diligendum
2889 4422 3011 4460 esse
3031 4406 3534 4476 cognoscitur;sed
3555 4408 3795 4479 mquissi-

514 4513 648 4568 gere
676 4499 852 4567 optat,
871 4494 1077 4565 illoque
1103 4493 1230 4558 frui,
1257 4494 1314 4547 in
1337 4511 1446 4564 quo
1477 4511 1668 4548 eorum
1698 4502 1934 4567 uterque
1961 4496 2110 4554 beati

516 4602 637 4640 esse
660 4589 904 4656 possent.
920 4584 1275 4655 Quapropter
1292 4583 1591 4653 diligamus
1617 4585 1813 4649 Deum,
1841 4601 1952 4638 non
1977 4602 2112 4656 pro-

515 4677 642 4740 pter
667 4673 837 4738 aliud,
869 4673 966 4727 sed
998 4677 1226 4744 propter
1252 4671 1524 4743 seipsum;
1559 4672 1690 4743 quia
1719 4690 2000 4728 summum
2020 4673 2112 4728 bo-

515 4775 649 4814 num
682 4768 783 4825 est,
816 4779 882 4815 ex
912 4768 1028 4816 toto
1057 4762 1224 4815 corde
1254 4766 1311 4814 et
1338 4778 1403 4814 ex
1429 4766 1548 4816 tota
1585 4762 1792 4828 anima,
1817 4768 1874 4816 et
1897 4779 1962 4816 ex
1992 4768 2111 4817 tota

516 4854 705 4901 mente
732 4856 944 4902 nostra.
974 4851 1250 4920 Nullaque
1295 4866 1385 4903 res
1423 4850 1504 4914 fit,
1540 4867 1653 4921 qua
1694 4851 1822 4917 frui,
1857 4851 1963 4905 nisi
2014 4851 2110 4904 illo

514 4934 841 4991 debeamus.
870 4937 1014 4990 Hinc
1042 4945 1234 5003 restat,
1266 4944 1333 4992 ut
1357 4943 1475 4992 tota
1504 4938 1728 4993 dilectio
1759 4945 1952 4992 nostra
1980 4939 2112 4994 illuc

513 5042 575 5081 se
618 5023 820 5095 rapiat.
853 5023 947 5077 ubi
977 5041 1261 5080 summum
1295 5025 1503 5080 bonum
1557 5033 1662 5094 est,
1694 5027 1972 5098 rebusque
2001 5027 2112 5081 illis

510 5115 786 5180 fruamur,
814 5110 1016 5184 quibus
1044 5111 1191 5166 beati
1221 5129 1342 5168 esse
1369 5130 1685 5184 possumus,
1708 5131 1780 5170 ne
1808 5115 1951 5170 forte
1979 5114 2113 5170 abu-

583 5231 610 5259 ι
638 5221 808 5284 Edit.,
849 5220 1007 5288 facit.

582 5293 610 5330 δ
639 5295 704 5348 In
733 5291 868 5346 edit.
898 5290 1056 5344 deest
1081 5304 1220 5342 uere.

584 5373 606 5400 ο
637 5365 778 5418 Item
804 5363 962 5418 valde
990 5357 1361 5414 desideratur.

583 5433 610 5470 ά
641 5435 811 5501 Edit.,
836 5435 910 5489 ad
936 5432 1117 5487 aliud.

589 5513 613 5542 ⁶
640 5505 812 5572 Edit.,
835 5505 910 5560 ad
935 5506 1140 5578 ipsum.

2193 4513 2283 4551 me
2307 4497 2494 4566 diligit
2511 4496 2660 4567 quod
2681 4495 2866 4549 minus
2895 4495 2982 4548 vel
3007 4495 3157 4565 quod
3177 4494 3420 4564 amplius
3445 4495 3792 4566 diligendum

2193 4591 2305 4638 est:
2327 4584 2557 4638 anhelat
2576 4600 2801 4654 quoque
2824 4600 2894 4638 ne
2913 4589 3013 4637 aut
3036 4583 3222 4636 minus
3242 4583 3327 4636 vel
3345 4584 3599 4655 amplius
3617 4586 3686 4638 de
3710 4585 3793 4639 his

2192 4671 2433 4726 amando
2462 4671 2686 4744 sentiat,
2707 4688 2829 4741 quae
2859 4667 3058 4724 debetj
3093 4670 3414 4741 aequissime
3445 4672 3704 4742 diligere,
3732 4679 3795 4726 ut

2191 4767 2329 4832 puta
2345 4760 2527 4814 omnis
2544 4765 2802 4830 peccator
2815 4759 2868 4812 in
2889 4765 3162 4830 quantum
3182 4765 3443 4830 peccator
3459 4767 3570 4826 est,
3584 4778 3696 4816 non
3713 4766 3796 4814 est

2192 4849 2386 4919 utique
2396 4847 2732 4918 diligendus;
2749 4847 2931 4901 omnis
2941 4864 3070 4900 vero
3084 4847 3251 4901 homo
3262 4847 3320 4900 in
3335 4855 3616 4918 quantum
3633 4850 3790 4903 homo

2193 4942 2295 5003 est,
2318 4937 2634 5006 diligendus
2655 4941 2741 4991 est
2759 4939 2988 5007 propter
3007 4936 3214 4990 Deum:
3244 4943 3302 4990 et
3318 4937 3518 4990 omnia
3547 4937 3794 4992 membra

2195 5025 2422 5091 Christi,
2441 5025 2498 5079 in
2521 5031 2793 5096 quantum
2820 5023 3073 5078 membra
3097 5029 3246 5090 sunt,
3270 5024 3561 5094 diligenda
3583 5031 3710 5080 sunt
3736 5027 3794 5079 in

2194 5114 2393 5180 Deum,
2424 5113 2558 5184 quia
2595 5112 2849 5167 membra
2877 5111 3086 5166 Christi
3113 5117 3247 5166 sunt
3277 5131 3290 5166 :
3322 5113 3473 5167 Deus
3505 5130 3636 5168 vero
3665 5129 3794 5184 pro-

2265 5219 2476 5285 quit.,
2527 5221 2638 5273 sibi
2678 5221 2980 5288 applaudal
3029 5222 3280 5289 quamvis
3333 5220 3527 5288 bonus,
3571 5221 3779 5274 omisso

2187 5290 2419 5361 qu'libet
2449 5292 2627 5344 homo.

2259 5369 2287 5406 ε
2325 5361 2494 5427 Edit.,
2515 5362 2695 5417 aliud.

2259 5431 2288 5471 ιι
2327 5432 2500 5496 Edit.,
2528 5433 2618 5486 sed
2645 5434 2709 5485 in
2730 5431 2984 5485 Domino.

2265 5502 2281 5542 ί
2331 5503 2501 5569 Edit.,
2524 5503 2859 5570 Earumque.

2266 5571 2282 5618 1
2332 5573 2502 5639 Edit.,
2533 5574 2693 5627 decet.
