4000 6170
226 259 378 318 1473

1108 262 1205 318 DE
1241 263 1428 332 FIDE,
1471 264 1603 320 SPE
1641 263 1730 320 ET
1767 261 2204 321 CHARITATE.
2248 295 2312 306 —
2352 266 2492 322 LIB.
2535 267 2636 324 III.

3373 269 3516 328 1474

219 390 362 456 pter
389 385 658 457 seipsum,
687 384 820 456 quia
845 402 1129 441 summum
1156 385 1368 442 bonum
1413 394 1500 442 est
1533 387 1728 459 utique
1767 385 2118 455 exAdicam)
2149 389 2406 444 eamdem
2452 389 2785 444 charitatem
2823 405 2946 461 quae
2981 375 3133 445 Deus
3162 397 3265 459 est,
3296 408 3363 448 ex
3392 399 3512 449 toto

223 479 354 526 toto
382 472 703 542 diligendus
724 478 838 539 est;
871 474 1020 528 unde
1048 474 1096 527 si
1124 475 1272 529 Deus
1292 477 1446 530 omni
1469 477 1697 531 homine
1722 493 1839 530 am-

224 561 384 632 plius
427 561 746 632 diligendus
790 567 893 627 est,
934 562 1320 634 unusquisque
1359 571 1679 619 nostrorum
1707 580 1836 618 vere

225 649 477 721 amplius
500 651 678 704 Deum
701 650 936 720 diligere
955 649 1140 717 debet,
1166 667 1333 722 quam
1364 652 1646 722 seipsum;
1676 654 1730 708 id
1751 659 1838 708 est

226 739 361 808 plus
386 755 554 809 quam
585 738 832 794 animam
861 754 1020 792 suam
1045 757 1058 805 ;
1094 739 1227 808 quia
1251 739 1346 810 qui
1375 740 1561 812 diligit
1586 742 1835 796 animam

226 843 395 881 suam
426 827 551 898 plus
579 844 748 898 quam
779 827 978 890 Deum,
1025 843 1138 881 non
1172 832 1258 881 est
1292 827 1391 882 illo
1419 829 1654 900 dignus;
1687 831 1834 886 unde

226 916 415 970 sancti
441 927 716 987 martyres
738 916 863 986 plus
883 916 1062 970 Deum
1085 915 1329 970 dilexere
1348 927 1373 956 ι
1402 935 1572 988 quam
1593 919 1829 990 seipsos:

225 1005 442 1060 idcirco
496 1005 879 1076 deposuerunt
926 1022 1162 1078 corpora
1217 1007 1494 1073 mortalia,
1550 1008 1836 1063 tradentes

222 1092 452 1148 animas
480 1109 631 1160 suas,
657 1099 718 1148 ut
740 1110 835 1148 eas
854 1093 912 1148 in
940 1095 1133 1163 vitam,
1153 1096 1316 1167 juxta
1344 1097 1681 1168 promissum
1710 1097 1831 1163 Dei,

224 1181 549 1236 invenirent
596 1189 884 1236 aeternam.
937 1183 1147 1238 Deinde
1185 1185 1428 1256 amplius
1477 1185 1644 1240 homo
1693 1185 1836 1241 alius

226 1269 552 1340 diligendus
582 1276 684 1337 est,
718 1287 889 1341 quam
919 1287 1121 1344 corpus
1148 1278 1404 1328 nostrum
1429 1293 1441 1341 ;
1476 1273 1607 1345 quia
1636 1290 1835 1328 secun-

226 1356 370 1411 dum
400 1357 726 1412 interiorem
752 1358 1038 1414 hominem
1060 1361 1249 1415 anima
1281 1363 1403 1432 ejus
1435 1361 1516 1416 ita
1553 1361 1837 1432 diligenda

227 1453 340 1512 est,
389 1452 453 1501 ut
498 1446 688 1500 anima
724 1454 937 1502 nostra.
982 1449 1195 1503 Tamen
1241 1449 1321 1504 ita
1369 1451 1558 1504 omnia
1609 1456 1837 1522 prOpter

225 1535 413 1589 Deum
441 1540 498 1588 et
524 1535 581 1588 in
625 1535 739 1589 Deo
770 1535 1055 1607 diligenda
1082 1543 1215 1591 sunt
1239 1539 1364 1609 plus
1395 1555 1565 1610 quam
1593 1555 1794 1610 corpus
1817 1557 1830 1603 ;

227 1625 369 1695 quia
406 1629 591 1695 potest
633 1623 925 1679 nobiscum
971 1626 1138 1680 homo
1175 1626 1410 1681 interior
1437 1628 1553 1682 Deo
1583 1628 1828 1698 perfrui;

1917 472 2102 539 corde,
2135 479 2192 528 et
2220 491 2285 528 ex
2310 480 2426 529 tota
2458 475 2666 538 anima,
2703 479 2761 528 et
2790 490 2854 528 ex
2883 479 3003 528 tota
3029 475 3270 542 virtute;
3310 478 3512 534 deinde

1917 562 2203 632 proximos
2257 565 2404 619 sicut
2459 571 2696 628 nosmet,
2741 570 2806 619 ut
2865 564 3013 636 quod
3061 565 3220 620 nobis
3243 568 3512 623 volumus

1919 651 2057 716 ﬁeri,
2082 652 2358 706 faciamus
2387 658 2444 707 et
2477 653 2621 719 aliis,
2643 659 2700 707 et
2727 653 2874 724 quod
2899 653 3160 708 nolumus
3189 653 3366 720 nobis,
3400 671 3513 710 non

1916 738 2229 810 irrogemus
2257 741 2375 795 ulli.
2409 742 2525 796 Ista
2551 758 2794 812 namque
2831 747 2918 795 est
2958 741 3220 796 ordinata
3249 743 3514 813 Charitas,

1917 826 2023 882 iste
2047 834 2134 882 est
2164 829 2309 899 ignis
2346 829 2440 884 ille
2467 837 2789 902 perpetuus,
2822 847 2989 901 quem
3015 830 3168 884 venit
3192 831 3353 886 Jesus
3381 831 3516 886 mit-

1915 921 2035 971 tere
2062 915 2120 970 in
2149 923 2380 984 terram,
2407 919 2638 989 vultque
2663 924 2727 972 ut
2768 917 2984 975 ardeat.
3013 919 3128 972 Ista
3157 925 3243 973 est
3267 920 3518 975 eminen-

1915 1004 2030 1059 tior
2055 1005 2144 1058 via
2173 1023 2341 1076 quam
2371 1006 2721 1061 demonstrat
2742 1007 3066 1078 Apostolus,
3087 1007 3207 1061 sine
3239 1025 3350 1078 qua
3377 1007 3516 1063 nihil

1917 1093 2154 1164 proﬁcit,
2188 1100 2385 1150 contra
2412 1111 2581 1165 quam
2625 1095 2766 1148 nihil
2796 1095 2968 1161 valet;
3011 1095 3276 1166 quoniam
3314 1095 3395 1150 ita
3431 1101 3518 1150 est

1917 1187 1982 1235 ut
2023 1198 2174 1235 mors
2204 1181 2652 1254 inexpugnabilis
2683 1181 2952 1237 fortitudo
2987 1183 3314 1249 charitatis;
3348 1199 3518 1254 quam

1917 1270 2164 1340 profecto
2192 1271 2428 1341 quisque
2455 1271 2785 1326 charitatem
2815 1271 2981 1326 debet
3019 1271 3254 1337 nutrire,
3276 1270 3377 1326 Dei
3406 1272 3514 1325 im-

1916 1358 2121 1428 plendo
2151 1359 2437 1423 mandata,
2469 1366 2534 1413 ut
2579 1369 2778 1415 cuncta
2820 1376 2942 1430 quae
2988 1360 3207 1430 agimus
3245 1360 3351 1413 hoc
3385 1359 3516 1429 igne

1917 1453 2240 1501 crementur
2262 1447 2320 1500 in
2339 1453 2640 1518 conspectu
2658 1448 2856 1502 divina:
2881 1449 3213 1518 majestatis.
3239 1453 3516 1519 quatenus

1917 1541 2142 1606 accepta
2177 1537 2316 1590 ﬁant
2344 1536 2477 1590 Deo.
2513 1537 2612 1590 His
2641 1537 2829 1607 itaque
2859 1536 3048 1590 anima
3077 1544 3274 1591 renata
3302 1538 3516 1592 affecti-

1917 1622 2022 1677 bus
2049 1626 2113 1677 ﬁt
2141 1625 2549 1688 holocaustum,
2588 1624 2700 1677 Deo
2729 1623 2994 1678 exhibens
3023 1640 3242 1694 corpus,
3267 1625 3415 1694 quod
3445 1624 3519 1679 vi-

227 1713 384 1784 quod
405 1729 514 1767 non
536 1715 1183 1786 potestcorpus.Corpus
1204 1731 1446 1787 namque
1465 1733 1568 1787 per
1586 1716 1832 1770 animam
1851 1732 1896 1792 Β
1917 1711 2172 1766 viﬁcatur
2224 1711 2294 1766 ab
2337 1729 2404 1766 ea
2441 1711 2478 1778 ι,
2539 1711 2778 1766 hostiam
2828 1711 3028 1778 vivam,
3077 1717 3347 1776 sanctam,
3396 1711 3518 1766 Deo

225 1801 385 1867 vivit,
419 1818 532 1872 qua
551 1801 793 1856 fruimur
814 1803 950 1869 Deo,
978 1809 1035 1856 et
1063 1803 1189 1858 ideo
1210 1804 1455 1858 animam
1483 1805 1721 1876 proximi
1753 1822 1836 1860 se-

225 1891 481 1944 cundum
500 1890 825 1945 interiorem
840 1891 1127 1946 hominem
1149 1892 1449 1963 diligamus
1465 1898 1531 1947 ut
1551 1899 1831 1962 nostram;

225 1985 291 2034 et
310 1995 513 2050 corpus
532 1979 603 2033 ad
628 1979 1125 2051 incorruptionem,
1145 1981 1290 2036 sicut
1309 1987 1364 2036 et
1384 1987 1660 2036 nostrum.
1687 1983 1836 2038 Con-

224 2073 350 2122 stat
375 2066 550 2138 igitur
586 2067 734 2138 quod
778 2084 974 2123 omnes
1019 2085 1177 2140 aeque
1214 2071 1330 2124 sint
1376 2070 1679 2141 diligendi;
1736 2071 1834 2126 sed

224 2172 360 2210 cum
388 2155 416 2198 b
441 2155 697 2210 omnibus
743 2157 1007 2227 prodesse
1051 2175 1163 2212 non
1202 2175 1516 2230 possumus,
1552 2160 1639 2214 his
1665 2159 1837 2231 potis-

223 2244 440 2298 simum
461 2245 752 2299 consulere
779 2245 1066 2313 debemus,
1092 2246 1188 2318 qui
1217 2265 1318 2318 pro
1347 2248 1596 2302 locorum
1617 2253 1674 2302 et
1695 2254 1834 2301 tem-

224 2349 456 2405 porum,
488 2333 573 2387 vel
598 2333 976 2405 quarumlibet
1002 2338 1423 2406 opportunitate
1451 2352 1644 2391 rerum
1669 2335 1830 2391 nobis

219 2422 584 2477 constrictius
614 2423 772 2494 quasi
803 2423 1046 2494 quadam
1075 2430 1226 2479 sorte
1247 2425 1585 2496 junguntur.
1611 2426 1754 2480 Nam
1776 2432 1834 2480 et

224 2511 381 2583 ignis
410 2511 516 2566 iste
543 2528 842 2582 corporeus
869 2511 1048 2582 magis
1074 2529 1168 2566 eos
1208 2519 1328 2567 tam
1368 2515 1552 2568 calore
1581 2531 1749 2585 quam
1778 2521 1836 2570 et

225 2601 448 2655 lumine
473 2599 674 2671 tangit,
707 2617 846 2672 quos
893 2599 1258 2671 proximiores
1296 2619 1419 2656 esse
1470 2603 1786 2657 constiterit
1815 2623 1828 2671 ;

226 2690 332 2744 sed
361 2689 506 2760 ignis
535 2689 640 2743 iste
666 2688 980 2744 dilectionis
1015 2706 1210 2744 omnes
1236 2689 1295 2744 in
1335 2691 1560 2745 Christo
1597 2692 1679 2745 vel
1710 2708 1835 2764 pro-

227 2784 362 2849 pter
389 2778 674 2832 Christum
719 2778 1092 2848 amplectitur,
1141 2784 1443 2849 prmsentes
1486 2777 1832 2845 absentesve,

227 2867 370 2920 dum
400 2872 456 2920 et
481 2872 708 2938 propter
735 2866 1124 2937 delinquentes
1140 2867 1336 2938 gemit.
1359 2874 1416 2922 et
1447 2873 1675 2938 propter
1703 2885 1836 2923 san-

227 2960 353 3009 ctos
382 2955 561 3009 Deum
606 2961 623 2984 °
666 2955 896 3008 laudare
940 2955 1218 3021 meminit,
1268 2973 1394 3011 cum
1445 2956 1646 3028 quibus
1684 2962 1741 3011 et
1777 2957 1835 3011 in

1917 1802 2251 1873 placentem,
2283 1806 2339 1855 et
2384 1803 2446 1854 ﬁt
2492 1799 2824 1854 rationabile
2870 1799 3203 1870 obsequium
3240 1806 3516 1870 nostrum,

1918 1891 2183 1962 proiecto,
2216 1889 2346 1961 quia
2373 1889 2615 1944 charitas
2643 1889 2903 1942 ordinata
2927 1887 3083 1958 prius
3111 1905 3211 1958 per
3241 1889 3517 1958 Spiritum

1918 1984 2172 2034 sanctum
2203 1979 2261 2033 in
2297 1977 2557 2033 cordibus
2587 1976 2793 2032 nostris
2833 1975 3036 2030 diffusa
3057 1975 3274 2047 jugiter
3300 1977 3519 2048 aspira-

1913 2068 2027 2119 tur.

2535 2189 2768 2245 CAPUT
2805 2189 2902 2244 1X.

2038 2315 2181 2381 Quid
2201 2317 2272 2368 sit
2303 2316 2538 2369 initium
2567 2315 2876 2380 charitatis,
2909 2313 3106 2382 quidve
3121 2314 3404 2383 perfectio.

1986 2422 2164 2476 Nemo
2194 2420 2370 2491 igitur
2399 2421 2663 2475 continuo
2689 2422 2752 2473 ﬁt
2779 2436 3033 2474 summus
3068 2438 3078 2472 :
3115 2425 3174 2475 et
3202 2419 3328 2475 ideo
3358 2437 3513 2492 quae-

1915 2511 2153 2564 rendum
2195 2520 2282 2564 est
2325 2509 2661 2580 principium
2692 2509 3001 2575 charitatis,
3034 2514 3098 2563 ut
3125 2509 3196 2563 ad
3233 2510 3357 2579 ejus
3387 2526 3516 2580 per-

1917 2598 2233 2661 fectionem,
2283 2599 2398 2652 Deo
2440 2597 2771 2668 inspirante,
2803 2597 2993 2651 venire
3040 2597 3332 2668 possimus.
3370 2599 3516 2652 Nam

1916 2689 2162 2744 ofﬁcium
2191 2691 2314 2760 ejus
2346 2689 2486 2743 nihil
2513 2689 2666 2742 aliud
2697 2695 2781 2743 est
2808 2706 2974 2760 quam
3021 2689 3272 2760 diligere,
3303 2695 3358 2744 et
3385 2690 3517 2744 dili-

1915 2779 2098 2850 gendo
2126 2778 2392 2832 mandata
2421 2777 2629 2832 Christi
2659 2777 2983 2848 adimplere.
3013 2778 3358 2849 Principium
3388 2796 3517 2833 vero

1918 2870 2040 2938 ejus
2067 2866 2137 2921 ab
2167 2866 2254 2921 his
2282 2866 2479 2937 incipit
2523 2866 2691 2920 rebus
2721 2866 2868 2934 (licet
2913 2865 3066 2921 intus
3093 2879 3123 2920 ι’
3149 2867 3520 2938 viviﬁcentur)

1918 2974 2040 3029 quae
2069 2956 2204 3010 foris
2241 2961 2408 3021 sunt;
2455 2955 2720 3026 quoniam
2752 2954 2896 3008 sicut
2936 2955 3143 3009 clamat
3171 2957 3470 3027 Apostolus
3499 2977 3511 3011 :

228 3041 437 3114 quibus
465 3059 524 3096 se
570 3042 900 3114 participem
927 3043 1172 3101 letatur.
1214 3045 1370 3099 Tunc
1400 3045 1626 3100 Patrem
1668 3041 1896 3101 simulC
1919 3046 2027 3110 Qui
2056 3045 2317 3100 habuerit
2339 3043 2711 3098 substantiam
2737 3044 2904 3113 hujus
2935 3043 3149 3108 mundi,
3172 3049 3229 3097 et
3254 3041 3520 3097 clauserit

231 3148 361 3185 cum
383 3131 594 3186 eisdem
615 3131 852 3198 invocat,
884 3131 1106 3186 dicens:
1145 3135 1309 3186 Pater
1341 3138 1544 3200 noster,
1571 3136 1672 3202 qui
1697 3150 1752 3188 es
1775 3137 1837 3188 in

231 3222 397 3274 certis.
440 3218 575 3284 Quis
603 3219 752 3274 enim
786 3219 855 3273 de
897 3224 1055 3274 tanta
1083 3219 1385 3292 adoptione
1413 3237 1528 3275 non
1553 3223 1837 3292 gaudeat?

233 3308 362 3379 quis
386 3307 456 3362 de
484 3313 644 3362 tanta
663 3309 1040 3378 germanitate
1069 3308 1276 3380 ubique
1305 3309 1508 3364 diﬁ‘usa
1532 3317 1836 3381 congratu-

231 3395 420 3452 letur?
450 3397 548 3452 sed
577 3398 724 3451 inter
753 3413 947 3451 omnes
973 3397 1068 3468 qui
1096 3397 1363 3453 fruuntur
1385 3397 1676 3452 nobiscum
1697 3399 1832 3466 Deo,

231 3485 441 3558 partim
463 3502 557 3540 eos
585 3485 896 3556 diligimus,
929 3501 1067 3556 quos
1092 3485 1197 3557 ipsi
1225 3485 1559 3556 adjuvamus
1583 3505 1596 3554 ;
1630 3487 1835 3558 partim

232 3591 266 3628 a
284 3573 487 3645 quibus
502 3574 852 3645 adjuvamur,
871 3575 1078 3645 partim
1097 3590 1336 3644 quorum
1356 3575 1675 3644 indigemus
1699 3592 1839 3646 prae-

230 3663 396 3728 sidio,
445 3679 751 3734 eorumque
778 3661 805 3702 ά
851 3662 1174 3732 indigentiae
1215 3661 1592 3729 subvenimus,
1627 3663 1858 3747 partim.

231 3751 438 3822 quibus
467 3767 569 3804 nec
597 3750 704 3821 ipsi
732 3751 1068 3804 conferimus
1088 3751 1300 3821 aliquid
1322 3751 1603 3817 utilitatis,
1635 3768 1736 3805 nec
1764 3753 1833 3806 ab

232 3840 335 3904 eis,
371 3843 436 3893 ut
467 3838 627 3893 nobis
661 3839 997 3904 conferatur,
1027 3839 1388 3893 attendimus.
1424 3840 1491 3894 Et
1523 3856 1718 3894 omnes
1747 3846 1833 3894 ta-

232 3944 365 3982 men
395 3927 627 3998 diligere
665 3926 952 3992 debemus,
992 3933 1056 3981 ut
1094 3933 1152 3981 et
1197 3927 1486 3981 nobiscum
1515 3928 1752 3998 diligant
1779 3933 1836 3982 et

231 4017 376 4071 velle
404 4032 566 4070 orare
597 4032 661 4069 ac
690 4015 1036 4083 desiderare;
1063 4015 1269 4069 idcirco
1288 4015 1470 4070 omnis
1491 4015 1712 4070 dilectio
1739 4033 1835 4071 no-

232 4110 352 4159 stra
384 4105 442 4158 in
472 4104 707 4158 invicem
727 4105 798 4158 ad
819 4121 995 4159 unum
1025 4104 1186 4158 illum
1209 4106 1379 4158 ﬁnem
1409 4104 1701 4159 referenda
1726 4110 1830 4171 est,

233 4201 300 4247 ut
336 4209 532 4247 omnes
562 4192 820 4247 fruantur
849 4192 986 4261 Deo,
1025 4199 1082 4248 et
1122 4192 1401 4247 nobismet
1439 4192 1499 4247 in
1536 4193 1673 4259 Deo,
1706 4193 1836 4247 licet

155 4347 161 4351 ,
232 4281 522 4335 interdum
572 4287 801 4334 utamur
845 4280 1113 4352 proximis
1160 4280 1322 4335 sicuti
1364 4285 1422 4334 et
1472 4280 1580 4352 ipsi
1627 4279 1835 4334 nostris

1918 3135 2132 3188 viscera
2159 3133 2572 3196 misericordiae,
2599 3149 2669 3186 ne
2688 3131 3069 3202 indigentibus
3090 3131 3381 3201 largiatur,
3406 3146 3518 3207 non

1918 3223 2043 3276 dico
2068 3221 2420 3283 charitatem,
2446 3220 2544 3274 sed
2566 3236 2668 3274 nec
2695 3219 3030 3291 principium
3057 3218 3264 3272 habere
3285 3223 3519 3289 putatur

1918 3310 2251 3365 dilectionis.
2271 3309 2416 3363 Dicit
2435 3309 2584 3362 enim
2611 3308 2719 3362 ita:
2745 3309 2852 3375 Qui
2876 3309 3130 3360 habuerit
3149 3306 3519 3360 substantiam

1919 3400 2086 3468 hujus
2121 3398 2339 3462 mundi,
2365 3398 2674 3464 videritque
2693 3397 2929 3462 fratrem
2949 3411 3114 3447 suum
3151 3397 3518 3448 necessitatem

1917 3489 2110 3540 habere
2138 3488 2456 3554 patientem,
2477 3489 2526 3536 et
2554 3486 2815 3537 clauserit
2846 3487 3050 3536 viscera
3074 3499 3176 3537 sua
3195 3485 3266 3537 ab
3290 3500 3366 3548 eo,
3390 3499 3518 3551 quo-

1917 3576 2073 3628 modo
2102 3575 2344 3627 charitas
2365 3573 2462 3626 Dei
2485 3577 2560 3624 est
2589 3574 2652 3624 in
2673 3573 2770 3625 illo
2789 3576 2812 3623 ?
2841 3572 2885 3638 (Ι
2902 3573 3064 3624 Joan.
3111 3585 3193 3636 in,
3222 3569 3314 3638 17)
3360 3571 3438 3624 Ac
3467 3569 3515 3623 si

1915 3667 2175 3733 patenter
2204 3661 2354 3714 dicat
2385 3678 2395 3712 :
2433 3657 2722 3723 Quomodo
2749 3658 2981 3728 diligere
3015 3659 3220 3728 poterit
3247 3657 3516 3711 intrinse-

1915 3768 2014 3806 cus
2054 3750 2150 3822 qui
2194 3767 2262 3804 ea
2309 3766 2432 3820 quae
2477 3747 2819 3802 extrinsecus
2861 3754 2994 3800 sunt
3039 3763 3150 3800 non
3190 3745 3515 3816 impendit?

1915 3841 2105 3893 clausa
2135 3839 2339 3909 quippe
2384 3837 2597 3890 viscera
2630 3851 2858 3889 manare
2889 3851 2999 3888 non
3028 3834 3223 3889 sinunt
3248 3835 3514 3905 pietatem

1917 3929 1988 3983 ad
2025 3927 2339 4000 proximum
2365 3945 2377 3992 ;
2427 3926 2560 3979 dum
2591 3941 2650 3979 se
2681 3930 2738 3978 et
2775 3941 2864 3978 res
2890 3923 3246 3977 transitorias
3274 3924 3400 3994 plus
3428 3921 3513 3976 di-

1914 4015 2040 4086 ligit
2068 4032 2234 4086 quam
2268 4013 2602 4085 proximum.
2637 4011 2927 4076 Quomodo
2955 4027 3088 4082 ergo
3119 4011 3254 4064 dare
3283 4009 3511 4081 poterit,

1916 4103 2064 4175 quod
2092 4103 2383 4174 praecisum
2404 4102 2574 4168 dolet,
2599 4100 2822 4171 quando
2844 4099 2900 4153 id
2925 4116 3038 4153 non
3066 4099 3340 4169 impendit
3363 4098 3512 4169 quod

1915 4191 2145 4246 omnino
2183 4191 2526 4245 extrinsecus
2573 4188 2843 4242 amissum
2889 4203 3000 4241 non
3044 4187 3239 4241 dolet?
3283 4187 3516 4241 Constat

1918 4280 2094 4350 igitur
2123 4297 2244 4334 esse
2269 4278 2607 4350 principium
2647 4275 2939 4331 charitatis
2969 4281 3139 4346 atque
3168 4275 3438 4330 indicium
3462 4273 3510 4340 ιι,

231 4369 292 4424 in
319 4369 559 4423 invicem
590 4374 829 4423 utuntur
851 4369 1153 4440 suffragiis.
1174 4369 1400 4424 Utimur
1418 4374 1608 4423 autem
1637 4385 1832 4422 eorum
1850 4353 1898 4411 Ῑ)
1919 4369 1966 4423 si
1994 4368 2246 4440 proximo
2273 4384 2386 4421 non
2413 4382 2701 4437 negemus,
2745 4365 2892 4437 quod
2922 4365 3044 4419 sine
3081 4365 3272 4419 dolore
3300 4363 3514 4418 amitti-

231 4457 641 4528 temporalibus
670 4458 964 4528 praesidiis,
997 4458 1239 4512 fruimur
1258 4474 1388 4511 vero
1410 4457 1620 4512 eisdem
1642 4456 1700 4511 in
1730 4458 1837 4511 Do-
1919 4474 2064 4523 mus,
2097 4463 2154 4511 et
2195 4457 2480 4527 superfluo
2510 4454 2889 4526 possidemus;
2938 4453 3140 4508 deinde
3170 4459 3234 4508 ut
3273 4451 3514 4506 ofﬁciose

231 4548 411 4609 mino,
431 4547 735 4601 secundum
755 4546 1080 4601 interiorem
1112 4548 1416 4613 hominem,
1437 4552 1503 4600 ut
1529 4563 1724 4600 omnes
1744 4563 1835 4600 re-
1919 4561 2266 4616 quaecunque
2291 4560 2589 4615 possumus
2619 4542 2889 4597 beneﬁcia
2916 4547 3045 4596 actu
3073 4539 3464 4611 impendamus
3497 4556 3509 4592 :

232 4651 512 4689 novemur
539 4634 596 4688 in
638 4634 925 4704 agnitione
967 4634 1069 4688 ﬁlii
1114 4634 1236 4700 Dei,
1270 4640 1326 4689 et
1366 4635 1736 4689 reformemur
1762 4634 1834 4688 ad

230 4723 544 4793 imaginem
584 4723 776 4794 gloriae
814 4722 1087 4777 claritatis
1113 4734 1137 4766 ο
1164 4739 1296 4776 suae.
1327 4722 1540 4786 Quibus
1567 4723 1834 4778 nimirum

228 4827 444 4884 sponsa
471 4810 748 4865 inebriata
789 4811 1000 4882 poculis
1031 4811 1272 4865 exsultat
1297 4809 1487 4865 dicens
1520 4829 1535 4865 :
1569 4813 1836 4866 Introdu-

222 4903 310 4954 xit
343 4915 430 4952 me
460 4913 560 4952 rex
589 4900 651 4951 in
678 4901 873 4952 cellam
897 4901 1182 4951 vinariam
1203 4898 1385 4968 (Cant.
1409 4911 1448 4963 I,
1474 4895 1545 4967 3).
1570 4898 1684 4952 Ista
1703 4903 1837 4952 sunt

223 5002 479 5056 namque
509 4985 710 5056 pocula
737 4985 1028 5040 charitatis
1057 4985 1286 5050 Christi,
1321 4984 1523 5056 quibus
1547 4991 1833 5039 transmu-

223 5081 426 5129 tamur
439 5073 508 5127 ad
529 5074 770 5127 formam
791 5073 1228 5145 incorruptibilis
1249 5073 1378 5140 Dei;
1406 5072 1669 5144 quoniam
1689 5073 1838 5128 Deus

225 5162 480 5217 charitas
527 5167 630 5228 est,
662 5167 727 5216 ut
771 5178 874 5232 per
917 5162 1252 5218 charitatem
1287 5161 1590 5232 diligamus
1626 5163 1718 5234 (ut
1759 5161 1840 5216 ita

299 5344 319 5368 ⁸
351 5335 523 5404 Editi,
556 5341 804 5408 diligere.

299 5409 329 5449 ι)
363 5408 548 5474 Edit.,
579 5413 670 5464 scd
701 5417 886 5464 tamen
912 5411 1048 5464 duim
1076 5411 1354 5466 omnibus.

298 5486 319 5509 °
349 5480 416 5534 In
451 5479 616 5534 editis
644 5480 997 5538 desideratur
1017 5483 1211 5539 Deum.

301 5548 332 5592 ἀ
357 5549 532 5620 Edit.,
564 5557 931 5624 quorumque.

1918 4632 2164 4703 alioquin
2183 4632 2426 4696 dilectio,
2453 4648 2576 4702 qua:
2597 4630 2816 4684 videtur
2837 4646 2976 4695 esse,
3000 4629 3136 4682 dum
3158 4633 3344 4699 torpet
3366 4627 3518 4681 clau-

1916 4721 1994 4775 sis
2017 4719 2458 4785 visceribus,non
2489 4725 2573 4773 est
2601 4716 2842 4782 dilectio,
2865 4717 3002 4771 dum
3031 4721 3202 4787 negat
3233 4715 3510 4787 proximo,

1917 4809 2066 4881 quod
2098 4825 2199 4863 nec
2227 4807 2517 4880 praecisum
2546 4807 2714 4860 dolet.
2749 4806 2893 4875 Ergo
2930 4805 3259 4876 aperiantur
3281 4803 3512 4870 viscera,

1916 4904 1980 4952 ut
2008 4896 2210 4951 habeat
2229 4894 2581 4967 principium,
2607 4900 2804 4964 etquae
2829 4893 2998 4963 hujus
3029 4893 3225 4947 mundi
3255 4898 3390 4946 sunt
3410 4892 3520 4947 sal-

1914 4992 2031 5042 tem
2061 4985 2318 5057 proximo
2348 5000 2461 5038 non
2505 4988 2816 5053 negentur;
2864 4982 3131 5053 quoniam
3171 4983 3290 5036 haec
3327 4981 3518 5036 omnia

1917 5073 2294 5128 communiter
2313 5072 2445 5126 data
2469 5077 2792 5126 noscuntur.
2815 5071 2974 5125 Unde
2995 5071 3265 5124 Dominus
3290 5067 3475 5138 inquit
3498 5085 3511 5120 :

1921 5164 2073 5231 Quod
2093 5165 2144 5217 si
2163 5164 2225 5216 in
2245 5164 2428 5216 alieno
2447 5161 2626 5228 ﬁdeles
2649 5176 2761 5214 non
2781 5161 2992 5228 fuistis,
3015 5161 3159 5228 quod
3179 5162 3418 5212 vestrum
3439 5159 3514 5208 est

2043 5339 2188 5406 Edit,
2216 5339 2508 5394 charitatis
2538 5354 2668 5394 suae.

1988 5409 2008 5451 ¹
2047 5412 2217 5471 Edit.,
2247 5412 2315 5465 ab
2344 5427 2428 5471 eo.

1989 5494 2020 5536 ε
2045 5483 2215 5550 Edit.,
2247 5485 2370 5538 licet
2405 5483 2546 5538 Deus
2577 5483 2831 5552 viviﬁcet.

1991 5552 2020 5596 ιι
2048 5552 2220 5623 Edit.,
2251 5555 2508 5612 initium.
