4000 6170
513 227 652 288 1479

1289 224 1348 278 S.
1387 221 1768 279 PASCHASII
1806 215 2168 276 RADBERTI
2203 214 2509 276 ABBATIS
2547 216 3040 276 CORBEIENSIS.

3625 210 3735 278 1486

506 353 794 410 nutriatur
817 349 1060 406 Charitas
1087 346 1284 415 initiis,
1301 347 1506 402 veritas
1521 347 1860 418 requirenda
1887 345 2220 406 :restatAet
2248 347 2581 400 conscientia
2609 362 2720 400 non
2749 348 2895 413 ﬁcta,
2911 349 3187 416 quatenus
3215 361 3346 416 spes
3377 345 3434 399 in
3454 345 3594 400 nullo
3623 364 3729 401 con-

509 448 575 498 ut
586 441 810 497 dilectio
830 438 1039 495 Christi
1061 436 1384 508 plenissime
1407 437 1803 491 mandatorum
1825 438 1874 506 ej
1884 453 1947 490 us
1963 453 2100 508 prae-

509 536 673 604 cepta
704 529 980 592 intendat,
1012 527 1157 580 sicut
1179 525 1463 595 discipulis
1491 525 1608 579 suis
1634 525 1752 597 ipse
1783 532 1977 580 auctor
1995 527 2099 579 Ve-

509 620 650 675 ritas
676 618 757 673 ait
781 631 792 664 ε
825 617 888 673 Si
913 617 1151 683 diligitis
1173 630 1275 677 me,
1307 613 1509 683 inquit,
1546 616 1812 668 mandata
1845 631 1964 668 mea
1990 631 2098 668 ser-

509 713 631 764 vate
659 708 835 775 (Joan.
868 720 972 768 xiv,
1015 704 1097 769 15)
1125 720 1138 768 ;
1180 701 1493 756 observatio
1523 719 1656 773 ergo
1703 703 2096 757 mandatorum

512 797 613 852 Dei
637 793 960 865 adimpletio
989 796 1076 845 est
1094 789 1414 858 charitatis;
1446 791 1545 845 sed
1568 791 1626 844 in
1647 792 1769 862 ipsa
1788 791 2099 864 eademque

511 882 782 939 charitate
810 897 909 952 per
937 879 1104 933 ﬁdem
1133 878 1504 942 ambulamus,
1537 895 1570 932 a
1607 896 1718 950 qua
1760 880 2093 951 incipimus:

511 969 758 1042 alioquin
803 969 1125 1022 inﬁrmante
1161 966 1270 1020 fide
1307 967 1552 1021 charitas
1581 967 1892 1038 languescit
1925 987 1936 1023 :
1970 969 2102 1040 quia

511 1059 951 1132 quotiescunque
961 1055 1377 1126 Scripturarum
1392 1061 1712 1110 sanctarum
1729 1056 1786 1110 in
1806 1061 1994 1112 mente
2014 1075 2105 1112 va-

510 1149 667 1203 cillat
692 1145 1014 1208 auctoritas,
1049 1144 1187 1198 ﬁdes
1214 1142 1440 1208 titubat,
1472 1144 1621 1198 unde
1649 1161 1775 1198 cum
1805 1145 1941 1199 ﬁdes
1967 1146 2106 1200 ceci-

511 1236 674 1300 derit,
694 1235 865 1290 etiam
883 1233 1121 1306 quisque
1141 1249 1176 1285 a
1191 1232 1465 1286 charitate
1493 1233 1642 1286 cadit
1670 1235 1955 1288 continuo.
1979 1236 2103 1288 Non

514 1325 664 1380 enim
694 1329 879 1396 potest
903 1321 1155 1391 diligere,
1189 1321 1336 1391 quod
1361 1336 1484 1375 esse
1513 1337 1624 1375 non
1649 1322 1859 1376 credit:
1898 1323 2103 1378 idcirco

516 1413 818 1485 Scriptum
831 1415 1036 1465 sanctae
1055 1409 1380 1479 diligentius
1407 1411 1723 1464 scrutanda:
1752 1417 1886 1465 sunt
1911 1417 1966 1466 et
1994 1412 2107 1482 ple-

516 1501 644 1558 nius
675 1500 980 1562 credendaa,
1014 1503 1080 1552 ut
1108 1497 1247 1551 ﬁdes
1275 1503 1468 1552 sancta
1497 1505 1829 1564 succrescat,
1875 1505 1932 1553 et
1959 1517 2104 1570 prae-

516 1595 679 1660 cepta
714 1587 821 1642 Dei
870 1585 1148 1657 capiosius
1186 1585 1590 1655 intelligantur.
1632 1586 1896 1657 Quisquis
1934 1587 2107 1658 igitur

2178 434 2448 490 fundatur
2461 435 2667 488 erroris
2689 434 3001 504 naufragio.
3026 434 3294 489 Omnium
3316 450 3446 503 ergo
3459 434 3731 504 Scriptura-

2180 541 2306 578 rum
2337 524 2652 578 intellectus
2681 525 2752 578 ad
2772 524 2882 577 ista
2909 524 3021 578 tria
3042 523 3310 589 refertur;
3334 524 3584 594 quoniam
3607 525 3733 594 quid-

2180 613 2313 684 quid
2345 619 2431 666 est
2458 613 2606 683 quod
2638 613 2694 666 in
2726 598 2928 666 divitiis
2958 612 3194 683 legimus
3222 611 3450 674 litteris,
3483 611 3563 664 his
3587 611 3732 665 tribus

2179 701 2673 772 comprehenditur
2700 702 2878 762 donis,
2908 707 2966 755 et
2987 701 3041 754 in
3060 701 3144 756 his
3171 701 3427 755 omnium
3457 700 3727 770 Scriptura-

2180 807 2307 844 rum
2345 790 2683 845 terminatur
2717 789 2864 844 ﬁnis.
2899 790 2967 844 Et
2997 789 3104 844 nisi
3131 796 3364 861 propter
3401 789 3726 842 eruditionem

2180 879 2437 944 aliorum,
2462 879 2548 933 his
2569 879 2785 950 adeptis
2804 879 2872 932 ad
2900 880 3149 950 plenum,
3174 878 3463 949 Scriptura
3484 884 3651 931 sancta
3664 895 3733 932 ne-

2183 968 2426 1022 cessaria
2452 985 2564 1022 non
2593 974 2756 1023 esset.
2789 969 2950 1024 Unde
2978 975 3042 1024 ut
3069 968 3357 1023 nutriatur
3383 967 3625 1030 charitas,
3653 985 3731 1022 sae-

2185 1057 2294 1111 culi
2312 1057 2559 1112 amicitia
2576 1064 2634 1112 et
2645 1057 2921 1128 cupiditas
2941 1057 3125 1111 carnis
3140 1056 3724 1128 appellanturprimum;

2185 1145 2386 1200 deinde
2421 1153 2812 1216 supponantur
2846 1147 3061 1216 jugiter
3089 1145 3250 1217 ligna
3295 1145 3577 1211 virtutum,
3617 1144 3731 1198 circa

2185 1235 2365 1288 Deum
2392 1240 2448 1288 et
2460 1235 2775 1304 proximum
2802 1240 2866 1289 ut
2895 1235 3118 1301 ardeat;
3146 1234 3419 1305 quoniam
3437 1232 3731 1304 quisquisve-

2186 1339 2395 1376 nenum
2427 1324 2548 1394 ejus
2577 1322 2822 1394 primum
2851 1341 2885 1377 a
2929 1341 2989 1378 se
3030 1340 3142 1377 non
3180 1323 3477 1394 expulerit,
3509 1339 3606 1375 non
3631 1322 3724 1374 dico

2187 1411 2582 1482 perfectionem
2612 1412 2923 1476 charitatis,
2957 1429 3151 1466 verum
3210 1427 3316 1465 nec
3344 1409 3557 1464 initium
3581 1408 3726 1464 habet.

2797 1501 3030 1555 CAPUT
3058 1500 3180 1554 XII.

2190 1590 2260 1642 De
2281 1589 2592 1656 di/Ierentia
2616 1591 2931 1652 charitatis,
2954 1594 3147 1642 utrum
3171 1591 3247 1642 sit
3268 1589 3464 1656 aliqua
3483 1587 3731 1654 eorumqui

518 1678 836 1748 Scripturas
862 1679 1082 1728 sanctas
1111 1675 1195 1727 vel
1226 1673 1533 1744 quamlibet
1567 1681 1784 1745 partem
1805 1693 1999 1730 earum
2021 1676 2106 1730 in-
2129 1688 2175 1748 Β
2259 1679 2505 1745 primam
2517 1679 2676 1744 ﬁdem
2707 1679 3107 1741 custodiunt,et
3125 1679 3228 1745 qui
3250 1680 3374 1745 post
3399 1678 3568 1744 lapsus
3586 1675 3646 1726 ad
3656 1692 3730 1742 pa:-

518 1766 797 1822 tellexisse
833 1780 892 1818 se
930 1767 1110 1834 putat,
1157 1763 1237 1816 ita
1265 1768 1330 1816 ut
1377 1779 1443 1817 eo
1492 1763 1777 1819 intellectu
1799 1771 1816 1794 ⁸
1842 1765 2009 1819 ﬁdem
2053 1771 2110 1819 et

515 1854 799 1928 geminam
839 1851 1174 1906 charitatem
1217 1850 1318 1904 Dei
1347 1856 1404 1905 et
1446 1851 1683 1922 proximi
1712 1869 1824 1907 non
1853 1854 2106 1919 aediﬁcet,

521 1943 770 1999 nondum
799 1940 1028 1996 omnino
1059 1939 1351 1995 intellexit.
1384 1939 1454 1993 Et
1481 1940 1529 1994 si
1571 1957 1636 1994 ex
1670 1941 1806 2012 ipsis
1835 1943 1936 1996 Dei
1967 1943 2111 1998 Scri-

518 2032 700 2104 pturis
723 2033 843 2102 jam
883 2029 1051 2084 ﬁdem
1099 2028 1365 2098 percepit,
1397 2034 1455 2082 et
1483 2028 1683 2098 diligit,
1718 2029 1860 2084 bene
1891 2031 2109 2102 agendo

519 2120 708 2186 efﬁcit,
741 2124 808 2173 ut
833 2117 1003 2171 etiam
1030 2121 1219 2186 speret
1236 2115 1306 2168 ad
1335 2114 1393 2168 id
1421 2116 1569 2186 quod
1597 2116 1781 2186 diligit
1801 2119 2107 2189 pervenire.

517 2210 716 2280 Itaque
743 2207 854 2261 tria
884 2206 1000 2261 haec
1025 2209 1176 2268 sunt,
1210 2203 1412 2274 quibus
1440 2203 1622 2258 omnis
1647 2205 1880 2261 scientia
1906 2213 1963 2262 et
1982 2225 2112 2279 pro-

519 2297 711 2370 phetia
737 2294 943 2349 militat
988 2291 1049 2346 in
1089 2292 1193 2346 hac
1234 2291 1366 2344 vita.
1402 2291 1510 2346 Sed
1543 2292 1671 2346 ﬁdei
1710 2295 1958 2348 succedit
1986 2313 2113 2367 spe-

520 2386 634 2440 cies
656 2385 682 2424 ι)
712 2383 846 2438 olim
876 2381 1109 2443 credita,
1135 2396 1305 2450 quam
1323 2379 1632 2434 videbimus
1657 2381 1822 2436 sicuti
1848 2390 1932 2438 est
1961 2401 1974 2451 ;
1997 2385 2115 2456 spei

521 2491 652 2528 vero
677 2471 924 2528 succedit
953 2468 1239 2523 beatitudo
1290 2468 1413 2539 ipsa
1465 2468 1537 2522 ad
1580 2486 1751 2540 quam
1789 2475 2114 2542 perventuri

521 2577 717 2618 sumus
739 2578 750 2614 :
773 2558 1018 2614 charitas
1043 2561 1233 2610 autem
1257 2556 1377 2610 istis
1401 2556 1797 2614 decedentibus
1818 2561 2116 2631 augebitur

521 2651 731 2723 potius.
765 2648 823 2704 Si
868 2647 1019 2702 enim
1056 2645 1332 2700 credendo
1381 2645 1666 2716 diligimus
1715 2666 1837 2719 quae
1866 2651 2114 2704 nondum

523 2740 794 2803 videmus,
840 2739 1051 2806 quanto
1096 2733 1274 2804 magis
1324 2751 1452 2788 cum
1504 2735 1690 2790 videre
1744 2739 2115 2808 cmperimus!

525 2829 594 2884 Et
629 2829 679 2883 si
707 2825 949 2882 amando
982 2839 1275 2895 speramus
1314 2839 1424 2893 quo
1455 2825 1701 2878 nondum
1734 2827 2112 2896 pervenimus,

523 2922 733 2990 quanto
756 2914 935 2985 magis
959 2929 1086 2968 cum
1111 2918 1441 2983 perventum
1461 2910 1658 2990 fuerit!
1683 2914 1949 2984 quoniam
1980 2933 2116 2986 prae-

2263 1767 2561 1819 nitenliam
2581 1767 2835 1820 redeunt.

2268 1851 2314 1908 1.
2331 1852 2477 1906 Hinc
2498 1869 2633 1908 sane
2663 1871 2764 1924 per
2791 1854 3092 1908 Jeremiam
3132 1852 3408 1907 Dominus
3440 1853 3508 1906 ad
3527 1851 3731 1906 Hiems:-

2193 1941 2304 1994 lem
2324 1943 2674 1996 :Recordatus
2702 1959 2827 1996 sum
2843 1945 2945 2009 tui,
2964 1941 3170 2014 inquit,
3188 1949 3464 1996 miserans
3479 1942 3727 1994 adolescen-

2194 2032 2331 2083 tiam
2361 2035 2539 2097 tuam,
2553 2036 2601 2084 et
2616 2032 2943 2085 charitatem
2961 2032 3398 2100 desponsationis
3421 2035 3534 2093 tuas,
3558 2027 3726 2097 quando

2193 2122 2374 2171 secuta
2402 2134 2454 2170 es
2483 2133 2570 2171 me
2597 2120 2660 2171 in
2687 2119 2890 2172 deserto
2909 2120 3035 2185 (Jer.
3055 2132 3116 2183 II,
3148 2117 3306 2186 2).Et
3335 2117 3580 2185 deinceps
3602 2133 3612 2166 :
3633 2115 3733 2169 San-

2195 2210 2311 2260 ctus
2332 2207 2502 2259 Israel
2537 2208 2766 2260 Domino
2784 2209 3054 2275 primitias
3074 2208 3317 2274 frugum
3348 2208 3462 2274 ejus
3492 2204 3645 2274 (Ibid,
3670 2199 3723 2271 3).

2195 2293 2408 2357 Quibus
2430 2294 2674 2364 profecto
2684 2294 2864 2349 verbis
2883 2294 3278 2364 gloriosiorem
3299 2293 3539 2347 insinuat
3549 2290 3731 2344 charita-

2197 2388 2311 2436 tem
2339 2381 2484 2435 circa
2517 2389 2967 2453 perseverantem
2991 2383 3263 2448 animam,
3298 2383 3457 2452 cujus
3480 2379 3731 2434 adolescen-

2196 2471 2334 2525 tiam
2361 2471 2634 2524 miserans
2659 2471 2930 2526 Dominus
2946 2471 3114 2526 etiam
3136 2487 3268 2524 cum
3285 2472 3442 2541 lapsa
3461 2469 3730 2523 fueritamo-

2196 2576 2316 2613 rem
2328 2559 2774 2630 desponsationis
2797 2561 2845 2630 ej
2856 2579 2919 2615 us
2940 2561 3290 2614 recordatur.
3311 2561 3519 2614 Tenera
3537 2556 3727 2629 quidem,

2197 2652 2253 2702 et
2280 2647 2456 2702 dulcis
2477 2653 2560 2701 est
2584 2648 2827 2702 charitas
2857 2649 3163 2720 virginalis,
3189 2647 3466 2719 praecipue
3491 2647 3540 2700 in
3563 2645 3730 2716 spirita-

2197 2736 2362 2800 libus,
2395 2736 2488 2790 ubi
2515 2737 2939 2792 soladilectione
2968 2754 3208 2809 sponsus
3233 2745 3292 2792 et
3313 2737 3496 2791 anima
3521 2735 3732 2788 {cederen-

2197 2830 2308 2879 tur.
2343 2826 2716 2896 Comparatur
2743 2826 2894 2880 enim
2933 2826 3123 2880 anima
3151 2832 3351 2880 sancta
3379 2823 3617 2896 primitiis
3640 2821 3726 2874 fru-

2195 2929 2329 2983 gum
2361 2931 2483 2985 quae
2523 2913 2759 2968 Domino
2798 2920 3229 2985 consecrantur;
3270 2921 3329 2968 et
3356 2913 3476 2967 ideo
3510 2929 3541 2966 a
3574 2924 3728 2982 sponso

523 3006 698 3061 entis
733 3005 859 3058 vita:
895 3002 1060 3065 bona,
1093 3000 1239 3054 sicut
1274 3016 1401 3053 cum
1432 3016 1544 3054 non
1575 3001 1853 3056 habentur
1880 3003 1938 3056 in
1965 3003 2112 3058 desi-
2129 2997 2174 3066 C
2195 3007 2518 3056 tamtenere
2547 3002 2800 3074 diligitur
2819 3003 3210 3074 virginitas,ut
3231 3010 3531 3074 sequantur
3551 3013 3726 3068 agnum,

524 3095 681 3149 derio
708 3098 858 3157 sunt,
891 3091 970 3144 ita
1011 3088 1258 3159 profecto
1310 3087 1504 3141 habita
1539 3105 1666 3142 mox
1720 3097 2016 3146 vertuntur
2057 3092 2114 3146 in

523 3181 810 3237 fastidium
837 3200 849 3234 :
871 3176 1118 3231 ccelestia
1144 3191 1274 3228 vero
1294 3181 1352 3229 et
1369 3175 1729 3246 sempiterna,
1759 3196 1789 3232 e
1810 3180 2108 3248 contrario,

526 3287 653 3324 cum
679 3285 791 3323 non
819 3265 1112 3327 habentur,
1143 3263 1368 3317 fastidio
1381 3270 1530 3330 sunt,
1564 3271 1619 3319 et
1647 3284 1773 3321 cum
1807 3269 2116 3340 percipiun-

524 3365 640 3427 tur,
671 3375 874 3429 magno
901 3357 958 3410 in
987 3354 1286 3410 desiderio.
1320 3355 1428 3409 Sed
1457 3355 1740 3411 interdum
1766 3359 1896 3429 quia
1923 3377 2023 3430 per
2050 3362 2117 3413 ﬁ-

527 3451 676 3514 dem,
699 3447 887 3520 qualia
912 3449 1044 3500 sunt
1062 3443 1386 3510 creduntur,
1405 3443 1464 3498 in
1493 3461 1590 3515 spe
1605 3445 1745 3514 jam,
1765 3447 1897 3517 quin
1909 3448 2119 3502 donata

526 3545 659 3596 sunt
676 3536 856 3602 nobis,
883 3533 1188 3599 habentur;
1211 3531 1404 3586 habita
1422 3549 1552 3587 vero
1574 3533 1889 3604 diliguntur
1908 3541 1964 3589 et
1983 3554 2119 3607 pra:-

525 3631 843 3700 gustantur.
875 3624 984 3678 Pro
1012 3637 1252 3693 quorum
1278 3621 1574 3676 dilectione
1603 3623 1790 3676 omnia
1829 3625 2119 3694 praesentis

526 3717 652 3771 vitae
672 3731 784 3770 non
804 3712 989 3766 minus
1013 3725 1284 3781 prospera
1303 3726 1473 3779 quam
1494 3710 1729 3764 adversa
1747 3717 2118 3768 contemnun-

527 3810 639 3870 tur,
661 3807 881 3858 tantum
903 3805 968 3854 ut
986 3799 1083 3852 illa
1094 3796 1492 3868 adipiscantur.
1511 3799 1774 3853 Omnium
1797 3817 1928 3870 ergo
1949 3801 2120 3856 virtu-

527 3901 650 3948 tum
679 3889 1070 3947 instrumentis
1085 3890 1264 3941 utitur
1282 3885 1548 3954 charitas,
1577 3893 1633 3940 et
1661 3887 1784 3958 ipsa
1811 3894 1944 3942 sunt
1967 3890 2120 3961 ligna

527 3998 651 4054 quae
679 3982 1071 4050 supponuntur
1091 3975 1146 4028 in
1169 3973 1435 4045 pabulum
1447 3975 1719 4029 Dominici
1739 3976 1904 4046 ignis.
1937 3982 2002 4032 ut
2020 3995 2120 4034 nu-

527 4070 734 4125 triatur
753 4068 812 4122 in
832 4064 1222 4120 altari.Altare
1243 4079 1376 4132 ergo
1394 4062 1531 4116 illud
1544 4063 1896 4119 Dominicum
1917 4083 2118 4139 corpus

525 4164 629 4224 est,
655 4159 770 4212 Deo
787 4154 939 4209 Patri
959 4151 1095 4208 satis
1115 4150 1402 4222 placabile,
1415 4150 1472 4204 in
1495 4168 1603 4221 quo
1623 4159 1824 4206 cuncta
1835 4155 2118 4212 offerimus

526 4251 674 4311 vota,
707 4250 765 4298 et
791 4241 1079 4297 charitatis
1107 4239 1239 4309 igne
1263 4245 1603 4293 cremantur.
1635 4241 1899 4312 Alioquin
1928 4244 2116 4314 ignem

2197 3091 2512 3162 quicunque
2537 3107 2662 3145 eam
2689 3091 2966 3162 integram
2996 3091 3387 3162 illibatamque
3424 3086 3720 3148 servaverint,

2195 3195 2525 3251 quocunque
2556 3179 2702 3236 ierit.
2730 3179 2994 3251 Alioquin
3013 3181 3217 3235 animae
3249 3197 3373 3251 qua:
3395 3176 3636 3233 corruerit
3654 3189 3725 3244 per

2197 3269 2406 3322 Joelem
2444 3261 2650 3322 dicitur
2678 3285 2690 3321 :
2723 3271 3050 3323 Lamentare
3079 3271 3152 3322 ad
3210 3286 3294 3321 me
3332 3284 3489 3336 super
3533 3279 3726 3334 sponsam

2193 3359 2550 3425 praecinctum
2569 3373 2717 3411 sacco
2743 3359 2807 3410 in
2834 3359 3020 3411 virum
3053 3361 3168 3424 ejus
3196 3359 3520 3424 virginalem
3543 3354 3668 3421 (1οεί,
3695 3363 3721 3412 ι,

2197 3441 2277 3513 8),
2307 3444 2500 3499 dolens
2521 3461 2666 3512 eam,
2685 3461 2750 3498 eo
2781 3445 2929 3516 quod
2957 3445 3026 3499 de
3041 3452 3156 3499 tam
3186 3444 3349 3498 bonis
3369 3442 3631 3498 decidisset
3648 3453 3726 3490 me-

2200 3531 2354 3599 ritis;
2390 3533 2469 3587 ita
2497 3539 2562 3587 ut
2587 3533 2716 3586 odia
2756 3533 3135 3592 contraheret.
3170 3551 3274 3605 pro
3323 3531 3536 3604 ﬂagitiis
3569 3526 3724 3582 habens

2201 3621 2533 3676 offendicula
2560 3621 2915 3679 delictorum.
2937 3623 3208 3676 Hortatur
3236 3640 3388 3694 ergo,
3419 3621 3522 3674 imo
3550 3614 3724 3670 mandat

2200 3727 2436 3780 sponsus
2461 3711 2609 3781 apud
2640 3727 2699 3764 se
2721 3728 2819 3781 pro
2849 3727 2917 3765 ea
2945 3712 3193 3765 lamenta
3222 3712 3470 3774 fundere,
3501 3707 3574 3760 vel
3600 3703 3722 3758 etiam

2199 3797 2379 3868 ipsam
2407 3800 2674 3870 plangere
2698 3799 2976 3866 animam;
2997 3800 3143 3854 unde
3167 3805 3224 3854 et
3252 3805 3443 3854 nostra
3462 3797 3724 3863 interpreta-

2202 3887 2280 3940 tio
2306 3891 2506 3956 plange
2536 3887 2722 3954 habet,
2783 3891 2946 3957 quasi
2972 3891 3126 3957 virgo
3168 3891 3414 3942 accincta
3453 3899 3583 3939 sacco
3605 3892 3722 3946 super

2201 3978 2388 4029 virum
2413 3979 2718 4044 pubertatis
2739 3993 2868 4030 suae.
2890 3977 3093 4047 Utique
3111 3977 3247 4048 quia
3269 3993 3369 4048 pro
3384 3969 3634 4028 maleﬁciis
3639 3967 3721 4034 jam

2201 4080 2439 4135 sponsus
2466 4064 2753 4134 virginalis
2803 4064 3059 4120 Christus
3096 4066 3442 4120 abscesserat
3481 4061 3542 4116 ab
3575 4075 3628 4112 ea
3655 4052 3720 4125 qui

2199 4152 2374 4207 dixit:
2403 4152 2679 4220 Sponsabo
2703 4159 2749 4207 te
2778 4155 2921 4207 mihi
2948 4158 3009 4207 in
3036 4157 3156 4222 ﬁde,
3177 4159 3240 4208 in
3251 4154 3472 4224 justitia
3496 4155 3537 4203 et
3562 4144 3719 4198 miseri-

2199 4243 2386 4294 cordia
2404 4241 2535 4307 (Ose.
2570 4257 2632 4308 II,
2661 4241 2890 4310 ‘19).Sed
2921 4242 3052 4313 quia
3087 4243 3331 4313 primam
3351 4229 3719 4310 desponsationis

527 4304 775 4389 alienum
804 4331 898 4402 qui
931 4304 1212 4393 obtulerit,
1233 4326 1738 4397 concupiscentiam
1766 4304 1982 4386 scilicet
2000 4304 2183 4387 car-D
2201 4333 2368 4386 ﬁdem
2385 4304 2604 4387 irritam
2621 4304 2777 4398 vfecit,
2808 4339 2865 4387 et
2893 4304 3227 4404 sanguinem
3256 4304 3558 4388 testamenti
3584 4324 3716 4396 pollu—

526 4424 632 4489 nis,
665 4438 791 4477 cum
811 4418 1008 4474 Nadab
1033 4423 1091 4471 et
1109 4415 1253 4470 Abiu
1282 4414 1512 4486 peribit;
1539 4416 1672 4486 quia
1700 4417 1846 4488 ignis
1861 4419 1966 4474 iste
2007 4439 2118 4476 coe-

526 4512 683 4567 lestis
711 4516 816 4575 est,
849 4514 906 4563 et
928 4523 1041 4562 non
1069 4504 1297 4560 aliunde
1322 4523 1335 4571 ;
1361 4520 1542 4574 neque
1566 4504 1699 4558 alibi
1727 4523 1895 4576 quam
1926 4525 1989 4561 ex
2013 4509 2121 4564 vir-

525 4600 740 4655 tutibus
761 4605 818 4652 et
836 4599 895 4652 in
916 4595 1138 4652 Christo
1157 4592 1594 4648 nutritur.Mane
1619 4592 1793 4664 igitur
1813 4612 1878 4649 ac
1893 4613 2120 4669 vespere

525 4688 681 4758 ligna
707 4691 1101 4757 supponuntur
1118 4683 1177 4738 in
1200 4681 1467 4754 pabulum
1494 4688 1700 4737 sanctae
1720 4684 2030 4754 charitatis,
2057 4695 2122 4742 ut

527 4774 724 4828 ardeat
745 4773 956 4843 jugiter
973 4772 1030 4826 in
1055 4771 1238 4837 altari,
1267 4770 1489 4842 quando
1519 4787 1620 4841 per
1641 4771 1969 4828 charitatem
1993 4776 2118 4829 reli-

526 4879 651 4934 qua“:
677 4861 910 4914 virtutes
934 4865 1257 4931 operantur.
1275 4859 1372 4914 Sin
1397 4859 1537 4913 alias
1567 4860 1960 4931 exstinguitur,
1987 4864 2118 4935 quia

525 4949 770 5006 chhritas
790 4962 1076 5017 nunquam
1093 4953 1178 5001 est
1197 4948 1393 5001 otiosa.
1419 4948 1733 5019 Suppositis
1753 4965 1886 5020 ergo
1906 4951 2119 5006 virtuti-

525 5038 627 5094 bus
653 5037 814 5092 ardet
838 5034 897 5088 in
925 5034 1165 5098 Christo,
1199 5040 1255 5088 et
1281 5041 1416 5090 tunc
1436 5037 1662 5090 demum
1698 5038 1887 5092 omnia
1923 5047 2117 5095 nostra

522 5127 784 5193 vota,hoc
811 5124 941 5194 igne
970 5129 1343 5190 concremata,
1366 5125 1509 5179 ﬁunt
1535 5131 1762 5197 accepta
1779 5127 1913 5182 Deo.
1930 5128 2110 5195 Finis,

522 5217 606 5271 ait
622 5213 939 5287 Apostolus,
953 5212 1225 5280 praecepti,
1239 5212 1480 5266 charitas
1498 5215 1561 5268 de
1582 5216 1738 5269 corde
1758 5232 1903 5284 puro
1923 5223 1972 5271 et
1992 5235 2115 5273 con-

523 5307 753 5360 scientia
774 5318 885 5357 non
914 5303 1039 5370 ficta
1060 5299 1109 5369 (Ι
1127 5300 1264 5353 Tim.
1288 5299 1414 5366 1,5).
1439 5301 1511 5354 De
1530 5303 1704 5368 corde,
1727 5302 1930 5374 inquit,
1946 5323 2109 5375 puro,

521 5398 586 5450 ut
600 5391 739 5448 nihil
751 5389 904 5445 aliud
923 5404 1092 5461 quam
1109 5386 1167 5442 id
1188 5386 1337 5459 quod
1350 5385 1698 5458 diligendum
1713 5395 1798 5446 est
1815 5391 2108 5465 diligatur:

591 5507 617 5541 ι
640 5495 824 5565 Edit.,
856 5512 913 5552 eo
943 5497 1233 5553 intellecto.

2198 4428 2322 4476 tum
2365 4422 2542 4491 duxit,
2569 4421 2801 4492 jubetur
2830 4422 3095 4492 plangere
3123 4421 3372 4476 accincta
3404 4431 3564 4482 sacco,
3596 4421 3718 4479 ευριπ

2197 4510 2380 4565 virum
2408 4509 2718 4582 pubertatis
2747 4527 2880 4576 suae,
2909 4510 3174 4581 quoniam
3205 4509 3419 4564 ablatus
3449 4511 3526 4559 est
3550 4501 3608 4556 ei.
3628 4499 3714 4552 lam

2201 4599 2350 4653 enim
2379 4615 2491 4652 non
2519 4604 2605 4652 est
2633 4598 2818 4652 mollis
2849 4604 2906 4652 et
2942 4605 3156 4663 tenera,
3194 4598 3397 4652 idcirco
3425 4593 3572 4648 debet
3601 4587 3716 4657 plan-

2199 4703 2332 4758 gere
2358 4675 2655 4758 praacincta
2683 4704 2872 4754 sacco;
2901 4688 3149 4758 alioquin
3179 4688 3227 4741 si
3251 4686 3423 4740 foedus
3450 4670 3713 4749 virginitatis

2199 4781 2492 4842 servasset,
2518 4793 2621 4830 nec
2634 4776 2871 4847 lugeret,
2895 4793 2998 4830 nec
3014 4775 3084 4830 ab
3109 4794 3175 4830 ea
3190 4791 3421 4847 sponsus
3440 4764 3712 4825 recessisset.

2198 4865 2342 4919 Hinc
2369 4864 2640 4919 Dominus
2664 4865 2723 4918 in
2770 4865 3069 4936 Evangelio
3097 4879 3110 4914 :
3144 4865 3265 4920 Non
3303 4863 3528 4932 possunt,
3557 4847 3710 4920 inquit.

2199 4957 2382 5021 lugere
2411 4956 2520 5021 ﬁlii
2538 4970 2741 5022 sponsi,
2767 4955 3018 5022 quandiu
3044 4970 3169 5008 cum
3188 4955 3302 5008 illis
3321 4964 3528 5020 sponsus
3549 4947 3608 4996 est
3627 4956 3639 4988 :
3657 4952 3713 4989 vc-

2198 5044 2311 5096 niet
2339 5048 2521 5095 autem
2553 5047 2760 5110 tempus
2789 5058 2915 5095 cum
2941 5047 3231 5108 auferetur
3257 5042 3324 5094 ab
3356 5041 3426 5091 cis
3450 5043 3651 5104 sponsus,
3676 5025 3709 5074 El

2198 5135 2332 5183 tunc
2347 5133 2428 5198 jej
2435 5145 2464 5182 τι
2474 5130 2687 5184 nahunt
2699 5146 2762 5184 ac
2775 5132 3036 5197 lugebunt
3053 5131 3243 5195 (:llarc.
3263 5146 3318 5192 ιι,
3347 5127 3444 5195 l9).
3468 5114 3710 5207 Habet

2197 5234 2305 5289 que
2324 5217 2514 5271 anima
2532 5217 2786 5272 laetitiam
2810 5224 2867 5272 et
2889 5218 3316 5272 exsultationem
3336 5228 3499 5273 suam.
3515 5199 3704 5279 quandi“

2195 5288 2323 5362 cum
2352 5323 2420 5361 ea
2448 5306 2703 5360 Christus
2731 5311 2850 5374 est;
2884 5305 3017 5378 quia
3060 5306 3182 5360 dies
3236 5309 3364 5359 sunt
3403 5299 3644 5372 epularum
3664 5288 3705 5339 εί

2195 5394 2512 5451 retectionis
2549 5411 2616 5448 ac
2659 5394 2870 5466 gaudii.
2923 5395 3180 5468 Suscepit
3211 5393 3356 5450 enim
3382 5387 3537 5446 fcedus
3559 5389 3702 5454 perPe'

2267 5503 2293 5544 ι’
2321 5500 2494 5572 Editi,
2517 5517 2655 5572 spes.
