4000 6170
192 239 203 247 ·
312 218 453 277 1481

1196 218 1291 275 DE
1327 217 1513 287 FIDE,
1554 218 1684 275 SPE
1721 218 1809 274 ET
1846 214 2277 273 CHARITATE.
2316 242 2383 259 --
2419 214 2558 270 LIB.
2598 215 2699 271 III.

3430 220 3575 282 4482

299 349 470 401 tuum
488 343 897 409 aDeo,idcirco
909 341 1124 397 deliciis
1138 343 1339 411 afﬂuit;
1362 344 1571 399 fruitur
1587 344 1899 399 caelestium
1916 342 2104 403 Atum
2136 340 2281 410 (Luc.
2330 354 2426 407 vn,
2456 340 2573 409 47).
2602 341 2682 395 Ex
2727 358 2838 413 quo
2875 347 3050 414 patet,
3077 346 3228 417 quod
3263 359 3289 391 ο
3327 348 3574 407 charitas

299 434 703 489 alimentorum
733 432 929 504 copiis,
961 431 1272 486 inebriatur
1299 433 1428 487 vino
1452 450 1562 503 quo
1592 433 1761 487 corda
1778 449 1904 487 san-

299 528 522 578 ctorum
540 522 924 589 laetiﬁcantur;
950 520 1049 575 sed
1067 527 1432 593 posteaquam
1455 538 1723 592 sponsum
1742 521 1903 576 factis

303 611 498 666 amisit
541 611 678 677 suis,
724 609 957 681 jubetur
996 610 1057 664 in
1085 609 1260 664 cilicio
1290 620 1641 681 peccatorum
1672 626 1904 665 suorum

303 717 476 772 agere
505 698 915 771 paenitentiam,
964 703 1023 752 et
1073 698 1279 753 deﬂere
1317 699 1676 769 semetipsam
1705 706 1741 764 ',
1775 699 1906 769 quia

302 788 556 860 perdidit
583 788 784 854 virum,
817 793 875 842 et
903 787 1113 858 sprevit
1140 804 1263 841 eam
1286 804 1526 858 sponsus
1556 793 1786 859 propter
1804 788 1907 842 fce-

303 878 515 932 ditates
543 878 684 948 ejus,
721 877 817 947 qui
871 892 986 930 non
1015 877 1194 931 solum
1221 877 1495 931 dilexerat
1523 877 1677 931 illam
1706 878 1903 947 gratis,

304 983 505 1020 verum
532 965 830 1020 cruciﬁxus
873 970 960 1019 est
1002 981 1103 1036 pro
1133 981 1219 1019 ea.
1250 965 1411 1020 Unde
1458 970 1516 1020 et
1563 983 1597 1020 a
1635 966 1906 1037 principio

306 1056 503 1111 anima
530 1052 850 1125 l’cujusque
890 1053 1232 1124 virginalem
1268 1054 1394 1109 vitae
1440 1071 1553 1109 suae
1600 1056 1795 1110 ﬂorem
1838 1056 1907 1110 de

310 1145 470 1200 fonte
502 1143 723 1199 Christo
753 1141 1021 1209 dicavit‘;
1055 1143 1152 1196 sed
1180 1158 1307 1197 cum
1338 1143 1411 1197 ad
1436 1143 1772 1213 ignominias
1801 1145 1909 1199 hu-

304 1236 405 1305 jus
431 1233 617 1289 saiculi
641 1249 703 1286 se
732 1231 977 1296 divertit,
1001 1232 1254 1302 neglecto
1278 1232 1408 1285 fidei
1438 1249 1551 1287 suae
1576 1239 1758 1304 pacto,
1783 1251 1911 1287 mox

309 1321 653 1394 virginitatis
668 1337 782 1375 sua;
797 1337 1064 1392 sponsum
1085 1320 1348 1391 perdidit,
1364 1326 1421 1375 et
1441 1320 1664 1375 diabolo
1685 1323 1911 1393 suisque

310 1411 502 1484 pravis
522 1410 784 1482 operibus
812 1426 872 1464 se
892 1409 1136 1474 miscuit,
1163 1410 1253 1464 cui
1282 1410 1705 1464 renuntiaverat
1732 1409 1909 1480 prius.

385 1499 440 1557 2.
464 1500 679 1554 Tamen
699 1498 1014 1553 misericors
1035 1498 1307 1552 Dominus
1327 1513 1429 1551 nec
1441 1498 1521 1552 sic
1550 1498 1761 1551 deserit
1787 1496 1917 1550 ani-

1983 429 2300 484 animarum
2318 430 2477 501 quasi
2491 429 2634 484 alter
2648 429 2890 502 baptism
2897 449 2961 487 us
2972 434 3150 489 est.Et
3161 434 3209 489 si
3220 440 3307 491 est
3316 436 3376 492 in
3387 445 3575 494 mente

1984 518 2133 573 unde
2147 518 2465 574 cecidimus.
2479 524 2541 573 ut
2556 519 2689 590 quid
2706 520 2894 590 priora
2917 539 3088 593 opera
3100 540 3268 595 agere
3283 525 3569 595 jubemur,

1985 607 2095 661 nisi
2121 613 2185 661 ut
2212 624 2311 678 per
2336 624 2459 661 eam
2490 608 2825 663 charitatem
2857 611 2928 664 ad
2959 612 3361 681 earedeamus,
3393 632 3429 669 a
3456 617 3578 687 qui-

1984 694 2088 749 bus
2108 696 2264 766 prius
2286 696 2630 750 decidimus?

2045 785 2110 865 .3.
2147 787 2256 840 Sed
2283 792 2400 840 tam
2430 787 2673 841 multum
2701 788 2873 842 distat
2917 789 3068 844 inter
3097 791 3339 863 primam
3381 799 3441 848 et
3461 811 3580 850 cor-

1988 879 2213 946 ruptam
2242 875 2442 929 animaa
2468 876 2821 942 charitatem,
2852 883 3019 949 atque
3049 879 3353 947 inteream,
3389 900 3581 954 quam-

1989 965 2072 1018 vis
2100 969 2158 1018 et
2184 964 2307 1035 ipsa
2352 964 2427 1018 sit
2472 982 2588 1018 una
2619 966 2925 1037 eademque
2974 967 3236 1035 Charitas,
3289 987 3414 1042 quae
3451 977 3581 1043 post

1990 1053 2207 1124 lapsum
2228 1053 2427 1107 animae
2447 1054 2817 1121 reformatur;
2847 1057 3300 1128 quandoquidem
3328 1076 3432 1114 nec
3458 1077 3581 1132 spe-

1991 1143 2143 1196 ciosa
2158 1142 2380 1196 videtur
2397 1143 2607 1209 anima,
2623 1160 2745 1214 quae
2766 1144 2883 1199 suis
2892 1145 3213 1200 defuscatur
3230 1147 3578 1217 criminibus,

1992 1231 2097 1285 etsi
2126 1232 2364 1285 multum
2395 1231 2594 1301 diligat
2617 1233 2793 1287 Deum
2820 1252 2833 1299 ;
2874 1233 3011 1303 quia
3045 1235 3188 1290 sicut
3217 1237 3447 1307 quidam
3477 1255 3583 1294 au-

1991 1321 2189 1375 denter
2216 1320 2297 1375 ait
2328 1339 2339 1374 :
2373 1320 2513 1375 Cum
2530 1321 2644 1375 Deo
2672 1320 2896 1392 loquor;
2930 1339 3057 1376 cum
3076 1324 3225 1378 Deus
3245 1326 3434 1380 omnia
3453 1343 3583 1397 pos-

1994 1408 2085 1474 sit,
2119 1409 2389 1463 suscitare
2429 1408 2705 1478 virginem
2752 1410 3062 1480 quamlibet
3104 1419 3426 1484 corruptam
3470 1432 3586 1470 non

1995 1503 2180 1569 potest
2195 1502 2322 1568 post
2343 1497 2585 1551 ruinam.
2618 1498 2812 1551 Potest
2830 1498 3056 1569 quidem
3076 1499 3315 1555 liberare
3336 1518 3371 1555 a
3398 1518 3584 1572 paena,

314 1605 471 1644 mam
501 1587 687 1660 pravis
734 1592 1156 1658 constupratam
1203 1586 1453 1657 ﬂagitiis,
1486 1602 1614 1640 cum
1641 1602 1744 1656 per
1764 1586 1915 1640 Jere-
1936 1656 1972 1660 _
1995 1587 2092 1640 sed
2120 1603 2232 1640 non
2259 1586 2408 1640 valet
2434 1602 2702 1640 coronare
2725 1593 3066 1658 corruptam.
3105 1588 3239 1652 Quae
3274 1590 3545 1645 nimirum
3568 1591 3590 1633 ί

313 1678 492 1733 miam
507 1676 1166 1748 increpatdicens:Frons
1177 1677 1433 1729 mulieris
1448 1677 1754 1729 meretricis
1763 1676 1915 1742 facta
1935 1656 2277 1730 Bsententia
2295 1675 2432 1729 satis
2478 1675 2836 1730 formidolosa
2864 1656 3152 1746 probatur,
3195 1678 3240 1733 si
3289 1679 3431 1734 forte
3460 1697 3594 1735 vera

314 1772 393 1821 est
439 1767 544 1820 tibi
562 1785 580 1831 ,-
636 1768 870 1821 noluisti
919 1766 1245 1819 erubescere.
1279 1765 1422 1832 Ergo
1473 1766 1668 1818 amodo
1722 1767 1916 1818 saltem

314 1871 445 1910 voca
474 1872 600 1910 me:
629 1857 793 1909 Pater:
824 1870 975 1908 meus
1023 1870 1074 1907 es
1113 1859 1193 1920 tu,
1234 1854 1351 1907 dua:
1397 1855 1745 1921 virginitatis
1788 1870 1917 1907 mea:

320 1949 383 1997 tu
411 1959 463 1997 es
484 1945 625 2015 (Jer.
650 1956 733 2007 III,
751 1940 801 2007 3,
817 1939 890 2007 4).
925 1942 1014 2007 Et,
1040 1940 1182 1995 bene
1202 1940 1404 2012 inquit,
1431 1943 1552 1995 dum
1566 1943 1915 2009 virginitatis

318 2048 468 2098 meae,
503 2031 637 2102 quia
666 2030 916 2102 quandiu
945 2030 1103 2100 virgo
1134 2029 1309 2084 voluit
1346 2045 1679 2100 permanere
1708 2029 1916 2095 anima,

319 2120 531 2175 findere
578 2124 796 2175 servato
829 2119 1061 2185 amoris,
1112 2118 1311 2172 ducem
1356 2117 1555 2172 habuit
1591 2117 1915 2185 Christum;

320 2225 432 2280 quo
463 2208 677 2269 relicto,
708 2207 877 2278 coepit
901 2224 1003 2279 per
1049 2212 1332 2278 prairupta
1377 2206 1557 2278 gradi,
1607 2212 1665 2261 et
1704 2208 1776 2261 ad
1804 2207 1923 2261 ima

321 2313 604 2353 corruere.
633 2297 813 2367 Igitur
845 2296 1125 2367 quomodo
1154 2296 1376 2363 mulier,
1410 2296 1457 2350 si
1486 2300 1810 2351 contemnat
1837 2295 1921 2349 vi-

320 2403 470 2454 rum,
504 2385 585 2439 sic
607 2385 944 2456 contempsit
971 2384 1163 2438 infelix
1189 2385 1489 2440 Dominum
1516 2404 1529 2454 ;
1581 2389 1924 2457 quapropter

325 2491 595 2530 revocans
635 2490 762 2528 eam
808 2473 1083 2528 Dominus
1111 2490 1216 2544 per
1242 2474 1573 2545 prophetam
1606 2492 1617 2526 :
1652 2474 1924 2542 Nunquid

326 2566 608 2630 irasceris,
642 2562 849 2634 inquit,
878 2566 941 2617 in
964 2567 1311 2632 perpetuum,
1343 2568 1441 2616 aut
1462 2564 1830 2632 perseverabis
1858 2565 1923 2615 in

1997 1764 2371 1830 convincitur;
2399 1763 2712 1834 praesertim
2733 1781 2861 1818 cum
2882 1765 3142 1833 legimus,
3165 1767 3358 1821 Afrum
3380 1774 3438 1823 et
3452 1769 3592 1823 alias

1998 1851 2443 1924 quamplurimas
2468 1852 2739 1922 martyrio
2769 1858 3086 1908 coronatas.
3106 1854 3265 1908 Unde
3286 1860 3386 1910 aut
3413 1857 3483 1911 de
3504 1874 3593 1911 co-

2000 1959 2140 1997 rona
2158 1940 2448 2011 virginatis
2469 1940 2650 1995 solum
2670 1940 3118 2010 intelligendum,
3142 1948 3243 1997 aut
3260 1950 3411 1998 certe
3427 1945 3593 2000 aliter

2000 2030 2320 2101 legendum,
2352 2045 2521 2099 quam
2545 2028 2723 2082 nostri
2752 2029 2969 2083 codices
2992 2029 3253 2098 habeant,
3276 2037 3342 2086 ut
3359 2032 3435 2087 sit
3462 2050 3592 2089 sen-

2002 2136 2098 2174 sus
2139 2119 2287 2190 quod
2321 2134 2434 2172 non
2464 2118 2646 2172 valeat
2673 2134 2942 2172 coronare
2969 2119 3372 2191 incorruptam.
3405 2124 3596 2179 Manet

2003 2208 2154 2263 enim
2183 2207 2314 2262 facti
2339 2223 2527 2272 causa,
2563 2206 2667 2261 etsi
2709 2224 2918 2261 corona
2939 2208 3210 2264 tribuitur
3246 2228 3348 2282 pro
3395 2213 3597 2268 ardore

2003 2296 2263 2367 deinceps
2312 2312 2531 2366 magnae
2578 2293 2908 2374 dilectionis.
2949 2297 3181 2367 Legitur
3217 2315 3353 2370 ergo
3386 2318 3398 2353 :
3440 2302 3597 2369 Virgo

2004 2388 2176 2441 Israel
2196 2386 2406 2449 cecidit,
2431 2389 2481 2438 et
2502 2400 2613 2438 non
2632 2389 2706 2438 est
2728 2384 2827 2452 qui
2846 2388 3065 2439 suscitet
3091 2403 3211 2441 eam
3237 2388 3419 2452 (Amos
3453 2406 3492 2456 1,
3516 2388 3596 2460 2).

2003 2476 2129 2529 Non
2158 2474 2240 2528 ita
2268 2480 2461 2528 tamen
2502 2472 2934 2542 intelligendum
2982 2475 3131 2545 quod
3160 2476 3349 2532 nullus
3377 2478 3469 2543 sit,
3501 2479 3602 2533 sed

2005 2563 2244 2618 dolentis
2264 2563 2525 2616 affectum
2540 2567 2599 2615 et
2612 2561 2965 2632 implorantis
2983 2563 3082 2616 Dei
3104 2564 3371 2619 auxilium
3385 2576 3433 2631 ς,
3452 2567 3603 2637 quod

328 2656 535 2722 ﬁnem?
562 2653 692 2706 Ecce
704 2655 883 2707 locuta
894 2668 961 2712 es,
987 2656 1037 2705 et
1061 2653 1240 2718 fecisti
1262 2655 1431 2717 mala,
1463 2657 1514 2706 et
1537 2654 1771 2720 potuisti
1788 2650 1920 2720 {Jer.
2005 2668 2171 2705 nemo
2199 2650 2307 2704 nisi
2336 2651 2485 2704 Deus
2512 2649 2872 2721 prostitutam
2897 2651 3074 2721 possit
3098 2652 3395 2722 reerigere,
3430 2654 3603 2708 idem-

328 2758 380 2807 v,
412 2740 491 2807 6).
524 2739 712 2795 Multis
740 2739 957 2793 interea
985 2739 1167 2793 modis
1192 2738 1372 2795 utitur
1400 2757 1584 2794 sermo
1613 2739 1834 2794 divinus
1863 2745 1929 2794 ut
2011 2757 2119 2811 que
2146 2740 2264 2811 ipse
2293 2739 2362 2794 ab
2390 2755 2458 2793 ea
2486 2755 2611 2809 quae
2637 2738 2931 2804 ceciderat,
2966 2740 3204 2810 peccatis
3230 2741 3603 2798 intervenien-

331 2828 600 2883 miseram
620 2832 939 2899 compescat
956 2827 1203 2881 animam
1225 2844 1256 2881 a
1282 2828 1399 2882 suis
1427 2828 1691 2899 ﬂagitiis;
1720 2829 1819 2882 sed
1847 2828 1929 2882 fe-
2010 2831 2311 2895 tibus,erat
2325 2828 2639 2900 prohibitus
2650 2844 2720 2882 ne
2734 2830 2895 2883 ﬁeret
2916 2845 3017 2883 suo
3034 2830 3188 2899 justo
3200 2831 3432 2902 judicio,
3456 2834 3608 2904 quod

330 2918 468 2972 lices
479 2916 577 2989 qui
586 2916 916 2972 charitatem
929 2917 1168 2987 primam
1182 2917 1599 2983 custodiunt,ne
1609 2917 1788 2972 foedus
1802 2917 1932 2972 fidei
2013 2925 2202 2993 posset
2212 2936 2313 2990 per
2323 2917 2655 2989 potentiam.
2670 2918 2935 2987 Alioquin
2956 2919 3234 2988 quomodo
3243 2923 3517 2988 gaudium
3531 2928 3608 2978 est

332 3006 691 3077 irrumpant;
725 3006 891 3060 aliter
907 3010 1115 3070 autem,
1138 3005 1249 3060 nisi
1266 3011 1416 3061 esset
1433 3006 1617 3077 prima
1634 3006 1934 3077 gloriosior
1955 3018 1999 3078 ο
2013 3013 2078 3064 in
2098 3012 2240 3074 calo,
2264 3007 2502 3062 Domino
2532 3010 2854 3073 attestante,
2876 3022 3041 3075 super
3068 3023 3183 3062 uno
3203 3016 3481 3078 peccatore
3502 3027 3610 3080 pm-

336 3113 372 3151 a
401 3094 677 3167 principio
701 3100 1046 3160 conservata,
1069 3111 1426 3166 nequaquam
1448 3095 1689 3166 Spiritus
1708 3100 1935 3149 sanctus
2017 3098 2314 3152 nitentiam
2325 3100 2515 3163 agente
2526 3110 2691 3163 quam
2705 3111 2869 3163 super
2883 3098 3192 3163 nonaginta
3212 3112 3399 3151 novem
3418 3102 3610 3168 justis,

336 3184 402 3239 in
426 3183 764 3255 Apocalypsi
800 3200 904 3254 par
931 3185 1205 3238 Joannem
1245 3185 1445 3255 angelo
1491 3184 1697 3255 Ephesi
1746 3185 1935 3239 Eccle-
2016 3188 2116 3255 qui
2143 3201 2254 3239 non
2286 3185 2534 3250 indigent
2552 3185 2876 3251 paenitentia
2892 3186 3044 3251 (Luc.
3070 3200 3161 3250 xv,
3195 3182 3269 3253 7),
3294 3185 3342 3240 si
3359 3203 3524 3242 nemo
3544 3187 3616 3242 de

335 3273 438 3328 sia;
485 3272 753 3328 scriberet
798 3273 947 3327 inter
985 3277 1185 3328 cmtera
1223 3265 1245 3323 ε’
1267 3272 1371 3328 Sed
1405 3274 1571 3328 habeo
1599 3275 1858 3327 adversus
1888 3278 1936 3326 te
2017 3272 2183 3327 ruina
2222 3276 2406 3342 potest
2451 3270 2636 3324 redire
2665 3270 2735 3324 ad
2776 3271 3055 3339 gloriam?
3105 3274 3265 3336 Quod
3294 3274 3340 3328 si
3372 3276 3615 3347 Spiritus

330 3378 540 3433 pauca,
591 3364 735 3432 quod
774 3363 1102 3417 charitatem
1152 3367 1308 3416 tuam
1356 3366 1612 3431 primam
1659 3363 1939 3430 reliquisti
2019 3366 2245 3416 sanctus
2266 3359 2396 3429 igne
2413 3358 3243 3416 charitatisitaintlammaverit
3261 3363 3619 3420 animamcu-

342 3452 529 3519 (Apoc.
560 3465 624 3516 II,
653 3451 731 3519 4).
781 3451 912 3505 Haec
957 3450 1108 3505 enim
1148 3449 1331 3521 prima
1365 3450 1491 3505 ideo
1532 3450 1755 3516 dicitur,
1806 3449 1939 3521 quia
2013 3450 2279 3520 jusquam
2309 3446 2338 3487 h
2365 3445 2668 3500 sceleribus
2697 3447 3079 3516 prostitutam,
3120 3454 3185 3503 ut
3228 3453 3619 3507 numerosiora

338 3538 525 3593 altera
550 3538 637 3593 vel
664 3539 798 3610 quia
822 3538 1037 3609 sitipsa
1066 3538 1463 3610 primordialis,
1478 3538 1702 3608 quando
1724 3537 1937 3608 Spiritu
2020 3538 2290 3593 virtutum
2319 3552 2489 3607 opera
2519 3551 2618 3589 seu
2649 3537 3037 3606 praestantiora
3067 3537 3235 3594 faciat
3261 3556 3429 3610 quam
3453 3541 3617 3596 fecis-

338 3626 609 3681 sanctoin
621 3627 773 3681 fonte
792 3627 1162 3695 refundimur,
1180 3633 1237 3682 et
1256 3627 1556 3698 praecipua.
1576 3630 1784 3682 Memor
1810 3631 1934 3692 esto,
2020 3633 2105 3681 set
2135 3626 2401 3680 divinitus
2430 3625 2721 3696 inspirata.
2757 3625 2827 3678 Et
2854 3625 2979 3695 quis
3006 3631 3092 3679 est
3119 3627 3214 3698 qui
3242 3629 3503 3695 aestimat,
3519 3628 3618 3684 ubi

338 3714 550 3786 inquit,
576 3717 725 3770 unde
752 3717 1017 3770 excideris
1044 3720 1095 3770 et
1129 3732 1227 3784 age
1250 3719 1635 3784 pauitant-iam
1657 3717 1844 3783 (Ibid.,
1862 3716 1936 3781 5).
2022 3721 2181 3771 tanta
2199 3715 2300 3769 Dei
2322 3714 2742 3786 superabundat
2762 3714 2967 3783 gratia,
2991 3715 3243 3785 quamvis
3260 3716 3417 3788 prius
3438 3718 3617 3773 abun-

338 3804 621 3869 Profecto,
654 3804 789 3875 quia
811 3821 977 3859 nemo
998 3809 1148 3859 recte
1170 3804 1424 3875 pmnitet,
1457 3804 1566 3858 nisi
1588 3802 1743 3875 prius
1771 3803 1939 3857 intel-
2023 3806 2226 3860 darent
2255 3804 2478 3867 delicta,
2522 3803 2619 3875 qui
2646 3802 2884 3873 gratiam
2917 3803 3089 3869 dedit,
3124 3805 3273 3875 quod
3300 3822 3414 3860 non
3442 3807 3622 3878 possit

339 3892 491 3963 ligat
516 3893 900 3947 excellentiam
925 3893 1237 3958 charitatis,
1262 3898 1319 3947 et
1335 3893 1577 3964 gratiam
1609 3909 1775 3964 quam
1808 3892 1945 3946 ami—
2025 3910 2451 3965 recompensare
2498 3891 2780 3946 laboribus
2823 3893 3174 3947 mercedem?
3218 3894 3427 3950 Tamen
3479 3895 3620 3952 adeo

340 3981 443 4046 sit,
507 3997 682 4052 quove
728 3980 1063 4052 pervenerit,
1112 3986 1178 4035 ut
1223 3987 1409 4052 portet
1445 3982 1785 4036 confusionis
1830 3998 1945 4036 suae
2028 4000 2140 4039 non
2169 3988 2254 4037 est
2281 3981 2531 4054 speciosa
2559 3980 2802 4035 charitas
2830 3981 2889 4035 in
2917 3981 3107 4036 anima
3134 3981 3459 4051 laborantis,
3495 4002 3621 4056 quae
3673 4040 3675 4042 .

340 4070 738 4140 ignominiam,
796 4074 853 4125 et
894 4069 1135 4142 respiret
1188 4070 1259 4124 ad
1315 4088 1382 4125 ea
1439 4088 1562 4142 quae
1605 4070 1811 4125 amisit.
1857 4070 1949 4125 Sic
2028 4079 2245 4127 tantam
2288 4075 2477 4142 portat
2517 4069 2899 4124 confusionem
2942 4069 3012 4124 ob
3054 4070 3516 4141 recordationem,
3565 4081 3625 4129 et

344 4160 582 4215 demum
604 4164 823 4229 priora,
854 4160 1059 4230 inquit,
1093 4175 1256 4229 opera
1297 4166 1391 4214 tua
1418 4162 1527 4228 fac.
1567 4160 1636 4215 Et
1665 4177 1787 4230 quae
1816 4163 1949 4214 sunt
2030 4160 2277 4232 pristinae
2297 4160 2553 4231 disrupta
2571 4158 2864 4213 charitatis
2892 4158 3119 4213 foedera.
3143 4159 3302 4215 Unde
3319 4161 3425 4216 etsi
3446 4162 3624 4233 magis

343 4232 526 4320 opera
577 4249 787 4320 priora,
840 4248 950 4303 nisi
992 4248 1346 4315 dilectionis,
1405 4253 1470 4303 ut
1522 4254 1703 4303 servet
1759 4248 2014 4356 omniaD
2025 4251 2145 4321 jam
2175 4250 2379 4319 ﬂagrat
2398 4248 2455 4301 in
2487 4247 2675 4302 animo
2704 4248 2905 4301 ardore
2938 4248 3270 4316 dilectionis,
3290 4232 3627 4320 jureidolet

345 4337 655 4393 mandata?
682 4339 817 4403 Quae
841 4338 1111 4392 nimirum
1130 4354 1303 4409 Opera
1320 4337 1608 4391 charitatis
1629 4336 1949 4405 intelligun-
1967 4336 2013 4356 ν
2031 4355 2132 4410 pro
2163 4336 2486 4392 confusione
2516 4337 2604 4391 sui
2634 4341 2845 4391 reatus.
2877 4336 3021 4391 Hinc
3039 4353 3172 4406 ergo
3188 4339 3459 4409 cujusque
3474 4345 3626 4394 recte

345 4433 488 4494 tur;
535 4426 650 4482 imo
678 4427 801 4499 ipsa
830 4426 1113 4491 Charitas;
1164 4427 1261 4481 sed
1307 4431 1537 4497 prepter
1580 4424 1950 4496 ignominiam
2032 4444 2093 4482 se
2121 4426 2440 4498 plangentis
2470 4426 2659 4480 anima
2701 4425 2806 4480 sibi
2850 4425 3039 4479 sordet
3081 4442 3180 4496 per
3218 4426 3459 4496 culpam,
3503 4444 3627 4498 qua:

344 4515 535 4571 sordis
564 4514 836 4571 dtantum
864 4532 1036 4587 opera
1064 4515 1346 4581 dicuntur,
1378 4516 1676 4569 immutate
1702 4514 1947 4581 nomine,
2028 4517 2149 4586 jam
2194 4516 2310 4570 Deo
2358 4515 2571 4568 redolet
2616 4531 2717 4585 per
2756 4514 2996 4568 veniam.
3044 4513 3187 4567 Hinc
3224 4519 3427 4569 aestuat
3476 4516 3629 4587 apud

351 4605 467 4660 etsi
495 4604 681 4678 priora
710 4605 842 4669 sint,
876 4609 941 4659 ut
975 4604 1050 4658 sit
1077 4604 1267 4675 aliqua
1307 4603 1591 4658 distinctio
1630 4619 1825 4657 eorum
1858 4602 1952 4673 qui
2033 4621 2301 4676 sponsum
2330 4620 2522 4657 amore
2551 4602 2863 4656 dilectionis
2869 4601 3039 4672 justis
3064 4600 3335 4673 bonisque
3365 4604 3630 4675 operibus

349 4698 812 4767 permanserunt,
845 4694 931 4747 vel
960 4692 1055 4763 qui
1095 4693 1571 4763 naufragaverunt
1610 4709 1645 4745 a
1684 4691 1793 4745 ﬁde
1823 4691 1957 4745 dile-
2032 4692 2247 4764 jugiter
2275 4690 2596 4746 satisfacere
2628 4710 2639 4745 :
2674 4690 2803 4744 hinc
2844 4691 2961 4745 suis
3006 4690 3330 4746 obfuscatur
3362 4694 3629 4767 ﬂagitiis;

350 4782 559 4839 ctionis
579 4782 816 4850 Christi;
840 4787 1230 4837 verumtamen
1246 4781 1352 4835 etsi
1373 4780 1533 4835 multi
1550 4780 1812 4851 deinceps
1831 4780 1956 4850 plus
2036 4782 2189 4836 illinc
2219 4781 2336 4835 suis
2365 4779 2740 4852 rebaptizatur
2765 4779 3058 4850 lacrymis;
3094 4780 3225 4835 hinc
3252 4781 3635 4839 tenebricatur

346 4872 618 4943 diligunt,
647 4876 867 4926 tacetur
896 4871 967 4926 de
993 4871 1176 4941 gloria
1208 4870 1513 4933 interdum,
1556 4874 1778 4923 tacetur
1806 4875 1862 4923 et
1885 4868 1954 4922 de
2035 4875 2390 4942 peccatorum
2434 4883 2665 4923 suorum
2713 4868 3057 4939 aspectibus;
3103 4869 3260 4925 illinc
3313 4871 3634 4943 resplendet

346 4960 540 5033 specie
562 4959 1383 5032 pulchritudinis,solummodo
1407 4957 1647 5029 legimus
1668 4957 1736 5011 de
1755 4957 1953 5023 Maria,
2037 4959 2222 5030 gratia
2247 4958 2347 5013 Dei
2376 4974 2650 5028 respersa,
2699 4961 2758 5011 et
2794 4956 3067 5012 virtutum
3095 4959 3448 5015 muneribus.
3490 4959 3632 5014 Hinc

352 5049 752 5123 quoddimissa
769 5051 884 5104 sint
903 5051 955 5104 ei
975 5054 1197 5119 peccata
1216 5051 1417 5115 multa,
1443 5050 1577 5117 quia
1596 5048 1788 5101 dilexit
1808 5049 1961 5109 mut-1
2040 5046 2238 5115 tristis,
2285 5047 2433 5118 quod
2463 5045 2748 5101 cicatrices
2796 5063 3028 5102 suorum
3060 5046 3357 5104 vulnerum
3384 5045 3468 5101 vel
3498 5045 3632 5101 facti

431 5215 449 5239 ⁶
496 5208 668 5276 Edit.,
695 5211 948 5279 seipsam.

431 5280 461 5320 ³³
492 5280 662 5349 Edit.,
697 5282 862 5348 male,
892 5284 1167 5342 animam.

429 5357 448 5382 °
487 5350 657 5407 Edit..
689 5353 908 5408 ditavit.

427 5420 459 5462 ἀ
489 5421 633 5477 Edit.
645 5462 661 5489 ,
694 5425 892 5481 cordis.

421 5500 448 5558 ἒ
477 5492 651 5556 Edit.,
686 5498 841 5565 quia.

597 5594 866 5661 Panem.
915 5596 1105 5660 CXX.

2120 5207 2139 5254 ἲ
2164 5208 2331 5276 Edit.,
2364 5227 2481 5281 quae
2500 5207 2721 5280 quidem
2740 5211 3031 5268 sententia.

2119 5296 2148 5337 ε
2167 5283 2360 5338 Editor
2385 5283 2542 5337 addit
2567 5285 2780 5342 innuit.

2120 5352 2146 5394 h
2166 5354 2335 5419 Edit.,
2368 5357 2649 5422 cujusque.

2120 5424 2132 5464 ί
2163 5425 2332 5492 Edit.,
2373 5428 2539 5480 etiam
2567 5427 2728 5493 dolet,
2768 5426 2975 5482 omisso
2987 5427 3140 5494 jure.

3324 5590 3401 5654 47
