4000 6170
298 260 435 321 1485

1164 258 1265 321 ns
1303 260 1488 333 FIDE,
1532 266 1665 323 SPE
1702 267 1791 322 scr
1829 265 2256 322 calamus.
2299 295 2367 309 —-
2403 226 2543 322 ue.
2584 264 2689 321 m.

3425 264 3564 330 1486

292 386 437 465 Hinc
462 402 629 442 nemo
658 387 905 467 pollutus
932 388 1137 469 transit
1156 406 1258 460 per
1279 407 1402 445 eam
1428 410 1440 457 ;
1471 391 1619 462 quod
1642 391 1689 445 si
1718 392 1891 451 semel
1907 393 1960 452 A
1976 391 2052 445 lio
2082 390 2316 463 mystice
2343 390 2637 461 designat:
2660 391 2907 457 Domine,
2931 396 3130 460 puteus
3147 397 3296 448 altus
3316 402 3411 460 est,
3429 402 3479 450 et
3498 399 3567 452 in

293 476 365 532 ad
393 464 520 531 eam
548 464 867 541 intraverit,
886 464 1003 547 jam
1025 464 1138 531 non
1159 480 1431 548 pollutus;
1460 479 1557 535 sed
1584 486 1813 534 renatus
1835 480 1893 534 in

292 565 518 621 Christo
536 550 596 619 in
625 566 749 635 ejus
774 553 1007 636 corpore
1051 574 1431 624 consecratur.
1471 568 1538 622 Et
1564 570 1725 638 juxta
1753 569 1893 623 illud

291 638 567 721 Ieremia,
598 648 815 709 invenit
838 656 956 725 jam
1004 655 1108 710 sibi
1136 657 1402 727 gratiam,
1434 658 1569 728 quia
1596 659 1760 729 longe
1788 660 1895 713 Do-

291 743 480 797 minus
498 744 763 823 apparuit
799 744 868 804 ei.
894 730 1063 823 atque
1084 746 1279 825 dilexit
1301 747 1577 825 charitate
1600 754 1889 818 perpetua,

293 836 350 885 et
376 832 579 886 melius
609 839 695 887 est
723 834 870 904 quod
920 834 1218 911 acquisivit
1252 835 1511 889 omnibus
1545 836 1665 890 vitae
1708 836 1889 891 bonis.

293 920 393 974 Est
414 921 568 997 enim
594 921 756 991 quasi
778 922 974 976 hortus
988 922 1238 993 irriguus
1268 924 1484 978 cunctis
1512 926 1787 981 donorum
1809 942 1896 980 re-

292 1010 448 1080 pleta
472 1000 821 1088 muneribus,
853 1018 908 1065 et
940 1010 1065 1065 ideo
1101 1011 1161 1065 in
1191 1013 1436 1067 Canticis
1464 1030 1499 1068 a
1536 1031 1740 1085 sponso
1768 1030 1897 1085 gra-

292 1102 486 1152 tanter
508 1099 729 1177 canitur
758 1117 770 1152 :
805 1101 1010 1154 Hortus
1040 1105 1326 1156 conclusus
1348 1119 1507 1157 soror
1528 1092 1669 1170 mea,
1703 1105 1895 1158 hortus

293 1190 600 1254 conclusus,
636 1188 761 1255 fons
797 1192 1071 1256 signatus,
1106 1193 1418 1244 emissiones
1459 1198 1563 1245 tum
1597 1194 1895 1260 paradisus

296 1276 477 1346 (Gant.
510 1292 589 1341 ιν,
627 1274 733 1344 1‘2).
762 1277 905 1330 Ecce
948 1293 1115 1353 quam
1160 1278 1300 1333 bene
1357 1279 1752 1350 rebaptizatur,
1798 1282 1894 1352 qui

292 1363 568 1439 charitate
592 1363 938 1429 nutritur,in
958 1367 1118 1436 cujus
1148 1366 1416 1422 nimirum
1447 1369 1637 1423 anima
1651 1370 1771 1439 jam
1802 1386 1897 1440 pa-

293 1452 516 1506 radisus
528 1453 710 1531 floret.
733 1452 921 1507 Habes
941 1454 1132 1524 igitur,
1157 1456 1365 1522 anima,
1384 1444 1594 1511 fontem
1617 1474 1727 1528 quo
1738 1475 1897 1521 rena-

293 1541 489 1595 scaris.
516 1542 593 1595 Et
634 1541 681 1595 si
726 1542 967 1613 primam
1020 1543 1188 1597 ﬁdem
1224 1544 1444 1598 irritam
1476 1545 1655 1600 fecisti
1682 1546 1895 1601 fontem

292 1629 486 1701 itaque
508 1635 529 1663 ⁸
564 1630 851 1707 signatum
896 1631 1079 1709 sigillo
1135 1633 1363 1709 Christi,
1412 1651 1521 1704 quo
1559 1635 1766 1702 nullus,
1801 1637 1896 1707 qui

1976 496 2081 548 quo
2110 482 2344 534 haurias
2372 495 2483 533 non
2508 480 2671 533 habes
2702 482 2880 548 (Joan.
2908 494 2984 545 Iv,
3024 480 3128 551 11).
3161 481 3413 546 Profecto
3432 486 3568 555 quia

1974 585 2087 623 non
2104 573 2337 623 noverat
2362 584 2489 623 cum
2510 584 2620 639 quo
2646 574 2858 638 ageret,
2891 574 2949 622 et
2974 570 3265 640 signanter
3290 572 3561 641 insinuat,

1976 658 2124 728 quod
2155 658 2362 713 Christi
2386 657 2628 711 charitas
2652 656 2930 717 altissima
2956 658 3051 720 sit,
3084 659 3155 716 de
3192 676 3305 731 qua
3330 661 3439 716 nisi
3471 655 3568 732 qui

1975 747 2193 817 accipit,
2223 746 2280 800 in
2297 763 2407 817 quo
2437 746 2665 800 hauriat
2690 746 2881 800 nullus
2900 746 3097 811 habet;
3111 744 3569 820 quandoquidem

1975 836 2216 889 charitas
2246 852 2467 905 semper
2495 835 2564 888 ad
2597 835 2773 889 Deum
2798 836 2999 899 tendit,
3016 851 3051 889 a
3070 852 3180 907 quo
3206 843 3264 891 et
3293 838 3570 908 originem

1975 923 2147 989 ducit,
2181 929 2239 977 et
2265 924 2337 977 ad
2367 923 2679 994 proximum
2709 923 2975 977 ardenter
2999 918 3247 995 respicit,
3298 942 3427 979 cum
3461 942 3573 996 quo

1975 1012 2330 1083 participium
2359 1011 2678 1078 creationis,
2701 1018 2759 1065 et
2787 1013 3148 1071 Recreationis
3166 1014 3373 1068 habere
3393 1008 3567 1069 novit.
3611 1068 3615 1073 ,

1977 1100 2123 1171 Ergo
2154 1094 2300 1155 sicut
2326 1100 2601 1154 altissima
2620 1101 2813 1167 virtus,
2831 1100 2913 1154 ita
2940 1107 2999 1155 et
3024 1118 3227 1156 nomen
3257 1121 3270 1169 ;
3304 1104 3574 1174 quoniam

1975 1205 2264 1259 nunquam
2285 1195 2436 1243 recte
2455 1189 2759 1260 quidquam
2778 1189 2930 1243 aliud
2955 1196 3158 1261 praeter
3175 1192 3353 1249 Deum
3370 1197 3429 1247 et
3446 1209 3575 1264 pro-

1976 1277 2186 1335 ximum
2210 1295 2311 1348 per
2337 1278 2668 1332 charitatem
2688 1279 2922 1347 diligere
2941 1280 3297 1344 mandamur,
3321 1282 3575 1350 quamvis

1976 1381 2121 1436 saepe
2140 1365 2367 1420 abusive
2395 1365 2635 1427 dicatur,
2668 1360 2800 1436 quia
2824 1382 3049 1437 semper
3078 1368 3324 1425 Charitas
3355 1362 3577 1424 excellit

1976 1452 2036 1507 in
2056 1454 2259 1508 divinis
2288 1454 2474 1520 rebus,
2493 1459 2557 1508 ut
2586 1459 2725 1524 puta
2747 1454 3132 1524 principaliter
3147 1456 3247 1509 Dei
3278 1472 3483 1511 nomen
3511 1456 3578 1512 in

1978 1559 2043 1596 eo
2072 1549 2174 1607 est,
2205 1559 2270 1597 ex
2299 1559 2409 1613 quo
2435 1542 2645 1604 omnia.
2674 1536 2860 1612 et‘per
2873 1558 3040 1613 quem
3070 1544 3278 1608 omnia,
3302 1549 3359 1598 et
3386 1545 3446 1598 in
3466 1561 3580 1616 quo

1979 1632 2185 1697 omnia,
2211 1638 2269 1686 et
2290 1628 2574 1697 virtutem,
2596 1648 2660 1685 ac
2688 1637 2951 1685 naturam
2973 1630 3133 1687 trinae
3160 1632 3491 1702 majestatis,
3512 1623 3581 1686 ac

291 1719 486 1783 intrat,
516 1706 861 1774 est'alienus.
897 1706 1042 1775 Nam
1063 1706 1337 1792 baptismi
1357 1702 1590 1784 fontem.
1629 1740 1742 1778 non
1771 1702 1894 1780 dico
1918 1702 2384 1791 Bsingularitatis
2410 1720 2702 1787 enuntiat;
2737 1721 2818 1774 sic
2845 1721 3039 1790 itaque
3081 1714 3328 1774 secundo
3356 1721 3415 1775 in
3458 1721 3582 1776 loco

295 1808 447 1883 quod
472 1808 669 1862 Simon
698 1809 895 1887 Magne
924 1809 1051 1864 felle
1080 1810 1471 1887 amaritudinis
1495 1812 1787 1887 obvolutus
1815 1814 1899 1867 in-

293 1897 485 1959 travit,
515 1884 709 1973 verum
741 1904 799 1951 et
820 1914 1017 1952 omnes
1047 1884 1271 1971 reprobi
1296 1919 1308 1954 :
1347 1901 1444 1955 sed
1477 1917 1642 1955 nemo
1660 1886 1897 1977 illorum

294 1986 629 2063 charitatem
649 1986 805 2053 adiit,
833 1987 902 2040 de
928 1986 1043 2058 qua
1060 1989 1248 2043 nullus
1281 1990 1375 2060 qui
1402 1990 1595 2056 intrat,
1629 1991 1761 2049 exit.
1806 1992 1894 2067 illi

297 2091 426 2129 vero
452 2075 604 2129 {oras
624 2076 880 2153 exierunt
899 2093 932 2130 a
950 2084 1302 2132 sacramento
1329 2079 1597 2155 muneris,
1632 2080 1765 2151 quia
1783 2097 1896 2134 non

295 2162 526 2239 fuerunt
556 2178 621 2217 ex
648 2164 826 2226 nobis,
868 2169 925 2218 et
948 2181 1062 2242 una
1102 2164 1389 2221 nobiscum
1420 2167 1481 2220 in
1507 2166 1782 2222 charitate
1805 2185 1896 2222 re-

297 2253 416 2306 nati
436 2271 450 2318 ;
468 2250 660 2329 quodli
682 2252 731 2306 si
760 2264 967 2331 essent,
994 2255 1238 2331 profecto
1258 2255 1328 2308 ab
1357 2272 1424 2309 ea
1444 2272 1733 2327 nunquam
1754 2257 1901 2311 exis-

296 2345 443 2404 sent,
467 2341 616 2395 unde
662 2340 860 2396 beatus
887 2344 1191 2417 apostolus,
1223 2344 1418 2398 videns
1450 2361 1510 2398 se
1541 2345 1750 2399 Christi
1775 2346 1902 2399 cha-

294 2429 467 2483 ritate
494 2429 812 2483 devinctum
845 2449 858 2484 :
882 2431 1013 2498 Quis
1045 2449 1161 2498 nos,
1182 2432 1370 2503 inquit
1396 2436 1671 2502 separabit
1699 2451 1734 2487 a
1768 2437 1900 2488 cha-

295 2521 465 2572 ritate
502 2519 629 2572 Dei?
657 2521 998 2573 Tribulatio?
1018 2536 1096 2574 an
1125 2525 1426 2589 angustia?
1448 2538 1526 2576 an
1557 2526 1901 2591 persecutio?

296 2621 375 2660 an
388 2608 675 2673 fames?an
685 2609 939 2662 nuditas?
951 2626 1031 2663 an
1042 2614 1385 2678 periculum?
1394 2627 1471 2665 an
1487 2613 1708 2685 gladius
1723 2613 1893 2687 (Rom.

295 2708 413 2759 vni,
440 2694 526 2763 35)
549 2695 574 2748 ?
615 2696 684 2750 Et
712 2702 778 2750 ut
812 2696 1227 2772 indissociabile
1257 2699 1579 2754 ostenderet
1607 2700 1898 2755 charitatis

298 2783 664 2861 connuhium,
690 2785 1078 2861 indubitanter
1092 2788 1203 2841 ait:
1229 2788 1418 2843 Certus
1441 2805 1565 2843 sum
1587 2796 1737 2843 enim
1758 2792 1906 2867 quod

296 2889 473 2940 neque
488 2889 657 2939 mors,
675 2889 846 2942 neque
862 2877 998 2940 vita,
1026 2892 1197 2945 neque
1217 2880 1420 2945 angeli,
1438 2894 1608 2946 neque
1618 2881 1904 2947 principa-

300 2960 412 3027 tus,
436 2975 608 3030 neque
626 2963 922 3027 instantia,
948 2979 1119 3032 neque
1155 2966 1380 3033 futura,
1413 2982 1584 3033 neque
1610 2968 1899 3041 fortitudo,

1978 1826 2078 1879 per
2104 1810 2347 1879 gratiam
2377 1809 2548 1862 etiam
2570 1809 2826 1886 homines
2959 1809 3335 1879 appellantur,
3350 1809 3421 1863 ad
3441 1826 3582 1880 quos

1980 1915 2165 1975 sermo
2196 1898 2299 1952 Dei
2327 1898 2507 1977 factus
2539 1903 2643 1959 est,
2680 1897 3057 1971 nuncupative
3093 1904 3305 1975 tamen,
3337 1898 3435 1951 sed
3466 1915 3582 1979 non

1978 1988 2124 2041 ﬁcte.
2158 1988 2281 2041 Jam
2308 1987 2476 2040 tertio
2506 1986 2788 2061 daemones
2805 1985 2882 2038 dii
2903 1986 3155 2061 gentium
3178 2002 3291 2040 non
3318 1984 3582 2040 substan-

1977 2074 2207 2140 tialiter,
2241 2091 2343 2128 nec
2371 2090 2498 2128 vere
2526 2060 3021 2151 nuncupativeper
3034 2074 3303 2153 gratiam;
3323 2075 3422 2151 sed
3441 2074 3580 2157 falso

1980 2164 2352 2235 appellantur,
2372 2179 2499 2241 cum
2529 2163 2821 2233 Scriptura
2848 2160 3071 2239 dicatd:
3108 2163 3302 2241 Omnes
3340 2164 3425 2217 dii
3453 2180 3582 2231 gen-

1986 2256 2127 2307 tium
2156 2238 2433 2306 daemonia
2455 2254 2616 2318 (Psal.
2648 2268 2766 2329 xcv,
2789 2249 2865 2321 5).
2888 2238 2983 2330 ita
3011 2256 3068 2305 et
3105 2238 3349 2331 charitas
3377 2268 3586 2331 nomen

1982 2341 2228 2413 primum
2251 2347 2308 2395 et
2326 2340 2709 2423 principaliter
2736 2345 2822 2394 est
2840 2339 2899 2394 in
2930 2324 3063 2419 Deo,
3079 2328 3310 2433 prOpter
3324 2341 3473 2412 quod

1982 2428 2184 2483 bemur
2223 2445 2290 2482 ex
2345 2434 2466 2483 toto
2522 2428 2708 2494 corde,
2758 2434 2817 2482 et
2856 2446 2921 2483 ex
2964 2434 3085 2484 tota
3114 2428 3322 2493 anima,
3357 2446 3422 2483 ex
3462 2428 3585 2484 t'ota

1981 2524 2171 2572 mente
2199 2535 2327 2572 eum
2356 2518 2609 2594 diligere,
2626 2534 2661 2571 a
2685 2534 2795 2592 quo
2824 2517 3097 2597 habemus
3122 2525 3184 2572 ut
3203 2518 3438 2588 diligere
3461 2535 3588 2590 pos.

1981 2606 2157 2660 simus
2181 2625 2193 2673 ;
2225 2590 2491 2678 quoniam
2521 2605 2639 2676 ipse
2670 2590 2870 2676 priore
2900 2590 3092 2660 dilexit
3120 2622 3242 2660 nos.
3278 2605 3346 2660 Et
3368 2606 3473 2661 hoc
3500 2610 3588 2661 est

1982 2693 2214 2763 diligere
2264 2695 2442 2748 Deum
2474 2694 2622 2764 quod
2656 2683 2714 2747 et
2750 2694 2983 2763 diligere
3015 2694 3360 2764 sempiterna
3389 2693 3537 2748 bona
3566 2712 3584 2763 ;

1987 2782 2190 2836 deinde
2207 2783 2449 2859 secundo
2464 2766 2660 2836 inloco
2679 2799 2779 2854 per
2793 2768 3048 2837 eamdem
3060 2783 3396 2859 charitatem
3414 2782 3589 2859 etiam

1986 2871 2304 2943 proximum
2334 2872 2567 2942 diligere
2592 2870 2861 2942 jubemur
2888 2878 3157 2943 tanquam
3189 2872 3583 2949 nosmetipsos,

1980 2961 2099 3031 jam
2129 2960 2298 3014 tertio
2337 2960 2490 3014 aliud
2511 2960 2644 3037 quid
2671 2960 2809 3015 falso
2832 2960 2934 3015 sub
2963 2961 3252 3040 charitatis
3268 2961 3435 3043 titulo
3463 2960 3589 3017 dili-

296 3065 476 3118 neque
508 3052 766 3116 altitudo,
800 3067 974 3120 neque
1012 3050 1385 3121 profundum,
1429 3070 1601 3122 neque
1642 3048 2158 3141 creaturacgere‘
2201 3048 2427 3113 dicitur,
2458 3049 2747 3141 quando:
2784 3050 3172 3141 pecuniarum,
3212 3050 3299 3104 vel
3337 3050 3588 3141 volupta-

294 3137 420 3211 alia
444 3140 643 3206 poterit
672 3154 768 3193 nos
794 3155 1050 3208 separare
1076 3157 1112 3194 a
1133 3142 1405 3195 charitate
1438 3143 1554 3207 Dei,
1588 3158 1706 3210 qua:
1733 3147 1808 3197 est
1837 3145 1903 3196 in

299 3224 519 3299 6hristo
561 3228 687 3281 Jesu
733 3228 913 3304 (Ibid,
962 3226 1049 3295 38,
1090 3227 1198 3298 39).
1235 3229 1380 3308 Ergo
1429 3231 1525 3301 qui
1566 3235 1683 3285 tam
1731 3231 1904 3308 ﬁden-

293 3318 390 3368 ter
426 3314 699 3385 loquitur,
729 3315 869 3393 nihil
908 3317 978 3394 de
1027 3318 1302 3395 charitate
1345 3318 1593 3387 dubitat;
1635 3321 1900 3397 quoniam

295 3403 595 3458 conclusus
648 3410 707 3458 et
732 3404 990 3475 signatus
1038 3412 1125 3461 est
1168 3405 1495 3483 deliciarum
1541 3408 1905 3480 omniumque

293 3490 574 3546 virtutum
610 3493 826 3569 hortus.
861 3493 1149 3565 Siquidem
1187 3494 1406 3549 facilius
1444 3495 1551 3549 fuit
1576 3497 1795 3551 hostem
1823 3497 1902 3550 ir-

298 3595 471 3634 ruere
498 3581 569 3658 ad
596 3581 755 3635 illum
778 3583 1026 3653 paradisi
1055 3583 1259 3654 prioris
1292 3584 1427 3637 Adae
1448 3584 1655 3661 locum,
1696 3586 1766 3639 de
1792 3601 1901 3656 quo

298 3685 436 3723 eum
456 3686 557 3724 sua
583 3671 795 3741 expulit
820 3671 1043 3740 fraude;
1068 3688 1236 3744 quam
1252 3673 1323 3726 ad
1346 3673 1559 3727 fontem
1586 3673 1895 3740 charitatis,

301 3774 418 3829 quo
458 3758 646 3833 nullus
674 3764 858 3831 potest
886 3761 1167 3828 accedere,
1209 3761 1319 3816 nisi
1349 3778 1419 3816 ex
1451 3778 1519 3816 ea
1549 3761 1624 3816 sit
1652 3765 1901 3815 renatus.

297 3846 569 3923 Alioquin
596 3846 769 3901 etiam
788 3848 1065 3923 diabolus,
1085 3850 1132 3904 si
1161 3850 1233 3905 ad
1255 3850 1587 3927 charitatem
1614 3852 1900 3915 intrasset,

294 3936 424 4006 jam
444 3951 557 3989 non
582 3935 779 4003 hostis,
811 3937 910 3992 sed
940 3937 1072 4013 civis
1102 3944 1446 4005 sanctorum,
1480 3944 1538 3994 et
1566 3939 1905 3993 domesticus

298 4022 409 4078 Dei
447 4028 628 4091 esset;
661 4025 810 4103 apud
838 4025 1018 4080 Deum
1046 4026 1252 4098 quippe
1290 4028 1534 4081 charitas
1562 4032 1667 4096 est,
1697 4027 1909 4081 scilicet

300 4111 458 4182 apud
496 4113 741 4188 Patrem,
775 4114 1042 4184 quoniam
1078 4116 1228 4189 Deus
1268 4116 1444 4171 Filius
1481 4133 1548 4170 ex
1593 4116 1709 4170 Deo
1741 4116 1910 4170 Patre

300 4199 551 4255 Charitas
572 4207 676 4277 est.
695 4201 856 4257 Unde
872 4203 1095 4271 dicitur,
1119 4206 1271 4273 apud
1288 4210 1335 4259 te
1363 4210 1443 4258 est
1462 4207 1586 4272 fons
1603 4208 1726 4258 vita
1743 4206 1904 4272 (Psal.

298 4289 601 4355 xxxv,lO;,
632 4289 755 4345 fons
791 4292 989 4367 utique
1030 4292 1285 4363 signatus
1310 4293 1469 4363 signo
1508 4293 1694 4347 Patris
1721 4311 1733 4360 ;
1767 4309 1908 4363 quo-

1984 3138 2077 3203 tis,
2102 3153 2201 3191 seu
2216 3136 2597 3208 quarumlibet
2620 3137 2807 3209 potius
2828 3137 3104 3209 cupiditas
3126 3142 3212 3193 est
3230 3139 3584 3211 appellanda.

1983 3227 2109 3281 Non
2134 3226 2285 3280 enim
2316 3227 2517 3280 harum
2546 3226 2903 3281 dilectionem
2926 3228 3077 3303 Deus
3106 3228 3431 3303 hominibus
3452 3246 3589 3285 con-

1984 3315 2168 3380 cessit,
2202 3315 2300 3369 sed
2332 3331 2499 3392 usum
2529 3314 2686 3391 dedit
2715 3331 2729 3366 :
2761 3315 2910 3369 inest
2949 3332 3081 3389 ergo
3107 3316 3167 3370 in
3206 3306 3361 3372 omni
3392 3317 3590 3373 anima

1985 3403 2308 3458 rationabili
2334 3409 2519 3483 motus
2546 3402 2792 3469 amandi;
2815 3403 2913 3457 sed
2935 3400 3119 3458 varius
3149 3410 3381 3461 eventus
3409 3406 3587 3483 perci-

1984 3493 2175 3564 piendi
2195 3497 2259 3546 ut
2293 3492 2367 3546 ad
2394 3493 2661 3546 virtutem
2684 3491 2977 3546 charitatis
3004 3492 3201 3547 tendat
3228 3494 3471 3549 animus.
3503 3495 3588 3549 Si-

1985 3580 2210 3652 quidem
2241 3585 2298 3634 et
2326 3580 2445 3651 ipse
2472 3580 2706 3634 affectus
2736 3579 2943 3633 amoris
2979 3579 3249 3634 beneficio
3279 3581 3585 3636 conditoris

1982 3669 2243 3724 rationali
2265 3668 2466 3723 animae
2500 3673 2586 3722 est
2612 3668 2885 3734 indultus;
2925 3668 3177 3739 quamvis
3204 3668 3492 3745 interdum
3510 3670 3586 3749 ad

1988 3774 2241 3812 amorem
2260 3757 2510 3828 pecuniae
2539 3762 2597 3811 et
2633 3756 2879 3811 avaritiae
2913 3757 3162 3811 studium
3193 3757 3450 3825 divertat,
3484 3765 3586 3815 aut

1989 3864 2121 3925 erga
2140 3847 2379 3917 gloriam
2406 3830 2633 3900 inanem
2672 3846 3014 3923 sectandam,
3067 3853 3131 3901 ut
3160 3848 3302 3904 ﬁant
3327 3848 3587 3903 homines

1988 3937 2173 3991 inanis
2214 3936 2407 4007 gloriae
2448 3935 2664 4006 cupidi;
2713 3940 2812 3989 aut
2839 3940 2989 3989 certe
3017 3935 3167 3989 circa
3213 3941 3481 4004 scortum,
3520 3944 3587 3993 ut

1990 4010 2347 4080 inveniantur
2387 4023 2749 4099 impudicitia
2788 4023 3148 4095 libidinisque
3186 4025 3407 4096 captivi.
3439 4027 3586 4081 Nec-

1992 4132 2104 4170 non
2125 4120 2182 4169 et
2210 4114 2281 4168 ad
2297 4098 2464 4168 aliam
2483 4098 2747 4189 virtutem
2773 4113 2918 4166 tanti
2940 4112 3088 4169 boni.
3115 4114 3203 4167 his
3228 4113 3434 4190 similia
3448 4115 3586 4190 dum

1990 4205 2342 4258 fornicantur
2379 4219 2414 4256 a
2443 4203 2579 4268 Deo,
2612 4200 2979 4272 periculosius
3009 4202 3305 4277 eil‘undunt
3336 4222 3350 4272 ;
3385 4204 3483 4280 sed
3527 4209 3586 4281 et
3684 4258 3694 4269 ,

1992 4309 2119 4346 cum
2150 4292 2221 4345 ad
2254 4291 2501 4345 diversas
2522 4294 2691 4357 artes,
2716 4290 3058 4369 etiamquas
3077 4289 3336 4345 liberales
3362 4298 3579 4359 vocant,

299 4377 462 4453 niam
488 4376 677 4451 imago
716 4380 817 4435 Dei
846 4357 1030 4435 Patris
1056 4357 1158 4436 est.
1201 4383 1282 4438 De
1312 4357 1421 4453 quo
1450 4357 1727 4435 nimirum
1754 4357 2125 4435 fonteDdum
2162 4398 2222 4434 se
2250 4381 2338 4434 his
2368 4380 2627 4443 illiciunt,
2674 4396 2787 4433 non
2815 4357 3123 4450 principale
3150 4377 3361 4433 bonum
3393 4357 3586 4435 intene

298 4465 578 4542 hauriunt
597 4456 794 4523 omnes
821 4486 1027 4540 aquam
1057 4469 1183 4525 vita
1211 4471 1390 4541 gratis
1416 4472 1710 4524 salientem
1734 4470 1796 4523 in
1831 4470 1908 4523 vi-

300 4561 425 4611 tam
456 4561 723 4633 aeternam
768 4559 947 4633 Nemo
968 4559 1161 4635 igitur,
1189 4560 1299 4613 nisi
1323 4561 1483 4635 Jesus
1508 4559 1783 4625 Christus,
1810 4558 1909 4613 dat

298 4646 455 4699 hanc
471 4661 695 4719 aquam,
712 4648 978 4723 quoniam
998 4654 1203 4720 puteus
1225 4649 1372 4703 altus
1388 4654 1490 4713 est,
1517 4654 1719 4719 puteus
1739 4664 1910 4718 aqua-

300 4749 436 4788 rum
456 4734 779 4811 viventium.
804 4737 884 4791 De
901 4753 1011 4808 quo
1041 4737 1087 4791 si
1114 4737 1239 4809 quis
1256 4738 1394 4804 sitit,
1420 4738 1608 4791 veniat
1643 4738 1714 4791 ad
1747 4737 1827 4792 Ch
1839 4736 1910 4790 ri-

301 4827 482 4890 stum,
515 4827 573 4877 et
609 4823 837 4901 dabitur
861 4825 914 4879 ei
940 4825 1119 4897 gratis
1148 4826 1271 4880 fons
1298 4832 1571 4890 aeternus;
1614 4827 1713 4880 sed
1739 4842 1904 4881 nemo

299 4918 373 4967 ut
407 4911 644 4983 accipiat
671 4914 845 4989 venit,
862 4914 911 4969 si
934 4931 1046 4969 non
1074 4916 1244 4970 Pater
1263 4932 1392 4970 eum
1406 4915 1726 4989 attraxerit.

1989 4469 2161 4536 dunt;
2188 4469 2453 4539 quoniam
2472 4468 2646 4522 animi
2665 4468 2899 4520 virtutes
2927 4484 2993 4520 ex
3020 4466 3142 4538 ipso
3167 4467 3579 4539 intelligantur,

1990 4574 2055 4612 ex
2083 4538 2371 4629 quoisunt.
2400 4556 2559 4610 Unde
2590 4560 2647 4609 et
2664 4555 2953 4619 Dominus,
2977 4560 3044 4608 ut
3070 4561 3271 4609 cuncta
3293 4538 3364 4629 ab
3395 4556 3584 4612 animo

1992 4647 2148 4717 quasi
2206 4645 2595 4717 superstitiosa
2642 4647 2999 4697 removeret:
3038 4644 3243 4712 Diliges
3282 4646 3586 4701 Dominum

1990 4736 2161 4791 Deum
2201 4718 2380 4799 tuum,
2430 4733 2636 4803 inquit,
2677 4749 2742 4785 ea:
2774 4736 2879 4785 toto
2926 4733 3084 4785 corde
3129 4736 3240 4799 tuo,
3282 4739 3334 4787 et
3368 4752 3433 4788 ea
3475 4739 3587 4790 tota

1988 4827 2185 4879 anima
2208 4828 2323 4889 tua,
2357 4827 2407 4876 et
2436 4839 2499 4875 ex
2525 4822 2779 4875 omnibus
2809 4821 3020 4874 viribus
3051 4822 3191 4886 tuis;
3223 4822 3419 4878 deinde
3452 4840 3587 4893 pro-

1986 4917 2205 4968 mimum
2233 4915 2375 4967 sicut
2404 4917 2451 4965 te
2484 4913 2664 4979 ipsum
2700 4911 2798 4962 :in
2840 4910 3039 4977 quibus
3062 4911 3279 4983 duobus
3304 4912 3587 4983 mandatis
3676 4934 3691 4941 -

380 4998 435 5057 3.
466 4980 547 5054 Eli
576 4996 687 5073 quo
714 4982 912 5077 liquet,
945 5003 1095 5075 quod
1118 5004 1249 5074 jure
1286 4986 1794 5079 supereminentior
1824 5005 1915 5059 via
1997 5008 2108 5057 tota
2139 5006 2225 5057 lea:
2237 5002 2433 5073 pendet
2460 5005 2508 5053 et
2530 4999 2800 5068 propheta
2832 4996 3036 5067 (Matth.
3062 4980 3198 5068 irxn,
3226 4980 3442 5064 37440).
3473 4999 3587 5073 Iste

300 5088 558 5145 charitas
587 5097 815 5146 vocetur
841 5108 1009 5163 quam
1039 5110 1231 5164 nemo,
1272 5078 1575 5164 ut'protuli
1592 5078 1634 5160 ά,
1680 5092 1787 5147 nisi
1818 5093 1915 5165 qui
1997 5096 2084 5146 est
2111 5097 2312 5163 puteus
2343 5087 2649 5161 viventium
2691 5102 2968 5158 aquarum
2997 5087 3144 5164 altus
3172 5092 3227 5161 et
3254 5085 3586 5167 profundus,

301 5177 513 5250 accipit
540 5179 712 5234 novit.
745 5181 865 5237 Hoc
898 5198 1035 5237 sane
1065 5182 1427 5237 Samaritana
1454 5182 1551 5236 illa
1575 5182 1643 5236 ἐκ
1670 5182 1917 5252 Evange—
1996 5181 2103 5235 iste
2127 5184 2213 5234 est
2236 5179 2359 5233 fons
2388 5177 2531 5243 vitae,
2551 5180 2609 5229 et
2630 5175 3139 5247 supereminentior
3158 5174 3269 5241 via,
3298 5190 3401 5245 per
3419 5174 3589 5246 quam

380 5314 407 5342 ι
434 5303 607 5371 Edit.,
640 5307 798 5364 dicet.

383 5373 608 5450 b-_E_3dit.,
638 5394 846 5450 nempe.

434 5445 606 5519 Edit.,
632 5445 788 5519 quia:

384 5512 413 5557 ἀ
433 5512 606 5587 Edit.,
626 5512 873 5589 pratuli.

2071 5315 2095 5346 ο
2124 5302 2294 5369 Edit.,
2319 5305 2478 5370 pater
2507 5316 2609 5371 pro
2625 5302 2808 5370 prior.

2073 5372 2094 5413 ί
2121 5373 2291 5439 Edit.,
2317 5374 2579 5439 obligare.

2074 5455 2106 5513 ε
2123 5444 2299 5523 Edita
2315 5444 2609 5514 quamam-
