4000 6170
406 312 548 372 1487
1163 310 1220 363 S.
1263 306 1640 364 PASCHASII
1679 303 2041 360 RADBERTI
2077 300 2383 357 ABBATIS
2423 293 2928 355 CORBEIENSIS.
3022 303 3036 315 ‘
3553 288 3697 348 1488

408 451 576 491 nemo
603 434 851 506 pollutus
875 431 1095 498 transit,
1129 447 1195 485 ex
1211 447 1321 501 quo
1342 432 1439 502 qui
1459 430 1792 495 renascitur,
1820 430 1999 483 factus
2013 432 2059 489 Α
2080 427 2214 498 quia
2239 425 2390 480 velut
2428 424 2675 478 anchora
2715 425 2842 475 tuta
2884 422 3269 477 commoratur
3298 418 3359 472 in
3401 414 3695 506 adiutorio

408 529 495 578 est
521 504 672 577 ﬁlius
700 521 1051 593 adoptionis;
1096 519 1361 590 quoniam
1388 520 1511 573 fons
1554 519 1679 573 vitae
1721 523 1914 572 manat
1942 518 2001 572 in
2083 515 2375 581 Altissimi,
2395 518 2453 567 et
2482 510 2827 584 protectione
2849 508 3089 563 Dei.His
3114 508 3470 561 inflammata
3498 504 3699 559 anima

412 627 479 665 eo
508 610 760 666 salientis
794 610 852 664 in
880 609 1050 663 vitam
1078 612 1366 661 aeternam.
1392 608 1505 661 Iste
1535 613 1621 661 est
1642 607 1839 661 hortus
1867 623 2001 660 con-
2084 603 2390 658 luminibus
2426 600 2809 656 indesinenter
2837 596 3046 667 satagit
3072 596 3278 650 mentis
3320 595 3548 650 oculum
3578 609 3697 646 non

410 700 618 764 clusus,
640 699 763 752 fons
793 699 1068 768 signatus,
1098 696 1157 749 in
1187 711 1296 766 quo
1320 695 1647 749 emissiones
1685 701 1817 749 sunt
1844 711 2004 766 para-
2083 698 2335 746 avertere
2360 708 2394 744 a
2422 705 2644 744 summo
2673 687 2853 753 bono;
2884 685 3018 757 quia
3038 684 3259 755 quoties
3278 683 3347 738 ad
3378 680 3696 752 earespici-

409 785 535 841 disi.
561 787 704 841 Hinc
723 786 928 856 quippe
953 784 1010 838 in
1032 789 1353 838 sanctorum
1374 784 1657 838 mentibus
1680 785 1800 854 jam
1817 785 1996 849 floret,
2084 798 2227 846 mus,
2261 797 2384 851 qua
2412 777 2671 833 sensibus
2716 773 3272 845 comprehenduntur
3318 777 3376 826 et
3421 785 3698 841 corporea

408 880 474 930 ut
500 876 902 930 tructificarent
942 873 1078 939 Deo,
1112 872 1171 925 in
1192 871 1466 926 charitate
1499 872 1755 935 radicati,
1788 877 1846 925 et
1874 872 1998 925 fun-

406 963 542 1016 dati.
577 962 788 1016 Idcirco
811 961 1065 1032 quisquis
1092 961 1162 1015 ad
1193 961 1364 1017 vitam
1392 961 1638 1027 festinat,
1662 960 1996 1014 charitatem

404 1050 728 1104 desinenter
768 1049 874 1103 sibi
902 1049 1025 1103 dari
1061 1055 1302 1121 exoptet,
1337 1050 1638 1119 datamque
1666 1049 1899 1111 excolat,
1933 1054 1999 1103 ut

405 1143 463 1193 et
499 1138 681 1210 ipsam
711 1139 1071 1193 dilectionem
1119 1156 1299 1204 suam,
1333 1155 1446 1209 qua
1482 1139 1664 1192 Deum
1715 1137 1899 1207 diligit
1940 1142 1998 1192 et

401 1227 742 1298 proximum,
760 1227 1009 1297 quotidie
1032 1225 1320 1281 ardentius
1335 1227 1406 1280 ad
1421 1227 1599 1281 Deum
1615 1226 1840 1290 referat,
1865 1225 1996 1296 quia

400 1315 553 1370 Deus
580 1314 997 1381 charitas,nihil
1017 1320 1187 1385 negat
1210 1315 1472 1369 charitati
1494 1320 1720 1378 nostrae,
1745 1330 1856 1384 qua
1875 1313 1995 1385 ipse

398 1404 676 1473 diligitur.
697 1404 838 1458 Hinc
852 1404 1057 1474 quippe
1073 1404 1281 1458 Paulus
1300 1404 1484 1475 inquit
1501 1419 1511 1453 :
1536 1405 1790 1459 Charitas
1820 1420 1994 1471 coope-

396 1495 478 1545 rit
508 1495 929 1546 multitudinem
962 1494 1386 1563 peccatorumﬂ
1416 1495 1557 1546 Petr.
1593 1508 1664 1558 Iv,
1706 1498 1779 1557 v).
1816 1492 1886 1545 Et
1930 1496 1995 1546 ut

397 1580 710 1634 evidentius
727 1581 950 1651 loquar:
976 1580 1082 1634 Ubi
1096 1581 1342 1634 Charitas
1368 1586 1589 1651 regnat,
1615 1580 1771 1633 nulla
1806 1580 1994 1633 valent

395 1668 617 1735 delicta,
651 1668 918 1740 quoniam
949 1668 1071 1740 ipsa
1099 1674 1185 1723 est
1212 1669 1334 1723 fons
1362 1670 1507 1735 vitae,
1539 1674 1595 1723 et
1622 1668 1835 1722 ablatio
1869 1685 1993 1722 om-

397 1757 557 1812 nium
585 1757 907 1812 criminum.

988 1882 1220 1937 CAPUT
1248 1882 1395 1936 XIV.

394 1996 467 2053 De
497 2014 553 2052 eo
582 1997 727 2068 quod
753 1999 1023 2065 scriptum
1045 2001 1118 2050 est
1149 2016 1165 2051 :
1193 1995 1331 2051 Mihi
1356 2000 1546 2051 autem
1572 1996 1856 2052 adhaerere
1875 1997 1992 2051 Deo

1031 2084 1240 2139 bonum
1260 2090 1365 2140 est.

468 2192 517 2249 1.
549 2193 694 2257 Quia
717 2193 787 2247 de
807 2191 1081 2246 charitate
1111 2190 1325 2260 aliquid
1353 2190 1615 2258 diximus,
1635 2190 1846 2246 bonum
1866 2194 1988 2262 ejus

393 2287 738 2352 praegustare
765 2279 1052 2335 debemus.
1088 2279 1304 2333 Bonum
1354 2295 1488 2350 ergo
1517 2281 1807 2335 charitatis
1840 2282 1990 2336 Deus

390 2369 637 2424 Trinitas
664 2373 769 2436 est,
793 2374 852 2423 et
869 2369 992 2439 ipsa
1012 2367 1259 2422 Trinitas
1288 2367 1437 2422 Deus
1461 2369 1707 2423 charitas
1736 2375 1821 2423 est
1845 2386 1991 2424 sem-

390 2457 643 2529 piterna:
668 2456 817 2528 quod
843 2456 1115 2511 nimirum
1153 2455 1363 2510 bonum
1402 2456 1584 2511 solum
1614 2463 1671 2512 et
1709 2458 1994 2529 singulare

390 2544 600 2600 bonum
653 2551 757 2611 est,
810 2544 901 2599 cui
944 2544 1229 2599 adhaerere
1272 2544 1457 2598 vivere
1505 2550 1610 2608 est,
1652 2550 1782 2612 etc.,
1828 2546 1995 2600 intel-

386 2634 564 2706 ligere
588 2635 911 2705 degustare.
936 2634 1095 2688 Unde
1134 2633 1416 2704 Propheta
1452 2650 1464 2686 :
1500 2635 1643 2687 Mihi
1668 2640 1871 2699 autem,
1910 2635 1994 2689 in-

390 2723 533 2794 quit,
566 2725 844 2777 adhzrere
871 2724 976 2777 Deo
1013 2724 1216 2776 bonum
1247 2728 1341 2787 est,
1376 2738 1581 2791 ponere
1617 2726 1681 2776 in
1711 2725 1813 2776 [leo
1843 2740 1991 2792 spem

388 2828 571 2866 meam
599 2814 763 2885 (Psal.
803 2825 973 2877 Lxxn,
1005 2809 1123 2881 28),
1157 2816 1213 2864 et
1242 2812 1344 2864 hoc
1380 2815 1466 2864 est
1500 2810 1730 2865 bonum.
1776 2812 1841 2865 In
1879 2828 1991 2866 uno

388 2901 699 2971 eodemque
716 2899 865 2955 bono
884 2899 1044 2970 quasi
1064 2899 1349 2953 interdum
1376 2898 1481 2953 sibi
1503 2899 1801 2969 distinguit
1814 2900 1989 2967 bona;

389 2989 522 3061 quia
548 2989 703 3042 aliud
743 2994 829 3042 est
872 2988 1157 3041 adhaerere
1187 2988 1303 3041 Deo
1349 3004 1451 3057 per
1494 3003 1745 3041 amorem
1774 2988 1991 3042 intelli-

2077 876 2229 934 sunt,
2261 867 2422 939 quasi
2452 865 2671 937 depulsi
2699 881 2735 918 a
2760 863 2976 917 lumine
2999 862 3059 915 in
3090 860 3341 916 tenebris
3369 874 3691 922 versamur,

2078 974 2179 1012 nec
2195 974 2293 1029 spe
2320 963 2511 1011 tamen
2540 954 2610 1008 ab
2631 954 2726 1007 illo
2750 951 3062 1016 avellimur,
3076 950 3175 1004 sed
3206 965 3523 1014 manemus,
3556 946 3695 1017 quia

2077 1047 2228 1100 Deus
2261 1045 2448 1099 cordis
2484 1042 2663 1098 nostri
2702 1055 2831 1113 pars
2872 1046 3065 1094 nostra
3100 1038 3280 1092 factus
3311 1042 3399 1091 est
3424 1036 3487 1090 in
3513 1042 3689 1090 aeter-

2079 1151 2215 1189 num
2246 1152 2261 1190 :
2289 1132 2538 1204 alioquin
2582 1130 2842 1185 recedere
2885 1128 2956 1182 ab
2986 1128 3115 1198 igne
3153 1126 3300 1181 tanti
3341 1125 3556 1180 amoris
3587 1125 3695 1178 fri-

2075 1240 2302 1293 gescere
2350 1230 2465 1288 est;
2523 1221 2675 1275 aliud
2725 1235 2856 1274 vero
2902 1234 3115 1281 amare,
3162 1215 3487 1281 fornicatio;
3536 1214 3694 1269 unde

2079 1312 2363 1383 Propheta
2396 1327 2406 1361 :
2441 1310 2586 1374 Ecce,
2620 1308 2822 1379 inquit,
2857 1310 2957 1377 qui
2991 1311 3251 1375 clangunt
3289 1324 3344 1360 se
3385 1322 3422 1360 a
3452 1310 3501 1358 le
3543 1307 3694 1373 peri-

2079 1402 2215 1454 bunt
2260 1401 2596 1463 (Psalmxxn,
2623 1394 2710 1463 27)
2738 1415 2750 1462 ;
2784 1395 2937 1449 aliud
2978 1394 3183 1465 quippe
3212 1393 3501 1465 paulisper
3527 1409 3691 1446 rece-

2075 1488 2207 1541 dere
2232 1492 2336 1551 est,
2361 1486 2515 1540 aliud
2541 1486 2821 1553 elongare.
2845 1484 2991 1537 Nam
3020 1484 3283 1537 recedere
3314 1481 3469 1536 aliud
3492 1481 3690 1535 inten-

2075 1576 2207 1629 dere
2222 1581 2325 1639 est,
2349 1575 2613 1643 elongare
2623 1589 2753 1627 vero
2769 1589 2881 1626 non
2894 1572 3078 1626 solum
3091 1578 3321 1625 terrena
3334 1570 3685 1631 desiderare,

2075 1665 2172 1718 sed
2204 1664 2375 1718 etiam
2404 1668 2505 1716 aut
2533 1679 2569 1715 a
2595 1660 2941 1715 daemonibus
2968 1665 3248 1732 expetere,
3285 1665 3387 1714 aut
3424 1675 3493 1712 ea
3519 1659 3689 1729 quasi

2006 1740 2054 1800 Β
2076 1768 2361 1806 summum
2388 1750 2596 1805 bonum
2627 1750 2880 1820 diligere.
2933 1750 3147 1804 Tamen
3182 1748 3288 1803 etsi
3317 1748 3585 1802 recedere
3614 1746 3689 1801 ab

2075 1840 2388 1895 intentione
2416 1838 2625 1893 amoris
2662 1839 3024 1909 languescere
3074 1843 3177 1903 est,
3216 1836 3349 1907 quia
3395 1853 3527 1908 spes
3572 1852 3691 1890 non

2075 1928 2433 1999 abrumpitur
2472 1927 2622 1981 inter
2651 1927 2923 1998 procellas
2965 1926 3175 1993 saeculi,
3206 1925 3310 1980 sub
3333 1925 3690 1996 protectione

2076 2016 2177 2071 Dei
2196 2016 2534 2070 commorari
2563 2015 2849 2070 tutissima
2878 2016 3124 2069 anchora
3145 2020 3265 2069 est:
3292 2014 3393 2068 sed
3414 2013 3441 2053 δ
3470 2019 3690 2085 quanto

2071 2105 2316 2176 tepidius
2369 2114 2678 2171 amamus°,
2738 2109 2896 2159 tanto
2952 2105 3140 2159 minus
3196 2102 3565 2166 attendimus,
3624 2107 3688 2156 et

2072 2198 2282 2266 quanto
2330 2193 2518 2248 minus
2548 2194 2909 2257 attendimus,
2942 2199 3099 2248 tanto
3148 2193 3275 2264 plus
3318 2192 3676 2262 elongamur.

2071 2283 2231 2338 Unde
2270 2282 2577 2337 cavendum
2626 2299 2699 2337 ne
2741 2283 2877 2336 dum
2913 2282 3039 2352 plus
3082 2282 3381 2350 elongatur
3425 2280 3683 2344 animus,

2073 2371 2382 2426 fornicatur
2410 2369 2438 2411 ιι
2471 2390 2483 2424 :
2519 2373 2840 2436 Perdidisti,
2883 2368 3085 2440 inquit,
3126 2384 3311 2422 omnes
3357 2371 3459 2436 qui
3488 2370 3682 2435 forni-

2076 2465 2281 2514 cantur
2308 2462 2402 2515 abs
2434 2465 2481 2514 te
2515 2461 2679 2531 (Psal.
2709 2473 2870 2522 Lxxn,
2901 2455 2988 2527 27)
3015 2475 3029 2524 ;
3062 2456 3195 2528 quia
3221 2455 3474 2526 profecto
3500 2455 3685 2510 forni-

2078 2549 2225 2603 catio
2254 2554 2408 2602 casto
2438 2548 2618 2602 amori
2643 2547 2925 2602 contraria
2954 2552 3059 2601 est.

2146 2636 2199 2693 2.
2234 2637 2387 2691 Nihil
2412 2637 2564 2691 enim
2602 2637 2793 2691 anima
2820 2637 2935 2690 Deo
2976 2635 3150 2706 digna
3175 2634 3246 2689 ab
3272 2651 3482 2706 sponso
3517 2650 3689 2705 quem

2076 2724 2260 2795 diligit
2278 2724 2431 2778 aliud
2453 2741 2622 2795 quam
2643 2724 2826 2795 ipsum
2844 2723 3100 2794 requirit,
3128 2738 3241 2776 non
3259 2721 3541 2785 divitiase,
3572 2738 3685 2775 non

2075 2815 2336 2879 honores,
2369 2831 2481 2868 non
2511 2830 2734 2879 aurum,
2779 2830 2891 2867 non
2934 2811 3162 2884 praedia,
3216 2828 3328 2865 non
3361 2811 3684 2881 voluptates

2074 2903 2261 2958 saeculi
2291 2919 2473 2974 neque
2522 2903 2633 2957 alia
2664 2919 2787 2973 quae
2821 2907 2956 2956 sunt
2994 2901 3054 2955 in
3093 2899 3324 2965 mundo,
3362 2899 3636 2971 qnoniam
3665 2899 3687 2938 τ

2075 2993 2257 3046 solum
2287 2998 2442 3045 amat
2488 2992 2547 3046 in
2576 3008 2685 3062 quo
2727 2989 2897 3044 habet
2943 2989 3151 3054 omnia,
3186 3005 3287 3059 per
3315 3004 3508 3059 quem,
3538 2988 3687 3040 sicut

386 3077 613 3149 gentia,
644 3076 799 3129 aliud
824 3093 925 3147 per
944 3071 1286 3129 desiderium
1305 3075 1444 3145 spei.
1471 3076 1631 3139 Quod
1652 3076 1801 3129 enim
1822 3077 1991 3131 intel-
2013 3093 2056 3153 ί]
2075 3080 2269 3147 credit,
2301 3081 2447 3135 facta
2460 3085 2591 3135 sunt
2612 3078 2820 3136 omnia.
2839 3078 2980 3133 Hinc
3005 3093 3227 3148 quoque
3247 3092 3475 3147 semper
3494 3080 3686 3129 castus

385 3165 585 3235 ligitur
613 3170 828 3218 certum
858 3170 915 3217 et
964 3180 1158 3217 verum
1195 3170 1307 3230 est;
1356 3164 1453 3218 sed
1497 3180 1610 3218 non
1640 3181 1807 3219 omne
1837 3166 1988 3236 quod

388 3252 670 3308 credimus
712 3268 925 3319 verum,
966 3252 1221 3322 quamvis
1279 3269 1451 3324 supra
1491 3252 1727 3307 dixerim
1775 3254 1835 3308 in
1882 3255 1989 3309 hac

388 3340 859 3413 peregrinatione,
881 3341 1027 3411 quod
1049 3341 1340 3396 intellectu
1360 3341 1499 3395 ﬁdes
1515 3342 1870 3412 prmstantior
1881 3344 1983 3411 sit;

389 3449 504 3487 non
533 3433 668 3503 quia
694 3431 899 3485 certior
916 3431 985 3485 de
1014 3447 1073 3485 se
1093 3449 1106 3496 ;
1134 3431 1230 3485 sed
1252 3431 1385 3502 quia
1398 3431 1657 3485 instituta
1676 3448 1711 3485 a
1730 3432 1984 3499 veritate,

386 3520 710 3577 interdum'I
739 3536 1029 3591 quousque
1065 3525 1365 3573 evacuetur
1391 3520 1539 3590 quod
1582 3536 1651 3574 ex
1680 3525 1839 3591 parte
1878 3527 1982 3587 est,

388 3608 746 3681 praestantior
769 3614 869 3663 est.
887 3609 1043 3663 Tunc
1063 3608 1292 3661 demum
1317 3608 1692 3678 intelligentia
1715 3608 1824 3662 erit
1846 3610 1983 3675 sola,

388 3715 491 3771 per
512 3714 682 3769 quam
701 3714 924 3768 semper
948 3697 1149 3751 cohaesi
1170 3713 1234 3751 ac
1253 3702 1559 3768 praesentes
1576 3697 1810 3751 erimus.
1829 3698 1991 3751 Nunc

391 3792 583 3841 autem
610 3786 882 3857 quidquid
912 3792 1014 3851 est,
1039 3785 1187 3856 quod
1216 3786 1402 3839 minus
1445 3785 1836 3855 intelligimus,
1867 3801 1991 3839 cre-

392 3874 577 3930 dimus
598 3874 1007 3946 peregrinando
1030 3881 1086 3927 et
1103 3890 1418 3944 speramus.
1446 3874 1604 3927 Unde
1629 3873 1849 3927 duobus
1870 3873 1993 3927 istis

389 3962 509 4032 jam
545 3962 692 4016 beati
718 3978 931 4027 sumus,
957 3960 1320 4030 intelligendo
1349 3960 1578 4025 scilicet,
1601 3966 1659 4014 et
1685 3962 1992 4031 sperando;

396 4054 494 4110 sed
551 4052 913 4122 intelligendo
966 4051 1309 4105 cohaeremus
1353 4052 1487 4116 Deo,
1540 4052 1816 4122 sperando
1866 4067 1995 4105 vero

396 4142 843 4214 peregrinamur,
878 4142 1011 4211 quia
1064 4141 1327 4211 intelligit
1362 4141 1666 4195 admodum
1709 4158 1776 4195 ex
1830 4147 1989 4212 parte

2072 3185 2232 3224 amor
2247 3169 2479 3224 devotus
2494 3168 2643 3223 dicat
2660 3186 2671 3220 :
2697 3168 2836 3222 Mihi
2854 3173 3041 3221 autem
3057 3167 3335 3220 adhzrerc
3353 3166 3461 3219 Deo
3475 3166 3685 3218 bonum

2071 3262 2165 3323 est,
2187 3273 2383 3325 ponere
2400 3260 2462 3311 in
2476 3260 2709 3312 Domino
2725 3258 2829 3311 Deo
2841 3271 2989 3324 spem
3002 3272 3181 3308 meam
3194 3253 3341 3325 (Psal
3351 3295 3363 3307 .
3381 3269 3550 3317 Lxxu,
3563 3250 3681 3321 28).

2073 3345 2191 3400 Hoc
2206 3345 2379 3415 igitur
2410 3351 2497 3400 est
2520 3350 2705 3401 totum
2730 3344 2961 3412 bonum,
2981 3360 3092 3415 quo
3108 3343 3247 3397 nihil
3267 3342 3516 3412 amplius
3536 3341 3689 3395 inve-

2072 3435 2228 3489 nitur
2250 3454 2263 3501 ;
2287 3436 2386 3489 sed
2405 3441 2540 3490 tunc
2568 3436 2622 3489 ei
2635 3433 3049 3489 adhaarebimus
3071 3430 3353 3494 indefessi,
3375 3447 3511 3484 cum
3540 3430 3687 3483 vide-

2073 3522 2258 3577 bimus
2286 3540 2415 3578 eum
2444 3523 2583 3577 facie
2613 3522 2684 3576 ad
2710 3521 2909 3576 faciem
2938 3536 3123 3588 ;nunc
3148 3535 3280 3574 vero
3313 3518 3374 3573 in
3401 3523 3686 3590 quantum

2072 3629 2387 3683 possumus,
2407 3613 2542 3683 quia
2561 3627 2782 3683 semper
2803 3627 2917 3664 non
2945 3625 3262 3681 possumus,
3288 3608 3686 3661 adhaereamus

2074 3701 2125 3755 ei
2155 3718 2256 3772 per
2283 3701 2644 3766 desiderium,
2678 3699 3069 3754 adhaereamus
3094 3703 3152 3752 et
3180 3714 3281 3768 per
3305 3696 3681 3760 intellectum,

2074 3806 2145 3843 ne
2174 3789 2335 3855 forte,
2373 3790 2507 3843 dum
2537 3788 2874 3853 recedimus,
2906 3788 3307 3859 refrigeremur
3334 3804 3347 3853 ;
3401 3792 3503 3840 aut
3529 3792 3683 3840 certe

2077 3877 2228 3931 aliud
2258 3877 2499 3931 amando
2529 3876 2889 3931 fornicemur.
2939 3875 3049 3930 Sed
3077 3874 3211 3945 quia
3250 3874 3511 3927 continui
3562 3889 3685 3927 esse

2077 3982 2187 4020 non
2214 3982 2511 4036 possumus
2541 3965 2601 4019 in
2630 3964 2843 4019 fervore
2873 3964 3183 4029 charitatis,
3218 3979 3284 4017 eo
3310 3964 3465 4034 quod
3494 3962 3684 4016 minus

2077 4054 2483 4119 adhaereamus,
2517 4051 2911 4124 praegustando
2960 4052 3019 4105 in
3056 4051 3366 4115 intellectu,
3405 4066 3681 4121 ponamus

2076 4160 2234 4215 spem
2247 4148 2497 4196 nostram
2516 4142 2573 4195 in
2590 4140 2828 4196 Domino
2845 4141 2981 4207 Deo,
3002 4140 3153 4194 velut
3171 4139 3484 4193 anchoram
3498 4144 3681 4193 tutam

395 4231 589 4287 anima
615 4229 906 4284 rationalis
934 4230 1112 4283 Deum
1144 4234 1200 4283 et
1228 4229 1499 4300 quidquid
1532 4236 1618 4284 est
1646 4231 1795 4301 quod
1833 4230 1995 4284 intel-
2074 4232 2133 4286 in
2173 4232 2343 4285 caelis.
2378 4232 2548 4295 Pone,
2582 4246 2788 4301 quaeso,
2822 4230 3031 4293 anima,
3059 4245 3218 4299 spem
3262 4234 3428 4282 tuam
3480 4227 3544 4283 in
3572 4228 3681 4282 Do-

397 4320 523 4392 ligit
551 4321 749 4386 Deum,
782 4319 841 4373 in
871 4326 1144 4390 quantum
1188 4318 1470 4388 intelligit,
1497 4320 1758 4387 junctum
1799 4323 1900 4384 est,
1934 4325 1993 4373 et
2073 4322 2249 4387 mino,
2282 4321 2414 4391 quia
2443 4320 2680 4374 necdum
2705 4320 2885 4374 haeres
2913 4318 2963 4372 ei
2994 4334 3094 4395 per
3121 4317 3506 4388 praesentiam,
3544 4332 3680 4387 qua-

394 4410 570 4465 haeret
601 4409 724 4464 Deo.
758 4409 903 4463 Nam
940 4406 1204 4476 intelligit
1244 4406 1453 4473 anima,
1487 4407 1634 4477 quod
1664 4408 1813 4461 Deus
1840 4403 2236 4465 sum-Dtenus
2288 4426 2388 4480 spe
2436 4408 2757 4462 ﬁrmissima
2802 4412 2921 4461 tota
2976 4407 3267 4460 inhaerens.
3320 4404 3678 4458 Altissimum

394 4517 555 4555 mum
605 4505 663 4553 et
709 4495 1162 4553 incommutabile
1206 4496 1281 4549 sit
1318 4494 1545 4562 bonum,
1593 4496 1727 4566 quia
1773 4514 1995 4568 semper

396 4586 674 4656 ejusmodi
703 4593 806 4647 est.
841 4591 899 4640 et
926 4600 1214 4656 nunquam
1246 4584 1457 4655 patitur
1485 4585 1855 4640 mutationem
1886 4587 1993 4641 ali-

398 4689 601 4744 quam:
637 4673 841 4727 idcirco
880 4674 976 4744 qui
1005 4691 1064 4727 se
1094 4673 1423 4727 mutabilem
1454 4674 1627 4728 sentit
1668 4674 1875 4729 bonum
1907 4682 1994 4731 est

398 4759 451 4814 ei
474 4759 747 4813 inhaerere
787 4760 933 4814 bono
980 4760 1444 4827 incommutabili,
1478 4767 1542 4815 ut
1586 4762 1784 4816 exinde
1813 4761 1993 4817 bonus

397 4850 728 4918 permaneat
756 4864 769 4912 ;
801 4851 1063 4901 caeterum
1094 4847 1243 4918 quod
1274 4847 1460 4902 minus
1497 4848 1779 4920 intelligit.
1805 4851 1869 4905 In
1898 4850 1993 4905 illo

396 4940 765 5004 transponere
802 4949 1024 4987 onmem
1054 4951 1208 5004 spem
1240 4952 1401 4990 suam
1428 4936 1613 5003 debet,
1648 4937 1823 4993 donec
1852 4956 1993 5010 pur-

396 5028 564 5096 getur
573 5020 767 5075 oculus
782 5020 1247 5091 intelligentiae,et
1256 5027 1992 5091 evacuenturmala.Quibus

397 5113 614 5170 duobus
633 5111 822 5167 anima
832 5112 952 5182 jam
974 5110 1138 5165 beata
1156 5110 1412 5178 efficitur,
1436 5132 1497 5169 re
1521 5115 1793 5181 videlicet,
1822 5122 1992 5188 atque

395 5219 520 5274 spe.
559 5205 660 5269 Re,
702 5201 836 5274 quia
856 5198 1009 5253 videt
1038 5204 1097 5251 et
1147 5203 1432 5269 cognoscit
1457 5204 1670 5272 Deum;
1704 5222 1802 5277 spe
1835 5222 1986 5273 vero,

464 5375 488 5401 ο
511 5363 679 5431 Edit.,
712 5367 968 5420 interim.

403 5447 410 5453 '
463 5433 490 5472 δ
522 5433 690 5500 Edit.,
715 5440 939 5493 scilicet.

458 5520 480 5577 ς
509 5505 571 5559 in
596 5505 1095 5571 edit.,deesttanto
1116 5505 1307 5559 minus
1327 5506 1683 5577 attendimus,
1708 5512 1757 5561 et
1780 5514 1987 5577 quanto

387 5576 579 5629 minus
605 5578 965 5633 attendimus.

2075 4517 2208 4571 ergo
2228 4499 2401 4554 habes
2422 4499 2668 4570 positum
2683 4496 2963 4567 refugium
2979 4500 3141 4549 tuum
3162 4493 3223 4548 in
3243 4492 3533 4563 adjutorio
3557 4491 3673 4555 Dei,

2074 4587 2178 4643 sub
2194 4586 2535 4658 protectione
2550 4587 2725 4657 ipsius
2741 4600 3115 4650 commorare;
3136 4596 3364 4637 sursum
3385 4588 3444 4636 te
3459 4582 3670 4641 attolle,

2075 4676 2206 4748 quia
2223 4676 2467 4747 gravitas
2481 4675 2797 4747 iniquitatis
2815 4674 2875 4729 in
2887 4674 3099 4728 talento
3120 4669 3335 4743 plumbi
3357 4670 3542 4734 sedet,
3556 4686 3675 4741 gra-

2073 4765 2215 4819 vitas
2244 4780 2370 4818 vero
2394 4764 2685 4818 charitatis
2713 4780 2937 4835 semper
2960 4762 3112 4817 velut
3132 4761 3366 4815 ﬂamma
3393 4759 3470 4813 ad
3498 4760 3672 4813 Deum

2075 4854 2229 4908 intus
2259 4853 2505 4908 anhelat.
2524 4853 2794 4908 Micantes
2817 4869 2949 4923 ergo
2965 4849 3375 4913 dilectionis,ac
3392 4847 3669 4902 vibrantes

2077 4960 2302 4999 sursum
2330 4958 2553 5013 semper
2592 4943 2825 4997 allectus
2866 4945 3088 5007 movet;
3136 4938 3235 4992 sed
3281 4937 3436 4992 inter
3475 4952 3666 4991 secura

2075 5031 2401 5101 ﬂuctivagas
2422 5030 2618 5085 mundi
2639 5046 2805 5084 auras
2833 5045 2960 5100 spes
2995 5028 3106 5081 fixa
3131 5026 3190 5079 in
3218 5025 3403 5079 Deum
3442 5028 3660 5086 manet;

2076 5119 2341 5190 quoniam
2370 5119 2487 5174 haec
2514 5123 2666 5184 sunt,
2695 5134 2815 5187 qua:
2843 5134 2940 5171 nec
2966 5119 3155 5170 oculus
3191 5114 3349 5179 uidit,
3386 5129 3485 5166 nec
3510 5113 3663 5165 auris

2073 5209 2317 5278 audivit,
2344 5224 2438 5263 nec
2455 5211 2516 5262 in
2545 5222 2636 5261 cor
2654 5208 2897 5260 hominis
2921 5204 3372 5269 conscenderunt,
3402 5218 3521 5271 qua:
3533 5215 3663 5268 pr:-

2141 5365 2168 5407 d
2188 5365 2364 5433 Edit.,
2391 5367 2730 5434 fornicatur.

2140 5444 2157 5468 '
2184 5437 2354 5503 Edit.,
2385 5439 2630 5491 delicias.

2139 5508 2161 5550 τ
2189 5507 2359 5575 Edit.,
2393 5511 2552 5577 quia.
