4000 6170
363 243 512 301 1489
1305 245 1398 300 DE
1436 246 1790 303 PASSIONE
1830 217 1929 302 Ss.
1973 250 2221 307 RUFINI
2263 253 2352 308 ET
2389 254 2704 311 VALERII.
3497 258 3637 318 1490

357 389 588 453 paravit
607 387 747 440 Deus
766 385 851 438 his
873 385 972 453 qui
995 384 1243 451 diligunt
1271 401 1394 438 cum
1420 389 1469 453 (Ι
1491 388 1613 443 σον.
1637 404 1696 451 n,
1727 383 1798 452 9).
1816 387 1960 457 Ergo
1981 378 2031 436 A
2048 373 2117 428 de
2137 375 2241 441 his,
2259 377 2406 447 QUOd
2426 378 2558 444 diXi;
2582 379 2681 432 sed
2699 383 2760 433 ut
2790 378 2997 434 habeat
3025 378 3309 436 beatitudo
3330 386 3429 438 tua
3447 383 3632 438 adhuc

363 474 536 544 dilige
555 480 800 538 tantum,
831 478 888 526 et
915 472 1181 534 invenies,
1202 474 1464 541 quoniam
1495 480 1810 544 praeparata
1830 480 1963 529 sunt
2043 466 2336 536 tyronibus
2368 468 2513 536 quod
2560 469 2818 523 exhibeat
2854 470 2922 522 de
2949 469 3128 523 tribus
3154 471 3278 524 istis
3333 471 3631 528 virtutibus

361 570 496 617 ante
523 569 782 633 tempora
806 561 1098 615 saecularia
1125 561 1506 630 diligentibus.
1530 563 1766 616 Dilectio
1798 581 1960 616 nam-
2043 555 2162 609 sine
2184 556 2386 626 quibus
2416 573 2581 610 nemo
2605 563 2688 610 est
2720 571 2742 595 “
2772 558 3143 612 Chl‘istianus-
3177 559 3425 622 Quarum
3457 561 3633 630 igitur

364 669 474 722 que
503 653 624 706 sola
677 651 924 705 inveniet
964 667 1065 720 per
1091 650 1454 716 desiderium,
1487 652 1635 720 quod
1689 669 1815 722 spes
1839 654 1959 721 jam
2042 662 2263 698 summa
2283 645 2532 698 omnium
2550 646 2966 716 Scripturarum
2984 652 3303 700 sanctarum
3322 649 3506 718 explet
3522 650 3634 702 elo-

359 746 520 795 tenet
549 757 650 812 per
672 741 841 794 ﬁdem
885 738 1218 793 dilectionis.
1257 739 1462 808 Magna
1487 740 1664 808 igitur
1707 741 1789 793 vis
1827 741 1955 794 dile.

354 830 580 896 ctionis,
612 846 734 900 quae
754 829 891 882 talia
914 827 1356 898 comprehendit,
1393 827 1581 897 qualia
1637 844 1738 881 nec
1768 829 1961 899 oculus

360 919 520 987 vidit,
544 936 645 973 nec
671 919 824 973 auris
863 917 1093 982 audivit,
1120 933 1303 986 neque
1353 917 1412 968 in
1463 933 1558 970 cor
1585 917 1830 971 hominis
1876 935 1962 973 as-

359 1009 690 1071 cenderunt;
711 1007 810 1061 sed
827 1006 1112 1060 dilectioni
1131 1010 1329 1075 parata
1348 1011 1480 1058 sunt
1499 1005 1569 1058 ab
1590 1007 1958 1070 aeterno.Quae

355 1097 628 1150 nimirum
659 1095 902 1160 dilectio,
937 1111 1059 1164 quae
1089 1094 1144 1146 in
1199 1092 1363 1145 corde
1405 1091 1571 1157 venit,
1608 1093 1798 1145 omnia
1851 1093 1960 1147 ista

355 1184 753 1256 apprehendit;
788 1183 1141 1254 apprehensa
1168 1197 1297 1234 vero
1337 1180 1518 1250 diligit
1559 1199 1570 1232 :
1604 1197 1772 1250 quam
1826 1198 1960 1252 pro-

354 1272 500 1328 fecto
546 1273 898 1328 dilectionem
929 1272 1119 1324 anima
1147 1271 1193 1323 si
1242 1287 1356 1323 non
1386 1270 1655 1334 amiserit,
1685 1270 1805 1322 sine
1849 1271 1959 1324 ﬁne

327 1345 524 1418 lbeata
553 1363 640 1416 sui
671 1362 860 1432 sponsi
890 1361 1068 1414 dulcis
1096 1360 1316 1413 fruetur
1340 1358 1704 1429 amplexibus.

425 1450 475 1507 3.
511 1452 641 1505 Haec
664 1457 834 1522 prout
866 1450 1044 1520 potui,
1079 1449 1262 1511 Pater,
1281 1447 1411 1518 quia
1433 1448 1620 1517 petisti
1642 1447 1798 1512 olim,
1823 1448 1952 1502 licet

351 1541 411 1594 in
440 1541 634 1593 multis
653 1545 974 1609 occupatus,
991 1538 1225 1590 devotus
1246 1535 1453 1602 obtuli;
1481 1552 1593 1589 non
1614 1541 1680 1589 ut
1707 1535 1951 1590 sufﬁciat

424 1640 448 1669 ³
479 1631 543 1684 ln
571 1629 704 1682 edit.
737 1629 899 1682 deest
925 1632 1021 1680 est.

2043 735 2191 802 quia.
2213 734 2363 796 Quas
2379 735 2475 804 qui
2509 734 2767 788 habuerit
2791 752 2903 788 non
2933 740 3270 800 atramento,
3293 737 3392 790 sed
3418 736 3633 808 Spiritu

2042 827 2234 876 sancto
2262 823 2498 892 scriptas
2525 823 2584 876 in
2615 823 2955 893 praecordiis,
2978 822 3147 877 habet
3170 840 3393 877 omnem
3419 825 3631 880 intelli-

2039 911 2288 980 gentiam
2304 927 2489 964 rerum
2508 911 2842 982 spiritalium
2856 911 2915 964 in
2930 912 3115 966 terris.
3130 913 3194 966 In
3215 913 3381 966 terris
3399 914 3626 984 quippe,

2043 999 2172 1068 quia
2197 999 2642 1070 peregrinamur,
2658 1001 2753 1053 sed
2775 1000 3083 1054 secundum
3105 999 3414 1070 spiritalem
3444 1001 3629 1055 homi-

2040 1104 2170 1140 nem
2210 1088 2456 1158 quotidie
2483 1088 2880 1142 fructiﬁcantes
2907 1105 3008 1159 per
3034 1088 3378 1157 agnitionem
3410 1089 3510 1143 Dei
3547 1105 3632 1142 re-

2044 1193 2318 1230 novamur
2345 1177 2402 1230 in
2419 1177 2591 1230 caelis.
2616 1177 2724 1230 Per
2752 1177 3011 1230 eumdem
3030 1177 3355 1246 largitorem
3381 1177 3636 1231 omnium

2044 1265 2339 1329 bonorum,
2389 1270 2444 1319 et
2513 1270 2795 1318 auctorem
2861 1266 3062 1319 harum
3119 1265 3389 1320 virtutum
3443 1267 3636 1320 Jesum

2044 1354 2350 1419 Christum,
2385 1354 2481 1423 qui
2511 1371 2635 1407 cum
2672 1355 2838 1407 Patre
2866 1360 2923 1408 et
2950 1354 3164 1424 Spiritu
3190 1359 3383 1408 sancto
3410 1353 3544 1408 vivit
3566 1359 3625 1408 et

2033 1450 2235 1514 regnat
2261 1445 2412 1496 Deus
2441 1459 2541 1512 per
2569 1442 2908 1496 immortalia
2935 1443 3155 1509 saecula,
3181 1447 3238 1499 et
3265 1443 3325 1497 in
3350 1448 3622 1499 aeternum

2033 1534 2377 1589 benedictus.
2401 1533 2599 1586 Amen.

355 1771 3615 1802 mw

804 1888 941 2000 S.
1012 1885 2060 2001 PASGHASII
2132 1883 3154 1994 RADBIIBTI

1543 2081 2056 2145 CORBEIENSIS
2103 2080 2436 2151 ABBATIS

355 2249 598 2388 DE
657 2255 1542 2388 PASSIONE
1602 2258 1835 2387 SS.
1900 2252 2529 2384 RUFINI
2605 2253 2828 2379 ΕΤ
2890 2250 3616 2380 VALERII

1154 2492 1342 2557 (Juxta
1366 2489 1668 2543 editionem
1700 2487 2002 2552 Sirmondi,
2037 2487 2177 2557 Opp.
2213 2482 2499 2541 Paschasii
2530 2481 2840 2551 Radberti.)

1785 2619 2190 2633 ﬂ

423 2719 758 2773 RADBERTUS
840 2719 1190 2773 Corbeiensis
1264 2719 1433 2774 abbas
1451 2762 1464 2788 ,
1528 2721 1950 2775 Confessoribus
1969 2721 2017 2782 B
2029 2721 2206 2789 janua
2217 2733 2473 2789 supernae
2497 2715 3005 2787 contemplationis.
3023 2717 3159 2780 Quae
3181 2720 3391 2786 quanto
3407 2715 3626 2784 majora

350 2805 583 2858 Christi.

420 2894 508 2947 Ad
539 2894 868 2949 memoriam
915 2902 1237 2950 sanctorum
1269 2902 1583 2967 martyrum
1639 2896 1826 2950 Ruﬁni
1886 2912 1950 2948 ac

348 2981 561 3036 Valerii
582 2990 619 3035 '.
644 2984 784 3037 Cum
804 3000 908 3037 nos
937 2985 1360 3055 supplicationis
1389 2985 1680 3039 detulisset
1695 2986 1945 3049 affectus,

351 3070 574 3125 oblatus
604 3078 689 3126 est
735 3072 895 3126 nobis
925 3074 1248 3128 certaminis
1291 3091 1486 3128 eorum
1518 3073 1756 3139 libellus,
1791 3075 1949 3143 cujus

349 3161 602 3214 historiae
660 3161 1021 3232 depravatum
1071 3164 1263 3216 videns
1315 3163 1538 3229 seriem,
1570 3179 1671 3216 seu
1721 3168 1951 3233 propter

349 3249 774 3320 antiquitatem,
803 3268 898 3304 seu
924 3257 1154 3321 propter
1178 3251 1466 3322 scriptoris
1494 3252 1856 3322 imperitiam,
1878 3251 1948 3304 ad

348 3338 750 3392 emendatioris
780 3339 911 3409 styli
942 3339 1180 3393 formam
1209 3341 1514 3394 transferre
1539 3346 1772 3394 conatus
1798 3357 1941 3404 sum,

351 3426 672 3496 petentibus
702 3427 759 3479 id
791 3427 976 3497 ipsum
1006 3429 1111 3481 loci
1139 3429 1314 3498 ipsius
1342 3429 1771 3482 habitatoribus.
1794 3428 1945 3480 Reli-

346 3515 571 3583 giosum
604 3531 758 3581 sane,
799 3521 864 3569 ut
901 3517 1202 3584 credimus,
1246 3517 1594 3587 obsequium,
1631 3535 1694 3570 ac
1741 3516 1946 3568 sanctis

346 3602 694 3673 martyribus
722 3604 976 3674 dignum,
1006 3610 1070 3658 ut
1091 3623 1330 3675 quorum
1355 3607 1611 3659 doctrina
1634 3606 1756 3658 vitae
1785 3604 1945 3657 nobis

345 3691 458 3745 iter
484 3696 773 3745 ostensum
818 3698 920 3758 est,
953 3710 1192 3763 quorum
1241 3695 1507 3764 exemplis
1557 3695 1628 3748 ad
1676 3694 1945 3746 virtutum

346 3780 538 3834 studia
561 3780 763 3834 imbuti
784 3798 1001 3847 sumus,
1027 3799 1266 3851 quorum
1290 3783 1549 3853 precibus
1571 3783 1852 3835 salvamur
1879 3799 1944 3834 ac

344 3867 607 3938 praesidio
658 3870 1027 3939 protegimur,
1060 3887 1254 3924 eorum
1307 3887 1528 3941 quoque
1565 3869 1840 3933 victorias,
1874 3869 1946 3922 ad

344 3963 553 4010 nostrae
584 3957 902 4027 fragilitatis
938 3959 1370 4023 institutionem,
1408 3959 1768 4012 monimentis
1795 3959 1945 4011 inse-

2031 2808 2146 2861 sint
2175 2824 2344 2878 quam
2379 2805 2549 2860 vestis
2587 2811 2686 2859 aut
2738 2805 2916 2875 pulvis
2945 2821 3262 2875 corporum,
3300 2820 3626 2874 quanquam

2031 2902 2376 2960 sanctorum,
2399 2895 2557 2949 facile
2573 2893 3014 2964 comprehendit,
3042 2895 3360 2964 quicunque
3377 2893 3625 2963 pruden-

2030 2991 2119 3039 ter
2171 2984 2433 3038 advertit.
2458 2983 2560 3037 llla
2591 2982 2868 3052 siquidem
2915 2981 3320 3051 corruptibilia,
3353 2982 3468 3034 haec
3493 2996 3623 3051 per-

2032 3073 2350 3131 manentia;
2383 3071 2480 3124 illa
2501 3076 2744 3133 terrena,
2767 3070 2885 3124 haec
2912 3070 3192 3137 ccelestia;
3216 3070 3313 3122 illa
3341 3069 3623 3136 mortalia,

2031 3163 2148 3216 haec
2171 3160 2542 3232 sempiterna;
2573 3160 2627 3212 in
2652 3159 2762 3213 illis
2790 3159 2984 3230 primae
3015 3157 3476 3227 transgressionis
3495 3174 3626 3212 sen-

2029 3250 2211 3303 tentia
2233 3254 2624 3319 praesentatur,
2641 3249 2698 3301 in
2717 3248 2839 3301 istis
2853 3263 3006 3300 novae
3022 3245 3297 3299 libertatis
3317 3247 3465 3300 dona
3475 3263 3627 3300 com-

2029 3338 2590 3409 probantur;utque,
2620 3337 2769 3406 quod
2795 3341 2898 3392 est,
2928 3335 3200 3400 dicamus,
3230 3335 3311 3387 illi
3351 3335 3499 3404 quod
3531 3335 3628 3390 ho-

2029 3427 2183 3480 noris
2227 3431 2377 3490 sunt,
2413 3425 2564 3494 quod
2592 3424 2785 3493 gloriae
2814 3424 2925 3476 ista
2951 3423 3257 3489 contulere,
3291 3424 3406 3477 hazc
3435 3428 3628 3477 autem

2030 3515 2099 3568 ab
2135 3515 2245 3568 illis
2275 3513 2552 3566 defectum
2582 3512 2767 3582 potius
2797 3512 3097 3581 pertulere,
3132 3527 3302 3579 quam
3330 3528 3626 3582 suscepere

2029 3603 2358 3674 profectum.
2394 3603 2608 3670 Corpus
2651 3617 2894 3669 namque
2925 3600 3072 3669 quod
3100 3600 3497 3669 corrumpitur,
3523 3599 3622 3652 de-

2028 3690 2221 3762 primit
2240 3689 2546 3744 honestatis
2568 3705 2633 3741 ac
2654 3687 2941 3757 sapientiae
2963 3688 3247 3752 meritum,
3275 3703 3387 3740 non
3417 3687 3618 3753 elevat,

2029 3785 2084 3833 et
2112 3780 2265 3833 carni
2286 3784 2344 3831 et
2364 3776 2625 3846 sanguini
2648 3775 2827 3828 amica
2846 3780 2980 3828 sunt
2999 3775 3151 3839 vitia,
3185 3774 3478 3828 contrariae
3505 3775 3620 3828 vir-

2028 3868 2353 3922 tutes.Cum
2382 3866 2502 3919 haec
2533 3865 2613 3918 ita
2638 3881 2696 3918 se
2727 3863 2992 3929 habeant,
3011 3879 3198 3917 nonne
3218 3863 3441 3917 videtur
3471 3865 3623 3918 indi-

2026 3973 2222 4026 gnum,
2249 3956 2384 4008 dum
2432 3955 2530 4007 illa
2577 3953 2752 4007 thecis
2781 3952 2968 4006 aureis
3005 3952 3334 4016 vestiantur,
3375 3953 3622 4022 pretioso

345 4062 557 4111 ramus,
585 4063 687 4099 nec
715 4047 898 4117 perire
928 4064 1028 4118 per
1058 4048 1412 4117 negligentiae
1445 4054 1725 4118 torporem
1755 4042 2000 4117 patia-C
2025 4045 2209 4115 lapide
2256 4044 2618 4105 adornentur,
2655 4041 2700 4095 si
2739 4041 2961 4094 sordide
2999 4041 3107 4094 ista
3160 4045 3217 4094 et
3270 4041 3622 4111 negligenter

345 4150 479 4188 mur
504 4134 699 4188 utilem
712 4135 881 4188 nimis
902 4141 1070 4206 atque
1093 4137 1397 4189 salutarem
1417 4136 1632 4189 cunctis
1649 4135 1737 4206 pie
1759 4136 1943 4204 legen-

343 4222 498 4276 tibus
526 4228 870 4292 provectum.
906 4224 964 4277 Si
1020 4224 1168 4277 enim
1193 4224 1362 4277 vestis
1406 4224 1614 4293 exiguae
1645 4223 1938 4293 particula,

344 4311 432 4363 vel
459 4311 710 4364 modicus
729 4311 961 4364 resoluti
987 4312 1300 4382 corpusculi
1320 4313 1518 4381 pulvis,
1534 4313 1601 4364 de
1621 4318 1939 4364 sanctorum

343 4398 634 4452 memoriis
665 4406 1038 4469 comparatus,
1083 4399 1360 4453 ineffabile
1411 4400 1667 4453 ﬁdelibus
1697 4399 1943 4470 praebere

343 4487 721 4557 patrocinium
750 4488 1016 4550 creditur,
1049 4488 1173 4557 quis
1223 4489 1390 4557 digne
1430 4489 1513 4542 vel
1556 4488 1830 4558 explicare
1859 4488 1943 4540 vel

342 4575 599 4643 cogitare
646 4576 826 4629 valeat
869 4593 1063 4629 eorum
1113 4577 1226 4630 vita
1270 4577 1617 4646 virtutesque
1674 4586 1943 4646 quantam

342 4663 543 4717 salutis
574 4664 866 4717 materiam
906 4664 1198 4717 conferant
1223 4665 1437 4717 devotis
1475 4665 1779 4726 mentibus,
1813 4682 1939 4718 cum

341 4752 720 4822 replicantur?
742 4753 878 4806 Inde
907 4769 1150 4822 namque
1173 4753 1310 4805 ﬁdes
1341 4754 1620 4818 ﬁrmatur,
1639 4754 1816 4823 pietas
1838 4770 1938 4807 nu-

340 4841 532 4905 tritur,
558 4841 754 4894 mundi
783 4847 1136 4911 contemptus
1174 4840 1442 4906 nascitur,
1471 4842 1812 4896 desiderium
1843 4859 1939 4896 su-

338 4945 648 5000 pernorum
665 4935 989 4999 generatur,
1009 4935 1082 4995 et,
1101 4936 1164 4983 ut
1193 4936 1377 4983 totum
1405 4930 1647 4984 breviter
1666 4932 1936 4997 dicamus,

335 5035 494 5071 mors
520 5017 788 5082 aufertur,
811 5018 922 5071 vita
941 5019 1198 5087 largitur.
1222 5018 1313 5072 Sic
1341 5019 1491 5072 enim
1545 5021 1816 5087 Salvator,
1845 5022 1944 5088 qui

337 5108 534 5171 credit,
568 5105 769 5175 inquit,
802 5109 868 5159 in
896 5123 998 5172 me,
1034 5110 1200 5160 etiam
1230 5111 1280 5160 si
1303 5113 1556 5161 mortuus
1578 5111 1771 5174 fuerit,
1805 5112 1943 5162 νὴ·οι

341 5198 524 5263 (Joan.
547 5196 645 5260 x1).
675 5194 761 5246 Ad
792 5195 1266 5250 resurrectionem
1309 5196 1550 5266 denique
1581 5213 1646 5250 ex
1684 5197 1937 5260 mortuis,

337 5283 413 5336 ad
441 5282 884 5336 immortalitatis
903 5282 1111 5337 bonum
1137 5289 1439 5355 perpetuae,
1467 5285 1702 5339 historia
1719 5291 1938 5339 sancto-

336 5387 492 5435 rum,
506 5370 849 5425 incentivum
865 5378 950 5426 est
966 5373 1301 5440 sanctitatis,
1320 5373 1527 5442 gradus
1548 5373 1936 5445 provectionis,

415 5544 436 5569 u
486 5542 646 5592 xvnl.
681 5531 802 5587 Kal.
829 5532 944 5586 Jul.

2027 4133 2372 4187 habeantur?
2402 4131 2562 4194 Quod
2593 4131 2674 4195 ﬁt,
2700 4130 2922 4200 quando
2943 4131 3028 4183 vel
3057 4129 3128 4183 ad
3159 4129 3488 4183 memoriam
3517 4146 3620 4200 po-

2025 4221 2295 4276 steritatis
2325 4237 2436 4274 non
2491 4224 2836 4279 statuuntur,
2870 4219 2957 4271 vel
3000 4219 3412 4272 sententiarum
3447 4223 3616 4289 atque

2025 4311 2320 4364 verborum
2351 4309 2500 4363 vitiis
2531 4308 2754 4373 violata,
2787 4308 2854 4360 ad
2896 4307 3188 4376 dignitatis
3222 4306 3476 4360 habitum
3506 4324 3619 4360 non

2025 4400 2420 4453 reformantur.
2452 4399 2578 4452 Non
2611 4397 2764 4468 quod
2807 4397 3075 4449 virtutum
3105 4395 3347 4464 insignia
3376 4400 3433 4448 et
3459 4401 3620 4464 gesta

2026 4495 2347 4541 sanctorum
2387 4489 2681 4557 stupenda,
2714 4486 2870 4538 fucos
2912 4484 3204 4538 verborum
3252 4487 3420 4552 atque
3449 4498 3619 4536 orna-

2027 4582 2218 4630 menta
2242 4576 2534 4646 requirant
2551 4573 2837 4636 orationis,
2867 4572 2966 4624 sed
2999 4571 3146 4641 quod
3169 4570 3401 4640 simplex
3422 4587 3622 4626 eorum

2026 4671 2194 4735 atque
2215 4664 2488 4717 naturalis
2511 4662 2769 4733 prolatio,
2801 4660 3064 4713 distincta
3085 4665 3276 4712 tamen
3297 4665 3354 4713 et
3380 4660 3622 4714 honesta

2024 4753 2190 4807 debet
2208 4753 2390 4823 specie
2411 4753 2647 4813 enitere,
2677 4766 2747 4802 ne
2779 4765 2964 4802 sermo
2987 4747 3250 4802 confusus
3281 4754 3337 4802 et
3356 4749 3620 4804 horridus

2022 4860 2136 4897 non
2168 4843 2427 4905 instruat,
2452 4840 2549 4894 sed
2578 4838 2824 4892 offendat
2853 4837 3187 4893 auditorem.
3221 4838 3396 4891 Porro
3427 4855 3622 4909 quem-

2025 4930 2329 4984 admodum
2389 4929 2501 4981 vita
2547 4932 2870 4980 sanctorum
2917 4925 3216 4996 diligenter
3267 4932 3436 4998 atque
3488 4933 3619 4996 apte

2027 5017 2304 5086 descripta
2347 5015 2542 5068 laudes
2591 5029 2786 5066 eorum
2816 5013 3034 5080 dilatat,
3067 5013 3149 5067 ita
3197 5030 3416 5084 quoque
3444 5013 3618 5082 negli-

2023 5107 2247 5177 gentius
2321 5103 2531 5168 habita,
2593 5102 2832 5171 gloriam
2906 5118 3102 5156 eorum
3167 5100 3455 5163 diminuit,
3518 5100 3616 5152 Ec-

2024 5195 2202 5250 clesiae
2240 5195 2447 5247 famam
2478 5191 2791 5256 obnubilat,
2821 5191 3029 5245 Christi
3071 5188 3358 5243 victoriam
3387 5185 3615 5241 abscon-

2024 5284 2125 5337 dit.
2175 5283 2370 5352 Neque
2451 5281 2567 5335 haec
2641 5281 2933 5351 loquentes
3007 5277 3212 5331 sanctis
3283 5274 3612 5345 pignoribus

2024 5373 2382 5441 derogamus,
2433 5370 2888 5442 quandoquidem
2936 5365 3144 5421 cunctis
3199 5365 3290 5436 pie
3342 5380 3402 5418 se
3455 5379 3613 5417 vene-
