4000 6170
452 303 594 386 1495
1211 297 1267 353 S.
1310 295 1684 352 PASCHASII
1725 293 2085 350 RADBERTI
2126 295 2432 352 ABBATIS
2471 297 2969 356 CORBEIENSIS.
3605 300 3738 356 1496

455 430 652 504 Apollo
677 429 844 501 rigat,
861 429 1011 484 Deus
1026 443 1156 482 vero
1177 424 1274 481 dat
1289 423 1749 488 incrementum”
1779 422 1900 475 Cor.
1934 423 2040 490 nl).
2061 425 2108 484 Α
2129 423 2350 478 savitia
2380 425 2639 480 cumulus
2669 427 2739 480 ad
2759 443 2954 482 versus
2967 426 3347 482 innocentiam
3370 427 3554 483 semel
3581 427 3741 481 addi-

455 524 580 578 Non
611 523 784 592 igitur
812 519 1196 574 discernamus
1229 514 1449 576 merita,
1492 528 1728 582 quorum
1755 528 1863 564 non
1891 510 2055 580 largi-
2137 517 2303 575 ctam,
2338 513 2506 566 etiam
2544 513 2848 569 famulatus
2887 517 3184 571 tormentis
3225 516 3585 588 disquiritur,
3645 516 3739 586 qui

455 628 586 664 mur
615 611 874 673 honores,
907 624 1010 661 nec
1052 607 1121 659 de
1167 602 1388 656 coronis
1420 601 1572 654 litem
1624 600 2048 663 constituamus,

459 716 698 769 quorum
740 698 1018 752 nescimus
1066 708 1273 763 agones
1315 690 1614 744 aestimare.
1660 689 1768 742 Sed
1797 689 1876 742 illi
1900 688 2054 758 judi-

458 787 607 842 cium
629 788 1031 856 relinquamus,
1061 783 1157 853 qui
1197 786 1472 851 martyres
1499 795 1627 831 suos
1658 784 1714 830 et
1741 778 1957 830 vincere
1975 776 2056 829 fe-

458 878 552 940 cit,
604 883 658 929 et
705 871 1184 943 triumphantibus
1226 868 1472 922 reddidit
1499 883 1751 920 coronas.
1783 866 2053 936 Equidem

458 966 558 1019 ﬁlii
581 963 833 1036 patribus
854 961 1157 1015 ofﬁciosam
1191 959 1504 1030 rependant
1535 956 1967 1017 venerationem,
1999 961 2056 1008 et

457 1053 653 1108 famuli
676 1057 943 1122 patronos
973 1049 1248 1118 religiosis
1278 1052 1544 1101 studeant
1567 1045 1848 1115 obsequiis
1878 1045 2056 1097 hono-

459 1159 620 1198 rare;
653 1142 916 1212 Spectent
963 1155 1191 1207 agones,
1227 1153 1338 1191 non
1385 1136 1742 1200 discernant;
1787 1135 2058 1187 mirentur

457 1231 737 1292 victorias,
776 1245 886 1282 non
908 1227 1222 1293 astiment;
1253 1229 1517 1295 stupeant
1542 1240 1796 1288 coronas,
1829 1239 1940 1276 non
1965 1223 2060 1292 ju-

461 1321 673 1376 dicent.
697 1320 837 1372 Cum
861 1317 1034 1386 igitur
1061 1333 1204 1369 sava
1233 1314 1519 1369 barbaries
1543 1313 1788 1366 cruentis
1806 1311 2062 1366 manibus

462 1426 590 1463 aras
615 1409 930 1462 damonum
950 1406 1183 1476 antiqua
1208 1421 1318 1457 non
1337 1403 1624 1472 religione,
1651 1402 1748 1455 sed
1768 1402 2058 1472 impietate

2137 600 2318 670 primo
2348 601 2699 657 lenocinante
2739 604 2920 658 favore
2960 604 3319 670 suadebatur,
3375 605 3476 659 sed
3531 604 3735 659 Christi

2139 689 2411 743 militibus
2441 707 2506 743 eo
2529 693 2829 761 gloriosior
2857 694 3090 748 victoria
3118 700 3472 765 praeparatur
3503 710 3619 764 quo
3632 693 3740 746 for-

2107 778 2283 832 ‘tiora
2309 780 2615 834 certamine
2645 789 3007 852 appetuntur.
3034 784 3104 837 Et
3123 783 3252 837 inde
3271 784 3604 854 triumphus
3633 783 3745 837 vin-

2135 867 2390 921 centibus
2420 871 2604 938 major
2631 872 2894 940 assurgit,
2927 872 3078 925 unde
3104 872 3322 926 hostilis
3343 889 3554 926 manus
3567 873 3745 926 acrio-

2136 957 2184 1008 ri
2214 956 2422 1010 savitia
2451 965 2691 1027 pugnat.
2722 961 2943 1014 Satana
2972 961 3146 1030 igitur
3175 967 3469 1015 exsecutor
3499 961 3562 1014 in
3593 961 3749 1014 Chli-

2138 1044 2209 1098 sti
2239 1045 2539 1098 exercitum
2569 1046 2808 1101 fremere
2837 1055 3040 1118 potest,
3068 1065 3336 1119 superare
3365 1066 3482 1102 non
3513 1053 3704 1119 potest
3729 1068 3740 1116 ;

2143 1133 2473 1203 impugnare
2506 1135 2670 1199 valet,
2699 1136 2796 1189 sed
2837 1137 3012 1190 victus
3043 1138 3269 1191 recedit.
3306 1138 3450 1191 Cum
3475 1153 3615 1206 ergo
3635 1137 3750 1208 plu-

2144 1222 2314 1276 rimas
2345 1222 2510 1276 urbes
2568 1225 2879 1278 Galliarum
2911 1241 3071 1279 roseo
3101 1231 3422 1296 martyrum
3472 1226 3748 1296 sanguine

2145 1311 2482 1376 decorasset,
2528 1312 2809 1366 civitatem
2861 1314 3088 1367 Rhemis
3133 1314 3376 1378 advenit,
3408 1313 3510 1368 ubi
3544 1314 3748 1367 multos

2141 1405 2461 1453 sanctorum
2497 1400 2784 1471 suppliciis
2829 1419 2929 1472 pro
2987 1401 3196 1456 Christi
3244 1401 3608 1456 confessione
3662 1402 3745 1455 di-

463 1503 844 1561 veneraretur,
905 1501 963 1549 et
1006 1494 1129 1564 pari
1175 1509 1449 1546 consensu
1496 1507 1609 1544 una
1640 1491 2054 1560 superstitione,
2140 1489 2315 1542 versis
2346 1489 2650 1543 interemit.
2683 1492 2757 1544 At
2793 1496 3091 1560 postquam
3137 1507 3274 1561 quos
3303 1492 3363 1545 in
3393 1491 3602 1545 eodem
3633 1491 3746 1545 loco

464 1602 794 1642 numerosas
847 1585 1081 1637 deorum
1138 1589 1386 1637 catervas
1445 1587 1765 1635 senescente
1825 1581 2060 1650 jamjam
2142 1577 2309 1646 hujus
2340 1577 2580 1630 nominis
2605 1577 2877 1647 dignitate
2906 1578 3232 1632 nobilitatos
3252 1584 3747 1650 repererat,acer-

468 1673 678 1728 mundo
708 1672 1034 1743 suapiceret,
1066 1687 1168 1724 nec
1197 1671 1400 1741 aliquis
1427 1671 1678 1724 veritatis
1701 1669 1966 1740 splendor
1983 1675 2061 1722 te-
2083 1741 2100 1743 Α
2143 1665 2316 1718 bitate
2339 1682 2630 1735 poenarum
2663 1673 3123 1732 consummasset,
3138 1667 3287 1721 fama
3310 1667 3467 1721 beati
3483 1668 3748 1738 martyris

463 1761 706 1816 nebrosa
725 1741 1013 1814 Gallorum
1037 1760 1205 1813 corda
1233 1759 1594 1823 illuminaret,
1626 1758 1853 1812 tandem
1876 1741 2128 1811 divinaB
2147 1755 2398 1818 Quintini
2428 1759 2801 1825 permovetur,
2836 1756 2983 1825 quod
3013 1756 3283 1810 virtutum
3315 1756 3501 1826 signis
3532 1762 3592 1809 et
3621 1773 3749 1827 pra-

465 1851 645 1922 pietas
666 1849 922 1913 indoluit,
948 1854 1006 1902 et
1027 1849 1096 1902 ad
1115 1849 1496 1919 depellendam
1522 1847 1716 1900 mortis
1745 1847 2058 1915 caliginem,
2146 1843 2422 1896 dicatione
2450 1843 2676 1896 sublimi
2718 1845 2896 1898 multa
2924 1844 3270 1899 diversorum
3301 1845 3484 1898 millia
3515 1845 3750 1916 pOpulo-

466 1955 622 1992 nova
645 1938 840 2008 gratia
868 1954 1150 2008 praecones
1180 1937 1497 2001 destinavit,
1526 1953 1626 2007 per
1649 1953 1788 2006 quos
1818 1935 2059 2004 Belgica,
2144 1948 2270 1985 rum
2322 1949 2356 1984 a
2385 1932 2699 1986 simulacris
2730 1939 3025 1999 averteret,
3059 1940 3116 1988 et
3144 1934 3216 1988 ad
3251 1935 3371 1988 veri
3411 1951 3750 2005 semperque

467 2026 721 2096 deposito
766 2043 976 2088 errore,
1015 2042 1208 2080 verum
1258 2025 1387 2078 ﬁdei
1439 2026 1629 2078 lumen
1659 2024 1827 2094 ccepit
1854 2024 2058 2088 videre,
2142 2020 2377 2075 viventis
2407 2021 2507 2075 Dei
2537 2021 2864 2091 religionem
2897 2023 3259 2094 manciparet.
3294 2025 3498 2094 Itaque
3529 2030 3750 2077 tantum

465 2116 709 2186 indeque
739 2115 1079 2186 quotidianis
1107 2113 1457 2185 provectibus
1477 2119 1779 2183 augmenta
1794 2112 2062 2182 capiendo
2145 2109 2462 2163 animarum
2489 2110 2727 2164 salutem
2767 2116 2824 2165 et
2851 2112 3170 2166 damonica
3201 2112 3633 2182 superstitionis
3662 2113 3753 2166 de-

468 2205 686 2268 salutis,
718 2221 896 2275 usque
925 2205 995 2258 ad
1021 2203 1489 2274 supradictorum,
1541 2201 1792 2264 Quintini
1832 2201 2060 2264 scilicet,
2145 2199 2474 2252 trimentum
2525 2216 2672 2268 aegre
2725 2200 2890 2254 nimis
2929 2200 3132 2264 ferens,
3165 2200 3237 2254 ab
3266 2201 3407 2254 urbe
3440 2201 3751 2271 digressus,

468 2293 658 2347 Rufini
687 2310 751 2346 ac
771 2293 977 2346 Valerii
1002 2297 1241 2362 tempus,
1266 2292 1581 2345 damonum
1605 2291 2068 2359 cultores,quam-
2147 2286 2625 2341 Viromandisiter
2644 2288 2878 2342 invadit.
2906 2289 3192 2360 Siquidem
3215 2289 3442 2342 libellus
3475 2291 3755 2360 passionis

468 2381 554 2434 vis
585 2381 792 2435 Christi
821 2381 1078 2435 Ecclesiis
1110 2387 1328 2444 ornata,
1349 2377 1844 2449 complectebatur.
1873 2378 1981 2431 Sed
2005 2384 2068 2432 ut
2147 2381 2471 2430 sanctorum
2486 2377 2675 2430 Ruﬁni
2698 2384 2866 2448 atque
2906 2379 3110 2431 Valerii
3130 2378 3400 2442 continet,
3430 2378 3493 2432 in
3528 2395 3600 2432 ea
3628 2379 3756 2433 civi-

471 2485 505 2522 a
533 2468 768 2538 profana
795 2469 1191 2539 SUperstitione
1217 2467 1557 2538 provinciam
1579 2465 1756 2520 sancti
1789 2472 2067 2536 martyres
2150 2469 2265 2517 tate
2278 2465 2648 2519 venerabilem
2666 2466 2863 2520 diebus
2883 2467 2995 2520 illis
3017 2467 3187 2520 fuisse
3203 2466 3757 2538 Quintinum.lpsius

468 2557 794 2624 liberarent,
826 2557 894 2611 ab
910 2557 1046 2612 urbe
1066 2557 1243 2610 Roma
1259 2557 1507 2626 profecti,
1534 2555 1742 2609 Gallias
1764 2555 2064 2625 petierunt,
2151 2559 2337 2605 autem
2370 2553 2606 2607 historia
2634 2555 2908 2625 passionis
2937 2555 3190 2609 insinuat
3202 2555 3501 2609 Ambianis
3530 2556 3755 2610 civitate

469 2663 583 2701 non
613 2646 1016 2717 persecutionis
1044 2631 1266 2710 timore,
1301 2661 1424 2716 qua
1452 2651 1586 2698 tunc
1615 2661 1715 2714 per
1743 2643 1935 2698 orbem
1964 2661 2068 2697 sa-
2151 2640 2332 2710 primo
2361 2657 2396 2693 a
2424 2641 2741 2696 Rictiovaro
2793 2643 3052 2713 prafecto
3089 2648 3448 2707 conventum,
3493 2649 3554 2697 et
3593 2644 3755 2697 variis

471 2735 660 2790 viebat
695 2736 1040 2799 universum,
1082 2735 1180 2788 sed
1218 2735 1335 2787 zelo
1389 2733 1680 2787 charitatis
1735 2733 1973 2794 accensi,
2007 2737 2072 2786 ut
2151 2729 2328 2799 poenis
2376 2731 2774 2789 excruciatum,
2830 2732 3037 2802 quique
3067 2731 3509 2802 insuperabilem
3553 2733 3758 2787 Christi

468 2825 727 2879 homines
755 2841 789 2877 a
818 2825 1015 2878 mortis
1043 2823 1424 2877 dominatione
1454 2823 1718 2876 liberatos
1749 2823 1808 2875 in
1829 2822 1952 2875 vita
1978 2839 2068 2874 re-
2152 2818 2416 2888 martyris
2436 2820 2684 2873 animum
2706 2820 3236 2890 deprehendens,ad
3257 2822 3583 2890 Augustam
3605 2822 3757 2876 Viro-

477 2915 780 2968 stituerent
816 2913 1166 2982 dignitatem.
1201 2912 1345 2975 Quid
1376 2911 1526 2964 enim
1560 2928 1670 2964 uno
1701 2911 1758 2964 in
1788 2911 1908 2964 loco
1932 2911 2069 2964 vita-
2152 2907 2647 2962 mandorumferro
2668 2926 2867 2963 manus
2895 2910 3148 2980 collaque
3165 2910 3411 2963 vinctum
3427 2911 3754 2965 destinavit.

471 3008 601 3056 rent
630 3002 777 3072 quod
804 3001 1011 3071 ubique
1041 2999 1380 3054 denotabat?
1408 3001 1524 3053 Aut
1569 2999 1702 3068 quid
1732 3015 2070 3069 consequen-
2094 3057 2132 3072 η
2153 2995 2273 3058 Quo
2299 2997 2616 3067 perductus,
2650 2998 2846 3051 eodem
2866 2999 3128 3052 saviente
3147 2998 3428 3069 prafecto,
3453 3000 3755 3054 dirissimis

469 3093 552 3145 tia
596 3057 878 3145 to‘rmenta
919 3057 1241 3142 inetuerent
1289 3105 1412 3158 qua
1469 3057 1708 3140 libenter
1735 3105 1834 3158 pro
1863 3057 2071 3142 Christi
2091 3057 2134 3115 Ο
2153 3057 2238 3137 est
2285 3057 2580 3140 tormentis
2609 3057 2926 3157 appetitus,
2955 3088 3024 3141 ad
3056 3057 3369 3141 extremum
3400 3057 3538 3141 vero
3569 3089 3745 3160 capite

471 3195 664 3232 amore
693 3177 1126 3230 sustinuerunt?
1155 3177 1279 3229 Non
1322 3177 1494 3245 igitur
1537 3176 1785 3245 corporis
1824 3182 1887 3229 ut
1917 3193 2069 3230 mor-
2151 3189 2346 3241 casus,
2387 3180 2556 3244 atque
2585 3176 2642 3228 in
2692 3176 2922 3229 ﬂuvium
2957 3177 3355 3246 pracipitatus.
3389 3177 3612 3230 Verum
3663 3177 3748 3231 ubi

471 3273 585 3320 tem
643 3266 902 3334 fugerent
950 3265 1239 3318 Gallorum
1269 3265 1528 3317 adierunt
1550 3263 1851 3329 feritatem,
1884 3266 2064 3335 magis
2145 3262 2326 3332 primo
2346 3263 2516 3317 fuerit
2539 3265 2785 3329 auditus,
2811 3281 2924 3318 non
2937 3270 3021 3318 est
3041 3271 3295 3318 nostrum
3320 3264 3605 3334 judicare,
3630 3282 3749 3319 cum

475 3371 601 3408 vero
653 3359 930 3424 quatenus
979 3370 1080 3424 per
1121 3353 1373 3424 martyrii
1413 3354 1659 3423 palmam
1699 3361 2065 3424 prOperarent
2147 3351 2285 3404 ﬁdes
2311 3353 2621 3422 sepultura
2649 3353 2832 3407 locum
2862 3354 3197 3407 conﬁteatur
3222 3354 3526 3424 passionis,
3551 3371 3655 3408 nec
3675 3371 3753 3407 re-

472 3445 542 3497 ad
599 3443 908 3507 Christum,
936 3442 1204 3496 savitiam
1234 3442 1586 3496 ferocissima
1610 3443 1796 3512 gentis
1825 3444 2064 3513 expetie-
2146 3456 2401 3509 pugnans
2430 3458 2551 3494 esse
2577 3438 2851 3505 Videatur,
2885 3442 2932 3495 Si
2953 3442 3110 3512 Prius
3130 3441 3573 3497 Ambianensem
3604 3443 3753 3496 d800-

467 3538 620 3586 ι-υηι,
2146 3529 2353 3582 raverit
2379 3529 2596 3595 urbem,
2622 3547 2732 3584 non
2749 3531 2929 3584 solum
2945 3531 3378 3601 pradicationis,
3400 3548 3602 3585 verum
3623 3549 3751 3602 quo-

543 3624 660 3676 Hac
685 3622 876 3691 itaque
897 3624 1230 3690 tempestate
1246 3619 1597 3673 Rictiovarus
1622 3619 1679 3672 in
1700 3620 1894 3673 Galliis
1925 3638 2064 3690 pra-
2149 3634 2256 3686 que
2284 3618 2539 3686 gloriosa
2558 3620 2724 3674 titulo
2744 3620 3125 3685 confessionis,
3150 3637 3214 3674 ac
3242 3626 3439 3691 postea
3459 3621 3753 3674 Viroman-

471 3713 745 3765 fecturam
797 3708 1048 3778 gerebat.
1117 3708 1210 3759 V'ir
1252 3707 1425 3760 animi
1456 3707 1678 3760 feritate
1708 3708 1967 3768 crudelis,
2011 3716 2067 3762 et
2147 3705 2232 3757 dis
2257 3706 2555 3776 profectus,
2579 3725 2691 3762 non
2722 3709 2954 3762 minoris
2981 3709 3142 3763 fama
3161 3709 3506 3772 celebritate,
3528 3716 3756 3780 propter

469 3798 774 3870 impietatis
793 3796 1142 3850 immanitate
1163 3796 1296 3865 ipsis
1325 3796 1694 3849 truculentior
1721 3797 1934 3865 legibus
1963 3798 2066 3850 im-
2146 3795 2432 3863 signorum
2449 3797 2763 3851 claritatem
2784 3798 3260 3868 etpradicationis
3288 3798 3644 3861 instantiam,
3662 3815 3752 3852 au-

470 3894 816 3959 peratorum.
845 3885 952 3948 Qui
975 3885 1205 3955 cupiens
1231 3884 1616 3954 imperialibus
1633 3886 1952 3938 satisfacere
1973 3886 2065 3938 de-
2146 3901 2234 3936 res
2263 3884 2418 3955 impii
2444 3886 2825 3940 sollicitaverit
2854 3887 3115 3958 prafecti.
3145 3887 3338 3957 Neque
3377 3887 3534 3940 enim
3566 3894 3752 3942 tantus

469 3976 655 4041 cretis,
690 3979 748 4028 et
771 3974 1008 4028 vesania
1032 3989 1147 4026 sua
1159 3973 1346 4026 furore
1361 3988 1645 4033 accensus,
1674 3972 2063 4041 gravissimam
2145 3973 2582 4045 Christimartyr
2592 3981 2907 4030 estcarcere
2922 3975 3345 4047 susceptus,etsi
3357 3975 3511 4030 ferro
3527 3977 3749 4046 ligatus,

470 4065 531 4118 in
561 4063 909 4118 Christianos
957 4061 1397 4131 persecutionem
1427 4061 1597 4131 capit
1634 4061 1878 4129 agitare;
1913 4065 1969 4114 ct
1999 4066 2064 4114 ut
2144 4077 2178 4114 a
2207 4062 2597 4130 praedicatione
2618 4065 2868 4134 linguam
2895 4064 3448 4135 tenuitimpeditam;
3475 4065 3593 4119 imo
3621 4072 3744 4120 tunc

471 4154 751 4207 culturam
799 4150 1111 4204 simulacris
1148 4149 1492 4213 exhiberent,
1536 4166 1686 4202 nunc
1733 4148 2060 4215 terroribus,
2147 4151 2512 4216 constantius,
2542 4157 2677 4206 tunc
2706 4154 2994 4206 ardentius
3025 4170 3152 4207 eum
3183 4153 3549 4224 praedicabat,
3598 4157 3748 4224 cujus

471 4258 620 4295 nunc
647 4239 1046 4293 blandimentis
1075 4239 1330 4302 suadere,
1363 4255 1474 4292 non
1505 4238 1916 4308 acquiescentes
1935 4255 2065 4292 vero
2147 4239 2417 4293 charitate
2437 4257 2736 4294 succensus
2765 4242 2912 4295 inter
2932 4241 3398 4311 ﬂagellaridebat,
3412 4242 3570 4296 inter
3584 4259 3747 4314 equu-

471 4335 692 4388 diverso
720 4336 1129 4385 tormentorum
1147 4347 1353 4400 genere
1383 4346 1600 4384 necare.
1628 4330 1890 4384 Certabat
1915 4331 2064 4383 enim
2082 4371 2131 4428 D
2148 4327 2264 4379 leos
2292 4329 2623 4393 exsultabat,
2654 4330 2801 4384 inter
2828 4331 3064 4400 ﬁgentes
3107 4331 3348 4384 laminas
3379 4331 3744 4400 tripudiabat.

472 4421 740 4476 damonis
789 4419 1067 4483 minister,
1118 4419 1425 4489 impietatis
1455 4418 1682 4481 arbiter,
1709 4419 1884 4472 fomes
1911 4419 2066 4472 vitio-
2087 4416 2128 4428 “’
2150 4416 2420 4484 Egressus
2441 4417 2614 4486 igitur
2632 4418 2701 4472 ab
2715 4418 2852 4472 urbe
2861 4419 3500 4489 prafectus,Rhemense
3515 4421 3586 4472 ad
3607 4421 3746 4491 pala—

470 4528 618 4578 rum,
650 4515 928 4581 quatenus
955 4508 1172 4561 animas
1197 4507 1268 4560 ad
1296 4507 1418 4560 cali
1448 4507 1720 4576 palatium
1759 4523 2065 4577 properan-
2149 4504 2291 4558 tium
2316 4505 2534 4575 regium
2561 4507 2705 4577 quod
2731 4507 2915 4561 fuerat
2938 4524 3108 4578 super
3135 4508 3368 4560 ﬂuvium
3392 4508 3655 4563 Vuidola
3678 4510 3745 4563 si-

474 4604 580 4661 tes,
612 4600 683 4652 ad
727 4598 927 4653 tartari
955 4597 1232 4668 profunda
1258 4596 1580 4666 deponeret,
1614 4600 1672 4649 et
1699 4595 1904 4648 Christi
1935 4612 2069 4649 san-
2150 4594 2541 4661 tum,divertit.
2564 4596 2628 4649 In
2649 4613 2758 4666 quo
2777 4597 2898 4650 loco
2913 4597 3092 4649 sancti
3113 4595 3216 4648 viri
3240 4597 3480 4650 Ruﬁnus
3509 4603 3569 4651 et
3597 4599 3748 4651 Vale-

475 4687 647 4754 guine
675 4688 1016 4757 redemptas,
1057 4687 1242 4740 denuo
1272 4684 1590 4738 daemonica
1623 4686 1761 4754 jugo
1783 4684 2066 4738 servitutis
2150 4682 2264 4735 rius
2281 4682 2498 4753 plebem
2518 4684 2864 4738 credentium
2889 4701 3001 4738 non
3020 4683 3296 4738 modicam
3317 4684 3581 4739 doctrina
3600 4687 3748 4740 insti-

478 4773 780 4838 addiceret,
804 4775 1008 4828 diaboli
1029 4775 1317 4837 nimirum,
1348 4775 1509 4842 cujus
1538 4789 1635 4826 vas
1647 4772 1927 4834 manebat,
1943 4773 2068 4826 imi-
2149 4770 2399 4834 tuebant,
2424 4771 2672 4826 moribus
2693 4772 3744 4838 excellebant,virtutibusirradiabant.

477 4862 754 4914 tator.Ille
767 4878 1007 4931 namque
1027 4863 1083 4915 in
1106 4863 1350 4932 paradisi
1379 4861 1723 4916 sublimitate
1739 4862 2070 4915 constitutos
2150 4860 2225 4912 At
2253 4859 2349 4912 ubi
2368 4860 2627 4930 prafecto
2649 4861 2718 4914 de
2750 4861 2830 4914 eis
2858 4861 3164 4914 indicatum
3176 4860 3393 4925 fuisset,
3425 4863 3623 4915 missis
3655 4878 3746 4934 ap-

483 4949 556 5003 ad
584 4949 959 5018 lacrymarum
988 4951 1202 5004 foveam
1235 4952 1454 5021 dejecit,
1479 4951 1584 5005 iste
1612 4951 1670 5004 in
1691 4951 1912 5004 virtutis
1944 4967 2069 5004 arce
2152 4947 2510 5018 paritoribus,
2538 4949 2699 5018 jubet
2729 4949 2853 5003 illos
2882 4949 3190 5019 prasentia
3211 4965 3324 5002 sua
3347 4949 3495 5003 sisti.
3523 4951 3649 5014 Quo
3670 4968 3747 5004 co-

479 5040 710 5101 locatos,
734 5037 804 5090 ad
831 5037 946 5090 ima
963 5038 1225 5093 vitiorum
1248 5041 1579 5110 proturbare
1611 5039 2071 5111 quaerit.Expulit
2149 5037 2326 5106 gnito,
2362 5043 2638 5107 martyres
2659 5038 2867 5092 Christi
2902 5054 3012 5091 non
3043 5043 3260 5091 terrore
3299 5054 3619 5108 poenarum,
3654 5039 3744 5093 sed

475 5129 572 5181 ille
603 5127 673 5181 de
719 5125 1044 5180 amoenitate
1071 5129 1345 5183 vernanti.
1378 5129 1467 5182 hic
1499 5135 1750 5183 avertere
1779 5134 1960 5182 tentat
1997 5128 2067 5181 ab
2148 5125 2439 5194 gravitatis
2454 5125 2704 5190 consilio,
2723 5131 2891 5196 atque
2910 5126 3248 5179 humilitatis
3265 5126 3743 5194 magisterio,abs-

486 5214 926 5270 immortalitatis
973 5231 1164 5284 regno.
1208 5217 1276 5269 Et
1301 5219 1551 5286 quamvis
1581 5217 1750 5271 simili
1782 5217 2068 5288 preposito
2152 5213 2388 5266 condere
2419 5230 2476 5267 se
2513 5230 2547 5267 a
2571 5216 2797 5284 tyranni
2822 5222 3122 5286 conspectu
3161 5215 3481 5268 voluerunt.
3525 5215 3739 5269 leesti

478 5311 536 5357 et
555 5305 751 5358 eadem
785 5303 1048 5357 studeant
1083 5303 1412 5369 intentione,
1431 5307 1646 5359 diversa
1674 5312 1927 5376 pugnant
1946 5311 2068 5358 arte
2151 5318 2394 5371 namque
2429 5302 2751 5370 magisterio
2771 5303 2938 5367 docti,
2964 5319 3073 5372 quo
3093 5301 3207 5356 ait:
3231 5303 3411 5356 Nolite
3435 5305 3629 5355 timere
3665 5317 3739 5354 eos

477 5391 811 5461 decipiendi.
864 5390 1127 5445 Diabolus
1180 5391 1350 5456 enim,
1397 5399 1462 5444 ut
1506 5393 1680 5458 fallat,
1749 5394 2071 5464 serpentina
2151 5393 2250 5458 qui
2278 5392 2530 5443 occidunt
2551 5406 2764 5458 corpus,
2797 5394 3052 5443 animam
3073 5407 3196 5444 vero
3218 5406 3328 5443 non
3359 5395 3587 5460 possunt
3608 5392 3737 5443 caci-

474 5479 673 5534 fraude
703 5479 944 5535 blandus
989 5479 1250 5536 seductor
1290 5479 1617 5549 accingitur,
1676 5481 1764 5534 hic
1817 5498 1967 5548 vero,
2007 5486 2071 5536 ut
2151 5480 2307 5541 dere;
2343 5480 2433 5531 sed
2451 5481 2635 5547 potius
2663 5494 2789 5530 eum
2813 5481 2994 5532 timete
3021 5481 3120 5546 qui
3136 5483 3303 5546 potest
3342 5483 3394 5530 et
3413 5482 3662 5532 animam
3688 5483 3736 5529 et

479 5568 696 5640 perdat,
715 5569 858 5636 dolis
876 5569 1250 5646 violentiaque
1269 5567 1670 5628 circumdatur.
1685 5569 1898 5626 Crescit
1919 5569 2069 5626 enim
2152 5583 2346 5638 corpus
2369 5568 2592 5637 perdere
2622 5569 2686 5624 in
2715 5567 3019 5634 gehennam
3047 5566 3262 5634 (Matth.
3286 5581 3344 5632 Χ,
3367 5563 3454 5630 28)
3488 5584 3500 5619 :
3533 5573 3735 5636 tempo-
