4000 6170
271 326 406 385 M97
1206 333 1299 388 DE
1337 333 1689 390 PASSIONE
1726 333 1827 391 SS.
1868 334 2118 392 RUFINI
2159 336 2246 392 ET
2284 332 2605 390 VALERII.
3405 327 3544 387 1498

256 453 382 508 rale
406 439 746 524 supplicium
766 457 823 508 et
853 455 970 510 leve
990 471 1056 510 ac
1078 463 1531 514 momentaneum
1554 459 1868 516 tribulatio-
1885 465 1930 524 A
1948 462 2116 517 urbes
2173 461 2484 533 populosa,
2540 457 2770 513 castella
2826 455 3072 536 munita,
3126 457 3231 511 vici
3289 456 3548 512 latissimi

257 543 352 596 nis
375 543 682 613 nequibant
696 560 916 614 pavere,
935 547 1378 616 contemplantes
1398 548 1754 618 praesentium
1775 567 1871 621 pa-
1950 551 2212 606 conviciis
2265 551 2566 614 lacessunt,
2614 547 2756 601 odiis
2817 547 3182 610 insectantur,
3237 545 3550 617 opprobriis

256 647 395 685 vore
414 632 766 686 cruciatuum
789 649 901 686 non
927 634 1083 706 evadi
1103 651 1316 704 poenas,
1345 637 1442 690 sed
1465 639 1689 703 mereri,
1713 655 1814 692 nec
1835 657 1870 693 a
1951 640 2278 709 defatigarit.
2313 639 2358 692 Ο
2391 639 2638 691 humana
2683 635 3042 688 inclementia
3080 635 3292 705 peccati
3334 634 3550 688 semine

259 721 467 774 mortis
492 721 764 791 supplicio
796 720 1042 786 liberari,
1082 724 1178 776 sed
1227 731 1448 779 aeternae
1492 726 1868 782 damnationis
1951 728 2289 800 propagata!
2339 743 2371 779 ο
2400 726 2589 779 feritas
2620 724 2955 786 animorum,
2997 722 3310 776 sementino
3342 722 3551 776 diaboli

259 807 590 862 discrimina
604 810 936 879 comparari.
957 811 1134 880 Magis
1145 829 1275 865 vero
1298 814 1649 883 passionibus
1662 817 1868 870 Christi

261 913 370 968 per
389 897 715 968 patientiam
733 899 1147 954 communicare
1163 901 1502 971 gaudebant,
1522 910 1586 956 ut
1606 906 1729 974 ejus
1751 908 1870 975 glo-

261 985 365 1040 riae
381 991 668 1040 consortes
683 987 1055 1042 efﬁcerentur.
1072 988 1198 1043 Non
1218 990 1392 1060 igitur
1407 992 1502 1062 qui
1517 992 1741 1048 fuerant
1760 995 1869 1050 ﬁde

260 1073 535 1140 roborati,
559 1092 656 1146 spe
676 1075 833 1142 certi,
857 1077 1128 1131 charitate
1156 1079 1428 1142 succensi,
1452 1081 1724 1136 latebram
1752 1088 1870 1137 ter-

258 1179 393 1216 rore
410 1162 541 1216 victi
561 1163 870 1233 petierunt;
895 1165 992 1219 sed
1014 1168 1334 1236 evangelica
1350 1168 1553 1224 intenti
1566 1173 1870 1226 constituto

259 1251 613 1323 praecipienti
643 1270 654 1304 :
688 1252 753 1307 Si
777 1269 866 1306 vos
885 1258 1152 1321 persecuti
1179 1258 1395 1322 fuerint
1418 1261 1480 1311 in
1501 1259 1602 1311 hac
1628 1263 1866 1326 civitate,

261 1342 444 1409 fugite
490 1343 550 1394 in
596 1343 773 1394 aliam
814 1343 991 1410 (Ibid.,
1039 1342 1151 1412 23),
1192 1346 1529 1400 temeritatis
1577 1348 1870 1403 audaciam

262 1428 564 1498 gravitatis
591 1428 904 1482 humilitate
933 1429 1198 1486 vitarunt.
1225 1433 1478 1504 Denique
1508 1452 1676 1506 quam
1707 1437 1869 1491 multi

257 1517 602 1571 temeritatis
631 1517 790 1571 abusi
821 1521 1274 1591 praesumptione,
1307 1523 1444 1576 dum
1474 1524 1717 1578 victoriae
1746 1527 1869 1596 pal-

261 1621 420 1660 mam
460 1607 728 1660 audacter
753 1607 1046 1662 invasuros
1076 1626 1135 1663 se
1165 1610 1538 1680 crediderunt,
1574 1614 1752 1683 poenis
1781 1615 1872 1668 de-

262 1693 490 1764 fatigati
508 1694 901 1749 miserabiliter
919 1695 988 1750 ab
1007 1713 1133 1751 arce
1149 1698 1510 1754 confessionis
1531 1701 1868 1755 ceciderunt.
1887 1763 1893 1767 _

262 1784 344 1836 At
371 1799 502 1836 vero
547 1783 641 1853 qui
683 1784 800 1838 suis
829 1784 1038 1838 viribus
1068 1786 1208 1839 nihil
1245 1787 1640 1852 attribuerunt,
1677 1790 1775 1843 sed
1813 1790 1871 1844 in

262 1871 508 1925 Domino
535 1872 730 1926 conﬁsi
757 1874 1081 1927 certaminis
1111 1891 1372 1946 campum
1401 1878 1506 1931 sub
1538 1879 1872 1932 humilitatis

262 1959 446 2029 signis
492 1961 860 2031 expetierunt,
906 1963 1209 2032 gloriosam
1256 1965 1324 2019 de
1377 1967 1536 2020 hoste
1581 1966 1870 2021 victoriam

260 2049 532 2103 retulere.
568 2050 786 2104 Etenim
812 2051 1073 2106 columna
1097 2053 1226 2106 ﬁdei
1247 2054 1466 2121 Petrus,
1499 2056 1634 2109 dum
1658 2062 1869 2110 temere

261 2139 575 2208 praesumit,
615 2139 782 2192 unius
816 2140 1158 2196 mulierculae
1186 2158 1317 2197 voce
1348 2145 1738 2213 prosternitur.
1765 2143 1870 2199 Ubi

259 2242 398 2280 vero
421 2227 613 2281 didicit
631 2244 734 2281 nec
756 2229 1024 2283 velocium
1046 2247 1168 2284 esse
1185 2247 1432 2298 cursum,
1459 2249 1561 2287 nec
1582 2233 1869 2287 victoriam

259 2313 646 2383 robustorum,
669 2317 1005 2372 temeritatis
1026 2320 1319 2374 audaciam
1341 2321 1594 2374 modesta
1613 2338 1870 2376 mansue-

258 2404 480 2457 tudinis
505 2405 822 2460 humilitate
848 2408 1104 2472 correxit,
1141 2414 1199 2462 et
1227 2410 1360 2463 dum
1389 2426 1503 2464 suae
1527 2411 1691 2464 timet
1717 2410 1870 2465 inﬁr-

260 2492 472 2557 mitati,
505 2493 682 2547 victor
717 2494 976 2560 efficitur,
1025 2497 1120 2566 qui
1151 2497 1306 2567 prius
1335 2515 1505 2570 supra
1534 2500 1870 2553 conditionis

261 2598 382 2635 sua:
411 2583 675 2636 meritum
703 2583 809 2637 sibi
837 2600 1107 2655 arrogans
1144 2597 1461 2657 superatur.
1497 2589 1752 2658 Namque
1779 2589 1869 2642 in-

260 2671 629 2726 consideratae
673 2672 864 2726 militis
907 2674 1277 2738 conﬁdentiae,
1330 2693 1457 2746 spes
1494 2677 1737 2730 victoriae
1767 2693 1867 2730 ne-

263 2776 552 2831 quaquam
581 2767 668 2814 est
695 2762 1051 2828 conferenda,
1079 2765 1176 2817 sed
1206 2763 1416 2820 virtuti.
1441 2766 1616 2835 Cujus
1637 2765 1869 2819 comites

263 2863 495 2918 semper
513 2849 777 2916 existunt,
801 2855 858 2904 et
884 2867 1012 2921 spes
1035 2851 1104 2904 de
1139 2852 1439 2922 prosperis,
1473 2857 1528 2906 et
1557 2853 1777 2907 cautela
1799 2853 1870 2906 de

262 2936 534 2990 adversis.
566 2936 871 3008 Propterea
898 2938 957 2992 in
994 2939 1282 2993 Parabolis
1308 2940 1513 2994 dicitur
1545 2959 1556 2994 :
1596 2943 1871 3009 Palpebrae

266 3030 379 3078 tuae
402 3027 709 3094 pracedant
734 3044 948 3094 gressus
978 3033 1095 3081 tuos
1122 3031 1303 3089 (Prov.
1325 3043 1399 3094 Iv,
1415 3029 1524 3099 25).
1547 3030 1656 3083 Per
1683 3030 1871 3101 palpe-

1948 819 2250 887 generata!
2285 817 2486 870 Lustra
2504 815 2747 868 ferarum
2768 812 3080 882 suscipiunt
3094 828 3233 880 quos
3258 811 3553 864 hominum

1951 906 2233 960 domicilia
2253 904 2540 974 rejiciunt;
2570 903 2718 956 inter
2732 901 2941 955 bestias
2970 906 3102 954 sunt
3121 899 3323 964 securi,
3351 898 3553 968 quibus

1950 995 2099 1048 inter
2122 994 2378 1047 homines
2404 992 2590 1046 nullus
2612 998 2698 1045 est
2723 991 2876 1043 locus
2905 995 3062 1043 tutus
3086 1008 3099 1054 ;
3131 1005 3318 1041 servos
3334 987 3555 1041 Altissi-

1950 1084 2028 1136 mi
2049 1082 2279 1152 justitiae
2301 1086 2630 1145 servatores,
2653 1079 2804 1150 pacis
2825 1085 3125 1139 amatores,
3143 1076 3369 1148 pietatis
3393 1075 3552 1130 insti~

1948 1178 2184 1236 tutores,
2197 1170 2512 1241 iniquitatis
2531 1174 2960 1240 expugnatores,
2973 1167 3227 1220 homines
3241 1165 3548 1236 expellunt,

1950 1259 2140 1313 bestiae
2154 1259 2492 1328 suscipiunt;
2513 1257 2704 1329 populi
2718 1256 3018 1316 debellant,
3037 1255 3168 1309 fera:
3180 1259 3518 1308 venerantur
3533 1271 3546 1320 ;

1952 1365 2132 1418 reges,
2152 1353 2218 1402 ut
2240 1348 2539 1418 perimant,
2562 1348 2965 1416 insequuntur;
2997 1344 3213 1406 bellum,
3241 1348 3307 1396 ut
3331 1358 3556 1396 conser-

1953 1443 2100 1502 vent,
2150 1441 2482 1507 sequuntur.
2523 1436 2732 1489 Verum
2771 1451 2884 1488 non
2913 1433 3188 1496 homines,
3235 1431 3332 1485 sed
3361 1430 3552 1485 bestia

1955 1526 2282 1597 deputandi,
2313 1542 2452 1595 quos
2480 1524 2624 1578 ratio
2645 1541 2756 1578 non
2782 1523 2945 1592 regit,
2979 1521 3075 1575 sed
3097 1521 3253 1574 furor
3271 1519 3510 1591 impellit
3533 1538 3546 1586 ;

1955 1632 2066 1669 non
2083 1615 2359 1668 modestia
2377 1619 2613 1679 coercet,
2639 1613 2734 1666 sed
2771 1611 2940 1664 libido
2957 1609 3288 1678 submergit,
3307 1608 3554 1678 Scriptu-

1955 1721 2020 1758 ra
2039 1704 2329 1773 loquente:
2353 1705 2524 1756 Homo
2539 1719 2663 1756 cum
2684 1705 2747 1754 in
2763 1702 2964 1755 honore
2978 1705 3106 1753 esset
3121 1714 3234 1752 non
3254 1697 3548 1760 intellexit,

1888 1763 1934 1821 Β
1953 1797 2304 1862 comparatus
2333 1797 2407 1845 est
2429 1794 2698 1860 iumentis
2729 1791 3137 1858 insipientibus,
3159 1792 3207 1840 et
3235 1788 3440 1840 similis
3471 1787 3555 1853 fa-

1953 1887 2069 1935 ctus
2099 1886 2173 1934 est
2202 1884 2318 1934 illis
2351 1883 2513 1942 (Psal.
2539 1893 2728 1943 XLvIII,
2765 1877 2876 1946 l3).

2022 1971 2168 2023 Dum
2203 1986 2334 2039 ergo
2373 1969 2597 2022 athletae
2641 1967 2790 2037 regis
2832 1966 3048 2034 aeterni,
3078 1965 3136 2019 in
3174 1963 3552 2036 penetralibus

1952 2063 2178 2112 secretae
2205 2058 2424 2112 telluris
2453 2058 2736 2127 degentes,
2768 2055 3063 2110 turbarum
3101 2053 3396 2118 tumultus,
3433 2053 3550 2106 cla-

1953 2162 2138 2200 mores
2164 2146 2374 2200 aulicos
2397 2146 2665 2210 devitant,
2689 2145 2822 2198 dum
2850 2142 3167 2197 solitudinis
3188 2141 3440 2195 incolunt
3467 2157 3550 2194 se-

1952 2241 2188 2298 cretum,
2211 2235 2345 2288 dum
2367 2235 2611 2305 quietem
2639 2250 2894 2304 supernae
2921 2229 3408 2302 contemplationis
3436 2246 3552 2284 am-

1951 2325 2290 2395 plectuntur,
2309 2324 2442 2378 dum
2457 2324 2644 2376 volatu
2660 2322 2867 2376 mentis
2885 2320 3219 2391 temporalia
3235 2319 3544 2389 negligunt,

1951 2417 2009 2464 et
2026 2411 2094 2464 ad
2113 2417 2324 2465 aeterna
2338 2411 2701 2474 contendunt,
2715 2411 2849 2463 dum
2864 2409 3070 2462 ccelesti
3089 2398 3238 2478 pasti
3257 2406 3551 2462 dulcedine

1952 2500 2360 2553 delectamenta
2389 2500 2583 2552 mundi
2603 2499 2936 2568 despiciunt,
2971 2503 3028 2551 et
3054 2494 3380 2550 ardentibus
3409 2494 3551 2548 votis

1949 2588 2101 2658 regis
2131 2588 2218 2641 sui
2250 2589 2604 2658 praesentiam
2626 2587 3041 2657 concupiscunt,
3063 2584 3332 2639 satellites
3359 2583 3554 2638 crude-

1952 2677 2020 2730 lis
2048 2677 2275 2746 tyranni
2302 2677 2532 2731 tandem
2559 2677 2796 2730 famulos
2821 2675 3028 2729 Christi
3057 2673 3364 2744 reperiunt,
3389 2677 3446 2726 et
3463 2689 3552 2725 ca-

1949 2766 2096 2820 tenis
2125 2766 2339 2819 vinctos
2384 2766 2455 2819 ad
2494 2765 2722 2836 tyranni
2751 2763 3107 2836 praesentiam
3135 2763 3367 2816 ducunt.
3399 2761 3550 2824 Quos

1951 2855 2066 2908 suis
2095 2853 2470 2907 tribunalibus
2508 2854 2851 2920 assistentes,
2883 2850 3206 2922 hujusmodi
3234 2848 3418 2903 verbis
3445 2864 3549 2918 ag-

1949 2943 2207 3012 greditur
2237 2961 2248 2995 :
2281 2943 2482 2996 Ruﬁne
2511 2947 2568 2996 et
2593 2942 2799 3006 Valeri,
2835 2957 2973 3012 quos
3010 2940 3144 2993 deos
3181 2938 3363 2992 colitis
3388 2938 3413 2990 ?
3452 2941 3551 2991 aut

1953 3033 2112 3101 cujus
2142 3031 2428 3101 religionis
2457 3047 2617 3084 sacra
2636 3029 3024 3084 veneramini?
3053 3027 3244 3082 Sancti
3274 3030 3551 3096 martyres

264 3113 400 3167 bras
448 3115 598 3168 enim
641 3115 921 3170 subtilitas
966 3116 1301 3186 intelligitur
1345 3118 1716 3186 discretionis,
1761 3113 1931 3190 quau
1953 3120 2214 3174 dixerunt
2245 3138 2256 3172 :
2289 3122 2476 3174 Unum
2505 3121 2684 3173 Deum
2708 3118 2945 3173 colimus
2972 3117 3432 3187 omnipotentem,
3452 3114 3553 3166 im-

265 3203 505 3273 quisque
521 3204 744 3274 sapiens
757 3221 1052 3274 gressuum
1066 3222 1296 3260 suorum
1309 3206 1474 3260 debet
1488 3207 1597 3261 iter
1607 3208 1867 3278 dirigere,

263 3308 340 3346 ne
367 3293 684 3346 securitatis
715 3293 948 3363 planitie
968 3300 1165 3364 captus
1195 3311 1294 3364 per
1313 3295 1754 3366 imprudentiam
1781 3297 1873 3351 de-

262 3381 420 3434 cidat
444 3382 504 3434 in
533 3382 811 3451 voraginis
841 3383 1235 3453 praecipitium.
1267 3384 1475 3438 Christi
1504 3401 1637 3454 ergo
1665 3386 1872 3440 milites

263 3469 487 3523 altioris
515 3471 986 3541 contemplatione
1015 3472 1250 3537 consilii,
1273 3489 1307 3525 a
1337 3473 1477 3526 facie
1506 3473 1750 3527 turbinis
1776 3475 1873 3527 Ec-

263 3558 493 3612 clesiam
524 3559 624 3614 Dei
647 3560 964 3613 ventilantis
994 3561 1276 3615 declinare
1305 3562 1610 3632 cupientes,
1642 3562 1872 3616 abscon-

261 3647 442 3700 sionis
469 3647 779 3701 subsidium
802 3649 1160 3719 quaesierunt.
1187 3651 1318 3703 Erat
1350 3655 1541 3704 autem
1572 3651 1723 3704 haud
1746 3668 1872 3720 pro-

262 3736 357 3789 cul
387 3737 653 3805 spelunca
676 3737 965 3807 spinarum
987 3755 1051 3791 ac
1071 3738 1321 3808 veprium
1344 3739 1624 3792 densitate
1644 3739 1865 3792 vallata.

262 3825 331 3878 In
351 3840 477 3877 eam
499 3841 558 3878 se
583 3825 775 3878 famuli
800 3825 1006 3879 Christi
1027 3826 1202 3879 latere
1223 3827 1470 3880 volentes
1490 3829 1867 3892 contulerunt,

263 3918 549 3983 quatenus
570 3915 654 3967 vel
677 3914 784 3967 vim
811 3914 1213 3984 persecutionis
1239 3915 1602 3969 detonantem
1631 3917 1874 3970 declina-

264 4006 414 4066 rent,
445 4003 531 4055 vel
573 4003 620 4055 si
652 4003 887 4056 coslestis
918 4003 1261 4073 dispensatio
1299 4003 1542 4072 juberet,
1577 4004 1643 4057 ad
1677 4004 1873 4074 agonis

273 4090 524 4144 studium
565 4091 636 4145 de
663 4090 933 4145 virtutum
975 4092 1197 4145 officina
1235 4098 1622 4162 properarent.
1656 4093 1879 4147 Interea

1955 3208 2304 3274 mutabilem,
2327 3209 2751 3278 sempiternum,
2776 3212 3086 3262 creatorem
3113 3204 3416 3258 visibilium
3437 3219 3554 3256 om-

1953 3298 2148 3362 nium;
2193 3298 2383 3350 omnia
2411 3297 2761 3368 implentem,
2793 3296 2983 3350 omnia
3025 3299 3334 3363 regentem,
3365 3291 3554 3346 omnia

1954 3385 2334 3438 continentem
2361 3403 2373 3451 ;
2407 3389 2464 3437 et
2492 3401 2667 3438 unum
2695 3383 2997 3437 Dominum
3023 3383 3216 3435 Jesum
3243 3379 3548 3444 Christum,

1953 3474 2364 3526 instaurantem
2400 3473 2588 3524 omnia
2616 3487 2738 3540 quae
2766 3470 2825 3523 in
2869 3470 3023 3522 cmlis
3059 3473 3209 3532 sunt,
3244 3472 3300 3520 et
3343 3483 3466 3536 quas
3493 3466 3552 3519 in

1953 3562 2138 3615 terris.
2172 3562 2317 3614 Deos
2367 3576 2518 3626 vero,
2568 3560 2664 3629 qui
2709 3563 2842 3612 sunt
2887 3558 3206 3620 simulacra,
3259 3555 3553 3608 hominum

1953 3655 2074 3703 arte
2124 3649 2384 3713 formata,
2417 3664 2530 3701 non
2567 3664 2918 3712 veneramur,
2952 3661 3194 3716 quorum
3239 3641 3554 3696 substantia

1952 3738 2165 3808 lignum
2185 3738 2271 3791 vel
2297 3737 2440 3808 lapis
2464 3743 2567 3802 est,
2595 3742 2694 3790 aut
2719 3736 2937 3805 fulgens
2958 3733 3266 3797 metallum,
3289 3730 3552 3784 materies

1952 3826 2208 3880 videlicet
2233 3825 2578 3896 corruptioni
2602 3825 2896 3895 subjacens
2925 3830 2982 3877 et
3021 3819 3392 3892 passibilitati,
3425 3817 3552 3888 qui-

1955 3915 2058 3968 bus
2086 3915 2243 3968 dedit
2270 3931 2362 3968 ars
2400 3916 2655 3975 formam,
2689 3913 2977 3982 ingenium
3007 3909 3243 3964 contulit
3270 3909 3548 3961 decorem.

1956 4004 2152 4057 Divina
2180 4020 2347 4074 porro
2376 4001 2712 4066 substantia,
2740 4017 2850 4054 non
2871 3999 3113 4065 aliunde,
3136 3997 3235 4051 sed
3263 4013 3328 4050 ex
3357 4012 3416 4048 se
3454 3995 3554 4048 du-

1961 4109 2091 4145 cens
2107 4091 2353 4154 initium,
2369 4107 2471 4144 nec
2489 4090 2732 4160 tempori
2751 4095 2837 4142 est
2857 4088 3111 4150 obnoxia,
3136 4085 3400 4156 quoniam
3421 4089 3552 4137 ante

273 4180 454 4232 donec
483 4179 768 4250 suspensis
805 4174 1006 4233 animis
1047 4180 1404 4250 imperatoris
1449 4182 1678 4251 superni
1707 4181 1881 4235 susti-
1960 4186 2216 4250 tempora
2261 4196 2481 4250 semper
2517 4179 2703 4232 existit
2731 4195 2834 4231 nec
2863 4176 3293 4230 diminutionem
3332 4173 3554 4243 recipit,

273 4274 414 4322 nent
427 4269 669 4337 jussum,
689 4269 914 4339 hymnis
932 4275 1129 4322 vacant
1149 4274 1205 4322 et
1227 4269 1878 4340 orationibus.Spelaeum

271 4356 486 4426 migrat
512 4357 571 4410 in
601 4357 922 4424 Ecclesiam,
967 4357 1270 4411 bestiarum
1309 4357 1490 4411 cubile
1536 4359 1880 4412 convertitur

1960 4269 2017 4322 in
2048 4268 2394 4338 plenitudine
2421 4267 2507 4322 sui
2535 4266 2875 4321 zeternaliter
2902 4281 3281 4336 perseverans,
3305 4279 3407 4316 nec
3436 4277 3558 4331 per-

1959 4357 2329 4410 mutationem
2375 4355 2548 4421 novit,
2606 4354 2918 4420 uniformis,
2969 4353 3224 4423 simplex,
3272 4354 3553 4415 constans,

271 4445 330 4498 in
359 4445 630 4498 orationis
657 4446 906 4511 domum,
939 4452 1126 4500 servat
1147 4463 1343 4517 specus
1375 4463 1514 4516 quos
1540 4446 1702 4517 fugat
1728 4438 1937 4517 pala-D
1959 4446 2222 4516 perfecta,
2268 4450 2539 4515 perpetuo
2585 4443 2913 4497 subsistens.
2956 4443 3129 4511 Cujus
3171 4439 3337 4493 verbo
3376 4438 3557 4492 factus

268 4533 436 4598 tium,
467 4540 631 4587 antra
657 4534 961 4588 defendunt
995 4551 1136 4605 quos
1165 4535 1348 4588 forum
1379 4536 1753 4605 persequitur.
1788 4535 1878 4589 Sic

269 4622 408 4676 olim
437 4623 738 4692 prophetas
787 4628 844 4676 et
888 4623 1090 4692 prioris
1127 4623 1314 4677 seaculi
1351 4625 1554 4692 justos,
1585 4624 1880 4694 speluncas

266 4726 647 4780 cavemasque
707 4716 872 4765 teme
939 4712 1008 4765 ad
1071 4712 1359 4765 munimen
1422 4712 1509 4766 sui
1574 4711 1873 4764 recolimus

266 4798 566 4869 expetisse,
609 4816 748 4869 quos
791 4799 956 4853 urbes
999 4806 1348 4864 vexaverant,
1391 4801 1549 4870 regia
1576 4799 1876 4870 proturba-

263 4891 448 4952 verat,
472 4888 715 4941 mundus
741 4893 1172 4958 contempserat.
1203 4888 1452 4958 Denique
1476 4889 1620 4941 Loth
1642 4888 1879 4958 patriar-

264 4975 432 5028 cham
463 4991 534 5028 ne
560 4975 923 5031 Sodomitana
951 4983 1171 5030 vastent
1201 4976 1477 5040 incendia,
1501 4977 1769 5046 spelunca
1794 4993 1880 5032 re-

265 5066 479 5133 ceptat,
525 5069 580 5117 et
627 5080 794 5134 quem
827 5064 1002 5134 Segor
1036 5071 1282 5118 tremore
1326 5071 1685 5118 concusserat
1715 5070 1877 5118 terrae

267 5151 555 5205 defossum
585 5168 844 5205 securum
890 5151 1126 5206 faciebat
1158 5153 1316 5223 (Gen.
1350 5156 1476 5222 XIX).
1505 5153 1683 5206 Eliam
1715 5170 1878 5222 rega-

267 5239 339 5294 lis
368 5246 433 5293 ut
461 5239 698 5310 perimat
725 5240 856 5294 aula
880 5241 1150 5306 decernit,
1177 5248 1235 5295 et
1253 5241 1583 5312 fugitantem
1607 5241 1873 5312 spelunca

267 5329 680 5398 complectitur,
706 5335 762 5382 et
793 5345 958 5399 quem
988 5330 1180 5383 civitas
1206 5330 1385 5383 vivere
1416 5345 1528 5383 non
1550 5329 1702 5395 sinit,
1727 5330 1874 5382 hunc

267 5417 540 5488 spelunca
567 5434 745 5488 usque
776 5418 845 5471 ad
873 5418 1073 5471 divinae
1102 5423 1381 5472 secretum
1405 5418 1758 5472 allocutionis
1786 5426 1874 5471 at-

263 5507 421 5562 tollit
457 5508 568 5575 (ΙΙΙ
593 5509 715 5576 Reg.
749 5511 882 5576 xxx).
920 5509 986 5562 In
1034 5508 1337 5574 montibus,
1374 5509 1432 5561 in
1477 5508 1775 5579 specubus,
1815 5508 1875 5562 in

268 5593 479 5651 abditis
496 5599 779 5652 terrarum
801 5595 898 5653 filii
919 5596 1323 5673 praphetarum
1344 5595 1872 5668 demorantur,quos

1960 4540 2046 4587 est
2073 4533 2336 4597 mundus,
2363 4538 2420 4586 et
2447 4533 2642 4586 mundi
2670 4539 2902 4586 ornatus
2929 4532 3239 4594 universus,
3258 4529 3418 4597 cujus
3438 4526 3559 4596 Spi-

1961 4623 2074 4676 ritu
2118 4623 2300 4676 omnis
2345 4627 2603 4675 creatura
2633 4620 2916 4674 stabilitur
2963 4625 3018 4672 et
3056 4618 3397 4681 moderatur,
3430 4611 3561 4669 huic

1959 4715 2202 4769 hostiam
2229 4713 2414 4767 laudis
2438 4719 2494 4767 et
2547 4713 2880 4766 sacriﬁcium
2927 4711 3158 4782 spiritus
3203 4707 3562 4763 contribulati

1959 4803 2206 4873 quotidie
2233 4802 2479 4855 litamus.
2513 4801 2811 4854 Przefectus
2840 4801 2920 4854 ait
2949 4825 2959 4858 :
3000 4800 3283 4869 Principes
3311 4798 3561 4852 invictis-

1960 4892 2085 4946 simi
2124 4893 2510 4953 decreverunt,
2543 4897 2606 4943 ut
2634 4891 2826 4943 relicta
2871 4889 3270 4960 superstitione
3317 4903 3426 4958 qua
3457 4887 3560 4939 ho-

1963 4981 2174 5034 minem
2203 4980 2530 5033 cruciﬁxum
2560 4985 2617 5032 et
2645 4984 2931 5032 mortuum
2951 4978 3152 5043 colitis,
3177 4977 3283 5030 diis
3311 4975 3560 5043 omnipo-

1961 5069 2208 5122 tentibus
2247 5084 2385 5137 quos
2435 5069 2686 5120 Romana
2730 5066 3044 5137 respublica
3092 5067 3242 5129 colit,
3290 5061 3554 5116 adoretis.

1961 5154 2129 5208 Nefas
2160 5159 2245 5205 est
2273 5152 2423 5205 enim
2453 5167 2487 5204 a
2517 5150 2824 5220 majoribus
2867 5155 3180 5220 susceptam
3229 5145 3555 5214 religionem

1954 5243 2230 5306 deserere,
2300 5257 2422 5310 qua:
2472 5240 2709 5293 Romani
2747 5247 2957 5293 statum
3003 5235 3252 5308 provexit
3307 5231 3550 5301 imperii,

1955 5331 2103 5400 regit
2128 5333 2296 5399 atque
2325 5334 2536 5393 tuetur,
2567 5335 2624 5382 et
2653 5329 2725 5381 ad
2758 5327 3020 5382 novitatis
3046 5321 3337 5393 pueriliter
3357 5320 3552 5374 inven-

1954 5425 2075 5472 tum
2108 5417 2313 5470 mentis
2358 5416 2582 5471 levitate
2627 5417 2887 5470 transire.
2925 5411 3112 5467 Sancti
3157 5413 3435 5479 martyres
3463 5425 3553 5462 re-

1956 5505 2303 5576 sponderunt
2334 5518 2344 5550 ε
2378 5506 2505 5559 Non
2535 5505 2915 5559 erubescimus
2944 5514 3165 5554 crucem
3191 5497 3399 5552 Christi
3429 5513 3553 5568 quae

1955 5595 2195 5648 salutem
2225 5593 2426 5648 tribuit
2461 5593 2690 5657 mundo,
2722 5608 2823 5648 nec
2862 5593 3101 5650 mortem
3145 5587 3392 5670 corporis
3422 5601 3552 5647 eum
