4000 6170
495 311 631 373 1503

1255 310 1312 364 S.
1355 308 1731 364 PASCHASII
1773 308 2131 364 RADBERTI
2170 309 2474 366 ABBATIS
2513 307 3004 365 CORBEIENSIS.

3629 299 3774 358 1504

490 439 519 492 J
524 436 640 492 ovis
659 433 1003 506 temporibus
1019 437 1104 486 est
1122 433 1404 497 inchoata,
1421 434 1727 488 multorum
1749 439 1877 504 post
1903 433 2080 487 homi-
2102 437 2142 493 A
2163 435 2323 505 piens
2351 435 2640 506 splendida
2662 437 2822 502 gesta
2843 439 3208 488 contemnens
3227 429 3782 495 lionestatis,volun-

489 543 624 582 num
649 525 850 580 saecula
874 523 1146 576 mundum
1176 522 1414 576 violavit.
1442 524 1575 586 Qua:
1595 522 1796 576 divinis
1825 523 2085 593 perfacile

2165 523 2341 576 tarius
2385 523 2629 576 infamia:
2657 521 2828 576 subiit
2866 521 3316 575 deformitatem?
3345 519 3482 583 Quis
3513 533 3778 586 unquam

492 621 578 668 est
600 614 804 667 litteris
821 611 1202 682 comprobare.
1230 611 1341 665 Sed
1371 617 1584 665 vestras
1603 618 1823 665 tantum
1854 627 2083 682 percur-
2163 628 2487 682 generosus,
2503 612 2627 665 vitae
2641 597 2877 680 gloriam
2901 626 3190 680 spernens,
3209 608 3464 678 abjectus
3485 615 3653 677 atque
3677 607 3781 659 de—

490 702 596 755 rite
627 700 983 763 historias,et
1013 700 1304 770 reperietis
1330 701 1520 753 Jovem
1553 707 1797 754 vestrum
1828 706 1955 770 post
1984 716 2084 770 pa-

490 796 634 843 trem
659 791 961 844 Saturnum
986 805 1220 857 regnare
1241 789 1490 858 cmpisse,
1515 789 1766 859 lucisque
1797 789 2086 844 exordium

494 893 605 931 non
624 883 755 931 ante
778 878 1049 931 mundum
1070 879 1154 931 vel
1173 877 1372 931 saltem
1389 894 1513 931 cum
1533 878 1741 932 mundo
1760 879 2082 948 sumpsisse,

493 967 588 1020 sed
620 967 871 1036 pluribus
898 972 1023 1037 post
1063 983 1257 1020 eorum
1287 965 1662 1020 conditionem
1693 967 1926 1022 saeculis.
1959 983 2085 1019 cum

487 1056 606 1123 jam
632 1056 954 1108 mortalium
977 1055 1276 1108 multitudo
1295 1060 1475 1108 terras
1499 1055 1760 1126 replerat.
1790 1055 1946 1108 Unde
1960 1071 2087 1108 con-

493 1149 605 1197 stat
632 1161 744 1197 non
772 1143 953 1213 ipsum
983 1160 1171 1198 rerum
1193 1143 1595 1215 hominumque
1625 1149 1992 1214 repertorem,
2023 1149 2086 1196 ut

491 1247 525 1284 a
543 1230 694 1284 vobis
714 1233 1066 1302 praedicatur,
1090 1233 1188 1286 sed
1208 1232 1391 1302 ipsum
1413 1249 1587 1286 unum
1601 1233 1717 1286 fore
1739 1232 2084 1297 mortalium,

493 1319 638 1374 sicut
670 1321 868 1375 littera:
917 1328 1114 1375 vestra;
1153 1321 1548 1387 testificantur,
1579 1337 1758 1391 neque
1787 1321 1946 1374 illum
1971 1320 2088 1373 fore

493 1411 920 1480 sempiternum,
953 1411 1049 1481 qui
1093 1417 1218 1480 post
1263 1411 1469 1464 multos
1497 1427 1557 1463 se
1611 1410 1825 1480 priores
1855 1426 2088 1479 regnare

494 1499 664 1568 coepit
716 1499 774 1552 in
821 1499 1006 1563 terris,
1051 1515 1240 1552 verum
1296 1498 1582 1552 hominem
1627 1497 2088 1568 superbissimum

497 1586 594 1655 qui
631 1586 735 1639 sibi
775 1587 990 1640 divinos
1037 1588 1357 1657 ascripserit
1405 1587 1619 1656 primus
1646 1588 1904 1652 honores,
1936 1585 2088 1639 brevi

493 1678 748 1744 tempore
776 1675 1210 1746 principaturus.
1252 1677 1377 1729 Non
1413 1676 1564 1729 dicas
1619 1676 1808 1748 itaque
1846 1677 1948 1730 hos
1977 1676 2088 1728 Ro-

2167 701 2361 754 formis
2385 717 2505 754 esse
2533 699 2774 768 delegit?
2803 699 3041 752 Reddite
3069 715 3164 752 vos
3194 698 3368 767 igitur
3394 696 3637 750 claritati
3667 712 3782 766 pa-

2167 791 2308 854 triae,
2337 789 2554 842 reddite
2584 805 2678 842 vos
2716 787 3021 858 sapientiae,
3057 787 3152 858 qui
3181 804 3276 840 vos
3325 787 3560 840 irradiat
3588 785 3788 856 splen-

2168 878 2310 943 dori,
2325 894 2506 948 neque
2521 883 2738 931 mentes
2754 883 2966 930 vestras
2988 877 3160 930 semel
3182 875 3327 929 male
3348 880 3527 946 cepta
3547 880 3788 931 senten-

2169 967 2248 1020 tia
2278 966 2530 1037 perpetui
2561 966 2766 1020 erroris
2797 965 3010 1035 laqueis
3027 965 3390 1035 pervicaciter
3414 970 3650 1019 teneant
3680 965 3787 1018 ad-

2167 1055 2363 1118 dictas,
2380 1055 2477 1108 sed
2507 1060 2572 1107 ut
2590 1054 2737 1108 docti
2767 1053 3021 1107 homines
3051 1060 3219 1123 atque
3250 1052 3465 1107 urbana
3493 1053 3786 1108 modestia

2167 1143 2636 1209 instituti,faciles
2655 1143 2725 1197 ad
2749 1143 2803 1196 id
2831 1143 2978 1213 quod
3007 1143 3302 1196 honestum
3326 1148 3406 1196 est
3436 1144 3657 1196 animos
3691 1159 3788 1199 τε-

2169 1240 2379 1289 vocate.
2414 1233 2789 1288 Czeremonias
2819 1233 2995 1286 avitas
3013 1232 3299 1302 suscipite,
3333 1233 3504 1286 sacris
3531 1232 3784 1288 deorum

2170 1324 2574 1378 immortalium
2596 1322 2924 1391 religionem
2944 1320 3182 1386 deferte;
3209 1337 3311 1389 ego
3333 1337 3428 1374 vos
3446 1321 3638 1374 multis
3655 1337 3789 1375 ma-

2170 1413 2407 1483 gnisque
2437 1410 2765 1465 muneribus
2784 1409 3021 1475 donabo,
3043 1426 3148 1478 ego
3178 1410 3434 1463 maximis
3461 1409 3786 1466 honoribus

2171 1518 2267 1555 vos
2326 1499 2657 1564 sublimabo,
2693 1516 2795 1567 ego
2838 1516 2933 1552 vos
2986 1497 3356 1568 potestatibus
3403 1499 3789 1568 amplissimis

2170 1589 2558 1660 magnificabo,
2576 1605 2678 1658 ego
2697 1605 2793 1642 vos
2812 1586 3192 1641 invictissimis
3208 1587 3475 1656 Augustis
3493 1604 3792 1642 commen-

2170 1678 2334 1733 dabo.
2365 1678 2449 1731 Λᾶ
2492 1677 2610 1731 hare
2659 1675 2836 1730 sancti
2884 1681 3182 1745 martyres,
3214 1691 3327 1728 non
3379 1675 3638 1738 emolliti,
3678 1676 3786 1730 sed

495 1776 724 1816 manam
796 1763 1193 1834 rempublicam
1258 1764 1592 1834 provexisse,
1654 1782 1866 1834 regere,
1919 1752 2346 1834 atqueBhostis
2365 1765 2580 1836 antiqui
2601 1765 2907 1819 sentientes
2932 1764 3210 1828 fraudem,
3242 1764 3698 1834 responderunt:
3738 1766 3788 1821 Ο

495 1866 746 1918 servare;
803 1853 936 1922 quia
986 1853 1242 1906 homines
1298 1853 1546 1917 fuerunt,
1601 1855 1798 1908 mortis
1853 1855 1974 1924 lege
2030 1854 2088 1906 in

496 1939 802 2008 pulverem,
832 1941 902 1994 de
958 1958 1067 2012 quo
1113 1941 1323 2012 sumpti
1375 1947 1526 2006 sunt,
1559 1942 1692 1995 olim
1732 1943 1961 2007 redacti,
1993 1947 2093 1996 aut

497 2027 797 2083 simulacra
869 2047 1011 2084 vana
1064 2030 1185 2083 sine
1257 2030 1494 2097 ratione,
1553 2031 1673 2085 sine
1727 2048 1915 2098 sensu,
1973 2031 2092 2085 sine

494 2117 628 2176 vita.

569 2207 654 2261 Ad
686 2208 802 2263 haec
839 2209 1130 2280 praefectus
1164 2229 1175 2263 :
1212 2210 1318 2263 Diu
1351 2226 1445 2262 vos
1487 2209 1759 2264 modestia
1807 2217 1999 2266 nostra
2034 2212 2093 2266 in

497 2295 728 2350 deorum
746 2299 1084 2352 calumniam
1103 2298 1373 2352 sustinuit
1389 2297 1772 2368 obloquentes.
1788 2300 1896 2354 Sed
1912 2301 1958 2353 si
1979 2318 2091 2354 non

499 2387 791 2457 przeceptis
815 2389 1196 2456 Augustorum
1243 2386 1695 2457 obtemperantes
1725 2388 1830 2440 diis
1861 2405 2092 2442 venera-

499 2475 711 2528 tionem
739 2475 986 2529 debitam
1026 2475 1401 2536 reddideritis,
1425 2475 1712 2546 suppliciis
1741 2476 1972 2530 diversis
1999 2495 2093 2531 vos

498 2563 700 2617 faciam
731 2564 1126 2618 consummari.
1182 2565 1249 2617 Et
1287 2564 1459 2633 jussit
1487 2563 1566 2617 eis
1604 2565 1746 2617 colla
1785 2581 2096 2636 manusque

498 2652 761 2722 gravibus
791 2653 1022 2706 vinculis
1067 2652 1378 2723 aggravari,
1404 2659 1462 2706 et
1492 2653 1549 2706 in
1577 2670 1854 2707 carcerem
1887 2655 2090 2718 claudi,

501 2747 566 2795 ut
611 2741 839 2795 nexibus
883 2742 1076 2806 vincti,
1123 2742 1367 2812 pondere
1414 2741 1592 2811 pressi
1633 2741 1953 2796 deficerent.
1986 2742 2098 2797 Sed

502 2831 681 2884 sancti
721 2837 998 2902 martyres
1022 2830 1376 2884 exsultabant
1405 2831 1552 2900 quod
1601 2830 1822 2884 Christo
1847 2849 1946 2901 per
1968 2849 2097 2902 pas-

501 2919 688 2973 siones
735 2919 856 2973 fieri
910 2919 1334 2990 comparticipes
1382 2917 1760 2982 merebantur,
1793 2925 1850 2972 et
1899 2921 2099 2974 divina:

501 3007 792 3061 charitatis
812 3008 940 3077 igne
962 3007 1232 3072 succensi,
1260 3007 1570 3060 molestiam
1592 3007 1840 3076 corporis
1868 3008 1925 3062 in
1948 3025 2100 3062 men-

2171 1873 2447 1910 venenum
2465 1854 2814 1908 mortiferum
2829 1853 3103 1923 serpentis
3127 1869 3222 1906 ore
3241 1853 3523 1922 prolatum
3543 1854 3554 1905 !
3575 1853 3794 1908 Omor—

2171 1946 2246 1999 tis
2274 1945 2534 2016 poculum
2585 1943 2922 2014 Babylonico
2951 1942 3166 2012 fulgore
3198 1942 3467 2012 politum!
3517 1943 3614 1996 Sic
3642 1944 3791 1997 olim

2175 2033 2428 2087 diabolus
2452 2031 2695 2103 paradisi
2715 2032 2940 2085 colonos
2960 2047 3059 2101 per
3077 2027 3318 2100 anguem
3333 2030 3550 2093 fefellit,
3572 2032 3652 2084 sic
3683 2049 3794 2101 ge-

2175 2139 2280 2176 nus
2294 2123 2604 2175 humanum
2624 2137 2723 2192 per
2742 2125 3062 2191 purpurata
3079 2119 3388 2173 meretricis
3406 2119 3794 2189 pulchritudi-

2176 2228 2303 2266 nem
2332 2210 2570 2280 decepit.
2599 2211 2668 2263 Et
2691 2208 2918 2279 quidem
2938 2207 3116 2262 beatae
3137 2207 3341 2278 quietis
3361 2208 3599 2272 incolas,
3623 2209 3794 2280 polli-

2174 2317 2305 2354 cens
2321 2298 2630 2352 divinitatis
2655 2298 2918 2360 honores,
2932 2296 3064 2349 dum
3081 2296 3424 2366 supplantat,
3444 2297 3792 2351 immortali-

2174 2390 2309 2442 tatis
2332 2393 2484 2441 veste
2507 2386 2755 2447 nudavit,
2779 2389 2838 2438 et
2873 2402 2908 2438 a
2929 2383 3143 2437 deliciis
3174 2385 3568 2454 placidissima;
3598 2387 3792 2438 suavi-

2177 2475 2310 2530 tatis
2333 2464 2560 2544 ejectos,
2577 2473 2647 2526 ad
2668 2471 2886 2526 labores
2906 2477 2962 2525 et
2989 2488 3270 2526 aerumnas
3296 2472 3572 2526 deﬂendze
3593 2479 3789 2526 muta-

2178 2563 2411 2618 bilitatis
2431 2561 2681 2615 adduxit.
2702 2564 2775 2614 At
2801 2577 2931 2614 vero
2953 2577 3133 2629 genus
3154 2561 3466 2623 hominum,
3483 2561 3624 2614 dum
3646 2579 3795 2632 pra:-

2180 2653 2354 2707 sentis
2375 2651 2804 2722 prosperitatem
2824 2649 2948 2703 vitaa
2966 2649 3318 2719 gloriamque
3345 2650 3568 2719 fragilis
3591 2657 3796 2720 poten-

2179 2743 2270 2797 tiae
2299 2746 2525 2812 captare
2552 2739 2748 2804 suasit,
2777 2739 3130 2808 sempiternae
3161 2738 3358 2791 mortis
3381 2740 3598 2792 carceri
3629 2756 3798 2792 man-

2179 2830 2401 2900 cipavit.
2436 2829 2543 2884 Sed
2595 2843 2777 2898 neque
2801 2827 2984 2880 adhuc
3013 2827 3257 2897 antiqua!
3305 2827 3521 2881 fraudis
3553 2826 3792 2894 oblitus,

2179 2920 2383 2974 dolosae
2404 2917 2678 2989 captionis
2698 2917 2980 2970 innectere
3009 2916 3151 2969 retia
3178 2922 3379 2978 cessat,
3406 2917 3545 2969 dum
3577 2916 3648 2969 ad
3673 2933 3796 2970 suae

2180 3008 2409 3062 malitia:
2439 3007 2646 3061 bellum
2669 3005 2920 3075 gladium
2941 3004 3146 3074 lingua:
3165 3004 3371 3073 judicis
3399 3005 3703 3075 corripuit.
3729 3007 3796 3059 Et

500 3095 576 3148 tis
606 3096 855 3149 laetitiam
886 3095 1316 3149 transferebant.
1342 3096 1457 3148 Nec
1485 3094 1792 3148 divinitatis
1813 3095 1967 3150 favor
1995 3097 2096 3150 ab-
2117 3101 2159 3159 C
2181 3097 2237 3151 in
2270 3096 2529 3167 paradiso
2555 3095 2780 3165 quidem
2803 3093 2952 3147 bruti
2969 3093 3271 3146 animantis
3292 3093 3480 3147 fauces
3505 3100 3794 3164 tanquam

499 3183 607 3236 fuit
643 3200 743 3253 pro
789 3199 848 3236 se
881 3183 1248 3254 patientibus;
1281 3183 1379 3236 sed
1424 3183 1602 3236 sancti
1633 3183 1876 3253 Spiritus
1905 3201 2098 3240 eorum
2173 3185 2424 3239 hominis
2454 3184 2706 3253 linguam
2729 3181 2984 3244 vibravit,
3015 3181 3107 3234 hic
3136 3199 3265 3235 vero
3298 3182 3655 3236 rationabilis
3680 3183 3796 3236 lin-

499 3271 818 3340 pectoribus
849 3288 1052 3325 munus
1083 3272 1401 3339 infundens,
1431 3272 1819 3328 inﬁrmitatem
1849 3276 2098 3346 corporis
2181 3292 2306 3343 gum
2332 3273 2581 3343 gladium
2608 3271 2862 3332 strinxit;
2894 3287 3004 3340 quo
3049 3271 3260 3324 Christi
3309 3269 3614 3340 prudentia
3650 3289 3798 3341 prae-

500 3360 558 3412 in
588 3359 934 3414 fortitudinis
955 3361 1227 3414 convertit
1265 3362 1532 3430 vigorem.
1566 3363 1817 3416 Immane
1859 3364 2098 3434 denique
2181 3359 3267 3429 structos,callidusinimicussubtilioris
3283 3359 3795 3413 astutiemucrone

500 3453 825 3502 catenarum
857 3448 1074 3519 pondus
1095 3451 1262 3503 veluti
1286 3450 1600 3504 lenissimas
1625 3452 1844 3521 plumas
1865 3453 2101 3505 sustine—
2183 3451 2478 3504 confodiat.
2496 3449 2603 3504 Sed
2625 3448 2721 3518 qui
2747 3447 2955 3501 Christi
2985 3447 3236 3516 potentia
3259 3448 3438 3501 victus
3459 3455 3631 3517 atque
3652 3466 3791 3502 cru-

498 3534 654 3601 bant,
686 3537 1040 3608 stupentibus
1086 3538 1364 3592 universis
1393 3540 1540 3609 quod
1574 3557 1744 3610 parva
1773 3543 2101 3611 corpuscula
2182 3541 2260 3593 cis
2283 3540 2395 3593 telo
2425 3539 2713 3592 confossus
2736 3543 2839 3596 est,
2858 3536 3067 3588 frustra
3083 3542 3276 3589 contra
3302 3537 3510 3588 milites
3538 3539 3665 3606 ejus
3697 3555 3793 3590 ar-

493 3625 712 3694 jejunio
743 3626 1055 3695 vigiliisque
1085 3642 1263 3679 exzesa
1309 3633 1524 3680 tantam
1566 3627 1858 3697 gravitatis
1889 3629 2092 3682 molem
2182 3645 2274 3681 ma
2293 3625 2781 3696 conquirit,gratis
2803 3625 3010 3678 bellum
3033 3625 3338 3694 praestruit,
3363 3641 3478 3678 non
3493 3633 3794 3696 perceptu-

499 3713 745 3785 perferre
765 3715 1365 3769 valerent.Traduntur
1383 3716 1556 3785 igitur
1569 3699 1954 3786 ergastulo-die
1977 3717 2087 3781 illo,
2177 3732 2273 3768 rus
2295 3715 2539 3786 palmam
2563 3713 2852 3783 triumphi,
2883 3713 2981 3766 sed
3028 3713 3175 3766 exitu
3205 3713 3426 3783 lapsum
3475 3715 3606 3782 Ipso
3637 3730 3792 3767 nunc

499 3803 863 3873 consequenti
889 3809 1050 3857 nocte
1070 3805 1346 3857 servandi.
1374 3805 1437 3858 In
1458 3821 1566 3874 quo
1595 3806 1862 3875 temporis
1888 3806 2088 3875 spatio,
2177 3810 2402 3857 auctore
2424 3803 2630 3856 bellum
2651 3803 2886 3873 geritur,
2906 3801 3000 3871 qui
3020 3801 3136 3854 suis
3155 3801 3428 3854 militibus
3442 3803 3785 3872 proclamat:

500 3906 613 3944 non
636 3906 872 3944 mterore
889 3891 1060 3944 corda
1073 3891 1379 3961 deponunt,
1395 3908 1504 3944 non
1515 3892 1716 3946 timore
1732 3894 2087 3959 contrahunt,
2182 3894 2463 3960 Conﬁdilc,
2488 3909 2578 3960 ego
2598 3895 2706 3944 vici
2725 3892 3000 3944 mundum
3025 3891 3198 3954 (Joan.
3221 3904 3331 3953 xvi,
3351 3888 3592 3956 33,).Qua
3612 3890 3686 3944 de
3711 3907 3794 3944 re-

500 3979 594 4034 sed
651 3995 750 4050 per
775 3979 1108 4033 suavitatem
1138 3979 1388 4050 spiritus,
1422 3980 1478 4033 in
1529 3981 1859 4035 charitatem
1891 3979 2098 4036 Christi
2182 3981 2413 4050 signifer
2437 3980 2653 4044 mortis,
2701 3978 2950 4032 attende.
2985 3977 3294 4047 Sequentes
3333 3977 3623 4031 Christum
3678 3995 3789 4031 non

499 4068 993 4123 dilatant.Laudes
1025 4067 1180 4122 Patri
1201 4069 1410 4122 caelesti
1436 4069 1736 4135 celebrant,
1759 4071 1998 4142 hymnos
2027 4073 2096 4125 li-
2179 4069 2508 4123 meritorum
2537 4067 2867 4138 reliquimus
2897 4066 3137 4134 insigne,
3177 4065 3273 4118 sed
3304 4065 3642 4132 invasimus;
3678 4083 3790 4120 non

499 4156 654 4220 bant,
669 4156 881 4223 gratias
904 4162 1098 4224 agunt,
1119 4157 1340 4210 etinter
1364 4159 1601 4212 carceris
1623 4160 1911 4229 squalores
1937 4161 2098 4213 coelo-
2179 4158 2401 4212 virtutis
2455 4174 2640 4210 arcem
2682 4155 3051 4211 deseruimus,
3085 4153 3182 4206 sed
3238 4153 3627 4220 ascendimus;
3678 4171 3788 4208 non

500 4257 627 4296 rum
647 4241 854 4310 gaudia
881 4244 1243 4297 meditantur.
1263 4246 1488 4298 Catenis
1510 4246 1759 4299 membra
1781 4247 1964 4313 vincti,
1999 4249 2095 4301 sed
2179 4247 2302 4300 vita:
2347 4245 2617 4316 gaudium
2672 4243 3038 4314 perdidimus,
3081 4241 3179 4295 sed
3240 4242 3604 4295 mutavimus.
3637 4243 3789 4306 Quas

499 4329 758 4383 libertate
780 4331 1019 4402 Spiritus
1041 4333 1298 4402 supernis
1321 4334 1638 4402 agminibus
1653 4335 1867 4401 sociati,
1899 4353 2096 4406 supre-
2112 4372 2161 4406 η
2180 4351 2313 4404 ergo
2340 4333 2619 4405 praeclaris
2641 4333 2816 4402 gestis
2845 4330 3328 4385 remunerationes
3345 4330 3587 4395 extollis,
3615 4347 3791 4400 quan-

500 4435 655 4472 mum
685 4420 972 4490 postulant
991 4438 1197 4490 regem,
1215 4428 1278 4475 ut
1298 4423 1426 4475 fidei
1449 4423 1852 4492 plenitudinem
1870 4426 2095 4479 athletis
2113 4419 2157 4430 ”
2180 4425 2252 4477 do
2299 4440 2543 4493 persaepe
2570 4421 2761 4475 infelix
2807 4437 2900 4474 eas
2930 4419 3220 4491 calamitas
3241 4419 3579 4473 confundit?
3608 4420 3788 4483 Quam

501 4509 618 4563 suis
646 4510 936 4580 largiatur,
969 4511 1252 4580 patientia:
1283 4511 1549 4564 virtutem
1581 4512 1811 4577 tribuat,
1847 4530 2096 4583 perseve-
2178 4513 2405 4566 fortium
2425 4518 2712 4582 gestorum
2739 4510 3006 4580 praedicas
3045 4509 3272 4571 famam,
3297 4525 3425 4561 cum
3462 4509 3575 4561 vita
3607 4508 3787 4562 brevis

501 4599 697 4651 rantiae
717 4600 962 4668 palmam
984 4601 1172 4665 donet,
1190 4599 1538 4670 triumphum
1562 4599 1803 4654 victoriae
1829 4601 1896 4654 de
1919 4603 2096 4655 hostis
2178 4601 2349 4653 veloci
2399 4601 2507 4653 fine
2555 4604 2754 4652 cuncta
2784 4598 2953 4650 dedat
2990 4596 3289 4650 oblivioni?
3318 4599 3432 4648 Aut
3460 4613 3636 4665 quam
3667 4597 3788 4649 vitae

499 4681 853 4740 immanitate
889 4672 1174 4742 concedat.
2180 4689 2430 4743 laetitiam
2455 4690 2654 4757 jactas,
2679 4688 2903 4756 quando
2929 4692 3131 4739 cuncta
3159 4701 3282 4756 qua:
3300 4685 3485 4738 cernis
3517 4701 3788 4738 vanarum

572 4769 765 4824 Altera
785 4790 912 4827 vero
940 4776 1050 4839 die,
1087 4793 1280 4830 rursus
1305 4775 1530 4846 tyranni
1561 4775 1933 4830 tribunalibus
1965 4794 2100 4847 praa-
2177 4777 2385 4848 gaudia
2414 4793 2600 4830 rerum
2628 4775 2828 4829 umbra
2855 4775 3008 4829 velut
3035 4773 3222 4827 tenuis
3271 4773 3532 4826 celeriter
3564 4772 3788 4826 elabun-

503 4859 814 4910 sentantur.
829 4861 978 4923 Quos
997 4865 1280 4919 aestimans
1299 4864 1504 4918 oblatis
1533 4863 1859 4918 muneribus
1879 4865 2098 4919 facilius
2179 4867 2305 4921 tur?
2325 4868 2412 4919 An
2443 4865 2734 4936 splendida
2761 4869 2923 4933 gesta
2948 4862 3284 4932 Pompeium
3311 4861 3488 4914 totius
3518 4861 3668 4914 orbis
3687 4862 3788 4913 im~

504 4943 871 5014 supplantari,
887 4948 1091 5004 blando
1111 4969 1388 5020 sermone,
1406 4961 1675 5024 tanquam
1707 4970 1826 5006 com
1833 4954 2097 5024 patientis

505 5035 724 5093 affectu,
753 5049 847 5085 eos
877 5035 1084 5104 alloqui
1112 5042 1278 5110 cmpit
1302 5061 1312 5094 :
1348 5044 1487 5096 Cum
1514 5042 1729 5096 videam
1758 5059 1854 5095 vos
1883 5041 2097 5096 nobiles

506 5130 675 5193 atque
695 5121 998 5192 prudentes
1017 5140 1137 5177 esse
1154 5127 1319 5194 viros,
1339 5131 1498 5184 doleo
1518 5148 1626 5185 non
1655 5147 1850 5201 parum
1879 5138 2096 5186 tantam

506 5212 836 5282 dignitatem
859 5227 957 5282 per
982 5211 1257 5268 insaniam
1274 5217 1392 5271 sine
1420 5220 1602 5274 fructu
1632 5221 1907 5290 deperire.
1933 5222 2097 5274 Dese-

506 5307 692 5355 rentes
721 5301 978 5372 equidem
1007 5299 1316 5356 caelestium
1353 5308 1628 5361 culturam
1676 5309 1930 5369 deorum,
1965 5310 2095 5363 reli-

508 5389 708 5458 quistis
738 5388 1049 5444 sanctitatis
1076 5390 1359 5454 meritum,
1382 5393 1650 5450 virtutum
1667 5397 1854 5464 decus,
1870 5398 1994 5451 vita;
2013 5399 2102 5467 ju-

507 5477 871 5543 cunditatem,
889 5485 946 5533 et
975 5477 1150 5532 aniles
1171 5477 1410 5548 ineptias
1430 5485 1712 5549 sectando,
1743 5487 2097 5557 turpitudini,

508 5565 770 5632 infamiae,
793 5568 1028 5642 egestati
1057 5583 1152 5624 vos
1179 5566 1506 5622 tradidistis.
1544 5572 1680 5634 Quis
1699 5573 2000 5644 aliquando
2021 5592 2106 5628 sa-

2180 4961 2497 5026 peratorem
2525 4955 2806 5022 juverunt,
2835 4952 3058 5022 quando
3085 4951 3417 5020 gravissimo
3448 4950 3671 5021 superbi
3703 4951 3785 5001 vi-

2178 5043 2347 5097 ctoris
2375 5043 2575 5096 timore
2596 5041 2898 5107 confectus,
2924 5039 3235 5110 legionibus
3278 5039 3560 5101 desertus,
3589 5038 3785 5091 militi-

2179 5131 2282 5185 bus
2299 5131 2563 5196 nudatus,
2587 5130 2655 5183 ad
2677 5130 2893 5183 hostilis
2913 5129 3104 5198 gloriae
3132 5127 3378 5198 palmam
3403 5129 3590 5197 capite
3614 5126 3781 5180 caedi-

2178 5225 2290 5283 tur,
2325 5224 2380 5272 et
2423 5218 2541 5272 sine
2572 5218 2798 5271 nomine
2831 5233 3032 5286 corpus
3061 5217 3318 5269 relictum
3351 5214 3780 5268 tumultuariam

2179 5308 2237 5361 in
2268 5308 2452 5361 arenis
2475 5306 2681 5360 meruit
2699 5303 3084 5376 sepulturam?
3103 5303 3200 5356 Vel
3225 5303 3422 5356 melior
3450 5303 3592 5355 forte
3605 5302 3783 5354 Caesa-

2183 5414 2301 5452 rem
2323 5397 2557 5450 fortuna:
2576 5402 2701 5449 rota
2729 5393 3011 5456 sustinuit,
3035 5393 3130 5463 qui
3153 5397 3281 5462 post
3309 5391 3552 5445 Gallicos
3577 5390 3778 5443 trium-

2185 5487 2344 5558 phos,
2378 5491 2503 5557 post
2529 5485 2716 5538 civiles
2746 5483 3024 5546 victorias,
3045 5487 3171 5552 post
3196 5480 3419 5551 imperii
3447 5493 3775 5551 purpuram,

2187 5575 2379 5629 multis
2411 5573 2731 5630 vulneribus
2759 5572 3065 5636 confossus,
3097 5574 3322 5638 gratum
3351 5568 3470 5623 suis
3525 5564 3776 5622 hostibus
