4000 6170
301 183 448 242 1505

1213 184 1308 239 DE
1347 184 1701 241 PASSIONE
1738 184 1837 240 SS.
1879 179 2133 237 RUFINI
2172 178 2266 235 ET
2302 179 2623 237 VALERII.

3424 189 3569 249 1506

297 326 474 382 super
501 310 712 365 crudeli
729 325 865 364 nece
888 308 1271 381 spectaculum
1300 310 1471 365 fecit?
1499 310 1606 365 Ubi
1635 326 1783 365 nunc
1799 307 1901 380 igi-
1916 309 1967 368 Α
1982 305 2218 360 interior
2235 305 2308 359 ad
2327 304 2761 377 incorruptionis
2774 307 3156 380 integritatem
3171 321 3474 385 augmenta
3482 334 3573 373 su-

296 401 397 452 tur
422 399 626 453 borum
655 398 911 462 virtutes,
947 415 1086 469 quas
1115 403 1295 453 totum
1328 415 1430 470 per
1454 399 1646 454 orbem
1689 400 1896 453 Roma-

294 502 438 540 num
469 503 673 557 magno
703 486 892 541 labore
921 503 1141 541 summo
1163 486 1349 541 studio
1386 487 1763 559 pepererunt?
1791 485 1897 541 Ubi

295 575 619 630 divitiarum
649 592 877 646 pompa,
907 592 1047 646 quas
1075 576 1144 629 de
1172 580 1290 630 toto
1315 576 1511 630 mundi
1530 576 1711 647 spatio
1726 593 1898 647 popu-

295 663 369 717 lis
394 664 773 734 gentibusque
798 663 1042 718 subactis
1071 665 1524 734 congregarunt?
1553 664 1659 719 Ubi
1696 665 1895 719 trium-

294 753 539 823 phorum
562 752 763 823 gloria,
796 751 998 823 quibus
1017 752 1284 807 sublimes
1298 753 1431 807 elati
1446 758 1580 810 sunt
1596 755 1619 807 ?
1637 754 1766 808 Haec
1784 753 1892 823 igi-

295 843 394 894 tur
419 857 587 895 cursu
616 840 867 895 breviore
904 840 1078 905 ﬁnita,
1115 858 1284 912 quam
1308 842 1470 895 nihili
1490 842 1647 896 fuere
1667 842 1895 896 demon-

292 933 499 995 strant,
514 946 639 1000 quae
658 934 817 984 tanta
836 930 1126 984 velocitate
1146 931 1626 1001 praetervolarunt.
1641 932 1768 985 Non
1787 930 1893 1000 igi-

292 1022 392 1071 tur
415 1034 623 1088 magna
641 1024 868 1090 reputes
895 1036 1018 1089 quae
1047 1027 1179 1073 sunt
1204 1025 1323 1073 tam
1340 1036 1532 1090 parva,
1559 1037 1661 1074 nec
1672 1018 1896 1074 stabilia

289 1106 490 1160 credas
508 1124 633 1178 quae
670 1107 824 1162 vides
865 1113 983 1162 tam
1030 1123 1193 1172 vana,
1234 1125 1336 1161 nec
1380 1108 1553 1163 ducas
1596 1109 1726 1164 laeta
1771 1125 1894 1179 qua:

288 1197 475 1251 cernis
504 1201 623 1251 tam
651 1197 855 1252 tristia.
889 1199 1125 1268 Propter
1148 1198 1297 1268 quod
1322 1215 1616 1253 monemur
1639 1215 1753 1253 non
1770 1198 1893 1252 dili-

285 1302 424 1355 gere
454 1286 746 1352 mundum,
779 1303 963 1358 neque
992 1304 1060 1341 ea
1090 1304 1214 1358 quae
1245 1287 1304 1341 in
1331 1288 1541 1342 mundo
1569 1293 1734 1342 sunt:
1757 1304 1894 1359 prae-

283 1374 481 1428 ferunt
507 1375 660 1429 enim
685 1376 951 1446 speciem,
982 1376 1080 1430 sed
1102 1382 1303 1446 tegunt
1321 1376 1624 1431 vanitatem
1652 1395 1663 1443 ;
1693 1383 1885 1447 poten-

281 1463 424 1517 tiam
451 1464 738 1527 simulant,
772 1465 871 1518 sed
898 1464 1248 1519 abscondunt
1275 1465 1665 1520 inﬁrmitatem
1690 1485 1703 1532 ;
1741 1482 1886 1535 gau-

1977 393 2182 448 mebat.
2215 395 2518 465 Postquam
2543 412 2673 450 vero
2702 396 2802 451 diu
2819 398 3094 455 cruciatos
3117 401 3177 455 in
3205 403 3411 459 Christi
3438 402 3566 461 con-

1977 483 2218 538 fessione
2245 484 2424 537 cernit
2438 482 2755 539 immobiles
2771 503 3121 557 permanere,
3139 489 3302 560 jubet
3329 509 3423 547 eos
3442 510 3572 548 rur-

1977 590 2073 627 sus
2101 588 2323 626 carcere
2351 572 2555 639 claudi,
2589 573 2765 628 rlonec
2790 575 3041 631 inveniat
3082 578 3286 649 quibus
3330 597 3425 635 eos
3461 587 3575 636 tor-

1978 660 2183 715 mentis
2213 662 2451 715 deficere
2472 663 2789 733 compellat.
2806 664 2995 721 Sancti
3012 673 3203 722 autem
3216 675 3494 741 martyres
3514 670 3574 723 in

1973 748 2221 803 tenebris
2245 750 2514 819 ergastuli
2534 752 2841 819 constituti,
2875 755 3079 809 mentis
3100 755 3277 811 aciem
3294 758 3366 812 ad
3384 775 3578 830 super-

1975 854 2050 891 na
2078 838 2443 906 sustulerant,
2476 844 2533 893 et
2547 839 2753 909 quibus
2779 844 3090 913 temporale
3135 844 3447 916 negabatur
3490 847 3575 902 in-

1975 926 2373 982 commutabile
2402 932 2571 998 atque
2597 929 3002 999 sempiternum
3020 932 3211 988 lumen
3226 935 3571 991 contueban-

1974 1019 2088 1069 tur.
2108 1014 2288 1069 Erant
2317 1016 2545 1087 quidem
2586 1033 2823 1088 corpora
2862 1021 3057 1091 ﬂagris
3092 1022 3356 1089 lacerata,
3389 1024 3570 1094 poenis

1977 1103 2548 1176 abrepta,tormentis
2572 1106 2783 1172 avulsa,
2831 1108 2927 1162 sed
2966 1109 3189 1165 animus
3237 1112 3346 1165 ﬁde
3387 1112 3567 1179 fortis,

1976 1209 2074 1264 spe
2097 1193 2328 1259 solidus,
2357 1193 2627 1248 charitate
2667 1194 2931 1250 robusms
2961 1198 3175 1253 divinas
3206 1198 3400 1255 laudes
3451 1218 3570 1256 me-

1974 1280 2280 1335 ditabatur.
2300 1282 2417 1336 Nec
2429 1282 2631 1336 horror
2640 1284 2898 1350 carceris,
2919 1292 3088 1358 atque
3101 1288 3280 1342 noctis
3297 1288 3563 1361 tenebrae,

1974 1370 2202 1440 superni
2223 1370 2497 1441 fulgorem
2516 1372 2747 1426 luminis
2768 1373 3062 1443 quiverant
3076 1375 3443 1446 obumbrare;
3463 1380 3564 1434 sed

1966 1458 2108 1513 lucis
2135 1475 2414 1530 corporeae
2437 1460 2705 1524 defectus,
2720 1466 2777 1515 et
2794 1466 2943 1533 tetra
2956 1463 3221 1519 domicilii
3241 1467 3567 1523 deformitas

283 1551 441 1606 dium
472 1553 829 1623 promittunt,
853 1552 952 1607 sed
972 1552 1233 1607 exhibent
1261 1554 1531 1608 dolorem.
1560 1554 1686 1608 Non
1710 1554 1885 1624 igitur
1902 1626 1929 1628 ξ
1965 1548 2025 1601 in
2055 1547 2332 1602 mentium
2354 1548 2735 1619 migraverant
2762 1552 3138 1621 majestatem,
3164 1561 3222 1609 et
3243 1556 3422 1627 caligo
3444 1573 3567 1628 quae

280 1639 474 1695 felices
499 1642 614 1695 hac
643 1642 738 1712 qui
767 1641 1055 1711 possidere
1085 1641 1366 1707 videntur,
1395 1643 1494 1696 sed
1536 1626 2209 1707 miserabilesBCOl‘poriS
2239 1641 2457 1691 texerat
2495 1637 2663 1703 visus,
2699 1638 2884 1693 cordis
2928 1640 3156 1697 obtutus
3200 1626 3562 1712 revelaverat,

284 1729 384 1799 qui
414 1746 515 1800 pro
530 1730 676 1785 veris
694 1730 833 1784 falsa
844 1730 1308 1801 complectuntur.
1333 1732 1456 1795 Qua
1476 1732 1545 1785 de
1567 1747 1628 1784 re
1648 1747 1887 1785 munera
1967 1725 2232 1796 quoniam
2251 1725 2558 1796 spiritualis
2586 1726 2773 1796 Γυιεζον
2798 1744 2911 1782 non
2932 1731 3048 1784 $019
3068 1734 3445 1798 succenditur.
3465 1752 3562 1790 ne-

281 1824 387 1871 tua
413 1818 842 1885 contemnimus,
878 1818 1181 1889 dignitates
1208 1819 1548 1890 respuimus,
1607 1820 1886 1891 promissa
1968 1830 2076 1884 que
2100 1818 2262 1867 nocte
2280 1819 2542 1875 caecatur,
2575 1814 2756 1885 magis
2784 1821 2976 1870 autem
3002 1819 3272 1874 claritatis
3289 1838 3404 1877 suae
3426 1824 3568 1881 lam-

282 1923 388 1978 pro
414 1907 593 1962 nihilo
621 1907 897 1962 ducimus.
932 1908 1118 1963 Servis
1147 1908 1354 1962 etenim
1375 1908 1581 1963 Christi
1609 1908 1883 1979 quidquid

282 1995 527 2050 sublime
555 1997 798 2051 mundus
822 2001 1048 2067 reputat
1093 1996 1514 2068 contemptibile
1551 2002 1673 2063 est;
1719 1996 1882 2067 quid-

283 2084 422 2155 quid
448 2085 757 2155 gloriosum
781 2085 907 2150 vile,
933 2085 1208 2156 quidquid
1232 2084 1498 2140 blandum
1523 2084 1880 2153 exsecrabile,

288 2172 555 2244 quoniam
585 2191 697 2228 non
722 2178 998 2245 appetunt
1015 2173 1075 2228 in
1103 2174 1269 2228 terris
1310 2173 1535 2228 divitias
1562 2173 1881 2245 perituras,

285 2261 490 2333 quibus
527 2262 979 2334 incorruptibiles
1008 2263 1067 2317 in
1095 2263 1254 2318 caelis
1283 2268 1579 2333 parantur,
1613 2263 1883 2334 quoniam

281 2351 468 2421 gloria
494 2352 890 2423 praetervolans
919 2352 1115 2406 mundi
1144 2368 1257 2406 non
1275 2353 1393 2406 veri
1438 2350 1569 2407 boni
1608 2351 1885 2423 possessio

286 2446 392 2507 est,
427 2441 530 2495 sed
559 2441 820 2495 vitiorum
837 2441 1093 2495 materia.
1112 2441 1169 2496 Si
1183 2441 1408 2512 quidem
1429 2441 1701 2512 quidquid
1716 2441 1886 2496 habet

283 2529 535 2583 mundus
561 2528 947 2584 blandimenta
973 2530 1157 2584 carnis
1185 2529 1351 2584 noxia
1395 2535 1546 2597 sunt,
1585 2536 1643 2584 et
1678 2547 1882 2585 concu-

282 2619 562 2691 piscentia
589 2620 899 2687 oculorum,
932 2625 990 2674 et
1035 2618 1296 2689 superbia
1334 2619 1480 2685 vitae,
1531 2636 1653 2690 quae
1694 2619 1884 2673 omnia

1964 1902 2107 1973 pade
2136 1907 2194 1956 et
2220 1902 2369 1956 diem
2393 1902 2584 1968 vincit,
2609 1907 2667 1956 et
2693 1909 2998 1959 nocturnas
3022 1906 3285 1962 tenebras
3313 1911 3557 1981 repellit.

1964 1991 2245 2061 Pr0pheta
2265 1990 2334 2044 de
2353 2007 2412 2044 se
2430 1991 2694 2062 loquente
2715 2009 2727 2043 :
2753 1991 2820 2044 Et
2842 2009 2954 2047 nox
2972 1995 3321 2051 itluminatio
3343 2001 3405 2052 in
3416 2000 3561 2053 deli-

1965 2082 2067 2134 ciis
2092 2082 2228 2133 meis
2259 2082 2423 2147 (Psal.
2471 2094 2731 2146 cxxxvm,
2777 2080 2881 2150 ll).
2922 2083 3173 2138 Tandem
3212 2101 3346 2157 ergo
3384 2087 3561 2158 quieti

1967 2167 2222 2223 membra
2250 2168 2565 2234 dimittunt,
2595 2174 2653 2224 et
2681 2170 2901 2241 soporis
2921 2171 3195 2228 levamine
3214 2174 3390 2231 fessos
3403 2182 3562 2232 artus

1968 2262 2235 2328 reparant
2256 2257 2326 2311 ad
2347 2255 2595 2311 laborem
2609 2257 2880 2313 futurum.
2897 2260 3014 2314 Nec
3034 2266 3223 2316 tamen
3242 2265 3565 2336 somnigra-

1966 2346 2165 2401 vedine
2190 2362 2349 2400 mens
2368 2345 2645 2413 obruitur,
2677 2347 2774 2401 sed
2806 2348 2993 2403 divino
3013 2348 3146 2420 igne
3174 2368 3441 2408 succensa
3456 2371 3564 2409 coe-

1966 2435 2188 2489 lestium
2216 2433 2501 2505 mysteriis
2527 2440 2873 2490 secretorum
2902 2436 3189 2492 inseritur.
3217 2440 3425 2496 Sensus
3438 2443 3565 2513 qui-

1965 2524 2092 2578 dem
2117 2522 2399 2592 corporeis
2428 2522 2626 2576 ofﬁciis
2656 2522 3012 2589 obturantur,
3046 2526 3145 2581 sed
3167 2530 3429 2598 supernis
3470 2548 3562 2585 re-

1967 2611 2334 2666 velationibus
2362 2615 2705 2665 reserantur.
2729 2612 2866 2668 Ecce
2884 2613 3125 2684 denique
3144 2616 3558 2687 propinquante

280 2724 398 2761 non
426 2723 463 2760 a
489 2708 603 2761 Deo
630 2708 798 2762 Patre
825 2711 975 2773 sunt,
1004 2707 1102 2761 sed
1131 2723 1197 2761 ex
1225 2706 1447 2761 diabolo
1490 2707 1548 2777 (1
1582 2710 1745 2762 Joan.
1797 2710 1879 2772 ιι).
1959 2703 2079 2772 jam
2098 2702 2240 2761 luce,
2268 2700 2500 2770 angelus
2521 2700 2743 2754 Domini
2764 2702 3003 2756 carceris
3017 2703 3263 2758 claustra
3275 2705 3560 2776 ingressus

280 2797 525 2868 Propter
549 2796 698 2868 quod
729 2796 1038 2850 certissime
1054 2802 1249 2850 teneas
1269 2796 1419 2867 quod
1439 2813 1541 2851 nos
1557 2797 1881 2851 acharitate
1964 2790 2240 2864 apparuit,
2273 2794 2330 2843 et
2348 2789 2525 2844 totius
2554 2789 2797 2860 spatium
2847 2791 3060 2845 cellula:
3098 2808 3304 2864 magna
3331 2794 3563 2850 luminis

282 2885 496 2940 Christi
522 2886 678 2939 nulla
706 2884 1018 2956 promissio,
1056 2885 1224 2939 nullae
1245 2885 1471 2952 divitiae,
1502 2885 1659 2940 nulla
1677 2886 1881 2956 gloria,
1965 2880 2221 2935 claritate
2248 2877 2513 2949 perfudit,
2544 2882 2603 2932 et
2631 2878 2712 2933 ait
2740 2878 2811 2932 ad
2839 2879 2964 2934 illos
2993 2896 3006 2934 :
3036 2880 3237 2935 Ruﬁne
3265 2890 3323 2936 et
3350 2883 3556 2950 Valeri,

280 2973 443 3027 nulla
471 2989 755 3044 prospera,
788 2973 943 3027 nulla
971 2972 1253 3027 contraria
1274 2978 1542 3044 poterunt
1561 2990 1842 3045 separare.
1898 2982 1942 3042 ο
1965 2974 2286 3024 constantes
2317 2972 2516 3033 estote,
2548 2966 2889 3038 robustaque
2919 2974 3106 3023 mente
3137 2986 3359 3025 omnem
3371 2989 3564 3043 paena-

354 3062 442 3116 Ad
466 3063 583 3118 haec
605 3062 930 3132 indignatus
949 3062 1260 3132 praefectus,
1277 3063 1449 3132 jussit
1487 3079 1583 3117 eos
1623 3063 1880 3134 equuleis
1964 3075 2092 3112 rum
2115 3057 2378 3110 timorem
2398 3062 2695 3126 superate;
2730 3056 2787 3109 in
2817 3056 3067 3127 proximo
3088 3064 3247 3113 estut
3266 3061 3561 3117 vosDomi-

284 3152 532 3216 extendi,
567 3156 623 3206 et
652 3150 954 3222 plumbatis
979 3151 1134 3206 caedi.
1185 3152 1375 3206 Sancti
1417 3157 1696 3224 martyres
1735 3153 1886 3206 inter
1965 3162 2072 3200 nus
2098 3161 2225 3199 cum
2255 3143 2512 3215 martyrii
2529 3144 2716 3215 palma
2731 3143 2801 3198 ad
2821 3162 2880 3198 se
2908 3144 3191 3216 suscipiat,
3225 3149 3558 3204 etcmlorum

285 3241 511 3313 ﬂagella
526 3240 917 3310 cruciatusque
935 3239 1262 3304 dirissimos,
1281 3258 1380 3311 spe
1405 3257 1661 3312 supernae
1678 3240 1886 3311 gaude-
1966 3231 2176 3287 CiVibus
2202 3231 2369 3285 faCiat
2398 3231 2731 3295 COhml‘edeS.
2780 3236 2845 3285 ut
2863 3230 2940 3285 ibi
2957 3233 3077 3303 jam
3106 3241 3331 3304 paratas
3372 3253 3410 3309 ,a
3453 3238 3563 3293 Do-

284 3332 430 3386 bant
452 3328 856 3397 retributionis,
888 3333 1265 3382 memorantes
1286 3329 1434 3399 quod
1462 3345 1575 3383 non
1604 3328 1719 3382 sint
1760 3345 1889 3383 con-
1969 3321 2122 3374 mino
2148 3335 2381 3374 coronas
2410 3318 2750 3390 Ρθνοὶρίειῐὶε,
2779 3337 2919 3390 quas
2966 3320 3117 3375 vobis
3151 3322 3562 3394 impraascntia-

287 3421 475 3492 digna:
497 3418 784 3490 passiones
804 3418 973 3487 hujus
990 3416 1258 3488 temporis
1274 3418 1346 3471 ad
1366 3417 1613 3472 futuram
1623 3416 1882 3488 gloriam,
1968 3426 2095 3464 rum
2121 3407 2389 3462 videndus
2419 3406 2730 3461 ostendam.
2764 3407 2976 3470 Quibus
3004 3408 3185 3476 dictis,
3219 3428 3453 3468 coronas
3473 3432 3565 3470 su-

289 3527 418 3582 quae
448 3507 899 3563 manifestabitur
925 3507 983 3561 in
1011 3508 1219 3562 sanctis
1251 3510 1419 3574 (Rom.
1451 3511 1590 3574 vnI).
1642 3507 1712 3561 Et
1751 3507 1886 3561 item
1969 3515 2071 3570 per
2097 3513 2291 3552 eorum
2321 3494 2503 3566 capita
2531 3496 2668 3549 caelo
2698 3495 2886 3566 lapsas
2914 3496 3190 3568 deposuit.
3214 3500 3391 3556 Erant
3408 3504 3561 3559 enim

289 3599 444 3671 quod
464 3597 703 3653 Jacobus
723 3597 1009 3667 apostolus
1026 3596 1281 3650 fidelibus
1301 3596 1436 3650 dicit
1452 3598 1593 3667 (Jac.
1609 3596 1653 3665 1)
1676 3614 1688 3648 :
1708 3596 1889 3650 Omne
1970 3604 2140 3659 supra
2163 3585 2296 3640 solis
2323 3583 2637 3638 claritatem
2686 3584 2930 3638 mirabili
2950 3586 3247 3656 splendore
3268 3590 3560 3660 micantes,

287 3687 566 3760 gaudium
596 3685 927 3752 existimate,
950 3685 1170 3750 fratres,
1207 3702 1335 3739 cum
1356 3686 1411 3739 in
1436 3685 1781 3739 tentationes
1800 3702 1890 3739 va-

290 3779 409 3832 rias
440 3775 769 3840 incideritis,
795 3775 1033 3829 scientes
1063 3776 1214 3846 quod
1236 3776 1526 3830 tribulatio
1556 3776 1887 3847 patientiam

289 3871 581 3937 operatur,
607 3863 881 3935 patientia
895 3880 1024 3916 vero
1052 3880 1207 3934 spem
1226 3880 1483 3918 securam
1498 3869 1670 3934 atque
1696 3865 1885 3929 ﬁdem,

1970 3682 2028 3730 et
2050 3676 2108 3729 in
2132 3672 2556 3729 similitudinem
2585 3672 2785 3743 lapidis
2813 3675 3096 3744 smaragdi
3138 3686 3456 3747 vernantes,
3497 3682 3558 3737 in

1971 3770 2209 3833 utraque
2238 3761 2506 3816 nimirum
2535 3761 2824 3831 qualitate,
2862 3762 2919 3816 id
2947 3768 3032 3818 est
3059 3765 3349 3835 splendida
3377 3774 3435 3823 et
3478 3770 3559 3824 vi-

1971 3852 2139 3918 renti,
2163 3867 2359 3905 eorum
2388 3848 2590 3920 quibus
2607 3849 2803 3904 delata)
2822 3850 3046 3906 fuerant
3064 3854 3325 3909 meritum
3344 3857 3566 3928 signan-

291 3970 465 4025 (ματη
497 3958 826 4007 cunctorum
841 3951 1057 4006 fructus
1070 3951 1345 4006 bonorum
1367 3952 1671 4007 decorabit,
1687 3952 1808 4015 Qua
1820 3952 1889 4007 de
1971 3948 2076 4002 tes,
2101 3939 2364 4011 quoniam
2390 3944 2447 3991 et
2464 3955 2564 4009 per
2584 3938 3095 3994 immarcessibilem
3120 3942 3564 4014 longanimitatis

289 4058 355 4096 re
382 4042 639 4097 laetitiam
670 4040 874 4094 mentis
902 4040 1191 4095 trahentes
1216 4040 1454 4094 Domino
1494 4040 1707 4111 gratias
1754 4058 1888 4111 age-

289 4131 449 4196 bant,
476 4135 653 4200 utque
680 4129 797 4183 suis
821 4128 1048 4182 famulis
1073 4128 1307 4183 virtutes
1339 4129 1714 4184 constantiam
1756 4146 1888 4183 con-
1970 4126 2158 4179 tutum
2188 4115 2429 4188 δΡεϐίοω
2460 4114 2822 4184 remiserant,
2848 4120 3124 4185 quatenus
3146 4118 3349 4175 divinis
3369 4121 3562 4179 donati

289 4219 485 4285 ferret,
514 4234 692 4289 usque
723 4217 782 4271 in
812 4217 981 4270 tinem
1009 4216 1387 4288 postulabant.
1422 4216 1674 4288 Cumque
1704 4223 1954 4289 tyran-n
1972 4205 2331 4269 muneribus;
2365 4209 2422 4257 et
2445 4203 2514 4257 de
2544 4203 2834 4275 promissis
2855 4204 2991 4258 certi
3015 4205 3466 4274 redderentur,et
3480 4229 3566 4266 ve-

291 4322 404 4362 nus
431 4309 684 4361 cerneret
711 4309 1031 4359 sanctorum
1061 4304 1209 4358 inter
1226 4309 1511 4359 tormenta
1528 4321 1891 4376 perseveran-
1910 4293 1954 4317 ”
1972 4299 2059 4352 lut
2086 4296 2146 4351 in
2165 4295 2290 4349 vitae
2318 4294 2561 4365 speculo,
2606 4293 2684 4347 sic
2729 4293 2788 4347 in
2821 4293 2902 4347 eis
2951 4299 3007 4347 et
3045 4295 3288 4366 palmam
3320 4298 3564 4353 victoria),

290 4396 434 4450 tiam
461 4411 565 4450 nec
590 4393 831 4463 ﬂagellis
860 4400 1034 4464 posse’
1050 4393 1328 4464 superari,
1360 4409 1553 4463 ptenas
1568 4401 1892 4464 auget,cru-
1973 4403 2090 4441 suae
2113 4390 2172 4439 et
2198 4382 2555 4455 praemiorum
2584 4382 3099 4453 contemplarentur
3119 4384 3358 4455 insigne.

292 4485 476 4540 ciatus
506 4482 863 4553 multiplicat,
892 4486 948 4535 et
978 4480 1251 4551 quidquid
1289 4480 1642 4551 malignitate
1683 4480 1892 4535 diaboli
2042 4476 2207 4530 Mane
2231 4488 2360 4526 vero
2391 4471 2554 4536 facto,
2573 4470 2744 4541 jussit
2770 4471 3062 4541 przefectus
3085 4490 3180 4527 eos
3208 4472 3314 4526 sibi
3325 4490 3565 4544 praesen-

293 4573 611 4643 excogitare
638 4571 696 4625 in
722 4570 1077 4625 vexationem
1105 4574 1292 4641 potest
1318 4575 1662 4633 sanctorum,
1686 4569 1893 4624 inferre
1972 4563 2103 4619 tari.
2136 4560 2382 4626 Qnicum
2401 4558 2640 4612 fﬂissent
2656 4557 2905 4623 adduc“,
2926 4558 3066 4612 Vidit
3083 4558 3250 4615 fades
3283 4577 3481 4617 eorum
3498 4563 3561 4618 in

292 4679 408 4718 non
437 4666 636 4716 cessat.
669 4660 923 4730 Cumque
944 4674 1214 4729 compago
1235 4657 1616 4712 membrorum
1633 4658 1686 4712 vi
1707 4673 1893 4729 pmna—
1974 4649 2342 4708 similitudine
2380 4663 2657 4712 rosarum,
2711 4646 2934 4700 ruboris
2982 4648 3396 4717 pulchritudine
3431 4670 3562 4725 per-

291 4768 425 4807 rum
454 4750 630 4805 nimia
656 4750 981 4813 solveretur,
1030 4753 1088 4801 et
1139 4751 1318 4801 totam
1361 4747 1608 4819 corporis
1648 4747 1890 4818 speciem
1973 4742 2144 4803 fusas,
2190 4754 2256 4792 ac
2288 4736 2462 4790 totius
2496 4735 2745 4807 corporis
2790 4740 2978 4789 cutem
3032 4736 3280 4794 liliorum
3318 4743 3563 4797 candore

291 4856 476 4897 unum
503 4839 701 4893 vulnus
728 4837 1050 4903 obduceret,
1076 4852 1204 4889 caro
1227 4837 1519 4903 deﬂueret,
1543 4842 1759 4891 secreta
1785 4835 1891 4897 vis-
1970 4832 2299 4902 fulgentem.
2332 4826 2448 4879 Nec
2475 4824 2685 4878 mirum
2715 4842 2727 4878 :
2761 4825 3002 4879 caelestis
3028 4843 3273 4900 namque
3302 4831 3561 4887 minister

291 4946 489 4986 cerum
516 4931 798 4999 parerent,
826 4925 1028 4996 spiritu
1055 4930 1248 4979 tamen
1263 4925 1432 4979 fortes
1452 4925 1511 4978 in
1535 4924 1746 4979 Christi
1765 4941 1892 4979 con-
1972 4927 2431 4976 ornamentorum
2461 4914 2777 4988 insignibus
2805 4915 2991 4987 capita
3036 4923 3351 4989 martyrum
3394 4920 3560 4974 deco-

291 5019 537 5074 fessione
566 5014 890 5071 manebant.
916 5015 1050 5068 Erat
1067 5013 1310 5084 denique
1330 5030 1421 5067 res
1443 5013 1607 5084 plena
1622 5013 1887 5084 stuporis,
1971 5027 2099 5066 rare
2121 5012 2333 5081 jussus,
2365 5012 2579 5063 secreta
2603 5004 2878 5059 mentium
2922 5007 3228 5073 exornavit,
3271 5013 3327 5061 et
3369 5006 3429 5060 in
3468 5007 3560 5061 fu-

294 5107 542 5182 qualiter
565 5103 820 5160 membra
833 5102 1199 5182 famesitique
1213 5102 1480 5169 confecta,
1500 5102 1733 5173 jejuniis
1752 5107 1891 5156 atte-
1971 5104 2113 5153 tura:
2137 5098 2330 5170 gloriae
2369 5095 2755 5152 testimonium
2784 5095 3087 5150 exteriores
3116 5096 3285 5150 etiam
3312 5095 3560 5164 corporis

292 5176 491 5263 nnata,
525 5194 727 5266 vigiliis
755 5192 1007 5263 fatigata,
1025 5176 1119 5246 .tot
1146 5197 1315 5263 atque
1340 5196 1459 5246 tam
1496 5208 1729 5262 magnos
1759 5208 1887 5262 per-
1972 5193 2129 5243 artus
2154 5185 2463 5241 irradiavit.
2513 5184 2705 5240 Simile
2754 5201 2978 5256 quoque
3020 5184 3088 5238 de
3142 5187 3556 5254 protomartyre

292 5289 443 5343 ferre
463 5287 724 5356 poterant
745 5281 1044 5337 cruciatus.
1068 5280 1175 5335 Sed
1205 5280 1355 5336 unde
1375 5279 1656 5352 corporeis
1679 5280 1889 5335 defece-
1970 5276 2255 5348 Stephano
2295 5280 2457 5346 gesta
2494 5279 2796 5340 testantur,
2847 5273 2995 5345 quod
3036 5276 3190 5325 stans
3218 5270 3277 5324 in
3322 5271 3554 5327 concilio

290 5380 427 5432 rant
450 5372 678 5439 viribus,
707 5370 841 5425 inde
869 5368 1074 5423 mentis
1106 5368 1313 5424 virtute
1355 5369 1617 5425 fortiores
1657 5368 1888 5423 exstite-
1968 5367 2169 5438 plenus
2196 5364 2410 5436 Spiritu
2424 5368 2618 5420 sancto
2645 5362 2897 5434 angelico
2941 5357 3252 5429 refulgebat
3302 5364 3552 5428 aspectu.
3606 5408 3616 5424 ν,

291 5469 454 5534 rant;
486 5467 545 5520 et
568 5461 717 5518 unde
737 5458 980 5517 exterior
1016 5456 1186 5513 homo
1223 5458 1709 5532 corrumpebatur,
1755 5457 1888 5514 inde
1969 5456 2070 5512 Ille
2096 5453 2374 5526 siquidem
2403 5452 2630 5511 deitatis
2658 5452 2848 5523 fulgor
2873 5450 3075 5505 horum
3095 5451 3326 5520 pectora
3344 5446 3558 5502 illumi-

1971 4027 2445 4103 perseverantiam
2474 4026 2739 4092 virerent,
2771 4032 2830 4080 et
2855 4043 2957 4097 per
2974 4029 3430 4088 candidissimam
3458 4035 3565 4089 vir—
3661 4044 3668 4059 ‘
