4000 6170
443 260 579 321 1511
1208 244 1267 303 s.
1306 240 1684 300 PASCHASII
1723 230 2087 296 RADBERTI
2121 224 2425 286 ABBATIS
2468 222 2963 284 CORBEIENSIS.
3574 222 3717 282 1512

441 382 740 443 consortio.
773 381 1011 449 Propter
1036 372 1187 447 quod
1214 369 1463 433 obsecro,
1495 366 1572 421 mi
1600 366 1787 428 Pater,
1812 360 2031 435 prospi-
2047 359 2098 419 Α
2114 356 2267 427 leges
2304 350 2703 449 Christi.-tu
2724 349 2935 449 violare
2957 346 3282 448 nonoferens
3435 348 3495 402 in
3524 348 3717 403 animo

442 437 571 530 ἐξὲξ
585 437 701 543 ’ῥει-
745 437 1040 530 cancellos,
1053 437 1182 535 -per
1220 460 1493 514 fenestras
1530 470 1752 527 quoque
1794 449 2033 507 Demino
2115 441 2494 543 praeponebat.
2507 440 2669 542 Unde
2684 444 2742 493 et
2755 438 2931 539 voluit
2942 437 3123 543 magis
3140 454 3269 493 cum
3529 444 3720 493 mente

441 526 779 617 concedente
833 553 947 609 voti
988 526 1260 608 intuearis
1306 547 1468 605 ﬁlios.
1516 526 1657 599 Novi
1698 542 1873 613 igitur
1926 554 2039 610 qua
2117 534 2395 605 ingenuus
2415 529 2596 584 crucis
2616 526 2987 600 ignominiam
3008 528 3172 594 ferre,
3205 533 3270 582 ut
3292 527 3463 581 fortia
3480 544 3719 598 quaeque

440 649 616 704 fueris
635 644 910 701 charitate
922 640 1190 713 praeditus
1199 683 1211 702 ,
1225 653 1401 708 quave
1413 634 1522 688 ﬁde
1534 634 1750 693 ﬁrmus,
1774 628 2039 701 qualique

442 754 541 809 spe
570 735 665 790 diu
693 734 847 789 velut
881 731 1128 785 anchora
1164 725 1403 781 Domino
1449 721 1755 792 religatus;
1797 716 2041 772 certissi-

441 806 599 880 mum
624 823 830 878 idcirco
854 826 1038 883 teneo,
1062 815 1209 888 quod
1243 814 1445 884 triplex
1474 811 1580 865 iste
1602 816 1733 863 tuus
1759 806 2040 861 funiculus

440 913 684 973 difﬁcile,
710 911 823 965 imo
851 922 1143 978 nunquam
1163 902 1477 958 resolvitur.
1498 898 1719 955 Miraris
1739 912 1851 951 non
1872 894 2037 949 modo

442 1003 546 1065 sub
563 1001 800 1074 pedibus
817 997 994 1053 nubes
1016 1011 1082 1050 ac
1107 993 1314 1058 sidera,
1337 990 1435 1045 sed
1458 989 1629 1044 etiam
1651 987 1824 1041 altam
1854 982 2038 1055 plani-

443 1092 581 1147 tiem
609 1090 755 1156 coeli,
785 1088 946 1143 niveo
976 1082 1308 1139 candidatus
1333 1078 1559 1145 habitu;
1587 1076 1714 1130 ideo
1742 1090 1939 1146 precor
1967 1087 2038 1125 ne

441 1182 666 1237 differas
698 1174 954 1232 misereri
1000 1170 1319 1235 humilium,
1356 1184 1495 1238 quos
1540 1165 1754 1220 dudum
1783 1163 1854 1217 ad
1898 1161 2034 1215 talia

443 1266 782 1344 provocabas
806 1265 865 1319 in
897 1259 1222 1317 certaminis
1245 1273 1459 1328 campo.
1487 1254 1690 1320 Fortis,
1722 1252 1801 1305 mi
1845 1251 2031 1314 Pater,

443 1338 552 1413 fuit
568 1362 634 1412 ut
659 1371 812 1409 mors
840 1349 1062 1405 dilectio
1090 1352 1190 1402 tua
1215 1365 1226 1399 :
1252 1345 1378 1399 ideo
1405 1342 1559 1398 nullo
1573 1341 1749 1395 victus
1769 1356 1829 1393 es
1850 1338 2031 1399 hoste,

444 1447 599 1504 nullo
622 1446 919 1515 superatus
948 1454 1146 1509 agone.
1178 1434 1373 1488 Vicisti
1404 1431 1815 1487 oblectamenta
1841 1425 2035 1481 mundi

444 1535 696 1601 fortiter;
730 1536 789 1585 et
814 1530 940 1583 ideo
970 1524 1275 1589 coroneris,
1307 1521 1608 1585 credimus,
1638 1517 1820 1589 gloria
1844 1515 2039 1570 trium-

446 1622 673 1697 phantis
699 1617 1105 1675 indubitanter.
1133 1610 1494 1675 Venite,ﬁliae
1518 1608 1850 1671 Jerusalem,
1871 1610 1929 1702 et
1956 1603 2039 1656 vi-
2056 1632 2101 1691 Β

446 1696 575 1769 dete
587 1710 848 1765 diadema
867 1724 977 1778 quo
996 1706 1294 1759 coronatus
1314 1704 1403 1753 est
1428 1714 1597 1752 senex
1621 1701 1813 1750 noster
1840 1696 2041 1747 solem-

446 1803 625 1859 nitate
643 1797 879 1854 zeterna!
904 1794 1106 1867 quibus
1134 1791 1229 1846 ille
1248 1789 1539 1842 inauratus
1559 1790 1646 1839 est
1664 1781 2037 1838 indumentis!

448 1888 777 1964 perpendite
797 1882 1076 1957 quomodo
1092 1880 1275 1935 adhuc
1283 1876 1506 1948 juvenis
1523 1873 1831 1943 malignum
1849 1870 2046 1925 vicerit

446 1960 688 2045 hostem,
704 1974 985 2049 quomodo
1005 1986 1145 2043 puer
1163 1968 1437 2023 mundum
1459 1963 1693 2037 pedibus
1713 1962 1849 2017 olim
1869 1960 2046 2015 calca.

447 2068 595 2125 verit
621 2067 635 2121 l

931 2131 1121 2187 ἮΤᾹΞ
1159 2126 1557 2185 EXORDIUM.

616 2243 963 2301 Adethardus
976 2239 1284 2309 propinqui
1300 2238 1391 2289 sui
1406 2235 1605 2289 illicito
1617 2231 1875 2301 conjugio

1054 2312 1438 2365 commovetur.

522 2458 575 2512 7.
608 2456 716 2521 Qui
747 2472 875 2511 cum
900 2456 1049 2508 esset
1077 2449 1253 2521 regali
1270 2447 1529 2520 prosapia
1548 2453 1587 2513 ⁸,
1609 2441 1832 2516 Pippini
1851 2438 2042 2511 magni

2118 621 2503 685 confunderet,
2527 635 2694 689 quam
2711 617 2756 672 si
2776 617 2948 672 etiam
2972 617 3338 688 adoptaretur
3364 616 3427 671 in
3456 633 3715 688 regnum,

2118 719 2183 766 ut
2203 715 2351 765 esset
2378 708 2528 778 regis
2551 707 2717 761 ﬁlius.
3402 695 3419 709 ⁶

2352 834 2582 888 Corbeia:
2607 837 2762 886 atate
2788 833 3039 885 vicennis
3066 834 3127 898 ﬁt
3156 830 3486 885 monachus.

2187 939 2241 996 8.
2258 938 2580 1010 Despiciens
2599 937 2792 1008 itaque
2812 936 3122 990 Pharaonis
3134 936 3293 1007 regni
3314 936 3563 1000 divitias,
3595 952 3726 1006 per-

2117 1029 2270 1084 venit
2299 1027 2525 1081 tandem
2554 1031 2621 1081 ut
2648 1026 2973 1090 monachus,
2993 1025 3146 1079 velut
3171 1025 3393 1096 Moyses
3421 1023 3479 1077 in
3512 1040 3723 1089 eremo,

2119 1117 2220 1173 Dei
2251 1116 2532 1171 frueretur
2555 1114 2835 1186 alloquiis.
2867 1115 3063 1185 Neque
3093 1114 3244 1168 enim
3292 1113 3478 1167 adhuc
3524 1114 3726 1167 saeculo

2116 1207 2198 1261 ita
2225 1206 2522 1269 calceatus,
2556 1208 2779 1275 poterat
2807 1204 3035 1257 cceleste
3064 1202 3244 1256 visum
3295 1202 3353 1256 in
3395 1206 3595 1255 monte
3645 1199 3726 1254 vi-

2117 1294 2277 1361 dere;
2309 1293 2407 1347 sed
2435 1298 2635 1347 exutus
2680 1291 2767 1345 his
2814 1291 3072 1346 omnibus
3103 1297 3161 1345 et
3187 1289 3597 1354 sanctiﬁcatus,
3629 1288 3727 1343 Dei

2116 1389 2319 1454 agente
2345 1382 2547 1452 gratia,
2578 1380 2884 1452 discipulus
2896 1380 3076 1435 factus
3094 1386 3181 1434 est
3199 1379 3528 1434 Salvatoris.
3552 1379 3725 1449 Lege-

2117 1476 2208 1526 rat
2226 1487 2359 1541 ergo
2380 1488 2391 1523 :
2412 1472 2538 1525 Nisi
2558 1472 2684 1539 quis
2704 1471 3117 1524 renuntiaverit
3144 1469 3403 1522 omnibus
3421 1484 3546 1536 qua:
3561 1469 3725 1536 possi-

2118 1561 2223 1625 det,
2260 1575 2370 1613 non
2392 1563 2561 1628 potest
2587 1575 2741 1611 meus
2771 1574 2876 1611 esse
2904 1559 3211 1625 discipulus
3257 1558 3416 1623 (Luc.
3449 1570 3571 1619 XIV,
3613 1553 3723 1621 33).

2176 1664 2316 1718 eque
2345 1646 2518 1717 igitur
2544 1645 2843 1716 ignorabat
2870 1645 3017 1716 quod
3065 1644 3281 1699 facilius
3327 1644 3404 1697 sit
3448 1643 3724 1697 camelum

2122 1752 2225 1808 per
2240 1736 2493 1789 foramen
2508 1751 2642 1788 acus
2668 1732 2932 1800 transire,
2950 1749 3120 1804 quam
3140 1732 3370 1787 divitem
3401 1732 3461 1786 in
3482 1747 3725 1801 regnum

2124 1825 2390 1879 oculorum
2409 1823 2622 1877 intrare
2645 1823 2854 1891 (Matth.
2878 1828 2990 1886 xxx)
3021 1839 3034 1884 ;
3055 1829 3114 1875 et
3130 1821 3257 1875 ideo
3277 1820 3547 1892 deposuit
3571 1820 3725 1873 aselli

2126 1929 2315 1978 onera,
2347 1918 2413 1967 ut
2440 1911 2656 1966 facilius
2676 1916 2890 1965 arctam
2919 1916 3089 1981 atque
3107 1910 3363 1965 strictam
3389 1910 3546 1964 viam
3578 1924 3729 1963 man-

2127 2003 2389 2057 datorum
2418 2001 2519 2055 Dei
2556 2005 2832 2077 curreret.
2863 1999 3077 2063 Quibus
3115 1998 3408 2070 depositis,
3457 1997 3725 2063 Corbeia,

2128 2092 2242 2146 imo
2272 2089 2480 2145 Christi
2512 2089 2718 2144 ibidem
2739 2088 2968 2160 expetiit
2987 2089 3218 2154 fontem,
3246 2087 3401 2142 velut
3418 2103 3622 2141 cervus
3642 2086 3730 2140 ille

2126 2178 2423 2234 Davidicus
2456 2180 2618 2244 (Psat.
2645 2182 2775 2246 xu).
2809 2177 2931 2241 Quo
2973 2193 3097 2231 cum
3142 2193 3345 2249 parum
3387 2175 3595 2230 fuisset
3626 2176 3730 2229 im-

2128 2271 2400 2334 moratus,
2443 2264 2628 2321 subito
2676 2265 3013 2320 humilitatis
3064 2265 3372 2337 discipulus
3410 2264 3600 2319 factus
3649 2269 3731 2318 at

2127 2356 2399 2428 magister
2423 2354 2694 2409 virtutum
2718 2372 2731 2420 ;
2764 2358 2822 2408 et
2851 2355 2947 2425 qui
2976 2352 3155 2425 pridie
3184 2352 3561 2424 pedissequus
3592 2352 3732 2406 vide-

2128 2445 2313 2510 batur,
2347 2444 2585 2499 aliorum
2613 2443 2872 2497 inventus
2896 2448 2984 2496 est
3008 2442 3121 2496 dux
3145 2447 3204 2497 et
3226 2441 3470 2513 pravius
3498 2456 3732 2495 suorum

452 2546 599 2617 regis
616 2562 810 2616 nepos,
834 2541 1020 2598 Caroli
1034 2538 1399 2594 consobrinus
1416 2533 1673 2606 Augusti,
1689 2533 1838 2587 inter
1848 2527 2043 2601 palatii
2123 2535 2182 2589 in
2204 2534 2428 2590 Christo
2446 2531 2912 2587 commilitonum.
2929 2531 3192 2601 Elegeras
3211 2530 3384 2597 enim,
3407 2529 3561 2584 bone
3581 2531 3612 2585 Ι
3616 2547 3730 2594 esu,

450 2635 712 2691 tirocinia
738 2632 891 2689 omni
920 2629 1115 2685 mundi
1145 2626 1444 2699 prudentia
1470 2623 1743 2686 eruditus,
1775 2636 1891 2675 una
1916 2632 2043 2671 cum
2126 2622 2229 2677 tibi
2258 2622 2500 2676 tironem
2532 2624 2591 2674 et
2610 2635 2882 2691 puerum;
2911 2636 3025 2673 non
3048 2619 3276 2690 quidem
3304 2619 3400 2673 ille
3431 2624 3511 2684 te,
3541 2619 3645 2673 sed
3672 2626 3732 2673 tu

448 2729 731 2778 terrarum
756 2719 1005 2793 principe
1035 2714 1318 2786 magistris
1336 2712 1650 2777 adhibitus;
1674 2708 1844 2779 elegit
1867 2706 2046 2777 magis
2127 2713 2287 2767 illum
2309 2713 2559 2783 elegeras
2580 2717 2637 2767 et
2658 2711 3156 2783 praeelegeras,tna
3176 2715 3529 2781 praaventum
3563 2709 3732 2763 masc-

446 2810 681 2881 justitiae
703 2809 821 2864 fore
841 2814 899 2863 et
914 2804 1167 2861 veritatis
1183 2802 1396 2857 amicus
1426 2816 1594 2872 quam
1611 2799 1667 2852 in
1690 2796 1885 2881 illicita
1912 2811 2046 2849 con-
2127 2801 2388 2856 ricordia,
2410 2801 2642 2871 Elegisti
2664 2817 2792 2855 eum
2822 2800 2998 2854 ferme
3017 2816 3144 2853 cum
3162 2799 3359 2870 viginti
3379 2804 3536 2852 esset
3563 2815 3734 2853 anno.

450 2876 678 2965 sentire,
728 2898 901 2953 etiam
949 2893 1142 2949 multis
1189 2891 1497 2946 oblectatus
1548 2876 1854 2941 blanditiis.
1887 2882 2047 2938 Unde
2077 2962 2095 2965 Α
2129 2890 2516 2961 mm,quando
2531 2889 2718 2944 infelix
2743 2889 2978 2943 nimium
3001 2895 3139 2943 mtas
3159 2889 3409 2943 humana
3430 2888 3653 2957 fragilis
3679 2893 3734 2941 ει

451 2962 674 3043 factum
691 2992 796 3053 est,
823 3000 951 3040 cum
980 2983 1131 3038 idem
1160 2981 1467 3051 imperator
1496 2976 1728 3032 Carolus
1768 2962 2107 3028 desidem-0
2128 2979 2289 3033 valde
2314 2978 2575 3050 proclivis
2595 2983 2679 3032 est
2690 2979 2761 3032 ad
2791 2978 3161 3048 peccandum;
3192 2983 3327 3032 tunc
3357 2976 3592 3049 quando
3617 2994 3735 3031 σω-

448 3083 567 3131 tam
614 3073 891 3131 Desiderii
927 3070 1076 3141 regis
1120 3070 1394 3124 Italorum
1437 3065 1610 3120 ﬁliam
1637 3064 1664 3103 ι)
1703 3061 2042 3133 repudiaret.
2129 3085 2229 3123 nes
2258 3068 2471 3122 tirones
2498 3066 2602 3135 tui,
2634 3083 2761 3121 cum
2793 3067 3011 3121 exirent
3037 3067 3107 3121 de
3133 3071 3287 3121 terra
3312 3066 3570 3138 Egypti,
3605 3084 3640 3119 a
3660 3066 3732 3119 vi-

454 3181 624 3236 quam
653 3163 760 3217 sibi
784 3161 996 3215 dudum
1016 3158 1187 3212 etiam
1209 3155 1579 3226 quorumdam
1602 3153 1944 3207 Francorum
1958 3151 2048 3220 ju-
2126 3156 2271 3228 ginti
2300 3156 2464 3211 annis
2497 3162 2555 3210 et
2598 3172 2771 3227 supra
2809 3155 2868 3209 in
2902 3155 3047 3209 libro
3075 3154 3200 3210 vitae
3248 3155 3558 3227 conscripti
3605 3161 3731 3210 sunt

453 3251 724 3306 ramentis
753 3249 994 3321 petierat
1018 3247 1079 3300 in
1114 3244 1472 3315 conjugium;
1519 3248 1584 3296 ut
1627 3240 1781 3295 nullo
1820 3239 2046 3309 negotio

453 3340 652 3395 beatus
691 3354 860 3393 senex
895 3333 1221 3408 persuaderi
1262 3337 1466 3405 posset,
1499 3331 1635 3385 dum
1676 3334 1828 3383 esset
1865 3328 2048 3382 adhuc

453 3430 566 3485 tiro
594 3427 809 3500 palatii,
841 3431 923 3493 ut,
955 3425 1006 3480 ei
1035 3439 1206 3495 quam
1240 3422 1458 3476 vivente
1483 3420 1581 3474 illa
1606 3435 1707 3473 rex
1733 3422 2042 3488 acceperat,

454 3518 644 3590 aliquo
667 3514 1108 3572 communicaret
1134 3510 1418 3567 servitutis
1459 3507 1764 3579 obsequio;
1796 3507 1891 3561 sed
1925 3505 2044 3560 cul-

453 3607 626 3680 pabat
652 3605 833 3661 modis
861 3603 1120 3659 omnibus
1146 3601 1261 3655 tale
1305 3598 1666 3662 connubium,
1703 3601 1761 3651 et
1784 3593 2048 3666 gemebat

456 3712 598 3767 puer
624 3694 798 3749 beata:
828 3691 1049 3755 indolis,
1078 3688 1230 3761 quod
1253 3693 1311 3742 et
1330 3686 1584 3741 nonnulli
1605 3685 1951 3739 Francorum
1979 3698 2046 3737 eo

456 3789 644 3840 essent
671 3781 903 3855 perjuri,
936 3785 1106 3850 atque
1126 3794 1221 3832 rex
1238 3776 1432 3830 illicito
1453 3780 1706 3829 uteretur
1722 3774 1905 3836 thoro,
1923 3787 2049 3842 pro-

456 3873 599 3945 pria,
622 3872 742 3927 sine
769 3870 959 3941 aliquo
984 3866 1235 3931 crimine,
1266 3864 1493 3936 repulsa
1519 3879 1689 3917 uxore
1735 3862 1855 3926 Quo
1875 3858 2048 3914 nimio

457 3963 574 4017 zelo
591 3975 891 4015 succensus
903 3957 1073 4028 elegit
1089 3956 1215 4028 plus
1233 3954 1498 4008 saeculum
1518 3952 1852 4022 relinquere,
1867 3950 2050 4003 adhuc

456 4065 615 4121 puer,
646 4064 813 4119 quam
830 4045 1037 4100 talibus
1055 4041 1354 4097 admisceri
1374 4040 1633 4111 negotiis,
1658 4045 1723 4092 ut
1735 4037 2047 4110 propinquo

457 4154 624 4208 quem
652 4134 932 4190 contraire
958 4131 1303 4204 prohibendo
1322 4146 1434 4184 non
1460 4134 1666 4200 posset,
1689 4143 1803 4182 non
1824 4143 1883 4181 se
1912 4141 2048 4179 con-

456 4225 665 4279 sentire
673 4222 938 4293 fugiendo
952 4225 1308 4275 monstraret.
1327 4219 1444 4272 Nec
1454 4217 1640 4271 minus
1650 4216 2048 4287 igiturJoanne

456 4330 558 4387 pro
582 4312 805 4384 justitia
830 4310 973 4364 mori
998 4314 1231 4381 paratus
1260 4308 1431 4362 fuisse
1475 4306 1740 4370 creditur,
1787 4304 1883 4375 qui
1926 4303 2048 4374 pari

457 4403 656 4459 adnisu
704 4400 959 4455 illicitum
988 4396 1437 4469 reprehendebat
1466 4395 1616 4465 regis
1644 4393 1958 4457 audaciam,
1993 4399 2051 4446 et

455 4490 756 4565 spernebat
775 4486 1100 4559 hujusmodi
1124 4484 1349 4556 nuptias
1372 4502 1385 4551 ;
1418 4499 1523 4537 nec
1549 4482 1910 4538 considerans
1926 4498 2052 4553 pro-

456 4577 786 4652 pinquitatis
821 4579 972 4649 jura,
1002 4580 1067 4631 ut
1091 4573 1248 4628 carni
1276 4587 1565 4627 assensum
1596 4570 1873 4643 praeberet
1903 4589 1914 4624 :
1951 4569 2050 4625 sed

529 4731 555 4760 ιι
579 4718 850 4774 Bernardi
892 4718 1107 4773 scilicet
1151 4715 1319 4781 ﬁlius,
1362 4719 1426 4770 ut
1452 4714 1534 4769 ait
1560 4713 1877 4769 Radbertus
1904 4712 2051 4768 infra

459 4807 617 4860 num.
646 4788 734 4845 61.
764 4792 911 4860 Lege
929 4787 1343 4860 observationes
1362 4786 1504 4860 Vitae
1533 4785 1866 4860 praemissas.

532 4859 558 4901 ι)
589 4861 709 4913 Huc
731 4855 985 4930 speétant
1010 4858 1179 4913 verba
1205 4857 1471 4930 monachi
1490 4855 1668 4930 sancti
1686 4856 1961 4930 Gallensis
1988 4855 2046 4909 in

460 4930 555 4986 lib.
581 4945 625 4986 ῐι
652 4931 723 4985 de
750 4926 880 4983 Vita
895 4930 1080 5000 Caroli
1103 4928 1291 4999 Magni
1302 4946 1423 5000 cap.
1446 4926 1535 5000 ‘26.
1560 4928 1821 5000 Carolum
1841 4928 2051 5000 scilicet

458 5008 586 5129 post
604 5005 840 5056 mortem
864 4999 1086 5081 Pippini
1105 4998 1298 5081 patris,
1317 4998 1442 5081 cum
1464 4999 1666 5080 iterato
1697 4998 2050 5080 Longobardi

509 5089 742 5128 omanos
770 5070 1153 5129 sollxcntarent,
1189 5086 1249 5123 in
1278 5071 1500 5125 Italiam
1532 5071 1842 5129 prolectum
1873 5086 1968 5123 eos
1989 5085 2049 5122 in

509 5089 742 5128 omanos
770 5069 1153 5140 sollicitarent,
1189 5070 1249 5123 in
1278 5071 1500 5125 Italiam
1532 5070 1842 5140 profectum
1873 5086 1968 5123 eos
1989 5069 2049 5122 in

458 5146 798 5201 deditionem
826 5138 1122 5210 accepisse,
1150 5144 1276 5193 etin
1303 5138 1590 5208 ﬁrmitatis
1603 5143 1849 5208 gratiam
1871 5143 2050 5208 ﬁliam

459 5218 729 5272 Desiderii
756 5212 1240 5280 Langobardorum
1272 5214 1545 5280 principis
1580 5210 2051 5281 (Ermengardem

458 5289 675 5355 vocant)
696 5288 913 5340 duxisse
932 5297 1161 5336 uxorem
1172 5299 1189 5345 ;
1222 5297 1392 5355 quam
1412 5298 1525 5337 non
1540 5283 1718 5337 multo
1749 5288 1895 5353 post,
1917 5284 2051 5355 quia

461 5354 668 5414 clinica
687 5361 815 5411 esset
831 5361 881 5410 et
904 5355 978 5408 ad
991 5354 1408 5423 propagaan
1424 5358 1636 5421 prolem
1660 5355 1945 5418 inhabilis,
1961 5354 2055 5422 ju-

461 5431 603 5483 dieio
623 5428 1102 5482 sanctissimorum
1110 5423 1454 5477 sacerdotum
1466 5423 2055 5493 retiquerit.Ettamen

464 5497 697 5555 Carolus
720 5503 779 5554 et
807 5496 1252 5553 Carolomannus
1279 5494 1575 5565 superstite
1604 5499 1763 5566 patre
1788 5496 2055 5567 conjuges

2127 3250 2507 3318 prmmonente
2541 3245 2726 3315 (Num.
2756 3248 2835 3315 1);
2869 3261 3085 3299 necnon
3114 3250 3170 3299 et
3198 3261 3324 3299 cum
3347 3262 3552 3299 rursus
3580 3261 3617 3298 a
3638 3245 3728 3298 Jo-

2127 3351 2226 3389 sue
2254 3339 2618 3389 recensentur
2640 3349 2835 3387 omnes
2874 3334 2980 3387 hac
3025 3339 3208 3399 aetate,
3241 3338 3299 3387 et
3325 3333 3599 3405 deinceps
3635 3332 3725 3404 qui

2127 3429 2364 3495 possunt
2400 3422 2471 3476 ad
2513 3421 2661 3476 bella
2696 3421 2997 3493 procedere
3038 3425 3165 3490 (Jos.
3213 3430 3355 3490 vin),
3407 3422 3468 3491 in
3505 3424 3726 3477 caeleste

2128 3512 2422 3582 collegium
2453 3515 2852 3581 supputantur,
2879 3510 2935 3563 hi
2963 3516 3184 3565 tantum
3206 3510 3264 3565 in
3279 3512 3483 3567 castris
3503 3512 3725 3567 Domini

2129 3602 2312 3671 ﬁgunt
2329 3598 2591 3664 tentoria,
2610 3598 2667 3651 hi
2687 3599 2790 3652 soli
2811 3599 3120 3669 procedunt
3138 3599 3208 3653 ad
3237 3599 3404 3653 bella.
3435 3602 3588 3656 Sane
3603 3602 3727 3673 quia

2130 3688 2335 3742 mirum
2363 3688 2432 3741 ad
2463 3686 2693 3741 modum
2719 3693 2806 3741 est
2828 3693 2965 3741 tunc
2990 3688 3226 3753 vincere,
3260 3704 3389 3743 cum
3419 3689 3730 3744 oblectatur

2128 3777 2297 3831 variis
2315 3775 2713 3830 blandimentis
2734 3794 2746 3841 ;
2779 3775 3147 3847 triumphare,
3172 3777 3366 3831 multis
3384 3794 3518 3832 cum
3536 3778 3728 3851 impel-

2129 3865 2266 3920 litur
2301 3864 2669 3935 argumentis.
2701 3864 2915 3935 Viginti
2944 3864 3152 3919 etenim
3172 3866 3316 3919 ﬁunt
3329 3867 3586 3938 quinque
3607 3884 3732 3939 qua-

2130 3960 2219 4009 ter
2241 3954 2413 4020 ducti,
2445 3959 2545 4008 aut
2574 3958 2817 4024 quatuor
2855 3954 3156 4025 quinquies
3179 3956 3502 4025 supputati;
3535 3957 3733 4028 quibus

2127 4044 2208 4097 ita
2261 4044 2526 4107 collectis,
2585 4047 2807 4096 constat
2860 4058 2956 4096 eos
3006 4048 3227 4097 tantum
3291 4044 3364 4097 ad
3425 4044 3577 4098 bella
3622 4046 3731 4099 fore

2127 4130 2594 4203 promptissimos,
2653 4131 2748 4201 qui
2805 4130 3022 4184 Veteris
3078 4148 3142 4186 ac
3196 4131 3336 4186 Novi
3388 4133 3731 4188 Testamenti

2130 4225 2294 4275 aetate
2322 4218 2631 4285 senuerint,
2664 4224 2720 4272 et
2747 4220 2870 4288 ejus
2917 4219 3198 4290 sapientia
3234 4221 3449 4275 fuerint
3478 4223 3723 4280 educati.

2132 4310 2345 4364 Horum
2376 4308 2550 4378 igitur
2576 4308 2753 4362 virtus
2782 4313 2869 4363 est
2896 4308 2966 4362 ad
2995 4308 3312 4363 bellandum
3335 4311 3660 4381 aptissima,
3680 4317 3730 4365 et

2131 4403 2197 4453 ut
2222 4414 2283 4452 se
2318 4397 2544 4451 vincant
2593 4397 2839 4468 primum
2885 4397 3201 4465 mouenda;
3249 4399 3573 4469 praesertim
3608 4417 3729 4455 cum

2130 4492 2264 4541 tunc
2294 4485 2491 4550 hostis,
2514 4489 2790 4556 quantum
2819 4485 2878 4540 in
2900 4502 3067 4541 carne
3085 4492 3189 4554 est,
3211 4487 3528 4557 majoribus
3557 4491 3731 4545 utitur

2131 4573 2442 4646 decipiendi
2470 4574 2731 4645 ingeniis.

2132 4734 2199 4772 ex
2227 4718 2806 4797 Francorumgenefe
2832 4703 3127 4797 duxerant,
3145 4734 3297 4797 quas
3322 4721 3653 4790 repudiare,
3678 4726 3731 4776 et

2130 4805 2325 4843 earum
2373 4788 2493 4860 loco
2534 4787 2692 4860 ﬁlias
2728 4788 3002 4860 Desiderii
3044 4787 3295 4860 accipere
3344 4787 3647 4859 volebant,
3674 4800 3728 4847 ut

2129 4865 2285 4931 patet
2312 4876 2380 4935 ex
2410 4858 2648 4935 epistola
2677 4859 2945 4935 Stephani
2967 4876 3120 4935 papa;
3149 4858 3219 4913 ad
3241 4877 3338 4935 eos
3358 4863 3594 4935 scripta,
3615 4858 3727 4935 qua:

2137 4928 2223 4985 est
2249 4928 2542 4985 ordine-’15
2567 4929 2624 4982 in
2655 4928 2843 4983 codice
2886 4928 3166 4995 Carolina,
3201 4936 3256 4984 et
3284 4928 3727 4989 Carolomannus

2131 5001 2518 5083 bienniopost
2549 5005 2765 5083 patrem
2794 5007 3069 5083 mortuus,
3104 5003 3226 5083 jam
3265 5001 3501 5083 libellis
3517 5022 3589 5059 ex
3622 5007 3726 5059 ﬁlia

2131 5071 2408 5152 Desiderii
2434 5076 2774 5152 susceperat.
2793 5071 2870 5125 Ex
2894 5088 3004 5152 quo
3034 5072 3337 5152 verisimile
3357 5074 3609 5152 efficitur
3619 5093 3727 5130 am-

2129 5142 2230 5224 bos
2260 5143 2461 5224 fratres
2487 5142 2676 5224 statim
2710 5158 2744 5195 a
2771 5149 2953 5224 morte
2975 5142 3176 5224 patris,
3204 5145 3431 5224 tametsi
3456 5147 3583 5224 jam
3603 5163 3725 5224 con:

2127 5213 2462 5296 jugatos,_de
2479 5213 2634 5296 no'vis
2648 5212 2856 5296 nuptiis
2864 5212 3159 5296 Eogitassec,
3177 5219 3234 5291 et
3239 5222 3439 5295 contra
3459 5212 3724 5288 Stephani

2136 5282 2496 5359 interdictum
2517 5282 2816 5359 Desiderii
2857 5282 3004 5359 ﬁ_lias_
3025 5282 3415 5359 obtinuisse
3444 5303 3521 5359 ac
3558 5282 3722 5359 porro

2135 5355 2431 5428 Carolum,
2448 5355 2658 5425 rejects
2685 5354 2855 5409 etiam
2874 5354 3297 5428 Desideriiﬁlia,
3327 5354 3724 5428 Hildegardem

2135 5426 2548 5499 superduxisse,
2578 5430 2932 5498 repugnante
2957 5426 3298 5482 Adalhardo.
