4000 6170
320 223 460 282 1513

753 347 1099 399 Hortulanus
1125 345 1501 397 constituitur.

391 471 443 528 9.
475 471 632 526 Tunc
653 488 789 540 ergo
816 475 969 534 tuus,
997 468 1237 531 Christe,
1257 472 1421 521 aetate
1442 484 1599 537 puer.
1627 473 1814 521 mente
1838 468 1918 521 in-

319 578 557 633 genuus,
590 559 891 632 prostravit
914 557 1108 611 mundi
1137 557 1427 609 illecebras
1452 574 1462 608 :
1497 563 1631 609 tunc
1660 557 1919 626 deposuit

321 667 482 705 arma
507 648 643 703 Saul
663 648 828 718 regis,
854 653 919 701 ut
944 652 1001 700 te
1022 646 1139 699 solo
1164 645 1369 715 lapide,
1396 662 1559 715 quem
1580 645 1838 713 gestabat
1860 645 1918 699 in

323 745 570 811 pectore,
624 744 1075 809 prosterneretur
1107 733 1233 806 [al.,
1276 735 1672 804 prostraretur]
1721 735 1922 803 ingens

324 828 644 881 animarum
668 826 910 879 delasor.
944 824 1021 877 Te
1051 822 1290 892 denique
1314 822 1482 891 elegit
1506 821 1764 875 secumin
1789 839 1924 892 prae-

324 916 528 971 cordiis
555 915 702 969 ferre
735 932 747 966 :
781 919 837 967 te
867 918 1093 966 auctore
1120 916 1315 965 contra
1345 910 1617 981 spiritalia
1657 911 1921 981 nequitia:

325 1005 384 1059 in
433 1003 750 1059 coelestibus
792 1002 1059 1055 dimicare
1086 1000 1250 1069 (Eph.
1286 1001 1374 1068 γι).
1418 1000 1561 1063 Quid
1610 1000 1804 1070 plura/2
1842 1000 1923 1053 ita

327 1092 656 1148 certaminis
686 1107 946 1161 campum
998 1090 1307 1159 ingressus,
1338 1090 1589 1159 pervenit
1617 1089 1688 1141 ad
1735 1104 1921 1142 coeno-

328 1184 524 1237 biuma
556 1197 567 1229 :
599 1180 693 1234 ubi
718 1196 905 1233 annuo
950 1178 1180 1249 pulsans
1232 1183 1374 1241 voto,
1408 1177 1635 1230 tandem
1674 1177 1924 1230 introivit

328 1276 524 1342 portas
566 1267 822 1339 justitiae,
852 1284 952 1337 per
980 1283 1118 1337 quas
1158 1265 1261 1319 soli
1312 1265 1452 1334 justi
1508 1265 1920 1335 ingrediuntur.

327 1359 544 1413 Deinde
564 1356 815 1428 pervenit
842 1355 913 1409 ad
943 1362 1160 1425 portam
1183 1354 1388 1407 virtute
1420 1360 1653 1419 mactus,
1670 1370 1791 1424 quae
1808 1355 1925 1407 sola

331 1464 463 1501 suos
494 1462 744 1518 quosque
772 1444 926 1498 ducit
946 1444 1016 1496 ad
1042 1444 1231 1495 vitam.
1257 1443 1549 1511 Ingressus
1571 1459 1813 1512 namque
1843 1448 1927 1496 est

329 1542 549 1591 arctam
576 1541 632 1589 et
668 1532 919 1587 strictam
950 1533 1114 1597 viam,
1142 1548 1262 1601 qua:
1282 1547 1585 1601 paucorum
1609 1532 1925 1599 est(;l[atth.

1494 213 1588 269 DE
1626 214 1798 269 VITA
1837 216 1892 270 S.
1933 217 2373 276 ADALHARDI.

3448 226 3589 286 1514

1930 345 2227 412 Astitatis,
2258 350 2316 399 et
2361 344 2576 399 videret
2611 345 2660 399 si
2704 348 2822 416 jam
2852 347 3002 401 mala
3037 348 3248 404 Punica
3282 350 3590 421 germinas-

1998 438 2139 488 sent.

2452 525 2672 592 Eloquii
2694 528 2963 607 suavitate
2994 529 3148 581 m'tet.

2075 646 2159 703 10.
2214 648 2310 701 Est
2340 652 2529 701 autem
2558 647 2690 701 boni
2716 648 2821 701 viri
2852 650 3092 713 animus,
3128 656 3192 706 ut
3236 653 3369 720 dixi,
3396 655 3592 708 hortus

2002 736 2200 806 plenus
2220 735 2544 789 deliciarum
2569 736 2881 792 virtutibus.
2900 744 3069 808 atque
3090 740 3169 793 ita
3189 741 3332 794 alter
3351 742 3594 812 denique

2005 823 2554 894 paradisus.Metitur
2568 823 2653 897 [al
2661 826 3026 895 .,messuitur]
3048 826 3124 879 ibi
3152 829 3400 898 myrrha,
3415 847 3593 884 mem-

2007 914 2233 967 brorum
2257 912 2465 966 scilicet
2480 913 2856 977 mortiticatio,
2878 931 3002 968 cum
3034 916 3306 970 virtutum
3333 920 3595 973 aromati-

2004 1003 2138 1068 bus;
2171 1001 2452 1071 colligitur
2479 1019 2608 1055 rosa
2644 1002 2900 1073 martyrii
2948 1004 3221 1073 sanguine
3272 1004 3591 1074 rubricata;

2004 1090 2187 1144 nitent
2205 1106 2371 1161 poma
2395 1091 2749 1155 convallium,
2783 1091 3098 1145 caelestibus
3121 1092 3431 1163 disciplinis
3456 1094 3597 1149 irro-

2005 1186 2160 1246 rata;
2191 1179 2513 1249 germinant
2543 1180 2689 1233 mala
2740 1180 2950 1233 Punica
2978 1186 3206 1251 propter
3231 1182 3597 1237 odoramenta

2005 1267 2278 1321 bonorum
2311 1272 2536 1320 actuum
2572 1286 2583 1319 ε
2627 1266 2836 1337 absque
2882 1284 2947 1321 eo
2976 1268 3024 1321 si
3072 1270 3205 1339 quid
3260 1270 3597 1325 intrinsecus

2007 1354 2144 1407 latet
2171 1355 2271 1408 Dei
2305 1356 2549 1424 ﬂagrans
2578 1356 2703 1425 pius
2731 1356 2899 1409 ardor
2927 1357 3154 1410 amoris.
3185 1358 3321 1412 Inde
3347 1365 3450 1422 est,
3481 1359 3597 1413 fra-

2009 1444 2174 1507 ter,si
2196 1444 2330 1497 velis
2358 1444 2665 1507 advertere,
2682 1445 2829 1514 quod
2852 1451 3042 1499 noster
3060 1462 3229 1500 senex
3259 1452 3411 1502 totus
3440 1465 3598 1503 ama-

2013 1532 2136 1585 bilis
2163 1541 2219 1586 et
2248 1533 2432 1586 suavis
2462 1538 2584 1586 erat
2610 1551 2621 1584 :
2655 1533 2784 1587 inde
2815 1534 2962 1603 quod
2992 1541 3158 1604 aptus
3188 1536 3340 1589 omni
3379 1536 3600 1607 eloquio

332 1632 458 1690 v11),
490 1630 556 1678 ut
591 1623 825 1676 dilatato
856 1621 1043 1674 animo
1075 1620 1219 1673 viam
1249 1620 1641 1672 mandatorum
1672 1619 1773 1673 Dei
1801 1637 1929 1675 cur-
2011 1621 2290 1691 puritatis.
2326 1622 2524 1675 Nonne
2548 1621 2650 1675 tibi
2682 1622 2903 1676 videtur
2930 1624 3042 1675 mel
3071 1629 3128 1676 et
3156 1625 3242 1677 lac
3265 1641 3329 1678 ex
3353 1626 3475 1695 ejus
3502 1625 3605 1679 lin-

329 1719 485 1767 reret
506 1711 878 1782 sagacissimaa
902 1709 1040 1762 artis
1060 1708 1285 1778 ingenio
1313 1726 1323 1760 :
1348 1715 1516 1778 atque
1536 1725 1660 1761 cum
1688 1709 1806 1777 jam
1833 1709 1929 1762 diu
1946 1695 1992 1753 B
2010 1726 2124 1778 gua
2150 1726 2427 1775 manasse,
2476 1711 2570 1780 qui
2600 1710 2682 1764 ita
2719 1727 2778 1764 se
2824 1728 2925 1765 suo
2965 1711 3237 1766 inﬂuebat
3264 1713 3505 1783 eloquio,
3539 1719 3605 1768 ut

332 1804 416 1856 ita
436 1808 587 1856 totus
619 1799 955 1855 effloruisset
981 1798 1131 1851 inter
1161 1797 1522 1851 monasticam
1553 1797 1928 1867 disciplinam,

332 1896 401 1945 ut
428 1891 609 1960 magis
640 1889 820 1943 inesse
850 1886 1167 1941 coelestibus
1194 1902 1363 1956 quam
1393 1886 1631 1939 terrenis
1676 1887 1931 1940 credere-

331 1984 459 2045 tur;
494 1977 679 2032 nescio
709 1994 818 2047 quo
850 1976 1005 2029 ducti
1034 1980 1222 2046 patres
1250 1976 1470 2039 aﬂectu,
1496 1975 1656 2044 quasi
1679 1992 1744 2027 ex
1769 1976 1932 2044 jussu

332 2067 512 2138 regio,
534 2066 897 2120 hortulanum
922 2081 1050 2118 eum
1081 2062 1446 2116 constituunt.
1471 2062 1577 2125 Qui
1596 2063 1847 2132 gaudens
1871 2068 1933 2116 ut

336 2156 521 2209 bonus
550 2155 764 2208 athleta
810 2151 1037 2216 Christi,
1065 2167 1129 2203 ac
1156 2151 1203 2205 si
1234 2151 1382 2204 inter
1410 2151 1653 2221 paradisi
1684 2152 1930 2214 delicias,

336 2245 422 2299 ita
444 2245 710 2299 obediens
736 2241 1031 2296 laetabatur
1058 2239 1266 2293 animo.
1301 2239 1522 2294 Sciebat
1550 2256 1791 2310 namque
1822 2241 1932 2294 Do-

335 2334 560 2387 minum
591 2332 650 2386 in
690 2332 923 2400 hujusce
951 2329 1231 2401 sepultum
1279 2328 1448 2383 fuisse
1491 2330 1712 2400 spelaeo,
1745 2329 1935 2400 ibique

336 2421 532 2476 Mariae
562 2426 625 2474 ut
646 2419 1004 2473 hortulanum
1023 2417 1350 2489 apparuisse
1374 2417 1558 2488 (Joan.
1584 2420 1689 2487 xx).
1717 2418 1936 2472 Sciebat

340 2510 540 2564 eodem
566 2509 624 2562 in
650 2508 768 2562 loco
782 2524 907 2561 eum
931 2507 1321 2571 resurrexisse,
1350 2506 1519 2560 etiam
1546 2506 1681 2559 inibi
1696 2506 1936 2560 visiones

339 2598 625 2669 angelicas
654 2596 999 2667 apparuisse.
1016 2594 1175 2650 Unde
1194 2595 1441 2666 profecto
1462 2595 1792 2649 thesaurum
1810 2595 1937 2649 eﬂ'o-

341 2687 505 2741 diens
533 2687 591 2739 in
621 2686 799 2739 hortis
818 2684 992 2738 animi
1013 2684 1307 2755 multiplici
1337 2702 1537 2756 corpus
1566 2689 1816 2738 aromate
1839 2701 1939 2739 un-

340 2772 554 2844 guebat
578 2775 605 2829 J
614 2790 730 2828 esu.

684 2900 888 2952 Animo
919 2899 1203 2952 excolendo
1231 2912 1452 2966 operam
1484 2899 1598 2952 dat.

419 3021 565 3086 Quid
584 3026 737 3085 tunc,
770 3026 953 3091 putas,
973 3019 1212 3086 dicebat,
1233 3021 1333 3074 tali
1359 3021 1693 3091 astipulatus
1722 3021 1940 3075 ofﬁcio?
1956 3002 1999 3027 ι’

342 3111 419 3165 Ni
464 3111 644 3175 fallor,
678 3109 912 3175 dicebat,
947 3109 1013 3179 (si
1043 3126 1156 3163 non
1185 3126 1337 3173 voce,
1388 3110 1592 3164 mentis
1636 3116 1828 3165 tamen
1857 3110 1939 3163 af-

342 3198 767 3268 fectu)dicebat,
792 3198 1053 3268 inquam:
1081 3198 1285 3251 Veniat
1297 3198 1534 3252 dilectus
1561 3215 1717 3252 meus
1738 3198 1795 3252 in
1810 3199 1939 3252 hor-

340 3294 469 3342 tum
491 3304 654 3341 suum
678 3286 883 3340 virtute
902 3286 1201 3349 consitum,
1230 3293 1287 3340 et
1311 3287 1567 3340 comedat
1594 3288 1809 3341 fructus
1839 3305 1940 3357 po-

240 3374 249 3383 ’
340 3391 565 3430 morum
600 3391 830 3428 suorum
857 3373 1032 3445 (Cant.
1052 3376 1126 3441 v).
1159 3375 1335 3428 Erant
1363 3374 1534 3444 igitur
1563 3375 1643 3428 illi
1664 3376 1720 3429 in
1751 3376 1940 3430 animo

342 3464 567 3519 diversa
596 3464 870 3517 virtutum
896 3463 1081 3529 olera;
1117 3469 1174 3517 et
1202 3463 1406 3516 idcirco
1433 3463 1637 3517 dixisse
1675 3479 1788 3517 non
1817 3480 1939 3517 am-

341 3553 575 3625 bigitur,
591 3561 655 3609 ut
676 3555 933 3609 comedat
958 3555 1172 3609 fruetus
1201 3571 1492 3626 pomorum
1517 3572 1746 3609 suorum
1771 3573 1784 3611 :
1817 3572 1941 3610 suo-

342 3659 491 3713 rum,
524 3643 777 3715 inquam,
810 3645 945 3715 quia
971 3661 1082 3698 non
1113 3644 1236 3709 sibi,
1263 3644 1360 3698 sed
1390 3644 1612 3698 Domini
1642 3644 1941 3715 applaude-

342 3729 445 3785 bat
471 3733 685 3802 gratiae,
707 3733 754 3786 si
785 3733 919 3802 quid
944 3732 1076 3787 boni
1097 3738 1285 3787 mente
1302 3739 1567 3803 gestaret.
1590 3733 1700 3785 Alii
1723 3731 1941 3785 labores

340 3836 609 3891 agrorum
638 3838 806 3891 super
830 3822 1084 3875 excolant
1112 3838 1282 3891 quam
1335 3822 1571 3875 virtutes
1607 3821 1783 3874 animi
1812 3820 1939 3874 obe-

339 3909 568 3963 dientim
596 3926 764 3964 causa
794 3909 1006 3963 defensi
1030 3925 1042 3957 :
1074 3910 1180 3963 iste
1208 3910 1347 3963 talia
1372 3926 1485 3963 non
1514 3910 1777 3963 omittens
1802 3910 1937 3963 hor-

336 4004 463 4051 tum
492 3998 820 4052 deliciarum
844 3998 1093 4051 animam
1137 4014 1297 4052 suam
1326 3999 1564 4052 Domino
1584 4014 1937 4052 consecrave-

338 4090 449 4139 rat.
482 4086 717 4141 Fecerat
739 4086 889 4140 enim
916 4087 1064 4157 quod
1093 4086 1163 4141 ab
1193 4104 1258 4141 eo
1295 4086 1401 4140 sibi
1433 4086 1643 4141 dictum
1675 4086 1940 4141 memine-

338 4178 433 4227 rat
450 4192 464 4226 :
481 4176 623 4228 Pone
643 4191 727 4228 me
740 4177 882 4228 sicut
902 4178 1259 4242 signaculum
1282 4191 1411 4241 erga
1433 4191 1526 4229 cor
1548 4180 1708 4228 tuum
1743 4176 1928 4241 (Cant.

337 4276 463 4326 vm,
487 4258 572 4330 6):
600 4279 709 4332 quo
739 4261 995 4332 praesidio
1025 4263 1261 4316 vallatus
1289 4279 1480 4316 secum
1516 4263 1576 4316 in
1605 4263 1792 4316 animo
1823 4264 1935 4317 Do-

336 4350 479 4405 mini
500 4351 680 4421 magis
698 4350 1079 4405 delectabatur
1106 4351 1401 4422 colloquio,
1424 4368 1592 4421 quam
1621 4368 1809 4405 rerum
1842 4369 1939 4406 ne~

334 4439 509 4509 gotiis
536 4440 952 4509 temporalium.
992 4440 1369 4494 Descenderat
1398 4440 1546 4493 enim
1577 4440 1822 4510 profecto
1860 4440 1940 4494 di-

336 4528 521 4582 lectus
548 4528 673 4597 ejus
712 4527 967 4581 Christus
997 4529 1223 4582 hortum
1253 4528 1427 4582 animi
1458 4528 1610 4581 illius
1648 4528 1885 4582 invisere
1923 4547 1935 4583 :

338 4616 711 4670 descenderat
737 4616 931 4686 utique
968 4617 1038 4670 ad
1089 4617 1336 4671 areolam
1366 4617 1652 4681 aromatis,
1677 4621 1734 4670 et
1783 4617 1841 4670 in
1874 4634 1938 4671 eo

336 4705 618 4758 virtutum
633 4704 850 4757 deliciis
873 4703 1204 4774 pascebatur
1228 4718 1240 4752 :
1274 4706 1471 4759 hortus
1499 4710 1687 4759 autem
1718 4705 1942 4759 delicia-

337 4808 471 4846 rum
493 4808 559 4846 eo
580 4797 805 4845 vocatus
819 4797 906 4845 est
925 4791 1236 4861 paradisus,
1252 4792 1401 4861 quod
1422 4792 1759 4862 intelligitur
1780 4808 1939 4845 mens

338 4880 607 4943 hominis,
627 4881 760 4950 quia
773 4880 927 4934 Eden
941 4882 1132 4933 hortus
1151 4882 1485 4934 deliciarum
1511 4881 1934 4951 interpretatur;

338 4969 494 5024 unde
524 4974 581 5022 et
609 4969 837 5039 quidam
870 4970 1165 5023 ﬂorentem
1212 4985 1341 5022 eum
1392 4969 1670 5022 dixerunt.
1703 4970 1940 5023 Descen-

340 5058 508 5112 derat
551 5074 684 5128 ergo
740 5058 799 5111 in
854 5074 919 5111 eo
955 5056 1232 5124 Christus,
1265 5064 1328 5111 ut
1383 5058 1501 5110 lilia
1541 5058 1829 5127 colligeret
1852 5074 1940 5111 ca-

416 5210 442 5239 ιι
453 5199 808 5253 Adalhardus
824 5200 879 5253 in
897 5200 1233 5255 Corbeiense
1246 5199 1645 5253 monasterium
1664 5198 1940 5253 admissus

342 5287 379 5325 a
413 5271 772 5324 Mordramno
802 5272 1008 5325 dicitur
1054 5272 1112 5325 in
1163 5271 1357 5325 fusiori
1387 5272 1569 5325 Gallia
1599 5270 1937 5323 Christiana.

341 5341 540 5413 Malim
571 5341 641 5394 ab
676 5343 909 5397 Addone
939 5345 1062 5413 ejus
1101 5343 1412 5413 decessore,
1446 5342 1492 5395 is
1524 5341 1619 5412 qui
1651 5340 1944 5394 Corbeiam

342 5411 582 5485 regebat
608 5413 792 5485 Caroli
822 5411 1010 5483 Magni
1039 5431 1188 5469 anno
1216 5412 1398 5485 primo
1422 5411 1600 5485 regni,
1627 5418 1688 5466 ut
1728 5417 1945 5466 constat

346 5500 415 5538 ex
440 5483 596 5554 regio
612 5483 915 5554 diplomate
942 5485 1164 5539 Addoni
1189 5483 1466 5540 cbncesso.
1484 5483 1772 5538 Addonem
1801 5499 1943 5554 pree-

591 5584 858 5645 PATROL-
904 5585 1085 5647 CXX.

2012 1814 2417 1868 nonnunquam
2448 1799 2665 1868 aliquos
2694 1815 2759 1852 ac
2788 1802 2835 1852 si
2872 1798 3054 1853 ebrios
3086 1801 3349 1855 redderet
3395 1802 3604 1855 sancti-

2013 1893 2158 1952 tate;
2192 1903 2386 1940 omnes
2427 1903 2553 1939 vero
2582 1886 2686 1940 sibi
2717 1903 2991 1941 connexos
3021 1905 3133 1958 pra:
3179 1889 3405 1943 dulcore
3428 1890 3603 1944 nimio

2014 1974 2332 2028 faciens?et
2355 1974 2483 2045 quid
2513 1974 2665 2028 aliud
2696 1981 2858 2029 erant
2888 1977 3009 2045 ejus
3038 1975 3204 2041 labia,
3252 1994 3421 2047 quam
3448 1978 3605 2032 favus

2016 2063 2328 2117 distillans?
2345 2079 2401 2116 et
2420 2068 2485 2116 ut
2501 2063 2670 2117 altius
2690 2063 2890 2129 dicam,
2911 2064 3043 2134 quid
3071 2064 3222 2118 aliud
3250 2081 3419 2135 quam
3448 2081 3608 2136 orga-

2015 2168 2149 2206 num
2168 2152 2348 2205 sancti
2372 2151 2645 2222 Spiritus?
2664 2153 2913 2222 alioquin
2936 2152 3182 2206 humana
3201 2170 3313 2207 non
3333 2154 3610 2225 potuisset

2016 2241 2434 2311 apprehendere
2463 2241 2741 2311 sapientia
2764 2258 2887 2311 quae
2910 2241 3244 2311 loquebatur
3276 2260 3287 2295 :
3322 2243 3490 2314 plena
3517 2243 3610 2296 de-

2016 2330 2187 2399 nique
2235 2329 2551 2383 sanctitatis
2588 2346 2821 2384 munere
2870 2330 3039 2384 verba
3080 2331 3289 2385 caelesti
3341 2330 3611 2386 manabat

2018 2417 2138 2490 [at.,
2171 2417 2496 2488 manabant]
2528 2419 2770 2474 oraculo.

2092 2544 2335 2598 Suarum
2355 2560 2671 2611 congressus
2697 2544 2844 2611 fugit
2874 2549 2923 2596 ct
2954 2544 3221 2598 Casinum
3239 2561 3293 2598 sc
3320 2548 3539 2614 recipit.
3571 2580 3575 2584 ι

2089 2668 2178 2721 11.
2214 2668 2321 2731 Qui
2345 2685 2473 2721 cum
2498 2667 2645 2721 idem
2676 2668 2757 2721 ita
2775 2668 2939 2737 longe
2968 2668 3176 2738 diuque
3204 2684 3239 2721 a
3264 2672 3457 2723 sancto
3486 2685 3614 2739 age-

2020 2761 2178 2811 retur
2222 2756 2452 2827 Spiritu,
2488 2756 2812 2810 recordatus
2856 2756 3118 2827 prcecepti
3174 2755 3412 2811 Abrahaa
3440 2757 3613 2811 fuisse

2021 2846 2245 2911 dicitur,
2279 2844 2375 2899 ubi
2422 2845 2609 2915 inquit
2651 2844 2983 2915 Scriptura:
3018 2846 3122 2898 Eri
3167 2846 3230 2898 de
3274 2850 3425 2899 terra
3464 2850 3514 2900 ct
3550 2847 3614 2900 de

2022 2936 2341 3001 cognatione
2364 2938 2478 2999 tua,
2499 2940 2548 2987 et
2569 2934 2632 2987 de
2654 2935 2811 2987 domo
2837 2936 3017 3001 patris
3038 2936 3144 2997 tui,
3174 2949 3239 2987 ac
3265 2937 3393 2987 veni
3419 2937 3483 2987 in.
3508 2940 3614 2988 ter-

2024 3038 2149 3076 ram
2178 3038 2343 3091 quam
2396 3029 2773 3076 monstravere
2800 3023 2904 3074 tibi
2933 3021 3082 3085 (Gen.
3112 3034 3213 3080 xu.
3247 3021 3317 3090 1).
3356 3022 3463 3085 Qui
3488 3039 3617 3077 cum

2022 3128 2211 3166 secum
2242 3111 2379 3165 talia
2408 3110 2752 3175 contulisset,
2781 3109 2949 3180 erepit
2993 3109 3144 3163 intra
3179 3124 3240 3163 se
3268 3109 3531 3164 meditari
3559 3116 3618 3165 et

2022 3200 2227 3264 dicere,
2261 3199 2409 3269 quod
2457 3199 2705 3253 nondum
2761 3198 2864 3251 hoc
2916 3197 3176 3268 praecepti
3221 3213 3400 3267 genus
3447 3214 3619 3269 opere

2024 3288 2445 3358 complevisset:
2479 3287 2576 3358 qui
2623 3287 2671 3341 si
2720 3293 2909 3340 mente
2953 3286 3259 3355 reliquerat
3311 3287 3619 3341 nativitatis

2025 3377 2224 3432 solum.
2249 3375 2547 3446 reputabat
2575 3376 2720 3446 quod
2745 3375 2926 3428 adhuc
2948 3390 3181 3444 corpore
3201 3375 3516 3442 interesset,
3560 3380 3620 3429 et

2022 3465 2070 3518 si
2084 3466 2244 3533 juxta
2262 3464 2544 3534 Evangelii
2572 3468 2911 3534 przeceptum
2940 3463 3127 3529 (Marc.
3161 3466 3239 3531 κ),
3269 3468 3484 3526 patrem
3517 3467 3616 3517 aut

2024 3559 2264 3606 matrem
2294 3557 2395 3606 aut
2412 3558 2678 3623 cognatos
2693 3553 2811 3622 jam
2829 3551 3151 3621 reliquerat,
3175 3555 3239 3604 ut
3266 3550 3380 3605 Deo
3410 3550 3614 3620 dignus

2021 3641 2325 3695 haberetur
2338 3641 2661 3711 discipulus,
2679 3640 2860 3693 adhuc
2884 3639 3054 3692 etiam
3076 3639 3318 3709 amplius
3346 3639 3612 3693 molesta-

2025 3729 2191 3783 batur
2227 3748 2238 3782 :
2270 3730 2421 3800 quia,
2452 3730 2586 3783 licet
2608 3745 2708 3799 pro
2733 3727 3025 3798 dignitatis
3053 3744 3280 3796 genere,
3302 3728 3505 3799 saepius
3533 3732 3614 3781 ta-

2021 3834 2151 3871 men
2182 3834 2311 3871 eum
2330 3817 2618 3872 invisendo
2640 3815 2940 3887 propinqui
2962 3822 3018 3869 et
3030 3814 3147 3869 noti
3166 3815 3606 3886 frequentarent,

2020 3923 2187 3976 quam
2216 3906 2391 3976 quieti
2447 3905 2553 3958 viri
2598 3905 2821 3958 animus
2858 3905 3217 3975 poposcisset.
3252 3905 3373 3969 Quo
3402 3904 3611 3958 factum

2019 4000 2122 4059 est,
2151 4000 2211 4048 ut
2240 3995 2385 4048 illico
2400 3994 2544 4047 alter
2563 3992 2714 4047 Elias
2741 3992 2874 4063 fuga
2901 3992 3202 4057 laberetur,
3226 4010 3340 4047 non
3367 3993 3607 4058 Jezabel,

2021 4084 2119 4137 sed
2149 4084 2333 4137 carnis
2350 4082 2570 4153 fugiens
2590 4083 2953 4153 voluptatem.
2970 4082 3267 4146 Quaerebat
3282 4082 3432 4136 enim
3454 4098 3609 4137 seve-

2022 4189 2121 4226 rus
2148 4172 2354 4226 Christi
2376 4173 2536 4226 miles
2569 4172 2832 4241 eﬂ'ugere,
2863 4176 2929 4224 ut
2956 4188 3077 4225 sese
3106 4170 3371 4241 fugiendo
3390 4171 3610 4243 plenius

2020 4260 2324 4314 inveniret:
2349 4265 2517 4330 atque
2547 4260 2626 4313 ita
2655 4259 2751 4330 qui
2780 4259 2992 4312 dudum
3016 4259 3200 4313 fuerat
3228 4258 3419 4313 multis
3446 4258 3609 4313 fulci-

2021 4354 2112 4403 tus
2151 4348 2659 4402 blandimentorum
2704 4347 3001 4418 obsequiis,
3036 4347 3214 4401 factus
3270 4352 3357 4401 est
3407 4347 3609 4418 hospes

2021 4437 2536 4509 peregrinationis:
2591 4454 2701 4491 non
2744 4436 2955 4491 habens
3002 4452 3129 4490 cum
3178 4435 3400 4489 Christo
3441 4436 3608 4506 (quod

2020 4527 2310 4597 egregium
2362 4526 2603 4581 habendi
2628 4543 2808 4596 genus
2837 4525 2948 4594 est)
2970 4525 3167 4578 saltem
3198 4522 3293 4577 ubi
3323 4531 3492 4594 caput
3518 4542 3609 4579 re-

2022 4614 2207 4668 clinet.
2232 4615 2429 4685 Itaque
2450 4615 2530 4668 sic
2558 4631 2617 4668 se
2661 4613 2879 4683 fugiens
2905 4617 2968 4666 ut
2998 4628 3056 4664 se
3085 4611 3379 4676 inveniret,
3413 4629 3609 4683 perve-

2022 4703 2107 4757 nit
2132 4719 2318 4756 secum
2338 4703 2395 4756 in
2420 4702 2749 4756 fortitudine
2768 4700 2919 4754 verbi
2932 4716 3107 4771 usque
3131 4700 3203 4754 ad
3232 4708 3482 4755 montem
3505 4703 3608 4757 Ca-

2020 4792 2226 4857 sinum,
2250 4792 2444 4845 nolens
2464 4790 2658 4862 patriae
2683 4806 3018 4860 cognoscere
3045 4806 3228 4854 curas,
3263 4806 3444 4861 neque
3472 4809 3609 4862 pree-

2019 4880 2194 4934 dicari
2217 4880 2285 4933 de
2305 4897 2363 4933 se
2384 4885 2548 4933 vento
2568 4879 2852 4948 jactantiaz
2868 4878 3081 4932 laudes.
3101 4878 3397 4948 Cogitabat
3418 4885 3608 4935 autem

2020 4969 2201 5022 solum
2224 4985 2283 5022 se
2312 4968 2450 5021 velle
2479 4972 2699 5020 tantum
2730 4966 3062 5037 percepisse,
3096 4967 3332 5020 necdum
3366 4968 3607 5023 divisum

2021 5074 2054 5111 a
2083 5057 2250 5122 vitiis,
2278 5072 2567 5127 quousque
2595 5060 2911 5109 moraretur
2939 5054 3087 5109 infra
3126 5055 3319 5126 patriae
3347 5056 3506 5110 fines.
3542 5056 3608 5110 Et

2022 5202 2266 5252 cesserat
2289 5196 2629 5266 Leodgarius
2657 5214 2757 5251 seu
2784 5197 3132 5267 Leudgarius
3171 5196 3604 5261 Leudbariusve,

2026 5270 2120 5340 qui
2143 5286 2290 5322 anno
2309 5266 2412 5340 86.5
2428 5268 2640 5339 synodo
2652 5266 3014 5323 Attiniacensi
3028 5267 3418 5340 subscripsisse
3448 5284 3611 5339 repe-

2026 5338 2171 5394 ritur
2190 5340 2248 5392 in
2269 5340 2343 5394 La
2353 5339 2562 5393 bbeana
2582 5339 2829 5393 editione
2845 5338 3217 5393 Conciliorum
3254 5338 3355 5391 Hic
3369 5344 3455 5392 est
3472 5340 3613 5394 Leu-

2025 5410 2260 5492 charius‘
2295 5409 2896 5492 abbashquiﬁcribere
2937 5408 3103 5479 jussit
3162 5408 3611 5464 Commentarios

2026 5482 2202 5537 sancti
2232 5481 2510 5537 Ambrosii
2540 5481 2598 5536 in
2626 5483 2854 5537 Lucam.

3268 5581 3383 5638 ‘48
