4000 6170
471 302 606 363 1515

1235 302 1293 357 S.
1334 296 1711 354 PASCHASII
1748 292 2110 350 RADBERTI
2147 294 2450 351 ABBATIS
2488 296 2981 354 CORBEIENSIS.

3603 299 3745 359 1516

461 442 534 484 ne
562 443 756 483 rursus
776 426 932 483 novis
953 426 1159 481 diaboli
1177 425 1390 480 retibus
1408 424 1698 494 ligaretur,
1725 421 1891 475 exivit
1905 421 2051 475 ultra
2070 423 2119 481 Α
2138 426 2285 481 utar.
2312 421 2427 475 sint
2455 422 2708 477 nonnulli
2738 423 2972 478 ditiores
3000 423 3284 485 monachi.
3315 440 3486 495 quam
3528 426 3745 480 fuerint

463 536 523 573 se
553 518 761 572 vadens
792 517 840 570 si
870 517 1149 587 quomodo
1188 521 1374 585 posset
1424 514 1605 567 relatu
1650 511 1899 565 veritatis
1937 510 2055 563 edi-

463 624 589 661 cere
614 626 626 660 :
675 609 793 660 Vivo
806 610 989 660 autem
1012 609 1135 673 jam
1161 619 1269 658 non
1289 620 1401 671 ego,
1422 605 1554 655 ririt
1572 617 1694 654 vero
1716 605 1775 653 in
1798 618 1878 652 mc
1900 600 2055 653 Chri-

461 700 579 751 stus
608 695 748 762 (Gal.
763 708 824 756 ιι,
847 694 958 759 ‘20).

874 811 955 863 Ab
981 809 1313 862 anachoreta
1345 809 1636 875 detegitur.

536 923 619 987 12.
652 925 727 979 At
746 923 840 978 ubi
870 924 948 978 ita
976 926 1228 978 conscius
1260 921 1409 976 venit
1432 920 1718 983 Casinum,
1739 936 1848 992 quo
1879 920 2053 973 totius

457 1014 582 1073 fons
598 1012 883 1086 religionis
899 1018 957 1068 et
976 1013 1130 1084 origo
1152 1010 1482 1083 putabatur:
1509 1016 1802 1082 susceptus
1825 1010 2050 1079 quidem

459 1120 495 1158 a
539 1103 741 1159 Patre‘
772 1100 1142 1163 monasterii:
1177 1100 1274 1155 sed
1325 1099 1425 1153 Dei
1474 1098 1804 1172 disponente
1840 1097 2051 1167 judicio

457 1192 535 1249 ibi
564 1208 691 1246 eum
725 1191 1013 1269 paululum
1044 1189 1201 1243 licuit
1247 1188 1554 1244 immorari.
1581 1188 1782 1241 Fertur
1809 1202 2050 1257 namque

458 1280 604 1352 quod
637 1279 783 1333 illico
810 1279 1037 1350 quidam
1064 1278 1113 1332 ei
1137 1278 1475 1332 anachoreta
1498 1277 1554 1329 in
1576 1276 1773 1349 spiritu
1798 1275 1896 1329 Dei
1916 1291 2051 1346 prae-

456 1358 669 1431 diceret
697 1369 924 1453 quinam
957 1373 1014 1421 et
1041 1367 1190 1421 unde
1218 1372 1382 1425 esset.
1417 1371 1474 1420 et
1515 1365 1585 1419 ob
1615 1381 1780 1437 quam
1820 1379 2047 1417 causam

456 1476 522 1514 eo
549 1476 725 1530 usque
751 1458 1067 1512 advenisset
1089 1475 1098 1508 :
1136 1473 1200 1509 ac
1224 1455 1427 1509 deinde
1458 1459 1583 1528 post
1604 1453 1879 1507 modicum
1913 1469 2049 1524 prae-

454 1546 591 1601 dicit
622 1546 958 1599 adventuros
979 1544 1126 1615 regis
1149 1543 1394 1607 nuntios,
1429 1542 1522 1614 qui
1546 1559 1671 1595 eum
1705 1546 2040 1612 repeterent,

453 1652 667 1705 suoque
696 1634 753 1687 in
784 1633 903 1686 loco
928 1633 1304 1687 restituerent.
1321 1632 1477 1694 Quod
1498 1632 1590 1685 ille
1607 1631 1842 1684 audiens
1856 1630 2046 1683 turba-

2138 510 2473 565 sazculares:
2512 512 2833 583 possideant
2880 531 3013 585 opes
3059 512 3163 567 sub
3202 530 3447 586 paupere
3494 515 3741 578 Christo,

2138 615 2277 669 quas
2303 599 2406 655 sub
2427 600 2701 672 locuplete
2724 609 2775 655 et
2799 601 2995 656 fallace
3010 602 3233 656 diabolo
3251 620 3363 659 non
3386 602 3701 663 habuerant
3725 622 3738 655 :

2137 693 2202 740 ut
2229 688 2473 758 suspiret
2492 707 2586 743 eos
2608 690 2852 744 Ecclesia
2874 691 3095 757 divites,
3124 708 3263 762 quos
3291 693 3538 748 mundus
3560 693 3743 748 tenuit

2136 782 2267 833 ante
2290 777 2596 831 mendicos.
2616 779 2972 833 Adalhardus
2998 796 3127 834 vero
3160 786 3369 847 noster,
3396 780 3594 836 mundi
3624 798 3744 835 om-

2136 863 2231 918 nia
2256 865 2495 923 calcans.
2515 866 2646 920 vicit
2669 867 2725 920 in
2752 868 3057 938 schemate,
3081 874 3141 923 et
3152 876 3354 925 cuncta
3382 886 3507 943 qua:
3539 868 3739 927 mundi

2136 959 2270 1006 sunt
2289 952 2391 1009 sub
2408 953 2646 1026 pedibus
2664 955 2897 1015 attrivit.

2204 1079 2241 1129 A
2253 1078 2377 1130 bbas
2392 1081 2638 1145 eligitur.
2664 1080 2702 1132 Α
2716 1083 2970 1147 ugustim‘
2982 1083 3321 1135 imitatorem
3344 1097 3403 1134 se
3421 1081 3659 1135 exhibet.

2208 1198 2293 1255 14.
2332 1201 2401 1255 Et
2426 1200 2559 1257 dum
2588 1202 2669 1259 ita
2722 1202 2943 1277 quietus
2968 1205 3087 1275 jam
3118 1204 3295 1258 victor
3334 1205 3480 1261 celsa
3513 1205 3741 1259 sederet

2134 1288 2191 1342 in
2213 1290 2416 1344 mentis
2446 1308 2591 1355 arce,
2610 1291 2969 1364 dispensante
3003 1293 3101 1346 Dei
3134 1293 3507 1367 providentia,
3537 1308 3737 1348 rursus

2131 1376 2180 1430 ei
2202 1394 2374 1432 novus
2403 1379 2765 1435 constituitur
2785 1381 3071 1452 pugnandi
3085 1383 3242 1437 ordo.
3262 1382 3469 1453 Agitur
3487 1396 3735 1452 namque

2129 1483 2238 1520 non
2270 1468 2433 1539 longe
2463 1476 2760 1540 postquam
2791 1470 3052 1529 redierat.
3090 1471 3316 1542 proprio
3338 1474 3731 1525 consentiente

2129 1555 2455 1611 monasterii
2487 1566 2643 1627 patre
2669 1555 2715 1623 δ,
2749 1563 2811 1611 ut
2839 1575 2941 1612 nec
2961 1559 3197 1612 multum
3235 1560 3400 1631 longe
3428 1560 3643 1630 dispar,
3674 1560 3731 1613 id

2127 1650 2211 1697 est
2237 1645 2379 1698 alter
2397 1646 2743 1716 Augustinus
2770 1648 2987 1701 vivente
3015 1648 3422 1718 prazdecessore
3441 1664 3734 1703 successor

452 1724 620 1779 batur
649 1722 948 1807 Plurimum
991 1721 1136 1793 (111οά
1168 1721 1308 1773 "ous
1346 1736 1611 1792 Prospera
1640 1736 1750 1772 “0"
1781 1719 2365 1804 succede'Beligatur
2397 1752 2407 1786 :
2446 1734 2551 1787 nisi
2585 1735 2731 1805 quod
2772 1735 2863 1788 ille
2893 1736 3187 1807 episcopus
3227 1736 3420 1801 fuerit,
3455 1737 3567 1791 iste
3598 1752 3726 1792 vero

450 1816 579 1866 rent
602 1831 612 1865 :
649 1806 746 1885 qui
773 1826 1064 1865 assumens
1090 1808 1237 1867 illico
1254 1807 1510 1861 abbatem
1536 1808 1637 1860 loci
1661 1807 1827 1869 illius,
1852 1807 2044 1859 retulit

450 1901 502 1955 ei
555 1916 658 1954 sua
704 1916 957 1972 qumque,
1003 1914 1207 1969 rogans
1263 1904 1431 1979 atque
1480 1895 1805 1961 obsecrans;
1840 1896 1886 1949 si
1932 1910 2041 1967 quo

448 1989 614 2044 modo
635 1996 823 2059 posset
841 1987 1129 2058 ell‘ugeret,
1153 1986 1459 2040 clementer
1486 1992 1781 2054 annueret,
1815 2001 1924 2056 quo
1946 2002 2042 2038 no-

446 2096 577 2143 men
598 2076 750 2132 illius
778 2076 925 2131 ultra
956 2078 1126 2129 etiam
1148 2091 1248 2129 nec
1267 2091 1301 2127 a
1330 2074 1492 2146 longe
1515 2074 1824 2129 audiretur.

898 2193 1201 2251 Rcducitur
1226 2194 1289 2245 in
1319 2191 1581 2249 Galliam.

520 2308 604 2366 13.
634 2309 744 2365 Sed
764 2306 1167 2380 praeoccupavit
1193 2307 1342 2361 Deus
1370 2322 1499 2360 mox
1538 2322 1732 2360 eorum
1763 2305 1995 2359 consilia
2018 2323 2030 2357 :

443 2405 501 2454 et
523 2398 657 2453 dum
684 2414 871 2451 moras
891 2397 1105 2450 faciunt
1137 2395 1441 2459 evolvendi,
1466 2395 1730 2448 continuo
1754 2410 2034 2464 praeoccu-

441 2494 611 2559 patur
639 2486 871 2550 nuntiis,
903 2486 997 2557 qui
1026 2492 1282 2539 tenentes
1310 2501 1439 2538 eum
1470 2484 1814 2538 reduxerunt
1842 2484 1898 2536 in
1930 2500 2032 2553 pa-

441 2576 630 2631 triam.
646 2575 792 2642 Quid
817 2574 1013 2647 putas?
1034 2590 1199 2646 quam
1220 2590 1445 2627 amarus
1462 2578 1583 2627 erat
1603 2572 1842 2635 animus,
1861 2588 2028 2642 quam

440 2672 696 2722 maestus.
732 2664 864 2736 quia
895 2663 966 2718 ad
1000 2662 1195 2734 patriae
1228 2664 1366 2714 ﬁnes
1396 2667 1452 2714 et
1478 2661 1661 2714 dulcia
1688 2660 1897 2731 proprii
1928 2661 2031 2713 soli

436 2766 571 2808 arva
600 2753 807 2809 invitus
836 2751 1074 2806 rediret!
1106 2750 1355 2805 Audiant
1392 2750 1566 2821 igitur
1594 2750 1916 2819 hujusmodi
1947 2749 2029 2802 vi-

441 2856 567 2897 rum
593 2841 771 2897 nostri
801 2841 1054 2895 concives
1085 2838 1343 2893 monachi
1373 2838 1467 2911 qui
1504 2838 1641 2892 lenti
1671 2838 2030 2908 requiescunt

439 2931 769 2987 umbrarum
800 2929 1032 2984 delibuti
1059 2929 1291 2998 fuligine
1311 2946 1321 2979 :
1343 2928 1577 2981 audiant
1590 2927 1684 2997 qui
1716 2934 1840 2997 post
1856 2943 1914 2979 se
1931 2944 2029 2980 see-

434 3020 708 3076 cularium
748 3036 947 3090 greges
977 3018 1213 3072 trahunt
1244 3035 1255 3069 :
1299 3016 1550 3070 audiant.
1592 3016 1842 3085 inquam,
1879 3016 2024 3086 quod
2044 3053 2087 3111 Ο

432 3122 546 3177 non
599 3107 736 3161 satis
778 3113 963 3161 tutum
995 3106 1071 3159 sit
1113 3120 1343 3159 suorum
1381 3121 1440 3157 se
1469 3104 1692 3157 deliniri
1729 3110 2027 3175 parentum

432 3197 739 3251 affectibus.
766 3195 1023 3250 Christus
1053 3210 1191 3263 ergo
1228 3200 1465 3247 matrem
1494 3192 1672 3245 nescit
1718 3198 1774 3245 et
1806 3192 2028 3261 ignorat

430 3284 651 3351 fratres,
679 3289 744 3338 ut
769 3298 955 3338 veram
986 3282 1148 3337 nobis
1175 3282 1377 3335 mentis
1417 3281 1675 3335 ostendat
1701 3281 2024 3335 fraternita-

430 3379 545 3429 tem
580 3391 594 3430 :
625 3373 690 3429 Si
715 3375 856 3443 quis,
886 3372 1086 3443 inquit,
1113 3372 1300 3438 fecerit
1324 3372 1657 3423 rolunlatem
1680 3373 1863 3424 Patris
1891 3373 2019 3433 mei,

429 3466 529 3535 qui
551 3465 613 3517 in
633 3448 775 3517 caelis
807 3466 901 3527 est,
938 3464 1044 3530 ipse
1068 3476 1215 3513 meus
1241 3461 1439 3526 frater,
1469 3475 1626 3512 soror
1644 3465 1693 3512 ct
1739 3464 1916 3511 mater
1944 3464 2019 3512 est

428 3551 645 3620 (Matth.
677 3563 776 3613 XII,
802 3548 908 3618 50).
946 3548 1156 3602 Deinde
1182 3554 1401 3601 revocat
1430 3546 1763 3617 discipulum
1795 3546 1864 3599 ab
1894 3546 2018 3599 olli-

426 3641 513 3695 cio
541 3640 753 3699 funeris
795 3653 865 3693 ne
910 3644 1127 3709 patrem
1159 3636 1324 3690 liceat
1350 3636 1586 3705 sepelire
1617 3634 1803 3688 debito
1833 3636 2018 3689 carnis

421 3731 580 3801 jure:
605 3727 972 3798 Sine,inquit,
992 3731 1235 3780 mortuos
1262 3728 1487 3794 sepelire
1517 3730 1761 3777 mortuos
1790 3741 1931 3787 suos,
1959 3730 2018 3777 tu

425 3824 612 3873 autem
639 3832 855 3890 sequere
873 3832 955 3869 mc
974 3815 1182 3870 ullatth.
1206 3812 1435 3881 vnn?!)
1487 3813 1603 3866 Hoc
1634 3812 1806 3881 igitur
1836 3818 2017 3866 totum

424 3913 657 3963 noverat
684 3907 809 3979 pius
838 3920 1005 3959 senex
1034 3909 1225 3957 noster
1254 3921 1265 3956 :
1300 3909 1359 3955 et
1387 3902 1512 3955 ideo
1564 3902 1756 3971 fugere
1788 3901 2017 3954 festina-

421 3996 521 4053 bat
540 4012 570 4052 e
608 3995 793 4053 medio
822 3994 1021 4049 civium
1046 4007 1295 4046 suorum.
1326 3989 1743 4046 Recordabatur
1771 4007 2015 4060 namque

425 4083 571 4157 quod
592 4085 753 4138 Jesus
774 4098 884 4136 non
911 4082 985 4135 sit
1006 4081 1164 4151 signa
1195 4085 1459 4150 Operatus
1489 4079 1544 4132 in
1576 4079 1759 4149 patria
1784 4096 1795 4131 :
1830 4095 2013 4149 neque

422 4173 698 4245 propheta
715 4172 791 4227 sit
810 4171 930 4224 sine
955 4170 1185 4235 honore,
1201 4169 1307 4221 nisi
1329 4168 1385 4221 in
1408 4167 1633 4239 proprio
1653 4169 1771 4220 solo
1790 4169 2006 4233 (Matth.

420 4268 563 4324 xm).
598 4260 699 4314 Hic
734 4265 924 4313 autem
972 4258 1182 4312 honore
1214 4256 1406 4309 mundi
1436 4255 1773 4326 exspoliatus
1804 4256 2011 4309 idcirco

2125 1820 2343 1877 abbatis
2372 1822 2493 1876 loco
2515 1823 2849 1893 subrogatus
2870 1824 2968 1891 sit;
3005 1832 3231 1895 utrique
3267 1831 3463 1881 tamen
3497 1826 3729 1898 perfecti

2124 1908 2225 1963 Dei
2263 1910 2677 1983 dispensatores
2728 1912 3108 1967 inveniuntur.
3145 1914 3278 1966 Erat
3324 1922 3522 1967 autem
3575 1914 3727 1968 idem

2127 1996 2321 2051 beatus
2367 1999 2582 2069 praefati
2613 2000 2786 2069 patris
2831 2000 3130 2071 Augustini
3162 2002 3314 2055 velut
3352 2001 3724 2072 pedissequus

2123 2102 2355 2156 Operum
2383 2087 2725 2142 clarissimus
2749 2088 3021 2154 imitator,
3054 2089 3190 2143 satis
3221 2096 3421 2147 acutus
3468 2090 3721 2161 ingenio,

2122 2175 2407 2232 voluntate
2463 2184 2775 2251 promptus,
2824 2177 3143 2248 eloquentia
3188 2178 3361 2243 dives,
3418 2178 3724 2232 dulciﬂuus

2122 2264 2312 2327 aifatu,
2334 2265 2647 2321 auditorem
2668 2274 2827 2322 tanto
2855 2266 3103 2321 afﬁciens
3129 2268 3334 2333 fructu,
3371 2274 3437 2322 ut
3462 2268 3722 2338 linguam

2120 2353 2241 2422 ejus
2260 2353 2342 2407 vix
2366 2354 2515 2408 aliud
2542 2371 2708 2427 quam
2732 2356 3008 2410 calamum
3036 2357 3214 2410 sancti
3230 2357 3479 2428 Spiritus
3492 2358 3722 2411 credere

2118 2442 2410 2511 potuisses.
2432 2442 2847 2498 Praedicationis
2869 2446 2917 2515 ej
2929 2463 2991 2499 us
3012 2446 3256 2503 ofﬁcium
3280 2446 3548 2519 lacryma:
3578 2462 3725 2501 com-

2117 2530 2476 2599 mendabant,
2511 2539 2567 2586 et
2603 2534 2783 2587 cordis
2813 2534 3081 2588 duritiam
3108 2535 3355 2606 gemitus
3393 2535 3713 2591 molliebat.

2115 2619 2310 2674 Flebat
2352 2620 2540 2692 itaque
2575 2622 2953 2693 lacrymarum
2982 2622 3052 2677 ab
3081 2640 3145 2676 eo
3176 2624 3460 2678 serotinus
3515 2624 3716 2688 imber,

2113 2715 2393 2779 quatenus
2421 2718 2637 2765 mentes
2667 2711 2894 2767 uberius
2924 2729 3115 2767 semen
3147 2712 3527 2767 fructiﬁcandi
3550 2730 3719 2786 cape-

2112 2804 2256 2861 rent,
2290 2806 2346 2853 et
2374 2817 2470 2854 cor
2498 2800 2844 2855 audientium
2876 2800 3198 2871 hujusmodi
3214 2818 3387 2856 sensu
3418 2803 3717 2859 charitatis

2111 2902 2303 2940 amore
2333 2889 2619 2943 mulceret.
3137 2876 3149 2887 ’

2252 3013 2608 3068 Eximiarum
2638 3015 2954 3068 Adalhardi
2982 3016 3259 3069 virtutum
3290 3020 3566 3072 encomia.

2198 3135 2278 3193 15.
2309 3136 2426 3193 Vox
2452 3138 2572 3209 ejus
2594 3139 2758 3210 plena
2777 3138 2978 3193 viroris
3000 3140 3185 3211 gratia
3202 3141 3424 3195 etomni
3447 3148 3709 3201 constan-

2110 3226 2189 3280 tia
2216 3226 2415 3281 fortior
2442 3227 2731 3282 videbatur
2762 3243 2773 3277 :
2807 3228 2927 3300 ipse
2955 3246 3083 3283 vero
3115 3230 3273 3285 vultu
3308 3247 3584 3303 corporeo
3622 3232 3710 3286 ni-

2107 3319 2248 3375 tens.
2274 3315 2472 3386 plenus
2498 3316 2834 3387 pinguedine
2863 3317 3041 3371 sancti
3073 3318 3314 3389 Spiritus
3344 3320 3702 3375 credebatur.

2106 3403 2247 3457 Erat
2274 3406 2637 3475 autemjuxta
2661 3405 2797 3460 illud
2830 3405 3046 3460 Horatii
3079 3409 3200 3474 (lib.
3226 3422 3266 3460 ιι
3296 3405 3624 3475 Serm.,sat.
3652 3408 3698 3477 7)
3784 3456 3793 3461 .

2103 3492 2250 3565 quod
2281 3492 2498 3563 magnis
2527 3492 2785 3547 laudibus
2814 3494 3171 3565 praedicatur,

2254 3606 2428 3663 Fortis,
2455 3613 2500 3656 et
2531 3607 2579 3656 iu
2600 3608 2757 3673 seipse
2784 3613 2914 3661 totus
2940 3614 3063 3658 teres
3087 3614 3229 3674 atque
3255 3610 3514 3662 rotundus.

2103 3722 2283 3776 Fortis
2313 3723 2589 3793 siquidem
2622 3724 2750 3785 ﬁde.
2783 3725 3099 3779 constantia
3126 3730 3185 3779 et
3226 3725 3436 3781 virtute
3463 3727 3693 3795 solidus,

2104 3811 2377 3865 intantum
2402 3817 2467 3865 ut
2493 3813 2571 3865 nil
2600 3814 2889 3883 trepidans
2918 3814 3171 3884 nihilque
3200 3814 3469 3869 dubitans
3490 3818 3697 3873 videro-

2100 3905 2211 3963 tur,
2234 3900 2455 3953 etiamsi
2475 3906 2627 3955 totus
2657 3909 2875 3955 terrore
2903 3902 3175 3957 infractus
3207 3903 3360 3958 orbis
3389 3904 3691 3960 laberetur.

2098 3988 2529 4043 Verumtamen'
2550 3990 2597 4044 si
2642 3991 2834 4061 aliqua
2859 3992 3094 4045 terroris
3125 3992 3374 4061 procella
3420 3994 3696 4066 impulsus

2096 4086 2260 4141 esset.
2286 4078 2588 4149 aliquando
2629 4096 2727 4149 spe
2765 4079 3086 4151 superabat,
3109 4080 3418 4151 aliquando
3443 4099 3579 4136 vero
3605 4100 3694 4137 ra-

2094 4167 2245 4220 tione
2274 4167 2531 4221 vincebat
2565 4185 2577 4220 :
2609 4168 2782 4221 timor
2807 4174 2997 4221 autem
3049 4168 3356 4222 mundialis
3386 4185 3521 4224 eum
3562 4187 3693 4225 nus-

2097 4272 2263 4325 quam
2289 4257 2473 4326 potuit
2499 4255 2837 4325 subrigendo
2876 4256 3352 4312 transverberare.
3385 4259 3565 4313 Terea
3592 4277 3691 4314 au-

417 4348 721 4405 festinabat
758 4348 908 4402 exire
937 4347 1234 4400 charorum
1263 4343 1515 4405 vinculis.
1540 4349 1605 4397 ut
1650 4360 1777 4397 vere
1824 4350 2011 4414 posset
2031 4412 2064 4416 __
2098 4350 2209 4396 tem
2243 4351 2299 4397 et
2326 4344 2599 4397 rotundus
2630 4345 2755 4397 ideo
2786 4345 2845 4398 in
2900 4345 3102 4416 seipso,
3134 4345 3248 4398 imo
3279 4346 3339 4399 in
3371 4346 3495 4405 Deo
3522 4348 3691 4403 fuisse

419 4438 523 4497 sibi
571 4437 776 4493 mentis
806 4438 1073 4491 honorem
1104 4434 1391 4497 asciscere,
1428 4439 1594 4502 atque
1621 4439 1708 4499 (ut
1735 4412 1904 4486 alti—us
1930 4433 2007 4485 di-
2028 4412 2075 4469 Β
2092 4432 2317 4488 dicitur.
2346 4433 2478 4503 quia
2506 4448 2616 4487 non
2639 4434 2818 4488 solum
2850 4433 3074 4487 sibimet
3096 4434 3403 4489 virtutibus
3423 4452 3494 4491 ac
3519 4438 3689 4491 mori-

417 4528 567 4597 cam)
592 4527 901 4600 angelicam
946 4524 1005 4577 in
1042 4522 1207 4577 terris
1235 4522 1438 4591 degere
1482 4518 1668 4573 vitam.
1703 4521 2010 4575 Videbatur

417 4634 529 4671 non
551 4618 687 4671 satis
712 4630 925 4695 pauper
948 4630 1106 4685 posse
1130 4611 1250 4665 ﬁeri
1272 4611 1327 4663 in
1353 4609 1534 4662 medio
1556 4617 1852 4680 parentum
1868 4627 2008 4664 suo-

418 4721 563 4768 rum,
596 4706 691 4776 qui
722 4705 877 4776 regni
910 4702 1194 4774 pollebant
1222 4700 1451 4761 honore,
1487 4704 1544 4752 et
1570 4698 1889 4752 divitiarum
1920 4716 2008 4752 co-

415 4791 524 4864 piis
573 4793 906 4856 renitebant,
940 4798 995 4846 et
1030 4791 1154 4845 ideo
1181 4787 1449 4859 disruptis
1477 4787 1709 4841 vinculis
1742 4787 1876 4841 clari
1902 4804 2006 4842 no-

415 4880 606 4943 minis,
626 4881 798 4945 voluit
826 4894 1039 4952 pauper
1066 4880 1188 4934 fieri
1217 4879 1337 4933 sine
1362 4876 1685 4935 ambitione.
1720 4877 2002 4947 quondam

412 4970 674 5045 locuples.
701 4969 809 5023 Sed
830 4969 915 5022 sui
936 4974 1286 5039 contemptor
1313 4966 1553 5021 eximius
1581 4971 1911 5037 paupertate
1938 4967 2002 5019 ﬁt

411 5060 682 5126 ornatior,
696 5057 826 5129 fuga
847 5057 1066 5121 clarior,
1089 5057 1299 5111 vilitate
1319 5055 1656 5109 humilitatis
1676 5055 1995 5108 sublimior:

411 5155 470 5205 et
502 5155 565 5205 ut
612 5146 761 5201 beati
814 5144 1145 5214 Hieronymi
1176 5144 1356 5198 verbis
1386 5146 1578 5214 (Epist.
1611 5143 1644 5198 2
1681 5146 1756 5198 ad
1787 5146 1993 5214 Νεροι.)

477 5304 503 5329 ο
530 5290 811 5349 Nimirum
841 5304 875 5343 a
911 5285 1147 5358 Potone,
1168 5285 1226 5338 ni
1264 5285 1453 5358 fallor,
1471 5286 1565 5358 qui
1597 5285 1668 5339 ab
1695 5301 1843 5340 anno
1883 5285 1998 5341 fere

407 5362 506 5423 771
557 5362 615 5418 in
667 5376 843 5417 annos
886 5373 981 5413 sex
1028 5356 1229 5410 Casino
1267 5356 1505 5426 praefuit,
1544 5358 1991 5412 Theodemarum

406 5435 637 5491 sortitus
657 5445 1051 5491 successorem.
1071 5429 1133 5481 ln
1150 5426 1336 5481 libello
1356 5427 1424 5480 de
1442 5429 1830 5483 Translatione
1862 5445 1993 5482 san-

403 5505 479 5561 cti
502 5505 618 5559 Viti
636 5503 991 5559 Adalhardus
1011 5499 1155 5553 alter
1180 5512 1308 5551 cum
1322 5498 1640 5553 Adalhardo
1670 5507 1861 5556 nostro
1893 5501 1994 5554 Ca-

404 5577 591 5639 sinum
618 5575 912 5647 secessisse
939 5572 1163 5627 dicitur.
1194 5568 1354 5634 Quod
1374 5585 1474 5624 cur
1500 5569 1641 5624 mihi
1669 5576 1991 5641 suspectum

2091 4520 2193 4575 bus
2223 4521 2539 4591 aptabatur,
2570 4539 2760 4576 verum
2792 4524 2960 4578 etiam
2984 4523 3247 4577 omnibus
3265 4540 3558 4595 congruus
3571 4534 3689 4581 erat

2090 4616 2147 4664 et
2174 4627 2365 4664 amore
2386 4611 2777 4680 dignissimus;
2812 4612 3092 4666 intentum
3115 4620 3178 4667 ut
3203 4613 3397 4667 omnia
3421 4616 3684 4670 ouinibus

2090 4707 2237 4754 esset
2292 4706 2349 4753 et
2400 4717 2541 4771 pene
2596 4701 2811 4754 cunctis
2851 4702 3169 4755 lucriﬁeret.
3217 4702 3356 4755 Erat
3406 4703 3685 4774 siquidem

2088 4805 2255 4843 carne
2284 4788 2506 4855 nobilis,
2540 4790 2636 4843 sed
2662 4789 2901 4843 nobilior
2927 4790 3177 4846 moribus
3204 4808 3216 4842 :
3249 4790 3577 4861 plenusDei
3606 4810 3684 4848 se.

2088 4878 2316 4948 pientia,
2349 4878 2446 4931 sed
2498 4894 2667 4948 opere
2697 4894 2804 4931 non
2838 4894 3044 4933 vacuus
3071 4897 3084 4932 :
3116 4879 3353 4949 pulchra
3390 4881 3558 4947 facie,
3590 4882 3681 4937 sed

2083 4967 2192 5020 ﬁde
2239 4983 2303 5020 ac
2350 4966 2646 5020 sanctitate
2692 4965 2980 5035 pulchrior
3019 4966 3216 5021 :dives
3260 4970 3558 5039 progenie,
3589 4971 3679 5025 sed

2081 5056 2254 5109 ditior
2282 5055 2555 5120 almitate,
2589 5054 2721 5124 quia
2752 5070 3001 5125 prOpago
3031 5061 3156 5110 erat
3178 5061 3349 5110 natus
3376 5056 3450 5113 de
3474 5074 3678 5131 propa-

2083 5145 2212 5215 gine
2237 5143 2380 5199 caeli.

2082 5285 2171 5357 sit,
2203 5302 2474 5357 exponam
2504 5303 2568 5341 eo
2587 5287 2729 5341 loco.

2150 5356 2177 5396 δ
2217 5360 2271 5410 ls
2317 5367 2440 5411 erat
2482 5359 2874 5413 Mordramnus
2915 5358 3086 5413 abbas
3125 5359 3287 5429 cujus
3333 5358 3529 5416 obitus
3577 5374 3673 5416 xm

2077 5428 2179 5503 Kal
2233 5430 2366 5503 Julii
2401 5430 2694 5503 reponitur
2719 5430 2780 5485 in
2802 5438 3020 5486 vetusto
3038 5428 3228 5499 Indice
3252 5430 3527 5499 abbatum
3542 5434 3671 5487 Oor-

2074 5498 2401 5555 beiensium.
