4000 6170
339 252 476 313 ’1521
1518 261 1609 314 DE
1649 259 1819 313 VITA
1859 260 1915 313 S.
1957 259 2397 314 ADALHARDI.
3466 256 3609 315 ’15ἓῖ

335 379 739 451 compassionis
804 382 1034 451 aﬂ‘ectu,
1106 385 1266 455 quasi
1342 384 1582 455 propriis
1658 383 1941 438 afﬁcieba-
1959 387 2192 445 Aneret.
2221 402 2249 437 ι
2274 385 2411 439 Inde
2427 387 2567 451 erat,
2588 385 2666 439 mi
2688 386 2875 449 Pater,
2894 386 3042 455 quod
3070 386 3128 438 in
3149 385 3346 439 mortis
3375 384 3614 440 articulo

337 473 449 522 tur.
2019 492 2133 529 non
2175 473 2470 528 recedebat
2504 473 2575 527 ab
2616 490 2713 527 ore
2744 475 2883 544 pius
2928 474 3179 539 affectus,
3218 491 3283 528 ac
3327 475 3550 529 dicebas
3598 495 3610 528 :

605 562 884 629 Lacrymis
908 563 1125 615 deditus
1156 567 1277 615 erat
1305 561 1679 617 Adalhardus.
2022 565 2211 619 Sitivit
2230 566 2427 617 anima
2448 579 2567 616 mea
2583 564 2657 616 ad
2679 564 2847 616 Deum
2868 566 3074 627 virum,
3095 565 3316 632 quando
3331 566 3550 618 veniam
3568 569 3617 616 et

412 649 501 704 25.
530 649 676 704 Vere
706 655 900 705 tantus
928 667 994 703 ac
1020 650 1152 703 talis
1177 655 1317 717 erat,
1342 655 1408 704 ut
1435 651 1504 704 de
1532 667 1592 704 se
1624 650 1830 721 quippe
1859 667 1943 704 re—
2022 654 2292 721 apparebo
2324 658 2453 706 ante
2481 654 2679 719 faciem
2707 652 2839 705 Dei?
2871 654 3032 713 (Psat.
3061 666 3170 717 xu,
3205 652 3283 718 3.)
3309 653 3436 706 Jam
3465 652 3619 705 enim

339 738 461 793 latu
490 738 741 793 veritatis
766 739 1041 810 potuisset
1069 755 1320 793 asserere
1346 753 1356 786 ε
1403 742 1728 794 Vulneratus
1757 739 1943 793 chari-
2022 741 2287 812 cupiebas
2305 741 2522 810 ingredi
2545 740 2886 794 tabernaculi
2908 740 3088 793 locum
3113 740 3478 807 admirabilis,
3496 741 3620 810 jam

344 834 451 882 tate
476 844 568 895 ego
586 845 709 882 sum
727 847 745 893 ;
793 829 889 899 qui
914 829 1024 882 nisi
1052 829 1377 883 vulneratus
1403 834 1552 882 esset
1581 845 1615 882 ει
1643 829 1934 893 charitate,
2020 847 2124 884 vox
2154 829 2541 883 exsultationis
2569 829 2627 882 in
2673 828 2903 882 auribus
2932 835 3055 882 erat
3082 835 3139 882 et
3166 828 3528 883 confessionis
3556 830 3617 883 in

344 916 598 969 omnium
626 933 787 971 casus
830 917 1111 971 continuis
1150 917 1411 971 lamentis
1443 922 1507 970 ut
1544 918 1798 988 proprios
1825 933 1939 971 non
2022 934 2146 984 ore;
2174 920 2294 988 jam
2324 934 2493 972 sonus
2510 917 2790 988 epulantis
2814 916 3178 984 audiebatur;
3207 918 3326 987 jam
3351 918 3619 987 quodam-

345 1006 583 1075 lugeret.
625 1005 822 1059 Flebat
863 1011 1053 1060 autem
1083 1006 1281 1060 diebus
1306 1006 1641 1076 singulis,.si
1675 1024 1788 1060 non
1817 1023 1938 1060 am-
2022 1008 2187 1061 modo
2219 1007 2494 1060 intereras
2522 1007 2609 1059 his
2639 1022 2877 1076 quorum
2916 1004 3188 1059 habitatio
3217 1011 3303 1059 est
3342 1006 3487 1059 sicut
3518 1007 3618 1060 lae-

340 1094 507 1164 plius,
546 1095 719 1148 semel
748 1094 806 1148 in
837 1095 926 1148 die
955 1102 1054 1148 aut
1098 1095 1363 1161 secundo,
1397 1111 1562 1149 mane
1592 1095 1848 1149 videlicet
1884 1101 1942 1149 et
2021 1097 2266 1151 tantium
2286 1096 2557 1149 omnium.
2580 1095 2738 1161 Talia
2763 1094 2969 1165 quippe
2993 1094 3126 1148 dum
3150 1096 3331 1160 ﬂeres,
3357 1094 3457 1148 tibi
3484 1100 3616 1149 ante

343 1183 580 1253 vesperi.
614 1184 768 1253 Ignis
814 1200 946 1254 ergo
989 1190 1111 1237 erat
1152 1184 1258 1237 iste
1293 1184 1348 1236 in
1392 1200 1457 1237 eo
1488 1188 1789 1255 perpetuus
1828 1201 1940 1267 non
2022 1186 2211 1240 oculos
2237 1183 2575 1238 assistebant
2608 1202 2618 1236 :
2654 1188 2712 1237 et
2738 1183 2864 1236 ideo
2892 1198 3084 1236 amore
3111 1187 3264 1237 totus
3284 1183 3616 1253 elangueras

342 1272 608 1325 deﬁciens
655 1288 721 1325 ex
749 1272 914 1326 altari
942 1272 1149 1339 animi;
1197 1273 1295 1327 sed
1334 1273 1549 1343 jugiter
1577 1273 1677 1327 tali
1707 1273 1943 1327 ardebat
2023 1291 2087 1328 ac
2111 1274 2334 1327 dicebas
2365 1292 2377 1326 :
2408 1274 2621 1342 Adjuro
2650 1288 2760 1341 vos,
2780 1274 2901 1339 ﬁlia
2919 1273 3245 1336 Jerusalem,
3264 1274 3314 1323 si
3342 1275 3617 1326 inveneri-

340 1364 490 1414 voto.
509 1361 592 1415 lbi
616 1362 766 1415 enim
788 1361 956 1415 fiebat
971 1378 1140 1415 suave
1161 1362 1548 1416 holocaustum
1573 1362 1841 1428 Domino;
1864 1362 1941 1415 ibi
2025 1367 2093 1418 tis
2106 1364 2367 1416 dilectum
2380 1377 2583 1425 meum,
2598 1366 2659 1414 ut
2680 1363 2949 1413 nuntietis
2966 1363 3018 1414 ei
3030 1366 3164 1429 quia
3178 1376 3366 1414 amore
3382 1364 3618 1428 tanguea

346 1449 586 1503 victimae
603 1451 1009 1517 mactabantur,
1026 1451 1301 1522 praecipue
1317 1451 1374 1504 in
1393 1450 1568 1505 noctis
1600 1451 1800 1517 medio;
1821 1457 1943 1504 erat
2028 1454 2200 1523 (Cant.
2231 1467 2284 1515 ν,
2310 1450 2345 1506 8
2375 1493 2388 1506 .
2418 1451 2646 1505 Noverit
2678 1450 2802 1520 pius
2825 1449 3179 1519 lector,quod
3199 1449 3246 1503 si
3270 1466 3329 1503 se
3351 1466 3385 1503 a
3407 1451 3617 1506 talibus

350 1539 501 1591 enim
526 1539 759 1609 pervigil
786 1540 845 1592 in
866 1540 1230 1594 orationibus.
1256 1539 1492 1594 Omnem
1517 1540 1700 1593 carnis
1719 1539 1941 1610 adipem
2024 1541 2312 1611 paululum
2333 1557 2433 1611 pro
2456 1539 2799 1610 quibuslibet
2811 1538 3051 1608 negotiis
3070 1545 3441 1607 segregasset,
3456 1537 3620 1607 quasi

352 1632 409 1681 et
468 1627 1043 1698 concupiscentiarum
1106 1628 1398 1682 illecebras
1461 1634 1596 1681 tunc
1659 1627 1945 1681 cremabat
2025 1646 2059 1683 a
2100 1630 2304 1684 sanctis
2344 1630 2533 1683 exiens
2580 1627 2884 1681 festinabat
2922 1626 3076 1681 ocius
3122 1632 3188 1680 ut
3234 1626 3479 1692 rediret;
3520 1626 3620 1680 sed

349 1718 709 1771 ﬂammarum
742 1718 1000 1772 incendio
1023 1737 1039 1788 ;
1073 1724 1130 1771 et
1171 1718 1361 1771 omnia
1388 1717 1723 1771 intrinsecus
1752 1700 2003 1771 vitaliaB
2023 1719 2287 1773 continuo
2315 1724 2495 1772 totum
2526 1734 2585 1771 se
2614 1717 2922 1780 inveniens,
2955 1722 3109 1770 totus
3136 1715 3333 1769 aderat
3368 1714 3531 1785 quasi
3558 1714 3618 1767 in

351 1812 629 1877 caputque
650 1823 777 1860 cum
802 1807 1053 1877 pedibus,
1075 1807 1131 1860 id
1163 1812 1248 1860 est
1271 1807 1495 1860 initium
1523 1806 1649 1859 vitae
1677 1823 1742 1859 ac
1772 1806 1941 1859 tinem
2022 1808 2111 1861 die
2140 1808 2279 1860 nihil
2319 1807 2470 1859 aliud
2499 1806 2648 1859 inter
2688 1822 2888 1859 manus
2915 1805 3223 1859 habuisset.
3251 1805 3377 1858 Mox
3409 1804 3617 1858 etenim

350 1894 574 1949 Domini
610 1896 668 1949 in
699 1896 1032 1950 sacriﬁcium
1061 1896 1337 1949 adolebat.
1355 1895 1602 1950 Lavabat
1624 1896 1773 1949 enim
1796 1912 1941 1965 quae-
2023 1897 2262 1951 aderant
2286 1895 2567 1966 lacrymae,
2595 1910 2727 1947 mox
2754 1893 3016 1964 gemitus,
3048 1899 3218 1963 atque
3245 1893 3428 1946 omnis
3457 1892 3618 1945 devo-

351 2000 459 2055 que
488 1985 753 2055 lacrymis
780 1985 1046 2056 primum,
1080 1992 1144 2039 ut
1170 1985 1430 2055 deinceps
1473 1985 1661 2038 omnia
1700 1985 1939 2038 Domino
2021 1985 2101 2039 tio
2135 2003 2147 2037 :
2180 1983 2457 2037 revirebat
2485 1999 2706 2053 quoque
2736 1983 2958 2036 animus
2988 1982 3156 2046 illico,
3188 1986 3246 2034 et
3274 1980 3458 2034 omnis
3488 1996 3619 2034 sen-

347 2074 618 2128 mundius
647 2081 1053 2129 cremarentur.
1093 2075 1299 2128 Fateor
1338 2073 1502 2143 plane
1531 2089 1818 2143 nunquam
1849 2089 1939 2127 me
2021 2091 2116 2128 sus
2145 2072 2392 2143 corporis
2421 2072 2688 2125 continuo
2712 2071 2925 2125 mundo
2954 2069 3319 2125 moriebatur.

348 2162 626 2216 invenisse
656 2164 854 2228 virum,
886 2164 976 2217 cui
1003 2162 1125 2216 fons
1167 2163 1541 2233 lacrymarum
1570 2167 1763 2215 tantus
1795 2161 1940 2215 ines-

343 2256 431 2304 set
448 2256 750 2321 tantusque
769 2251 1033 2320 gemitus.
1052 2252 1289 2304 Putares
1303 2250 1451 2304 enim
1472 2250 1808 2303 intrinsecus
1822 2266 1936 2303 om-

342 2340 441 2392 nia
468 2339 693 2393 fletibus
720 2340 969 2393 resoluta
995 2338 1285 2410 profundis
1311 2339 1568 2409 suspiriis
1596 2344 1792 2409 pectus
1820 2339 1936 2393 dis-

343 2428 992 2497 rumpere.Videbantur
1018 2428 1077 2481 in
1108 2444 1173 2482 eo
1202 2444 1265 2481 ac
1294 2428 1342 2481 si
1370 2427 1621 2481 tonitrua
1650 2443 1931 2490 resonare,
2019 2406 2199 2505 ξεωξάο
2242 2404 2431 2505 animo
2460 2403 2659 2456 SOl'tus
2689 2406 2812 2455 erat
2832 2401 3044 2505 ‘dwere’
3078 2416 3204 2505 ξξῖοΧ
3240 2415 3435 2505 omlnes
3462 2416 3617 2505 Ῥει-

340 2518 477 2571 dum
507 2532 566 2569 se
587 2516 797 2570 crebris
821 2518 1085 2571 tunderet
1108 2517 1326 2581 ictibus,
1343 2523 1407 2570 ut
1433 2517 1805 2587 lacrymarum
1838 2517 1937 2570 im-
2019 2494 2262 2587 animo?
2293 2500 2349 2546 et
2377 2507 2574 2587 causas
2598 2506 2790 2587 re”
2826 2489 3229 2587 ¹⁵θξῙ²Ρ⁰¹Ἶξξ¹ιξη¹Δ
3247 2493 3379 2541 ante
3409 2492 3618 2587 _°s_t“.1m

339 2608 468 2660 bres
499 2605 726 2660 uberius
756 2608 999 2661 eliceret.
1035 2608 1198 2661 Haud
1229 2575 1461 2660 dubium
1506 2575 1641 2676 quin
1687 2606 1937 2660 tonitrua
2018 2582 2368 2681 [θροηθδδξζ
2388 2586 2446 2633 et
2471 2595 2673 2681 ‘secufn
2700 2584 2855 2681 tinus
2888 2575 3329 2676 ingemebat?“
3360 2581 3425 2629 ut

341 2696 515 2750 fuisse
546 2701 697 2749 recte
726 2695 996 2762 dicamus,
1021 2696 1155 2766 quia
1182 2701 1245 2749 tu
1271 2696 1424 2749 intus
1452 2711 1597 2759 eras,
1613 2695 1757 2749 bone
1777 2696 1932 2761 Jesu,
2018 2672 2135 2771 DF“)
2173 2688 2238 2724 ac
2266 2670 2373 2724 s‘bl
2404 2669 2658 2771 ,δᾳθδῗθί
2704 2667 3397 2771 ΟυθωδξἚοηδΡθδξῗδθδζ
3427 2664 3614 2771 φωρ

342 2790 406 2838 ut
434 2785 657 2839 ﬂetibus
684 2785 955 2838 virtutum
986 2758 1210 2855 δέπας
1256 2784 1490 2849 semina,
1524 2758 1591 2838 et
1620 2785 1739 2855 agri
1785 2758 1933 2855 pleni
2016 2760 2231 2814 videres
2252 2775 2381 2813 eum
2401 2758 2636 2812 introire
2656 2772 2771 2809 sum
2789 2758 3092 2809 secretiora
3107 2758 3333 2817 mentis,
3349 2758 3407 2807 et
3425 2758 3612 2808 nescio

341 2889 509 2943 quem
528 2873 912 2942 benedixeras,
934 2841 1181 2927 fructum
1210 2873 1361 2927 fonte
1383 2841 1723 2944 asp'ersionis
1749 2841 1935 2927 ablue—
2017 2849 2152 2944 flmd
2179 2847 2394 2944 Veienti
2422 2846 2589 2944 “3‘1”?
2624 2844 2919 2944 ΓθδΡίίξῨΓξ·
2939 2841 3227 2944 ,Ἰῖίληεθδίξί
3269 2841 3475 2944 (ἱυίῐξρθ
3494 2858 3613 2944 ξδ’

338 2931 452 3015 ιῖθε,
900 2931 910 2942 ’
1451 2931 1467 2944 “
2017 2939 2229 2992 lamum
2254 2937 2458 3006 linguae
2478 2935 2632 2989 fonte
2652 2933 2829 2988 sancti
2858 2932 3117 3004 Spiritus,
3142 2937 3207 2984 ut
3230 2932 3474 2985 mundus
3494 2931 3611 2985 Deo

1952 3018 2205 3081 Claudes
2233 3027 2446 3079 diceret
2476 3043 2489 3077 :
2522 3025 2672 3077 inter
2700 3023 2848 3093 ipsas
2878 3021 3071 3075 laudes
3100 3020 3287 3074 nescio
3318 3020 3453 3090 quid
3482 3036 3610 3074 mu-

2014 3116 2191 3171 sicum
2223 3114 2553 3185 percipiens,
2575 3111 2878 3182 aliquando
2900 3108 3385 3163 abundantissime
3416 3108 3608 3163 ﬂebat.

339 3196 525 3284 rerem
546 3196 777 3302 hujusce
803 3196 1036 3285 lamenti
1056 3196 1234 3301 genus
1259 3196 1480 3285 et‘tanti
1508 3231 1672 3284 ﬂetus
1688 3196 1931 3299 gratiam
2014 3206 2097 3302 Et_
2122 3205 2256 3277 quid
2302 3204 2511 3302 um.
2529 3203 2554 3255 7
2584 3218 2711 3259 cum
2744 3198 3030 3302 ιξίητξυδίνί
3056 3198 3304 3302 flmde
3332 3196 3609 3302 “fere?”

338 3320 533 3374 intulit
558 3286 640 3374 ita
659 3320 881 3374 dicens:
911 3338 938 3373 ‹(
960 3286 1191 3390 Plaiigo,
1226 3320 1429 3390 inquit,
1462 3320 1541 3372 ﬁli
1572 3319 1667 3380 mi,
1688 3286 1925 3388 plango,

2016 3294 2290 3365 episcopo,
2324 3292 2472 3346 inter
2497 3291 2647 3362 ipsas
2679 3288 2872 3361 palatii
2902 3287 3235 3358 populorum
3266 3286 3610 3356 frequentias

339 3426 451 3463 non
482 3409 641 3479 quasi
686 3408 1032 3463 humiliando
1062 3374 1196 3462 “2n;
1235 3374 1326 3461 mg
1354 3374 1721 3471 co'menian',“
1741 3374 1932 3459 autuué
2013 3382 2146 3436 dum
2176 3398 2270 3435 rex
2300 3386 2356 3434 et
2384 3379 2688 3434 consiliarii
2723 3375 3029 3479 ejusaliud
3057 3374 3191 3445 quid
3229 3374 3605 3442 intenderent,

336 3465 540 3551 altiora
586 3498 711 3551 coeli
749 3504 1103 3552 sacramenta
1144 3496 1529 3567 conspiciam?
1572 3495 1669 3547 sed
1691 3465 1811 3560 vme,
1842 3493 1930 3546 in-
2013 3477 2070 3525 et
2110 3470 2277 3567 turb?
2322 3486 2477 3567 "101:?
2521 3467 2684 3567 50m?
2733 3465 3001 3567 ιιξιάίίῖξλθ¹
3030 3468 3426 3567 Ρθνδίτξδρθξθίς
3459 3480 3606 3534 saepe

334 3586 677 3658 quam,quid
699 3550 804 3640 sim
824 3550 1204 3651 considerans,
1227 3550 1542 3657 plangendo
1562 3584 1745 3654 lugeo.
1766 3550 1929 3636 Plan-
2012 3558 2295 3658 EomP‘in
2325 3556 2508 3655 medfo
2538 3554 2752 3658 p‘osj‘tus
2780 3552 3028 3658 lugff’at}

326 3637 678 3747 ἐξᾷᾇίάῖθᾘῼ
700 3637 1748 3746 '(iﬁviggiggé'veuzmplangere
1782 3689 1793 3724 ε
1829 3671 1927 3724 sed
2009 3648 2181 3703 ﬂendi
2210 3648 2319 3700 huc
2343 3644 2602 3699 venisset.
2631 3645 2827 3747 Itaque
2855 3641 2933 3695 ibi
2962 3640 3213 3694 residens
3242 3637 3415 3692 aliubi
3442 3638 3604 3693 caelo-

327 3731 426 3835 ξιιί
446 3731 545 3818 ine
576 3731 1062 3835 ita'plangendum
1082 3764 1226 3829 novi,
1244 3762 1439 3834 procul
1459 3731 1872 3830 dubio’plango.
1897 3780 1920 3810 ι
2008 3754 2134 3791 rum
2164 3736 2281 3805 regi
2306 3751 2428 3788 5001‘
2430 3733 2574 3787 θῐίυε
2604 3731 2927 3786 aSSiStebat.

328 3854 375 3909 Ο
429 3854 706 3925 profunda
758 3854 1049 3907 humilitas
1098 3853 1199 3906 viri
1253 3857 1310 3906 et
1368 3851 1707 3906 altissimum
1764 3865 1924 3902 men-

326 3942 404 3997 tis
468 3943 803 4013 ingenium!
873 3942 1094 3996 dicebas
1151 3941 1301 3995 enim
1379 3941 1494 3996 haec
1522 3985 1535 4007 ,
1596 3956 1706 3993 non
1774 3938 1923 4008 quod

326 4038 384 4086 te
440 4032 613 4085 talem
666 4031 856 4136 8,0”?5’
912 4030 1030 4136 sed,
1068 4035 1132 4084 nt
1185 4046 1294 4136 mf’
1336 4047 1531 4136 quem,
1558 4030 1729 4136 tale}?
1754 4028 1925 4136 af???
2006 4081 2107 4136 pro
2122 4028 2392 4118 iEcclesiae
2437 4058 2661 4129 negotio
2692 4063 2993 4127 occupatus
3022 4058 3189 4116 esset,
3222 4052 3485 4107 instituta
3505 4028 3599 4107 ta-

327 4137 581 4186 noveras’
631 4120 701 4174 ad
752 4120 1132 4220 P‘angen‘lum
1170 4119 1609 4222 ῗθηξηξηδθήῃθ
1657 4119 1981 4222 “fumi
2006 4119 2138 4206 inen
2168 4152 2372 4222 regulae
2398 4119 2630 4202 minime
2662 4145 2972 4213 deserebat,
2994 4143 3092 4197 sed
3120 4159 3220 4213 pro
3248 4142 3483 4195 lectione
3509 4158 3600 4195 va-

327 4215 398 4307 εἶ’.
438 4215 633 4307 Pe?”
688 4225 934 4307 sfxeufn.
982 4209 1062 4262 Sic
1117 4208 1227 4307 tui?
1282 4206 1507 4307 acini“?
1572 4208 1851 4307 θωοηίνθε
1909 4214 2167 4296 ²Πεεὼξιῒ
2212 4206 2454 4304 fletibus,
2489 4243 2544 4290 et
2573 4252 2672 4307 pro
2702 4210 2933 4304 reliquis
2961 4206 3158 4285 officiis
3188 4230 3392 4284 mentis
3418 4229 3599 4300 jubilo

2378 2201 2445 2252 In
2484 2199 2661 2265 ofﬁcio
2690 2198 2881 2250 divino
2914 2212 3083 2265 quam
3108 2198 3257 2264 pius.

2089 2314 2179 2373 ‘27.
2213 2315 2373 2380 Quod
2394 2314 2440 2368 si
2467 2313 2536 2367 ad
2563 2312 2663 2367 Dei
2688 2312 2957 2366 intrasset
2974 2310 3240 2378 officium,
3267 2315 3333 2364 ut
3356 2309 3504 2365 idem
3527 2313 3618 2381 ju-

867 3055 1041 3119 Quam
1070 3055 1132 3106 ob
1161 3069 1405 3107 causam.

409 3138 498 3197 26.
531 3142 637 3205 Qui
670 3158 798 3196 cum
827 3143 1061 3212 exiguus
1089 3159 1192 3211 ego
1221 3142 1525 3213 aliquando
1555 3143 1624 3196 ab
1654 3157 1719 3195 eo
1749 3141 1933 3211 requi-

2315 3858 2493 3911 Eactra
2524 3856 2925 3909 monasterium
2951 3856 3015 3905 ut
3044 3867 3096 3904 se
3123 3853 3285 3918 gerit.

2075 3974 2165 4029 28.
2198 3973 2357 4038 Quod
2388 3934 2436 4025 si
2464 3972 2613 4025 inter
2640 3968 2836 4023 mundi
2864 3965 3189 4020 discrimina
3218 3965 3328 4018 huc
3355 3963 3598 4035 illucque

327 4298 577 4369 alioquin
606 4304 670 4351 tu
696 4297 822 4351 ideo
847 4297 1037 4361 ﬂebas,
1067 4296 1214 4366 quod
1238 4297 1390 4349 velut
1417 4296 1563 4349 intra
1591 4303 1784 4350 sancta
1802 4314 1925 4350 san-

327 4392 548 4440 ctorum
576 4385 881 4455 ingressus,
914 4384 1161 4437 nondum
1184 4384 1511 4437 continuare
1533 4392 1755 4454 poteras
1776 4384 1924 4454 quod

325 4475 763 4544 cernebas.Spes
779 4490 1022 4543 namque
1035 4489 1157 4543 quae
1169 4472 1427 4526 diﬂ‘ertur
1439 4473 1641 4542 afﬂigit
1653 4473 1919 4526 animam.

326 4566 475 4635 Ergo
494 4562 762 4617 cernebas
786 4562 990 4616 mentis
1005 4562 1165 4615 oculo
1180 4561 1461 4615 caelestem
1481 4562 1635 4615 illam
1659 4562 1918 4632 patriam,

326 4670 438 4723 quo
484 4650 793 4723 hymnidici
824 4651 978 4704 chori
1008 4651 1124 4704 Deo
1162 4650 1358 4704 laudes
1389 4650 1780 4704 concelebrant
1812 4669 1823 4703 :
1867 4655 1925 4705 et

324 4739 604 4795 fruebaris
628 4738 857 4792 beatum
888 4737 1045 4791 illum
1076 4742 1135 4791 et
1162 4737 1378 4791 felicem
1417 4739 1540 4791 coeli
1569 4744 1918 4804 concentum,

324 4829 423 4883 ubi
452 4828 730 4882 indefessa
754 4844 884 4881 voce
909 4827 1185 4880 resultant
1211 4843 1325 4896 prae
1343 4828 1550 4897 gaudio
1573 4827 1924 4897 jubilationis

321 4932 541 4987 organa
565 4935 577 4983 ;
616 4922 674 4971 et
704 4916 851 4987 quod
881 4916 1065 4985 majus
1087 4921 1190 4981 est,
1221 4915 1402 4969 adhuc
1430 4915 1641 4970 feceras
1661 4920 1817 4970 tuam
1847 4917 1928 4987 ip-

323 5007 442 5060 sius
472 5005 719 5059 animam
750 5005 930 5058 sancti
962 5004 1203 5075 Spiritus
1232 5003 1635 5058 habitaculum.
1660 5006 1768 5059 Sed
1798 5022 1927 5059 cum

322 5095 477 5149 idem
507 5094 749 5165 Spiritus
774 5094 1066 5165 paululum
1096 5093 1265 5147 altius
1293 5094 1565 5148 evolasset
1590 5100 1653 5147 ut
1680 5111 1809 5147 eum
1836 5111 1927 5147 re-

325 5184 600 5256 quireres,
620 5182 793 5237 ﬂebas
812 5200 926 5254 prae
950 5199 1142 5237 amore
1162 5183 1358 5247 nimio,
1382 5184 1737 5253 multumque
1753 5183 1926 5237 ﬂebas

324 5274 408 5327 ita
431 5273 623 5327 dicens
655 5297 668 5328 :
709 5298 730 5323 ι
766 5272 969 5327 Anima
1009 5289 1137 5326 mea
1164 5272 1462 5343 liquefacta
1499 5278 1584 5326 est
1614 5278 1677 5325 ut
1706 5273 1927 5327 locutus

324 5368 415 5416 est
459 5362 616 5428 mihi,
666 5361 711 5415 si
743 5361 967 5432 quidem
1010 5362 1229 5415 locutus
1259 5367 1344 5415 est
1371 5367 1429 5415 et
1456 5361 1595 5415 abiit
1629 5381 1641 5415 :
1692 5362 1829 5415 abiit
1864 5369 1929 5417 ut

325 5467 488 5505 mens
518 5450 680 5504 avida
724 5450 946 5505 fruendi
987 5450 1204 5505 felicius
1249 5450 1644 5518 inardesceret,
1678 5457 1735 5504 et
1764 5452 1930 5505 ﬂam-

327 5554 483 5595 mam
514 5553 641 5592 cum
687 5538 1010 5605 invenisset,
1040 5538 1099 5593 in
1131 5554 1197 5593 eo
1225 5538 1516 5597 charitatis
1545 5539 1765 5593 ﬁrmius
1793 5539 1929 5593 reti-

2007 4330 2244 4384 Domino
2286 4326 2683 4381 famulabatur.
2723 4324 3007 4377 Noverant.
3052 4320 3227 4390 igitur
3268 4335 3463 4372 omnes
3508 4318 3597 4372 sui

2006 4420 2238 4475 comites
2267 4425 2324 4472 et
2366 4417 2585 4470 itineris
2613 4413 2747 4468 socii
2775 4412 3040 4488 continuo
3069 4425 3198 4463 eum
3227 4424 3287 4462 se
3317 4407 3465 4461 nolle
3492 4423 3596 4477 ap-

2004 4508 2368 4580 propinquari
2419 4525 2430 4558 :
2484 4504 2689 4559 idcirco
2730 4500 2923 4573 procul
2972 4499 3041 4552 ab
3069 4514 3134 4551 eo
3169 4494 3591 4566 gradiebantur,

2005 4604 2281 4669 quatenus
2328 4596 2420 4649 ille
2462 4593 2565 4648 soli
2600 4593 2715 4646 Deo
2754 4594 2993 4643 vacaret.
3023 4587 3269 4639 Venerat
3313 4583 3464 4638 enim
3511 4583 3595 4636 illi

1981 4713 1986 4719 -
1999 4689 2120 4758 jam
2148 4692 2391 4756 tempus,
2416 4688 2482 4737 ut
2504 4698 2687 4752 neque
2715 4680 2774 4733 in
2794 4682 3004 4740 monte,
3027 4689 3210 4744 neque
3234 4674 3294 4726 in
3312 4672 3597 4744 Jerosoly-

2007 4776 2133 4837 mis,
2161 4780 2236 4841 et,
2268 4780 2332 4828 ut
2367 4774 2449 4827 ita
2474 4772 2677 4834 dicam,
2711 4782 2894 4837 neque
2923 4765 2982 4818 in
3011 4763 3199 4833 aliquo
3228 4762 3368 4828 loco,
3401 4761 3500 4815 sed
3532 4767 3598 4816 ut

2008 4865 2068 4919 in
2112 4864 2314 4935 spiritu
2350 4868 2408 4916 et
2451 4860 2684 4914 veritate
2732 4856 2994 4910 adoraret
3022 4853 3268 4907 Patrem.
3301 4850 3598 4921 Templum

2009 4958 2199 5006 autem
2230 4952 2481 5023 ejusdem
2509 4949 2751 5020 Spiritus
2773 4961 2935 4999 suam
2960 4943 3168 4997 fecerat
3190 4940 3439 4995 animam
3459 4939 3600 4992 veri-

2008 5041 2253 5113 tatisque
2280 5039 2661 5094 habitaculum
2703 5054 2714 5088 :
2763 5033 2987 5099 idcirco,
3019 5037 3083 5086 ut
3111 5030 3247 5084 mihi
3279 5030 3454 5082 visum
3486 5032 3590 5093 est,

2008 5138 2161 5185 totus
2186 5128 2392 5198 ubique
2420 5141 2605 5180 secum
2634 5128 2897 5193 totusque
2925 5137 3053 5175 cum
3081 5120 3199 5174 Deo
3228 5121 3366 5181 erat,
3398 5129 3462 5167 ac
3491 5113 3596 5166 sol-

2008 5218 2194 5272 licitus
2221 5233 2349 5271 cum
2375 5232 2440 5269 eo
2467 5212 2850 5285 gradiebatur.

2365 5331 2693 5385 Dissidentes
2715 5329 2927 5385 revocat
2945 5324 3020 5378 ad
3031 5335 3238 5391 pacem.

2083 5448 2171 5503 ‘29.
2214 5447 2351 5503 Inde
2380 5451 2500 5501 erat
2528 5445 2674 5517 quod
2705 5443 2950 5515 profecto
2978 5452 3200 5507 semper
3226 5432 3422 5488 hilaris
3447 5448 3595 5486 sem-

2011 5554 2221 5610 perque
2250 5537 2403 5594 mitis
2430 5553 2496 5591 ac
2520 5536 2684 5591 laetus
2706 5529 3093 5588 inveniebatur
3116 5544 3128 5579 :
3155 5524 3288 5579 inde
3307 5522 3457 5595 quod
3477 5526 3598 5576 tam
