4000 6170
440 250 579 310 1523

1154 320 1163 325 _
1202 222 1279 306 ‘s.
1322 249 1701 306 PASCHASII
1739 249 2100 307 meum
2137 248 2444 305 ABBATIS
2478 242 2973 302 GORBEIENSIS.

3518 250 3523 255 ‘
3573 240 3713 298 1524

427 378 671 451 patiens,
694 380 813 433 tam
836 376 1200 447 longanimis,
1222 380 1451 446 tamque
1476 374 1753 445 benignus
1771 374 1829 429 in
1852 374 2026 430 omni—
2043 377 2094 434 Α
2110 372 2513 444 triumphabat,
2529 371 2588 425 in
2613 367 2860 423 adversis
2878 367 3049 423 etiam
3068 367 3467 437 triumpharet,
3489 368 3558 421 ut
3578 367 3714 439 quia

432 465 542 522 bus
568 464 895 522 habebatur.
932 464 1065 519 Erat
1092 464 1240 518 enim
1274 464 1423 545 filius
1453 463 1604 533 pacis
1632 462 2029 534 charitatisque

433 561 654 617 catena,
687 559 750 608 ut
776 554 1025 608 fraterna
1046 552 1151 607 sibi
1176 552 1391 607 viscera
1406 552 1643 607 invicem
1664 553 2025 608 cohaererent.

433 645 608 701 Novit
630 644 736 698 hoc
755 644 1040 714 Spoletum
1063 649 1121 696 et
1139 642 1549 698 Beneventum:
1577 644 1672 713 qui
1692 659 1818 698 cum
1838 642 2030 697 hostili

433 732 623 803 gladio
650 746 710 787 se
738 731 973 785 invicem
992 730 1374 786 indesinenter
1398 732 1695 796 caederent,
1708 732 1916 787 factum
1946 738 2032 786 est

432 826 499 877 ut
519 821 670 876 idem
692 819 890 874 beatus
916 819 1046 874 illuc
1070 834 1250 890 usque
1272 818 1345 874 ob
1366 820 1470 874 hoc
1490 820 1854 890 progrediens
1873 820 2033 874 deve-

431 910 602 975 niret,
633 914 691 964 et
716 909 1098 964 Beneventum
1117 908 1373 965 intraret.
1397 909 1571 964 Porro
1600 908 1677 963 ibi
1705 925 1833 964 cum
1860 913 2027 971 esset,

432 1000 585 1055 inter
620 1014 718 1054 eos
764 1004 983 1054 tantam
1025 998 1277 1052 restituit
1317 1012 1530 1069 pacem,
1563 1003 1629 1053 ut
1661 1014 1840 1068 usque
1868 997 2031 1051 hodie

433 1087 669 1143 connexi
698 1092 755 1143 et
799 1087 1163 1143 contmderati
1198 1086 1305 1142 sibi
1334 1093 1532 1143 mutuo
1569 1087 1629 1142 in
1658 1104 1793 1159 pace
1822 1086 2033 1143 Christi

432 1178 767 1233 wbzereant.
814 1176 976 1232 Unde
1014 1193 1126 1232 non
1169 1177 1348 1232 solum
1379 1177 1529 1248 apud
1567 1192 1684 1239 eos,
1714 1176 1810 1231 sed
1859 1176 2029 1230 etiam

431 1266 583 1338 apud
615 1267 838 1323 Graecos
859 1272 917 1321 et
942 1281 1136 1321 omnes
1169 1266 1339 1320 maris
1377 1265 1608 1329 insulas,
1636 1265 1866 1322 nimiam
1901 1281 2031 1335 pro-

432 1357 644 1412 meruit
668 1356 879 1411 amoris
912 1357 1176 1426 gratiam,
1208 1355 1415 1410 famam
1446 1355 1687 1410 virtutis.
1720 1354 2033 1424 Perpende-

431 1444 532 1501 bat
557 1451 748 1500 autem
777 1446 834 1501 in
861 1446 968 1500 hoc
1003 1445 1256 1508 dissidio,
1287 1444 1434 1514 quod
1464 1444 1689 1514 utrique
1727 1442 2033 1498 Christiani

433 1541 494 1591 et
523 1535 726 1590 fratres
752 1539 968 1589 essent:
1000 1550 1182 1604 neque
1203 1533 1423 1589 censuit
1450 1549 1545 1586 eos
1568 1533 1652 1587 ita
1672 1533 1788 1587 Deo
1809 1533 2026 1603 placere

430 1639 617 1696 posse,
640 1629 706 1679 ut
729 1628 891 1678 tanta
913 1628 1347 1678 cruentarentur
1366 1622 1534 1687 caede,
1557 1628 1616 1676 et
1635 1638 1865 1676 suarum
1893 1638 2029 1691 prae-

2106 462 2225 532 jam
2267 462 2452 532 gratia
2482 458 2579 515 Dei
2618 463 2830 528 septem
2864 456 3145 526 Evangelii
3193 456 3571 510 beatitudines
3599 456 3713 509 vita

2111 558 2169 606 et
2198 550 2446 605 moribus
2473 548 2580 602 sibi
2608 545 2967 617 acquisierat,
2986 552 3240 600 octavam
3270 561 3397 617 qum
3420 551 3715 615 supererat

2110 639 2372 711 operibus
2399 637 2753 708 adimpleret.
2784 637 2935 690 Beati
2945 678 2957 696 .
2985 634 3169 704 inquit
3196 632 3585 703 Evangelium,
3618 634 3715 700 qui

2108 732 2536 798 persecutionem
2551 728 2856 795 patiuntur
2871 729 3098 793 propter
3116 727 3425 793 justitiam.
3444 724 3715 790 quoniam

2112 821 2361 886 ipsorum
2393 821 2468 871 est
2497 832 2733 882 regnum
2753 818 3013 870 caelorum
3039 814 3259 884 (Matth.
3283 830 3339 877 ν,
3376 811 3485 876 10).
3510 810 3717 865 Passus

2113 911 2199 961 est
2226 906 2401 976 igitur
2429 904 2577 959 idem
2608 903 2983 973 malignorum
3011 901 3313 972 supercilio
3336 906 3397 956 et
3423 906 3719 956 accusatus

2113 995 2309 1051 fraude
2336 993 2727 1057 humanitatis,
2764 992 2860 1063 qui
2889 1008 3083 1047 amore
3107 992 3344 1062 justitia
3370 1007 3438 1046 ac
3463 989 3720 1045 veritatis

2113 1085 2173 1140 in
2203 1090 2467 1155 promptu
2492 1082 2571 1137 nil
2601 1081 2708 1136 sibi
2737 1088 2924 1136 tutum
2945 1088 3281 1136 servaverat.
3300 1080 3408 1135 nisi
3436 1097 3499 1135 se
3529 1096 3635 1150 pro
3654 1095 3721 1133 ea

2114 1190 2292 1244 usque
2321 1174 2391 1228 ad
2421 1178 2658 1226 mortem
2689 1170 2870 1225 modis
2898 1169 3159 1224 omnibus
3188 1169 3533 1223 tradidisset.
3566 1169 3719 1223 Nun-

2113 1278 2281 1333 quam
2311 1262 2461 1317 enim
2491 1260 2695 1315 timore
2725 1259 3045 1314 occuluerat
3075 1259 3392 1320 veritatem,
3424 1272 3718 1328 nunquam

2112 1351 2465 1406 mendacium
2493 1350 2676 1403 locum
2696 1348 2903 1402 habere
2932 1354 3285 1402 concesserat
3309 1366 3323 1399 :
3349 1346 3451 1401 sed
3482 1345 3716 1401 miseros

2113 1441 2332 1511 objecta
2348 1438 2462 1494 veri
2488 1437 2614 1510 [al.,
2636 1435 2850 1510 verius]
2869 1439 3113 1507 puritate
3133 1437 3444 1492 clementer
3463 1435 3711 1504 tegebat,

2109 1545 2249 1601 quos
2287 1527 2598 1599 praesertim
2644 1525 2877 1579 avaritia
2927 1531 2987 1579 et
3031 1525 3273 1579 crudelis
3316 1524 3710 1594 imperitarunt

2109 1617 2344 1672 vexabat
2372 1615 2621 1685 ignavia.
2662 1613 2821 1668 Unde
2849 1629 2975 1667 cum
3009 1613 3224 1668 caecitas
3260 1612 3590 1682 iniquorum
3616 1612 3714 1665 do-

431 1693 535 1768 das
557 1711 886 1767 facultatum
907 1712 1186 1767 facerent:
1212 1711 1346 1782 quia
1371 1715 1572 1769 omnis.
1594 1710 1779 1781 inquit
1797 1693 2089 1781 Aposto—B
2110 1706 2285 1761 losius
2314 1719 2647 1759 aranearum
2678 1702 2818 1757 telas
2847 1718 3016 1772 quam
3045 1701 3268 1756 cautius
3303 1700 3547 1756 venandi
3576 1700 3715 1755 retis

432 1804 544 1865 lus,
566 1805 665 1871 qui
691 1803 805 1855 odit
832 1803 1074 1869 fratrem
1094 1817 1279 1865 suum,
1303 1802 1582 1856 homicida
1607 1806 1681 1854 est
1705 1819 1721 1855 :
1752 1804 1801 1853 et
1821 1803 2027 1854 scimus

433 1893 582 1962 quod
603 1894 784 1945 omnis
808 1891 1086 1945 homicida
1107 1905 1221 1944 non
1240 1890 1394 1944 habet
1414 1892 1589 1944 vitam
1610 1894 1875 1944 sternam
1894 1891 1956 1943 in
1976 1905 2028 1944 se

432 1985 751 2036 manentem
782 1981 835 2036 (Ι
855 1981 1017 2033 Joan.
1059 1993 1145 2045 ιιι,
1184 1978 1285 2045 15).
1332 1978 1494 2034 Unde
1521 1995 1579 2033 se
1606 1978 1852 2033 medium
1882 1979 2030 2034 inter

431 2086 529 2125 eos
563 2069 689 2140 pius
738 2069 907 2124 Pater
949 2067 1164 2139 injecit,
1214 2073 1269 2121 et
1316 2084 1487 2138 quam
1541 2067 1796 2123 diabolus
1836 2084 2029 2138 pacem

432 2157 641 2213 Christi
669 2156 988 2219 violaverat,
1020 2173 1155 2210 sane
1183 2156 1251 2210 ad
1284 2157 1512 2226 plenum
1550 2156 1814 2210 restituit.
1853 2156 2033 2226 Igitur

431 2242 820 2317 hujuscemodi
850 2244 1074 2315 negotio
1114 2244 1477 2315 infatigabilis
1506 2243 1815 2312 videbatur,
1849 2251 1906 2299 et
1930 2260 2032 2317 pro

427 2334 653 2407 justitia
679 2338 925 2389 certator
960 2333 1215 2391 eximius.

535 2479 788 2533 Veritatis
807 2482 857 2531 et
874 2478 1112 2545 justitia
1135 2491 1304 2530 causa
1330 2477 1544 2530 exsulat
1565 2475 1938 2532 Adalhardus.

502 2616 593 2676 30.
627 2604 787 2674 Unde
816 2621 874 2673 et
899 2616 1105 2673 factum
1133 2621 1219 2671 est
1246 2633 1373 2672 cum
1413 2616 1719 2688 imperator
1753 2618 1986 2672 Carolus
2009 2628 2034 2656 ι

432 2706 571 2766 dum
602 2709 727 2764 Vitae
774 2702 997 2762 fecisset
1040 2711 1374 2769 extremum,
1409 2710 1463 2760 et
1510 2706 1820 2761 Ludovicus
1850 2707 2034 2778 proles

434 2800 559 2873 ejus
597 2799 885 2869 Augustus
926 2795 1285 2852 successisset
1323 2794 1381 2849 in
1427 2800 1685 2866 regnum,
1717 2801 1782 2849 ut
1829 2794 2035 2850 diaboli

432 2888 638 2961 agente
664 2885 875 2942 invidia
902 2886 960 2940 in
992 2903 1057 2940 eo
1080 2886 1284 2940 veritas
1312 2896 1607 2958 pravorum
1634 2901 1829 2940 rursus
1856 2885 2036 2940 solitis

434 2979 750 3052 agitaretur
778 2970 1015 3032 insidiis.
1048 2974 1163 3030 Nec
1211 2991 1412 3031 novum
1462 2973 1693 3046 aliquid,
1726 2975 1857 3045 quia
1887 2975 2033 3046 apud

432 3058 723 3138 improbos
748 3081 969 3136 semper
992 3062 1219 3119 inimica
1245 3063 1447 3118 veritas
1472 3062 1643 3117 fuisse
1671 3064 2032 3134 comperitur,

435 3158 495 3210 et
513 3154 736 3226 justitia
768 3151 1067 3208 stultorum
1096 3148 1421 3206 criminibus
1448 3148 1712 3205 lacerata.
1736 3153 1860 3206 Jam
1887 3152 2037 3207 enim

436 3260 649 3299 annosa
680 3257 1067 3315 perversorum
1098 3239 1445 3311 improbitas,
1484 3243 1647 3312 juxta
1678 3242 1814 3296 illud
1849 3240 2031 3299 Plato-

438 3332 548 3396 nis,
580 3330 774 3387 beatas
798 3331 854 3386 et
881 3326 1069 3385 felices
1099 3329 1440 3400 respublicas
1470 3347 1591 3386 esse
1619 3330 2039 3402 ingemiscebat,

439 3420 488 3478 si
517 3439 612 3476 eas
636 3419 873 3475 studiosi
903 3418 1191 3491 sapientiae
1219 3425 1499 3490 regerent,
1532 3416 1617 3473 vel
1639 3421 1685 3474 si
1725 3437 1919 3476 earum
1949 3439 2041 3475 re-

438 3513 621 3566 ctores
675 3509 901 3565 studere
956 3510 1290 3581 sapientiam
1331 3509 1675 3581 contigisset.
1718 3509 1876 3564 Unde
1914 3511 2041 3565 dolo

438 3598 656 3655 accensi
703 3602 871 3671 atque
919 3599 1145 3662 invidia,
1194 3598 1646 3670 excogitaverunt
1693 3594 1863 3669 [Mss.,
1901 3600 2044 3656 face-

436 3688 607 3759 rent],
639 3692 702 3742 ut
735 3687 960 3758 justitia
996 3686 1232 3740 ulterius
1262 3702 1372 3741 non
1403 3685 1660 3740 habendo
1692 3686 2039 3741 defensorem

438 3784 651 3833 statum
681 3781 995 3841 amitteret;
1039 3782 1096 3829 et
1125 3773 1393 3845 iniquitas
1433 3773 1547 3828 suis
1580 3780 1868 3846 perempta
1894 3776 2042 3830 frau-

442 3866 607 3921 dibus
664 3866 845 3920 locum
894 3863 1219 3918 dominandi
1276 3863 1572 3933 reciperet.
1601 3864 1849 3917 Noveras
1891 3864 2043 3918 enim

442 3955 694 4010 omnium
723 3954 1039 4009 animarum
1080 3953 1228 4007 Deus
1255 3952 1555 4023 inspector,
1590 3953 1682 4024 qui
1719 3952 1824 4008 hoc
1860 3953 2044 4008 consi-

441 4044 583 4100 lium
612 4043 764 4098 illius
789 4042 944 4105 cordi
982 4042 1284 4103 inseveras,
1314 4047 1375 4096 ut
1406 4042 1555 4111 regis
1582 4047 1640 4095 et
1671 4042 1924 4097 Ecclesiae
1953 4059 2044 4097 ce-

443 4134 604 4189 deret
638 4130 1007 4202 jussionibus,
1039 4130 1186 4200 quod
1219 4146 1331 4185 non
1360 4130 1468 4184 nisi
1500 4130 1569 4184 ob
1598 4147 1893 4186 commune
1922 4148 2043 4185 om-

2109 1795 2359 1859 texisset,
2387 1793 2569 1848 noluit
2596 1798 2728 1846 ante
2754 1790 2952 1844 faciem
2977 1805 3270 1861 apparere,
3304 1806 3378 1844 ne
3412 1789 3559 1845 forte
3587 1805 3714 1859 pra-

2108 1884 2299 1938 vitatis
2328 1881 2619 1953 turpitudo
2641 1880 2866 1950 justitia
2889 1880 3192 1933 reducente
3219 1879 3425 1934 foedius
3445 1886 3717 1935 monstra-

2109 1979 2286 2027 retur.
2315 1972 2437 2036 Quo
2462 1971 2672 2024 factum
2693 1975 2796 2028 est.
2820 1974 2883 2022 ut
2913 1968 3034 2023 sine
3061 1974 3409 2032 accusatore,
3439 1968 3567 2023 sine
3594 1983 3718 2023 con-

2110 2080 2330 2134 gressu,
2360 2078 2575 2116 necnon
2622 2060 2744 2115 sine
2794 2059 3081 2115 audientis
3124 2064 3297 2127 atque
3331 2058 3456 2111 sine
3485 2056 3716 2125 judicio,

2108 2152 2332 2223 justitia
2378 2152 2716 2222 plecteretur
2760 2150 2819 2203 in
2849 2164 2933 2203 eo.
2968 2148 3078 2211 Qui
3125 2147 3320 2217 pulsus
3351 2144 3720 2216 presentibus

2113 2240 2295 2305 bonis,
2339 2240 2615 2310 dignitate
2651 2244 2870 2299 exutus,
2905 2237 3056 2306 vulgi
3101 2234 3521 2290 existimatione
3556 2234 3722 2290 foeda-

2115 2336 2226 2396 tus,
2261 2329 2331 2384 ob
2359 2329 2691 2383 beneﬁcium
2725 2326 3045 2397 reipublicae
3072 2324 3327 2379 exsilium
3362 2325 3392 2363 δ
3424 2323 3582 2379 tulit.
3615 2322 3722 2379 Sed

2118 2436 2287 2490 quam
2335 2434 2478 2472 sicca
2519 2422 2577 2472 et
2623 2416 2797 2471 stulta
2841 2430 3231 2486 perversorum
3269 2411 3554 2467 calliditas
3582 2411 3718 2466 fuit!

2116 2506 2439 2577 cogitabant
2465 2506 2617 2559 enim
2646 2505 2878 2558 iniicere
2905 2502 3179 2558 bonorum
3226 2517 3453 2572 semper
3483 2506 3547 2555 et
3572 2515 3723 2556 com-

2116 2598 2400 2653 maculare
2431 2596 2653 2650 virtutis
2682 2595 2888 2649 famam
2917 2593 2987 2649 ob
3014 2592 3307 2663 dignitatis
3329 2590 3720 2654 ambitionem,

2116 2686 2426 2759 presertim
2465 2701 2592 2740 cum
2619 2701 2684 2739 eo
2725 2684 2904 2753 magis
2931 2682 3163 2738 alterius
3195 2686 3577 2751 torqueantur
3603 2680 3723 2749 glo-

2117 2776 2222 2841 ria,
2253 2792 2363 2846 quo
2401 2775 2601 2829 nolunt
2627 2773 2851 2844 assequi
2880 2789 3003 2827 eam
3034 2788 3144 2842 qua
3174 2770 3310 2824 clari
3339 2769 3598 2824 nominis
3623 2768 3723 2823 ho-

2118 2880 2256 2920 nore
2297 2863 2453 2933 digni
2493 2862 2791 2917 habeatur.
2830 2860 2942 2915 Sed
2971 2862 3022 2913 si
3051 2860 3190 2913 Deus
3231 2872 3334 2926 pro
3380 2859 3563 2923 nobis,
3602 2857 3725 2924 quis

2119 2961 2311 3011 contra
2365 2961 2503 3009 nos?
2541 2956 2710 3012 (Rom.
2742 2967 2864 3016 vui,
2911 2950 3022 3017 31).
3059 2951 3201 3021 Ergo
3237 2950 3463 3004 mentiti
3502 2956 3643 3005 sunt
3668 2966 3725 3005 se

2121 3061 2282 3116 posse
2302 3044 2551 3114 polluere
2577 3042 2748 3096 decus
2771 3056 2837 3095 ac
2868 3039 3187 3094 felicitatem
3213 3055 3432 3097 eorum,
3458 3038 3599 3109 quia
3626 3054 3727 3091 sua

2121 3134 2180 3189 in
2215 3134 2413 3188 emlum
2444 3131 2775 3186 facultatum
2815 3130 3073 3184 tulerunt
3100 3128 3379 3199 praesidia.
3412 3128 3538 3184 Illic
3576 3127 3724 3181 enim

2122 3238 2303 3293 neque
2318 3221 2468 3276 fures
2484 3219 2769 3281 effodiunt,
2785 3234 2889 3272 nec
2907 3217 3168 3272 furantur
3184 3217 3405 3287 (Matth.
3424 3220 3529 3283 γι).
3552 3216 3725 3271 Nemo

2124 3310 2275 3365 enim
2294 3308 2504 3379 aliquid
2529 3306 2696 3361 habet
2713 3312 2838 3376 post
2857 3305 3037 3359 Deum
3052 3304 3235 3375 seipso
3251 3304 3581 3374 pretiosius.
3599 3305 3724 3361 Ideo

2125 3399 2220 3471 qui
2267 3397 2631 3465 semetipsum
2682 3394 2823 3448 bene
2869 3393 3152 3463 operando
3198 3393 3466 3453 custodit,
3502 3409 3727 3447 necesse

2123 3494 2210 3543 est
2236 3503 2296 3541 se
2316 3493 2499 3541 totum
2520 3492 2577 3540 et
2605 3484 2782 3539 Deum
2806 3483 3108 3553 possideat.
3123 3483 3430 3552 Nunquam
3451 3482 3608 3536 enim
3630 3498 3726 3537 suo

2124 3594 2183 3632 se
2212 3592 2447 3630 vacuare
2479 3576 2687 3628 honore
2723 3588 2786 3627 ac
2833 3572 3162 3627 facultatum
3194 3571 3396 3642 pretio,
3430 3588 3547 3641 quo
3591 3571 3725 3627 nihil

2125 3666 2296 3721 ditius
2325 3670 2428 3728 est,
2452 3663 2775 3734 privaricari
2799 3662 3028 3733 poterit,
3060 3661 3108 3716 si
3136 3678 3197 3715 se
3224 3661 3465 3733 quisque
3487 3668 3651 3716 extra
3672 3677 3727 3715 se

2123 3771 2236 3809 non
2265 3752 2582 3824 projecerit.

2523 3848 2722 3913 Virtus,
2748 3851 3001 3917 possessio
3027 3850 3335 3917 potissima.

2197 3946 2283 4005 3i.
2314 3947 2787 4001 Pretiosissimum
2837 3961 2969 4016 ergo
3014 3961 3191 4013 genus
3236 3945 3611 4016 possessionis
3648 3950 3726 3999 est

2125 4036 2396 4091 virtutum
2442 4036 2630 4099 decus,
2684 4035 2887 4105 quibus
2934 4035 3071 4089 nihil
3112 4035 3339 4104 gravius
3393 4035 3721 4106 acquiritur,

2127 4126 2267 4180 nihil
2296 4126 2523 4180 suavius
2564 4125 2805 4178 amando
2836 4124 3161 4194 percipitur,
3194 4124 3332 4177 nihil
3359 4124 3585 4179 felicius
3613 4140 3725 4195 pos-

443 4223 604 4277 nium
638 4212 926 4274 bonorum
975 4219 1223 4273 studium
1267 4219 1372 4272 hoc
1415 4218 1624 4272 fecerat
1654 4237 1665 4271 :
1698 4219 1955 4274 videlicet
1985 4226 2047 4275 ut
2128 4216 2342 4269 sidetur
2378 4216 2536 4268 Hunc
2551 4214 2880 4268 thesaurum
2901 4212 3007 4266 sibi
3029 4228 3194 4266 senex
3215 4213 3726 4268 nosterlaborando

443 4310 675 4365 libertas
707 4306 1081 4380 potentiorum
1111 4307 1410 4378 tyrannide
1440 4307 1683 4361 relevata
1714 4308 2043 4378 propensius
2062 4330 2107 4387 D
2131 4305 2445 4376 quaesierat,
2471 4303 2769 4373 quaerendo
2791 4301 3005 4356 felicius
3030 4302 3415 4365 adinvenerat,
3441 4303 3725 4357 inventum

444 4399 686 4456 Domino
712 4397 999 4451 militaret.
1018 4402 1076 4450 et
1095 4396 1477 4451 universarum
1494 4397 1623 4466 jure
1649 4397 1844 4451 laudes
1865 4398 2044 4453 Eccle-
2129 4401 2316 4448 autem
2357 4407 2689 4463 quocunque
2729 4391 2836 4445 iret
2881 4407 3070 4445 secum
3100 4390 3438 4462 possidendo
3466 4391 3722 4445 ferebat:

443 4489 655 4543 siarum
675 4485 931 4541 devotius
954 4484 1193 4539 Domino
1214 4484 1598 4538 redderentur.
1625 4484 1733 4536 Sed
1760 4484 1923 4552 Deus,
1947 4487 2045 4557 qui

447 4592 580 4633 suos
608 4577 678 4631 ad
711 4575 915 4630 altiora
961 4590 1184 4645 semper
1223 4573 1441 4635 invitat,
1475 4573 1650 4627 voluit
1684 4573 1831 4628 hunc
1863 4574 2046 4629 virum

450 4665 801 4720 manifestius
821 4664 1152 4736 approbare,
1175 4669 1533 4734 quantusque
1552 4669 1701 4717 esset
1718 4662 1775 4716 in
1800 4663 2047 4719 adversis

450 4754 747 4809 ostendere
776 4772 788 4807 :
821 4759 887 4808 ut
914 4753 1047 4826 quid
1078 4759 1269 4808 tantus
1307 4753 1424 4808 Deo
1452 4752 1628 4807 victor
1667 4751 1727 4807 in
1766 4752 2050 4825 prosperis

523 4897 550 4933 ι
578 4884 660 4948 De
694 4890 935 4965 quodam
966 4893 1309 4965 reliquiario,
1351 4893 1497 4965 quod
1532 4890 1763 4948 Carolus
1791 4898 1923 4948 ante
1951 4892 2052 4949 ob-

452 4966 595 5093 stium
619 4964 898 5090 goncessit
924 4964 1264 5032 Adalharho,
1296 4966 1354 5020 in
1367 4964 1685 5037 iappendice
1714 4966 1883 5036 hujus
1910 4966 2053 5020 Vitae

514 5052 614 5091 cen
658 5051 773 5090 um.

514 5051 773 5091 centium.

486 5166 493 5172 ,
523 5106 553 5148 ι’
579 5107 903 5163 Adalhardo
932 5123 1055 5178 quas
1093 5124 1263 5162 causa
1289 5108 1467 5162 exsilii
1496 5107 1681 5179 fuerit,
1708 5124 1820 5162 non
1856 5106 2048 5179 liquet.

454 5181 620 5235 Certe
648 5196 760 5233 non
795 5178 1065 5233 Bernardi
1092 5179 1264 5233 Italia:
1293 5179 1438 5247 regis
1468 5178 1651 5242 factio,
1685 5192 1810 5233 cum
1842 5196 1909 5232 ea
1928 5178 2050 5232 'coe-

453 5251 603 5322 perit
625 5267 773 5304 anno
805 5249 971 5304 tertio
1002 5249 1177 5303 exsilii
1207 5248 1529 5313 Adalhardi,
1552 5250 1644 5321 qui
1676 5250 1909 5321 proinde
1938 5263 2051 5304 non

454 5321 524 5376 ob
549 5321 606 5374 id
638 5322 918 5392 relegatus
943 5327 1047 5384 est,
1082 5322 1241 5402 quasi
1271 5322 1545 5402 particeps
1575 5323 1697 5402 ejus
1727 5322 1913 5402 fuerit.
1938 5322 2051 5374 Ne-

455 5409 564 5463 que
594 5409 764 5464 porro
812 5409 1047 5464 usquam
1096 5392 1243 5445 inter
1283 5392 1443 5445 istius
1489 5393 1891 5462 conjurationis
1927 5409 2052 5446 reos

456 5464 800 5544 geminatur,
834 5464 1347 5544 tametsiauctores
1389 5464 2055 5544 praecipuospnemorant

453 5530 828 5605 Eginhardus,
850 5542 1051 5590 auctor
1068 5534 1211 5590 Vite
1228 5530 1493 5590 Ludovici
1513 5530 1620 5601 Pii,
1646 5534 1869 5606 aliique.
1885 5534 2051 5591 Certe

2127 4490 2294 4554 atque
2324 4482 2404 4535 ita
2440 4488 2649 4551 quanto
2678 4487 3047 4551 exoccupatus
3085 4481 3251 4533 rebus
3293 4480 3496 4536 mundi
3526 4480 3723 4546 fuerat,

2127 4578 2285 4626 tanto
2312 4587 2427 4625 suae
2454 4569 2788 4641 possessioni
2815 4569 3065 4623 intentus
3087 4569 3217 4623 hinc
3239 4569 3370 4622 inde
3398 4569 3727 4641 locupletius

2130 4668 2188 4715 et
2213 4678 2272 4715 se
2301 4661 2435 4714 caelo
2467 4658 2816 4713 restituebat.
2851 4659 3097 4712 Noveras
3122 4660 3243 4729 jam
3272 4658 3578 4728 impudens
3602 4676 3728 4714 oon-

2132 4749 2487 4821 cupiscentim
2533 4753 2795 4819 quaestus,
2843 4747 2976 4818 quia
3020 4748 3181 4801 miles
3226 4747 3440 4803 Christi
3476 4764 3595 4803 non
3623 4748 3729 4803 tuis

2134 4893 2387 4963 exsilium
2435 4892 2541 4946 hoc
2583 4889 2905 4963 Adalhardo
2929 4891 3185 4963 ‘ejusque
3221 4891 3563 4963 propinquis
3586 4891 3730 4963 inﬂi-

2134 4966 2284 5019 ctum
2316 4962 2534 5017 videtur
2555 4979 2665 5016 non
2695 4961 2873 5034 aliam
2893 4960 2963 5014 ob
2991 4960 3239 5034 causam,
3267 4960 3607 5034 quam‘quia
3646 4962 3735 5015 ho-

2134 5037 2313 5089 mines
2340 5034 2585 5105 potentia
2608 5039 2663 5086 et
2692 5032 2915 5103 ingenio
2938 5033 3153 5103 praediti
3176 5032 3422 5104 suspecti
3451 5032 3613 5088 fuere
3634 5034 3734 5093 Lu-

2135 5107 2344 5167 dovico,
2388 5105 2478 5176 pio
2508 5105 2731 5175 quidem
2759 5107 3031 5176 Augusto,
3056 5104 3151 5157 sed
3182 5106 3491 5175 suspicioso
3521 5121 3587 5158 ac
3619 5119 3733 5176 me:

2135 5174 2405 5245 ticulosoi
2423 5176 2481 5230 Id
2524 5174 2804 5245 colligitur
2847 5192 2912 5230 ex
2944 5175 3071 5229 Vita
3108 5174 3287 5243 ipsius
3316 5176 3603 5241 Ludovici,
3638 5174 3730 5230 ubi

2131 5251 2249 5305 haec
2268 5249 2338 5302 de
2368 5244 2527 5302 Wala
2557 5248 2623 5300 ad
2657 5244 2865 5300 annum
2895 5247 3138 5318 primum
3170 5246 3394 5318 imperii
3425 5247 3726 5304 Ludovici:

2142 5321 2457 5375 Timebatur
2486 5314 2913 5388 quummaxime
2941 5314 3109 5383 Wala,
3141 5314 3351 5372 δωτίιηί
3372 5320 3528 5386 apud
3556 5321 3729 5375 Caro-

2135 5394 2250 5447 lum
2282 5394 2668 5457 imperatorem
2698 5390 2916 5442 habitus
2947 5391 3067 5455 loci,
3094 5404 3157 5443 ne
3184 5391 3326 5457 forte
3345 5389 3575 5460 aliquid
3594 5389 3730 5443 sini-

2132 5465 2242 5518 stri
2265 5466 2459 5517 contra
2486 5464 2874 5531 imperatorem
2903 5460 3216 5514 moliretur.
