4000 6170
438 258 458 315 1
469 258 574 317 5‘27

1207 259 1263 314 S.
1304 259 1681 315 PASCIIASII
1719 259 2079 315 RADBERTI
2115 258 2419 314 ABBATIS
2459 260 2948 317 CORBEIENSIS.

3567 262 3703 319 1528

430 391 579 451 vota,
609 400 733 456 quae
756 387 875 455 jam
904 384 1123 438 reddito
1150 385 1336 439 fructu
1364 386 1688 456 nuptiarum
1716 386 2089 445 secundumA
2111 390 2254 438 trem
2284 383 2511 441 habere.
2537 385 2583 440 Ο
2615 387 2968 457 providentia
2990 389 3093 443 Dei
3123 394 3181 443 et
3205 390 3391 460 parati
3418 388 3565 442 oculi
3584 389 3701 442 dis-

433 475 778 528 castimoniaz
805 474 1041 543 gradum
1074 476 1407 545 arripuerat,
1437 475 1503 527 ad
1538 475 1707 546 pedes
1735 476 1865 529 Jesu
1895 491 2022 528 cum

434 565 613 619 Maria
626 563 777 616 domi
796 563 1064 617 sedebant
1085 580 1096 614 :
1118 563 1213 615 illa
1232 563 1457 632 quidem
1482 564 1795 617 Suessionis
1823 563 2024 617 sancti-

433 652 765 706 monialium
789 668 991 721 regens
1018 651 1233 704 vitam?
1261 650 1365 705 iste
1394 668 1524 704 vero
1552 653 1757 706 Christi
1787 653 2024 723 discipu-

435 741 586 795 latus
615 740 903 794 nobiscum
934 738 1145 793 habens
1174 739 1407 793 formam
1436 758 1447 792 :
1476 741 1702 811 utrique
1733 747 1921 794 tamen
1951 742 2022 795 ad

434 846 610 883 unum
640 829 890 897 brevium
923 844 1178 899 supernae
1205 828 1509 883 vocationis
1542 840 1768 884 currere
1794 830 2025 884 festina-

431 917 586 973 bant.

504 1047 578 1100 Dc
615 1060 805 1098 eorum
836 1046 1214 1097 unanimitate
1234 1050 1283 1098 et
1338 1046 1627 1098 concordia
1670 1045 1947 1112 fraterna.

503 1159 592 1217 34.
648 1159 822 1214 Video
851 1159 1024 1230 igitur
1052 1160 1109 1213 in
1140 1150 1466 1214 hoc'eorum
1497 1159 1754 1230 quinario
1784 1176 2018 1213 numero

432 1249 808 1315 dulci,sonum
829 1248 1082 1320 utrisque
1104 1249 1356 1319 partibus
1372 1249 1683 1302 revolutum
1715 1264 2025 1319 personare

430 1339 727 1395 musicum.
761 1344 819 1392 et
836 1338 905 1392 ad
931 1338 1139 1408 aliquid
1176 1338 1482 1392 harmoniae
1510 1338 1709 1391 horum
1737 1338 2023 1407 quantita-

430 1432 516 1482 tes
544 1428 855 1482 concinere.
890 1428 1063 1481 Porro
1088 1428 1133 1480 si
1180 1429 1427 1497 primum
1474 1426 1737 1498 inspicias
1766 1427 1933 1491 viros,
1967 1432 2024 1481 et

429 1518 674 1571 secundo
708 1517 848 1570 duas
868 1532 1107 1577 sorores.
1133 1516 1241 1570 erit
1262 1516 1525 1586 diapente
1541 1516 1792 1570 Graecum
1808 1522 1865 1570 et
1902 1533 2027 1587 pro-

430 1606 613 1677 portio
641 1605 1000 1675 sesqualtera:
1030 1605 1381 1675 quantitatis,
1432 1612 1547 1660 tres
1595 1606 1744 1659 enim
1792 1606 2025 1677 duplum

2105 489 2330 526 currere
2359 472 2416 526 in
2446 490 2668 528 omnem
2702 480 2909 530 terram
2931 478 3214 547 attingens
3231 495 3266 532 a
3296 478 3408 532 fine
3430 494 3611 548 usque
3630 477 3701 530 ad

2105 561 2271 614 ﬁnem
2302 562 2537 626 fortiter,
2556 563 2969 636 disponensque
2999 568 3188 621 omnia
3209 568 3460 621 suaviter
3488 568 3501 619 !
3535 582 3700 636 quam

2104 649 2687 721 incomprehensibilia
2741 661 2873 707 sunt
2901 672 3073 725 opera
3101 662 3159 710 et
3182 656 3399 726 judicia
3434 661 3538 708 tua
3573 655 3702 708 uni-

2108 754 2286 803 versa,
2315 739 2410 809 qui
2431 740 2679 794 caecitate
2695 742 2944 796 humana
2966 744 3142 796 uteris
3162 742 3547 797 inaestimabili
3566 742 3706 796 lucis

2107 827 2371 880 consilio!
2412 829 2686 898 Flagellas
2707 832 2858 884 enim
2889 831 2959 885 ad
2989 837 3212 902 tempus
3239 833 3408 895 ﬁlios,
3443 848 3586 901 quos
3612 848 3707 884 oo-

2108 932 2310 970 ronare
2338 916 2605 987 disponis.
2634 920 2770 973 Inde
2800 920 2975 989 igitur
2995 927 3098 985 est,
3129 921 3207 974 mi
3246 922 3418 975 Pater
3445 920 3709 990 omnipo-

2105 1009 2251 1069 tens,
2282 1006 2430 1075 quod
2462 1008 2763 1061 Bernarius
2793 1015 2985 1063 noster
3029 1009 3324 1068 Lirinum,‘
3352 1009 3666 1063 remittitur
3692 1027 3704 1061 :

2114 1094 2277 1147 Wala
2308 1111 2436 1148 vero
2456 1101 2587 1149 tuus
2617 1094 2870 1162 Corbeia,
2903 1104 2968 1151 ut
2992 1098 3123 1163 dixi,
3155 1098 3265 1151 tiro
3303 1097 3707 1167 recipitur.Qui

2109 1182 2393 1253 deponens
2450 1184 2664 1238 militiae
2693 1185 2999 1255 cingulum,
3027 1192 3092 1240 ut
3119 1192 3175 1239 te
3203 1192 3388 1240 totum
3416 1186 3558 1240 velle
3586 1202 3708 1240 san-

2106 1272 2316 1326 ctitatis
2346 1272 2621 1338 indueret,
2670 1274 2913 1345 arripuit
2949 1275 3192 1346 primum
3247 1275 3511 1329 tirocinia
3544 1291 3706 1344 para-

2104 1360 2229 1426 disi,
2263 1368 2327 1415 ut
2345 1362 2830 1417 consummaretin
2858 1380 2918 1417 se
2941 1380 3264 1418 mensuram
3290 1364 3706 1418 Christi.'l'heo-

2106 1450 2284 1503 drada
2317 1467 2559 1521 namque
2591 1452 2752 1522 quasi
2780 1452 3043 1506 innocens
3090 1452 3194 1506 sub
3237 1459 3437 1507 sancta
3495 1452 3702 1523 profes-

2108 1540 2264 1594 sione
2296 1541 2611 1595 Suessionis
2639 1541 3014 1612 relinquitur:
3075 1559 3243 1613 porro
3290 1542 3533 1614 przefata
3559 1542 3706 1595 Gun-

2106 1629 2284 1683 drada
2312 1630 2382 1683 ad
2407 1636 2660 1684 sanctam
2700 1631 3099 1699 Radegundem
3128 1632 3415 1701 quondam
3449 1631 3703 1700 reginam

429 1694 732 1747 medietate
757 1693 844 1746 sui
872 1693 943 1746 ad
963 1693 1176 1764 aliquid
1195 1694 1459 1748 vincunt:
1493 1701 1548 1748 et
1576 1694 1821 1748 concinit
1852 1712 2019 1758 unus,
2038 1702 2085 1761 Β
2103 1718 2367 1783 mittitur,
2420 1718 2625 1772 idcirco
2685 1724 2749 1772 ut
2797 1693 2887 1772 cu}
2918 1693 3433 1773 commuhicavemt
3453 1693 3705 1788 ex'pane

429 1781 686 1836 videlicet
742 1781 938 1835 beatus
963 1799 1128 1836 senex
1164 1790 1373 1848 noster,
1406 1783 1556 1837 inter
1583 1783 1723 1837 duos
1751 1790 1807 1837 et
1830 1784 1970 1838 duas
2005 1804 2016 1838 :

428 1874 598 1940 atque
651 1870 731 1924 ita
759 1869 1086 1923 melliﬂuam
1118 1870 1341 1924 musicze
1382 1858 1771 1942 symphoniam
1802 1873 1941 1925 artis
1965 1878 2023 1928 et

427 1960 794 2031 pyramydem
806 1959 1158 2030 geometrica;
1178 1959 1484 2030 disciplinae
1500 1961 1736 2015 formam
1758 1962 2016 2016 reddunt.

429 2049 539 2103 Sed
570 2048 715 2119 quod
748 2054 1015 2120 Operatur
1040 2064 1206 2113 unus,
1248 2048 1302 2101 id
1345 2054 1431 2101 est
1459 2049 1813 2103 Adalhardus
1832 2066 2019 2115 senex,

425 2137 576 2191 inter
612 2142 872 2207 quatuor,
896 2142 962 2190 ut
988 2136 1130 2190 bene
1153 2137 1452 2190 concinant
1476 2156 1489 2203 ;
1543 2137 1648 2191 hoc
1676 2153 1805 2190 vero
1839 2138 2019 2191 isdem

425 2226 869 2297 supereminens,
898 2231 963 2279 ut
989 2225 1046 2279 in
1068 2225 1294 2279 modum
1317 2224 1464 2295 ignis
1492 2225 1751 2296 quadrati
1781 2226 2020 2281 cwlestis

427 2316 622 2385 patriae
646 2331 836 2369 amore
864 2316 1120 2379 ardeant,
1154 2314 1367 2368 invitat.
1394 2314 1652 2385 Alioquin
1675 2315 1720 2368 si
1752 2315 2019 2386 respicias

2102 1808 2309 1861 ﬂorens
2339 1808 2486 1860 inter
2512 1808 2705 1878 palatii
2729 1808 3071 1873 discrimina,
3086 1809 3409 1862 imitaretur
3434 1808 3703 1861 virtutum

2104 1897 2227 1965 ejus
2256 1896 2499 1966 insignia
2531 1914 2541 1949 :
2606 1902 2663 1950 et
2717 1913 2845 1950 cum
2867 1913 2933 1950 ea
2962 1897 3053 1950 die
3079 1902 3362 1967 noctuque
3393 1897 3577 1950 Deum
3623 1913 3706 1951 ex-

2103 2001 2289 2049 orans,
2323 1985 2392 2038 de
2420 2001 2479 2038 se
2508 1985 2736 2056 suisque
2762 1985 3046 2040 interdum
3063 1986 3513 2041 consolationem
3542 1984 3703 2039 obse-

2104 2074 2311 2128 crando
2341 2073 2632 2144 reciperet.

2310 2200 2559 2253 Exilium
2591 2201 2707 2253 ιιυιο
2735 2202 2928 2253 animo
2955 2201 3103 2253 subit
3131 2203 3223 2253 vir
3250 2206 3503 2254 sanctus.

2172 2311 2259 2367 36.
2302 2313 2410 2368 Sed
2440 2330 2565 2367 cum
2618 2314 2789 2368 iidem
2820 2314 2979 2386 quasi
3010 2314 3338 2368 exhonorati
3368 2314 3644 2368 secedunt
3670 2331 3703 2367 a

428 2420 528 2457 eos
570 2404 628 2457 in
682 2404 905 2473 negotio
963 2402 1279 2473 reipublicae
1321 2403 1599 2472 praelatos,
1633 2409 1800 2456 erunt
1824 2420 2019 2458 rursus
2101 2403 2328 2473 palatio,
2375 2402 2626 2473 procedit
2679 2420 2845 2457 senex
2889 2409 3081 2457 noster
3106 2404 3269 2473 quasi
3296 2403 3370 2456 ad
3399 2404 3601 2474 epulas
3629 2405 3710 2457 in-

427 2498 543 2545 tres
574 2490 826 2563 publicis,
858 2492 1012 2545 velut
1059 2492 1297 2554 Martha,
1337 2492 1639 2562 mancipati
1684 2492 1901 2559 ol‘liciis,
1961 2500 2016 2547 et

427 2580 539 2635 duo
568 2580 639 2634 ad
669 2581 837 2650 pedes
869 2581 1000 2635 Jesu
1031 2580 1252 2646 intenti,
1291 2587 1514 2634 tantum
1561 2586 1625 2634 ut
1643 2581 1877 2635 audiant
1901 2599 2017 2635 ver-

2103 2491 2308 2545 vitatus
2337 2492 2486 2544 inter
2512 2509 2627 2557 eos,
2651 2498 2714 2545 ut
2732 2492 2911 2555 aiunt,
2944 2491 3102 2545 fortis
3123 2492 3249 2557 ﬁde,
3274 2499 3468 2545 mente
3497 2494 3702 2559 alacer,

2103 2580 2356 2634 conscius
2383 2580 2645 2650 puritate.
2678 2580 2894 2650 Agebat
2922 2597 3165 2651 namque
3190 2581 3409 2650 gratias
3438 2582 3593 2651 quod
3616 2582 3702 2634 di-

426 2669 582 2724 bum.
614 2672 800 2741 Atque
828 2670 908 2724 ita
938 2670 1156 2724 medius
1185 2676 1271 2724 est
1288 2676 1447 2740 pater
1475 2676 1665 2724 noster
1702 2687 1890 2733 senex,
1923 2671 2017 2742 qui
2101 2685 2245 2739 gnus
2274 2668 2535 2723 inventus
2564 2670 2733 2723 fuerit
2758 2686 2856 2739 pro
2885 2669 3119 2723 veritate
3147 2670 3557 2723 contumeliam
3587 2670 3703 2740 pati

426 2760 578 2814 inter
606 2764 875 2830 utrasque
899 2759 1062 2823 vitas,
1092 2759 1330 2813 activam
1356 2759 1566 2813 scilicet
1594 2766 1653 2813 ct
1681 2761 2020 2831 contempla-
2106 2757 2241 2827 (Act.
2280 2762 2351 2825 v).
2384 2758 2597 2811 Deinde
2629 2774 2777 2811 nunc
2807 2758 3038 2813 fratrem
3069 2758 3260 2812 osculo
3311 2758 3597 2812 deliniens
3624 2760 3706 2812 la-

425 2849 618 2914 tivam,
648 2849 931 2903 interdum
961 2848 1144 2903 medie
1164 2854 1509 2919 temperatus
1537 2849 2021 2920 incedit.Denique
2101 2853 2471 2917 crymantem,
2513 2862 2662 2900 nunc
2689 2862 2938 2900 sororem
2971 2846 3259 2899 blanditiis
3278 2852 3335 2900 et
3377 2854 3707 2901 sanctorum

426 2937 474 2991 si
508 2954 603 2992 eos
630 2955 825 2992 rursus
846 2938 1146 3008 diligenter
1173 2937 1436 3001 attendis,
1468 2942 1584 2991 tres
1613 2953 1807 2991 eorum
1830 2937 1874 2991 si
1896 2938 2021 3009 qui-
2103 2935 2348 2989 afﬁciens
2376 2934 2968 2997 hortamentis,amicis
2995 2935 3341 3006 persuadens
3372 2937 3583 2989 mentis
3604 2937 3710 2989 for-

428 3028 557 3081 dem
581 3032 714 3082 sunt
742 3026 838 3097 qui
868 3026 1226 3080 continentia:
1251 3026 1600 3097 triumphum
1626 3027 2082 3115 sortiuntur,etc
2103 3023 2424 3088 titudinem,
2453 3023 2774 3094 proceribus
2812 3040 2943 3077 vero
2988 3023 3182 3094 palatii
3212 3024 3489 3077 exhibens
3531 3025 3710 3079 virtu-

428 3117 540 3170 duo
569 3115 664 3185 qui
694 3115 939 3185 primum
978 3120 1195 3171 castum
1238 3114 1583 3167 meditantur
1634 3115 1974 3169 connubium
2005 3135 2019 3183 ;

429 3204 501 3257 ad
529 3209 877 3273 postremum
906 3219 1036 3256 vero
1065 3202 1289 3273 utrique
1320 3219 1422 3272 par
1444 3203 1646 3271 jugum
1701 3206 2023 3260 monasticae

430 3290 735 3361 disciplinae
763 3290 1014 3345 trahunt.
1048 3292 1112 3345 In
1144 3290 1402 3344 omnibus
1434 3291 1609 3361 igitur
1629 3292 1814 3346 vestiti
1843 3294 2022 3365 dupli-

431 3379 605 3447 cibus,
638 3380 696 3434 in
726 3379 986 3434 omnibus
1014 3380 1240 3434 consoni
1276 3385 1332 3433 et
1360 3380 1662 3435 concordes
1692 3387 1863 3453 atque
1894 3400 2024 3437 con-

430 3470 637 3523 celeres
685 3469 865 3539 [Bott.,
921 3467 1267 3542 concolores]
1326 3469 1717 3539 praedicantur.
1785 3472 2022 3543 Conspi-

430 3558 517 3611 cio
547 3558 774 3629 quidem
821 3574 917 3611 eos
966 3574 1092 3611 cum
1125 3558 1417 3628 Benjamin
1447 3558 1697 3628 singulos
1740 3560 1890 3613 inter
1928 3579 2024 3632 pa-

427 3647 703 3701 triarchas
733 3647 979 3717 quinque
1003 3647 1229 3700 indutos
1253 3647 1410 3700 stolis
1434 3666 1447 3713 ;
1473 3647 1571 3700 sed
1610 3664 1645 3700 a
1672 3650 1801 3701 Jesu
1834 3656 2024 3704 nostro

431 3742 583 3791 veste
615 3736 944 3808 simpliciter
963 3736 1198 3807 nuptiali
1228 3736 1583 3807 postmodum
1606 3738 1906 3805 gloriosius
1931 3740 2022 3793 de-

430 3824 651 3879 corari:
714 3830 984 3879 contueor
1038 3831 1227 3879 autem
1278 3841 1501 3895 quoque
1546 3825 1757 3879 talenta
1787 3828 2018 3891 credita,

431 3914 530 3968 sed
557 3914 645 3968 his
674 3913 934 3970 omnibus
959 3930 1135 3968 unum
1159 3914 1451 3985 praemium
1474 3914 1598 3983 lego
1621 3932 1790 3986 super
1818 3934 2025 3988 appen-

430 4019 577 4058 sum.

985 4094 1107 4147 Atio
1136 4095 1478 4161 relegantur.

431 4386 697 4459 dispersit
715 4401 811 4439 eos
824 4384 1014 4455 procul
1035 4382 1104 4436 ab
1130 4383 1387 4447 invicem,
1412 4383 1470 4436 in
1486 4383 1687 4453 quibus
1714 4387 2022 4455 praesertim

431 4475 669 4530 ﬂorebat
695 4474 869 4528 totius
898 4472 1055 4543 regni
1075 4472 1246 4525 decus
1282 4489 1293 4523 :
1335 4476 1400 4525 ut
1427 4478 1483 4525 et
1522 4472 1627 4542 ipsi
1652 4472 1871 4542 probati
1902 4491 2024 4527 ma-

432 4564 619 4618 nifesti
646 4564 864 4629 ﬁerent,
896 4567 953 4616 et
980 4561 1051 4615 ad
1081 4577 1220 4631 quos
1256 4559 1599 4625 devenirent,
1631 4577 1824 4616 eorum
1853 4563 2024 4617 virtu-

432 4651 583 4704 tibus
611 4651 959 4707 fulcirentur.
990 4653 1066 4705 At
1099 4667 1231 4704 vero
1263 4648 1499 4704 Corbeia
1523 4655 1673 4715 tunc,
1715 4651 2023 4706 multorum

436 4754 659 4809 quoque
678 4756 774 4794 ore
798 4742 917 4810 jam
964 4739 1061 4793 diu
1086 4739 1334 4803 laudata,
1367 4755 1609 4793 maerens
1639 4756 1704 4793 ac
1724 4741 1864 4794 flens
1895 4758 2024 4795 cum

434 4827 504 4880 de
530 4831 689 4880 tanto
709 4828 936 4881 viduata
963 4835 1197 4898 patrono
1222 4830 1474 4899 lugeret;
1498 4829 1557 4882 in
1584 4830 2023 4884 consolationem

435 4917 543 4984 sui,
575 4914 812 4970 Domino
840 4916 1215 4986 dispensante,
1237 4919 1444 4972 meruit
1472 4919 1750 4989 suscipere
1779 4919 2019 4983 Walam,

434 5004 809 5062 clarissimum
840 5003 1041 5070 virum,
1075 5006 1224 5060 inter
1243 5008 1488 5079 reliquos
1509 5025 1647 5078 quos
1659 5006 1902 5062 habebat
1928 5025 2026 5062 no-

433 5095 593 5159 biles,
627 5093 779 5147 velut
803 5092 1047 5147 tironem
1090 5095 1317 5163 Christi,
1341 5113 1508 5167 quem
1538 5103 1731 5167 postea
1772 5103 1897 5166 post
1924 5096 2024 5150 de-

435 5201 656 5240 cessum
683 5180 873 5237 fratris
900 5181 1016 5235 vice
1046 5183 1252 5237 Christi
1287 5182 1538 5252 gaudens
1568 5184 1670 5238 sibi
1705 5186 1921 5239 exsulat
1933 5202 2024 5256 pa-

505 5332 523 5355 ⁸
552 5326 621 5380 Et
640 5331 829 5379 tamen
859 5324 919 5377 in
946 5324 1077 5379 Vita
1118 5324 1378 5378 Ludovici
1409 5324 1493 5379 Pii
1525 5326 1873 5391 Bernarium,
1912 5345 2023 5382 non

434 5396 850 5456 Lirinumgsed
868 5395 1179 5449 Floriacum
1202 5396 1502 5459 exsulasse,
1529 5404 1629 5450 aut
1656 5406 1805 5453 certe
1835 5399 2024 5453 Lirino

434 5470 493 5522 in
531 5467 881 5521 Floriacense
910 5467 1311 5521 monasterium
1338 5466 1637 5521 abductum
1654 5469 1843 5535 fuisse,
1876 5471 2027 5524 colli-

431 5540 587 5609 gitur
612 5556 677 5592 ex
707 5538 887 5593 verbis
917 5539 1179 5597 auctoris;
1200 5538 1295 5610 qui
1316 5538 1397 5591 ait
1424 5540 1757 5593 [ternarium
1780 5557 1815 5594 a
1838 5558 2026 5594 mona-

2104 3118 2225 3166 tum
2255 3114 2527 3183 exempla,
2562 3129 2728 3182 porro
2758 3112 2814 3165 in
2846 3111 3103 3167 omnibus
3137 3113 3459 3166 mirabilem
3500 3114 3709 3167 mentis

2104 3219 2217 3255 suae
2246 3202 2619 3255 constantiam
2648 3200 3101 3254 demonstrabat:
3132 3201 3213 3255 ita
3251 3208 3315 3255 ut
3359 3203 3595 3273 quidam
3629 3219 3712 3257 ar-

2108 3290 2589 3361 chiepiscoporum
2608 3290 2717 3344 duo
2741 3292 2939 3343 ﬂentes
2967 3290 3037 3343 ab
3055 3307 3119 3343 eo
3143 3291 3484 3361 regressi,ut
3507 3291 3705 3357 fertur,

2107 3379 2434 3450 imperatori
2466 3382 2718 3449 Augusto
2734 3378 3410 3449 interrogantidicerent:
3446 3381 3598 3443 Quid
3616 3399 3710 3452 pu-

2104 3474 2210 3533 tas,
2244 3485 2295 3530 ο,
2323 3467 2609 3537 inquiunt,
2643 3467 2995 3538 imperator?
3047 3468 3301 3537 nunquid
3333 3469 3623 3523 vindicare
3655 3477 3707 3523 te

2104 3556 2261 3626 cupis
2284 3557 2430 3610 hunc
2446 3556 2627 3610 virum
2648 3556 3063 3616 exhonorando,
3078 3562 3134 3609 et
3153 3556 3407 3627 qualibet
3424 3566 3709 3613 terrarum

2106 3652 2265 3716 parte
2285 3662 2412 3699 eum
2434 3645 2759 3698 exsiliando.
2780 3646 3048 3699 Fatemur
3060 3646 3225 3715 plane
3240 3646 3393 3715 quod
3411 3664 3705 3718 nunquam

2105 3735 2155 3789 ei
2185 3734 2452 3804 gaudium
2478 3734 2609 3786 huic
2638 3734 2821 3787 simile
2864 3733 3045 3788 facere
3090 3734 3392 3804 potuisses,
3425 3753 3541 3806 quo
3562 3753 3708 3790 nunc

2106 3824 2155 3877 ei
2188 3823 2423 3894 probata
2452 3822 2727 3893 patientia
2754 3823 2974 3876 caelitus
2995 3823 3368 3891 condonatur,
3393 3827 3707 3895 praesertim

2107 3928 2235 3966 cum
2290 3911 2455 3965 hodie
2513 3911 2619 3964 cibi
2665 3910 2901 3964 nimium
2954 3912 3293 3981 gratulatur,
3321 3913 3626 3984 pristinam
3654 3916 3705 3968 in

2108 4002 2329 4057 Christo
2359 4000 2610 4071 recipere
2638 4000 2974 4054 libertatem.
3009 4001 3169 4055 Unde
3198 4002 3361 4065 scias,
3388 4004 3541 4073 quod
3572 4021 3706 4058 nun-

2043 4370 2089 4427 ι)
2109 4364 2296 4413 netrat
2322 4358 2499 4412 dolor.
2529 4358 2689 4421 Quod
2718 4358 2954 4412 audiens
2990 4358 3316 4429 imperator,
3343 4362 3565 4431 pudore
3598 4363 3702 4416 suf-

2104 4450 2284 4514 fusus,
2316 4447 2495 4502 doluit
2523 4464 2583 4501 se
2612 4446 2804 4501 fecisse
2835 4447 2983 4518 quod
2998 4448 3119 4517 jam
3148 4447 3373 4503 ruboris
3402 4459 3533 4505 erat.
3560 4452 3696 4505 inhi-

2104 4537 2254 4592 bere.

2461 4626 2791 4693 Imperatori
2831 4640 2943 4677 non
2981 4625 3339 4691 indignatur,

2177 4739 2243 4797 37
2259 4785 2271 4797 .
2309 4742 2384 4793 At
2404 4756 2534 4793 vero
2557 4739 2680 4809 pius
2701 4739 2910 4792 Christi
2928 4739 3171 4793 famulus
3192 4740 3297 4792 hoc
3312 4740 3524 4795 Caesari
3546 4746 3699 4813 quasi

2105 4846 2206 4900 pro
2237 4828 2473 4882 crimine
2512 4827 2922 4898 imputantibus
2972 4827 3176 4890 aiebat,
3224 4827 3455 4882 dicens:
3490 4831 3695 4895 Nolite,

2106 4934 2311 4990 quaeso,
2336 4917 2535 4971 fratres
2557 4917 2687 4981 mei,
2722 4917 2893 4970 nolite
2934 4917 3412 4987 attendere,quasi
3439 4921 3591 4989 quod
3632 4922 3697 4975 de

2107 5007 2267 5060 nobis
2296 5008 2501 5076 agitur,
2530 5007 2587 5059 in
2612 5006 2855 5059 hominis
2887 5006 2961 5059 sit
2988 5010 3283 5075 potestate.
3315 5006 3526 5061 Fateor
3551 5010 3697 5064 enim

2106 5096 2274 5150 etiam
2299 5096 2344 5149 si
2364 5096 2511 5149 idem
2532 5095 2685 5148 aliud
2703 5094 2991 5164 delegerit,
3041 5110 3209 5164 quam
3232 5095 3382 5164 quod
3402 5114 3437 5149 a
3475 5098 3591 5152 Deo
3612 5116 3698 5152 se-

2106 5186 2218 5239 mel
2245 5186 2523 5257 prolatum
2540 5191 2644 5251 est,
2669 5201 2781 5238 non
2824 5199 2984 5254 posse
3005 5183 3232 5254 penitus
3255 5188 3576 5254 retractari,
3595 5189 3698 5242 nisi

2106 5330 2269 5381 sterio
2298 5330 2477 5381 sancti
2491 5330 2764 5381 Bent-(lecti
2791 5330 3070 5381 evocatum
3099 5331 3147 5378 et
3178 5331 3696 5393 rcconciliatum,ei-

2107 5400 2233 5453 dem
2286 5416 2413 5452 cum
2441 5399 2763 5452 Adalhardo
2793 5397 2963 5451 fratre
2988 5396 3160 5450 fuisse
3197 5397 3524 5454 restitutum
3553 5401 3688 5463 loco,

2107 5487 2308 5541 nempe
2330 5469 2667 5524 monasterio
2690 5468 3027 5523 Corbeiensi.
