4000 6170
323 271 466 329 1529
1496 276 1588 330 DE
1627 242 1795 329 vim
1835 276 1891 330 s.

2004 274 2380 330 )ALIIARDI.
3455 272 3596 330 1530

322 399 569 469 primum
588 399 692 453 hoc
712 416 879 470 opere
895 401 1268 471 compleatur:
1304 416 1483 471 neque
1504 405 1736 470 possunt
1762 414 1917 452 com-
1935 398 1990 456 A
2007 403 2194 453 votum
2215 399 2312 453 diu
2338 399 2716 453 desideratum
2745 399 3086 464 conceditur,
3120 399 3279 469 quasi
3325 404 3389 453 ut
3427 415 3596 470 quem

323 488 470 558 pleri
496 489 786 559 disposita,
808 489 855 542 si
873 489 1145 543 nonidem
1165 490 1445 543 annuerit.
1489 490 1698 543 Idcirco
1719 505 1917 542 moneo
2000 488 2156 557 prius
2188 489 2335 542 Deus
2356 488 2543 542 labore
2574 488 2805 557 hujusce
2834 488 3064 541 honoris
3093 488 3328 553 laeserat,
3362 489 3593 542 tandem

321 593 439 639 vos,
473 577 807 642 charissimi,
845 578 1118 631 attendite
1148 579 1325 631 Deum
1352 578 1408 631 in
1455 578 1632 642 nobis,
1664 578 1794 631 licet
1821 594 1921 647 per
2000 578 2277 647 posterius
2301 593 2563 630 concessu
2595 577 2779 647 operis
2803 577 3066 630 deﬁniret
3095 577 3105 629 !
3132 594 3296 647 quem
3317 577 3363 630 si
3393 578 3477 630 vel
3509 583 3596 632 te-

321 668 485 736 cujus
506 683 617 719 non
667 672 946 737 optassem
994 683 1214 724 manus,
1245 667 1588 720 voluntatem
1637 683 1795 720 suam
1826 682 1920 718 ex-

321 756 505 826 plere;
533 756 685 825 quia,
709 756 1015 809 secundum
1038 755 1302 812 Job.cum
1325 755 1433 809 ista
1452 756 1771 825 expleverit,
1789 755 1925 808 talia

321 844 374 896 ei
414 850 619 914 praesto
658 850 715 897 et
766 860 933 915 quam
981 845 1140 915 plura
1181 850 1313 898 sunt
1351 845 1528 897 multa
1567 846 1703 910 (Job.
1747 845 1920 905 xxm).

322 933 609 1003 Alioquin,
642 949 768 986 cum
800 934 1080 1004 expletum
1113 934 1283 987 fuerit
1319 934 1466 1004 quod
1497 934 1783 1004 praeﬁxum
1814 937 1919 1000 est,

324 1038 440 1074 non
478 1021 625 1092 quod
664 1022 722 1075 in
762 1023 925 1075 istius
963 1023 1070 1076 erit
1100 1023 1403 1086 voluntate,
1445 1023 1544 1076 sed
1599 1028 1765 1093 prout
1820 1038 1922 1076 suo

321 1111 634 1163 clementer
662 1112 924 1164 annuerit
952 1117 1114 1171 nutu,
1146 1112 1480 1181 quandoque
1514 1111 1915 1165 revocabimur.

321 1199 559 1253 Interim
588 1216 738 1265 vero,
774 1217 980 1270 quaiso,
1014 1200 1223 1271 pareite
1271 1217 1305 1253 a
1356 1200 1471 1254 Deo
1521 1201 1722 1254 collato
1761 1200 1920 1254 nobis

321 1287 586 1358 principi,
617 1288 765 1358 quod
788 1304 898 1342 non
953 1306 1057 1343 sua
1107 1290 1538 1359 quodammodo,
1571 1290 1666 1343 sed
1696 1290 1919 1343 Domini

324 1376 504 1429 nostri
535 1377 624 1430 cui
652 1377 1022 1447 peccavimus,
1076 1378 1361 1432 interdum
1407 1378 1587 1432 utitur
1612 1378 1917 1431 voluntate.

323 1465 601 1520 Caeterum
628 1467 788 1535 juxta
818 1466 967 1520 beati
990 1466 1164 1521 David
1191 1483 1397 1530 vocem,
1431 1467 1476 1519 si
1508 1466 1777 1520 Dominus
1794 1466 1925 1519 inci-

319 1559 409 1608 tat
438 1570 565 1608 eum
600 1555 894 1609 adversum
928 1571 1047 1619 nos,
1082 1572 1295 1626 precor,
1330 1556 1655 1626 suppliciter
1693 1561 1920 1608 exorate

321 1648 390 1697 ut
417 1643 753 1697 sacrificium
807 1644 1140 1697 humilitatis
1188 1650 1391 1698 nostra:
1430 1644 1696 1697 ederetur
1721 1646 1767 1710 (Ι
1794 1646 1916 1710 Reg.

2005 666 2133 718 nuis
2163 666 2407 735 pulveris
2430 666 2579 719 inter
2600 667 2767 736 hujus
2791 666 2985 719 mundi
3015 665 3339 720 discrimina
3368 667 3597 721 macula:

2006 754 2404 819 sordidassent,
2429 754 2677 825 angelico
2694 755 3038 808 assuefactus
3058 756 3337 808 consortio
3354 754 3599 808 fontibus

2006 843 2383 913 lacrymarum
2404 843 2839 906 ablueret.Quod
2852 844 3059 896 factum
3089 844 3281 913 procul
3294 842 3463 896 dubio
3475 859 3596 897 cre-

2007 932 2175 996 ditur,
2202 939 2264 985 ut
2292 938 2505 1002 septem
2536 932 2715 996 annis,
2740 932 2835 1002 qui
2866 932 2935 985 ad
2967 932 3070 985 hoc
3104 937 3356 985 sacratus
3386 937 3471 984 est
3492 948 3599 985 nu-

2004 1037 2210 1085 merus,
2240 1025 2432 1073 sancto
2460 1020 2665 1074 ibidem
2688 1020 2889 1091 spiritu
2917 1026 3201 1090 ageretur,
3240 1020 3287 1073 si
3320 1019 3597 1089 quomodo

2004 1109 2386 1179 septiformem
2414 1110 2665 1178 ejusdem
2686 1109 2914 1179 spiritus
2930 1109 3174 1178 gratiam
3199 1125 3263 1161 ex
3283 1108 3503 1177 integro
3514 1123 3601 1159 ac-

2002 1199 2185 1268 cipere
2214 1198 2539 1256 meruisset:
2571 1197 2817 1268 alioquin
2847 1214 2957 1250 non
2976 1198 3106 1251 talis
3136 1213 3199 1251 ac
3230 1196 3601 1250 tantafuisset

2001 1287 2202 1340 collata
2228 1286 2500 1339 virtutum
2528 1286 2695 1349 fama,
2730 1286 2836 1339 nisi
2858 1286 2991 1356 quia
3011 1286 3196 1339 divino
3225 1285 3457 1339 arbitrio
3473 1301 3601 1338 con-

2004 1382 2231 1429 ventum
2259 1382 2362 1439 est,
2395 1381 2461 1428 ut
2488 1376 2583 1445 qui
2614 1391 2755 1446 pene
2785 1374 3043 1429 omnibus
3091 1376 3322 1445 Europae
3348 1372 3601 1445 partibus

2000 1465 2116 1533 jam
2148 1464 2334 1517 clarus
2354 1464 2555 1527 inerat,
2573 1464 2742 1517 etiam
2782 1463 3098 1533 Aquitaniae
3127 1464 3307 1516 solum
3338 1460 3601 1515 extremis

2006 1555 2210 1608 finibus
2241 1556 2551 1608 illustraret
2581 1570 2592 1603 :
2616 1560 2679 1608 ut
2704 1554 2799 1625 qui
2830 1554 2935 1608 sibi
2964 1553 3209 1625 pollebat
3236 1554 3443 1623 ubique
3468 1569 3600 1605 san-

2002 1644 2212 1697 ctitatis
2232 1644 2478 1707 nomine,
2516 1643 2646 1697 illuc
2662 1660 2837 1714 usque
2867 1643 3082 1697 cunctis
3111 1642 3313 1696 clarior
3339 1642 3601 1695 reddere-

318 1736 487 1798 xxvi),
511 1738 567 1785 et
595 1748 725 1785 suos
754 1732 1023 1802 suscipiat
1048 1732 1383 1802 pmnitentes
1412 1731 1470 1785 in
1510 1731 1769 1785 omnibus
1795 1749 1807 1784 :
1838 1732 1919 1786 ita
1938 1711 2186 1795 Btur,ac
2215 1733 2416 1786 deinde
2439 1732 2644 1803 ubique
2665 1732 2839 1787 fultus
2870 1730 2968 1786 Dei
2993 1732 3198 1786 auxilio
3228 1729 3470 1802 prtemiis
3488 1744 3603 1782 me-

318 1826 514 1873 tamen
540 1826 604 1874 ut
624 1822 747 1890 ejus
776 1822 842 1874 fit
887 1821 1163 1875 voluntas.
1196 1822 1332 1874 Ecce
1391 1827 1603 1890 quanta
1640 1827 1698 1874 et
1751 1837 1920 1890 quam

316 1907 625 1962 immobilis
653 1909 924 1979 patientia
952 1909 1033 1962 illi
1053 1909 1353 1963 inhaeserat
1380 1910 1390 1962 !
1423 1915 1631 1979 quanta
1645 1909 1918 1975 doctrina,

320 2001 646 2065 quantaque
675 1996 885 2050 viscera
910 1996 1167 2067 pietatis!
1197 1997 1376 2066 Igitur
1405 1997 1557 2051 intra
1589 1997 1777 2050 omnia
1806 1999 1924 2053 haec

320 2090 383 2136 et
414 2084 563 2138 inter
589 2085 842 2138 omnium
870 2102 1030 2139 voces
1056 2086 1401 2155 gementium
1443 2092 1502 2139 et
1544 2086 1922 2157 lacrymarum

324 2172 593 2242 alloquia,
627 2173 845 2226 medius
875 2173 944 2227 de
968 2190 1027 2227 se
1055 2174 1372 2227 consolator
1398 2179 1522 2227 erat
1541 2180 1600 2227 et
1626 2190 1926 2244 persuasor

324 2261 621 2315 virtutum.

438 2377 560 2429 Viro
597 2381 783 2429 sancto
812 2379 1187 2444 proﬁciscente
1208 2393 1392 2430 omnes
1420 2380 1810 2445 ingemiscant.

397 2479 486 2537 38.
518 2482 653 2535 Erat
680 2481 829 2535 enim
860 2483 1020 2553 quasi
1050 2484 1338 2553 speculum
1363 2484 1676 2538 sanctitatis
1693 2489 1750 2538 et
1776 2484 1924 2539 inter

328 2571 586 2625 omnium
611 2570 1088 2640 querimoniarum
1136 2573 1269 2643 jure
1324 2573 1634 2627 causidicus
1675 2574 1923 2643 irrogan-

326 2660 493 2713 tium.
515 2659 633 2723 Dic,
658 2676 811 2730 rogo,
831 2661 954 2731 quis
975 2666 1108 2715 tunc
1128 2662 1212 2715 vel
1254 2679 1481 2715 saxeum
1501 2670 1692 2733 pectus
1713 2663 1924 2718 habens

327 2764 440 2801 non
474 2749 677 2802 ﬂeret?
707 2749 830 2819 quis
857 2750 1118 2819 praecisus
1134 2750 1219 2804 vel
1255 2750 1323 2804 de
1356 2751 1507 2805 silice
1534 2768 1645 2805 non
1668 2751 1924 2806 doleret?

323 2840 423 2890 aut
444 2836 569 2907 quis
584 2838 666 2890 vel
696 2837 892 2891 ferreis
917 2838 1204 2891 continere
1221 2856 1280 2893 se
1300 2845 1521 2910 poterat
1548 2840 1721 2895 oculis
1736 2858 1804 2894 ne
1836 2842 1922 2894 lu-

322 2926 515 2996 geret?
544 2925 783 2979 maxime
804 2943 872 2980 ea
914 2926 1068 2990 hora,
1088 2944 1213 2980 cum
1259 2945 1452 2983 omnes
1474 2946 1587 2983 una
1607 2946 1737 2983 voce
1768 2930 1924 3000 plan-

2004 1820 2240 1874 ritorum
2268 1821 2497 1874 uberius
2527 1821 2857 1874 abundaret.

2058 1948 2130 1999 De
2153 1962 2350 2013 magno
2369 1948 2718 2000 Hcriensium
2750 1946 3147 1999 monachorum
3166 1959 3267 2013 per
3286 1948 3539 1997 sanctum

2563 2037 2752 2087 cirum
2778 2035 3045 2102 profectu.

2078 2148 2166 2202 40.
2193 2148 2438 2217 Hujusce
2466 2148 2546 2200 rei
2578 2152 2747 2201 testes
2769 2148 2953 2201 idonei
2982 2152 3114 2200 sunt
3141 2152 3447 2200 assertores
3478 2159 3603 2198 san-

2007 2236 2081 2289 cti
2110 2237 2331 2300 fratres,
2364 2237 2513 2290 inter
2540 2253 2678 2307 quos
2706 2237 2852 2289 idem
2883 2236 3098 2302 beatus,
3130 2241 3194 2289 ut
3218 2235 3321 2305 ipsi
3355 2234 3603 2287 fatentur

2006 2326 2121 2378 vita
2148 2326 2399 2394 angelica
2427 2342 2528 2396 per
2553 2325 2907 2396 septennium
2952 2326 3103 2378 visus
3160 2331 3240 2377 est
3294 2322 3598 2377 habitasse.

2004 2414 2156 2477 Quos
2187 2414 2389 2467 fratres
2418 2414 2564 2467 idem
2594 2414 2661 2467 ad
2706 2414 2897 2468 omnia
2917 2432 3040 2485 quae
3094 2413 3195 2467 Dei
3225 2419 3375 2476 sunt,
3408 2417 3602 2466 sancta

2005 2503 2317 2556 devotionis
2339 2505 2565 2556 flamma
2596 2502 2881 2569 movebat;
2917 2502 3178 2573 quoniam
3228 2507 3386 2555 tanta
3415 2500 3601 2553 chari-

2006 2591 2136 2644 tatis
2158 2591 2333 2645 virtus
2358 2592 2413 2644 in
2445 2608 2510 2645 eo
2528 2598 2665 2653 erat,
2692 2598 2754 2645 ut
2773 2592 3031 2645 omnibus
3062 2608 3121 2645 se
3136 2596 3324 2661 posset
3343 2590 3598 2655 inﬂuere,

2006 2686 2062 2732 et
2091 2696 2192 2734 suo
2219 2697 2315 2733 eos
2343 2696 2535 2749 amore
2563 2681 2618 2733 in
2649 2680 2750 2735 Dei
2771 2697 2939 2733 causa
2958 2680 3175 2733 ﬁrmius
3214 2678 3472 2732 solidare.
3501 2678 3603 2732 Dei

2006 2768 2210 2840 quippe
2241 2768 2514 2822 altissima
2541 2770 2715 2822 virtus
2744 2785 2971 2840 asperos
3000 2769 3047 2822 ei
3063 2784 3313 2839 quosque
3334 2767 3601 2821 secunda-

2003 2856 2101 2910 bat
2130 2856 2335 2928 ubique
2366 2875 2547 2922 casus,
2572 2875 2693 2929 qua:
2722 2858 2902 2912 tribus
2932 2857 3121 2929 pueris
3150 2857 3396 2910 medium
3418 2856 3601 2910 forna-

2004 2946 2082 2999 cis
2113 2946 2320 2999 fecerat
2342 2954 2611 3017 tanquam
2640 2947 2901 3018 spiritum
2955 2947 3096 3000 roris
3153 2947 3404 2999 flantem.
3440 2945 3598 2999 Unde

320 3014 504 3084 gendo
526 3014 863 3068 clamarent:
894 3016 1144 3069 Pessima
1161 3016 1376 3071 caecitas
1396 3018 1719 3089 malumque
1735 3018 1918 3072 consi-

2004 3050 2105 3087 nec
2130 3035 2386 3103 procellis
2411 3034 2765 3100 allidebatur,
2798 3052 2981 3106 neque
3003 3035 3055 3088 vi
3084 3040 3379 3088 ventorum
3399 3034 3599 3105 impin-

322 3101 462 3155 lium
496 3109 560 3156 ut
592 3103 713 3156 fons
764 3104 980 3157 consilii
1023 3104 1214 3158 exsilio
1251 3105 1595 3175 deportetur.
1630 3107 1805 3173 Istud,
1834 3107 1921 3160 in-

321 3190 544 3260 quiunt,
580 3208 689 3245 non
715 3191 1157 3263 recuperabitur.
1189 3210 1371 3263 neque
1391 3195 1734 3249 Francorum
1767 3196 1922 3266 quis-

320 3295 489 3350 quam
523 3279 573 3332 ei
605 3280 805 3334 similis
834 3288 1135 3352 tantusque
1164 3282 1452 3336 charitatis
1480 3300 1545 3337 ac
1572 3284 1822 3338 veritatis
1841 3284 1924 3339 in-

322 3368 579 3422 venietur
600 3376 863 3423 assertor.
895 3371 1085 3432 Plane,
1120 3370 1381 3437 fatemur,
1413 3373 1659 3442 pessima
1687 3373 1836 3427 fraus
1866 3378 1922 3427 et

321 3457 555 3511 callidus
584 3458 779 3511 veneni
810 3458 971 3511 dolus
997 3458 1008 3510 !
1042 3459 1177 3512 Ecce
1200 3476 1364 3529 quam
1400 3460 1810 3530 iniquissimum
1843 3462 1924 3515 in-

325 3551 440 3598 stat
468 3550 710 3616 tempus,
742 3546 875 3599 dum
902 3547 1043 3616 justi
1087 3554 1143 3601 et
1200 3547 1330 3601 boni
1359 3549 1775 3602 exhonorantur
1802 3550 1923 3616 viri,

318 3640 371 3685 et
404 3650 570 3687 nemo
605 3641 691 3688 est
720 3636 815 3705 qui
836 3636 1153 3689 interdicat.
1190 3636 1335 3701 Quid
1376 3637 1567 3707 igitur,
1599 3643 1782 3708 putas,
1818 3639 1927 3692 erit

318 3722 387 3775 de
406 3722 611 3776 nobis?
642 3724 794 3788 Ecce,
819 3725 997 3788 aiunt,
1020 3725 1239 3778 tollitur
1258 3726 1550 3795 pravitatis
1569 3726 1914 3794 interdictor;

316 3815 374 3863 et
400 3811 528 3881 quis
558 3813 708 3865 ultra
730 3813 963 3882 justitize
991 3814 1143 3867 locus
1166 3814 1310 3868 erit?
1353 3832 1475 3884 quae
1518 3815 1734 3869 consilii
1766 3815 1917 3869 sani-

314 3900 444 3953 tas?
472 3902 784 3971 praesertim
813 3918 939 3955 cum
972 3918 1166 3955 omnes
1196 3920 1295 3958 sua
1317 3910 1590 3975 quaerant.
1614 3905 1792 3958 Nemo
1818 3905 1919 3974 igi-

312 3993 414 4042 tur
439 3990 773 4061 reipublicze,
810 3991 902 4044 sed
936 3991 1176 4061 pessime
1227 3992 1330 4045 sibi
1380 3993 1615 4063 quisque
1653 3994 1912 4061 consulit,

315 4077 611 4131 consilium
644 4095 744 4149 pro
774 4079 1102 4134 muneribus
1131 4081 1408 4145 venditur,
1424 4088 1737 4152 sequuntur
1758 4083 1916 4136 retri-

312 4163 592 4231 butiones,
626 4167 852 4238 propria
870 4167 1025 4221 lucra
1044 4168 1417 4223 considerant.

421 4279 629 4348 Septem
654 4296 831 4334 annos
855 4284 915 4334 in
948 4282 1201 4335 Heriensi
1222 4285 1410 4335 insula
1431 4286 1582 4336 exsul
1612 4290 1812 4350 egerat.

389 4382 479 4441 39.
507 4384 606 4438 His
635 4390 692 4438 et
742 4385 1132 4456 hujuscemodi
1180 4388 1661 4457 querimoniarum
1696 4389 1916 4444 vocibus

316 4474 426 4541 usi,
448 4476 793 4544 generaliter
812 4476 1062 4530 omnium
1108 4477 1278 4530 corda
1306 4477 1658 4547 singulorum
1692 4479 1915 4533 ﬂetibus

312 4563 685 4633 ingemiscere
710 4564 1072 4635 cogebantur.
1105 4565 1446 4636 Ignorabant
1482 4583 1616 4636 ergo
1645 4568 1792 4638 quod
1814 4568 1915 4622 Dei

312 4652 533 4706 occulto
585 4653 799 4723 judicio
856 4653 1066 4708 factum
1114 4655 1205 4721 sit,
1229 4661 1293 4709 ut
1318 4671 1487 4708 senex
1538 4661 1730 4709 noster
1766 4657 1917 4711 mala

312 4756 442 4795 cum
473 4741 676 4795 fierent
719 4758 791 4795 ne
848 4742 1081 4808 videret,
1115 4750 1173 4797 et
1214 4760 1379 4814 poena
1432 4744 1644 4815 peccati
1685 4744 1911 4799 interim

312 4829 490 4899 [mss.,
522 4830 828 4900 interdum]
886 4831 945 4884 in
992 4832 1264 4901 quosdam
1322 4832 1552 4887 liberius
1599 4834 1907 4889 desaeviret.

309 4917 470 4970 Tunc
496 4916 689 4988 itaque
717 4918 875 4989 quasi
925 4919 975 4971 ei
1038 4919 1141 4972 hoc
1171 4920 1349 4973 solum
1379 4921 1598 4974 deesset
1624 4922 1771 4992 quod
1802 4922 1913 4993 pri-

310 5021 469 5058 mum
502 5006 912 5076 concupiverat,
938 5006 1174 5060 Domino
1201 5007 1559 5078 dispensante
1575 5008 1644 5062 ab
1666 5011 1913 5065 humano

309 5093 543 5164 pellitur
564 5094 717 5148 orbe.
753 5095 821 5148 Et
841 5096 1122 5149 credimus
1169 5096 1316 5166 quod
1363 5098 1681 5152 caelestibus
1718 5105 1914 5169 patus

308 5182 387 5237 sit
414 5185 800 5249 sacramentis,
818 5190 881 5237 ut
906 5185 995 5237 cui
1024 5185 1254 5239 vetitum
1277 5192 1400 5239 erat
1421 5188 1602 5240 solum
1631 5194 1913 5243 terrarum

311 5288 563 5334 cernere,
584 5273 813 5326 Joannis
840 5273 1092 5343 exemplo
1122 5275 1363 5327 cmlestis
1383 5275 1578 5345 patria:
1614 5276 1914 5345 inquisitor

310 5361 491 5414 fieret.
522 5361 668 5425 Quid
699 5362 899 5432 putas?
921 5362 1171 5432 nunquid
1221 5363 1370 5417 Deus
1416 5364 1661 5417 oblivisci
1688 5371 1912 5435 poterat

310 5449 460 5519 quod
491 5450 734 5521 primum
763 5457 960 5505 contra
1015 5452 1137 5520 ejus
1188 5451 1396 5506 decreti
1442 5452 1783 5507 voluntatem
1807 5456 1909 5509 tali

311 5553 446 5591 eum
464 5537 534 5592 ab
562 5539 744 5594 officio
777 5539 1123 5595 retardaret?
1141 5540 1249 5594 Sed
1268 5557 1418 5596 nunc
1435 5542 1688 5596 fortassis
1706 5542 1832 5597 ideo
1858 5544 1907 5597 ei

2005 3122 2259 3192 gebatur.
2294 3124 2499 3177 Christi
2531 3124 2681 3177 enim
2706 3130 2827 3177 erat
2882 3124 3148 3178 fundatus
3175 3140 3385 3188 amore,
3421 3128 3496 3186 et,
3531 3128 3595 3177 ut

2005 3228 2131 3265 cum
2145 3212 2410 3283 Apostolo
2427 3212 2607 3265 dicam
2622 3215 2796 3279 (Rom.
2840 3216 2973 3276 νηί),
3008 3212 3133 3283 quis
3154 3229 3282 3266 eum
3310 3216 3598 3283 separaret

2003 3317 2038 3353 a
2067 3300 2339 3353 charitate
2362 3302 2611 3354 Christi?
2636 3301 2941 3364 tribulatio,
2959 3318 3029 3354 an
3072 3301 3405 3372 persecutio,
3433 3317 3503 3353 an
3524 3300 3602 3354 fa-

2005 3406 2143 3455 mes,
2178 3402 2250 3441 an
2281 3389 2525 3455 nuditas,
2546 3406 2617 3443 an
2636 3391 2890 3459 gladius?
2908 3407 3050 3453 vere,
3084 3397 3149 3443 ut
3168 3390 3481 3443 evidentius
3510 3390 3596 3442 lo-

2007 3494 2164 3547 quar,
2198 3493 2378 3546 neque
2407 3494 2577 3541 mors,
2603 3495 2782 3547 neque
2812 3479 2943 3536 vita,
2968 3494 3149 3548 neque
3182 3478 3469 3536 instantia,
3498 3493 3597 3530 ne-

2004 3582 2111 3636 que
2140 3565 2350 3629 futura,
2386 3566 2484 3619 sed
2514 3583 2695 3636 neque
2733 3566 2847 3619 ulla
2898 3575 3158 3619 creatura
3200 3572 3421 3637 poterat
3466 3582 3592 3619 eum

2002 3671 2264 3726 separare
2294 3671 2328 3708 a
2356 3655 2627 3709 charitate
2658 3656 2778 3717 Dei,
2810 3672 2933 3726 quae
2960 3662 3045 3708 est
3074 3657 3130 3709 in
3171 3655 3393 3710 Christo
3422 3657 3555 3709 Jesu
3579 3674 3592 3721 ;

2001 3742 2217 3797 fundati
2237 3744 2386 3797 enim
2417 3750 2579 3798 erant
2606 3745 2774 3814 pedes
2798 3746 2919 3814 ejus
2934 3762 3104 3815 supra
3119 3751 3356 3816 petram,
3386 3751 3442 3799 et
3468 3744 3594 3798 ideo

2001 3847 2113 3885 non
2139 3838 2362 3902 poterat
2389 3833 2742 3887 commoveri.

1998 3956 2072 4009 De
2090 3957 2404 4010 earumdem
2436 3959 2497 4011 in
2526 3958 2909 4011 Adalhardum
2942 3973 3129 4012 amore
3150 3956 3214 4012 σι’
3229 3961 3590 4013 veneratione.

2069 4071 2155 4128 41.
2185 4073 2343 4127 Unde
2376 4080 2770 4143 cognoscentes
2790 4092 2917 4129 eum
2948 4075 3097 4129 beati
3130 4075 3255 4141 viri,
3278 4075 3426 4129 inter
3453 4092 3592 4146 quos

1998 4160 2158 4228 quasi
2175 4160 2278 4214 sub
2302 4162 2551 4215 custodia
2573 4163 2776 4232 degere
2804 4163 3051 4233 primum
3078 4163 3386 4230 videbatur,
3409 4181 3592 4234 caepe-

1997 4254 2132 4301 runt
2160 4266 2365 4319 magno
2394 4252 2515 4320 ejus
2535 4269 2724 4305 amore
2755 4252 3124 4316 inardescere,
3154 4259 3211 4306 et
3239 4253 3475 4307 nimium
3504 4269 3592 4306 ve-

1929 4346 1978 4404 D
1998 4338 2204 4402 nerari,
2228 4355 2340 4391 non
2371 4339 2440 4391 ob
2491 4340 2658 4409 regia:
2702 4341 2925 4411 quidem
2956 4341 3390 4412 propinquitatis
3412 4343 3589 4396 hono-

1998 4442 2137 4491 rem,
2169 4427 2263 4481 sed
2296 4445 2395 4498 pro
2416 4436 2706 4483 venustate
2736 4446 2954 4484 morum
3009 4436 3067 4484 et
3112 4431 3399 4500 sapientiae
3419 4431 3589 4485 docu-

1997 4516 2221 4579 mentis,
2237 4533 2449 4570 necnon
2470 4523 2526 4570 et
2544 4534 2642 4587 pro
2671 4518 3014 4573 sublimitate
3034 4519 3303 4572 virtutum
3346 4520 3403 4572 in
3433 4524 3589 4573 tanto

1998 4619 2127 4656 eum
2157 4604 2368 4658 honore
2394 4608 2773 4675 prmferentes,
2798 4607 3043 4661 utetiam
3072 4607 3321 4676 ejusdem
3345 4607 3451 4661 loci
3480 4608 3589 4662 Pa-

1996 4695 2085 4744 ter
2109 4697 2163 4744 et
2195 4709 2358 4746 omne
2388 4694 2524 4747 illud
2548 4695 2842 4764 collegium
2868 4702 3120 4748 sanctum
3142 4696 3323 4749 Patris
3341 4713 3470 4751 eum
3494 4714 3590 4751 ve-

1993 4786 2332 4835 nerarentur
2354 4781 2638 4853 obsequio,
2673 4789 2729 4836 et
2780 4784 3082 4837 secundum
3115 4786 3236 4854 ejus
3290 4787 3590 4841 consilium

1994 4885 2097 4922 sua
2117 4876 2314 4923 cuncta
2344 4876 2670 4935 tractarent,
2723 4879 2779 4925 et
2806 4871 3099 4926 obedirent
3138 4874 3188 4927 ei
3217 4874 3276 4927 in
3307 4875 3586 4942 omnibus,

1994 4964 2162 5028 prout
2191 4959 2236 5012 is
2265 4960 2439 5012 semel
2459 4976 2553 5012 ore
2579 4960 2790 5030 aliquid
2815 4962 3157 5031 protulisset.
3188 4963 3272 5017 Tu
3303 4964 3452 5017 enim
3473 4964 3588 5016 haec

1997 5048 2204 5109 omnia,
2229 5049 2377 5102 Deus
2402 5049 2568 5101 Pater
2586 5049 3183 5121 incomprehensibilis,
3206 5058 3304 5105 tuo
3334 5052 3589 5121 dispone-

1995 5135 2094 5189 bas
2124 5143 2286 5200 nutu,
2319 5144 2383 5190 ut
2415 5143 2466 5190 et
2490 5138 2722 5193 devotus
2750 5145 2882 5193 tuus
2935 5142 3176 5195 famulus
3215 5141 3440 5193 tandem
3481 5139 3586 5193 ali-

1996 5226 2217 5295 quando
2241 5226 2334 5280 diu
2367 5233 2558 5297 optato
2590 5229 2864 5298 potiretur
2892 5231 3025 5297 otio,
3059 5237 3115 5283 et
3163 5228 3345 5282 devoti
3377 5228 3583 5282 milites

1993 5315 2079 5368 tui
2105 5316 2228 5384 ejus
2253 5316 2585 5370 fulcirentur
2612 5319 2861 5372 consilio.

2164 5432 2235 5484 De
2255 5434 2491 5500 ejusdem
2512 5436 2573 5486 in
2603 5434 2858 5488 lleriensi
2888 5436 3073 5486 insula
3100 5434 3403 5485 mansione.

2063 5544 2148 5599 42.
2183 5546 2430 5602 Vacabat
2455 5548 2632 5619 igitur
2659 5549 2773 5603 illic
2794 5549 2913 5617 jam
2941 5546 3151 5601 caelesti
3193 5546 3426 5602 sabbato
3445 5547 3586 5602 frui-
