4028 6180
447 266 581 326 1581
1211 272 1273 325 S.
1310 272 1689 329 PASCHASII
1726 273 2088 330 RADBERTI
2124 274 2429 332 ABBATIS
2466 275 2959 333 CORBEIENSIS.
3573 275 3712 335 1532

444 388 598 445 tione
616 391 869 462 perenni,
882 398 942 447 et
956 394 1203 463 gustavit
1220 392 1304 466 [al
1311 434 1346 462 .,
1360 395 1571 466 potitus
1589 396 1698 466 est]
1720 411 1887 467 quam
1908 412 2034 451 sua—
2049 398 2101 458 Α
2116 412 2220 451 suo
2251 397 2523 469 quaerenti
2560 399 2838 465 exsulatu,
2882 400 3069 456 ovium
3097 416 3159 454 se
3185 400 3326 456 velle
3354 402 3570 457 imitari
3586 401 3721 455 sim-

445 477 528 533 vis
554 478 629 534 sit
660 479 950 539 Dominus.
1005 482 1165 537 Unde
1221 499 1386 553 quam
1435 484 1723 539 immensae
1760 485 1953 540 laudes
1981 489 2039 538 et
2120 486 2383 557 plicitatis
2412 488 2749 557 exemplum.
2779 495 2837 543 et
2881 489 2952 542 ad
2980 489 3160 544 instar
3213 491 3421 561 leporis
3451 491 3725 545 mutatio-

442 568 761 637 gratiarum
790 570 1038 625 actiones
1065 572 1273 627 ibidem
1310 574 1432 643 ejus
1462 583 1790 629 resonarent
1817 575 1887 628 ab
1923 591 2040 640 ore,

445 662 605 730 puto,
636 674 801 714 nemo
828 666 915 714 est
941 661 1035 731 qui
1066 662 1243 731 possit
1285 663 1357 716 ad
1408 664 1637 733 plenum
1685 664 1922 717 edicere.
1955 664 2043 719 Si-

451 745 679 817 quidem
704 755 831 803 erat
857 750 910 803 ei
934 751 1064 805 felix
1102 750 1198 804 illa
1226 750 1498 807 habitatio
1527 753 1587 807 in
1619 753 1845 808 modum
1876 769 2042 824 para-

449 833 578 896 disi,
605 852 670 889 ex
700 853 810 906 quo
829 839 1105 909 serpentis
1131 840 1339 895 invidia
1364 842 1578 912 primus
1594 844 1805 912 ejectus
1833 848 1919 896 est
1936 843 2039 895 ho-

446 938 563 978 mo.
595 924 664 978 Et
688 924 960 979 mirabilis
984 929 1123 982 satis
1151 930 1453 985 admodum
1484 931 1620 985 ordo
1656 950 1666 984 :
1700 932 1791 985 ille
1813 932 2038 1002 quidem

446 1013 731 1081 projectus
750 1014 881 1070 inde
910 1016 1233 1073 confusione
1259 1020 1600 1089 tegitur,iste
1628 1037 1757 1075 vero
1786 1021 2039 1091 ejusdem

447 1114 621 1154 suasu
649 1104 809 1171 quasi
836 1112 1087 1160 revectus
1114 1106 1318 1162 ibidem
1338 1108 1634 1178 gloriatur,
1656 1125 1723 1163 eo
1751 1109 1897 1179 quod
1921 1110 2042 1178 jam

447 1190 728 1246 consortio
762 1192 1047 1249 frueretur
1084 1197 1357 1267 angelico.
1391 1198 1524 1252 Erat
1545 1198 1717 1267 igitur
1743 1198 1813 1263 ei,
1838 1202 1902 1252 ut
1927 1198 2048 1268 qui-

447 1276 576 1332 dam
601 1285 895 1350 poetarum
920 1284 1159 1341 eximius
1185 1286 1266 1340 ait
1293 1288 1465 1354 (Virg.
1496 1302 1536 1341 II
1562 1287 1807 1356 Georg.):

633 1376 786 1487 gnam
811 1393 973 1428 secura
999 1395 1153 1443 quies.
1183 1388 1229 1430 et
1255 1383 1411 1431 nescia
1438 1383 1599 1432 fallere
1626 1383 1741 1439 vita,

682 1454 777 1487 lves
801 1455 944 1487 ouum
971 1444 1228 1487 variarum-
1254 1451 1301 1487 et
1328 1445 1440 1487 latis
1466 1446 1563 1487 alia
1590 1445 1741 1487 {uinclis

682 1444 777 1488 ives
801 1455 944 1503 apum
971 1444 1229 1506 variarum,
1254 1451 1301 1493 et
1328 1445 1440 1493 latis
1466 1446 1564 1495 otia
1590 1445 1770 1495 fundis.

444 1538 629 1609 Atque
658 1538 739 1593 ita
765 1540 1000 1594 nimium
1020 1542 1303 1611 jucundus
1331 1543 1479 1598 inter
1497 1544 1800 1598 mulcentia
1844 1545 2044 1599 sancti-

447 1626 583 1680 tatis
608 1626 727 1681 otia
755 1628 1067 1696 laetabatur,
1101 1632 1260 1702 quasi
1308 1631 1456 1686 inter
1498 1633 1746 1703 tlorigeri
1799 1634 2043 1705 paradisi

2125 592 2251 629 nem
2283 576 2389 629 loci
2418 591 2531 631 non
2555 593 2772 632 curare.
2821 578 2951 634 Ovis
2999 579 3169 641 enim,
3206 580 3447 639 dicebat.
3496 588 3724 650 propter

2124 663 2361 719 aliorum
2391 665 2592 720 caloris
2622 666 3014 722 indumentum
3046 684 3148 722 suo
3202 668 3324 722 sine
3362 668 3586 722 invidiae
3608 668 3723 721 zelo

2123 754 2373 809 nudatur
2390 756 2613 821 vellere,
2627 762 2683 810 et
2703 757 2773 812 de
2809 758 2897 811 sui
2917 758 3232 812 indumenti
3250 758 3463 813 exuviis
3492 757 3725 811 alterius

2125 843 2343 898 fovetur
2372 844 2618 899 nuditas.
2640 846 2726 900 Ita
2744 846 3021 916 siquidem
3060 846 3198 901 etin
3226 846 3556 918 mealiquod
3569 846 3620 900 si
3640 852 3727 900 est

2122 932 2385 987 utilitatis
2411 934 2661 1004 prudens
2687 950 2849 1005 opus,
2872 936 3037 989 velim
3067 943 3133 990 ut
3159 936 3397 1006 quilibet
3438 935 3495 989 id
3547 935 3726 1005 gratis

2122 1021 2245 1075 sine
2272 1038 2397 1076 meo
2426 1023 2700 1093 percipiat
2718 1032 2938 1094 quaestu
2962 1043 2975 1090 ;
3007 1030 3178 1095 atque
3206 1025 3306 1088 ita,
3334 1025 3384 1077 si
3429 1025 3589 1079 fuero
3618 1024 3727 1078 huc

2124 1111 2386 1181 illucque,
2423 1112 2681 1176 addebat,
2717 1130 2819 1184 pro
2849 1114 3169 1168 insidiantis
3196 1114 3444 1186 impulsu
3464 1129 3623 1167 more
3653 1114 3729 1167 le-

2126 1200 2277 1270 poris
2297 1200 2731 1272 fugatus.neque
2764 1203 2946 1257 locum
2981 1203 3186 1274 quietis
3206 1220 3316 1274 quo
3334 1203 3551 1257 dudum
3573 1215 3730 1273 pror-

2124 1305 2224 1343 sus
2247 1289 2718 1356 insederam,cum
2742 1307 2979 1347 maerore
2990 1293 3454 1363 relinquo,neque
3466 1292 3540 1345 ad
3556 1306 3729 1361 quem

2125 1378 2427 1448 propellor,
2460 1393 2586 1433 cum
2616 1396 2810 1434 amore
2830 1386 3014 1434 teneo.
3046 1382 3251 1435 Nostra
3275 1388 3465 1435 autem
3496 1394 3731 1433 conver-

2124 1466 2269 1519 satio
2326 1466 2383 1521 in
2428 1467 2585 1521 cmlis
2642 1484 2764 1522 esse
2817 1468 3071 1522 creditur
3100 1470 3326 1537 iPhilip.
3358 1473 3446 1527 in)
3474 1486 3488 1521 :
3520 1468 3730 1522 idcirco

2125 1571 2249 1624 quas
2275 1572 2497 1609 sursum
2522 1562 2657 1611 sunt
2685 1557 2954 1627 sapimus,
2984 1564 3042 1611 et
3091 1573 3201 1611 non
3245 1574 3369 1627 que
3412 1573 3586 1626 super
3619 1563 3731 1610 teis

2126 1660 2245 1697 ram
2270 1644 2400 1710 (σοι.
2431 1657 2536 1703 ιιι).
2568 1646 2774 1700 Mortui
2804 1646 2953 1700 enim
2981 1661 3177 1700 sumus
3204 1660 3330 1699 cum
3384 1646 3632 1706 Christo,
3671 1654 3729 1699 et

447 1729 698 1782 amoena;
732 1733 834 1771 nec
866 1718 1098 1774 dubium
1129 1721 1382 1775 veritatis
1395 1722 1521 1776 odio
1543 1739 1673 1776 cum
1699 1721 1858 1776 beato
1874 1724 2045 1777 Joan-
2069 1713 2241 1786 Bvita
2265 1740 2458 1787 nostra
2484 1750 2609 1787 cum
2641 1751 2706 1788 eo
2736 1734 2795 1789 in
2825 1735 2979 1789 emus
3006 1741 3091 1789 εει
3118 1734 3480 1801 abscondita;
3506 1741 3722 1797 uacum

446 1818 519 1856 ne
547 1803 687 1857 adeo
715 1821 891 1874 usque
917 1807 1111 1862 exsilio
1139 1808 1459 1879 deputatus,
1493 1810 1638 1864 sicut
1661 1810 1993 1865 venerabilis
2019 1823 2045 1854 ι

444 1890 597 1945 Beda
614 1892 909 1964 presbyter
936 1896 1017 1949 ait
1038 1898 1122 1963 (in
1141 1913 1303 1951 serm.
1327 1900 1390 1951 de
1414 1897 1469 1952 S.
1495 1901 1703 1967 Joan.).

967 2002 1175 2058 Exsilio
1200 2010 1257 2058 ut
1276 2008 1514 2074 proficit.

517 2103 608 2159 43.
640 2106 785 2170 Quin
813 2108 973 2163 licuit
993 2127 1220 2167 cernere
1250 2113 1575 2183 ﬂuctivagas
1594 2112 1799 2185 ubique
1851 2113 2048 2169 mundi

445 2196 617 2260 rotas,
643 2196 700 2251 et
730 2195 1029 2269 Babylonis
1059 2216 1123 2253 ac
1145 2198 1660 2273 Hierosolymorum
1692 2201 2042 2257 mistimcon-

446 2281 641 2353 ﬂigere
669 2291 871 2352 castra,
906 2288 1036 2341 hinc
1067 2288 1195 2342 inde
1243 2287 1456 2344 vicibus
1494 2291 1609 2344 tela
1653 2296 1820 2363 atque
1849 2290 2041 2362 fugam

446 2372 590 2442 capi.
626 2373 761 2428 Inde
783 2382 921 2441 erat,
974 2376 1050 2430 mi
1095 2379 1262 2431 Pater
1300 2377 1652 2449 omnipotens
1703 2379 1868 2441 Deus,
1894 2380 2043 2450 quod

447 2461 579 2514 tuus
596 2463 807 2517 athleta
828 2472 1048 2519 tantum
1064 2483 1164 2538 pro
1184 2467 1505 2521 discrimine
1525 2468 1693 2538 hujus
1711 2468 1835 2523 vitae
1864 2469 2044 2522 ﬂuens

446 2545 692 2620 lugebat,
724 2570 787 2606 ac
813 2554 1004 2609 dolore
1030 2557 1271 2610 suﬂ'usus
1292 2556 1466 2610 nimio
1486 2556 1734 2611 lamento
1760 2556 2039 2628 gemebat,

443 2652 649 2708 rogans
694 2657 758 2697 ac
804 2648 999 2714 petens
1047 2645 1356 2716 praesertim
1414 2648 1477 2700 ut
1504 2662 1732 2699 suorum
1784 2663 2041 2718 parceres

446 2720 692 2781 hostium
724 2732 955 2785 caecitati
1010 2730 1247 2787 Videbat
1276 2734 1424 2787 enim
1460 2738 1517 2787 et
1565 2732 1901 2806 przevidebat
1925 2734 2043 2805 jam

445 2830 615 2869 senex
644 2824 805 2890 pater
829 2818 933 2873 hoc
964 2821 1020 2874 in
1048 2826 1301 2893 tempore
1334 2821 1595 2875 miseram
1629 2821 1860 2877 humani
1880 2840 2044 2893 gene-

444 2905 523 2962 ris
547 2905 719 2960 vitam
750 2908 964 2965 deliciis
993 2912 1295 2971 annullari,
1321 2916 1378 2964 et
1407 2909 1624 2965 Jezabel
1651 2912 1959 2984 propheten
1984 2929 2043 2966 se

448 2993 651 3058 dicere,
687 3001 746 3051 et
768 2998 1034 3053 seducere
1063 3017 1249 3053 servos
1279 2998 1399 3064 Dei,
1424 3000 1685 3055 fornicari
1713 3008 1768 3055 et
1811 2992 2045 3055 mandu-

2124 1820 2384 1877 Christus
2414 1824 2741 1894 apparuerit
2769 1824 2883 1878 vita
2937 1830 3149 1885 nostra,
3171 1831 3308 1878 tunc
3338 1831 3398 1878 et
3426 1840 3530 1877 nos
3560 1823 3727 1877 simul

2123 1926 2252 1965 cum
2274 1928 2340 1966 eo
2370 1929 2741 1983 appareamus
2762 1913 2817 1967 in
2845 1914 3025 1983 gloria
3059 1915 3252 1979 wind).
3279 1913 3380 1968 His
3423 1918 3483 1967 et
3528 1913 3728 1982 hujw

2125 2001 2343 2055 cemodi
2373 2001 2555 2056 verbis
2583 2002 2651 2056 ad
2685 2009 2907 2073 petram
2947 2018 3070 2073 que
3115 2001 3373 2056 Christus
3405 2006 3493 2055 est
3521 2004 3577 2072 (Ι
3604 2002 3725 2056 Cor.

2129 2098 2206 2155 χ),
2237 2090 2470 2144 fratrum
2499 2091 2717 2145 animos
2740 2091 3036 2154 solidabat,
3068 2098 3133 2146 ut
3160 2091 3295 2161 quia
3344 2090 3498 2144 inter
3526 2090 3731 2143 ﬂuctus

2130 2178 2380 2233 marinos
2400 2185 2558 2233 extra
2587 2180 2860 2234 mundum
2887 2180 3053 2251 positi
3087 2179 3545 2250 videbantur,spe
3560 2192 3727 2248 quam

2122 2266 2276 2320 velut
2311 2268 2615 2321 anchoram
2645 2268 2937 2335 habemus,
2968 2269 3105 2322 caelo
3151 2267 3487 2339 profundius
3536 2269 3728 2322 ﬁrma-

2124 2362 2321 2409 rentur
2342 2355 2385 2412 ι).

2480 2501 2793 2555 Honoribus
2819 2502 3041 2555 tandem
3071 2502 3348 2555 redditur.

2196 2623 2285 2681 45.
2317 2624 2529 2690 Quibus
2559 2632 2795 2697 paterna
2842 2642 2907 2679 ex
2965 2625 3085 2679 acie
3115 2643 3215 2696 per
3261 2625 3621 2696 septennium
3646 2616 3725 2678 ita

2128 2713 2460 2770 discretione
2490 2716 2760 2770 virtutum
2818 2714 3057 2775 vallatis,
3084 2714 3292 2769 factum
3349 2717 3456 2779 est,
3490 2713 3729 2768 Domino

2128 2810 2431 2869 annuente,
2482 2806 2546 2857 'ut
2601 2804 2687 2857 sui
2720 2801 3004 2858 exs'uiatus
3028 2805 3147 2874 jam
3203 2803 3373 2857 ﬁnem
3403 2802 3634 2869 faceret,
3675 2809 3730 2855 et

2127 2891 2331 2947 clarior
2359 2884 3278 2964 propriishonoribusredderetur.
3316 2888 3572 2963 Propriis
3595 2908 3729 2962 ergo

2126 2972 2421 3051 dico,quod
2439 2982 2639 3035 merito
2655 2979 2757 3035 sibi
2780 2997 2899 3034 com
2907 2986 3183 3053 peterent.
3202 2987 3257 3033 et
3270 2979 3415 3033 idem
3439 2994 3729 3034 summum

445 3100 571 3138 care
602 3084 671 3139 de
692 3084 1035 3158 idolothytis,
1064 3089 1273 3143 ventris
1294 3088 1594 3160 ingluviem
1636 3090 1811 3160 sequi,
1838 3096 1894 3143 et
1920 3089 2038 3143 libi-

2126 3068 2479 3139 paternitatis
2517 3069 2761 3124 officium
2820 3068 3034 3124 meritis
3086 3069 3412 3123 illustraret.
3462 3065 3729 3140 Alioquin

443 3172 573 3226 dine
594 3175 878 3241 coronari;
908 3176 1059 3247 quia,
1092 3176 1341 3250 inquam,
1373 3178 1683 3233 monstrum
1715 3180 1890 3233 videri
1921 3198 2044 3252 pos-
2124 3154 2427 3252 honoribus
2456 3157 2576 3252 di’_‘i_
2603 3152 2970 3252 ῐθδάίῗηδυξηθ
3001 3175 3166 3252 quem
3191 3158 3453 3252 PmPrius
3502 3157 3726 3252 merito:

442 3260 547 3325 set,
573 3261 619 3314 si
644 3263 778 3333 gula
806 3242 1103 3326 sine-luxu,
1130 3242 1230 3321 aut
1258 3242 1419 3323 luxus
1448 3268 1566 3322 sine
1588 3268 1722 3339 gula
1757 3242 2037 3339 regna-ret.
2124 3260 2247 3339 ru")
2280 3247 2458 3339 δίῗηοτ
2486 3247 2692 3317 Ubique
2719 3250 2775 3301 et
2788 3247 3063 3339 Sgl’ief‘ti“
3091 3246 3417 3339 decorat)?“
3446 3262 3561 3300 non
3580 3242 3725 3339 9W}

446 3347 569 3405 Heu
600 3366 766 3422 quam
798 3353 1005 3408 misera
1033 3355 1278 3410 conditio
1308 3358 1534 3420 ventris,
1568 3359 1661 3428 qui
1692 3357 1890 3411 talium
1913 3355 2038 3411 affi-

442 3436 620 3493 nitate
643 3441 887 3513 partium
918 3444 1218 3507 cohmrens,
1245 3450 1484 3517 utroque
1525 3446 1770 3500 cluditur
1810 3449 1937 3509 fine,
1981 3452 2038 3502 et

444 3529 602 3582 malae
623 3529 903 3586 felicitatis
941 3534 1088 3588 fastu
1138 3552 1294 3589 casso
1321 3537 1559 3589 vestitur
1586 3534 1795 3589 honore
1818 3534 1828 3589 !
1856 3536 2029 3603 Unde,

442 3618 697 3687 quamvis
724 3637 855 3676 voce
884 3623 1101 3692 poetica
1127 3630 1273 3689 utar,
1311 3641 1508 3679 moneo
1538 3642 1634 3678 vos

628 3725 717 3783 Qui
742 3727 900 3787 legitis
923 3728 1060 3776 ﬂores
1084 3735 1128 3777 el
1155 3729 1287 3777 humi
1322 3729 1561 3780 nascentia
1595 3730 1744 3792 fraga,

438 3825 569 3879 hinc
582 3826 773 3897 fugite.
796 3828 1059 3898 quoniam
1079 3844 1309 3897 serpens
1330 3829 1417 3883 his
1430 3828 1619 3884 usibus
1636 3830 1791 3883 latet.
1814 3830 1890 3884 At
1906 3847 2034 3885 vero

437 3915 702 3987 praefatus
722 3933 891 3970 senex
907 3924 1098 3970 noster
1116 3918 1340 3971 interim
1361 3935 1455 3971 eos
1476 3920 1610 3971 flere
1639 3936 1751 3972 non
1783 3919 2036 3973 cessabat

439 4019 579 4074 quos
610 4005 873 4060 aviditate
897 4005 1198 4059 ditescendi
1229 4007 1402 4076 [mss.,
1434 4006 1673 4077 ditandi]
1695 4008 1847 4061 velut
1866 4025 2054 4078 quas--

437 4093 566 4147 dam
580 4109 829 4147 avesnox
853 4093 1133 4148 illuminat
1153 4101 1210 4148 et
1234 4096 1352 4149 dies
1371 4103 1572 4150 caecat:
1608 4097 1725 4166 qui.
1756 4097 1891 4151 dum
1922 4113 2034 4151 non

438 4181 862 4251 dispositionem
894 4181 1013 4248 Dei,
1044 4184 1140 4237 sed
1173 4200 1304 4239 suos
1350 4185 1644 4239 intuentur
1680 4185 1930 4249 affectus,
1970 4186 2035 4240 lie

437 4270 678 4324 centiam
700 4271 786 4323 vel
816 4271 1206 4342 impunitatem
1239 4274 1513 4327 scelerum
1559 4274 1786 4328 omnino
1834 4280 2036 4345 putant

438 4374 562 4412 esse
583 4360 819 4413 tblicem.
867 4361 974 4415 Sed
1004 4378 1196 4415 eorum
1228 4361 1514 4417 interdum
1558 4362 1911 4416 immanitate
1937 4363 2034 4417 ﬂa-

434 4448 560 4517 gitii
588 4449 800 4503 cmlesti
823 4449 941 4503 viro
972 4450 1238 4504 beneficia
1285 4452 1665 4516 cumulantur,
1698 4452 1754 4505 in
1809 4457 2041 4523 tantum,

439 4541 504 4590 ut
530 4553 695 4592 omne
724 4538 828 4592 sibi
872 4539 1140 4609 gaudium
1197 4540 1502 4593 aestimaret
1540 4540 1865 4605 aliuturum,
1898 4541 2032 4594 dum

438 4626 749 4681 tentatione
774 4627 844 4681 ad
872 4626 1158 4682 victoriam
1180 4629 1404 4682 functus
1450 4629 1525 4682 sit
1578 4628 1911 4683 invidorum.
1948 4629 2034 4683 Id-

438 4714 586 4768 circo
609 4732 940 4787 quocunque
964 4733 1023 4771 se
1050 4724 1311 4784 verteret,
1342 4716 1638 4788 proﬁciens
1667 4718 1817 4772 ultra
1862 4725 2031 4790 atque

439 4817 692 4857 crescens
718 4804 855 4859 ibat.

791 4914 865 4966 De
893 4916 1009 4979 ejus
1027 4915 1091 4967 in
1110 4914 1351 4967 adversis
1374 4915 1669 4983 patientia.

510 5014 599 5073 44.
630 5016 925 5072 Gaudebat
952 5036 1083 5090 ergo
1128 5027 1192 5076 ut
1215 5019 1314 5075 Dei
1359 5020 1416 5075 in
1448 5038 1513 5075 eo
1542 5021 1920 5093 compleretur
1944 5039 2033 5076 vo-

436 5106 645 5167 luntas.
674 5108 805 5179 quia
819 5114 969 5163 totus
991 5108 1104 5165 Deo
1124 5109 1408 5180 subjectus
1427 5128 1547 5165 esse
1568 5110 1889 5183 parabatur.
1908 5111 2032 5165 Aie-

440 5195 535 5251 bat
560 5213 822 5268 namque,
855 5198 1004 5265 inter
1046 5198 1263 5271 reliqua
1291 5200 1575 5270 patientiae
1600 5217 1714 5255 suae
1750 5196 1936 5267 verba,
1960 5198 2029 5254 de

505 5348 530 5379 ι
543 5338 622 5392 En
652 5340 801 5394 Beda
823 5342 1149 5394 venerabilis
1164 5341 1347 5395 dictus
1364 5356 1395 5394 a
1418 5342 1714 5397 Paschasio
1732 5343 2032 5405 Radberto,

436 5427 547 5486 quo
572 5419 823 5486 tempore
854 5412 1022 5465 etiam
1052 5412 1222 5486 Jonas
1252 5412 1433 5486 eidem
1463 5415 1565 5486 hoc
1595 5423 2025 5486 cognomentum

432 5481 738 5611 tribui???
765 5483 976 5536 dictum
997 5486 1083 5535 est
1110 5482 1167 5535 in
1196 5481 1373 5553 ipsius
1400 5481 1563 5539 Beda).
1601 5481 1781 5556 elogio
1835 5486 1906 5540 ad
1934 5501 2025 5539 an-

434 5568 571 5610 num
711 5598 723 5611 .
1150 5573 1175 5591 ο

2123 3335 2393 3397 amiserit,
2427 3352 2536 3406 quo
2571 3336 2883 3390 reverentia
2920 3335 3121 3406 dignus
3142 3335 3355 3389 censeri
3388 3341 3597 3406 posset,
3627 3332 3723 3388 sed

2120 3423 2488 3478 aestimatione
2516 3425 2664 3495 vulgi
2697 3424 2945 3497 privatus
2968 3425 3197 3478 honoris
3217 3422 3417 3485 ofﬁcio.
3445 3430 3722 3495 quantum

2118 3511 2175 3565 in
2208 3511 2343 3582 ipsis
2374 3513 2498 3573 fuit.
2524 3511 2864 3582 dignitatum
2886 3512 3119 3568 falcibus
3151 3506 3500 3567 redhibetur.
3545 3512 3717 3567 Ciste-

2116 3616 2243 3655 rum
2290 3600 2641 3667 exhonorari,
2673 3601 2817 3657 sicut
2865 3604 3119 3657 consulta
3170 3602 3374 3656 veritas
3430 3601 3718 3671 patefacit,

2116 3704 2227 3743 non
2262 3696 2500 3763 poterat,
2533 3707 2698 3761 quem
2731 3689 2971 3744 cmlestis
2997 3691 3181 3761 gratia
3208 3691 3552 3755 illustrabat,
3585 3707 3721 3761 prae-

2116 3779 2308 3834 sertim
2340 3796 2467 3833 cum
2498 3778 2778 3834 indebitus
2807 3776 2985 3833 honor
3016 3778 3199 3850 potius
3236 3785 3429 3850 turpet
3451 3778 3718 3850 insipien-

2114 3872 2252 3935 tem,
2284 3867 2417 3924 dum
2448 3869 2682 3922 summis
2710 3864 2933 3923 sedibus
2972 3867 3305 3929 inclarescit,
3334 3885 3508 3940 quam
3557 3868 3715 3921 deco-

2115 3964 2238 4025 ret;
2260 3959 2392 4032 quia
2412 3956 2597 4012 minus
2626 3956 2748 4027 ers
2768 3957 3007 4013 dedecus
3037 3955 3324 4029 patuisset,
3348 3958 3396 4011 si
3439 3974 3554 4011 non
3585 3954 3711 4010 altis

2116 4040 2519 4101 Subiimaretur
2537 4046 2732 4100 officiis
2766 4064 2776 4100 :
2807 4062 2917 4117 quo
2938 4044 3089 4101 velut
3118 4051 3333 4100 struma
3361 4047 3452 4116 (ut
3483 4045 3708 4117 quidam

2116 4137 2216 4204 ait)
2248 4135 2304 4189 in
2335 4134 2628 4206 superficie
2657 4134 2801 4188 cutis
2822 4135 3049 4196 eminet.
3082 4130 3230 4189 unde
3279 4134 3547 4205 indignus
3576 4152 3710 4206 prae-

2116 4224 2266 4277 latus
2294 4224 2469 4277 videri
2492 4224 2689 4295 possit.
2714 4222 2821 4278 Sed
2853 4240 3022 4278 senex
3049 4230 3238 4277 noster
3275 4240 3388 4277 non
3419 4231 3537 4277 tam
3571 4221 3706 4276 alie-

2050 4341 2096 4400 D
2115 4313 2203 4366 nis
2233 4326 2399 4383 quam
2424 4312 2664 4383 propriis
2695 4313 3023 4366 meritorum
3070 4311 3377 4365 honoribus
3406 4310 3616 4382 ubique
3642 4310 3709 4364 ab

2116 4401 2375 4456 omnibus
2403 4410 2722 4465 veneratur,
2743 4401 2813 4454 ab
2841 4400 3101 4455 omnibus
3128 4401 3353 4455 interim
3388 4401 3597 4471 dignus
3617 4399 3710 4454 ho-

2114 4507 2251 4545 nore
2276 4497 2551 4545 censetur.
2586 4491 2986 4544 Verumtamen
3015 4490 3144 4560 quia
3175 4489 3481 4560 improbos,
3500 4489 3708 4553 utdixi.

2116 4578 2360 4649 dignitas
2407 4579 2764 4633 revertendos
2801 4579 2999 4649 nequit
3040 4578 3240 4642 facere,
3271 4579 3409 4632 dum
3457 4578 3711 4649 pluribus

2115 4684 2210 4723 eos
2241 4674 2505 4731 ostentat,
2539 4667 2634 4721 sed
2665 4667 3058 4738 despectiores.
3090 4667 3205 4720 imo
3233 4667 3497 4737 indignos
3515 4668 3709 4721 eadem

2112 4757 2358 4827 dignitas
2386 4757 2543 4813 facit.
2576 4757 2852 4811 Caeterum
2885 4772 3074 4809 senem
3107 4766 3364 4810 nostrum
3393 4762 3561 4810 tanta
3574 4771 3714 4827 pre-

2115 4846 2296 4900 ditum
2337 4845 2630 4915 dignitatis
2675 4845 3092 4916 magniﬁcentia
3135 4844 3309 4899 fuisse
3350 4848 3597 4909 constat,
3650 4844 3711 4898 ut

2113 4951 2227 4988 non
2258 4934 2440 4988 solum
2469 4951 2571 5005 per
2595 4933 2959 4988 sublimitatis
2990 4933 3201 5003 gradus
3235 4934 3396 4987 illum
3426 4934 3708 5004 continge

2114 5029 2203 5077 ret
2230 5023 2405 5076 videri
2432 5023 2841 5084 honorandum,
2889 5022 2985 5075 sed
3012 5022 3145 5092 quia
3174 5022 3352 5075 multo
3378 5028 3507 5075 erat
3542 5022 3712 5076 fultus

2112 5112 2393 5177 consultu,
2425 5111 2632 5165 idcirco
2659 5112 2829 5165 etiam
2859 5110 3008 5164 inter
3033 5110 3255 5179 ignotos
3293 5110 3539 5164 nimium
3567 5107 3711 5164 vide-

2111 5206 2270 5256 retur
2294 5195 2655 5255 honorabilis.

2188 5334 2217 5384 ι
2245 5340 2616 5412 Adalhardus,
2650 5341 2782 5399 dum
2819 5342 2876 5395 in
2895 5336 3002 5412 illa
3021 5340 3203 5395 insula
3235 5342 3533 5401 exsularet.
3542 5340 3709 5412 jussit

2110 5411 2346 5468 describi
2366 5408 2669 5484 Historiam,
2688 5412 2756 5467 tri
2766 5410 3047 5484 pertitaui,
3072 5412 3252 5483 tjualis
3263 5412 3534 5484 hactenus
3545 5408 3709 5467 inter

2109 5496 2244 5539 mss.
2276 5485 2494 5539 codices
2536 5482 2888 5556 Bibliotheca}
2915 5482 3269 5539 Corbeiensls
3297 5482 3446 5556 apud
3475 5498 3579 5538 nos
3622 5486 3707 5536 ss-

2111 5561 2369 5612 servatur
2395 5556 2501 5611 sub
2521 5570 2757 5611 numero
2785 5553 2907 5612 507.
