4000 6170
310 254 448 314 1533

631 380 982 453 Applaudent
1007 387 1057 439 et
1084 388 1569 453 congratulantur.

374 486 465 544 46.
497 486 619 551 Quo
664 486 875 544 factum
929 494 1015 544 est
1051 494 1133 555 ut,
1189 499 1414 561 peracto
1468 498 1736 563 tempore,
1781 509 1908 547 cum

306 593 530 631 summo
558 577 786 632 tandem
818 585 1173 635 revocaretur
1205 580 1493 651 obsequio,
1517 588 1582 637 ut
1611 582 1905 652 pristinam

303 666 580 737 reciperet
601 666 933 736 dignitatem
964 674 1000 731 ⁸,
1036 669 1242 738 passim
1276 670 1536 725 omnibus
1575 671 1904 726 exsultanti-

303 754 411 809 bus
435 761 493 809 et
529 756 1049 825 congratulantibus
1078 774 1221 827 pene
1248 760 1481 814 cunctis.
1507 760 1665 814 Unde
1704 760 1907 815 laetitiae

305 860 465 898 voces
494 844 623 898 hinc
652 844 781 900 inde
810 845 881 899 ad
910 846 1112 902 caelum
1142 863 1318 917 usque
1364 847 1721 903 tollebantur.
1763 848 1906 903 Gra-

301 932 639 987 tulabantur
685 935 1085 989 monachorum
1139 936 1409 1001 coenobio,
1456 936 1763 992 resultabat
1810 940 1905 1007 ju-

302 1022 591 1076 cunditate
620 1023 802 1077 clerus
832 1024 1216 1089 ecclesiarum,
1259 1026 1409 1095 vulgi
1449 1042 1671 1097 quoque
1696 1026 1905 1096 gaudia

301 1110 513 1181 ubique
534 1110 820 1177 ridebant;
854 1112 1033 1168 factus
1053 1119 1139 1168 est
1165 1123 1353 1169 autem
1371 1131 1674 1170 concursus
1691 1115 1898 1185 populi,

303 1201 464 1270 quasi
494 1201 542 1255 si
567 1201 627 1256 in
668 1202 954 1256 communi
983 1203 1236 1258 omnium
1278 1203 1422 1259 festo
1470 1204 1594 1259 coeli
1625 1204 1901 1275 praeconio

300 1289 539 1361 insignis
568 1290 917 1347 redderetur.

786 1390 1065 1443 Heriemes
1088 1393 1193 1444 soli
1215 1392 1416 1445 dolent.
1518 1406 1521 1407 '

374 1486 462 1542 47.
494 1486 721 1540 Fratres
747 1491 936 1539 autem
967 1503 1093 1540 cum
1124 1487 1327 1558 quibus
1347 1488 1573 1543 interim
1604 1489 1895 1559 deguerat,

302 1575 497 1631 audito
555 1591 669 1628 suae
725 1576 1092 1644 regressionis
1138 1576 1248 1641 die,
1307 1582 1598 1647 coeperunt
1656 1580 1900 1648 profecto

302 1663 626 1719 contristari
657 1669 714 1718 et
738 1665 922 1717 maesti
952 1681 1093 1729 esse,
1127 1672 1297 1735 atque
1327 1667 1739 1736 quodammodo
1768 1683 1901 1737 gra-

301 1753 473 1807 tulari
506 1771 518 1805 :
545 1757 851 1823 contraque
882 1769 995 1824 prie
1036 1754 1209 1807 nimio
1239 1770 1431 1808 amore
1454 1755 1670 1824 ingenti
1710 1756 1899 1809 animo

300 1842 1080 1913 lacrymabantJaerymando
1109 1859 1332 1914 quoque
1353 1844 1441 1897 vix
1469 1861 1595 1897 eum
1618 1845 1899 1898 dimittere

301 1932 673 2002 cogebantur.
715 1933 870 1987 Inter
908 1949 1046 2003 quos
1071 1935 1272 1987 virtute
1300 1933 1631 1987 venerabilis
1655 1934 1903 2004 Ragnar-

300 2020 426 2082 dus,
460 2020 555 2090 qui
590 2025 784 2090 postea
814 2020 984 2074 abbas
1013 2018 1040 2058 δ
1066 2022 1311 2091 eligitur.
1347 2023 1626 2093 praecipuo
1656 2022 1900 2076 fervebat

297 2108 504 2162 mentis
523 2109 742 2180 spiritu,
764 2111 902 2162 ﬂens
924 2124 1158 2163 maerore
1179 2110 1372 2175 animi,
1397 2117 1453 2164 et
1475 2112 1659 2164 ﬂendo
1676 2128 1897 2182 quoque

295 2197 613 2252 laetabatur.
646 2198 966 2251 Laetabatur
993 2199 1236 2268 quidem,
1261 2199 1394 2269 quia
1412 2200 1663 2253 veritatis
1679 2207 1898 2254 amator

299 2286 485 2339 locum
517 2286 694 2339 taxati
725 2286 910 2339 meriti
951 2287 1286 2357 recepisset;
1331 2288 1425 2341 sed
1475 2289 1699 2342 dolebat
1738 2290 1897 2344 valde

298 2374 449 2445 quod
480 2375 624 2428 tanti
656 2374 755 2428 viri
787 2376 1083 2445 praesentia
1124 2376 1464 2446 privabatur.
1499 2378 1658 2432 Unde
1686 2378 1896 2432 factum

302 2468 391 2516 est
414 2469 496 2519 ut.
530 2479 654 2516 cum
691 2464 815 2534 pius
843 2465 942 2517 Dei
974 2466 1155 2519 cultor
1196 2467 1316 2535 jam
1361 2468 1594 2536 jamque
1637 2468 1767 2521 inde
1796 2468 1895 2521 ab-

300 2551 430 2616 iret,
465 2556 522 2604 et
551 2568 745 2606 omnes
779 2553 978 2607 fratres
1028 2555 1246 2608 ardenti
1284 2556 1471 2609 animo
1503 2557 1624 2625 ejus
1662 2557 1899 2626 vestigia

296 2655 641 2711 gressusque
698 2642 1002 2697 osculando
1054 2643 1318 2714 iacrymis
1372 2643 1683 2705 abluerent,
1735 2646 1897 2716 eique

303 2728 697 2791 valedicerent,
728 2730 990 2801 prmfatus
1018 2732 1102 2784 vir
1131 2733 1229 2789 Dei
1259 2733 1410 2787 domi
1453 2734 1599 2788 infra
1627 2735 1901 2807 lacryma—

302 2833 433 2875 rum
489 2817 744 2876 cubicula
798 2836 919 2877 sese
968 2821 1286 2892 reciperet,
1338 2839 1409 2876 ne
1451 2822 1898 2894 proficiscentem

297 2905 533 2970 videret,
564 2923 731 2978 quem
772 2909 1065 2980 plusquam
1102 2926 1162 2967 se
1210 2926 1435 2965 manere
1479 2928 1667 2965 secum
1706 2912 1889 2975 vellet,

1477 260 1571 319 DE
1609 262 1780 318 VITA
1818 262 1875 318 s.
1916 222 2362 324 ADALHARDI.

3439 260 3585 321 1534

1923 389 1975 450 Α
1992 380 2246 460 ρὲτνθηὶι
2269 390 2339 445 ad
2368 390 2640 462 palatium
2664 409 2676 446 :
2708 389 2806 446 ubi
2833 393 3091 462 suscepto
3118 405 3185 445 eo
3203 386 3582 445 ambitioseab

1993 479 2270 543 omnibus,
2306 480 2602 551 qumsitum
2630 485 2716 534 est
2744 479 3022 551 quomodo
3054 478 3105 533 ei
3133 477 3402 533 celsitudo
3430 475 3586 547 regia

1989 568 2351 635 satisfaceret,
2409 569 2543 640 quia
2587 569 2864 623 timebant
2906 585 3006 641 pro
3050 567 3193 622 tanti
3241 566 3345 621 viri
3376 565 3586 637 injuria

1987 656 2585 735 futurum‘discrimen
2632 659 2940 713 incurrere.
2980 657 3137 712 Tunc
3183 655 3376 709 beatus
3416 669 3585 709 senex

1988 746 2182 800 videns
2207 746 2420 816 pudore
2448 745 2621 801 animi
2652 744 2790 800 talia
2838 744 3196 806 meditantes,
3247 742 3467 813 proruit
3512 740 3583 795 ad

1988 834 2257 893 medium,
2272 841 2331 888 et
2344 834 2710 889 verecundam
2730 833 2876 903 regis
2891 836 3136 885 mentem
3148 830 3369 885 blandis
3389 829 3585 885 delini-

1987 923 2067 977 vit
2084 924 2363 977 affatibus.
2394 923 2685 977 Persuasit
2706 929 2895 977 autem
2913 921 2993 975 nil
3012 936 3139 974 eum
3171 919 3240 973 de
3261 917 3581 988 bujusmodi

1986 1012 2131 1068 facto
2160 1013 2218 1068 in
2248 1014 2437 1067 animo
2465 1013 2728 1080 retinere,
2779 1012 2878 1067 sed
2909 1009 3100 1065 omnia
3140 1025 3199 1063 se
3239 1008 3341 1065 Dei
3366 1006 3579 1081 judicio

1985 1102 2256 1173 deputare
2284 1102 2507 1159 debere.
2586 1094 2599 1102 ’

2411 1227 2653 1282 ϐωηοὸιό
2680 1242 2777 1279 suo
2812 1228 3148 1280 restituitur.

2056 1351 2144 1407 49.
2170 1350 2390 1405 Interea
2418 1357 2560 1411 tum,
2605 1351 2798 1405 eodem
2837 1354 3073 1420 cogente
3118 1348 3388 1420 principe.
3431 1362 3580 1401 com-

1982 1439 2210 1511 pellitur
2231 1441 2480 1511 recipere
2506 1457 2669 1496 suum
2698 1446 2904 1493 sancta:
2930 1439 3057 1493 vitae
3076 1437 3388 1491 coenobium
3414 1435 3578 1506 ﬂagi-

1982 1529 2233 1584 tantibus
2263 1530 2393 1584 ﬁliis
2422 1529 2557 1594 suis,
2575 1536 2639 1583 ut
2665 1545 2794 1583 eum
2822 1529 3023 1582 saltem
3050 1542 3382 1597 quocunque
3411 1524 3577 1578 modo

1983 1619 2231 1688 recipere
2274 1618 2629 1672 meruissent.
2664 1617 2749 1670 Ad
2787 1632 2928 1686 quos
2975 1631 3102 1669 cum
3139 1613 3454 1667 advenisset
3479 1612 3578 1666 diu

1918 1706 2347 1770 Bdesideratus,
2373 1713 2436 1760 ut
2464 1707 2570 1777 piis
2598 1722 2790 1760 eorum
2817 1705 3280 1775 complecteretur
3298 1703 3418 1771 jam
3435 1703 3580 1771 jam-

1981 1812 2090 1866 que
2112 1796 2476 1866 amplexibus.
2495 1794 2729 1849 vexabat
2755 1810 2882 1847 eum
2904 1793 3103 1847 salutis
3132 1791 3360 1845 inimica
3386 1790 3573 1858 febris,

1980 1888 2061 1940 ita
2090 1893 2152 1941 ut
2180 1886 2393 1957 gemini
2421 1884 2653 1938 affectus
2691 1883 3044 1952 singulorum
3085 1880 3304 1935 animos
3353 1879 3575 1933 saucia-

1981 1982 2126 2031 rent.
2162 1972 2456 2043 Pugnabat
2494 1972 2768 2042 siquidem
2818 1971 2877 2025 in
2926 1969 3163 2039 singulis
3198 1980 3404 2021 mceror
3430 1983 3578 2021 eom-

1981 2064 2256 2137 passionis
2281 2068 2338 2117 et
2366 2062 2569 2116 ltetitize
2595 2060 2794 2124 fervor,
2838 2075 2904 2113 eo
2934 2058 3084 2129 quod
3111 2057 3368 2111 viderent
3393 2071 3573 2111 mem-

1980 2151 2080 2207 bra
2128 2150 2443 2205 cherissimi
2473 2150 2577 2203 viri
2630 2147 2927 2202 saevissime
2968 2145 3185 2211 laniari,
3235 2161 3337 2215 pro
3365 2160 3475 2215 quo
3504 2143 3575 2197 li-

1982 2241 2132 2295 benti
2171 2241 2361 2294 animo
2409 2240 2578 2293 etiam
2609 2238 2733 2290 vita:
2776 2252 2945 2307 quam
2994 2235 3166 2288 fortes
3216 2233 3576 2304 dispendium

1977 2331 2338 2384 sustinerent.
2359 2326 2630 2382 Vincebat
2657 2331 2845 2379 autem
2864 2340 3058 2378 omnes
3081 2340 3231 2377 nunc
3250 2322 3575 2393 jucundita-

1976 2421 2048 2472 tis
2094 2417 2443 2487 magnitudo,
2489 2431 2638 2469 nunc
2682 2415 3060 2484 lacrymarum
3108 2411 3332 2472 effusio;
3393 2416 3450 2464 et
3487 2422 3577 2464 ex-

1977 2506 2249 2561 tollebant
2277 2505 2443 2558 simul
2464 2503 2671 2557 mistim
2701 2518 2880 2571 usque
2910 2501 2979 2555 ad
3009 2494 3208 2553 coelum
3240 2498 3444 2553 laetitias
3460 2498 3578 2553 lau-

1979 2596 2096 2660 des,
2127 2601 2190 2649 ut
2217 2595 2274 2647 in
2302 2611 2368 2647 eo
2394 2593 2692 2647 Dominum
2725 2591 2857 2644 illuc
2883 2589 3174 2643 advenisse
3196 2589 3385 2641 nullus
3404 2586 3580 2641 ambi-

1977 2694 2155 2755 geret.
2189 2686 2277 2738 cui
2301 2684 2381 2737 ita
2398 2689 2656 2753 suscepto
2684 2682 2764 2734 ita
2793 2677 3333 2749 congratulabantur
3348 2691 3570 2741 omnes;

1980 2775 2244 2844 idemque
2272 2772 2514 2842 benigne
2542 2771 2818 2826 allocutus
2846 2774 2933 2823 est
2958 2767 3269 2821 universos.

2424 2906 2493 2961 In
2517 2906 2797 2976 palatium
2825 2905 3131 2956 revocatur.

294 3011 400 3069 pro
425 3011 534 3066 quo
560 2996 703 3053 mori
729 2997 1309 3098 etiam‘proculdubio
1340 3005 1569 3070 paratus
1598 3007 1762 3098 esset.
1788 3001 1897 3098 Sed
1915 3020 1958 3081 α
2053 3032 2139 3090 50⁵
2174 3033 2281 3088 Sed
2310 3047 2435 3086 cum
2478 3029 2685 3085 ibidem
2715 3028 3122 3098 aliquantisper
3149 3025 3387 3080 dulciter
3415 3025 3576 3095 φύε,

293 3100 424 3139 cum
455 3101 621 3139 senex
647 3102 775 3141 eum
811 3087 1047 3143 multum
1079 3088 1286 3161 diuque
1316 3090 1684 3160 exspectando
1707 3089 1896 3163 requi-

293 3177 465 3238 reret,
492 3172 749 3227 inventus
765 3180 851 3228 est
880 3174 935 3229 in
963 3176 1204 3246 quodam
1235 3177 1589 3233 obscuritatis
1611 3180 1729 3233 loco
1756 3180 1896 3232 ﬂens

296 3266 355 3314 et
401 3261 637 3331 ejulans,
697 3263 986 3335 multaque
1026 3266 1254 3321 trahens
1306 3268 1567 3338 suspiria.
1621 3269 1725 3335 Qui
1768 3285 1894 3323 cum

293 3354 524 3405 vocatus
579 3357 727 3409 esset
776 3359 839 3406 ut
889 3352 1007 3407 seni
1066 3353 1415 3420 valedicerct,
1465 3356 1671 3426 illeque
1723 3357 1897 3410 nollet

296 3438 470 3503 exire,
504 3449 761 3510 precatus
792 3449 877 3497 est
905 3442 1283 3499 internuntios
1315 3461 1383 3498 ne
1408 3462 1534 3499 eum
1566 3446 1641 3498 ibi
1670 3446 1895 3515 ploran-

294 3534 409 3583 tem
440 3529 784 3598 detegerent.
819 3532 979 3596 Quod
1010 3533 1243 3587 audiens
1285 3534 1528 3587 Charitas
1553 3535 1730 3589 sancti
1770 3535 1892 3599 viri,

292 3618 611 3689 regreditur
652 3621 773 3691 jam
818 3620 887 3673 de
940 3622 1085 3684 navi,
1142 3638 1209 3675 ne
1269 3622 1501 3679 fratrem
1553 3640 1717 3695 quem
1773 3641 1898 3683 san-

295 3712 447 3763 ctum
492 3713 742 3772 noverat,
807 3708 1216 3765 inosculantem
1268 3710 1571 3766 omitteret.
1627 3711 1895 3765 Veniente

294 3800 487 3851 autem
523 3796 593 3851 ad
619 3812 745 3851 eum
776 3803 968 3851 sancto
997 3815 1148 3862 sene,
1181 3799 1349 3870 cmpit
1377 3799 1521 3857 idem
1555 3799 1772 3870 magnis
1802 3816 1897 3852 vo-

295 3884 453 3941 cibus
482 3884 786 3961 inclainare
819 3901 883 3939 ac
911 3885 1132 3941 dicere:
1167 3887 1310 3951 Quid
1354 3888 1440 3941 hic
1471 3890 1738 3960 quaesisti.
1770 3889 1898 3941 felix

293 3972 508 4028 Pater?
555 3974 637 4028 vel
666 3990 766 4027 cur
812 3980 868 4031 te
914 3976 1047 4031 mihi
1097 3993 1244 4033 nunc
1292 3978 1587 4033 ostendere
1634 3978 1897 4035 voluisti?

293 4062 537 4128 Testem,
581 4063 783 4136 inquit,
818 4064 995 4121 Deum
1027 4065 1223 4130 habeo,
1267 4066 1400 4136 quia
1445 4068 1667 4124 mallem
1717 4072 1773 4122 te
1807 4068 1897 4123 hic

294 4159 580 4207 mortuum
627 4152 881 4223 sepelire,
943 4170 1109 4224 quam
1164 4171 1251 4210 me
1296 4155 1491 4210 relicto
1542 4156 1673 4208 hinc
1714 4156 1895 4213 vivum

296 4240 523 4296 habere.
555 4242 711 4296 Tunc
738 4258 932 4295 omnes
955 4242 1155 4297 fratres
1185 4250 1241 4296 et
1270 4243 1466 4299 famuli
1511 4245 1730 4315 magnis
1765 4263 1894 4301 eum

293 4336 715 4401 prosequuntur
757 4330 1015 4397 ﬂetibus;
1057 4332 1313 4389 levantur
1355 4333 1475 4389 vela
1519 4334 1770 4397 tandem,
1806 4352 1894 4387 re-

293 4420 876 4493 migiaiinpelluntur;
893 4421 1029 4478 dant
1049 4438 1242 4479 omnes
1260 4422 1556 4494 gemitum,
1574 4429 1630 4477 et
1649 4424 1718 4481 ad
1737 4424 1893 4481 littus

291 4526 361 4565 eo
395 4525 570 4581 usque
598 4516 937 4583 exspectant,
979 4512 1227 4585 quandiu
1258 4529 1386 4567 eum
1423 4519 1649 4582 possent
1680 4514 1893 4585 conspi-

293 4613 460 4667 cere;
491 4597 736 4653 fervebat
763 4616 891 4655 vero
920 4599 977 4653 in
1009 4602 1089 4655 eis
1121 4618 1265 4657 unus
1313 4601 1545 4676 spiritus
1576 4603 1804 4671 amoris,
1837 4610 1893 4659 et

292 4686 422 4741 ideo
454 4701 566 4743 non
596 4703 655 4741 se
683 4692 945 4758 poterant
973 4689 1277 4745 continere.

631 4785 963 4852 Imperatori
988 4792 1171 4856 parcit
1201 4792 1291 4843 vir
1317 4795 1559 4846 sanctus.

367 4878 454 4938 48.
486 4882 586 4939 Ille
617 4899 747 4939 vero
784 4884 984 4939 solutis
1023 4887 1209 4943 carnis
1255 4888 1502 4957 quidem,
1552 4906 1667 4945 non
1712 4890 1895 4945 cordis

293 4971 635 5042 aspectibus,
652 4972 820 5043 longa
835 4976 1082 5043 corporis
1109 4981 1432 5034 attenuatus
1453 4980 1648 5045 macie,
1665 4980 1893 5035 tandem

367 5122 402 5190 ﬁ
433 5112 1070 5190 Istiusnrestitutionis
1090 5118 1397 5190 meminere
1432 5119 1786 5190 Eginliardus
1837 5127 1891 5176 et

292 5184 538 5311 gﬁptor
583 5185 723 5240 Vitae
753 5187 1017 5241 Ludovici
1048 5189 1130 5241 Pii
1160 5190 1230 5243 ad
1277 5184 1507 5247 annum'
1524 5192 1620 5249 821
1660 5208 1769 5265 quo
1799 5208 1891 5247 ac-

388 5272 451 5310 Ιῐ.

366 5323 395 5402 ξ)
421 5326 477 5382 Si
507 5327 789 5402 Heriensis
831 5331 1155 5402 monasterii
1184 5332 1422 5389 omissus
1452 5337 1539 5387 est
1574 5333 1631 5389 in
1658 5333 1893 5402 vulgatis

292 5394 564 5454 abbatum
590 5399 942 5455 Heriensium
973 5403 1265 5466 indicibus,
1297 5402 1563 5459 locandus
1612 5394 1890 5460 intervAr-

295 5468 660 5544 n_u_lfum._qui
691 5476 810 5525 tum
847 5472 1018 5527 abbas
1066 5479 1188 5527 erat
1234 5481 1291 5528 et
1339 5474 1701 5531 Heriboldum
1734 5490 1744 5527 :
1781 5492 1890 5544 quo

296 5536 501 5594 abbate
527 5536 674 5595 facta
701 5548 785 5597 est
813 5545 1062 5615 corporis
1091 5546 1270 5599 sancti
1295 5544 1548 5601 Filiberti
1574 5536 1886 5611 translaﬁo,

1976 3124 2180 3187 visset,
2234 3121 2525 3177 charitatis
2579 3119 2760 3173 oflicio
2809 3116 3154 3187 jucundatus
3181 3155 3196 3176 ,
3246 3114 3451 3169 iterum
3506 3113 3577 3167 ab

1977 3215 2231 3283 Augusto
2257 3210 2558 3281 gloriosius
2576 3206 2899 3268 accersitur,
2913 3211 2971 3259 et
3000 3204 3147 3258 redit
3165 3202 3235 3257 ad
3268 3201 3571 3272 palatium:

1978 3301 2073 3355 ubi
2103 3317 2229 3354 cum
2260 3300 2568 3364 introisset,
2610 3298 2760 3351 velut
2799 3295 3029 3365 quidam
3063 3292 3158 3357 ait,
3194 3291 3466 3346 virtutum
3493 3305 3579 3344 ra-

1978 3393 2086 3447 diis
2123 3393 2459 3452 illustratus,
2493 3390 2626 3460 quia
2653 3388 2804 3441 venit
2829 3387 3015 3447 Titan,
3049 3388 3401 3437 marcescunt
3428 3382 3578 3436 side-

1979 3498 2059 3534 ra.
2087 3480 2363 3550 Apparuit
2404 3489 2589 3531 autem
2642 3477 2790 3530 illico
2829 3475 3040 3528 nudata
3068 3470 3411 3542 insipientia,
3448 3486 3571 3539 qua

1978 3567 2276 3637 tegebatur
2301 3566 2470 3638 pallio
2500 3564 2772 3634 caliginis,
2812 3568 2870 3616 et
2904 3562 3083 3615 factus
3125 3565 3210 3613 est
3249 3566 3447 3631 stupor
3486 3558 3576 3610 ni-

1980 3659 2144 3723 mius,
2177 3657 2303 3727 quis
2329 3661 2586 3709 senatum
2619 3652 2806 3724 pepuli
2832 3652 2902 3704 ad
2934 3656 3149 3703 tantam
3184 3648 3453 3721 ineptiam
3484 3647 3577 3701 de-

1980 3746 2242 3800 duxisset.
2281 3745 2387 3808 Qui
2417 3747 2703 3814 comperto
2735 3757 2844 3794 non
2872 3754 3069 3810 parum
3100 3754 3194 3791 eos
3220 3735 3347 3811 [al.,
3381 3733 3460 3809 se]
3493 3735 3576 3789 in-

1978 3834 2126 3887 vidia
2148 3833 2316 3887 fuisse
2335 3832 2575 3895 delusos,
2591 3829 2871 3883 duxerunt
2898 3827 2956 3882 in
2981 3825 3226 3887 irritum,
3259 3841 3400 3896 pene
3418 3823 3578 3896 quid-

1979 3924 2113 3996 quid
2148 3940 2245 3994 per
2272 3922 2376 3976 hoc
2404 3926 2644 3993 tempus,
2676 3924 2741 3973 ut
2770 3918 2851 3971 eis
2902 3917 3082 3969 visum
3130 3918 3232 3979 est,
3267 3929 3574 3984 argumen-

1977 4018 2097 4065 tose
2126 4017 2522 4075 tractaverant.
2557 4007 2801 4063 Solvitur
2844 4006 3032 4078 itaque
3073 4020 3217 4057 saeva
3262 4001 3575 4056 multorum

1977 4100 2266 4171 captivitas
2306 4114 2520 4163 eorum,
2574 4096 2812 4150 maxime
2852 4094 2948 4165 qui
2980 4111 3044 4147 ex
3090 4091 3243 4163 regio
3292 4089 3576 4163 pollebant

1977 4190 2209 4245 semine.
2270 4184 2542 4241 Redditur
2588 4202 2720 4257 ergo
2770 4185 2826 4237 in
2877 4200 2988 4238 uno
3019 4181 3250 4236 libertas
3290 4179 3569 4246 omnibus,

1977 4294 2309 4350 quocunque
2337 4278 2393 4330 in
2423 4276 2542 4329 loco
2572 4279 2919 4337 tenerentur,
2964 4271 3072 4326 nisi
3104 4287 3248 4342 quos
3276 4269 3390 4323 vita
3417 4268 3574 4340 prius

1914 4377 2131 4434 Diuors
2180 4366 2445 4437 privarat.
2477 4363 2617 4418 Tum
2676 4361 2877 4419 deinde
2934 4358 3304 4430 quorumdam
3342 4362 3577 4411 tonsura

1973 4462 2202 4529 propter
2229 4454 2431 4509 furoris
2457 4452 2720 4507 saevitiam
2753 4450 2910 4504 illata
2928 4447 3154 4503 transiit
3176 4448 3246 4501 ad
3276 4461 3561 4512 coronam,

1974 4552 2029 4598 et
2057 4546 2195 4598 dant
2232 4545 2342 4598 Deo
2386 4553 2583 4615 sponte
2627 4540 2775 4613 quod
2822 4539 3034 4595 dudum
3079 4535 3239 4593 inviti
3285 4534 3447 4609 quasi
3487 4530 3565 4589 'ad

1976 4633 2342 4704 ignominiam
2366 4636 2742 4701 susceperant.

2073 4767 2381 4835 Imperator
2401 4766 2611 4834 publice
2640 4778 2765 4816 cum
2778 4763 2909 4815 aliis
2930 4761 3312 4831 penitentiam
3331 4761 3468 4828 agit.

2048 4890 2134 4951 bl.
2187 4890 2331 4955 Quid
2361 4888 2556 4959 plura?
2582 4888 2700 4958 ipse
2736 4885 3014 4956 gloriosus
3055 4884 3364 4955 imperator
3392 4884 3572 4956 publi-

1976 4997 2098 5037 cam
2123 4997 2189 5035 ex
2213 4978 2495 5035 nonnullis
2515 4976 2631 5032 suis
2659 4974 2907 5031 restibus
2933 4974 3321 5045 pmnitentiam
3339 4983 3366 5014 ο
3391 4973 3573 5029 susci-

1973 5124 2133 5191 cujus
2156 5121 2391 5175 historia
2421 5120 2477 5174 in
2503 5116 2974 5191 consequentibus
2999 5116 3312 5191 referenda.

2044 5184 2302 5262 éNempe
2340 5192 2398 5245 in
2424 5184 2707 5245 conventu'
2744 5188 3013 5245 Attiniaci
3053 5187 3278 5262 habito,_
3295 5184 3389 5262 ubi
3421 5190 3564 5262 teste

1974 5257 2311 5334 Eginhardo,
2344 5266 2405 5315 de
2434 5266 2504 5315 iis
2535 5279 2652 5330 qua;
2671 5279 2800 5329 erga
2830 5260 3214 5334 Bern/tardum
3243 5260 3425 5334 ﬁlium
3447 5257 3566 5334 fra-

1976 5327 2076 5389 tr'is
2096 5338 2188 5387 sui
2206 5337 2450 5402 Pippim',
2470 5327 2678 5389 necnon
2698 5327 2746 5388 et
2764 5337 2910 5388 circa
2924 5330 3300 5402 Adet/tardum
3317 5327 3566 5382 abbatem

1973 5412 2019 5458 el
2050 5400 2286 5471 fratrem
2304 5400 2432 5473 ejus
2477 5404 2788 5460 Walachum
2811 5410 2956 5472 gesta
2976 5404 3126 5473 sunt,
3147 5400 3428 5473 publicam
3442 5414 3567 5473 cpn-

1970 5468 2257 5543 fesiionem
2287 5468 2435 5543 fecit,
2461 5484 2509 5531 et
2525 5468 2909 5544 penitentiam
2934 5472 3222 5544 egitlLege
3251 5468 3436 5544 Vitam
3458 5468 3568 5544 Luj

1970 5539 2148 5605 devici
2178 5547 2262 5607 Pii
2287 5539 2362 5604 ad
2391 5539 2780 5615 sumiannum,
2814 5559 3015 5613 nempe
3042 5539 3180 5609 8'22;
3199 5545 3257 5600 et
3283 5539 3565 5612 Agobardi
