4000 6170
430 285 455 337 ’1
470 283 572 337 535

1184 282 1239 335 S.
1286 273 1667 333 PASCHASII
1704 267 2064 327 RADBERTI
2104 266 2405 322 ABBATIS
2442 261 2933 320 CORBEIENSIS.

3582 248 3722 306 1536

432 406 610 476 piens,
642 406 823 461 factus
854 413 939 461 est
967 406 1216 461 omnium
1247 400 1615 461 humillimus,
1633 398 1727 469 qui
1752 395 1911 467 quasi
1935 411 2027 448 re-
2045 392 2206 453 Aille
2234 391 2320 446 sui
2349 389 2677 444 videbatur?
2706 387 2909 441 Fateor
2936 386 3101 457 plane
3126 382 3276 454 quod
3298 393 3598 449 nunquam
3614 375 3726 428 nisi

432 493 546 564 gali
571 494 809 548 elatione
838 495 943 548 sibi
966 494 1239 565 pessimus
1262 504 1559 561 pel-suasor
1577 487 1762 540 fuerat
1785 504 1797 537 :
1817 490 1881 538 ut
1896 500 2030 554 quo-

432 600 559 637 rum
593 585 737 637 oculi
768 585 1115 638 offenderant
1142 582 1199 635 in
1219 580 1441 643 delicto,
1469 575 1846 630 satisfactione
1877 572 2033 641 regia

434 680 807 737 sanarentur;
836 673 1141 744 praesertim
1165 670 1313 740 quod
1343 670 1464 738 ejus
1494 667 1631 719 velle
1662 670 1889 718 cunctos
1908 679 2035 717 con-

435 763 701 825 siderare,
735 764 971 831 ejusque
1000 760 1148 814 nolle
1187 757 1506 828 conspicere
1537 754 1890 808 manifestum
1921 768 2033 806 non

437 850 762 921 ambigitur.
797 851 902 904 Sed
949 849 1058 902 nisi
1099 863 1354 901 reversus
1386 849 1533 898 esset
1569 842 1820 897 veritatis
1848 857 2034 894 asser-

438 946 547 1005 tor,
579 940 797 993 interea
829 938 1059 992 minime
1104 936 1402 1008 paruisset,
1445 950 1554 1004 quo
1586 931 1888 1000 lethargico
1918 929 2035 999 spi-

440 1028 554 1081 ritu
584 1033 990 1097 premerentur.
1022 1026 1182 1081 Unde
1208 1025 1377 1078 etiam
1402 1028 1623 1075 matura
1652 1024 1907 1073 senectus
1936 1033 2037 1070 cae-

440 1116 622 1170 citatis
644 1132 839 1169 eorum
860 1116 1062 1169 vulnus
1084 1113 1295 1168 salubri
1318 1110 1524 1166 Christi
1550 1109 1800 1163 antidoto
1822 1105 2033 1160 mederi

438 1204 823 1275 persuadendo
847 1203 1097 1261 curabat.

850 1323 1038 1379 Status
1069 1324 1228 1388 regni
1258 1321 1623 1387 reformatur.

516 1430 602 1485 52.
637 1431 715 1484 Ac
751 1428 952 1482 deinde
980 1426 1206 1481 studuit
1245 1430 1309 1478 ut
1348 1423 1583 1494 justitiae
1630 1421 1806 1474 virtus
1855 1422 1913 1471 et
1953 1433 2036 1470 sa-

442 1519 667 1590 pientiae
709 1535 840 1572 suas
868 1517 1183 1587 reciperent
1209 1514 1388 1577 sedes,
1422 1519 1485 1565 ut
1512 1508 1898 1579 unusquisque
1927 1522 2039 1560 ser-

441 1615 600 1661 varet
628 1606 732 1659 sibi
761 1606 1118 1660 commissum
1163 1603 1468 1672 negotium,
1494 1606 1550 1653 et
1577 1615 1678 1652 sua
1705 1597 1904 1667 cuique
1932 1596 2039 1648 lar-

442 1696 701 1765 girentur
724 1696 873 1764 jura.
900 1695 1072 1747 Porro
1102 1692 1375 1746 novitates
1398 1705 1594 1742 vocum
1621 1693 1678 1740 et
1707 1684 2035 1739 temerarias

438 1785 601 1854 juxta
628 1784 958 1854 Apostolum
1006 1780 1488 1853 praesumptiones,
1530 1778 1683 1832 velut
1720 1781 1933 1846 pestem
1976 1774 2035 1828 in

445 1872 705 1927 omnibus
737 1871 1081 1943 reprimebat
1106 1874 1155 1925 ιΙ
1190 1872 1329 1924 Tim.
1361 1870 1449 1935 vx).
1485 1868 1665 1922 Omne
1692 1865 1865 1935 igitur
1892 1863 2040 1935 quod

444 1962 504 2016 in
530 1963 653 2031 lege
680 1961 970 2015 charitatis
996 1977 1109 2014 non
1139 1957 1444 2013 invenisset
1474 1956 1765 2010 inimicum
1803 1953 2042 2007 aestima-

444 2046 543 2103 bat
565 2050 699 2114 Deo,
731 2054 790 2103 et
810 2050 962 2103 velut
988 2063 1263 2102 venenum
1293 2044 1644 2115 repudiabat.
1679 2043 1934 2111 Cumque
1955 2039 2040 2093 his

444 2144 504 2192 et
528 2138 853 2208 hujusmodi
883 2137 1170 2208 praeconiis
1200 2136 1349 2189 velut
1388 2150 1589 2188 aurum
1621 2131 1913 2203 probatum
1940 2145 2040 2199 per

449 2226 658 2296 ignem,
690 2227 894 2281 clarius
921 2226 1234 2287 enituissct,
1272 2224 1449 2276 factus
1477 2228 1562 2276 est
1589 2219 1850 2274 omnibus
1878 2218 2040 2271 decu-

446 2316 539 2385 plo
568 2315 913 2377 honoratior,
929 2315 1084 2369 itaut
1109 2330 1205 2367 ore
1220 2313 1470 2367 omnium
1493 2309 1714 2380 egregie
1730 2313 2036 2361 resonaret.

448 2403 905 2473 Amplectebatur
932 2410 1120 2456 autem
1149 2408 1475 2455 cunctorum
1505 2398 1783 2461 manibus,
1799 2403 1853 2450 et
1880 2396 2040 2466 quasi

453 2497 615 2563 pater
639 2491 708 2546 ab
738 2493 995 2545 omnibus
1024 2490 1309 2545 colebatur
1334 2509 1346 2545 :
1399 2497 1630 2558 eratque
1671 2485 2038 2540 Ecclesiarum

452 2581 738 2650 magistris
767 2593 791 2620 ι
820 2582 972 2634 velut
999 2580 1313 2633 humilitate
1352 2578 1516 2639 ﬁlius,
1560 2575 1790 2629 consilio
1828 2590 1958 2627 vero
1988 2579 2043 2627 et

452 2671 754 2741 prudentia
807 2669 968 2741 quasi
1014 2668 1306 2723 subvector
1335 2668 1595 2737 inclytus.
1645 2664 1753 2728 Qui
1805 2680 1930 2717 cum
1965 2662 2043 2715 ita

450 2764 735 2829 satageret
762 2758 1091 2819 indefessus,
1108 2764 1173 2812 ut
1192 2756 1419 2828 perfecti
1449 2771 1643 2809 omnes
1667 2758 1724 2807 et
1752 2753 1866 2807 Deo
1889 2751 2044 2821 digni

448 2848 851 2913 invenirentur,
883 2847 1103 2901 videtur
1132 2847 1356 2900 demum
1387 2861 1561 2898 novus
1607 2841 1821 2896 renasci
1867 2841 2043 2895 Fran-

453 2953 645 2991 corum
677 2937 833 2999 ordo,
866 2942 922 2990 et
949 2953 1153 2990 aurora
1192 2934 1427 3005 justitia:
1458 2931 1617 3004 quasi
1664 2931 1734 2984 ab
1765 2935 1891 2983 ortu
1920 2946 2045 2982 sur-

450 3041 603 3095 gere.
637 3025 881 3079 Siluerat
911 3024 1061 3076 enim
1094 3025 1213 3093 jam
1253 3039 1317 3076 ex
1358 3026 1514 3091 parte
1551 3025 1789 3073 stratum
1842 3017 2046 3070 furoris

457 3130 668 3183 mquor,
701 3118 758 3165 et
785 3111 999 3165 ventosi
1030 3112 1364 3176 ceciderant,
1396 3114 1461 3162 ut
1479 3107 1743 3177 Virgilius
1765 3106 1862 3170 ait,
1896 3122 2047 3159 mur-

454 3202 632 3254 muris
662 3217 811 3254 aura:
829 3201 968 3265 (Ecl.
993 3200 1069 3267 9).
1104 3199 1385 3263 Redierat,
1408 3204 1473 3251 ut
1492 3198 1640 3250 idem
1671 3195 1873 3265 inquit,
1892 3195 2046 3264 virgo

454 3288 731 3358 cupidinis
760 3288 825 3356 (si
853 3304 1053 3359 parum
1082 3287 1249 3340 liceat
1289 3285 1632 3350 immutari);
1674 3283 1961 3337 redierant
1991 3288 2048 3336 et

456 3377 721 3431 Saturnia
745 3378 869 3447 [ul.,
903 3375 1239 3448 tyrannidis]
1266 3391 1439 3445 regna
1476 3374 1607 3444 quia
1631 3373 1924 3443 progenies
1953 3371 2045 3425 bo-

455 3483 541 3522 nae
571 3466 776 3520 mentis
797 3467 915 3536 jam
948 3465 1107 3535 quasi
1136 3465 1274 3517 crelo
1313 3463 1607 3517 refulserat
1647 3462 1760 3515 alto
1795 3462 1924 3530 (Ecl.
1953 3461 2033 3529 4).

586 3585 807 3638 Abbatis
832 3598 1041 3634 munus
1071 3583 1281 3633 invitus
1310 3583 1507 3632 retinet
1536 3578 1907 3633 Adalhardus.

524 3688 609 3744 53.
644 3687 916 3742 Omnibus
962 3686 1137 3757 igitur
1177 3686 1534 3739 circumcirca
1562 3688 1794 3737 eatenus
1823 3682 2045 3736 satisfa-

456 3778 657 3832 ctionis
698 3778 882 3832 studio
930 3776 1245 3843 illustratis,
1294 3782 1351 3829 et
1392 3775 1509 3829 suis
1551 3790 1678 3828 cum
1721 3789 1786 3826 eo
1826 3789 2046 3826 summo

454 3867 770 3921 fruentibus
800 3867 933 3931 otio,
970 3865 1143 3919 voluit
1170 3882 1229 3919 se
1258 3865 1484 3918 demum
1528 3863 1615 3916 his
1652 3878 1851 3916 exuere
1880 3861 2046 3927 curis,

456 3962 521 4029 ut
545 3962 691 4011 esset
735 3956 957 4010 sibimet
1002 3962 1059 4010 et
1103 3956 1217 4009 Deo
1245 3954 1513 4007 intentus.
1558 3952 1665 4006 Sed
1696 3967 2050 4021 nequaquam

456 4045 607 4117 passi
639 4050 772 4099 sunt
800 4045 975 4098 sancti
1017 4046 1236 4109 fratres,
1274 4043 1404 4095 licet
1448 4041 1681 4094 multam
1722 4040 1802 4093 eis
1833 4055 2054 4093 excusa-

456 4134 667 4188 tionem
690 4133 991 4187 senectutis
1023 4150 1135 4187 suze
1166 4130 1567 4203 praetenderet;
1595 4128 1855 4199 quoniam
1881 4144 2050 4199 quan-

457 4228 517 4276 to
545 4228 708 4275 aetate
728 4222 1019 4287 maturior,
1039 4228 1261 4275 tantum
1280 4220 1347 4273 ad
1376 4219 1645 4271 virtutum
1671 4217 1914 4271 culmina
1934 4223 2053 4270 ten-

458 4311 720 4365 dentibus
767 4310 1045 4364 salubrior
1090 4310 1396 4373 videbatur,
1444 4306 1753 4377 praasertim
1811 4322 1935 4359 cum
1979 4305 2056 4357 vi-

461 4416 597 4472 gore
619 4401 795 4454 sancti
814 4400 1056 4470 Spiritus
1066 4405 1123 4453 et
1143 4398 1420 4450 viriditate
1444 4396 1624 4448 adhuc
1640 4412 1751 4448 non
1771 4395 2052 4448 exhaustae

459 4491 643 4544 carnis
672 4490 808 4544 satis
836 4492 1068 4559 vigeret,
1098 4503 1300 4540 curans
1329 4503 1388 4539 se
1418 4483 1702 4537 laboribus
1745 4490 1802 4537 et
1844 4483 2054 4553 vigilia-

460 4596 585 4633 rum
606 4580 843 4651 negotiis
863 4578 1106 4649 fatigari,
1122 4577 1292 4630 etiam
1312 4574 1437 4647 plus
1459 4590 1623 4644 quam
1638 4573 1907 4642 juvenum
1929 4589 2056 4625 con-

463 4670 671 4723 stantia
699 4670 856 4739 sequi
890 4673 1094 4739 posset.

604 4782 829 4851 Aspcctu
861 4785 1080 4848 hilaris,
1105 4784 1213 4836 sibi
1240 4782 1343 4835 soli
1369 4796 1422 4833 se
1446 4780 1655 4832 durum
1684 4778 1913 4831 exhibet.

539 4894 625 4953 54.
658 4897 793 4960 Quis
822 4898 970 4950 enim
1000 4914 1251 4968 unquam
1292 4901 1409 4949 tam
1441 4892 1683 4947 fervidus
1714 4908 1881 4963 quam
1911 4891 2061 4945 idem

463 4986 690 5042 fuerat?
717 4987 802 5038 vel
832 4986 956 5056 quis
984 4987 1214 5042 alterius
1240 4991 1356 5038 tam
1381 4982 1621 5037 crudelis
1651 4980 1861 5035 arbiter
1889 4997 2057 5051 quam

463 5130 666 5184 librum
700 5128 768 5181 de
798 5127 1229 5196 dispensatione,
1262 5125 1357 5180 ubi
1387 5125 1728 5180 Ludovicum
1773 5121 1843 5176 ob
1872 5139 1963 5176 res
1991 5138 2056 5174 eo

466 5202 524 5255 in
554 5205 829 5259 conventu
876 5195 1117 5252 Sancitas
1148 5199 1489 5251 venerandus
1520 5213 1678 5248 senex
1702 5195 2056 5248 Adet/tardus

466 5272 725 5325 laudibus
763 5269 1023 5324 extulisse
1076 5267 1415 5339 perhibetur.
1472 5275 1628 5339 Anno
1682 5264 1937 5335 sequenti
1992 5267 2056 5316 in

468 5344 790 5410 Compendio
836 5343 1044 5408 palatio
1071 5340 1233 5409 jussu
1264 5338 1839 5410 imperatorisrursus
1867 5351 2060 5388 conve-

467 5414 555 5467 nit
576 5407 928 5467 Adalhardus
957 5407 1086 5465 cum
1114 5410 1257 5472 aliis,
1288 5414 1430 5461 teste
1460 5411 1577 5477 ipso
1605 5407 1919 5475 Agobardo.

540 5500 563 5529 ι
583 5486 929 5553 Argumento
958 5490 1043 5537 est
1069 5483 1127 5536 in
1160 5480 1353 5552 primis
1382 5476 1728 5553 Consultatio
1759 5484 1815 5553 e_t
1843 5476 2062 5553 suppli-

468 5556 612 5608 catio
641 5550 939 5624 Kgobardi,
965 5550 1221 5609 Patribus
1263 5552 1466 5604 sanctis
1509 5550 1841 5614 Adathardo,
1904 5550 2062 5602 Wata:

2111 482 2181 535 de
2229 498 2288 533 se
2337 481 2485 551 quod
2535 478 2730 531 durior
2775 482 2941 537 esset,
2976 472 3369 527 necessitatem
3398 464 3723 536 corrigendi

2113 569 2325 624 habuit.
2355 568 2514 623 Unde
2537 584 2664 621 cum
2683 583 2715 619 a
2735 566 2852 619 suis
2880 563 3146 617 fratribus
3176 567 3233 613 et
3258 558 3387 612 filiis
3421 572 3601 627 quam
3620 570 3726 606 sae-

2115 676 2182 729 pe
2216 658 2594 728 corriperetur
2622 654 2860 726 publice,
2889 668 2990 707 cur
3008 650 3112 705 sibi
3142 655 3259 702 tam
3290 648 3552 701 infensus
3584 649 3729 695 esset

2116 747 2211 817 qui
2242 748 2323 799 sic
2348 746 2623 800 discretus
2652 742 2911 796 omnibus
2945 739 3273 797 habebatur,
3307 734 3505 789 aiebat
3530 733 3615 785 ita
3654 730 3730 783 di-

2116 853 2267 897 cens.
2300 842 2365 890 ut
2394 837 2554 890 laesos
2586 851 2781 889 eorum
2823 833 3044 886 animos
3087 829 3375 898 mitigaret
3406 843 3419 877 :
3456 825 3583 891 Ego
3624 820 3731 874 mei

2117 943 2308 980 curam
2338 924 2578 988 habebo,
2610 929 2668 978 et
2695 938 2926 993 prorsus
2944 925 3129 973 vestro
3155 914 3462 988 providebo
3494 911 3729 975 famulo,

2116 1033 2186 1069 ne
2217 1016 2360 1070 fame
2404 1020 2507 1068 aut
2555 1011 2840 1067 laboribus
2889 1010 3155 1079 fatigatus
3200 1012 3418 1077 pereat.
3472 1002 3585 1056 Sed
3632 1000 3734 1053 hoc

2117 1110 2343 1176 peracto
2376 1103 2666 1174 paululum
2696 1102 2818 1171 [at.,
2848 1096 3145 1170 paulatim]
3190 1091 3581 1148 delitescendo
3620 1105 3729 1143 non

2115 1195 2211 1248 diu
2241 1200 2368 1264 post
2398 1190 2720 1245 resumebat
2743 1188 2985 1243 esuriem
3013 1190 3071 1239 ct
3092 1183 3349 1238 laborum
3377 1179 3639 1249 negotia,
3656 1178 3733 1230 ita

2114 1289 2179 1338 ut
2204 1283 2294 1336 vix
2331 1280 2600 1352 juvenilia
2650 1276 2905 1332 membra
2946 1275 3090 1328 ferre
3145 1276 3378 1343 possent
3421 1267 3635 1339 quibus
3676 1282 3732 1317 se

2118 1370 2477 1443 parcimoniis
2505 1374 2563 1423 et
2592 1368 2909 1438 vigiliarum
2939 1361 3198 1435 operibus
3237 1357 3552 1428 afﬂigebat.
3578 1359 3733 1408 Atta-

2120 1478 2249 1514 men
2281 1475 2504 1528 semper
2521 1462 2644 1510 erat
2676 1455 2871 1509 viroris
2900 1452 3084 1523 gratia
3108 1450 3327 1521 plenus,
3355 1462 3591 1516 semper
3617 1443 3730 1497 dis-

2120 1554 2274 1601 creta
2302 1547 2479 1601 macie
2508 1546 2644 1600 satis
2672 1544 2974 1597 admodum
2996 1538 3375 1601 rubicundus;
3404 1536 3571 1588 vultu
3601 1550 3731 1603 quo-

2121 1653 2229 1708 que
2254 1637 2504 1699 decorus,
2540 1641 2598 1688 et
2623 1640 2890 1687 venustus
2918 1635 3166 1701 aspectu.
3219 1629 3418 1697 Neque
3459 1624 3617 1677 enim
3646 1622 3730 1674 fa-

2053 1727 2260 1803 Bciem
2293 1726 2415 1794 ejus
2446 1740 2510 1776 ac
2538 1724 2780 1776 frontem
2831 1721 3063 1790 ignavus
3107 1715 3349 1787 rugabat
3390 1714 3593 1777 furor;
3634 1711 3728 1764 sed

2123 1819 2304 1868 totum
2336 1830 2463 1867 eum
2497 1817 2723 1865 matura
2772 1809 3030 1863 hilaritas
3058 1806 3325 1869 decorum
3354 1801 3731 1872 componebat

2123 1908 2180 1957 et
2207 1908 2422 1973 aptum.
2458 1900 2708 1956 Canities
2737 1915 2867 1951 vero
2896 1901 3089 1950 sancta
3118 1911 3249 1947 eum
3286 1891 3541 1945 candore
3570 1890 3729 1943 niveo

2124 1991 2462 2055 exornabat;
2512 1995 2569 2043 et
2616 1989 2767 2042 velut
2797 1987 2977 2040 lilium
3024 1999 3193 2054 super
3242 1997 3437 2035 roseos
3468 1979 3727 2041 amictus,

2124 2081 2255 2134 hinc
2281 2080 2411 2133 inde
2439 2094 2601 2131 coma
2627 2076 2843 2147 capitis,
2880 2074 3041 2145 quasi
3073 2073 3233 2125 elata:
3262 2071 3611 2141 palmarum,
3647 2083 3732 2119 su-

2121 2185 2221 2239 per
2265 2174 2447 2222 cutem
2488 2164 2783 2229 renitebat,
2849 2167 3097 2232 eratque,
3145 2160 3289 2214 sicut
3333 2157 3616 2227 scriptum
3653 2164 3731 2207 at

2122 2256 2387 2319 Canticis,
2418 2271 2587 2309 senex
2616 2258 2805 2307 noster
2831 2251 3101 2304 candidus
3131 2254 3179 2302 et
3226 2247 3606 2301 rubicundus.
3638 2247 3731 2295 clr-

2123 2351 2240 2398 ctus
2272 2362 2336 2397 ex
2370 2346 2616 2396 millibus
2649 2341 2827 2406 (Cant.
2862 2338 2961 2406 v):
2995 2339 3075 2391 ita
3120 2341 3180 2390 ut
3223 2335 3555 2404 culparetur
3586 2332 3644 2385 in
3671 2347 3731 2384 eo

2124 2440 2328 2488 natura
2356 2433 2620 2497 humana,
2653 2430 2802 2501 quod
2852 2432 3155 2499 antequam
3196 2424 3394 2479 adulta
3433 2423 3533 2479 sit.
3588 2420 3729 2475 vitiis

2124 2527 2540 2593 corrumpatur.

2615 2638 2898 2692 Laudatur
2923 2650 2959 2687 α
2996 2634 3230 2686 dotibus.

2198 2758 2290 2815 55.
2339 2757 2407 2811 Et
2438 2755 2483 2808 si
2511 2753 2723 2808 bvelim
2755 2751 2985 2805 laudare
3028 2747 3310 2817 tantisper
3347 2742 3578 2814 glebam
3618 2758 3730 2795 cor—

2126 2846 2277 2919 poris
2324 2847 2446 2913 ejus
2494 2844 2671 2897 multo
2714 2842 3022 2895 confectam
3071 2836 3273 2901 nitore,
3323 2834 3435 2887 erit
3464 2832 3730 2902 exiguum

2128 2937 2399 3009 quidquid
2428 2933 2725 3005 impendo;
2778 2929 2912 3001 quia
2951 2925 3239 2999 pulchrius
3282 2925 3343 2977 in
3375 2940 3439 2976 eo
3470 2922 3724 2987 renituit,

2128 3025 2279 3095 quod
2308 3024 2577 3077 virtutum
2609 3019 2906 3091 splendore
2931 3022 3161 3069 ornatus
3194 3012 3345 3065 velut
3373 3011 3558 3064 lilium
3585 3010 3729 3063 inter

2127 3130 2316 3167 roseos
2345 3112 2577 3173 colores,
2611 3108 2833 3163 Christo
2868 3120 3127 3176 repersus
3166 3100 3414 3156 emicuit.
3462 3100 3583 3153 Nec
3623 3099 3724 3151 du-

2127 3202 2281 3255 bium
2313 3201 2448 3271 quin
2479 3198 2661 3252 omnis
2687 3213 2817 3250 caro
2854 3195 3066 3258 fenum,
3101 3198 3159 3246 et
3184 3190 3370 3245 omnis
3397 3189 3586 3259 gloria
3612 3190 3724 3258 ejus

2129 3292 2231 3345 flos
2269 3290 2380 3344 feni
2406 3291 2527 3355 (Isa.
2560 3291 2683 3356 xL);
2730 3285 2908 3338 virtus
2937 3288 3126 3336 autem
3156 3279 3387 3344 Christi,
3424 3295 3552 3349 quae
3584 3295 3725 3332 sem-

2127 3396 2227 3450 per
2256 3380 2315 3432 in
2346 3395 2411 3431 eo
2445 3377 2636 3446 viguit.
2660 3379 2852 3427 manet
2883 3373 2937 3426 in
2968 3377 3259 3425 aeternum.
3280 3369 3587 3432 Caeterum,
3612 3368 3656 3421 si
3672 3369 3727 3420 ti-

2125 3485 2325 3539 guram
2361 3464 2670 3520 nobilitatis
2702 3464 2823 3532 ejus
2852 3479 2886 3515 a
2932 3476 3104 3531 puero
3131 3456 3450 3511 describere
3477 3455 3721 3515 voluero,

2127 3573 2250 3629 quae
2303 3557 2491 3609 Graece
2542 3547 2943 3625 χαρακτηρισμός
2990 3547 3230 3610 dicitur,
3284 3561 3383 3597 ero
3436 3543 3723 3597 inefﬁcax:

2127 3647 2278 3718 quia,
2299 3645 2402 3699 etsi
2422 3642 2727 3697 secundum
2746 3638 3037 3693 rhetoricae
3057 3637 3194 3690 artis
3214 3634 3541 3688 facundiam
3560 3632 3726 3702 ipsius

2129 3750 2367 3805 persona
2395 3731 2799 3793 consideretur,
2836 3726 3087 3797 possitne
3127 3724 3311 3777 laudis
3344 3722 3558 3775 idonea
3582 3734 3725 3772 com-

2133 3823 2376 3895 probari,
2409 3820 2586 3874 multo
2618 3815 2977 3872 excellentius
3005 3814 3064 3867 in
3109 3829 3175 3866 eo
3223 3811 3367 3864 illud
3396 3810 3723 3863 antefertur.

2135 3912 2282 3984 quod
2302 3917 2454 3965 totus
2479 3909 2547 3962 de
2568 3923 2733 3961 carne
2754 3906 2811 3959 in
2828 3904 3086 3975 spiritum
3108 3899 3446 3955 convolabit.
3476 3899 3727 3952 Personae

2134 4001 2341 4072 quippe
2362 4000 2523 4069 juxta
2546 3995 2835 4067 praefatam
2865 3993 3001 4046 artis
3032 3989 3289 4061 peritiam
3329 3989 3585 4059 plurima
3608 3992 3731 4039 sunt

2135 4087 2423 4151 attributa,
2449 4098 2513 4139 ex
2542 4083 2744 4156 quibus
2764 4082 2972 4152 optime
3001 4080 3387 4148 dignoscatur.
3406 4077 3729 4130 Considera-

2136 4186 2230 4233 tur
2257 4177 2404 4231 enim
2440 4173 2669 4246 perfecti
2701 4172 2804 4224 viri
2830 4169 3090 4241 qualitas,
3122 4168 3284 4237 juxta
3321 4171 3601 4228 oratores,
3641 4179 3732 4216 no-

2136 4268 2306 4330 mine,
2341 4264 2541 4336 patria,
2570 4277 2796 4333 genere,
2851 4259 3144 4328 dignitate,
3193 4255 3440 4319 fortuna,
3484 4269 3729 4323 corpore,

2138 4355 2511 4416 institutione,
2546 4348 2812 4414 moribus,
2847 4347 3028 4413 victu;
3082 4345 3128 4398 si
3174 4360 3293 4397 rem
3326 4342 3473 4396 bene
3504 4340 3732 4395 admini-

2068 4467 2114 4524 D
2134 4450 2313 4511 stret;
2348 4458 2460 4513 qua
2486 4437 2887 4496 consuetudine
2919 4433 3223 4489 domestica
3256 4438 3566 4495 teneatur;
3608 4430 3734 4483 affe-

2135 4530 2316 4584 ctione
2348 4526 2572 4586 mentis,
2599 4529 2740 4588 arte,
2785 4520 3122 4581 conditione,
3171 4516 3388 4581 habitu,
3441 4516 3622 4579 vultu,
3663 4514 3736 4566 in-

2137 4635 2427 4690 cessuque,
2453 4616 2723 4670 oratione.
2756 4612 2976 4665 affectu.
3002 4608 3229 4662 Talibus
3250 4607 3427 4677 igitur
3456 4613 3518 4659 et
3545 4606 3733 4674 hujus-

2139 4708 2289 4761 modi
2312 4707 2460 4760 circa
2488 4720 2616 4758 eum
2646 4699 3029 4761 consideratis,
3057 4696 3243 4750 videre
3275 4697 3460 4765 juvat,
3494 4694 3732 4748 luculen-

2141 4804 2233 4851 tus
2262 4811 2432 4849 senex
2457 4798 2647 4847 noster
2690 4790 2739 4843 si
2780 4796 2865 4843 tot
2894 4786 3087 4842 floruit
3113 4785 3390 4838 virtutum
3421 4781 3729 4853 praeconiis,

2144 4890 2281 4958 quot
2298 4888 2431 4938 sunt
2458 4881 2595 4936 artis
2616 4880 2783 4948 hujus
2801 4877 2872 4931 ad
2892 4876 3117 4930 laudem
3136 4873 3314 4945 ipsius
3334 4871 3586 4941 insignia
3605 4885 3733 4941 prae-

2143 4980 2375 5030 conatus
2408 4972 2770 5027 documenta.

2138 5123 2185 5171 et
2216 5114 2566 5170 IIelisacharo
2610 5115 2884 5183 porrecta,
2931 5108 3001 5162 de
3045 5104 3325 5176 baptismo
3373 5101 3730 5156 Iudaicarum

2141 5186 2566 5255 mancipiorum.

2207 5255 2234 5297 δ
2264 5241 2467 5311 Mirum
2498 5263 2771 5324 quantum
2820 5250 2924 5324 sibi
2971 5246 3227 5324 permisit
3272 5244 3644 5324 interpolator
3680 5241 3730 5293 in

2141 5332 2246 5385 hac
2269 5313 2597 5381 sectione‘et
2619 5323 2892 5394 sequenti,
2908 5313 3549 5394 ut'patebitconferenti
3570 5313 3729 5394 libros

2140 5384 2399 5468 vulgatos
2426 5413 2552 5451 cum
2581 5397 2686 5449 hac
2698 5384 2976 5456 editione,
2998 5384 3131 5462 'quze
3160 5388 3231 5442 ad
3261 5393 3424 5442 vetus
3456 5384 3728 5454 exemplar

2142 5476 2335 5527 exacta
2361 5474 2465 5523 est.
