4000 6170
357 232 494 290 1537

482 358 557 409 De
578 359 820 419 nomine,
862 358 1104 421 natione,
1134 372 1327 423 genere
1346 361 1392 409 et
1413 357 1647 422 fortuna
1676 359 1811 424 ejus.

424 470 509 525 56.
544 472 795 534 Quorum
827 488 892 524 ex
915 472 1168 540 catalogo
1193 470 1436 540 primum
1457 470 1527 523 de
1553 470 1797 537 nomine,
1830 470 1946 523 fue-

348 559 495 613 ritne
524 559 767 629 sapiens,
819 566 968 612 recte
1002 560 1289 630 quaeritur.
1328 559 1454 623 Sed,
1490 559 1536 611 si
1566 560 1777 612 caelesti
1832 576 1945 612 ma-

346 648 578 717 gisterio
608 648 903 717 fuitmagis
923 666 1089 719 quam
1112 649 1248 702 artis
1291 647 1610 717 eloquentia
1626 648 1937 711 institutus,

351 737 631 807 quomodo
661 753 770 790 non
800 737 1023 808 sapiens
1072 736 1217 790 fuit?
1260 738 1403 789 Nam
1432 736 1709 806 sapientia
1735 741 1820 788 est
1847 737 1947 789 hue

349 841 647 878 manarum
680 843 868 879 rerum
892 826 1322 895 divinarumque
1338 824 1583 894 cognitio
1612 841 1738 877 cum
1758 824 1944 878 studio

348 913 490 967 bene
519 914 754 968 vivendi.
787 915 945 969 Unde
978 931 1079 968 nec
1109 913 1340 968 dubium
1382 930 1511 967 eum
1540 930 1732 967 verum
1764 913 1945 984 philo-

349 1002 589 1072 sophum
618 1008 718 1055 aut
746 1008 895 1055 certe
913 1001 1526 1072 sapientem,quantum
1547 1000 1630 1054 fas
1647 1006 1750 1066 est,
1785 1017 1946 1070 posse

348 1090 641 1161 appellari,
668 1090 785 1161 qui,
814 1094 871 1144 ct
899 1107 1021 1161 quae
1048 1090 1150 1144 Dei
1185 1095 1364 1155 erant,
1397 1089 1705 1160 prudenter
1724 1106 1824 1160 per
1844 1090 1945 1142 Dei

345 1179 588 1250 gratiam
612 1179 966 1247 sectabatur;
992 1184 1049 1232 et
1069 1196 1190 1249 quae
1207 1178 1520 1243 hominum,
1539 1194 1652 1232 non
1671 1178 1947 1248 ignaviter

345 1267 702 1338 procumbat.
749 1269 932 1339 Atque
991 1285 1155 1321 omne
1185 1267 1436 1320 studium
1466 1266 1591 1320 vitae
1620 1283 1734 1321 sum
1763 1266 1821 1320 in
1859 1266 1946 1319 his

346 1357 564 1411 duobus
612 1357 899 1427 praeceptis
947 1357 1464 1427 superimpendens,
1487 1356 1608 1426 ipse
1654 1359 1806 1410 totus
1845 1356 1946 1408 im-

346 1446 716 1517 pendebatur.
752 1446 993 1499 Natione
1023 1450 1236 1507 autem,
1298 1444 1447 1515 quod
1501 1444 1714 1498 cunctis
1744 1444 1937 1515 liquet,

346 1535 689 1589 Francorum
721 1539 844 1588 erat
872 1550 935 1587 ex
957 1550 1306 1587 summorum
1329 1549 1563 1603 genere;
1592 1533 1688 1586 sed
1718 1536 1947 1587 renatus

346 1621 406 1676 in
446 1623 687 1687 Christo,
720 1622 813 1676 ubi
844 1628 900 1676 et
920 1623 1122 1693 spiritu
1160 1621 1504 1687 versabatur,
1537 1626 1691 1675 totus
1720 1622 1946 1675 natione

347 1712 593 1765 ccelestis
643 1711 904 1766 omnibus
946 1711 1245 1768 renitebat.
1297 1710 1455 1764 Unde
1512 1714 1570 1763 et
1622 1710 1703 1762 illi
1736 1711 1939 1780 patria,

349 1791 602 1871 quamvis
629 1801 719 1854 hic
746 1817 914 1854 carne
946 1805 1114 1853 natus
1144 1804 1311 1867 esset,
1342 1798 1583 1852 ccelestis
1619 1797 1717 1851 illa
1738 1799 1944 1851 Hieru-

346 1890 523 1943 salem
559 1891 723 1959 juxta
765 1889 1095 1959 Apostolum
1124 1890 1300 1955 (Hebr.
1356 1890 1454 1954 κη)
1500 1886 1671 1940 fuisse.
1696 1902 1808 1941 non
1837 1887 1945 1940 du-

346 1977 579 2039 bitatur,
600 1995 701 2048 per
720 1994 848 2031 eum
882 1977 977 2047 qui
1007 1994 1107 2030 nos
1127 1977 1247 2046 jam
1279 1992 1377 2046 spe
1408 1975 1709 2029 consedere
1738 1975 1867 2048 fecjt
1884 1976 1943 2029 in

342 2066 681 2124 cmlestibus.
719 2066 940 2119 Genera
987 2055 1223 2134 quidem
1265 2063 1535 2117 nobilium
1565 2063 1944 2118 nobilissimus

341 2154 705 2217 Francorum,
740 2159 801 2207 ut
827 2154 994 2223 paulo
1023 2158 1154 2206 ante
1183 2151 1445 2222 praemisi,
1472 2153 1732 2223 prosapia
1762 2158 1938 2218 ortus,

344 2243 443 2296 sed
473 2243 700 2295 demum
731 2258 831 2311 per
886 2240 1093 2295 Christi
1124 2241 1368 2310 patriam
1399 2241 1514 2294 Deo
1563 2240 1622 2293 in
1654 2241 1831 2295 filium
1860 2247 1946 2295 est

347 2331 668 2401 adoptatus.
702 2330 829 2394 Qui,
874 2329 1004 2383 licet
1033 2329 1306 2399 dignitate
1336 2330 1493 2398 regia
1526 2346 1764 2399 magnus
1796 2330 1942 2384 vide-

345 2425 524 2483 retur,
556 2426 746 2472 tamen
776 2420 958 2488 major
977 2419 1205 2472 eﬂectus
1220 2424 1305 2472 est
1317 2418 1662 2473 sublimitate
1683 2420 1942 2489 perennis

348 2508 495 2561 vitae.
516 2508 767 2561 Fortuna
783 2524 893 2578 qua
912 2507 1082 2561 fuerit
1102 2513 1318 2571 auctus,
1338 2507 1516 2577 ipsius
1530 2507 1645 2560 vita
1665 2507 1939 2577 designat,

356 2612 466 2667 quo
495 2602 695 2650 cuncta
712 2595 938 2666 reliquit
960 2615 972 2663 ;
993 2601 1050 2650 et
1059 2597 1222 2665 juxta
1242 2594 1622 2665 illud.pauper
1634 2595 1690 2648 in
1704 2602 1942 2665 angusto

351 2684 628 2754 regnabat
680 2684 936 2738 habendo
967 2685 1165 2737 Deum.
1195 2685 1431 2753 PrOpter
1459 2684 1627 2753 quod,
1670 2690 1736 2737 ut
1762 2685 1943 2738 credi-

351 2790 496 2835 mus,
530 2778 593 2827 ut
620 2778 900 2844 Optamus,
935 2789 1106 2844 supra
1134 2772 1313 2826 multa
1362 2771 1718 2839 constitutus,
1744 2774 1864 2842 jam
1893 2774 1944 2827 ei

351 2862 477 2915 vita)
499 2861 707 2932 gaudia
727 2861 1090 2915 famulantur.

840 2988 1037 3042 Forma
1066 3004 1276 3056 quoque
1296 2992 1451 3042 nitet.

422 3104 510 3163 37.
535 3108 780 3177 Corpore
802 3121 973 3175 quam
993 3105 1225 3158 decorus
1249 3104 1435 3168 fuerit,
1455 3103 1627 3157 etiam
1647 3107 1704 3157 et
1723 3118 1943 3156 morum

352 3194 645 3249 cximietas
668 3194 955 3265 patefacit:
976 3194 1065 3246 cui
1088 3194 1225 3247 illud
1244 3194 1312 3247 de
1336 3192 1578 3247 Canticis
1600 3192 1947 3246 canticorum

351 3300 468 3338 non
495 3283 780 3337 immerito
811 3287 1106 3352 coaptatur
1137 3282 1310 3349 (Cant.
1346 3298 1399 3346 v,
1433 3281 1487 3336 H
1514 3287 1563 3335 et
1585 3285 1752 3349 seqq.)
1787 3299 1797 3332 :
1853 3281 1949 3335 Ca-

342 3378 449 3441 put
477 3377 592 3441 ejus
621 3389 831 3425 aurum
852 3375 1151 3441 Optimum;
1183 3387 1335 3424 coma
1362 3386 1485 3423 vero
1514 3374 1631 3438 ejus
1661 3372 1803 3424 sicut
1832 3370 1947 3423 ela-

355 3466 419 3516 ιω
454 3466 800 3530 patinarum,
836 3459 1103 3531 quoniam
1132 3476 1361 3513 sursum
1384 3458 1634 3529 quotidie
1667 3459 1738 3511 ad
1768 3458 1949 3512 Deum

354 3550 729 3605 conscendere
765 3548 1117 3621 procurabat.
1155 3549 1312 3603 Ocuti
1361 3552 1476 3615 ejus
1520 3551 1666 3601 velut
1694 3548 1951 3601 columba

355 3642 587 3707 desuper
609 3642 755 3692 rivos
783 3653 1087 3706 aquarum,
1119 3653 1239 3704 qua:
1294 3640 1429 3690 lacte
1474 3642 1607 3689 sunt
1637 3639 1785 3690 tota}:
1818 3636 1951 3705 quia

354 3728 592 3799 simplex
620 3729 741 3797 ejus
769 3731 1028 3796 aspectus
1062 3725 1316 3779 doctrina
1345 3725 1551 3778 Christi
1580 3731 1734 3779 totus
1761 3724 1952 3778 inten-

354 3823 450 3872 tus
479 3820 618 3879 erat,
652 3831 720 3868 ex
771 3830 884 3884 qua
911 3830 1014 3867 nos
1045 3813 1191 3866 velut
1220 3812 1438 3883 parvuli
1468 3813 1611 3866 lacte
1669 3811 1948 3866 nutrieba-

356 3922 521 3972 mur;
556 3920 736 3973 neque
766 3903 894 3956 felle
915 3902 1492 3972 concupiscentiarum
1519 3901 1822 3965 immistus,
1855 3902 1951 3955 sed

353 4011 489 4048 vera
518 3993 839 4046 innocentia
871 3990 1074 4043 mentis
1099 3991 1265 4044 lotus.
1284 3991 1456 4043 Porro
1473 4007 1620 4057 gena:
1636 3994 1795 4044 illius
1810 3994 1953 4044 sicut

357 4087 552 4137 areolae
591 4085 931 4145 aromatum,
963 4096 1081 4147 qua:
1109 4082 1327 4132 consitae
1356 4084 1533 4132 sunta
1560 4081 1954 4147 pigmentariis

354 4172 616 4225 videlicet
643 4186 678 4223 a
699 4168 907 4222 sanctis
927 4166 1247 4221 doctoribus
1276 4167 1429 4220 omni
1456 4169 1593 4221 ﬂore
1613 4167 1878 4221 doctrinae
1898 4171 1955 4220 et

359 4261 630 4314 virtutum
658 4262 935 4312 exornatae
966 4255 1434 4310 oleribus.Manus
1460 4259 1619 4309 ittius
1643 4258 1948 4320 tornatites,

1534 231 1629 286 DE
1665 231 1837 285 VITA
1875 230 1935 284 S.
1972 227 2415 283 ADALHARDI.

1960 1681 2008 1740 B

3485 232 3619 290 1538

1957 356 2011 414 Α
2343 355 2417 407 De
2453 355 2727 420 sapientia
2785 361 2833 407 et
2886 358 3131 409 moribus
3161 360 3295 426 ejus.

2098 467 2184 524 58.
2216 470 2341 523 Jam
2371 469 2418 521 si
2449 468 2517 521 de
2557 468 2908 524 institutione
2963 471 3169 541 agitur,
3220 472 3472 527 eruditus
3513 473 3621 527 fuit

2025 558 2173 612 idem
2200 559 2345 612 alter
2376 559 2594 628 Moyses
2642 560 2793 611 omni
2825 560 3097 629 sapientia
3149 561 3439 631 praesentis
3469 562 3614 627 vitae,

2026 650 2183 719 quasi
2205 667 2349 704 unus
2371 666 2436 703 ex
2466 649 2593 703 filiis
2617 649 2793 718 regis;
2815 650 3015 704 deinde
3042 652 3344 720 perductus
3360 652 3431 705 ad
3462 653 3612 716 Sina,

2021 737 2080 791 in
2112 755 2222 808 quo
2252 738 2426 808 ipsius
2455 738 2675 790 Domini
2710 739 3006 807 praesentia
3035 740 3350 794 illustratur
3378 747 3435 794 et
3462 740 3621 794 fami-

2022 826 2267 880 liaritate
2284 827 2547 880 continua
2572 826 2845 880 fruiturus
2866 827 3198 895 ingreditur.
3234 829 3472 882 Moribus
3490 846 3619 883 vero

2025 914 2228 984 quibus
2281 916 2453 969 fuerit
2508 921 2810 968 exornatus
2839 916 2998 968 testis
3054 922 3139 968 est
3179 916 3293 969 vita
3319 914 3459 986 ejus,
3497 934 3620 987 qua:

2028 1003 2264 1056 summis
2314 1004 2529 1057 redolet
2566 1002 2897 1057 meriturum
2926 1003 3202 1072 insigniis,
3235 1011 3289 1058 et
3328 1006 3619 1074 pmconiis

2029 1108 2195 1162 quam
2227 1092 2486 1145 maximis
2542 1091 2877 1161 pradicatur
2911 1111 2921 1146 :
2980 1092 3157 1146 victus
3182 1108 3424 1162 namque
3454 1109 3622 1167 quem

2027 1180 2343 1251 philosophi
2394 1180 2671 1234 deﬁniunt
2724 1182 3094 1234 consummati
3130 1180 3313 1251 Operis
3341 1198 3461 1235 esse
3482 1183 3621 1237 frui-

2027 1269 2194 1322 tionis
2226 1269 2572 1334 exercitium,
2604 1276 2669 1323 ut
2697 1270 2987 1340 perveniat
3027 1270 3096 1323 ad
3129 1270 3392 1340 quietem,
3427 1271 3621 1325 Domi-

2028 1375 2134 1411 nus
2161 1364 2283 1411 erat
2308 1375 2472 1428 quem
2505 1358 2796 1424 dilexerat,
2828 1375 2992 1429 quem
3015 1346 3301 1413 amaverat
3342 1377 3508 1430 quem
3533 1361 3623 1430 ju-

2022 1446 2172 1516 giter
2201 1445 2572 1499 desiderabat.
2623 1446 2843 1499 Gradus
2878 1452 3070 1499 autem
3118 1447 3319 1501 harum
3351 1449 3621 1502 virtutum

2029 1540 2180 1599 sunt,
2196 1551 2324 1588 cum
2346 1534 2493 1604 apud
2511 1551 2606 1587 eos
2618 1535 2862 1604 primum
2884 1535 3343 1605 ponituraﬂ'ectio
3367 1537 3572 1591 mentis
3607 1560 3617 1592 :

2029 1640 2194 1693 porro
2225 1623 2422 1676 eadem
2445 1622 2663 1675 affectio
2695 1622 2980 1687 est,animi
3000 1628 3099 1676 aut
3116 1625 3362 1695 cmporis
3392 1642 3456 1678 ex
3475 1631 3620 1679 tem-

2026 1728 2159 1782 pore
2188 1712 2376 1780 aliqua
2404 1727 2574 1764 causa
2598 1711 2964 1764 commutatio
2991 1730 3004 1777 ;
3030 1712 3232 1765 deinde
3254 1730 3321 1766 ex
3341 1713 3445 1767 hoc
3474 1714 3621 1784 quod

2026 1799 2286 1862 afﬁcitur,
2335 1798 2499 1852 vertit
2524 1815 2582 1852 se
2604 1799 2662 1851 in
2694 1799 2965 1861 studium,
2998 1806 3062 1852 ut
3089 1801 3344 1855 effectum
3372 1802 3460 1855 sui
3485 1802 3624 1856 obti-

2025 1893 2174 1941 neat.
2198 1887 2481 1948 Studium,
2514 1886 2764 1956 inquam,
2798 1888 2870 1940 ad
2912 1888 3159 1958 aliquam
3191 1906 3309 1943 rem
3339 1891 3623 1945 assiduam

2026 1982 2083 2028 et
2111 1975 2496 2028 vehementem
2524 1974 2700 2027 animi
2730 1991 2857 2028 cum
2904 1991 3109 2045 magna
3141 1978 3429 2032 voluntate
3457 1995 3622 2033 occu-

2024 2068 2311 2141 pationem
2341 2073 2789 2137 esse,postquam
2811 2066 3033 2122 habitus
3059 2069 3315 2124 induitur
3336 2072 3621 2142 acquisita:

2026 2158 2127 2221 rei,
2162 2174 2288 2211 cum
2326 2156 2396 2209 ad
2426 2156 2655 2226 plenum
2684 2156 2740 2209 id
2772 2157 2918 2226 quod
2950 2158 3253 2227 perfectum
3285 2166 3371 2213 est
3404 2160 3622 2216 obtine-

2027 2262 2172 2309 mus,
2207 2245 2275 2298 de
2314 2261 2423 2315 quo
2448 2244 2714 2314 scriptum
2730 2250 2817 2298 est
2838 2244 3176 2300 :Sacerdotes
3199 2252 3286 2301 tui
3301 2251 3622 2304 induantur

2016 2337 2323 2402 justitia,et
2347 2336 2528 2386 sancti
2554 2335 2640 2386 tui
2660 2336 3117 2396 ersuttent(Psal.
3166 2349 3350 2390 CXXXI.
3379 2337 3461 2405 9):
3495 2339 3622 2392 felix

2027 2422 2231 2492 quippe
2261 2421 2655 2475 indumentum
2683 2421 2904 2475 virtutis
2933 2427 3036 2487 est,
3060 2440 3169 2493 quo
3193 2426 3625 2497 quisqueindui-

2024 2517 2138 2577 tur,
2163 2518 2220 2564 et
2238 2510 2483 2564 custodit
2523 2510 2858 2564 vestimenta
2888 2528 3007 2575 sua,
3043 2528 3114 2566 ne
3144 2514 3326 2569 nudus
3351 2516 3617 2571 ambulet.

2027 2600 2130 2653 Hic
2159 2598 2397 2669 nuptiali
2419 2604 2571 2651 veste
2592 2598 2823 2653 indutus
2849 2599 2996 2652 foras
3016 2617 3127 2654 non
3149 2603 3373 2671 ejicitur
3403 2606 3616 2671 (Matth.

2026 2694 2191 2754 xxu):
2252 2704 2421 2757 quam
2486 2686 2532 2739 si
2579 2688 2793 2757 primus
2824 2705 3026 2759 parens
3056 2698 3248 2744 noster
3273 2691 3331 2745 in
3363 2693 3621 2761 paradiso

2026 2777 2265 2847 denique
2278 2782 2631 2837 reservasset,
2650 2793 3003 2847 nequaquam
3020 2779 3229 2849 apertis
3243 2780 3419 2834 oculis
3438 2781 3622 2835 nudus

2026 2864 2372 2917 inveniretur
2404 2864 2552 2932 (Gen.
2585 2867 2690 2930 III).
2708 2864 2886 2929 Unde,
2912 2864 3057 2918 sicut
3073 2867 3342 2937 scriptum
3363 2874 3465 2933 est,
3485 2869 3622 2923 dum

2031 2952 2176 3006 idem
2203 2952 2582 3017 descenderet,
2626 2953 3074 3023 exspoliaverunt
3100 2971 3226 3009 eum
3268 2957 3533 3024 latrones,
3566 2962 3624 3011 et

1961 3033 2005 3093 C
2027 3042 2207 3113 plagis
2233 3041 2507 3112 impositis
2536 3040 2796 3096 abierunt
2816 3044 2959 3108 (Luc.
2992 3045 3052 3112 Χ)
3076 3063 3088 3111 ;
3113 3045 3210 3098 sed
3235 3062 3403 3100 senex
3432 3053 3624 3101 noster

2028 3130 2393 3197 floridus,tali
2414 3136 2770 3201 reccepertus
2794 3130 3009 3191 habitu.
3019 3132 3139 3201 jam
3177 3134 3456 3189 credimus
3476 3135 3625 3206 quod

2029 3219 2212 3271 audit:
2266 3218 2611 3283 Ambulabit,
2662 3217 2847 3288 inquit
2872 3218 2952 3271 illi
2997 3219 3273 3287 Christus,
3317 3238 3535 3276 mecum
3566 3223 3626 3276 in

2029 3306 2192 3376 albis,
2222 3307 2485 3377 quoniam
2499 3307 2704 3377 dignus
2721 3311 2826 3373 est,
2856 3312 2911 3360 et
2932 3324 3043 3361 non
3064 3309 3258 3364 delebo
3277 3328 3482 3366 nomen
3505 3314 3627 3382 ejus

2030 3397 2099 3450 de
2129 3396 2270 3449 libro
2290 3396 2415 3449 vitae
2442 3396 2627 3465 (Apoc.
2653 3400 2735 3462 ιιι)
2766 3414 2778 3461 ς
2808 3396 3014 3466 talique
3044 3396 3627 3455 indutushabitudum

2032 3491 2180 3538 esset
2209 3490 2369 3555 pater
2397 3484 2654 3550 eximius,
2684 3483 2975 3538 exercebat
2993 3502 3052 3538 se
3085 3486 3408 3556 plurimum,
3441 3495 3506 3543 ut
3525 3507 3625 3561 pro

2032 3574 2211 3628 victus
2274 3573 2542 3626 alimonia
2602 3572 2886 3625 frueretur
2945 3573 3167 3628 Christo
3224 3592 3390 3646 quem
3433 3577 3628 3633 indue-

2032 3668 2139 3716 rat.

2140 3788 2213 3842 De
2259 3791 2405 3840 recta
2433 3791 2481 3856 ej
2488 3804 2548 3840 us
2576 3788 3083 3841 administratione.
3118 3788 3516 3842 .l'enodoclu'um

2696 3878 2965 3929 instituit.

2105 3986 2191 4044 59.
2225 3989 2397 4043 Porro
2417 3994 2592 4043 restat
2614 3990 2777 4059 juxta
2807 3988 3094 4059 praefatam
3145 3991 3498 4062 disciplinam
3533 4010 3624 4047 re-

2036 4077 2277 4148 quirere,
2321 4078 2599 4147 quomodo
2652 4095 2771 4131 rem
2805 4095 2964 4131 suam
3015 4079 3446 4135 administrarit.
3482 4083 3629 4146 Quid

2035 4166 2214 4221 dicam
2239 4184 2355 4221 rem
2382 4184 2540 4221 suam
2574 4168 2852 4238 quomodo
2881 4169 3374 4237 administraverit,
3410 4173 3505 4242 qui
3527 4189 3628 4226 nec

2036 4271 2096 4308 se
2132 4254 2238 4309 sibi
2270 4255 2502 4309 retinuit
2532 4256 2556 4307 ?
2587 4255 2793 4309 fecerat
2821 4256 2968 4310 enim
3002 4258 3150 4328 quod
3179 4260 3436 4314 audierat
3464 4277 3499 4314 a
3525 4261 3631 4315 Do-

358 4349 675 4404 sanctitatis
707 4347 943 4401 formam
974 4345 1365 4415 exprimentes,
1412 4349 1470 4398 et
1498 4350 1655 4398 motu
1684 4344 1953 4415 sphaerico
1972 4344 2017 4361 ¹¹
2038 4344 2189 4398 mino
2224 4363 2236 4398 :
2295 4346 2358 4400 Si
2385 4348 2465 4398 vis
2497 4384 2510 4411 ,
2551 4344 2750 4415 inquit,
2792 4348 2995 4413 perfect
3039 4364 3064 4399 s
3121 4364 3246 4412 esse,
3281 4350 3432 4414 vade,
3462 4351 3628 4403 vende

358 4438 615 4494 celeriter
636 4437 706 4490 ad
725 4451 890 4490 omne
910 4434 1120 4487 bonum
1142 4433 1466 4487 insistentes
1492 4452 1505 4501 ;
1520 4437 1697 4502 plena:
1727 4436 1957 4500 hyacin-
2036 4436 2225 4487 omnia
2247 4450 2364 4502 quae
2387 4435 2561 4497 habes,
2600 4440 2648 4487 et
2669 4435 2740 4487 da
2776 4437 3114 4503 pauperibus
3135 4441 3214 4499 ;et
3234 4439 3377 4502 veni,
3411 4454 3627 4506 sequere

363 4531 491 4594 this,
519 4526 639 4580 caeli
672 4525 855 4595 specie
889 4524 947 4577 in
975 4522 1128 4577 caelis
1161 4522 1592 4576 thesaurizando
1620 4522 1949 4587 renitentes,
2036 4539 2120 4575 me
2136 4524 2345 4589 (Matth.
2378 4537 2488 4585 XIX,
2519 4521 2627 4588 21).
2646 4523 2763 4575 Hoc
2791 4522 3042 4592 impleto,
3062 4529 3324 4577 caeterum
3342 4541 3432 4579 res
3450 4527 3626 4581 eccle-

362 4634 485 4689 quae
502 4614 693 4669 multis
709 4612 1070 4684 replebantur
1089 4611 1433 4666 muneribus.
1454 4613 1639 4665 Venter
1659 4615 1775 4679 ejus
1794 4613 1956 4665 ebur—
2035 4609 2130 4665 sia;
2157 4627 2271 4665 suae
2299 4610 2771 4682 quemadmodum
2792 4611 3220 4677 administravit,
3247 4617 3419 4668 testes
3438 4613 3626 4671 idonei

359 4723 513 4763 neas,
547 4704 818 4757 virtutum
855 4701 1152 4755 distinctus
1181 4700 1489 4767 ordinibus,
1546 4702 1750 4756 Guttur
1796 4702 1953 4754 illius
2035 4704 2167 4753 sunt
2193 4700 2372 4753 sancti
2408 4700 2626 4763 fratres,
2650 4715 2886 4768 quorum
2915 4699 3147 4752 consilio
3172 4717 3306 4755 usus
3328 4708 3413 4757 est
3441 4709 3497 4757 et
3521 4703 3624 4757 ob-

361 4796 776 4856 suavissimum,
796 4790 867 4844 ob
883 4791 1069 4844 favum
1098 4789 1429 4860 eloquentiae
1454 4807 1465 4842 :
1499 4795 1548 4843 et
1576 4794 1718 4843 totus
1745 4790 1952 4842 deside-
2037 4788 2228 4858 sequio
2252 4806 2265 4853 ;
2298 4805 2398 4858 per
2426 4804 2563 4858 quos
2599 4786 2680 4840 ita
2724 4793 2927 4840 cuncta
2955 4787 3252 4859 disposuit,
3274 4796 3338 4844 ut
3365 4796 3422 4845 et
3442 4793 3629 4847 omni-

365 4880 978 4953 rabitzs,probabilitate
1001 4895 1221 4932 morum
1240 4884 1409 4949 atque
1425 4879 1699 4933 charitate
1728 4878 1952 4932 eximia.
2039 4876 2141 4931 bus
2166 4878 2303 4930 satis
2331 4883 2495 4940 esset,
2528 4892 2630 4929 nec
2653 4876 2891 4929 multum
2922 4877 3086 4931 alicui
3117 4881 3506 4949 superﬂueret,
3534 4899 3629 4937 ne-

361 4973 577 5029 Idcirco
607 4971 910 5042 quaerimus
947 4974 1021 5031 te,
1068 4969 1252 5033 Pater,
1270 4967 1405 5021 dum
1426 4968 1607 5038 pascis
1622 4967 1772 5021 inter
1803 4967 1954 5034 lilia;
2040 4981 2147 5036 que
2175 4965 2230 5018 in
2262 4980 2497 5018 vacuum
2530 4962 2661 5033 quid
2692 4964 2920 5033 periret;
2954 4965 3049 5019 sed
3072 4967 3260 5021 omnia
3288 4969 3358 5022 ad
3390 4970 3489 5024 Dei
3510 4970 3626 5024 lau-

363 5060 667 5133 quzerimus
697 5074 865 5129 quem
896 5057 1082 5127 diligit
1100 5056 1289 5109 anima
1308 5062 1503 5109 nostra
1522 5056 1705 5119 (Cant.
1758 5058 1855 5121 v1).
1894 5056 1959 5109 In
2040 5054 2166 5108 dem
2196 5053 2495 5106 humanius
2516 5051 2883 5121 largirentun
2906 5054 3197 5110 Fratribus
3225 5056 3471 5111 salubria
3489 5074 3627 5128 pra:-

362 5150 569 5205 lectulo
597 5148 748 5203 enim
781 5153 1081 5218 pernoctes
1107 5145 1412 5215 querimus
1441 5148 1497 5198 te
1526 5143 1951 5214 cumlacrymis:
2037 5141 2211 5196 sentis
2240 5142 2364 5194 vita
2393 5139 2662 5209 tribuens.
2700 5146 2756 5194 et
2775 5141 2970 5196 nociva
2990 5159 3222 5214 quaeque
3251 5160 3316 5197 ac
3337 5145 3626 5214 superﬂua

363 5246 525 5294 sonet
555 5254 656 5291 vox
681 5242 800 5299 tua,
836 5234 1084 5299 obsecro,
1109 5232 1409 5287 inauribus
1432 5233 1658 5287 nostris:
1680 5249 1780 5286 vox
1803 5231 1955 5286 enim
2037 5246 2313 5297 resecans;
2362 5227 2676 5298 hospitibus
2724 5228 3078 5285 abundanter
3123 5230 3380 5285 omnibus
3441 5234 3624 5288 admi-

362 5334 464 5384 tua
487 5326 683 5392 dulcis,
709 5330 767 5379 et
800 5324 968 5379 facies
996 5328 1096 5376 tua
1113 5322 1342 5389 decora;
1374 5338 1557 5392 neque
1582 5321 1729 5376 enim
1756 5338 1955 5392 possu-
2037 5321 2301 5385 nistrans;
2333 5317 2601 5371 familiam
2629 5335 2848 5390 quoque
2875 5320 3011 5373 satis
3033 5320 3263 5372 illaesam
3292 5336 3322 5372 a
3344 5321 3484 5391 jugo
3513 5339 3626 5377 ser-

366 5435 493 5474 mus
508 5422 564 5471 te
593 5420 812 5487 patrem
832 5430 947 5468 non
970 5427 1179 5479 amare,
1203 5428 1368 5481 quem
1380 5427 1482 5481 pro
1504 5409 1663 5465 nobis
1678 5410 1959 5465 credimus
2039 5408 2232 5463 vitutis
2277 5423 2627 5461 conservans.
2685 5408 2970 5478 Siquidem
3025 5406 3219 5461 viduas
3270 5407 3502 5479 hujusce
3539 5411 3623 5465 fa-

368 5506 714 5561 adfuturum.
2040 5496 2206 5552 miliae
2235 5496 2532 5551 destitutas
2564 5500 2622 5551 et
2646 5495 2868 5551 caelibes
2895 5495 3043 5550 viros
3070 5512 3171 5567 per
3194 5495 3444 5567 singulas
3465 5498 3625 5555 villas
