4000 6170
384 273 523 340 4539

1168 273 1224 327 S.
1266 268 1646 326 PASCHASII
1673 263 2038 325 RADBERTI
2071 268 2375 328 ABBATIS
2412 269 2905 327 CORBEIENSIS.

3524 263 3668 325 1540

374 405 740 469 constituens,
789 402 869 456 eis
896 397 1178 471 stipendia
1218 396 1433 467 jugiter
1455 394 1826 449 ministrabat.
1860 394 1968 450 Or-
1986 398 2142 459 Atus
2163 398 2250 451 vix
2278 397 2558 452 sufﬁciens
2601 395 2945 451 monasticae
2972 393 3145 449 fuisse
3185 393 3525 458 ostenditur,
3555 409 3663 465 pro

376 494 692 565 phanorum
725 507 948 563 quoque
969 496 1027 544 et
1047 487 1336 547 debilium,
1362 501 1576 539 necnon
1610 490 1666 537 et
1694 485 1976 555 hospitum

375 583 435 638 in
468 584 667 637 iisdem
698 582 834 636 locis
862 577 1232 650 opportunius
1248 575 1397 628 velut
1428 575 1829 628 xenodochium
1853 591 1979 627 con-

376 672 660 736 stituerat,
692 676 756 725 ut
795 686 884 723 res
914 668 1160 721 ecclesiae
1197 665 1365 733 hujus
1394 681 1558 717 suum
1590 680 1786 717 omnes
1816 664 1976 733 quasi

375 761 780 831 patrimonium
796 756 1164 829 possiderent.
1180 755 1402 807 Testem
1426 753 1600 806 Deum
1623 751 1975 821 habeo,quod

376 849 526 903 idem
560 850 676 920 ipse
708 849 875 917 hujus
897 846 1186 899 ministros
1216 842 1549 896 oﬂlciivelut
1563 841 1808 894 medicus
1830 857 1976 911 saepe

373 936 723 998 instituebat,
755 941 821 989 ut
851 942 907 989 et
931 934 1040 1005 ipsi
1069 932 1451 1001 excogitarent
1476 931 1796 992 artiﬁciose,
1832 946 1975 998 quo-

375 1026 542 1079 modo
564 1041 751 1079 rerum
773 1024 982 1093 aliquid
1028 1023 1109 1075 eis
1140 1022 1207 1074 ad
1240 1020 1644 1073 comedendum
1688 1025 1973 1089 pararent,

376 1118 433 1166 et
461 1113 519 1166 in
550 1111 940 1183 hujuscemodi
969 1110 1106 1163 cibis
1156 1125 1350 1162 eorum.
1395 1109 1609 1163 sanitas
1638 1124 1707 1161 ne
1740 1107 1971 1177 periret.

373 1202 550 1257 Porro
566 1202 682 1271 regi
708 1207 764 1254 et
788 1199 1054 1254 divitibus
1070 1205 1391 1252 nostrorum
1423 1198 1612 1251 nullus
1636 1206 1750 1249 tam
1781 1197 1971 1265 largus

375 1296 513 1349 erat.
548 1291 760 1344 idcirco
806 1294 871 1343 ut
898 1289 955 1342 in
987 1287 1246 1341 omnibus
1278 1288 1426 1341 Deus
1457 1286 1691 1356 largitor
1717 1286 1970 1339 omnium

372 1380 802 1451 gloriﬁcaretur,
846 1377 1080 1438 beatius,
1115 1377 1366 1446 inquam,
1402 1375 1686 1429 multoties
1711 1374 1972 1444 judicans

372 1469 509 1522 dare
535 1485 705 1539 quam
731 1466 981 1537 accipere
1018 1484 1030 1529 ;
1066 1470 1234 1534 atque
1284 1463 1529 1517 medium
1559 1464 1705 1516 inter
1734 1479 1970 1534 pauper-

369 1562 569 1620 tatem,
591 1563 865 1626 quantum
888 1571 950 1607 ex
966 1569 1025 1606 se
1043 1560 1189 1612 erat,
1218 1561 1276 1605 et
1314 1552 1536 1605 divitias
1573 1559 1803 1621 propter
1832 1552 1971 1605 alios

2057 487 2262 557 frigore
2292 487 2478 558 potius
2508 485 2760 539 membra
2787 485 3064 548 muniens,
3098 499 3267 555 quam
3298 483 3534 537 honoris
3563 479 3667 537 ali-

2059 576 2191 646 quid
2225 592 2446 645 gerens.
2499 574 2802 629 Dicebatur
2829 574 3039 644 quippe
3092 590 3126 625 a
3181 572 3523 643 quibusdam
3555 587 3661 642 pro

2060 666 2211 727 ludo,
2262 665 2434 718 lorica
2469 664 2741 734 frigoris;
2801 662 3069 733 quoniam
3115 670 3238 715 erat
3292 661 3570 732 pollicens
3608 667 3669 714 et

2059 755 2218 824 quasi
2246 755 2442 807 thorax
2471 753 2619 807 circa
2661 753 2873 806 viscera
2898 752 3210 805 fomentum
3239 750 3466 810 caloris,
3498 750 3665 803 vultu

2058 849 2246 895 autem
2300 842 2485 895 suavis
2514 841 2663 893 idem
2711 846 2768 893 et
2810 846 3030 893 statura
3078 840 3275 909 palma
3306 838 3665 892 assimilatas

2059 938 2212 984 erat:
2242 948 2306 984 eo
2320 920 2467 1000 quod
2494 930 2724 1000 pulcher
2751 935 2979 998 aspectu
3002 935 3061 981 et
3081 928 3316 981 decorus
3336 927 3672 990 esset,velut

2059 1020 2304 1090 paradisi
2357 1019 2570 1072 deliciis
2624 1019 2926 1072 enutritus.
2964 1017 3145 1081 Quam
3178 1017 3395 1087 pulchri
3426 1031 3664 1087 gressus

2059 1113 2200 1179 ejus,
2243 1116 2302 1165 et
2343 1127 2513 1182 quam
2564 1109 2802 1180 speciosi
2846 1109 3016 1179 pedes
3054 1109 3123 1163 ad
3164 1108 3670 1178 evangelizandum

2057 1202 2222 1261 (Rom.
2247 1200 2338 1268 x)!
2407 1200 2624 1269 Quippe
2653 1198 2856 1268 quibus
2882 1198 3192 1268 expeditior
3229 1197 3435 1262 damis,
3466 1198 3529 1250 in
3556 1198 3670 1250 cal-

2053 1289 2358 1343 ceamentis
2385 1289 2637 1343 ornatior
2660 1287 2773 1341 ﬁlia
2802 1287 3086 1358 principis.

2610 1415 2745 1469 Item
2772 1415 3100 1482 eloquentia.

2122 1528 2211 1582 63.
2241 1529 2415 1584 Porro
2432 1530 2555 1597 ejus
2576 1529 2759 1582 oratio
2780 1544 2950 1598 quam
2978 1527 3235 1589 facunda,
3277 1543 3453 1597 quam
3492 1527 3663 1597 plena

372 1616 625 1715 sempe'r'
646 1644 923 1705 incedere,
971 1642 1160 1710 itaque
1204 1647 1269 1694 ut
1300 1640 1393 1711 qui
1445 1616 1653 1694 habe'nt
1680 1616 1971 1711 'mnquam
2055 1618 2333 1715 sensibus,
2362 1634 2527 1715 quam
2544 1617 2729 1715 suavis
2747 1616 2942 1715 auditu
2966 1616 3216 1715 manavit
3233 1618 3245 1670 l
3273 1617 3513 1671 Exstant
3534 1618 3660 1714 ejus

371 1749 485 1786 non
499 1705 784 1787 habentes
803 1732 917 1783 fore
935 1705 1103 1800 [esse]
1119 1705 1550 1783 instruerentur.
1571 1730 1597 1782 .l
1607 1736 1791 1783 ustum
1806 1705 1968 1782 etiam

2056 1708 2303 1777 epistolae
2325 1706 2392 1761 ad
2439 1706 2711 1776 plurimos
2732 1706 3041 1769 directse,et
3067 1705 3321 1760 omnium
3344 1721 3528 1767 voces,
3562 1705 3663 1774 qui

376 1831 795 1893 percensuerat,
829 1826 893 1873 ut
919 1834 1113 1872 omnes
1152 1819 1321 1887 hujus
1373 1818 1617 1871 ecclesiae
1674 1818 1869 1871 famuli
1899 1818 1977 1871 sic

373 1916 646 1979 tanquam
680 1914 897 1978 patrem
939 1907 1067 1961 eum
1099 1906 1391 1968 sentirent,
1428 1912 1492 1960 ut
1519 1906 1719 1960 tumidi
1754 1923 1975 1977 quoque

375 1998 679 2054 Dominum
712 2013 842 2051 eum
875 1996 993 2051 fore
1039 2013 1151 2049 non
1180 1995 1562 2064 ambigerent:
1623 1995 1856 2065 insuper
1898 1996 2005 2049 ita.

378 2103 572 2142 eorum
604 2085 903 2140 virtutibus
929 2085 1183 2139 fautoret
1204 2085 1493 2139 institutor
1519 2101 1641 2139 esse
1671 2086 1976 2155 proﬂigens

380 2175 528 2246 [sic],
558 2181 623 2229 ut
650 2175 909 2229 vitiorum
942 2191 1164 2245 quoque
1195 2174 1473 2239 dominus,
1491 2174 1745 2244 quamvis
1774 2174 1978 2228 discre-

368 2270 483 2333 tus,
520 2270 583 2319 ut
611 2263 1035 2318 crudelissimus
1065 2266 1225 2317 fieret
1255 2270 1599 2333 persecutor.

685 2390 758 2442 De
788 2390 1178 2445 consuetudine
1208 2392 1322 2457 ejus
1351 2391 1660 2442 domestica.

448 2500 535 2560 60.
563 2504 687 2558 Jam
717 2519 851 2573 ergo
873 2504 1037 2573 juxta
1065 2519 1234 2573 quam
1267 2519 1520 2557 normam
1553 2501 1974 2557 consuetudinis

380 2598 641 2648 assuetus
667 2592 852 2658 tuerit,
876 2592 1031 2646 novit
1052 2609 1315 2647 mensura
1335 2592 1513 2646 sancti
1534 2592 1765 2655 oraculi,
1784 2592 1839 2647 in
1864 2607 1974 2661 quo

382 2683 489 2739 fuit
510 2698 717 2739 manna
740 2680 1125 2737 absconditum
1148 2690 1206 2735 et
1230 2698 1372 2736 urna
1403 2698 1599 2738 aurea;
1620 2681 1796 2736 altare
1828 2696 1968 2750 quo-

376 2787 487 2841 que
502 2771 711 2827 incensi
733 2787 987 2835 aureum,
1007 2776 1066 2824 et
1088 2772 1238 2841 virga
1258 2774 1442 2826 Aaron
1464 2788 1586 2841 quae
1602 2771 1927 2826 fronduerat
1952 2788 1963 2822 :

374 2859 586 2914 habens
629 2858 770 2913 illud
820 2859 1015 2929 viginti
1061 2859 1276 2914 cubitos
1306 2860 1481 2928 [mss.,
1523 2858 1862 2927 cubitorum]
1910 2858 1970 2911 in

375 2947 746 3017 longitudine,
775 2954 831 3001 et
862 2948 1057 3017 viginti
1076 2948 1133 3002 in
1170 2948 1494 3009 latitudine,
1520 2948 1715 3016 viginti
1749 2962 1971 3017 quoque

2059 1812 2347 1865 nunquam
2378 1812 2437 1849 se
2476 1795 2705 1849 uberius
2731 1800 2831 1849 aut
2857 1794 3175 1864 expressius
3204 1794 3534 1863 loquentem
3562 1810 3665 1847 an-

2058 1885 2207 1938 disse
2243 1890 2538 1939 testantur.
2595 1884 2740 1937 Voce
2761 1884 2985 1954 quidem
3016 1884 3279 1937 canorius
3307 1899 3493 1953 cygno
3523 1883 3667 1938 mul-

2057 1973 2218 2028 cebat
2246 1974 2501 2029 auditum
2532 1991 2544 2026 :
2584 1972 2681 2026 sed
2715 1978 2772 2027 et
2792 1972 2955 2026 melle
2983 1972 3203 2027 dulcius
3228 1972 3442 2041 palatui
3476 1971 3663 2026 cordis

2059 2062 2300 2116 melodia
2341 2060 2613 2131 sapiebat.
2651 2061 2786 2115 Erat
2813 2068 3005 2114 autem
3034 2060 3218 2114 omnis
3249 2060 3507 2115 narratio
3537 2061 3664 2129 ejus

2058 2157 2255 2222 aperta
2287 2150 2465 2214 valde,
2503 2150 2684 2205 brevis
2742 2166 2806 2204 ac
2856 2149 3041 2203 lucida
3070 2148 3235 2219 (quod
3260 2148 3526 2203 dictionis
3559 2166 3663 2218 ge-

2059 2256 2165 2294 nus
2219 2246 2473 2293 oratores
2527 2238 2760 2293 summis
2783 2238 3059 2292 extollunt
3097 2236 3400 2306 laudibus),
3429 2237 3513 2290 nil
3530 2237 3663 2291 feci.

2055 2329 2290 2393 lentum,
2331 2326 2752 2398 nequedubium
2784 2327 2918 2397 quid
2948 2327 3005 2381 in
3036 2343 3203 2381 sensu
3234 2342 3566 2393 reservem;
3598 2332 3662 2380 at

2055 2434 2185 2472 vero
2216 2418 2382 2488 plano
2412 2418 2469 2471 in
2522 2416 2788 2471 clausulis
2837 2416 3141 2485 procedens
3177 2432 3399 2485 gressu,
3452 2431 3658 2470 sensus

2056 2508 2178 2576 ejus
2209 2506 2470 2561 favitluus
2515 2504 2884 2576 pinguissimo
2944 2504 3312 2560 claudebatur
3348 2506 3481 2558 ﬁne.
3519 2505 3659 2561 Erat

2057 2596 2232 2665 igitur
2260 2612 2431 2649 sonus
2460 2594 2786 2649 assertionis
2813 2594 3083 2665 expositio
3113 2594 3443 2655 dictionum,
3477 2594 3561 2649 ita
3592 2600 3656 2648 ut

2051 2702 2181 2740 voce
2210 2685 2550 2739 tormeretur
2575 2683 2831 2753 proprius
2872 2683 3165 2738 verborum
3215 2683 3560 2745 intellectus,
3596 2689 3656 2738 et

2052 2774 2168 2828 suis
2199 2773 2432 2843 singulas
2462 2772 2703 2842 partium
2724 2772 3025 2842 qualitates
3055 2771 3493 2826 restituerentur
3521 2788 3655 2826 sen-

2052 2862 2221 2922 sibus,
2262 2862 2472 2915 habens
2502 2861 2693 2915 omnia
2722 2860 2970 2914 membra
3003 2860 3345 2916 narrationis
3376 2861 3656 2930 capitula-

2051 2952 2153 3005 tim
2181 2951 2465 3013 distincta,
2509 2956 2566 3003 et
2591 2950 2658 3004 ad
2695 2949 3053 3003 retinendum
3087 2949 3380 3011 facillima;
3410 2950 3481 3002 ad
3520 2966 3650 3020 per-

371 3035 430 3090 in
461 3036 758 3095 altitudine
783 3037 928 3102 (Leu.
964 3051 1074 3101 va,
1099 3039 1268 3090 Num.
1295 3042 1410 3104 XVI)
1430 3055 1441 3088 :
1465 3043 1529 3090 ut
1551 3051 1619 3089 ex
1646 3036 1797 3090 omni
1823 3043 1982 3106 parte
1999 3033 2407 3095 Canadendum
2440 3056 2567 3093 vero
2600 3039 2683 3092 vel
2718 3038 3156 3091 dissuadendum
3192 3038 3651 3109 promptissima:

370 3125 598 3193 gemino
609 3124 840 3183 denario
860 3125 1581 3189 consummatus,charitate
1595 3124 1691 3178 Dei
1710 3141 1772 3178 ac
1794 3125 1974 3195 proxi-

372 3212 452 3268 mi
492 3213 839 3282 quadratura
879 3220 1151 3283 perpetua
1196 3212 1506 3267 fulciretur.
1558 3214 1673 3267 Nec
1735 3214 1969 3268 dubium

373 3300 511 3370 quin
561 3300 832 3356 Dominus
861 3302 913 3355 ei
943 3301 1114 3357 fuerit
1141 3288 1590 3362 fundamentum.
1625 3302 1770 3357 infra
1800 3318 1968 3373 quam

373 3404 699 3449 mensuram
756 3390 1091 3455 attitulatus,
1129 3391 1248 3445 sola
1273 3391 1425 3445 novit
1453 3392 1850 3461 contemplatio
1879 3392 1967 3445 di-

372 3476 506 3533 vina
560 3478 695 3549 quid
750 3485 942 3533 noster
997 3496 1163 3534 senex
1218 3496 1319 3551 pro
1347 3497 1449 3534 suo
1477 3496 1633 3535 more
1662 3481 1968 3536 domestico

372 3571 661 3623 tractaret.

650 3684 723 3737 De
748 3687 864 3752 ejus
900 3686 1198 3750 affectione,
1226 3690 1346 3738 arte
1368 3690 1418 3739 ct
1450 3701 1671 3753 genere.

443 3796 532 3853 6l.
569 3797 871 3851 Aﬂ‘ectione
895 3814 1025 3852 vero
1055 3799 1131 3851 ita
1160 3798 1377 3853 illectus
1405 3800 1654 3855 omnium
1686 3801 1961 3855 bonorum

371 3882 768 3950 incitamentis,
820 3892 885 3939 ut
930 3903 1098 3957 super
1142 3887 1394 3941 fraterna
1436 3889 1647 3943 viscera
1675 3890 1963 3944 charitatis

372 3974 553 4030 ofﬁcio
581 3992 682 4030 seu
712 3975 906 4029 faculis
937 3982 1212 4031 ureretur.
1248 3977 1518 4048 Deinceps
1538 3978 1706 4048 igitur
1720 3986 1839 4037 arte
1855 3996 1966 4049 qua

367 4064 539 4121 fuerit
556 4063 827 4123 eruditus.
863 4069 1018 4135 patet
1036 4064 1165 4134 quia
1183 4065 1451 4122 fecundus
1466 4067 1723 4121 inventus
1738 4076 1822 4122 est
1839 4084 1963 4124 eru-

369 4152 601 4211 ditionis
633 4153 886 4207 consilio.
943 4153 1262 4211 Prudentia;
1321 4172 1582 4226 namque,
1645 4162 1709 4215 ut
1735 4157 1959 4224 dicitur,

368 4243 523 4300 mille
553 4243 726 4298 oculis
757 4243 1127 4313 adinspector,
1157 4244 1426 4298 virtutum
1460 4262 1681 4316 quoque
1710 4246 1963 4301 disertis-

368 4332 543 4387 simus
594 4331 927 4402 disputator,
972 4332 1284 4387 liberalium
1336 4334 1545 4389 artium
1589 4334 1729 4388 adeo
1783 4351 1960 4405 usque

2055 3145 2278 3200 semper
2305 3128 2523 3182 avidius
2535 3128 2603 3181 ad
2633 3127 3037 3181 intendendum
3058 3143 3393 3197 promovens
3418 3127 3657 3181 audien-

2051 3226 2157 3285 tes,
2187 3219 2318 3288 igne
2342 3217 2577 3271 calidius
2625 3217 2694 3270 ad
2740 3216 3193 3280 dcsiderandum,
3234 3222 3527 3288 torporem
3567 3217 3658 3270 di-

2051 3307 2358 3365 scutienda,
2409 3306 2649 3359 incitans
2696 3305 3035 3359 desidentes.
3094 3306 3230 3370 Quae
3285 3306 3333 3359 si
3390 3306 3657 3361 facundia

2050 3398 2280 3451 daretur
2329 3395 2485 3459 mihi,
2543 3395 2882 3449 luculentius
2923 3394 3201 3465 explerem
3233 3394 3383 3465 quod
3412 3402 3656 3449 conatus

2049 3503 2173 3541 sum
2200 3506 2213 3548 ;
2257 3502 2406 3539 nunc
2442 3490 2632 3538 autem
2665 3484 2947 3538 excusatio
2980 3500 3080 3554 pro
3110 3484 3453 3554 ignorantia,
3492 3486 3656 3539 venia

2049 3592 2149 3646 pro
2170 3581 2296 3628 voto
2321 3573 2575 3629 debetur.
2611 3574 2917 3643 praesertim
2954 3590 3083 3627 cum
3108 3574 3290 3643 stylus
3335 3573 3555 3627 nullius
3581 3574 3653 3627 ad

2047 3665 2150 3717 hoc
2181 3662 2466 3734 negotium
2500 3662 2699 3715 melius
2729 3662 3028 3733 expediret,
3052 3678 3219 3733 quam
3250 3663 3377 3731 ejus
3404 3663 3571 3732 cujus
3590 3667 3655 3716 ut

2044 3753 2158 3806 vita
2185 3751 2529 3823 praeminet,
2553 3752 2632 3803 ita
2663 3757 2720 3805 et
2748 3768 2930 3804 sermo
2952 3751 3236 3804 antecellit
3259 3769 3272 3815 ;
3303 3751 3402 3805 sed
3429 3752 3567 3822 quia
3593 3751 3653 3804 id

2046 3841 2256 3911 ingenii
2286 3840 2439 3895 unda
2467 3841 2724 3910 denegat,
2759 3840 2997 3895 voluisse
3039 3839 3331 3894 charitatis
3356 3841 3494 3910 jura
3522 3844 3652 3893 tan-

2046 3936 2168 3983 tum
2194 3929 2455 4000 implesse
2477 3928 2824 4000 probabitur.

2603 4055 2678 4108 De
2708 4059 2825 4124 ejus
2854 4056 3083 4123 affectu.

2113 4169 2212 4225 64.
2274 4171 2473 4225 Restat
2516 4186 2666 4225 nunc
2712 4170 2914 4225 affectu
2940 4170 3123 4241 qualis
3160 4169 3332 4226 fuerit
3356 4168 3647 4227 intimare.

2046 4260 2154 4317 Sed
2173 4276 2284 4329 quo
2312 4259 2450 4313 artis
2471 4258 2696 4329 ingenio
2728 4260 2972 4330 pandam
2993 4261 3118 4329 ejus
3143 4260 3404 4315 affectum
3438 4261 3640 4327 animi.

2042 4349 2137 4420 qui
2167 4365 2280 4402 uno
2308 4364 2530 4418 semper
2559 4348 2762 4402 mentis
2792 4347 2995 4402 ardore
3024 4348 3373 4404 aﬂiciebatur
3401 4350 3461 4405 in
3490 4349 3649 4406 omni

367 4420 754 4478 sanctissimus
780 4420 1092 4479 institutor,
1127 4427 1189 4474 ut
1216 4420 1481 4490 probares
1499 4422 1552 4475 in
1576 4439 1641 4476 eo
1658 4422 1791 4476 illud
1813 4424 1959 4479 beati
1982 4430 2025 4487 D
2045 4439 2169 4491 vim;
2199 4436 2444 4506 negotio,
2477 4437 2695 4506 Jugiter
2722 4437 2872 4491 enim
2905 4437 3136 4507 cupiens
3168 4438 3400 4493 άξεεοινί
3437 4444 3499 4492 (ιι
3517 4455 3644 4494 esse

366 4510 616 4573 Antonii,
649 4510 797 4581 quod
848 4527 1046 4565 sensus
1103 4509 1455 4565 adinvenerit
1497 4519 1711 4577 artem;
1753 4517 1811 4565 et
1864 4513 1960 4583 qui

366 4614 531 4654 sensu
558 4599 635 4653 sit
659 4599 897 4670 integer,
930 4616 1059 4653 eum
1090 4604 1212 4652 arte
1242 4615 1354 4653 non
1381 4599 1647 4670 indigere,
1673 4601 1751 4655 De
1775 4601 1964 4659 condi-

366 4686 520 4741 tione
546 4688 663 4757 jam
692 4690 839 4742 ultra
867 4689 1001 4758 quid
1034 4689 1233 4759 loquar
1257 4688 1410 4758 ?qui,
1438 4695 1501 4743 ut
1529 4689 1791 4759 praefatus
1812 4707 1958 4756 sum,

366 4773 544 4845 regali
570 4790 635 4827 ex
661 4775 924 4845 progenie
952 4778 1135 4833 clarus
1162 4777 1371 4831 etl‘ulsit
1397 4796 1408 4830 :
1466 4793 1681 4832 necnon
1706 4785 1765 4832 et
1790 4779 1860 4834 de
1885 4780 1960 4834 al-

368 4870 493 4945 tera
533 4862 872 4928 conditione,
921 4870 1109 4919 utrum
1162 4866 1439 4936 proprius,
1487 4873 1551 4921 ut
1578 4867 1685 4937 ipsi
1742 4867 1954 4935 dicunt,

366 4952 748 5025 adoptivusve.
773 4967 843 5004 an
857 4951 1338 5020 abdicatusfuerit,
1367 4955 1502 5026 quid
1524 4956 1805 5027 ingeram?
1828 4975 1957 5013 cum

367 5048 424 5097 et
448 5040 883 5098 Bernardiﬂlius
899 5040 1087 5099 fuisse.
1107 5042 1295 5099 fratris
1318 5046 1507 5116 magni
1539 5045 1761 5116 Pippini
1785 5046 1953 5117 regis,

366 5136 425 5185 et
452 5129 554 5187 Dei
578 5146 702 5187 esse
717 5128 1014 5201 adoptivus
1029 5146 1141 5185 non
1158 5131 1441 5189 abnuitur.

623 5257 782 5310 Vultu
802 5261 851 5309 et
879 5256 1073 5309 habitu
1099 5261 1320 5324 prestat
1348 5259 1439 5311 vir
1462 5263 1707 5312 sanctus.

434 5336 768 5433 62.~Habitu
825 5379 1011 5429 autem
1061 5390 1171 5445 quo
1205 5373 1375 5428 fuerit
1418 5375 1707 5444 infulatus,
1740 5383 1961 5435 constat

364 5462 533 5535 paulo
557 5466 688 5523 ante
720 5481 809 5529 me
838 5463 1057 5529 dixisse,
1101 5463 1250 5541 quod
1291 5464 1546 5521 Christus
1605 5468 1725 5536 ejus
1767 5470 1958 5525 tunica

365 5550 558 5609 talaria
567 5551 736 5608 fuisse
746 5552 1319 5624 probatur.Caeterum
1338 5552 1791 5611 vestimentorum
1804 5558 1961 5613 habi-

2042 4543 2167 4581 cum
2197 4526 2419 4580 Christo
2451 4527 2676 4594 (Philip.
2708 4529 2773 4591 1),
2793 4541 2854 4579 se
2880 4525 3163 4581 laboribus
3186 4526 3488 4597 fatigabat:
3514 4544 3646 4599 per-

2044 4632 2273 4669 manere
2292 4623 2481 4669 autem
2511 4614 2566 4668 in
2597 4631 2765 4670 carne
2792 4623 3023 4685 propter
3050 4632 3151 4671 nos
3177 4617 3561 4672 necessarium
3581 4618 3648 4671 li-

2044 4710 2133 4758 cet
2176 4704 2341 4758 aliter
2393 4705 2681 4767 fateretur,
2740 4704 2966 4775 penitus
2994 4703 3289 4760 sentiebat.
3323 4706 3486 4761 Unde
3521 4712 3643 4761 toto

2045 4793 2245 4847 adnisu
2289 4793 2413 4848 vitm
2442 4793 2736 4863 satagebat
2764 4794 3026 4864 prodesse
3059 4793 3339 4857 omnibus,
3371 4795 3527 4850 mille
3559 4799 3646 4859 (ut

2039 4882 2121 4936 ita
2146 4882 2351 4938 dicam)
2377 4882 2718 4937 charitatum
2746 4899 2972 4952 semper
3019 4883 3258 4953 negotiis
3296 4890 3637 4956 occupatus;

2038 4970 2348 5042 praesertim
2375 4970 2523 5040 quod
2551 4976 2701 5025 esset
2725 4971 3022 5026 consilium
3052 4971 3226 5027 totius
3246 4972 3446 5042 patrie
3469 4978 3530 5026 et
3548 4988 3642 5043 pa-

2038 5065 2125 5114 ter
2148 5059 2397 5113 omnium
2429 5059 2821 5129 indigentium,
2852 5060 2947 5130 qui
2979 5076 3075 5115 ore
3096 5076 3167 5115 ac
3195 5060 3479 5128 manibus,
3507 5076 3637 5119 cum
3664 5080 3669 5085 δ

2040 5149 2190 5203 omni
2220 5148 3002 5217 circumstantiafacultatum,
3024 5166 3126 5221 pro
3142 5149 3406 5206 libertate
3424 5149 3634 5206 Christi

2042 5243 2164 5292 erat
2199 5238 2453 5292 omnium
2480 5254 2674 5293 servus
2687 5283 2701 5295 .

2458 5365 2690 5420 Carteia
2717 5362 2997 5419 Saxonica
3028 5365 3217 5419 initia.

2109 5466 2197 5526 65.
2232 5468 2336 5534 Qui
2364 5487 2488 5524 cum
2521 5476 2669 5525 esset
2692 5484 2916 5542 semper
2959 5487 3225 5525 accensus
3254 5469 3475 5539 ardore,
3505 5489 3625 5545 per-

2039 5560 2195 5617 venit
2212 5576 2389 5631 usque
2414 5559 2486 5614 ad
2521 5559 2773 5619 Saxoniae
2816 5560 2976 5629 ﬁnes,
3006 5560 3102 5616 ubi
3131 5561 3253 5632 jam
3290 5560 3620 5633 parvissima
