4000 6170
226 236 355 301 15η

1407 234 1502 299 DE
1538 240 1709 300 vna
1747 244 1805 298 s.
1844 230 2287 300 ADALHARDI.

3361 246 3501 317 1542

219 369 420 425 cellula
440 385 476 423 a
503 374 700 424 sancto
735 370 874 433 viro,
900 384 1002 424 suo
1034 368 1336 438 mquivoco,
1362 365 1682 421 Adalhardo
1713 382 1815 420 no-
1835 369 1886 427 A
1902 365 2004 420 Dei
2034 366 2365 423 mandatum
2388 368 2559 423 nimis
2601 371 2825 427 nonnisi
2855 373 3087 430 dilatato
3113 378 3281 433 corde
3306 382 3499 451 perﬁci

222 460 393 523 mine,
429 465 659 530 sumptu
687 459 859 529 hujus
907 457 1230 512 monasterii
1260 456 1524 513 aediﬁcari
1553 461 1817 526 cmperat,

223 564 287 602 eo
319 548 466 619 quod
501 548 647 601 idem
680 547 878 601 beatus
908 547 1010 610 vir,
1041 546 1174 616 quia
1198 562 1332 599 suus
1361 544 1547 598 fuerat
1575 545 1824 598 nutritus

222 642 279 690 et
308 636 603 690 familiaris
633 636 799 697 ﬁlius,
824 636 1217 689 intercesserat
1246 635 1365 687 loro
1396 634 1536 703 ejus,
1556 634 1825 703 dumipse

226 726 379 779 Hero
399 726 586 778 insula
597 726 755 778 exsul
778 724 1098 785 haberetur,
1118 722 1311 776 mundi
1327 729 1384 776 et
1399 722 1642 793 paradisi
1670 722 1823 775 civis.

222 814 438 869 Videns
454 814 629 884 igitur
653 813 778 884 pius
800 819 961 883 pater
982 828 1047 866 ac
1098 828 1261 865 senex
1289 811 1674 864 sanctissimus
1688 826 1831 881 ccep-

226 908 348 956 tum
377 919 519 973 opus
551 902 695 972 quod
731 901 956 972 pietatis
985 906 1133 954 esset
1160 900 1426 961 ofﬁcium,
1448 916 1633 968 regem
1666 898 1825 962 adiit,

223 996 281 1045 et
311 990 508 1061 petivit
531 990 600 1043 ab
622 1007 707 1052 eo,
728 997 793 1043 ut
816 991 1047 1043 daretur
1078 989 1126 1043 ei
1160 989 1313 1042 locus
1328 982 1638 1043 aediﬁcandi
1660 1006 1672 1046 :
1693 988 1829 1057 quia

231 1080 327 1133 ille
357 1079 415 1132 in
447 1096 555 1149 quo
580 1090 603 1119 ι
628 1079 798 1133 situm
831 1079 1032 1142 fuerat,
1063 1094 1174 1131 non
1205 1077 1359 1131 utilis
1388 1082 1488 1130 aut
1515 1083 1681 1147 aptus
1704 1092 1827 1130 esse

224 1167 589 1238 probabatur.
616 1168 774 1233 Quod
803 1167 1038 1221 audiens
1060 1167 1366 1236 imperator
1394 1167 1701 1235 Augustus.
1723 1182 1825 1234 ga-

223 1257 378 1311 visus
407 1264 493 1311 est
520 1258 699 1319 valde,
734 1257 922 1310 volens
948 1257 998 1310 ei
1029 1256 1209 1311 multa
1239 1254 1451 1324 largiri,
1479 1254 1585 1308 nisi
1618 1254 1827 1308 retine-

220 1351 309 1403 ret
340 1362 467 1401 eum
514 1346 651 1421 ipse,
685 1345 778 1419 qui
831 1345 972 1401 nulli
1030 1361 1279 1415 unquam
1328 1343 1667 1399 concedebat
1721 1343 1827 1397 sibi

220 1434 378 1501 dare,
402 1441 673 1506 quantum
690 1433 923 1506 quilibet
941 1434 1227 1501 voluisset;
1242 1433 1336 1487 sed
1352 1438 1622 1505 quantum
1654 1432 1825 1496 idem,

220 1524 310 1583 vel
358 1523 405 1578 si
465 1523 768 1587 modicum,
810 1523 1156 1588 censuisset;
1200 1539 1374 1593 agens
1424 1538 1647 1597 semper
1688 1521 1826 1575 illud

225 1610 502 1685 Apostoli,
527 1613 659 1682 quia
680 1611 897 1666 beatius
927 1612 1061 1665 dare
1088 1627 1255 1682 quam
1287 1610 1554 1680 accipere.
1586 1611 1828 1681 Accepta

1903 472 2067 525 posse
2092 474 2105 520 ;
2135 457 2283 527 quod
2313 474 2443 512 vero
2473 476 2666 514 omnes
2695 464 3018 532 superﬁcies
3049 466 3107 519 in
3166 483 3225 522 se
3255 471 3498 538 resolvit,

1906 543 2117 613 liquido
2142 545 2415 615 signatur,
2450 548 2597 618 quod
2627 565 2821 604 omnes
2869 553 3096 624 reliquae
3121 556 3353 611 virtutes
3382 560 3504 629 ejus

1908 632 2205 688 latitudine
2225 643 2716 704 consummantur;
2750 646 2806 693 et
2831 640 2952 711 ipsa
2996 643 3238 698 charitas
3284 646 3507 699 nonnisi

1908 721 2241 776 Trinitatem
2271 724 2503 779 colendo
2554 725 2609 779 in
2658 728 2876 783 unitate
2934 732 3237 801 perﬁcitur,
3280 740 3345 787 ut
3373 750 3504 788 vera

1910 811 2176 880 perfectio
2206 812 2263 865 in
2294 812 2381 867 his
2410 813 2588 868 tribus
2646 822 2831 870 unitas
2890 817 3174 873 individua
3217 826 3498 876 teneatur.

1914 899 2042 952 Haec
2070 899 2197 953 ideo
2219 917 2307 954 me
2326 901 2530 956 dixisse
2559 904 2817 969 sufﬁciat,
2847 910 2911 959 ut
2941 916 3309 962 monstrarem
3334 927 3504 980 quam

1911 989 2156 1057 prudens
2184 989 2332 1043 idem
2362 1006 2426 1043 ac
2450 992 2671 1062 sapiens
2696 993 2885 1052 fuerit.
2916 1002 3236 1066 quantoque
3256 998 3504 1053 charita-

1907 1077 1982 1129 tis
2006 1077 2206 1131 ardore
2231 1078 2496 1144 fervebat,
2530 1081 2622 1150 qui
2650 1082 2820 1135 talem
2851 1098 2915 1137 ac
2943 1089 3163 1139 tantum
3217 1086 3503 1157 discipulis

1908 1164 2199 1220 habitandi
2230 1168 2412 1221 locum
2459 1176 2705 1239 pararat,
2732 1171 3010 1241 irriguum
3062 1174 3245 1244 aquis,
3272 1176 3427 1229 velut
3453 1175 3503 1230 si

1909 1253 2095 1307 minor
2146 1256 2421 1326 [Egyptus
2478 1265 2627 1312 esset
2681 1264 2739 1312 et
2785 1261 2930 1314 alter
2959 1263 3251 1332 paradisus
3278 1264 3504 1319 Domini

1907 1342 2257 1396 venientibus
2277 1345 2346 1397 de
2373 1345 2525 1399 fonte
2560 1346 2744 1401 Patris
2772 1348 2828 1401 in
2860 1356 3044 1404 ortum
3067 1352 3218 1405 solis.
3248 1352 3389 1408 Vere
3433 1355 3503 1408 de

1908 1430 2059 1485 fonte
2080 1431 2265 1487 Patris
2282 1433 2416 1501 dixi,
2447 1434 2579 1504 quia
2604 1436 2662 1490 in
2708 1436 2930 1491 Christo
2975 1440 3176 1505 renati,
3199 1442 3507 1497 creduntur

1909 1519 2105 1573 exinde
2134 1536 2245 1573 non
2273 1523 2455 1575 solum
2513 1524 2581 1576 ad
2633 1530 2816 1577 ortum
2849 1526 3000 1591 solis,
3033 1529 3128 1581 sed
3158 1529 3329 1584 etiam
3355 1532 3503 1589 ultra
3568 1548 3572 1552 ‘

1910 1608 2081 1661 solem
2098 1626 2275 1680 usque
2298 1611 2898 1681 transcendere.Quem
2919 1614 3102 1669 locum
3133 1616 3328 1673 beatus
3343 1625 3504 1689 pater

224 1705 415 1754 autem
464 1707 739 1775 potestate
770 1717 804 1754 a
833 1717 964 1770 rege
991 1706 1054 1754 ut
1092 1699 1186 1757 ubi
1227 1699 1392 1753 vellet
1420 1698 1557 1752 illud
1583 1685 1887 1752 aediﬁca-13
1910 1694 2203 1749 Corbeiam
2252 1697 2483 1753 alterius
2512 1699 2581 1753 de
2618 1701 2845 1754 nomine
2874 1702 3151 1769 vocitavit,
3187 1712 3250 1761 ut
3276 1685 3502 1777 signum

224 1792 332 1851 ret,
372 1787 543 1859 elegit
573 1787 755 1845 locum
786 1788 945 1843 valde
971 1803 1252 1842 amoenum
1274 1792 1329 1841 et
1356 1787 1645 1841 monachis
1658 1786 1826 1843 nimis

225 1892 536 1948 congruum
564 1876 634 1931 ad
664 1876 1031 1933 habitandum
1068 1895 1079 1930 :
1113 1876 1208 1930 ubi
1250 1881 1308 1930 et
1342 1891 1438 1931 rex
1469 1880 1661 1945 postea
1698 1876 1822 1947 plu-

224 1962 373 2019 rima
393 1972 622 2039 prOpter
649 1964 751 2021 Dei
782 1966 1183 2038 omnipotentis
1212 1981 1461 2021 amorem
1483 1964 1720 2021 contulit
1736 1963 1825 2019 be-

220 2054 442 2113 neﬂcia.

718 2144 869 2200 Situs
899 2148 948 2198 et
977 2146 1162 2211 ﬁgura
1200 2144 1321 2197 loci.

293 2256 382 2314 66.
416 2260 514 2314 Est
535 2263 725 2317 autem
765 2260 919 2313 locus
973 2258 1336 2328 pergentibus
1370 2257 1438 2311 ad
1471 2262 1659 2312 ortum
1684 2257 1819 2311 solis

216 2347 291 2401 de
319 2348 495 2405 Fonte
520 2348 547 2391 ιι
570 2346 756 2403 Patris
789 2347 930 2402 situs
960 2363 1132 2417 supra
1148 2346 1308 2403 littus
1326 2345 1580 2407 Wiserze,
1607 2346 1666 2400 in
1696 2362 1818 2400 mo-

218 2436 359 2491 dum
382 2436 427 2491 Δ
454 2436 675 2501 litterae,
703 2436 861 2492 vallis
881 2435 1111 2506 planitie
1137 2436 1439 2491 collocatus
1462 2454 1475 2502 ;
1508 2433 1722 2489 habens
1748 2434 1820 2489 ad

224 2528 415 2579 ortum
446 2523 579 2579 solis
607 2524 896 2594 praefatum
954 2524 1192 2587 alveum,
1245 2529 1303 2578 et
1356 2529 1601 2578 montem
1633 2539 1823 2593 porre-

219 2618 375 2667 ctum
403 2611 462 2669 in
494 2611 631 2666 facie
652 2614 814 2681 juxta
842 2613 1092 2667 ﬂuvium.
1124 2612 1296 2666 Porro
1324 2629 1359 2667 a
1390 2612 1625 2666 meridie
1661 2628 1821 2666 mons

223 2701 372 2755 alius
401 2700 695 2771 egrediens
728 2718 758 2755 e
788 2701 954 2755 ﬂuvio
985 2700 1112 2755 sinu
1141 2701 1323 2755 tendit
1346 2702 1418 2756 ad
1464 2717 1721 2756 occasum
1745 2719 1759 2767 ;
1787 2717 1823 2754 a

231 2789 612 2860 septentrione
639 2805 772 2845 vero
796 2789 941 2844 alter
965 2806 996 2843 e
1022 2790 1251 2859 regione
1304 2789 1425 2860 pari
1470 2790 1582 2845 situ
1617 2788 1818 2859 pergit,

229 2893 523 2947 quousque
555 2894 615 2935 se
643 2877 878 2941 invicem
912 2876 1057 2933 viam
1084 2894 1184 2947 per
1213 2878 1461 2933 medium
1492 2878 1690 2933 dantes
1727 2893 1822 2931 co-

221 2966 514 3037 pulentur.
546 2968 730 3037 Atque
759 2967 840 3021 ita
866 2966 924 3020 in
954 2966 1137 3021 medio
1184 2968 1249 3021 ﬁt
1291 2966 1472 3032 vallis,
1512 2967 1750 3036 ﬁguram
1779 2966 1822 3021 Δ

1908 1790 2057 1837 esset
2082 1784 2140 1838 in
2167 1794 2476 1857 posterum,
2508 1804 2542 1840 a
2588 1804 2697 1858 quo
2754 1790 2913 1859 prius
2942 1786 3079 1845 illud
3129 1799 3274 1847 esset
3298 1792 3502 1861 funda-

1906 1878 2047 1925 tum.
3253 1873 3261 1879 '

1904 2006 2258 2061 Adalhardus
2281 2024 2405 2061 suos
2445 2010 2521 2063 ad
2560 2012 2811 2064 studium
2847 2018 3189 2081 paupertatis
3217 2016 3496 2073 hortatur.

1976 2136 2060 2194 58.
2094 2139 2247 2205 Quis,
2280 2140 2381 2194 mi’
2404 2141 2571 2196 Pater
2621 2141 2967 2210 charissime,
3003 2162 3233 2203 narrare
3262 2150 3504 2209 sufﬁciat

1902 2227 2185 2297 providam
2218 2229 2527 2287 doctrinam
2554 2248 2711 2285 suam
2736 2231 2793 2286 in
2821 2233 3118 2292 omnibus?
3144 2253 3269 2295 vere
3299 2238 3499 2309 fateor,

1901 2316 2048 2388 quod
2076 2317 2295 2391 quoties
2322 2320 2407 2375 tui
2437 2320 2700 2377 recordor
2727 2322 2794 2374 ad
2828 2322 3123 2393 liquidum,
3162 2326 3338 2381 miror
3362 2329 3503 2389 satis

1901 2422 2068 2478 quam
2089 2407 2352 2477 providus
2372 2415 2496 2462 erat
2521 2409 2576 2462 in
2608 2408 3175 2469 omnibus.Recordor
3204 2415 3353 2477 enim
3374 2417 3503 2473 doc-

1899 2495 2178 2549 trinarum
2201 2503 2446 2560 tuarum,
2481 2498 2682 2568 quibus
2712 2516 2807 2552 eos
2836 2499 3043 2565 alebas,
3078 2509 3134 2557 et
3162 2503 3499 2567 instituebas

1902 2584 2136 2639 tenellos
2163 2584 2232 2638 de
2262 2585 2370 2638 fide
2410 2593 2466 2639 et
2487 2586 2780 2650 charitate,
2815 2586 2963 2642 inter
2983 2606 3120 2660 quas
3141 2593 3313 2651 etiam
3342 2611 3502 2666 spem

1902 2673 2144 2726 mediam
2175 2673 2508 2740 collocabas;
2541 2674 2609 2728 de
2637 2674 2887 2731 moribus
2916 2678 3052 2732 etde
3072 2679 3228 2735 omni
3245 2681 3519 2745 doctrina~

1903 2761 2061 2829 vitae;
2095 2762 2338 2833 qualiter
2350 2763 2519 2818 etiam
2537 2763 2753 2818 oblatas
2787 2765 2891 2821 sibi
2920 2782 3009 2821 res
3036 2784 3071 2820 a
3100 2769 3349 2843 quolibet
3374 2788 3500 2826 sus-

1903 2850 2086 2921 cipere
2114 2850 2455 2915 debuissent,
2491 2870 2616 2907 cum
2650 2852 2785 2923 ipsis
2813 2853 2961 2907 inter
2982 2854 3371 2913 sollicitudinis
3399 2876 3500 2914 ne-

1902 2940 2058 3008 gotia
2085 2940 2413 3011 peragebas,
2445 2942 2844 2997 commendans
2874 2943 2953 2997 eis
2985 2961 3087 3014 per
3113 2947 3321 3013 omnia,
3353 2957 3419 3003 ut
3438 2949 3499 3003 in

223 3054 335 3111 hoc
360 3055 548 3118 modo,
582 3060 856 3125 quantum
887 3055 1168 3118 recordor,
1202 3055 1537 3125 exprimens.
1569 3055 1685 3111 Nec
1714 3053 1822 3109 im-
1841 3038 1885 3101 Ο
1909 3028 2061 3125 ηιξμο
2088 3034 2441 3125 terr‘immm
2469 3030 2680 3125 09PM?”
2700 3038 2905 3098 essent,
2958 3048 3141 3104 ηεσιιιθ
3189 3036 3499 3125 quidquam

220 3144 461 3210 merito;
492 3161 622 3203 nam
644 3143 915 3213 magister
930 3143 1181 3198 veritatis
1199 3144 1387 3198 divino
1413 3148 1553 3199 nutu
1571 3143 1818 3209 edoctus,

218 3232 396 3286 talem
423 3232 594 3303 elegit
622 3233 823 3294 locum.
855 3233 951 3303 qui
993 3239 1051 3287 et
1075 3233 1281 3288 Christi
1310 3233 1555 3314 nutriret
1579 3232 1825 3302 discipu-

217 3324 326 3389 los,
360 3330 419 3378 et
445 3341 549 3379 suo
569 3341 664 3380 eos
695 3325 1059 3405 describeret.
1093 3326 1432 3392 charactere,
1479 3330 1537 3379 et
1576 3325 1826 3395 signaret

220 3412 357 3468 situ.

294 3528 525 3595 Mystica
541 3527 770 3582 abbatis
801 3528 1031 3583 Corbeia:
1050 3528 1421 3596 dispositionis
1441 3528 1748 3594 explicatio.

296 3651 384 3709 67.
408 3652 562 3709 Nihil
575 3652 722 3708 enim
741 3651 799 3707 in
814 3651 1072 3709 omnibus
1089 3650 1411 3723 geometriae
1429 3650 1624 3720 ﬁguris
1649 3650 1824 3705 trian-

220 3741 410 3812 gulari
440 3742 884 3797 consummatius
914 3741 1121 3812 aliquid
1156 3746 1255 3795 aut
1283 3741 1580 3811 perfectius
1607 3738 1823 3795 inveni-

220 3835 337 3885 tur.
362 3831 461 3884 Est
489 3830 637 3883 enim
677 3846 948 3883 numerus
997 3830 1086 3883 hic
1118 3830 1291 3883 totius
1314 3827 1628 3889 latitudinis
1657 3834 1715 3887 et
1737 3843 1826 3881 su-

221 3918 473 3989 perﬁciei
501 3919 560 3971 in
591 3918 946 3971 arithmetica
962 3918 1115 3970 solus
1138 3917 1493 3988 principium,
1534 3916 1591 3969 in
1603 3932 1825 3985 geome-

220 4007 367 4060 trica
395 4006 542 4060 idem
578 4005 798 4076 planior
817 4004 1097 4058 invenitur
1121 4023 1133 4072 ;
1169 4011 1225 4058 et
1245 4004 1499 4075 quisquis
1526 4003 1826 4073 diligenter

220 4094 532 4166 inspexerit
550 4095 696 4148 hanc
725 4095 984 4165 ﬁguram,
1017 4110 1198 4165 neque
1226 4094 1285 4147 in
1336 4094 1422 4147 his
1475 4092 1691 4146 artibus
1719 4092 1824 4145 ali-

222 4184 356 4255 quid
382 4183 695 4237 mirabilius
718 4183 1013 4253 reperitur,
1035 4199 1217 4253 neque
1236 4183 1293 4235 in
1322 4188 1516 4235 nostra
1531 4181 1824 4252 disciplina

225 4275 536 4345 quidquam
564 4276 748 4344 majus
786 4280 886 4329 aut
930 4274 1129 4328 melius
1159 4273 1493 4344 prmdicatur
1518 4289 1685 4343 quam
1705 4272 1826 4326 Tri-

1905 3117 2110 3171 vellent
2131 3118 2382 3188 accipere
2414 3119 2558 3177 unde
2589 3119 2683 3172 alii
2705 3127 3110 3189 gravarentur;
3151 3130 3209 3177 et
3247 3124 3294 3178 si
3329 3125 3501 3181 luere-

1906 3207 2003 3261 des
2031 3212 2220 3263 essent
2243 3224 2435 3264 rerum
2500 3208 2803 3279 largitoris,
2846 3215 3009 3265 caute
3061 3210 3499 3281 considerarent,

1905 3311 1978 3348 ne
2004 3296 2146 3348 forte
2175 3295 2303 3365 ipsi,
2336 3313 2576 3366 quorum
2628 3304 2751 3352 erat
2791 3298 3106 3365 haereditas,
3139 3302 3501 3372 postmodum

1906 3383 2100 3454 inopes
2121 3385 2341 3438 ﬁerent.
2376 3385 2507 3439 llaec
2530 3393 2652 3438 erat
2679 3386 2802 3454 ejus
2828 3386 3065 3443 sollicita
3106 3395 3163 3442 et
3205 3390 3300 3459 pia
3325 3391 3503 3446 consi-

1904 3472 2120 3527 deratio
2150 3472 2208 3526 in
2238 3472 2495 3526 omnibus
2522 3473 2946 3544 quibuscunque
2990 3484 3226 3545 praeerat
3258 3479 3411 3545 locis,
3435 3486 3500 3536 ut

1904 3578 2087 3631 neque
2113 3561 2469 3615 inhonestum
2496 3561 2803 3631 quidquam
2850 3564 3144 3633 arciperet,
3179 3582 3361 3637 neque
3389 3568 3499 3623 ali-

1906 3650 2031 3720 quis
2059 3649 2218 3721 quasi
2248 3666 2416 3704 causa
2446 3650 2839 3706 misericordias
2882 3654 3238 3722 postmodum
3263 3655 3501 3724 paenitu-

1906 3738 2036 3793 dine
2068 3747 2435 3809 premeretur.
2467 3739 2697 3795 Dicebat
2733 3741 2886 3795 enim
2918 3742 3063 3811 quod
3097 3743 3257 3798 multi
3282 3761 3394 3799 non
3412 3762 3500 3800 so.

1907 3828 2024 3883 lum
2056 3835 2299 3882 rectores
2334 3828 2715 3894 ecclesiarum,
2766 3829 2864 3883 sed
2922 3830 3090 3887 etiam
3136 3831 3243 3901 ipsi
3289 3833 3499 3889 ibidem

1904 3917 2020 3971 Deo
2053 3917 2320 3987 degentes
2340 3917 2436 3988 qui
2460 3917 2659 3971 saeculo
2691 3918 3044 3979 renuntiasse
3072 3919 3424 3987 videntur,ob
3440 3923 3499 3978 id

1904 4006 2122 4076 decepti
2152 4011 2357 4070 essent,
2381 4005 2528 4075 quod
2572 4004 2738 4059 rebus
2785 4006 2973 4067 nimiis
3025 4006 3396 4074 abundarent,
3436 4010 3497 4066 in

1904 4100 2126 4151 tantum
2155 4099 2220 4149 ut
2280 4094 2482 4149 saeculo
2540 4093 2748 4149 servire
2795 4094 2979 4151 denuo
3014 4104 3365 4166 cogerentur,
3401 4100 3497 4170 qui

1904 4182 2110 4237 mortui
2149 4182 2359 4239 mundo
2415 4198 2538 4237 esse
2588 4182 2919 4239 debuerant.
2958 4204 2981 4237 ι
3013 4184 3179 4248 Quid.
3214 4186 3495 4257 inquiens,

1904 4272 2168 4343 prodesse
2197 4271 2403 4341 poterit
2432 4271 2598 4327 rebus
2644 4272 2888 4343 propriis
2939 4273 3158 4329 futuros
3202 4276 3499 4347 exspoliari

222 4363 376 4418 nitas
405 4364 550 4417 Deus
577 4363 950 4433 verungitur
977 4363 1097 4417 sine
1128 4363 1231 4416 hoc
1258 4378 1493 4416 numero
1520 4349 1886 4415 formatumD
1905 4361 2170 4429 haeredes,
2202 4366 2262 4415 et
2288 4378 2482 4417 rursus
2502 4378 2597 4416 eos
2627 4360 2756 4434 [al.,
2780 4361 2905 4435 eas]
2932 4365 3240 4435 mancipari
3260 4366 3502 4436 negotiis

224 4452 439 4523 aliquid
468 4451 609 4505 nihil
634 4453 937 4523 perfectum
973 4451 1248 4515 innuitur,
1274 4450 1657 4504 videlicetsine
1677 4449 1826 4520 prin-

225 4541 373 4611 cipio
396 4556 461 4594 ac
492 4542 601 4594 line
631 4548 687 4593 et
714 4540 914 4594 horum
940 4539 1122 4593 medio
1145 4538 1638 4609 interprincipium
1653 4543 1825 4607 atque

224 4631 422 4684 ﬁnem.
458 4629 585 4682 ch
625 4645 756 4682 vero
812 4629 994 4699 ﬁgura
1024 4628 1282 4703 princeps
1308 4634 1390 4681 est
1422 4633 1504 4689 (ut
1530 4626 1661 4696 dixi)
1693 4626 1822 4679 lati-

220 4717 460 4783 tudinis,
482 4732 549 4770 eo
593 4717 743 4787 quod
800 4722 1014 4771 caetera:
1042 4733 1235 4771 omnes
1262 4715 1586 4791 superficies
1623 4716 1683 4771 in
1720 4719 1825 4772 hac

221 4807 610 4872 resolvuntur;
638 4807 759 4877 ipsa
777 4822 908 4860 vero
938 4807 1205 4877 quoniam
1237 4806 1408 4860 nullis
1433 4806 1719 4878 principiis
1738 4814 1826 4863 est

223 4896 484 4963 obnoxia,
516 4913 699 4967 neque
737 4896 808 4950 ab
837 4895 951 4949 alia
977 4895 1278 4950 latitudine
1306 4895 1415 4949 nisi
1438 4912 1552 4950 ase
1581 4899 1824 4969 sumpsit

222 4986 471 5051 initium,
494 4986 552 5040 in
584 5003 705 5041 sese
734 4986 857 5057 ipsa
901 4985 1203 5039 revolvitur
1231 5003 1244 5037 :
1273 5001 1393 5056 qua:
1422 4985 1470 5038 si
1497 4986 1577 5040 ita
1597 5003 1822 5042 sursum

224 5081 414 5131 erecta
444 5076 632 5142 fuerit,
666 5080 731 5129 ut
754 5082 1041 5129 ostensum
1062 5080 1168 5144 est,
1192 5074 1320 5144 igne
1347 5074 1638 5130 charitatis
1660 5077 1822 5131 ﬂam-

224 5182 384 5220 mare
413 5165 621 5220 ibidem
673 5164 990 5218 habitantes
1032 5162 1233 5217 debere
1266 5168 1630 5217 monstratur.
1663 5165 1823 5229 Quod

223 5261 413 5311 autem
439 5253 616 5325 ipsius
644 5252 991 5307 alatitudine
1020 5252 1085 5306 ﬁt
1104 5251 1347 5316 initium,
1372 5251 1619 5306 ostendit
1646 5252 1823 5306 latum

298 5370 432 5461 ape
462 5372 559 5431 illa
598 5374 799 5461 cellula
851 5373 1236 5461 ejusque"situ
1267 5372 1620 5461 et'orig'ine,
1645 5390 1716 5461 aq
1743 5374 1820 5457 .de

225 5444 478 5525 Corbeiae
503 5460 659 5525 neve
709 5444 1030 5525 Ργῖσέοεᾴἑῑε
1066 5445 1301 5525 distat.
1335 5444 1569 5525 ίιξῖςνὲιιε
1606 5444 1666 5525 in.
1702 5445 1819 5525 his-

224 5517 377 5577 toria
402 5513 791 5572 translationis
820 5516 858 5571 8
881 5514 1015 5586 Viti,
1046 5521 1104 5571 et
1127 5516 1187 5570 in
1216 5514 1348 5570 Vita
1372 5515 1552 5573 Walae
1578 5513 1816 5571 abbatis.

1906 4449 2265 4506 saecularibus
2283 4450 2308 4503 ’I
2327 4450 2561 4505 Constat
2588 4450 2762 4520 igitur
2777 4468 2879 4505 nos
2898 4452 2953 4506 in
2967 4453 3226 4523 praesenti
3247 4459 3501 4524 tempore

1905 4535 2031 4591 ideo
2055 4538 2370 4608 reipublicae
2402 4539 2700 4603 deservire,
2736 4540 2867 4611 quia
2922 4540 3043 4611 ipsa
3097 4541 3303 4595 nostris
3349 4548 3496 4597 atte-

1904 4632 2079 4679 nuata
2097 4626 2497 4699 cupiditatibus
2525 4644 2589 4681 ex
2621 4644 2679 4681 se
2703 4628 3006 4682 subsistere
3054 4645 3167 4682 non
3194 4646 3356 4700 posse
3384 4648 3499 4685 ma-

1904 4713 2105 4768 nil‘este
2132 4723 2425 4782 causatur;
2455 4720 2512 4768 et
2530 4715 2736 4770 idcirco
2757 4733 2858 4770 nos
2886 4717 3153 4784 infelices,
3196 4718 3290 4790 qui
3334 4720 3496 4775 liberi

1905 4820 2026 4857 esse
2058 4803 2113 4857 in
2140 4804 2362 4859 Christo
2390 4802 2706 4869 debuimus,
2740 4803 2871 4858 facti
2922 4821 3116 4860 sumus
3154 4808 3496 4879 turpissimae

1904 4893 2393 4960 servitutis,etiam
2422 4892 2603 4959 inviti,
2645 4892 2808 4947 servi.
2855 4894 3159 4950 Occasione
3190 4896 3382 4970 itaque
3410 4915 3500 4954 ao-

1905 4990 2084 5056 cepta,
2117 4983 2277 5055 quasi
2306 4982 2366 5036 in
2395 4982 2496 5050 Dei
2527 4998 2697 5036 causa
2740 4983 2935 5038 mundi
2991 4985 3252 5042 militiam
3284 4984 3497 5058 bajula-

1903 5090 2051 5138 mus,
2072 5089 2199 5127 cum
2227 5071 2526 5145 Apostolus
2554 5071 2732 5129 dicat:
2762 5073 2927 5127 Nemo
2947 5077 3202 5129 militans
3228 5076 3349 5140 Deo,
3383 5079 3493 5130 im-

1900 5166 2073 5233 plicat
2102 5178 2156 5216 δε
2177 5163 2407 5230 negotiis
2430 5163 2786 5215 secutoribus
2812 5164 2900 5233 (ΙΙ
2930 5162 3067 5219 Tim.
3099 5167 3261 5226 xxxv).
3294 5165 3492 5234 Neque

1906 5252 2054 5306 enim
2086 5267 2119 5305 a
2142 5249 2302 5305 nobis
2332 5250 2573 5319 exigitur
2592 5250 2739 5321 quod
2761 5252 3076 5306 necessaria
3111 5256 3333 5306 tantum
3366 5253 3498 5307 reti-

1970 5374 1997 5416 b
2017 5376 2077 5435 Id
2107 5380 2199 5447 est
2220 5374 2601 5438 Paderborna,
2623 5375 2807 5447 inquit
2830 5375 3151 5443 Bollandus,
3178 5375 3327 5445 quod
3354 5376 3498 5447 Padi

1903 5447 2153 5502 ﬂuminis
2178 5446 2390 5502 fontem
2413 5452 2593 5501 sonat.
2699 5446 2719 5447 η
3436 5456 3443 5459 ‘
