4000 6170
453 186 595 243 1543

1214 185 1272 237 S.
1314 182 1692 238 PASCHASII
1729 181 2094 237 RADBERTI
2131 177 2436 234 ABBATIS
2474 176 2965 232 CORBEIENSIS.

3582 170 3723 229 1544

448 329 666 378 nemus,
699 312 800 367 sed
825 310 956 382 quia
974 310 1261 381 superﬂua
1292 312 1372 375 (ut
1393 308 1462 363 ab
1504 307 1640 379 ipsis
1668 305 1889 363 dicituri
1911 306 2254 377 pos-Amur
2276 301 2566 357 charitatis
2593 299 2895 354 visceribus
2926 313 2938 347 :
2970 299 3053 351 ita
3076 301 3142 351 ut
3181 297 3229 352 si
3258 297 3411 352 saxei
3448 313 3726 361 essemus,

446 401 696 456 sidemus
732 405 825 453 :et
853 399 1001 453 unde
1031 398 1221 451 miseri
1273 396 1373 451 lati
1430 397 1490 449 in
1543 395 1891 465 possessione
1923 411 2043 447 esse

447 491 720 561 cupimus,
775 489 906 543 inde
959 493 1328 558 angustamur
1372 486 1428 539 in
1472 485 1623 539 omni
1678 501 1843 555 Opere
1874 482 2039 536 bono.

448 580 819 649 Quapropter,
848 577 1026 641 ﬁlioli,
1056 581 1234 629 estote
1267 574 1513 628 contenti
1538 578 1867 643 paupertate
1888 572 2045 625 Chri-

450 667 545 731 sti,
569 667 689 720 sine
716 683 827 736 qua
859 682 1023 719 nemo
1049 671 1134 717 est
1160 664 1337 719 dives.
1398 662 1675 717 Noveritis
1712 662 1861 714 enim
1893 660 2044 730 quod

450 754 599 809 beati
615 761 749 809 sunt
769 770 1043 824 pauperes
1063 750 1283 822 spiritu,
1306 751 1509 821 quibus
1522 767 1756 819 regnum
1776 750 2043 802 caelorum

447 843 863 914 repromittitur
895 842 1106 910 (.llatth.
1127 844 1200 908 v);
1225 847 1282 893 et
1307 840 1453 901 ideo,
1485 840 1687 893 fratres
1709 838 1838 901 mei,
1873 836 2045 890 nolite

448 931 608 1002 quasi
628 930 988 1002 proprietatis
1009 946 1177 999 opere
1198 928 1462 982 sectando
1491 927 1805 989 avaritiam,
1824 942 2039 996 posses-

450 1020 664 1074 sionem
708 1024 978 1073 aeternam
1026 1018 1278 1088 perdere.
1334 1018 1522 1070 Estote
1568 1016 1742 1085 igitur
1765 1014 1911 1085 quod
1944 1030 2039 1067 vos

453 1113 666 1163 aeterna
692 1108 901 1162 Christi
928 1107 1141 1162 vocatio
1200 1123 1321 1160 esse
1372 1106 1580 1171 voluit;
1621 1111 1684 1159 ut
1712 1107 2042 1175 paupertate

456 1198 665 1253 Christi
688 1197 1091 1268 participando,
1140 1195 1337 1249 divites
1363 1212 1482 1249 esse
1511 1211 1639 1248 cum
1685 1210 1751 1247 eo
1778 1192 1899 1246 sine
1932 1193 2043 1245 ﬁne

451 1286 802 1342 mereamini.
841 1305 863 1336 ι

667 1404 740 1457 0b
770 1402 1001 1456 Corbeia’
1039 1403 1198 1454 Nova:
1216 1401 1579 1453 conditionem
1612 1400 1851 1450 laetatur.

522 1518 609 1575 69.
646 1518 746 1571 Iiis
768 1522 825 1570 ct
852 1515 1173 1585 hujusmodi
1224 1531 1349 1567 cum
1383 1530 1477 1566 eos
1507 1512 1756 1582 quotidie
1785 1508 2046 1565 corrobo-

2124 398 2226 447 tua
2255 408 2357 445 nos
2388 391 2633 443 molliret
2658 388 2881 459 pietatis
2911 386 3113 441 oratio.
3147 385 3352 441 Omnia
3380 387 3531 440 enim
3563 385 3728 439 nobis

2126 479 2385 534 omnibus
2413 478 2590 532 factus
2619 495 2763 540 eras,
2796 482 2860 529 ut
2918 475 3142 529 Christo
3192 492 3292 528 nos
3344 474 3723 528 lucrifaceres.

2125 569 2284 633 Quod
2315 568 2357 621 si
2386 568 2455 621 ad
2480 566 2718 637 speciale
2747 564 3117 636 quorumdam
3148 570 3202 617 te
3258 564 3522 616 vertisses
3554 579 3729 631 nego-

2123 658 2285 722 tium,
2321 657 2417 710 uni
2448 656 2506 709 in
2529 661 2812 708 momento
2841 652 3014 706 dabas
3047 652 3168 706 vita:
3198 653 3516 713 consilium,
3553 651 3731 703 alium

2124 746 2407 800 interdum
2456 743 2763 798 deliniebas
2800 742 3039 805 osculis;
3099 758 3264 811 porro
3302 740 3456 793 illius
3496 755 3733 793 manum

2128 835 2430 905 stringens.
2465 832 2697 886 alterius
2762 831 2936 884 alium
2993 830 3136 883 miro
3188 828 3549 883 demulcebas
3593 828 3734 881 aﬂ'e-

2125 930 2218 977 ctu
2246 942 2256 975 :
2292 935 2460 993 atque
2489 922 2570 975 ita
2596 919 2857 975 omnibus
2883 935 3032 972 unus
3057 935 3201 983 eras,
3235 926 3293 972 et
3338 925 3496 972 totus
3532 917 3737 987 singu-

2119 1013 2210 1067 lis.

2124 1128 2228 1181 Hos
2250 1129 2312 1179 in
2332 1126 2529 1180 tabella
2551 1126 2845 1194 descriptos
2865 1126 3110 1191 habebat,
3135 1130 3181 1177 et
3214 1140 3345 1193 δεῖρε
3374 1122 3730 1178 conceniebat

2781 1217 3044 1282 singulos.

2197 1320 2283 1378 7'2.
2314 1322 2573 1375 Fratrum
2602 1336 2733 1373 vero
2782 1320 3017 1373 nomina
3070 1319 3198 1373 licet
3225 1320 3440 1390 scripta
3464 1320 3618 1373 infra
3660 1319 3735 1370 vi-

2127 1428 2285 1465 scera
2312 1416 2514 1462 sanctae
2540 1407 2928 1461 sollicitudinis
2949 1424 3169 1479 semper
3187 1414 3431 1473 teneres,
3461 1409 3532 1461 de
3564 1424 3736 1461 manu

2127 1505 2317 1553 tamen
2346 1504 2531 1551 certus
2575 1513 2769 1550 eorum
2825 1513 3095 1549 numerus
3141 1497 3445 1566 diligenter
3491 1497 3737 1567 scriptus

454 1612 607 1661 raret
655 1623 718 1660 ac
776 1605 1152 1665 conﬁrmaret,
1216 1601 1646 1655 construebatur
1672 1600 1899 1663 ibidem,
1930 1599 2045 1651 Deo
2068 1621 2111 1679 Β
2131 1605 2273 1660 pelle
2302 1602 2589 1656 nunquam
2621 1584 2817 1638 aberat
2847 1603 2858 1636 ε
2885 1585 2966 1637 ita
2996 1590 3059 1637 ut
3083 1601 3275 1638 omnes
3323 1585 3524 1639 scdulo
3574 1585 3741 1655 inspi-

456 1701 678 1767 agente,
714 1710 825 1747 non
873 1692 1055 1746 solum
1106 1690 1453 1755 monasterii,
1487 1690 1583 1743 sed
1614 1689 1782 1742 etiam
1809 1686 2049 1741 cmlestis
2072 1673 2108 1679 "
2133 1694 2307 1734 ceres.
2340 1681 2397 1728 et
2426 1691 2609 1727 mores
2637 1673 2986 1743 singulorum
3020 1674 3167 1743 apud
3198 1680 3253 1726 te
3282 1674 3565 1727 sollicitus
3625 1691 3742 1745 per-

457 1761 653 1856 patriae
673 1782 1126 1837 fundamentum.
1161 1778 1307 1842 Quid
1337 1785 1499 1848 putas
1526 1783 1736 1847 quanto
1762 1782 1895 1829 tunc
1921 1791 2056 1844 gau-
2133 1771 2430 1820 tractares.
2469 1764 2593 1816 Jam
2624 1762 2777 1815 enim
2805 1761 2874 1815 de
2905 1761 3143 1831 singulis
3197 1768 3381 1816 tecum
3442 1763 3503 1816 in
3526 1764 3741 1832 judicio

456 1873 549 1926 dio
586 1871 937 1925 afﬁciebatur
963 1870 1085 1939 ejus
1105 1869 1344 1930 animus,
1370 1873 1691 1937 quantaque
1708 1865 2053 1927 laetitia,cum

459 1961 559 2016 Dei
590 1958 988 2031 omnipotentis
1007 1974 1166 2011 amor
1190 1957 1269 2010 ita
1299 1958 1561 2026 ﬂagraret
1584 1956 1640 2009 in
1662 1955 1761 2017 eis,
1795 1960 1859 2008 ut
1886 1953 2056 2007 etiam

459 2050 642 2104 omnis
669 2050 763 2102 illa
784 2048 938 2117 regio
970 2048 1142 2100 Deum
1168 2063 1265 2115 per
1284 2043 1830 2115 ipsosbenediccret?
1859 2043 2059 2096 Fateor

459 2139 672 2208 itaque,
700 2137 769 2190 ad
792 2153 893 2190 nos
913 2150 1316 2205 nonnunquam
1336 2133 1559 2186 rediens
1576 2132 1721 2203 quod
1739 2147 1851 2202 pra:
1865 2146 2054 2183 amore

468 2228 561 2298 pio
586 2224 887 2296 etspiritali
910 2224 1115 2293 gaudio
1142 2223 1226 2275 vix
1255 2239 1314 2275 se
1344 2228 1563 2292 poterat
1590 2220 1897 2288 continere,
1926 2219 2056 2271 hinc

466 2317 599 2371 inde
628 2316 912 2369 exsultans
942 2319 1111 2383 atque
1157 2313 1428 2382 gaudens,
1476 2311 1623 2381 quod
1674 2309 1931 2364 Christus
1957 2325 2059 2379 per

464 2421 593 2459 eum
621 2404 1028 2474 gloriﬁcaretur
1056 2402 1112 2454 in
1135 2402 1346 2455 multis.
1378 2402 1492 2455 Nos
1520 2399 1746 2469 quidem
1774 2398 1965 2467 rigans
1994 2413 2059 2450 ac

462 2492 922 2565 pascenscmlesti
958 2490 1182 2561 pabulo,
1223 2490 1347 2542 illos
1379 2490 1637 2559 plantans
1656 2488 1715 2540 in
1747 2486 1970 2540 Christo
1997 2502 2061 2539 ac

453 2598 792 2654 propagans,
826 2579 1027 2650 agebat
1073 2586 1138 2633 ut
1180 2580 1422 2631 fructum
1458 2577 1765 2648 plurimum
1812 2575 1926 2628 Deo
1957 2574 2062 2628 fer-

454 2676 582 2724 rent
613 2688 626 2723 :
658 2671 716 2723 in
743 2667 1002 2723 omnibus
1032 2684 1091 2720 sc
1120 2666 1386 2719 exhibens
1434 2663 1639 2718 Christi
1689 2663 1833 2717 vices
1863 2678 2048 2732 agere,

457 2761 627 2813 etiam
659 2764 716 2812 et
732 2757 911 2811 forma
940 2755 1273 2810 humilitatis
1304 2752 1563 2808 omnibus
1590 2752 1825 2805 anteire.
1914 2800 1923 2815 ,

752 2885 825 2937 De
853 2886 1050 2950 septem
1072 2881 1337 2948 gradibus
1373 2879 1740 2946 perfectionis.

2137 1853 2511 1923 disceptabas,
2544 1867 2613 1904 ne
2643 1851 2911 1903 damnum
2967 1851 3323 1921 postmodum
3379 1852 3453 1905 de
3510 1851 3741 1904 creditis

2138 1943 2329 1997 ovibus
2358 1942 2683 1995 sustineres.
2718 1942 2867 1994 Bene
2895 1941 3073 2011 igitur
3101 1957 3335 1994 noveras
3368 1940 3506 2011 quid
3539 1942 3739 2011 cuique

2140 2032 2507 2102 expediret,et
2520 2031 2644 2084 ideo
2662 2030 2920 2083 omnibus
2944 2029 3242 2083 exhibebas
3260 2030 3409 2099 quod
3432 2029 3611 2083 saluti
3632 2030 3742 2082 sin-

2139 2120 2402 2189 gulorum
2432 2125 2783 2189 congrueret.
2802 2119 2935 2172 Erat
2963 2135 3095 2187 ergo
3120 2117 3382 2171 discretio
3413 2126 3517 2170 tua
3537 2117 3599 2170 in
3624 2117 3742 2170 nul-

2139 2207 2212 2272 lo,
2238 2214 2513 2277 quantum
2541 2206 2649 2259 dici
2670 2206 2753 2259 fas
2783 2212 2886 2271 est,
2908 2205 3229 2259 exorbitans
3257 2221 3293 2257 a
3320 2204 3639 2274 proposito,
3668 2204 3742 2257 fa-

2139 2295 2674 2365 cilitatecomplendi
2695 2294 2929 2365 singulis
2956 2294 3593 2365 expedita,generaliter
3616 2309 3739 2346 vero

2141 2384 2312 2438 ﬂendi
2333 2384 2549 2438 cunctis
2577 2384 2902 2453 congrua.N
2907 2382 3082 2436 ullum
3111 2382 3285 2435 ferme
3316 2398 3420 2451 per
3438 2380 3744 2434 hebdoma-

2141 2473 2268 2525 dam
2304 2472 2703 2526 familiaritatis
2735 2472 2935 2526 aﬂ‘ectu
2972 2471 3339 2524 inallocutum
3368 2470 3738 2541 relinquens;

2144 2562 2362 2614 nullum
2384 2577 2551 2631 quem
2579 2561 2634 2614 in
2665 2561 2757 2614 die
2779 2560 3137 2630 generaliter,
3168 2559 3275 2613 nisi
3322 2575 3385 2612 ex
3420 2561 3619 2630 aliqua
3639 2560 3740 2612 im-

2144 2650 2531 2720 possibilitatis
2558 2666 2746 2715 causa,
2792 2666 2905 2702 non
2933 2649 3242 2702 instrueres
3275 2662 3285 2695 :
3318 2649 3588 2702 omnibus
3614 2666 3746 2719 prie-

2138 2739 2277 2792 bens
2304 2737 2570 2797 salubria.
2593 2738 2735 2792 nulli
2764 2753 2993 2808 prorsus
3021 2737 3306 2807 denegans
3333 2743 3419 2804 μη
3436 2737 3744 2803 credimus)

2138 2827 2475 2881 necessaria.
2509 2826 2718 2881 Idcirco
2749 2826 2873 2879 ﬁliae
2891 2826 3222 2889 Jerusalem,
3246 2833 3418 2896 prout
3435 2826 3748 2896 compellor

2072 2935 2117 2995 ο
2141 2916 2346 2981 dicere,
2380 2918 2509 2969 ﬂete
2538 2915 2687 2968 hunc
2714 2931 2902 2969 senem
2930 2919 3207 2979 nostrum,
3228 2919 3285 2967 et
3315 2914 3638 2968 [amentum
3657 2931 3744 2968 su-

527 2996 615 3053 70.
647 2998 849 3068 Sicque
901 2996 1116 3066 jugiter
1166 3010 1279 3047 uno
1322 2992 1674 3062 jubilationis
1708 2990 2058 3044 afﬁciebatur
2082 2990 2117 2995 ’
2139 3005 2308 3070 mite;
2337 3005 2466 3058 ﬂete
2495 3005 2677 3057 virum
2702 3003 2798 3074 qui
2830 3002 3102 3057 vestiebat
3154 3019 3257 3056 nos
3295 3002 3601 3057 charimﬁs
3628 3019 3742 3057 ως.

460 3086 683 3158 spiritu,
712 3092 770 3139 et
787 3083 1085 3155 appetebat
1109 3080 1473 3150 ingressionis
1487 3096 1778 3149 campum:
1815 3096 1936 3149 quae
1967 3079 2055 3132 in-

458 3174 672 3244 gressio
702 3172 1007 3226 secundum
1028 3170 1257 3224 beatum
1290 3169 1673 3238 Augustinum
1702 3168 1759 3221 in
1792 3167 1933 3221 libro
1958 3167 2052 3221 ubi

458 3263 527 3316 de
550 3262 751 3315 animae
800 3260 1115 3331 quantitate
1181 3258 1447 3327 loquitur,
1480 3274 1592 3310 una
1634 3256 1703 3310 de
1732 3262 1965 3327 septem,
1998 3263 2056 3310 et

459 3355 617 3404 sexta
646 3347 1002 3420 perfectionis
1032 3351 1117 3400 est
1144 3346 1339 3399 virtus.
1373 3346 1615 3408 Quintus
1662 3344 1941 3417 siquidem
1966 3361 2056 3397 ea-

457 3456 583 3493 rum
611 3438 821 3508 gradus
843 3443 929 3491 est
946 3435 1354 3506 tranquillitas;
1388 3440 1579 3487 sextus
1618 3434 1930 3503 ingressio;
1973 3449 2056 3486 se-

458 3529 671 3599 ptimus
701 3525 1123 3595 contemplatio:
1158 3540 1281 3594 quae
1305 3523 1383 3576 ita
1405 3523 1794 3576 decentissime
1822 3528 2057 3592 possunt

458 3616 618 3682 edici,
649 3616 706 3668 in
731 3614 917 3684 seipsa
944 3614 1078 3666 dum
1109 3612 1297 3665 anima
1326 3610 1585 3681 quaelibet
1613 3627 1798 3664 secum
1816 3611 2059 3679 ingredi-

456 3709 553 3757 tur
568 3709 624 3757 et
675 3710 947 3757 versatur.
980 3701 1064 3754 Ad
1121 3702 1319 3766 Deum,
1352 3700 1487 3753 dum
1520 3699 1770 3769 quotidie
1794 3699 2059 3776 ardenter

458 3792 845 3857 desiderando,
878 3791 948 3844 ad
969 3806 1099 3844 eum
1128 3788 1462 3859 ingreditur,
1496 3788 1575 3842 ita
1602 3788 1790 3841 dicens
1823 3807 1834 3841 :
1868 3788 2057 3844 Sitim't

457 3885 655 3935 anima
684 3898 803 3953 mea
827 3882 899 3933 ad
921 3881 1092 3933 Deum
1114 3880 1309 3945 fortem
1335 3881 1521 3929 vicum
1545 3896 1560 3929 :
1596 3879 1816 3945 quando
1837 3880 2055 3929 veniam

460 3975 507 4024 et
539 3971 814 4038 apparebo
866 3972 993 4020 ante
1043 3969 1242 4034 faciem
1302 3967 1399 4018 Dei
1452 3967 1617 4031 (Psal.
1651 3979 1760 4027 XLI,
1790 3964 1878 4029 3;?
1906 3964 2055 4034 apud

461 4060 662 4123 Deum,
694 4074 820 4110 cum
847 4058 966 4124 jam
991 4056 1141 4109 claro
1178 4054 1391 4108 lumine
1422 4054 2057 4107 indesinentercontcm-

458 4146 664 4216 plaudo
695 4145 744 4197 ei
772 4144 1025 4206 inhaeret,
1058 4142 1115 4195 in
1146 4159 1310 4211 quem
1337 4141 1656 4194 desiderant
1676 4141 1845 4194 etiam
1873 4139 2056 4210 angeli

461 4233 805 4305 prospicere.
847 4233 968 4295 Quo
1016 4246 1165 4284 nunc
1208 4246 1375 4283 senex
1424 4236 1616 4282 noster
1654 4245 1713 4282 se
1740 4229 2057 4299 pervenisse

459 4321 701 4385 laetatur,
727 4318 995 4372 meruisse
1024 4320 1238 4387 gratias
1290 4317 1427 4387 agit,
1490 4323 1660 4387 atque
1686 4318 2054 4403 comprehen-

459 4410 607 4464 disse
635 4425 856 4463 summo
886 4406 1195 4461 alacritatis
1216 4405 1402 4459 animo
1431 4406 1805 4475 amplectitur.

776 4536 848 4588 De
876 4532 1190 4586 Adalhardz'
1214 4533 1275 4584 in
1305 4547 1428 4583 suos
1458 4530 1746 4584 charitate.

534 4646 620 4702 71.
649 4649 806 4703 Unde
837 4647 972 4719 quid
999 4647 1152 4701 aliud
1171 4646 1352 4700 dicam
1375 4661 1543 4715 quam
1586 4643 1723 4697 illud
1752 4643 1933 4697 Elisaei
1957 4645 2061 4714 (IV

463 4738 587 4804 Reg.
622 4742 684 4804 ιι)
721 4755 732 4789 :
768 4738 935 4790 Pater
961 4736 1059 4801 mi,
1085 4741 1247 4807 pater
1278 4736 1375 4799 mi,
1408 4750 1607 4787 currus
1655 4732 1846 4797 Israel,
1880 4739 1938 4786 et
1963 4749 2060 4787 au-

464 4825 586 4895 riga
610 4824 881 4877 virtutum
910 4825 921 4876 !
955 4841 1078 4877 ecce
1112 4841 1214 4877 nos
1244 4840 1413 4893 quam
1442 4821 1627 4875 subito
1651 4821 1930 4874 desolatos
1977 4837 2062 4874 re-

464 4912 707 4984 linquis!
742 4918 799 4965 et
840 4912 964 4964 ideo
1016 4914 1320 4981 quaerimus
1369 4918 1425 4965 te
1482 4911 1794 4980 lacrymosa
1822 4926 1971 4974 voce,
2004 4915 2062 4963 et

466 4988 785 5057 scrutamur
806 4999 1102 5052 melliﬂuos
1128 5018 1308 5054 mores
1336 5008 1461 5054 tuos
1482 5015 1647 5053 mane
1667 4999 1723 5051 in
1740 4998 2058 5069 praecordiis

467 5092 673 5148 nostris
697 5109 709 5157 ;
747 5105 849 5143 nec
878 5104 1113 5157 usquam
1144 5089 1356 5157 pupilla
1372 5089 1515 5142 oculi
1534 5088 1710 5141 nostri
1723 5088 1850 5141 silet
1878 5103 2060 5157 neque

467 5182 806 5242 consolatur,
834 5176 942 5231 nisi
971 5192 1097 5229 cum
1119 5176 1223 5229 sibi
1248 5184 1303 5229 te
1324 5194 1422 5247 pro
1444 5176 1604 5230 nobis
1636 5177 1836 5230 melius
1865 5176 2059 5229 adesse

468 5269 743 5341 promisit.
779 5264 1159 5320 Recordamur
1213 5263 1364 5317 enim
1419 5264 1621 5334 quibus
1667 5282 1769 5318 nos
1810 5263 2059 5317 lactabas

468 5357 756 5420 uberibus,
784 5356 869 5409 vel
894 5358 1103 5425 quanto
1128 5353 1184 5407 in
1210 5359 1267 5405 te
1322 5352 1423 5405 Dei
1464 5352 1787 5407 fruebamur
1814 5354 2056 5418 oraculo,

470 5446 805 5519 Quantisque
830 5444 1148 5500 ferebamur
1175 5442 1393 5496 alarum
1420 5440 1752 5510 remigiis,et
1776 5441 2059 5497 nutrieba-

2138 3094 2263 3146 cino
2282 3093 2522 3163 desuper
2548 3097 2730 3146 totum
2761 3091 2971 3145 deliciis
2998 3091 3295 3154 intextum,
3320 3091 3417 3161 qui
3456 3091 3739 3162 praebebat

2135 3182 2310 3236 cultui
2330 3187 2662 3235 ornamenta
2690 3179 3211 3235 virtutumJnduite
3232 3180 3482 3233 cilicium
3515 3187 3577 3234 et
3589 3198 3739 3234 ama-

2136 3288 2196 3325 re
2226 3271 2475 3341 plangite
2507 3289 2517 3324 :
2550 3270 2682 3341 quia
2712 3269 2809 3339 qui
2838 3267 3234 3322 consolabatur
3278 3285 3382 3321 nos
3414 3276 3476 3321 et
3522 3270 3739 3323 fovebat

2137 3360 2295 3430 quasi
2320 3359 2507 3412 nutrix
2528 3359 2584 3411 in
2611 3356 3107 3429 gremio,sublatus
3127 3362 3214 3410 est
3232 3362 3290 3410 et
3318 3358 3738 3413 recessit.Unde

2135 3449 2360 3519 plorans
2389 3446 2631 3518 plorabit
2672 3446 2863 3500 anima
2890 3462 3033 3511 mea,
3061 3451 3117 3500 et
3167 3452 3336 3499 erunt
3383 3446 3659 3517 lacrymae
3684 3448 3737 3500 in

2137 3537 2381 3590 maxillis
2412 3536 2569 3598 meis,
2628 3536 2875 3606 quandiu
2936 3552 3048 3589 non
3103 3535 3327 3589 intueor
3362 3552 3537 3605 quem
3564 3536 3739 3606 diligit

2139 3626 2328 3679 anima
2362 3642 2507 3678 mea.
2566 3625 2813 3678 Putasne
2862 3623 3047 3677 veniet
3077 3622 3233 3688 mihi,
3267 3624 3460 3690 Pater,
3495 3630 3732 3696 tempus,

2141 3714 2363 3785 quando
2383 3713 2467 3766 vel
2496 3712 2543 3765 si
2572 3728 2796 3783 quoquo
2826 3711 2991 3765 modo
3018 3712 3185 3765 liceat
3220 3711 3422 3765 faciem
3476 3715 3739 3783 speciem-

2142 3820 2249 3874 que
2278 3802 2465 3856 vultus
2492 3801 2577 3855 tui
2600 3800 2955 3872 conspicere?

2438 3919 2634 3985 Ingens
2661 3918 2753 3970 sui
2772 3917 3105 3969 desiderimn
3132 3917 3427 3984 relinquit.

2208 4025 2297 4079 75.
2316 4023 2423 4079 Sed
2440 4022 2570 4094 quid
2592 4022 2819 4076 interim
2836 4022 2955 4091 jam
2974 4021 3237 4092 deinceps
3266 4022 3497 4091 agimus
3510 4025 3701 4078 anima
3722 4024 3739 4075 λ’

2140 4130 2264 4167 ecce
2289 4129 2439 4166 nunc
2468 4127 2646 4181 usque
2676 4111 2837 4180 quasi
2865 4110 3013 4163 inter
3041 4126 3233 4163 roseos
3282 4113 3495 4165 versati
3551 4130 3740 4166 sumus

2139 4219 2384 4273 campos,
2407 4207 2464 4254 et
2491 4200 2882 4271 conspeximus
2917 4214 3140 4252 amoena
3168 4199 3465 4263 virtutum,
3492 4201 3568 4256 de
3597 4202 3739 4255 fonte

2076 4288 2123 4345 D
2145 4290 2324 4345 sancti
2353 4290 2593 4360 Spiritus
2619 4287 2846 4341 uberius
2884 4287 3111 4341 irorata.
3142 4287 3305 4341 Nunc
3324 4305 3456 4342 vero
3486 4290 3666 4344 instat
3686 4300 3739 4344 ut

2140 4379 2337 4433 mortis
2358 4379 2480 4448 ejus
2505 4378 2673 4431 ﬁnem
2715 4376 3047 4446 pandamus,
3076 4392 3242 4446 quem
3272 4376 3543 4432 habuisse
3576 4380 3737 4432 talem

2143 4466 2571 4537 gloriﬁcandum
2611 4470 2714 4529 est,
2772 4464 3027 4518 amisisse
3075 4464 3344 4528 ﬂendum,
3419 4469 3739 4536 pervenisse

2140 4572 2270 4610 vero
2299 4555 2368 4609 ad
2426 4555 2717 4607 beatorum
2779 4552 2987 4623 gaudia
3050 4553 3590 4622 congratulandum.
3641 4556 3741 4610 Sed

2144 4650 2354 4714 quanto
2383 4642 2542 4698 nobis
2561 4640 2864 4711 jucundius
2888 4646 2974 4695 est
2992 4640 3049 4694 in
3084 4641 3142 4694 id
3173 4642 3322 4711 quod
3372 4650 3609 4697 amatur
3638 4661 3743 4697 ver-

2144 4734 2277 4799 sari,
2310 4739 2468 4787 tanto
2498 4730 2724 4802 gravius
2753 4735 2840 4784 est
2878 4730 3000 4799 ejus
3029 4730 3363 4793 absentiam,
3397 4749 3576 4802 quam
3610 4750 3743 4787 sem-

2142 4840 2243 4893 per
2292 4826 2622 4892 praasentem
2654 4818 2953 4883 cernimus,
2995 4819 3255 4873 tolerare.
3289 4820 3452 4874 Unde
3508 4838 3615 4875 seu
3666 4838 3742 4874 re-

2143 4928 2395 4982 spersum
2426 4909 2649 4973 nebula,
2698 4914 2957 4961 mmstum
2996 4914 3082 4961 est
3121 4925 3286 4963 omne
3331 4911 3486 4979 quod
3514 4911 3741 4981 inspici-

2140 5016 2266 5053 mus
2297 5017 2307 5051 :
2342 5000 2589 5069 caligant
2633 4996 2776 5051 oculi
2822 4997 3019 5061 nostri,
3052 4998 3341 5067 operimur
3378 4998 3737 5069 singultibus,

2141 5094 2393 5142 tremunt
2410 5087 2591 5157 digiti;
2624 5091 2845 5139 rotatur
2871 5092 3060 5155 caput,
3093 5086 3408 5141 funduntur
3458 5089 3736 5158 lacrymze,

2143 5177 2437 5246 etinsuper
2466 5182 2551 5228 est
2576 5174 2667 5245 pio
2696 5172 3127 5236 amorisaﬂectu
3169 5174 3429 5243 quaedam
3453 5176 3631 5229 ﬂendi
3659 5192 3740 5228 vo—

2141 5266 2347 5319 luntas.
2383 5264 2540 5318 Unde
2569 5269 2626 5316 et
2654 5268 2863 5332 quanto
2886 5261 3001 5314 haec
3028 5260 3298 5331 prolixius
3356 5264 3426 5316 ad
3455 5266 3739 5318 consolan-

2142 5352 2275 5406 dum
2305 5351 2578 5419 cudimus,
2619 5355 2777 5404 tanto
2833 5348 3123 5404 ardentius
3184 5366 3379 5404 amore
3439 5352 3733 5413 afﬁcimur.

2142 5442 2380 5497 amando
2403 5458 2623 5513 quoque
2639 5438 2831 5496 dolore
2850 5438 3179 5507 premimur.
3198 5439 3524 5505 Idcirco,mi
3553 5441 3730 5505 Pater,
