4000 6170
239 274 389 345 ’1545

245 414 589 485 charissime,
619 422 768 478 ocius
793 430 1042 486 transibo
1061 435 1247 493 obitus
1269 443 1349 496 tui
1376 446 1630 515 paginas,

1376 502 1396 514 ⁸
1449 502 1482 515 υ
1621 502 1629 513 ,
1674 502 1705 503 η
1737 502 1832 522 Γ-

245 502 459 559 diutius
487 507 811 568 immoranti
839 518 1137 578 vehemens
1167 527 1406 598 languor
1428 533 1657 605 ingruit.
1692 540 1836 594 Hinc

244 591 468 660 quidem
497 595 721 653 interim
765 605 976 661 astillat
1002 611 1229 681 lugendi
1260 591 1522 688 facultas:
1537 626 1630 679 sed
1666 630 1832 697 paulo

241 686 368 749 post
394 687 809 744 consolabimur
827 695 895 748 de
919 707 1205 768 perventu,
1227 723 1336 776 quo
1367 715 1424 763 tu
1449 729 1596 767 nunc
1624 715 1830 771 lzetaris

239 765 295 818 in
318 770 545 837 gaudio.
563 773 719 830 Unde
738 795 1055 848 quaesumus
1074 790 1400 863 priusquam
1431 797 1658 870 incipiat
1687 805 1833 857 cala-

239 871 365 910 mus
386 860 607 927 pulsare
629 865 807 921 exitus
830 871 911 924 tui
936 873 1150 938 horam,
1173 889 1469 949 revertere,
1496 887 1826 958 Sunamitis,

238 952 534 1012 revertere,
559 950 807 1022 inquam,
832 961 1120 1027 paululum
1141 973 1205 1020 ut
1223 969 1544 1028 intueamur
1569 985 1624 1031 te
1648 999 1658 1032 :
1695 983 1830 1035 reci-

231 1477 455 1544 qualem
486 1485 540 1534 te
571 1483 724 1552 prius
752 1487 1072 1558 habuimus,
1091 1503 1147 1550 et
1175 1502 1340 1556 modo
1371 1477 1724 1582 quantusque
1743 1515 1824 1569 eis

1387 1563 1404 1575 ι.
1632 1563 1720 1582 ι““
1748 1563 1822 1569 ⁷-⁷

231 1563 538 1622 videamus.
574 1572 708 1628 Ecce
745 1581 1062 1647 ascendisti,
1097 1587 1368 1651 novimus.
1411 1611 1512 1663 per
1539 1597 1822 1656 desertum

231 1655 394 1723 quasi
440 1673 644 1715 aurora
685 1680 1045 1738 consurgens,
1078 1677 1311 1744 pulcher
1340 1686 1395 1735 et
1428 1683 1581 1751 luna,
1614 1689 1822 1745 electus

229 1747 294 1794 ut
323 1744 722 1810 sol,-terribilis
750 1753 809 1808 in
839 1756 973 1825 Deo,
1013 1763 1165 1818 velut
1205 1772 1514 1826 castrorum
1551 1766 1886 1835 exercitusB

227 1831 540 1890 ordinatus.

221 2273 386 2340 hora,
420 2294 547 2332 cum
597 2282 756 2336 nobis
790 2286 1200 2358 indulgentiam
1230 2299 1435 2356 dares?
1472 2307 1822 2381 Prmceperas

221 2361 378 2414 enim
413 2367 732 2433 petentibus
759 2373 936 2441 nobis,
959 2378 1144 2445 Pater,
1171 2390 1236 2438 ut
1263 2404 1456 2446 omnes
1482 2361 1824 2453 humi‘sede-

221 2464 418 2503 remus
451 2470 462 2504 :
507 2461 783 2522 quatenus
818 2466 945 2518 tuos
975 2475 1230 2526 nostrum
1274 2492 1340 2530 ex
1368 2478 1606 2551 integro,
1635 2491 1692 2539 et
1720 2503 1822 2542 nos

220 2541 389 2590 tuum
438 2543 638 2596 erectis
676 2549 850 2603 oculis
896 2557 1272 2620 potuissemus
1313 2571 1631 2640 conspicere
1665 2591 1675 2626 :
1711 2593 1820 2645 quo

222 2624 405 2645 BAL_-,_
428 2628 500 2645 ,-‘I
720 2633 755 2645 υ
839 2637 930 2645 ..-.

1449 2624 1465 2640 ³
1611 2624 1623 2625 ,
1667 2624 1672 2626 _
1716 2624 1815 2645 Ἰ--

221 2624 407 2678 fateor
426 2628 505 2680 nil
526 2645 615 2683 me
638 2633 1003 2696 ordinabilius
1032 2661 1066 2698 a
1092 2651 1363 2720 magistro
1386 2658 1608 2714 audisse
1640 2662 1820 2717 indul-

221 2716 371 2772 tum.
392 2715 582 2786 nilque
606 2719 989 2784 ﬂammantius
1015 2741 1115 2788 aut
1140 2715 1462 2798 horribilius
1490 2748 1700 2818 aliquid
1730 2769 1819 2806 me

1532 2799 1700 2818 ηηη
1730 2799 1818 2806 _---

221 2799 448 2869 vidisse,
485 2822 653 2876 quam
696 2809 754 2863 in
794 2816 904 2870 tuis
931 2822 1122 2876 oculis.
1168 2825 1420 2886 Pressius
1461 2835 1650 2908 itaque
1680 2856 1818 2894 enu-

236 2890 272 2908 ,1
771 2904 781 2908 ⁸

1560 2890 1577 2908 ι
1689 2890 1788 2894 --η

224 2890 415 2946 cleans
459 2912 707 2966 sensum,
767 2904 848 2960 ita
903 2909 1114 2966 affatim
1171 2921 1386 2976 cunctis
1445 2941 1503 2980 es
1552 2929 1813 2987 locutus:

226 2996 259 3029 (ι
292 2980 430 3036 Ecce
459 2983 529 3037 de
569 2991 795 3045 creditis
826 3011 931 3064 ego
962 2999 1157 3058 ovibus
1195 3009 1471 3066 rationem
1500 3017 1820 3076 redditurus

1427 319 1520 376 DE
1561 323 1732 385 VITA
1767 330 1828 385 S.
1865 330 2308 397 ADALHARDI.

3373 353 3515 416 4546

1650 450 1707 503 in
1730 455 1908 522 qqu
1958 460 2122 512 Actus
2150 477 2273 516 suos
2303 465 2532 519 discutit
2561 483 2686 520 cum
2717 469 3025 526 senioribus
3047 491 3065 538 ;
3106 475 3268 541 ﬁdem
3301 494 3462 534 suam

2591 559 2832 624 exponit.

1985 648 2070 706 76.
2105 654 2211 716 Qui
2240 659 2420 710 totum
2447 675 2506 712 se
2535 659 2616 712 ita
2644 661 2967 729 discutiens,
2998 667 3180 722 adhuc
3209 669 3421 728 invenit
3449 676 3509 732 in

1915 756 1972 792 se
2003 741 2412 815 qualiacunque
2438 747 2596 816 quasi
2621 749 2870 803 nondum
2899 754 3188 819 exhausta,
3221 764 3279 813 et
3302 778 3510 831 praece-

1915 825 1998 892 pit
2027 844 2091 880 ea
2132 847 2317 885 coram
2364 834 2693 904 quibusdam
2739 837 3005 894 fratribus
3047 825 3323 914 exponere
3352 851 3510 921 (quo-

1912 929 2036 966 rum
2064 932 2229 983 unus,
2257 920 2360 973 etsi
2387 920 2669 990 indignus,
2700 941 2804 994 ego
2836 933 3030 998 eram),
3063 930 3435 1004 interrogans,
3461 939 3509 992 si

1911 1001 1978 1055 de
2011 1002 2097 1056 his
2125 1021 2183 1058 se
2213 1005 2269 1059 in
2304 1008 2582 1076 judicium
2621 1013 2820 1067 merito
2850 1023 3147 1072 venturum
3177 1021 3296 1075 fore
3327 1027 3503 1094 perti-

1911 1099 2198 1146 mesceret.
2224 1095 2436 1158 Quibus
2455 1099 2681 1166 auditis,
2700 1103 2863 1171 juxta
2883 1103 3130 1161 divinam
3157 1109 3504 1180 Scripturam

1910 1183 2332 1248 percensuimus
2353 1202 2464 1240 non
2489 1189 2558 1241 ad
2581 1204 2709 1243 eum
2730 1192 3032 1260 pertinere,
3058 1212 3180 1266 quae
3204 1198 3324 1268 ipse
3341 1203 3504 1271 quasi

1911 1283 2011 1320 sua
2034 1268 2196 1338 longe
2216 1270 2424 1342 diuque
2446 1275 2765 1346 plangebat.
2785 1278 2926 1342 Quid
2951 1287 3116 1351 putas
3143 1302 3311 1356 quam
3333 1268 3506 1344 subti-

1907 1353 2035 1408 liter
2061 1373 2248 1410 secum
2279 1360 2496 1431 reliqua
2526 1363 2646 1432 [al.,
2681 1367 2888 1438 omnia]
2923 1353 3288 1440 disputabat?
3333 1392 3505 1448 quam

1907 1441 2012 1495 sibi
2041 1460 2267 1499 severus
2296 1455 2435 1514 erat,
2473 1451 2569 1521 qui
2597 1469 2698 1522 pro
2728 1456 2926 1510 alienis
2957 1458 3127 1514 etiam
3156 1467 3220 1515 ut
3249 1479 3351 1533 pro
3387 1467 3504 1520 suis

1906 1546 1965 1583 se
1986 1532 2292 1600 puniebat?
2330 1537 2554 1592 Interea
2573 1540 2824 1610 singulos
2845 1545 2913 1597 de
2931 1545 3166 1616 singulis
3193 1532 3426 1607 monens
3447 1559 3505 1608 et

1907 1617 2188 1676 instruens
2211 1623 2416 1690 aiebat,
2436 1631 2502 1680 ut
2530 1634 2658 1698 post
2682 1628 2896 1686 obitum
2921 1650 3088 1688 suum
3119 1635 3179 1690 in
3205 1639 3503 1698 electiones

1905 1722 2057 1776 pace,
2092 1716 2242 1764 caste
2276 1729 2340 1766 ac
2368 1720 2518 1768 recte
2551 1718 2856 1772 secundum
2891 1721 3071 1776 Deum
3100 1724 3251 1778 inter
3273 1744 3333 1781 se
3371 1745 3502 1784 con-

1903 1783 2175 1852 venirent.
2203 1799 2470 1870 Exposuit
2491 1802 2660 1857 etiam
2680 1805 2848 1859 fidem
2869 1824 3027 1862 suam
3052 1827 3238 1866 coram
3265 1815 3502 1884 quibus-

1906 1883 2033 1936 dam
2066 1901 2130 1938 ex
2166 1887 2346 1954 nobis,
2370 1905 2514 1959 pene
2543 1896 2598 1944 et
2626 1908 2849 1948 omnem
2879 1894 3189 1953 doctrinam
3213 1917 3382 1970 quam
3411 1905 3509 1959 do-

1905 1979 2115 2039 cuerat,
2136 1980 2200 2028 ut
2223 1992 2289 2029 ex
2318 1977 2422 2031 hoc
2451 1978 2620 2032 etiam
2639 1981 2856 2036 firmius
2885 1987 3303 2043 commendaret
3319 1997 3504 2061 pecto-

1904 2059 2056 2114 ribus
2087 2064 2310 2119 nostris.
2347 2066 2488 2119 Hinc
2519 2073 2606 2121 est
2652 2071 2798 2139 quod
2829 2071 2928 2125 tali
2974 2071 3232 2130 absentes
3260 2059 3500 2135 mirrore

1905 2149 2279 2206 suifundimur
2322 2171 2333 2206 :
2383 2154 2512 2209 inde
2572 2157 2710 2226 [al.,
2762 2157 2953 2231 istinc]
3008 2178 3138 2216 vero
3189 2165 3502 2234 gaudentes

1903 2253 2116 2302 sumus,
2141 2241 2273 2310 quia
2301 2241 2369 2296 de
2391 2248 2548 2313 patre
2575 2245 2711 2299 talia
2750 2248 3106 2306 recoluntur:
3135 2251 3264 2307 hinc
3295 2255 3366 2310 ad
3395 2256 3499 2312 hoc

1905 2325 2199 2394 afﬁcimur,
2223 2329 2289 2382 ad
2315 2331 2466 2385 aliud
2498 2332 2628 2387 hinc
2652 2337 3038 2404 protrahimur
3062 2358 3072 2393 :
3097 2341 3416 2412 plangimus
3441 2345 3501 2401 in

1905 2429 1969 2465 eo
1999 2414 2275 2484 siquidem
2307 2419 2690 2474 maturitatem
2721 2439 2960 2489 morum,
2991 2426 3121 2480 fidei
3149 2430 3496 2500 firmitatem,

1903 2501 2244 2556 soliditatem
2265 2505 2404 2575 spei.
2432 2507 2724 2563 charitatis
2761 2511 3126 2570 fundamento
3155 2534 3223 2570 ex
3252 2519 3496 2591 integro,

1902 2589 2233 2644 altissimam
2281 2593 2489 2647 Christi
2539 2595 2936 2664 humilitatem,
2971 2608 3031 2655 et
3076 2589 3409 2662 ditissimam
3438 2589 3499 2665 in

1902 2677 2160 2730 omnibus
2187 2679 2505 2748 largitatem
2536 2701 2548 2735 :
2583 2700 2685 2738 nec
2713 2691 2777 2739 ut
2806 2687 3078 2755 Salvator,
3109 2690 3357 2762 inquam,
3389 2697 3498 2751 mi-

1901 2780 2083 2817 seram
2097 2766 2406 2822 Jerusalem
2431 2786 2532 2839 ego
2553 2771 2718 2841 lugeo
2738 2793 2749 2840 ;
2773 2775 2869 2828 sed
2884 2776 3044 2846 ploro
3063 2777 3122 2832 in
3135 2781 3498 2840 uniusmorte

1900 2852 2114 2921 pariter
2140 2870 2332 2909 omnes
2363 2857 2595 2913 virtutes
2625 2861 2965 2930 occubuisse,
3007 2881 3121 2920 non
3153 2869 3300 2938 quod
3337 2871 3498 2928 nobis

1902 2939 2047 2993 desit
2074 2941 2166 2994 ille
2192 2942 2286 3012 qui
2309 2943 2465 3010 abiit,
2489 2948 2586 3001 sed
2608 2951 2756 3018 quod
2777 2951 2947 3006 talem
2967 2953 3154 3009 videre
3173 2956 3496 3028 desivimus,

1903 3043 2068 3096 quem
2095 3030 2214 3083 sine
2243 3031 2505 3103 lacrymis
2535 3035 2619 3089 vix
2647 3043 2747 3093 aut
2773 3056 3065 3111 nunquam
3093 3047 3376 3102 recordari
3399 3065 3500 3104 va-

1540 3068 1820 3076 ,_“___-_-
1905 3068 2102 3096 ΨΜ...

226 3068 410 3123 venio.
443 3071 556 3128 Vos
579 3083 790 3144 autem,
824 3100 855 3136 ο
890 3085 1027 3142 mihi
1056 3097 1386 3154 commissus
1420 3119 1574 3172 grex,
1601 3107 1669 3161 de
1698 3109 2102 3175 obe-Clemus.

225 3155 440 3212 dientia
465 3167 521 3216 et
544 3163 921 3228 inobedientia
946 3184 1133 3233 vestra
1153 3189 1490 3244 sententiam
1514 3199 1814 3266 excepturi,

226 3248 375 3266 ,ΑΛ-.-
396 3247 458 3266 .1⁸1
659 3255 674 3266 ‘
716 3256 727 3266 ‘
751 3258 766 3266 “
972 3264 979 3266 “

1622 3247 1669 3266 τ
1689 3247 1762 3251 __-
1777 3247 1814 3259 _,

223 3247 500 3303 attendite
530 3255 676 3323 quod
712 3256 860 3314 idem
891 3264 984 3332 qui
1015 3283 1163 3322 nunc
1189 3274 1408 3342 assisto,
1443 3279 1500 3333 in
1525 3286 1819 3341 tremendo

217 3330 434 3400 judicio
481 3338 632 3394 vobis
661 3359 848 3399 coram
879 3330 1067 3416 adero,
1095 3361 1152 3408 et
1192 3360 1324 3428 quid
1369 3330 1819 3426 dte—talentorum

222 3422 465 3489 pecunia
479 3425 582 3480 sim
605 3429 873 3498 lucratus,
893 3439 973 3491 vel
992 3447 1270 3510 quomodo
1286 3449 1439 3506 illam
1459 3459 1817 3526 expenderim

218 3513 592 3576 praesentabo.
633 3519 897 3578 Attamen
941 3527 1166 3585 interim
1213 3536 1260 3589 si
1305 3540 1437 3608 quid
1487 3513 1572 3598 est
1607 3547 1664 3601 in
1708 3566 1817 3620 quo

1320 3599 1338 3608 ε
1616 3599 1663 3601 πή
1713 3599 1811 3620 “ι’·⁷

220 3599 432 3653 excessi
461 3600 516 3656 in
546 3605 700 3662 vobis
727 3611 904 3668 sciens
939 3623 1039 3671 aut
1074 3623 1346 3693 nesciens,
1374 3631 1568 3687 nolens
1598 3638 1817 3692 volens-

221 3701 312 3748 ve,
355 3687 659 3762 indulgete,
711 3707 879 3768 prout
925 3721 1027 3776 ego
1069 3710 1231 3778 juxta
1280 3687 1428 3786 quod
1479 3687 1717 3793 oportet,
1769 3728 1817 3782 si

221 3773 360 3842 quid
410 3783 496 3832 est
551 3785 698 3851 quod
749 3803 936 3844 meum
963 3773 1414 3873 vsit'indulg‘ere,
1453 3773 1566 3865 vice
1610 3773 1819 3870 Christi

222 3861 433 3918 relaxo.
468 3884 494 3918 »

659 3959 817 4029 Spem
842 3973 999 4034 ponit
1031 3975 1092 4028 in
1122 3978 1372 4036 Domino.

298 4039 384 4094 75.
419 4041 526 4097 His
547 4045 721 4115 igitur
749 4057 867 4108 tum
906 4057 989 4112 ita
1016 4052 1334 4138 praemissis,
1367 4073 1564 4143 plenus
1603 4079 1817 4137 fervore

224 4127 457 4196 spiritus
487 4138 734 4206 recessit,
779 4145 941 4212 quasi
965 4149 1085 4217 jam
1124 4153 1344 4213 futurus
1370 4163 1581 4220 arbiter
1609 4168 1663 4222 in
1695 4188 1814 4235 suo,

969 4215 981 4217 _
1452 4215 1567 4220 νην-
1609 4215 1663 4222 ---
1695 4215 1814 4235 ειν-ν’

225 4215 610 4278 utinstrueret
625 4243 704 4284 se.
718 4233 878 4300 quasi
893 4243 1089 4293 contra
1109 4243 1383 4313 spiritalia
1404 4256 1666 4325 nequitiae
1688 4265 1820 4314 tunc

225 4304 282 4325 ,μ

1140 4304 1154 4313 .
1431 4304 1466 4306 ν’
1486 4304 1665 4325 1"""'
1691 4304 1819 4314 “’“’·⁸“¹

224 4304 287 4357 in
307 4307 624 4367 cmlestibus
641 4325 1016 4392 pugnaturus,
1037 4331 1312 4389 rationem
1340 4338 1686 4400 villicationis
1706 4365 1819 4404 suae

1903 3242 2108 3294 Auctor
2150 3246 2548 3302 sublevandam
2596 3251 2737 3305 dolet
2782 3258 2896 3308 tam
2935 3254 3170 3312 charum
3211 3268 3395 3332 caput.
3431 3295 3495 3310 -ο

2185 3333 2360 3399 Quam
2380 3340 2631 3406 eloquens
2655 3341 2829 3406 fuerit
2859 3346 2950 3398 vir
2966 3353 3210 3408 sanctus.

1973 3433 2058 3488 77.
2093 3435 2226 3499 Quis
2256 3436 2405 3493 enim
2435 3440 2596 3496 siccis
2626 3445 2800 3498 oculis
2833 3449 2956 3519 ejus
2997 3452 3400 3522 recordabitur,
3436 3454 3496 3514 in

1901 3538 2010 3592 quo
2039 3540 2180 3594 pene
2207 3543 2370 3581 omne
2391 3528 2702 3586 honestatis
2727 3535 2895 3590 decus
2923 3537 3205 3595 sublatum
3227 3545 3354 3598 est?
3377 3547 3493 3601 Aut

1900 3611 2023 3681 quis
2044 3629 2154 3666 non
2176 3613 2363 3670 doleat
2393 3618 2711 3688 praesidium
2742 3623 2913 3679 totius
2934 3627 3166 3700 Europae
3183 3631 3367 3686 subito
3395 3634 3496 3689 de-

1901 3700 2163 3770 periisse?
2179 3703 2261 3756 vel
2281 3704 2407 3774 quis
2427 3706 2547 3760 sine
2572 3710 2776 3764 mentis
2791 3715 3053 3783 scrupulo
3065 3718 3274 3786 poterit
3293 3721 3496 3792 episto-

1900 3787 1952 3840 la
1961 3804 2082 3842 rum
2097 3791 2145 3858 ej
2156 3807 2220 3843 us
2232 3791 2469 3847 nitorem
2483 3795 2816 3867 eloquentiae
2831 3800 3260 3875 recitare?quem
3270 3808 3317 3861 si
3330 3809 3495 3881 vulgo

1901 3876 2170 3942 audisses,
2187 3879 2485 3936 dulcifluus
2506 3885 2830 3939 emanabat:
2851 3889 2897 3942 si
2917 3907 3044 3944 vero
3064 3892 3211 3947 idem
3233 3894 3493 3971 barbara,

1901 3981 2070 4035 quam
2100 3967 2416 4023 Teutiscam
2439 3971 2651 4036 dicunt,
2674 3973 2866 4044 lingua
2894 3977 3219 4048 loqueretur
3241 3967 3497 4054 praemi-

1898 4053 2070 4107 nebat
2087 4055 2357 4111 claritatis
2373 4059 2593 4129 eloquio
2610 4079 2622 4126 ;
2648 4063 2797 4132 quod
2812 4064 2859 4117 si
2878 4064 3095 4132 Latine,
3115 4053 3494 4140 jamiulterius

1901 4158 2014 4212 prae
2043 4143 2310 4199 aviditate
2354 4147 2596 4202 dulcoris
2625 4166 2736 4204 non
2783 4159 2907 4208 erat
2959 4156 3208 4226 spiritus.
3259 4161 3490 4230 Idcirco,

1903 4231 2040 4284 mihi
2079 4232 2393 4288 charissimi
2423 4253 2455 4290 ο
2484 4253 2579 4291 vos
2608 4255 2821 4305 omnes,
2855 4243 2950 4313 qui
2985 4246 3160 4300 nostis
3189 4249 3325 4319 quid
3362 4250 3495 4307 boni

1902 4319 2106 4374 habeat
2134 4322 2276 4376 tanti
2321 4324 2424 4378 viri
2460 4328 2778 4396 praesentia,
2813 4337 2870 4384 et
2910 4334 3163 4390 transitis
3192 4353 3294 4408 per
3322 4340 3497 4410 viam,

223 4393 579 4454 redditurum
610 4417 622 4451 ε
650 4404 779 4461 licet
807 4427 1030 4484 semper
1059 4421 1216 4488 quasi
1258 4423 1317 4478 in
1349 4393 1818 4492 η]
1838 4427 1884 4485 D
1903 4409 2175 4464 attendite
2205 4418 2261 4464 et
2289 4393 2487 4479 videte,
2513 4415 2560 4468 si
2590 4425 2676 4470 est
2704 4418 2863 4472 dolor
2881 4421 3027 4476 sicut
3055 4423 3215 4478 dolor
3236 4433 3493 4483 nostrum

225 4487 644 4555 pertractasset,
697 4499 831 4550 tunc
887 4487 1090 4558 tamen,
1125 4509 1276 4566 velut
1330 4523 1525 4572 contra
1575 4487 1820 4593 legiones

1575 4569 1820 4593 ,Ὄψων

223 4569 430 4635 iturus,
454 4574 777 4647 diligentius
807 4591 1012 4645 mentis
1033 4595 1206 4652 aciem
1237 4601 1584 4675 disponebat,
1608 4612 1653 4665 si
1679 4616 1822 4669 forte

225 4657 470 4715 ludibria
492 4663 656 4735 hujus
671 4669 793 4726 vita:-
805 4673 923 4730 sine
944 4678 1344 4752 impedimento
1359 4703 1544 4762 posset
1555 4700 1817 4771 effugere.

228 4746 336 4771 α..)
375 4750 460 4771 ---Ξ
473 4768 492 4771 -
560 4770 566 4771 κ
582 4753 597 4771 ³
875 4763 890 4771 ⁸

228 4746 338 4800 Sed
370 4750 502 4819 quia
547 4753 813 4814 obcursor
857 4746 1154 4840 decuplum
1203 4777 1324 4847 ejus
1355 4746 1820 4853 vigvin—tivmilllibus

226 4851 496 4906 superare
530 4841 754 4914 legitur,
780 4867 1002 4924 semper
1031 4877 1152 4930 quae
1179 4868 1334 4935 pacis
1364 4880 1498 4928 sunt
1520 4876 1822 4936 Dominum

226 4925 579 4993 precabatur.
604 4950 632 4984 α
655 4935 912 5008 Domine,
944 4944 1146 5018 inquit,
1175 4969 1317 5022 pone
1344 4976 1433 5014 me
1452 4961 1614 5032 juxta
1642 4974 1718 5034 te,
1742 4977 1823 5025 at-

1024 5013 1041 5018 —
1136 5013 1141 5015 -
1175 5013 1191 5022 -
1416 5013 1423 5014 ί
1452 5013 1614 5032 σ”·-“ν
1646 5013 1718 5034 *ν’
1742 5013 1800 5025 *ι

231 5028 340 5082 que
372 5013 450 5070 ita
471 5021 718 5090 CUjusvis
741 5043 942 5086 manus
964 5045 1176 5107 pugnet
1196 5051 1391 5101 contra
1418 5067 1506 5105 me
1533 5071 1544 5105 :
1573 5056 1822 5128 alioquin

231 5105 571 5128 4ιςυηλμμ---
613 5112 678 5128 ,m
755 5115 766 5126 ι
889 5119 900 5128 .
949 5122 960 5128 -

1050 5105 1066 5107 ,
1576 5105 1822 5128 ήηνηκη-

227 5105 448 5158 turmas
468 5123 579 5162 non
600 5112 865 5184 effugiam
884 5119 1365 5202 iniquorum,quia
1386 5143 1445 5190 tu
1467 5142 1618 5196 solus
1638 5145 1824 5202 inven-

231 5192 325 5242 tus
346 5207 404 5245 es
424 5192 574 5250 inter
598 5207 849 5258 mortuos
875 5207 1030 5264 liber.
1049 5214 1214 5271 Venit
1235 5222 1381 5276 enim
1401 5227 1471 5279 ad
1505 5233 1560 5282 te
1581 5240 1820 5303 exactor,

235 5280 288 5303 ,ι
341 5277 394 5303 ε..
454 5287 503 5303 ι-
553 5300 579 5303 -μ
725 5290 736 5301 ο
894 5294 925 5303 ’λ
1069 5301 1075 5303 Α

1424 5277 1471 5279 ,_
1511 5277 1557 5282 η
1584 5277 1820 5303 ---..-..,.,

234 5280 290 5330 et
340 5277 396 5333 in
454 5287 509 5336 te
551 5300 664 5341 non
720 5290 935 5349 invenit
988 5301 1292 5374 quidquam
1341 5315 1486 5381 quod
1529 5334 1693 5374 suum
1735 5341 1824 5378 es-

234 5371 339 5420 set.
389 5368 600 5428 Idcirco
648 5376 732 5432 fac
777 5398 869 5437 me
897 5386 1113 5444 ﬁrmius
1151 5393 1208 5448 in
1255 5402 1310 5451 te
1353 5401 1644 5474 inhaerere,
1683 5417 1831 5468 utet

1435 5454 1644 5474 -,
1686 5454 1746 5466 ...
1775 5454 1830 5468 ν.

232 5454 352 5525 ipse
394 5473 496 5529 per
535 5467 591 5518 te
633 5471 731 5522 tuo
778 5469 837 5527 in
886 5491 1116 5548 corpore
1163 5486 1292 5538 mali
1350 5491 1524 5548 totius
1577 5495 1830 5557 inveniar

233 5540 397 5603 liber.

488 5653 753 5724 Pnaon.
804 5665 992 5731 CXX.

1903 4498 2174 4552 omnium.
2198 4500 2394 4556 Videte
2426 4503 2597 4573 igitur
2616 4523 2782 4576 quam
2810 4509 2993 4564 subito
3012 4511 3370 4570 vindemiavit
3392 4532 3494 4570 nos

1904 4584 2201 4654 Dominus,
2218 4594 2274 4642 et
2297 4590 2428 4644 tacti
2455 4608 2650 4646 sumus
2666 4596 2906 4664 squalidi
2933 4606 3220 4656 venustate
3240 4603 3490 4660 sublata:

1905 4690 2121 4744 aurugo
2150 4679 2399 4746 possedit
2425 4697 2544 4748 nos,
2570 4682 2702 4752 quia
2730 4683 2897 4738 decus
2917 4691 3142 4744 roseum
3162 4707 3385 4749 versum
3411 4701 3500 4751 est

1903 4761 1961 4815 in
1989 4763 2230 4818 favillam
2242 4807 2253 4818 .

1913 4885 2116 4944 Triduo
2162 4894 2288 4946 ante
2332 4893 2528 4950 Natale
2575 4896 2781 4952 Christi
2820 4899 2967 4966 febri
3008 4905 3316 4974 corripitur
3357 4909 3496 4964 Ade-

1977 4969 2233 5035 thardus;
2269 4977 2510 5041 quotidie
2533 4981 2715 5031 tamen
2744 4980 2969 5033 missam
2991 4984 3154 5038 audit
3181 4990 3230 5039 et
3258 5001 3499 5042 commu-

1979 5066 2010 5101 η
2022 5051 2124 5103 icat
2140 5095 2153 5106 .

1980 5155 2064 5209 78.
2098 5157 2401 5214 Paraverat
2429 5178 2560 5230 ergo
2590 5178 2650 5216 se
2697 5163 2924 5221 Simeon
2960 5185 3128 5225 senex
3152 5171 3224 5224 ad
3252 5172 3497 5228 natalem

1909 5243 2210 5299 Salvatoris
2230 5250 2476 5304 accensis
2505 5251 2858 5323 lampadibus
2880 5273 3190 5319 occurrere,
3207 5265 3263 5312 et
3282 5259 3499 5330 Regem

1911 5347 2107 5401 regum
2137 5335 2437 5391 Dominum
2465 5340 2655 5394 Jesum
2682 5343 2969 5398 Christum
3007 5346 3399 5416 procedentem
3431 5351 3502 5406 de

1909 5421 2160 5475 thalamo
2191 5441 2292 5477 suo
2322 5427 2469 5480 ulnis
2496 5429 2613 5484 suis
2654 5430 2816 5485 laetus
2845 5433 3159 5504 suscipere;
3192 5436 3289 5490 sed
3318 5438 3505 5509 tetigit

1909 5525 2037 5564 cum
2068 5511 2255 5566 triduo
2284 5521 2414 5569 ante
2434 5518 2678 5572 natalem
2700 5518 2920 5574 Domini
2942 5521 3284 5579 validissima
3311 5525 3499 5594 febris,

1912 5597 2042 5652 dum
2064 5600 2228 5670 juxta
2265 5607 2727 5663 consuetudinem
2767 5608 2946 5664 noctis
2981 5611 3164 5667 medio
3191 5612 3252 5668 in
3278 5613 3506 5672 basilica

3190 5713 3270 5774 49
