4000 6170
278 238 422 299 1549

1447 249 1538 301 DE
1581 248 1751 302 VITA
1791 250 1848 303 S.
1890 249 2338 307 ADALHARDI.

3406 256 3434 310 1
3446 256 3552 314 550

274 368 576 438 quando“
604 369 862 423 Christus
892 371 951 423 in
980 387 1162 436 cruce,
1196 372 1384 424 emisit
1426 373 1683 442 spiritum
1715 380 1734 400 ‘
1770 396 1780 429 :
1813 374 2326 433 utAsanctissimae
2355 373 2502 438 vitae,
2532 389 2745 443 nosque
2794 377 2892 425 tua
2930 391 3218 444 nunquam
3271 381 3550 437 immunes

273 455 507 511 daretur
529 455 822 520 indicium,
847 460 992 528 quod
1039 461 1200 529 cujus
1250 477 1469 513 crucem
1503 462 1560 514 in
1593 462 1701 513 vita
1729 462 1874 514 tule-

273 550 381 610 rat,
406 556 686 616 quemque
709 554 932 601 secutus
961 549 1164 608 fuerat,
1183 550 1303 618 ejus
1334 559 1388 602 et
1415 550 1472 601 in
1515 551 1710 602 mortis
1737 550 1875 602 arti-

273 633 400 688 culo
428 642 761 705 sequeretur
784 637 1036 706 vestigia,
1067 639 1241 690 donec
1273 641 1586 707 perveniret
1639 639 1708 690 ad
1747 656 1875 691 eum

274 733 444 794 quam
468 726 785 793 quaesierat.
811 743 977 796 quem
1009 734 1250 796 optarat,
1271 744 1437 796 quem
1469 735 1524 780 et
1553 727 1648 780 diu
1669 729 1736 779 de
1758 735 1873 781 toto

273 812 442 865 corde
473 812 842 867 desideraret.-
875 815 1012 877 Quis
1055 822 1221 884 putas
1249 823 1383 868 tunc
1413 833 1477 868 ea
1527 817 1665 868 hora
1691 817 1872 870 luctus

275 900 526 953 omnium
560 908 699 965 erat,
732 909 785 955 et
843 919 1009 972 quam
1043 904 1318 973 praecipua
1375 905 1582 957 fuerint
1625 905 1874 958 lamenta

273 990 677 1043 monachorum
706 991 716 1042 !
750 991 1126 1044 Attollebatur
1151 999 1340 1045 autem
1381 1009 1602 1046 sursum
1627 1011 1727 1045 vox
1761 1009 1874 1046 una

275 1079 604 1132 canentium
627 1078 683 1130 in
742 1080 974 1144 excelso,
1011 1087 1067 1133 et
1124 1083 1290 1134 ﬂetus
1321 1082 1570 1135 omnium
1610 1083 1874 1135 deorsum

274 1166 626 1236 singulorum
640 1167 926 1220 scindebat
949 1175 1204 1238 pectora:
1242 1171 1527 1239 quoniam,
1569 1171 1712 1222 sicut
1740 1171 1873 1223 alibi

1959 463 2167 515 erimus
2197 479 2229 514 a
2277 462 2461 515 laude.
2491 462 2573 514 Tu
2623 467 2829 525 autem,
2865 479 3204 532 quaesumus,
3251 469 3410 522 trahe
3451 488 3551 526 nos

1957 550 2087 603 hinc
2118 557 2244 619 post
2269 557 2642 612 te,curramus
2663 549 2718 601 in
2743 550 2967 602 odorem
3002 561 3414 622 unguentorum
3434 566 3554 613 tuo-

1958 655 2081 691 rum
2105 658 2116 700 ;
2144 639 2275 707 quia
2303 639 2533 691 meliora
2571 644 2703 690 sunt
2748 638 2921 691 ubera
2949 646 3045 693 tua
3073 642 3214 706 vino,
3249 645 3556 716 fragrantia

1958 727 2258 795 unguentis
2283 727 2522 796 optimis.
2581 726 2734 779 Recti
2769 727 2915 778 enim
2948 734 3002 780 te
3048 730 3318 798 diligunt:
3347 739 3402 787 et
3428 735 3554 790 ideo

1957 817 2276 884 quaerimus,
2302 832 2592 884 quousque
2635 816 3024 884 perveniamus
3074 817 3168 870 ubi
3215 823 3415 892 pascis,
3455 823 3553 878 ubi

1953 903 2154 969 cubas;
2189 904 2392 956 scimus
2415 920 2655 973 namque
2685 904 2831 972 quod
2861 904 2916 956 in
2939 905 3197 964 meridie.

2171 1003 2352 1054 Obiter
2382 1004 2443 1053 £18
2474 1002 2674 1068 Orphei
2693 1003 2764 1052 ad
2804 1004 3010 1067 inferos
3042 1005 3317 1066 descensu.

2026 1097 2115 1153 8'1.
2150 1100 2344 1167 Neque
2375 1099 2566 1167 igitur,
2588 1100 2746 1167 juxta
2771 1101 2915 1168 quod
2955 1100 3154 1154 fabulae
3179 1101 3368 1156 ferunt
3393 1104 3552 1158 Trei-

1956 1188 2105 1240 cium
2127 1188 2321 1240 fecisse
2351 1194 2551 1251 vatem,
2575 1188 2853 1256 gemimus
2873 1190 3020 1258 apud
3052 1189 3260 1244 inferos
3298 1194 3553 1262 conjugis

273 1255 486 1308 dictum
511 1266 612 1319 est,
647 1261 705 1309 et
725 1257 874 1326 pium
917 1265 1039 1311 erat
1066 1264 1226 1311 tanto
1255 1259 1370 1311 viro
1411 1260 1779 1328 congaudere.
1823 1276 1863 1312 e1

1961 1282 2198 1329 mortem
2228 1294 2236 1322 :
2272 1277 2368 1328 sed
2389 1293 2556 1346 super
2605 1283 2758 1329 astra
2807 1278 3057 1330 tollimus
3113 1280 3294 1332 Patris
3324 1297 3549 1348 nomen,

272 1344 428 1414 Pium
454 1351 576 1398 erat
590 1344 662 1398 ab
686 1347 808 1414 eius
832 1345 1087 1399 abscessu
1111 1349 1264 1399 Πενθ·
1296 1347 1432 1409 (ὶυίδ
1452 1347 1601 1399 enim
1634 1365 1743 1400 non
1776 1351 1877 1401 “3'
1960 1382 2068 1434 quo
2095 1371 2148 1416 te
2175 1344 2500 1418 solemni'er
2541 1365 2925 1418 conscendisse
2973 1367 3238 1422 fatemur.
3281 1370 3423 1438 Ergo
3447 1344 3554 1424 etsi

275 1439 382 1523 ff”!
437 1434 606 1486 etiam
631 1434 677 1486 εί
708 1435 778 1486 de
803 1435 955 1488 Since
978 1443 1144 1488 natus
1174 1442 1336 1492 esset“
1371 1453 1437 1488 ea
1464 1437 1600 1488 hom
1629 1453 1753 1488 cum
1788 1439 1876 1490 in"
1958 1454 2082 1505 felix
2105 1453 2210 1505 fuit
2231 1455 2342 1509 ille.
2369 1454 2461 1523 qui
2494 1455 2619 1505 ﬁcte
2649 1453 2829 1522 potuit
2879 1455 3119 1507 lucidum
3181 1456 3306 1509 boni
3343 1434 3556 1511 fontem

272 1522 456 1592 elytus
478 1523 578 1575 Dei
595 1529 783 1591 pastor
805 1524 932 1576 hinc
973 1523 1166 1576 abiens
1201 1525 1367 1576 caelos
1389 1526 1712 1593 expeteret?
1751 1527 1863 1594 ipse

1957 1541 2218 1603 visere,et
2244 1542 2373 1593 felix
2403 1542 2497 1610 qui
2529 1542 2711 1610 potuit
2739 1541 2954 1592 vincula.
2981 1542 3167 1610 gravis
3194 1549 3358 1598 terra;
3385 1547 3557 1600 solve-

274 1611 584 1665 enimerat.
605 1610 744 1663 bone
781 1613 929 1673 Jesu,
963 1629 1127 1681 quem
1159 1612 1212 1664 in
1245 1620 1362 1664 toto
1419 1630 1481 1664 ex
1507 1613 1765 1666 omnibus
1795 1631 1881 1666 so-
1963 1645 2054 1693 re;
2098 1630 2369 1682 ίριίυίοι-θε,
2401 1647 2594 1682 sumus
2625 1647 2746 1694 nos,
2779 1629 2872 1698 qui
2903 1647 3198 1699 possumus
3230 1638 3354 1701 post
3373 1638 3430 1686 te
3455 1651 3557 1704 pa-

271 1699 391 1752 lum
443 1698 699 1752 abbatem
733 1700 913 1769 reperi
940 1720 951 1764 ;
986 1701 1102 1770 ipse
1131 1719 1194 1753 ex
1225 1701 1516 1763 universis,
1549 1718 1713 1770 quem
1741 1703 1863 1754 alte-

1962 1724 2104 1771 trem
2128 1717 2260 1768 talia
2283 1726 2338 1769 et
2359 1724 2473 1769 tam
2506 1725 2697 1770 sancta
2727 1725 2849 1769 vota
2862 1717 3102 1786 dirigere
3131 1720 3389 1788 Fingitur
3405 1723 3558 1777 enim

272 1787 393 1840 rius
422 1787 545 1857 plus
577 1804 744 1856 quam
789 1805 891 1841 sua
951 1795 1291 1858 quaerentem
1348 1790 1552 1841 inveni.
1597 1790 1701 1852 QUi
1733 1791 1877 1842 Sicut
1958 1806 2050 1858 ille
2080 1805 2340 1874 praefatus
2371 1813 2523 1857 vates
2555 1805 2830 1857 flebilibus
2868 1807 3047 1858 modis
3076 1808 3257 1860 ﬂendo
3277 1817 3403 1877 post
3430 1828 3559 1864 con-

274 1880 459 1962 (nam?
487 1881 642 1928 amat
669 1875 892 1929 υηῖεωη
927 1878 1125 1938 ﬁlium,
1175 1878 1255 1929 ῖῖῖὶ
1296 1894 1544 1946 quosque
1576 1879 1875 1931 ίθΠοΓΓίτηθ
1953 1895 2147 1962 jugem
2167 1895 2331 1946 silvas
2355 1907 2578 1946 currere
2601 1893 2814 1956 fecisse,
2833 1895 3514 1951 amnesstareimmobiles
3539 1919 3550 1951 :

275 1953 562 2034 diligebat,
587 1967 756 2034 atque
780 1971 843 2018 ut
872 1965 1138 2018 solidiora
1167 1972 1433 2035 caperent
1461 1966 1748 2022 invitabat.

660 2092 866 2143 Auctor
890 2094 1006 2157 ejus
1043 2097 1270 2142 mortem
1301 2094 1466 2154 luget.

342 2192 432 2250 83.
469 2195 840 2264 Quapropter,
864 2213 1069 2264 qumso,
1095 2196 1386 2259 attendite,
1421 2197 1544 2259 viri,
1577 2202 1630 2248 et
1670 2197 1871 2258 videte,

267 2283 521 2336 universi
572 2284 782 2352 populi,
845 2291 1083 2336 matrem
1117 2284 1407 2336 Corbeiam
1451 2287 1674 2336 ﬂentem
1710 2285 1874 2354 (quod

271 2378 362 2424 est
383 2372 688 2424 alvearium
713 2372 1140 2440 monachorum)
1161 2376 1410 2439 flentem,
1429 2373 1679 2442 inquam,
1702 2391 1764 2438 ac
1787 2375 1872 2425 di-

266 2465 487 2512 centem
515 2478 524 2511 :
547 2459 781 2512 Ablatus
807 2468 889 2511 cst
912 2462 1241 2529 magniﬁcus
1263 2478 1422 2514 meus
1440 2463 1595 2524 mihi,
1618 2470 1673 2513 et
1690 2463 1875 2514 nullus

273 2553 363 2600 est
391 2547 486 2616 qui
517 2548 836 2600 consoletur
863 2566 950 2601 me
980 2567 1042 2601 ex
1077 2549 1333 2602 omnibus
1353 2549 1533 2601 charis
1561 2568 1568 2600 :
1609 2551 1872 2619 quoniam

274 2635 574 2704 complevit
601 2635 660 2687 in
693 2653 780 2688 me
827 2637 1100 2690 Dominus
1151 2639 1396 2690 furorem
1445 2655 1629 2700 suum,
1664 2643 1721 2690 et
1746 2639 1876 2690 fecit

278 2734 403 2792 qua}
449 2723 734 2791 cogitavit.
783 2725 1091 2794 Complevit
1138 2742 1268 2794 ergo
1303 2743 1423 2795 quze
1476 2733 1815 2795 prmceperat
1843 2744 1875 2779 a

276 2811 474 2863 diebus
488 2811 734 2881 antiquis
760 2831 770 2863 :
797 2815 962 2864 Terra
987 2831 1054 2876 es,
1081 2819 1128 2866 ct
1146 2817 1202 2865 in
1221 2820 1423 2865 tcrram
1448 2815 1712 2874 ibisthvr.
1748 2820 1829 2877 ιιι)
1859 2834 1870 2880 ;

277 2899 485 2951 idcirco
506 2899 644 2952 abiit
673 2900 1037 2953 charissimus
1077 2901 1231 2964 mihi,
1269 2909 1324 2954 et
1355 2903 1600 2954 recessit.
1637 2904 1874 2956 lieversa

275 2993 364 3039 est
391 3003 521 3056 ergo
551 2987 706 3056 virgo
739 2987 910 3041 Israel
941 2990 1010 3042 ad
1042 2990 1292 3043 civitates
1329 3008 1475 3054 suas,
1508 2995 1564 3042 et
1615 2991 1932 3061 deincepsc

269 3069 529 3128 ambulat
547 3075 791 3144 gloriose
817 3093 984 3146 super
997 3093 1172 3147 aquas
1207 3079 1603 3147 redemptionis
1631 3085 1870 3132 aeternae.

269 3165 397 3235 Ipse
427 3177 668 3236 namque
687 3172 770 3218 est
794 3167 888 3235 qui
920 3173 1040 3219 erat
1063 3167 1460 3219 mihivotorum
1481 3168 1867 3222 charissimus:

267 3254 729 3324 ipseconvertens
753 3255 997 3307 animam
1021 3271 1200 3307 meam
1224 3262 1280 3306 et
1313 3263 1497 3308 custos
1531 3256 1652 3308 vitae
1687 3273 1820 3308 meae
1855 3277 1867 3309 :

264 3342 388 3412 ipse
419 3343 511 3413 qui
531 3355 874 3412 consurgens
895 3360 992 3412 pro
1011 3343 1166 3396 nobis
1193 3344 1245 3395 in
1264 3344 1533 3412 principio
1555 3345 1870 3412 vigiliarum

265 3430 591 3486 effundebat
621 3433 773 3486 velut
803 3449 1004 3502 aquam
1039 3447 1132 3484 cor
1163 3449 1323 3484 suum
1348 3437 1476 3484 ante
1509 3439 1869 3502 conspectum

262 3520 511 3584 Domini,
536 3535 683 3574 nunc
713 3538 842 3573 vero
862 3521 1048 3591 posuit
1078 3538 1175 3573 nos
1195 3521 1459 3573 Dominus
1488 3521 1559 3573 ad
1587 3521 1866 3574 modicum

265 3609 565 3672 desolatos,
591 3616 820 3680 propter
852 3624 977 3662 eum
1002 3627 1237 3662 mmrore
1268 3610 1562 3662 confectos.
1581 3610 1712 3663 ideo
1735 3627 1867 3679 ergo

264 3698 531 3768 ponimus
560 3698 615 3751 in
647 3700 877 3768 pulvere
908 3715 969 3750 os
997 3705 1269 3761 nostrum,
1301 3706 1587 3766 sperantes
1619 3698 1672 3750 in
1706 3699 1867 3751 mise-

261 3786 521 3839 ricordii‘s‘
554 3787 860 3850 Domini,si
895 3789 1033 3839 forte
1065 3787 1139 3839 sit
1184 3805 1309 3856 spes
1341 3792 1402 3838 ut
1431 3788 1720 3855 pervenire
1747 3804 1867 3856 pos-

258 3874 437 3927 simus
459 3891 568 3945 quo
588 3878 706 3945 jam
740 3877 865 3945 pius
892 3877 1168 3929 Patronus
1192 3883 1381 3928 noster
1398 3878 1714 3946 pervenisse
1744 3893 1864 3929 cre-

257 3957 433 4018 ditur.
471 3965 630 4028 Quod
661 3965 837 4017 donec
886 3966 1003 4026 ﬂat,
1039 3965 1212 4017 donec
1268 3971 1458 4033 optata
1503 3965 1686 4016 veniat
1723 3965 1859 4027 dies,

255 4053 471 4105 haereat
503 4053 697 4122 lingua
730 4067 852 4106 mea
876 4053 1127 4106 faucibus
1161 4053 1317 4112 meis,
1352 4054 1397 4105 si
1421 4053 1500 4105 tui
1526 4069 1633 4106 non
1659 4055 1854 4105 memi-

253 4149 413 4200 nero.
449 4147 607 4211 pater
633 4142 1024 4204 Adalharde,si
1052 4158 1160 4194 non
1183 4150 1236 4193 te
1267 4157 1607 4210 preposuero
1636 4141 1690 4194 in
1712 4143 1858 4211 prin-

251 4234 402 4305 cipio
433 4236 881 4288 recordationum
918 4253 1198 4299 mearum;
1230 4235 1476 4304 alioquin
1502 4235 1857 4288 obliviscatur

1953 1982 2251 2052 junxitque
2302 1982 2646 2051 intrepidum
2701 1982 2847 2034 latus
2879 1999 3038 2034 cerva
3084 1984 3238 2036 saevis
3262 1984 3514 2040 leonibus
3539 1977 3557 2052 ;’

1954 2087 2056 2122 nec
2084 2070 2276 2123 timuit
2302 2071 2459 2139 lepus
2484 2071 2601 2139 jam
2625 2077 2790 2122 cantu
2818 2070 3094 2139 placidum
3128 2087 3322 2124 canem
3380 2074 3555 2143 Cujus

1957 2175 2082 2211 cum
2105 2158 2287 2212 fervor
2304 2159 2504 2211 intima
2525 2158 2773 2228 corporis
2786 2159 3084 2228 ﬂagrantia
3103 2167 3312 2222 ureret,
3342 2179 3443 2215 nec
3475 2163 3554 2216 sic

1960 2249 2272 2300 mulcerent
2299 2249 2549 2300 animum
2579 2255 2776 2300 cuncta
2812 2265 2932 2316 quae
2964 2247 3258 2317 subegerat
3285 2269 3298 2312 ;
3323 2251 3367 2303 it
3392 2251 3558 2305 mites

1957 2336 2025 2387 ad
2048 2352 2280 2404 superos
2297 2352 2549 2404 queerens
2570 2337 2863 2404 conjugem
2890 2349 2900 2382 :
2924 2352 3025 2388 nec
3050 2344 3274 2405 reperta
3309 2337 3558 2392 infernas

1960 2424 2100 2476 adiit
2130 2424 2325 2476 domos
2357 2443 2367 2475 :
2404 2424 2514 2476 illic
2573 2423 2902 2476 sonantibus
2957 2425 3180 2478 chordis
3207 2425 3412 2478 blanda
3433 2444 3557 2480 car-

1959 2513 2111 2564 mina
2131 2519 2470 2581 temperans.
2508 2512 2775 2582 quidquid
2826 2513 2893 2566 de
2946 2514 3239 2583 praecipuis
3269 2531 3555 2570 musarum

1956 2601 2202 2653 fontibus
2229 2601 2511 2654 hauserat.
2565 2601 2649 2653 Ad
2680 2602 2840 2669 cujus
2889 2619 3049 2654 voces
3085 2601 3412 2656 umbrarum
3453 2605 3559 2658 dea

1958 2689 2231 2742 miserans
2258 2708 2268 2741 :
2292 2690 2562 2752 Tandem,
2578 2689 2782 2759 inquit,
2805 2690 3080 2743 vincimur
3099 2691 3328 2755 arbiter;
3348 2699 3403 2746 et
3426 2693 3554 2746 ideo

1957 2777 2231 2830 donamus
2259 2780 2554 2847 conjugem
2584 2779 2700 2830 viro
2729 2785 2972 2848 emptam
2990 2780 3254 2833 carmine.
3278 2781 3422 2844 Quid
3447 2798 3556 2852 pu-

1957 2870 2063 2924 tas,
2087 2872 2204 2918 tum
2225 2866 2315 2919 ille
2327 2868 2488 2934 juxta
2511 2867 2783 2935 poeticam
2829 2868 3209 2921 narrationem
3242 2869 3426 2923 luctus
3449 2871 3552 2924 da-

1960 2951 2088 3005 bat?
2109 2961 2456 3023 quantosque
2488 2955 2715 3006 threnos
2760 2955 3055 3024 geminans
3083 2973 3243 3010 amor
3270 2960 3557 3013 moverat?

1959 3043 2249 3111 quantisve
2280 3043 2538 3112 precibus
2568 3043 2783 3095 veniam
2842 3044 3190 3113 imploraret,
3225 3047 3385 3115 cujus
3413 3064 3560 3100 nova.

1957 3131 2208 3183 carmina
2239 3137 2535 3201 stupuerat
2561 3130 2828 3195 infernus,
2877 3132 3104 3186 ultrices
3141 3135 3414 3189 scelerum
3441 3136 3558 3190 deae

1949 3219 2068 3286 jam
2097 3226 2305 3271 moestze
2333 3219 2636 3273 madebant
2663 3220 2968 3290 lacrymis?

2205 3328 2444 3378 Honores
2476 3333 2694 3379 mortuo
2720 3328 3033 3380 Adalharbo
3064 3328 3313 3386 exhibui,

2023 3427 2111 3485 85.
2148 3432 2252 3484 Sed
2287 3449 2405 3494 nos,
2435 3433 2598 3484 Pater
2622 3432 2966 3495 charissime,
3001 3433 3137 3485 talia
3167 3449 3277 3486 non
3309 3434 3436 3488 ideo
3462 3435 3551 3489 in-

1951 3521 2203 3585 ferimus,
2257 3521 2400 3589 quod
2436 3519 2757 3588 ignoremtis
2800 3522 3084 3574 neminem
3113 3521 3183 3574 ab
3205 3522 3401 3576 inferis
3429 3524 3555 3577 sineI

1955 3609 2176 3662 Christo
2200 3625 2512 3678 regressum
2537 3608 2708 3661 fuisse
2725 3628 2737 3669 .7
2754 3609 2850 3661 sed
2893 3610 2986 3678 qui
3012 3610 3138 3662 boni
3162 3610 3365 3664 habeat
3391 3622 3555 3666 amor“

1950 3699 2206 3750 volumus
2235 3697 2478 3766 aperire.
2518 3699 2692 3749 Amor
2721 3697 2868 3749 enim
2904 3698 3146 3750 maxima
3183 3700 3270 3751 lex
3303 3700 3408 3753 sibi
3440 3706 3550 3766 est,-

1949 3790 2004 3838 et
2025 3786 2147 3838 ideo
2178 3786 2449 3838 imitando
2479 3785 2778 3855 quierimus
2798 3791 2854 3837 te
2879 3786 3038 3859 quasi
3068 3803 3165 3856 per
3188 3788 3388 3856 legem,
3414 3789 3550 3858 quia

1948 3876 2130 3928 omnis
2155 3875 2266 3927 vita
2299 3881 2395 3927 tua
2428 3875 2514 3926 lex
2554 3874 2680 3926 vita:
2728 3873 2860 3937 fuit;
2897 3879 2957 3926 ut
2993 3887 3310 3927 mereamur
3346 3891 3548 3944 perve-v

1947 3965 2070 4016 nire
2099 3965 2166 4016 ad
2202 3971 2272 4027 te,
2308 3964 2418 4015 imo
2469 3962 2538 4015 ad
2584 3967 2658 4026 te,
2694 3961 2825 4031 quia
2872 3963 2941 4014 ad
2993 3963 3296 4024 thristum,
3338 3981 3448 4033 quo
3483 3970 3542 4018 te

1943 4054 2260 4122 pervenisse
2286 4052 2568 4106 credimus
2613 4057 2669 4104 et
2720 4057 2998 4120 optamus.
3032 4050 3105 4104 Et
3134 4066 3448 4121 precamur,
3476 4059 3547 4106 ut

1939 4143 2085 4195 Dens
2107 4142 2311 4194 nostris
2332 4139 2587 4211 precibus
2601 4146 2784 4193 motus
2816 4140 3096 4200 exaudiat,
3129 4147 3185 4194 et
3213 4142 3436 4195 doneris
3465 4143 3540 4196 fe-

1940 4231 2118 4283 liciter
2142 4231 2319 4292 nobis,
2357 4230 2468 4282 imo
2495 4243 2598 4282 nos
2625 4228 2747 4290 tibi,
2783 4229 2914 4298 quia
2943 4236 2998 4282 te
3033 4230 3292 4298 paradiso
3342 4231 3537 4284 datum

252 4341 347 4378 me
385 4323 632 4386 dextera,
685 4325 788 4377 nisi
838 4341 1040 4378 nomen
1072 4331 1229 4376 tuum
1263 4325 1566 4393 laudesque
1592 4325 1851 4393 pandam.
1874 4317 1920 4373 D
1941 4321 2200 4390 petimus.
2238 4318 2530 4372 Credimus
2557 4333 2798 4386 namque
2839 4317 2984 4386 quod
3016 4317 3218 4369 ibidem
3249 4319 3534 4372 coronaris

249 4407 456 4477 Credo,
484 4414 558 4466 mi
588 4414 884 4467 charorum
919 4414 1260 4475 charissime,
1288 4414 1433 4483 quod
1466 4413 1619 4482 prius
1654 4422 1854 4466 mater-

248 4519 361 4556 nus
393 4518 554 4556 amor
583 4507 766 4573 perire
786 4503 983 4573 possit,
1011 4520 1174 4572 quam
1211 4520 1309 4555 nos
1352 4510 1406 4555 te
1435 4518 1542 4554 non
1581 4503 1810 4570 diligere
1836 4523 1846 4569 ;

246 4589 388 4662 quia
417 4587 531 4644 etsi'
553 4592 650 4644 illa
677 4609 904 4644 suorum
932 4592 1295 4653 obliviscitur,
1330 4609 1429 4644 nos
1460 4593 1537 4643 tui
1563 4607 1850 4660 nunquam

244 4673 410 4734 obliti
435 4680 667 4737 erimus.
709 4679 816 4734 Sed
847 4680 980 4734 dum
1011 4682 1211 4734 saecula
1236 4687 1482 4741 manent,
1519 4685 1574 4733 et
1596 4695 1699 4732 nox
1723 4697 1847 4733 cum

243 4759 339 4821 die
371 4767 616 4839 partitur
647 4769 809 4834 vices,
842 4769 990 4821 fama
1021 4768 1414 4838 praedicabitur
1445 4769 1513 4822 de
1543 4775 1596 4821 te
1627 4784 1848 4838 semper

319 4902 345 4930 ει
375 4892 592 4962 Nempe
616 4909 670 4947 IV
697 4894 887 4946 Nonas
916 4893 1188 4958 Januarii,
1222 4900 1278 4946 et
1316 4893 1541 4962 quidem
1582 4910 1728 4945 anno
1751 4910 1842 4946 oc-

241 4964 648 5032 tingentesimo
676 4964 943 5032 vigesimo
975 4971 1133 5016 sexto
1163 4963 1409 5016 ineunte.
1445 4963 1604 5016 Hunc
1634 4981 1843 5015 annum

238 5029 446 5104 coiﬁgo
464 5043 579 5104 tum
595 5029 935 5087 exCh'ronico
949 5035 1459 5090 noveeCorbeize.cui
1483 5043 1722 5104 quatuor
1743 5050 1844 5086 an-

237 5103 333 5157 nis
357 5103 576 5173 praefuit
605 5105 673 5157 ab
695 5119 842 5157 anno
860 5105 984 5170 8:22,
1017 5111 1138 5158 tum
1169 5123 1234 5157 ex
1263 5103 1536 5158 Chronico
1571 5106 1842 5158 Saxonico

238 5175 418 5227 main
438 5189 548 5244 quo
565 5177 688 5245 ejus
708 5177 896 5228 obitus
909 5178 1202 5245 reponitur
1220 5194 1365 5229 anno
1380 5176 1506 5233 82:3,
1533 5177 1840 5228 secundum

233 5251 490 5298 veterem
514 5247 806 5310 calculum,
844 5247 926 5298 his
957 5247 1135 5298 verbis
1168 5266 1178 5298 :
1213 5249 1445 5300 Sanctus
1502 5249 1842 5300 .‘idclhardus

235 5315 578 5370 Gorbeiensis
601 5321 762 5370 abbas
791 5320 945 5379 obiit,
967 5321 1060 5369 cui
1116 5320 1370 5370 Warz'nus
1392 5321 1636 5370 success-it
1671 5337 1684 5368 :
1718 5323 1836 5368 tum

234 5387 487 5457 denique
508 5405 573 5441 ex.
601 5388 722 5441 Vita
737 5387 913 5440 sancti
934 5389 1246 5449 Anscharii,
1275 5389 1386 5458 qui,
1425 5395 1643 5440 mortuo
1675 5387 1838 5439 Adal-

1931 4412 2050 4478 jam
2078 4410 2145 4461 de
2174 4408 2355 4477 capite
2382 4409 2616 4468 Amana,
2652 4407 2720 4459 de
2742 4405 2943 4458 vertice
2965 4406 3146 4469 Sanir,
3167 4407 3234 4458 de
3259 4406 3536 4460 cubilibus

1936 4499 2180 4560 leonum,
2203 4497 2270 4549 de
2295 4495 2575 4548 montibus
2618 4495 2938 4565 pardorum.
2974 4495 3085 4546 Ista
3110 4495 3314 4563 quippe
3340 4497 3532 4549 omnia

1935 4587 2334 4655 triumphando
2379 4584 2556 4637 vicisti
2583 4603 2593 4634 :
2629 4582 2829 4635 idcirco
2861 4582 3036 4634 factus
3069 4598 3128 4634 es
3159 4583 3342 4635 suavis
3381 4584 3531 4639 inter

1932 4676 2157 4728 delicias
2181 4673 2421 4744 paradisi
2456 4679 2511 4726 et
2558 4672 2807 4734 decorus,
2841 4686 2941 4722 nec
2973 4676 3056 4722 est
3085 4670 3143 4722 in
3189 4677 3244 4724 te
3283 4675 3523 4729 macula.

1929 4765 2166 4818 Dextera
2196 4763 2368 4831 igitur
2425 4760 2629 4815 Christi
2685 4759 3054 4828 amplecteris,
3087 4764 3143 4812 et
3180 4760 3376 4814 laevam
3421 4762 3528 4817 sub

1927 4888 2193 4943 accesisse
2213 4887 2282 4939 ad
2314 4902 2522 4939 annum
2569 4884 2748 4937 :etatis
2787 4882 3223 4952 octogesimum,
3244 4890 3308 4938 ut
3335 4885 3393 4938 in
3431 4903 3520 4939 se-

1929 4960 2119 5031 quenti
2142 4955 2558 5031 Eclogalegitur
2576 4973 2600 5031 :_
2621 4962 2746 5007 cum
2779 4954 3102 5007 adolescens
3126 4955 3518 5031 viginti‘anno‘f

1928 5025 2051 5084 rum
2084 5031 2260 5082 factus
2285 5025 2361 5079 sit
2387 5025 2690 5079 monachus
2746 5040 2856 5077 non
2913 5034 3041 5077 ante
3070 5039 3280 5079 annum
3305 5027 3518 5079 Christi

1926 5102 2046 5156 770.
2063 5118 2128 5152 ex
2165 5098 2368 5152 notatis
2396 5097 2640 5167 suprain
2654 5096 3050 5164 Martyrologio
3069 5097 3364 5150 Nevelonis
3384 5099 3517 5150 Cor-

1926 5171 2165 5225 beiensis
2195 5169 2473 5232 monachi,
2499 5167 2590 5237 qui
2605 5167 2804 5220 saeculo
2824 5181 2900 5219 xu
2924 5167 3072 5231 vixit,
3106 5169 3370 5236 leguntur
3397 5167 3514 5220 haec

1925 5245 2091 5296 verba
2115 5261 2125 5293 :
2153 5256 2208 5294 Iv
2230 5243 2512 5294 rl’onJa/t.
2544 5241 2764 5293 Carbo-ia
2793 5241 3121 5290 monasterio
3145 5241 3349 5289 natalis
3377 5255 3511 5291 san-

1925 5318 1998 5367 ctz‘
2024 5314 2298 5367 Adatard-i
2330 5312 2648 5375 confessoris
2681 5314 2729 5361 ct
2766 5311 2992 5370 abbatis,
3026 5311 3119 5360 cui
3173 5308 3419 5361 Christus
3447 5312 3510 5361 in

1922 5388 2164 5438 transitu
2190 5386 2327 5434 mort
2336 5387 2378 5433 is
2428 5383 2711 5448 apparuit.
2730 5379 2892 5432 Wala
2912 5385 2966 5432 et
2985 5377 3254 5433 Uvarinus
3282 5377 3339 5431 in
3358 5383 3510 5434 utra-

231 5453 442 5521 hardo,
475 5474 512 5512 ει
543 5459 704 5513 Wala
743 5459 942 5512 abbate
985 5461 1107 5528 ejus
1164 5453 1481 5528 successore
1515 5459 1569 5528 in
1603 5457 1836 5511 Daniam
1919 5473 2027 5527 que
2056 5453 2292 5509 Corbeia
2319 5460 2689 5508 successores.

230 5528 447 5584 missus
465 5534 572 5587 est.
589 5530 668 5586 Ex
683 5529 883 5601 quibus
898 5523 1645 5602 intelligitur,Adalhardum
1665 5545 1838 5601 prope
