4000 6170
483 307 618 364 1551

1241 301 1298 354 S.
1342 297 1717 352 PASCHASII
1757 293 2118 352 RADBERTI
2157 289 2461 346 ABBATIS
2501 285 3004 343 CORBEIENSIS.

3634 290 3782 346 1552

486 430 667 501 capite
687 427 839 499 pacis
861 441 1056 480 somno
1069 424 1353 478 dormiens
1388 421 1596 493 premis
1619 440 1629 474 :
1665 427 1721 474 et
1749 421 1874 474 ideo
1902 421 2083 474 factus
2101 426 2143 482 Α
2169 415 2342 485 igitur
2370 413 2541 467 istum
2570 413 2689 481 jam
2719 411 2775 465 in
2806 411 2992 482 capite
3020 411 3169 464 inter
3197 411 3471 481 plurimos
3497 413 3780 468 dimican-

486 537 546 574 es
585 535 772 573 coram
802 533 868 570 eo
899 513 1056 586 quasi
1087 530 1280 584 pacem
1311 511 1613 581 reperiens.
1658 511 1919 564 Lectulus
1951 526 2083 579 ergo

485 613 636 671 tuus,
667 606 798 676 quia
843 605 898 658 in
957 619 1090 674 pace
1147 601 1353 656 Christi
1385 601 1643 662 versaris,
1679 600 2086 668 ﬂoridusjuxta

484 695 673 750 meriti
697 693 1026 764 qualitatem
1071 710 1081 743 :
1125 690 1282 759 tigna
1315 689 1514 741 domus
1554 694 1663 742 tua:
1691 688 1960 740 cedrina:
2003 688 2085 739 la-

487 783 718 855 quearia
738 798 866 835 vero
897 779 1237 851 cypressina.
1259 778 1325 830 Et
1344 794 1445 830 nos
1476 776 1722 846 quidem,
1748 777 1914 829 Pater
1942 774 2086 828 ami-

486 872 707 926 cissime
738 869 913 932 nobis,
940 870 1102 938 juxta
1125 866 1272 938 quod
1309 865 1676 934 intelligimus
1693 865 2002 934 gaudemus
2030 869 2088 916 et

481 961 838 1030 gratulamur
853 957 956 1011 tibi
978 976 989 1010 :
1011 956 1162 1027 quia,
1177 971 1367 1010 eversa
1387 956 1574 1018 domo,
1591 955 1818 1008 inventa
1829 959 1914 1007 est
1941 953 1997 1006 in
2030 958 2085 1006 te

483 1049 752 1104 drachma
771 1064 892 1118 quae
911 1045 1174 1118 perierat.
1192 1044 1443 1098 Perierat
1472 1043 1621 1096 enim
1656 1043 1833 1096 noctis
1848 1041 2084 1111 caligine

483 1136 838 1202 circumfusa,
867 1135 963 1189 sed
993 1133 1239 1188 accensis
1263 1131 1616 1202 lampadibus
1632 1130 1732 1185 tibi
1761 1129 2085 1184 feliciusde-

481 1242 595 1280 nuo
623 1225 924 1279 invenitur.
959 1223 1116 1278 Unde
1135 1221 1360 1275 interim
1394 1220 1618 1291 quando
1667 1219 1818 1272 aliud
1849 1235 1960 1272 non
1983 1234 2083 1270 va-

481 1315 683 1380 lemus,
711 1316 843 1384 jura
873 1312 1115 1383 sepulcri
1143 1311 1226 1365 tui
1258 1313 1456 1364 ﬂentes
1491 1308 1985 1373 circumsedemus,
2027 1313 2084 1361 et

481 1402 1006 1476 superaspergimus
1035 1400 1355 1454 orationum
1388 1400 1572 1452 flores.
1608 1398 1868 1468 Legimus
1916 1413 2085 1467 super

481 1492 620 1546 illud
650 1508 853 1545 nomen
882 1489 1113 1553 bonum,
1146 1488 1294 1558 quod
1321 1487 1518 1540 melius
1561 1485 1870 1557 acquisisti,
1912 1501 2080 1556 quam

479 1579 702 1634 divitias
726 1580 953 1636 multas.
988 1579 1132 1631 Nam
1177 1582 1430 1630 nostrum
1465 1575 1560 1628 alii
1609 1575 1882 1646 pallentes
1909 1575 2082 1628 violas

477 1667 582 1722 tibi
611 1672 671 1721 et
697 1667 995 1720 candentia
1014 1665 1134 1718 lilia
1157 1672 1412 1736 carpunt,
1435 1664 1528 1717 alii
1564 1663 1873 1717 narcissum
1905 1669 1962 1716 et
1985 1664 2083 1716 flo-

477 1760 666 1808 rentes
695 1769 882 1809 rosas:
915 1753 1008 1807 alii
1039 1753 1326 1824 serpillum
1357 1751 1497 1806 bene
1521 1752 1765 1805 olentem
1783 1756 2073 1821 spargunt,
2094 1739 2141 1796 Β

476 1845 571 1898 isti
601 1844 877 1899 colocasia
904 1849 961 1896 et
1017 1841 1277 1895 mollibus
1315 1840 1452 1894 illud
1502 1839 1764 1893 vacciniis
1795 1838 2070 1908 pingunt:

477 1933 706 2004 quidam
729 1938 785 1986 et
813 1947 1009 1986 suaves
1033 1929 1420 1984 intermiscent
1438 1928 1656 1990 odores,
1676 1927 1929 1980 nonnulli
1945 1943 2074 1980 vero

475 2021 637 2075 salsis
659 2021 1036 2092 lacrymarum
1077 2019 1264 2089 rigant
1315 2015 1559 2070 fontibus
1588 2034 1602 2071 :
1635 2021 1693 2069 et
1729 2031 1831 2085 ego
1859 2014 2076 2068 littera-

473 2121 598 2164 rum
629 2109 992 2181 superintexo
1021 2107 1217 2179 pallas,
1252 2112 1530 2176 quatenus
1579 2104 1679 2158 aevi
1727 2102 2074 2174 temporibus

470 2197 679 2254 futuris
704 2204 960 2252 sanctum
995 2202 1251 2250 servetur
1278 2211 1515 2248 nomen:
1551 2208 1732 2264 neque
1758 2191 1902 2245 enim
1928 2192 2073 2245 fuca-

470 2291 544 2341 ιω
573 2287 711 2341 artis
729 2286 1049 2357 eloquentia
1068 2291 1200 2339 texo
1225 2303 1237 2350 ;
1272 2283 1370 2336 sed
1401 2282 1634 2336 sindone
1674 2281 1881 2335 munda
1914 2281 2070 2350 puri-

470 2375 606 2429 tatis
635 2391 803 2446 opere
824 2374 963 2428 illud
995 2373 1230 2427 involvo.
1285 2371 1548 2441 Alioquin
1605 2370 1652 2424 si
1697 2369 1822 2440 quis
1852 2369 2068 2439 plenius

471 2464 624 2519 hunc
651 2463 832 2518 virum
850 2478 1012 2516 nosse
1024 2461 1500 2530 desiderat,quam
1523 2457 1742 2513 fortiter
1771 2458 1879 2511 fide
1902 2474 2067 2511 mun-

471 2553 606 2607 dum
635 2551 846 2618 vicerit,
877 2552 1028 2621 legat
1056 2551 1194 2606 illud
1248 2549 1342 2604 ubi
1391 2547 1715 2602 inscribitur
1764 2547 1814 2600 ei
1861 2563 2068 2600 nomen

468 2658 694 2709 novum,
727 2645 783 2696 et
805 2657 1010 2696 nomen
1041 2639 1281 2693 civitatis
1309 2654 1462 2692 nova:
1490 2636 1800 2691 Jerusalem
1825 2654 1838 2690 :
1859 2641 1916 2688 et
1945 2651 2071 2689 cum

472 2730 812 2786 intellexerit
839 2729 1040 2801 quibus
1091 2728 1284 2782 civitas
1332 2726 1546 2797 fulgeat
1569 2724 1933 2787 ornamentis,
1967 2723 2072 2777 hoc

464 2821 650 2873 totum
681 2818 762 2872 illi
790 2817 1040 2872 conferat
1071 2836 1082 2871 :
1118 2833 1183 2870 eo
1213 2815 1362 2886 quod
1403 2814 1609 2868 ibidem
1649 2811 2061 2883 quodammodo

464 2906 586 2978 ipse
616 2907 810 2962 civitas
840 2911 898 2960 et
917 2921 1203 2976 possessor
1229 2904 1462 2973 hujusce
1483 2901 1722 2956 civitatis
1752 2918 1785 2954 a
1812 2901 1927 2955 Deo
1948 2917 2063 2954 cre-

465 2995 621 3050 ditur
647 3011 770 3050 esse
797 2995 994 3048 factus.

787 3137 891 3191 Cui
917 3134 1151 3190 succedit
1183 3135 1353 3200 Wala,
1379 3136 1556 3201 frater
1584 3135 1719 3201 ejus.

535 3260 626 3318 86.
651 3260 811 3316 Unde
829 3259 1014 3330 gaude
1044 3265 1101 3314 et
1142 3259 1352 3324 laetare,
1385 3258 1541 3328 virgo
1580 3255 1727 3321 fidei,
1778 3257 1905 3310 felix
1936 3259 2067 3311 Cor-

463 3348 590 3405 beia
641 3367 708 3404 ex
755 3349 986 3420 antiquo
1044 3355 1239 3402 vocata
1269 3359 1281 3394 ε
1313 3347 1447 3417 quia
1493 3347 1749 3400 meruisti
1805 3347 1974 3400 talem
2007 3347 2064 3400 in

465 3439 688 3494 Christo
709 3437 818 3492 frui
840 3445 896 3492 et
915 3437 1198 3508 possidere
1219 3442 1538 3506 patronum.
1563 3436 1762 3499 Qumso
1783 3440 1856 3500 te,
1885 3439 2066 3489 mater

464 3527 755 3598 religionis
783 3526 1012 3597 inclyta.
1035 3525 1370 3596 amplectere
1401 3524 1549 3578 hunc
1580 3524 1776 3589 virum,
1810 3540 1976 3594 quem
1999 3529 2061 3577 tu

462 3617 704 3672 tironem
735 3613 1050 3669 caelestibus
1071 3613 1255 3667 sobrie
1285 3629 1348 3666 ac
1369 3613 1606 3666 discreta
1638 3613 2062 3667 instituistimo—

463 3704 654 3772 ribus;
685 3709 742 3758 et
769 3703 992 3757 imitare
1029 3701 1208 3766 illum,
1254 3701 1350 3772 qui
1393 3707 1450 3754 te
1496 3708 1691 3772 postea
1720 3701 1911 3755 multis
1936 3719 2060 3755 am-

463 3793 660 3865 pliavit
687 3791 1013 3846 honoribus.
1032 3791 1216 3854 Quare
1246 3790 1419 3860 igitur
1435 3807 1671 3844 maerore
1691 3791 2059 3856 consumeris,

465 3881 617 3952 virgo
639 3885 694 3935 et
723 3881 840 3934 ﬁlia
877 3879 1220 3937 Deisummi,
1251 3878 1410 3949 quasi
1440 3895 1553 3932 non
1582 3879 1656 3932 sit
1674 3879 1775 3932 tibi
1808 3880 2063 3933 consilia-

462 3971 623 4026 rius?
643 3971 778 4024 Ecce
791 3970 1023 4022 fratrem
1036 3967 1265 4038 reliquit
1279 3967 1380 4020 tibi
1418 3967 1716 4033 haeredem,
1743 3969 1839 4040 qui
1865 3969 2057 4023 multis

464 4059 647 4113 adhuc
675 4075 775 4129 pro
797 4063 856 4112 te
911 4056 1137 4110 sudabit
1178 4055 1481 4112 laboribus.
1513 4056 1803 4128 Absterge,
1847 4075 2054 4128 quaeso,

462 4148 779 4218 lacrymas:
813 4145 1078 4218 quoniam
1131 4145 1322 4199 mittes
1373 4144 1593 4199 obviam
1641 4146 1708 4200 de
1741 4147 1924 4202 medio
1972 4148 2056 4201 tui

463 4235 636 4291 etiam
663 4235 812 4288 hunc
839 4251 1050 4299 senem,
1085 4250 1213 4288 cum
1244 4233 1514 4288 universae
1550 4241 1829 4290 terrarum
1869 4241 2056 4306 partes

463 4323 720 4378 miserint
750 4322 982 4377 eximios
1001 4338 1250 4392 quosque
1280 4322 1444 4376 viros.
1460 4323 1634 4376 Porro
1657 4323 1835 4378 vicina
1860 4342 2042 4379 mona-

2165 510 2278 557 tem
2316 522 2326 554 :
2353 501 2580 556 attende
2610 507 2669 554 et
2696 501 2852 554 illum
2878 501 2935 553 in
2956 505 3146 553 monte
3157 501 3276 569 jam
3294 501 3536 554 Domino
3559 502 3778 571 palmas

2167 593 2236 646 ad
2269 591 2530 646 sublimia
2557 589 2970 660 porrigentem;
2994 589 3084 641 hic
3114 595 3345 658 pugnat,
3380 589 3478 642 ille
3497 595 3654 655 orat;
3689 591 3776 644 hic

2169 681 2387 734 hostem
2428 677 2649 750 premit,
2684 678 2777 731 ille
2800 677 2991 730 vincit.
3024 678 3134 730 Iste
3154 694 3397 748 namque
3417 685 3524 741 est,
3557 679 3777 732 charis-

2169 770 2312 823 sima
2342 768 2478 821 mihi
2502 774 2701 829 mater,
2729 767 2968 820 fratrum
3005 771 3227 819 amator
3246 773 3303 819 et
3347 767 3544 836 populi
3577 768 3774 820 Israel.

2168 858 2271 911 Hic
2296 857 2391 928 qui
2432 857 2671 910 multum
2701 862 2825 908 orat
2849 871 2948 925 pro
2981 854 3115 918 suis,
3140 855 3414 908 charitate
3443 862 3774 926 perpetuus.

2169 946 2270 1000 Hic
2301 946 2395 1016 qui
2421 945 2591 1015 jugis,
2627 951 2692 998 ut
2720 944 3248 1009 credo,intercessor
3275 943 3383 997 erit
3408 961 3513 1014 pro
3538 944 3776 999 civibus.

2167 1035 2326 1089 Unde
2355 1040 2429 1099 et,
2463 1034 2719 1098 Domine,
2738 1035 2901 1102 juxta
2927 1032 3076 1086 beati
3106 1031 3390 1087 Ambrosii
3423 1034 3783 1104 vocem,quia

2167 1140 2331 1178 nemo
2357 1121 2527 1176 habet
2557 1122 2705 1192 quod
2735 1122 2860 1175 aliis
2889 1121 3013 1191 plus
3044 1121 3278 1185 deferat,
3309 1139 3481 1192 quam
3514 1123 3672 1192 quod
3701 1124 3780 1176 si-

2165 1211 2222 1265 bi
2253 1217 2442 1283 optat;
2477 1227 2588 1264 non
2616 1228 2717 1264 nos
2733 1210 2802 1263 ab
2827 1211 2922 1264 illo
2944 1216 3071 1280 post
3088 1216 3326 1264 mortem
3347 1227 3778 1281 separes,quem

2166 1301 2224 1356 in
2253 1301 2357 1354 hac
2381 1301 2493 1354 vita
2520 1299 2912 1353 charissimum
2944 1299 3222 1353 sensimus
3247 1317 3258 1351 :
3307 1299 3406 1352 sed
3457 1299 3557 1352 ubi
3584 1316 3646 1352 es
3676 1316 3779 1353 nos

2165 1389 2335 1443 facias
2366 1406 2488 1442 esse
2518 1389 2688 1442 simul
2708 1405 2836 1442 cum
2867 1388 2981 1449 illo,
3014 1392 3079 1440 ut
3106 1388 3192 1440 vel
3231 1387 3312 1440 sic
3344 1389 3469 1457 ejus
3500 1395 3778 1459 perpetua

2164 1478 2376 1531 visione
2406 1478 2552 1548 apud
2584 1483 2639 1530 te
2668 1476 2925 1531 fruamur
2967 1475 3026 1529 in
3056 1476 3299 1541 Christo,
3333 1493 3503 1546 quem
3545 1485 3780 1547 propter
3855 1486 3862 1491 ’

2163 1572 2220 1620 te
2251 1567 2304 1619 in
2333 1567 2434 1619 hac
2459 1566 2572 1619 vita
2599 1565 2988 1618 charissimum
3019 1563 3313 1619 dileximus
3341 1564 3524 1631 valde,
3546 1581 3701 1618 nunc
3719 1565 3778 1618 in

2164 1655 2371 1710 Christi
2401 1672 2533 1725 pace
2564 1655 2864 1724 sepultum.

2608 1779 2924 1834 Adalhardi
2943 1778 3308 1847 epitaphium.

2229 1881 2322 1940 87.
2357 1886 2586 1956 Sepulta
2607 1891 2739 1938 sunt
2767 1890 2958 1937 autem
2985 1883 3248 1937 decenter
3278 1883 3540 1937 membra
3565 1885 3773 1938 charis-

2157 1973 2284 2026 simi
2321 1976 2470 2027 senis
2520 1974 2579 2027 in
2611 1973 2840 2026 basilica
2890 1972 3040 2026 beati
3092 1973 3244 2026 Petri
3275 1973 3520 2042 apostoli
3547 1973 3655 2027 sub
3687 1974 3770 2027 fa-

2157 2061 2323 2132 stigio
2349 2061 2500 2116 inter
2526 2062 2777 2131 ejusdem
2825 2061 3173 2115 medioximze
3235 2068 3481 2131 quatuor
3519 2062 3768 2116 ecclesia:

2155 2156 2347 2203 centra
2373 2163 2416 2214 α,
2442 2156 2626 2204 tectus
2653 2150 2827 2221 polito
2854 2150 3039 2220 lapide
3070 2171 3082 2204 :
3135 2166 3307 2220 super
3343 2166 3518 2220 quem
3551 2151 3764 2204 octonis

2154 2239 2436 2309 sculptum
2463 2238 2714 2293 versibus
2743 2239 2940 2294 musici
2970 2239 3236 2293 carminis
3255 2239 3464 2293 haustu
3493 2240 3668 2309 digne
3695 2241 3767 2293 le-

2150 2327 2340 2398 gitur:

2277 2441 2363 2489 Hic
2380 2441 2503 2503 jacet
2530 2443 2737 2491 eximius
2762 2441 2949 2490 meritis
2975 2441 3259 2490 venerabilis
3289 2442 3426 2501 abba,

2337 2503 2507 2552 Noster
2536 2505 2838 2553 Adalhardus
2863 2505 3036 2562 dignus
3068 2505 3244 2551 honore
3270 2517 3431 2551 senex.

2281 2565 2427 2628 Regia
2454 2568 2714 2628 prosapies.
2746 2566 2949 2628 paradisi
2977 2564 3083 2628 jure
3109 2567 3308 2612 colonus
3335 2579 3347 2628 :_

2345 2625 2429 2674 Vir
2452 2625 2684 2676 charitale
2709 2625 2898 2688 probus.
2925 2625 3139 2690 maribus
3165 2633 3305 2690 atque
3334 2625 3443 2673 ﬁde.

2280 2688 2428 2747 Quem
2453 2691 2568 2737 dum
2597 2689 2682 2736 sub
2709 2691 2892 2736 tumulo
2917 2688 3086 2750 recolis
3113 2694 3164 2736 tu
3191 2688 3395 2750 quisque
3421 2689 3601 2745 viator,

2340 2751 2487 2798 Cerne
2517 2751 2628 2812 quid
2656 2765 2726 2805 es,
2751 2749 3164 2815 guid_eris._mors
3191 2749 3500 2815 quia‘cuncta
3530 2753 3672 2815 rapit.

2268 2811 2383 2860 Nam
2415 2818 2519 2874 post
2532 2811 2730 2860 octavas
2751 2811 2944 2860 Domini
2971 2812 3052 2874 hic
3075 2811 3217 2859 carne
3242 2813 3451 2869 solutus,

2330 2873 2614 2922 Suecedentc
2635 2874 2711 2922 ilic
2737 2880 2861 2921 astra
2887 2873 3052 2935 petivit
3080 2887 3244 2922 ovans.

2276 2991 2484 3044 Medius
2515 2993 2661 3044 inter
2683 2995 2924 3058 quatuor
2951 2991 3167 3043 abbates
3199 2990 3431 3044 Corbeiat
3451 2994 3625 3059 jacet.

2085 3092 2128 3150 C
2217 3094 2307 3151 88.
2342 3097 2411 3150 Et
2438 3102 2571 3151 sunt
2598 3095 2804 3150 ibidem
2852 3095 3172 3166 perhumati
3216 3102 3463 3166 quatuor
3511 3098 3749 3153 circum-

2151 3201 2372 3256 quaque
2393 3185 2694 3239 venerandi
2716 3185 2836 3250 viri,
2858 3185 2953 3255 qui
2976 3185 3199 3238 fuerant
3218 3201 3330 3238 uno
3353 3187 3614 3255 ejusdem
3635 3189 3750 3242 ofﬁ-

2149 3273 2232 3326 cio
2255 3273 2542 3327 servitutis
2563 3291 2595 3326 a
2610 3273 2850 3327 Domino
2877 3273 3170 3343 propagati
3195 3295 3207 3330 :
3239 3274 3389 3343 quod
3409 3274 3624 3329 factum
3646 3294 3747 3330 non

2148 3378 2280 3415 casu
2307 3362 2607 3432 contigisse
2638 3367 2793 3432 puto,
2812 3361 2907 3415 sed
2936 3367 3000 3415 ut
3027 3377 3267 3431 quorum
3293 3379 3409 3416 una
3437 3363 3500 3417 in
3532 3365 3748 3421 Christo

2146 3450 2252 3504 fuit
2283 3450 2484 3504 militia
2522 3456 2650 3521 post
2673 3451 2866 3505 Jesum
2898 3467 3118 3504 crucem
3144 3449 3445 3505 sublimius
3477 3454 3676 3508 eodem
3698 3458 3746 3510 in

2144 3538 2264 3593 loco
2290 3539 2435 3593 ferre
2458 3539 2764 3610 propriam,
2794 3553 2941 3593 unus
2968 3544 3116 3592 esset
3145 3543 3202 3591 et
3236 3540 3548 3608 sepultura:
3579 3542 3744 3595 locus.

2144 3628 2238 3700 qui
2265 3645 2330 3681 eo
2355 3629 2632 3682 duntaxat
2659 3629 2970 3682 secundum
3019 3627 3452 3681 similitudinem
3498 3631 3742 3700 ejusdem

2143 3717 2321 3770 crucis
2351 3717 2625 3785 insignius
2656 3717 2978 3771 cohaereret.
3013 3716 3267 3780 Quorum
3317 3717 3546 3771 medius
3587 3735 3745 3772 sene!

2145 3812 2336 3861 noster
2361 3806 2626 3864 cernitur,
2661 3823 2829 3877 super
2849 3821 3015 3876 quem
3045 3805 3206 3875 signa
3226 3804 3252 3842 δ
3274 3803 3345 3857 ad
3380 3805 3551 3859 horas
3583 3807 3742 3861 divini

2143 3891 2311 3946 officii
2340 3894 2638 3963 pulsantur
2663 3917 2675 3950 :
2704 3901 2768 3948 ut
2797 3911 2863 3948 ex
2895 3895 2996 3948 hoc
3016 3894 3227 3947 clareat
3247 3895 3409 3963 juxta
3442 3896 3597 3965 quod
3627 3913 3743 3966 pro-

2139 3981 2354 4035 venisse
2381 3982 2644 4049 creditur,
2681 3973 2812 4053 quia
2852 3983 3022 4036 fuerit
3053 3983 3246 4052 lingua
3274 3983 3398 4052 ejus
3429 3984 3740 4053 cymbalum

2140 4069 2317 4123 sancti
2350 4070 2611 4141 Spiritus,
2631 4077 2688 4124 et
2718 4070 3099 4124 invitatorium
3122 4069 3192 4122 ad
3212 4069 3385 4123 divini
3415 4073 3610 4141 operis
3629 4073 3738 4126 oili-

2139 4158 2285 4211 cium
2317 4157 2524 4212 ibidem
2553 4159 2892 4213 dedicatum.
2911 4159 3069 4213 Unde
3090 4164 3148 4212 et
3169 4159 3355 4212 octoni
3378 4160 3735 4231 versus,un

2139 4252 2264 4317 post
2285 4252 2506 4301 octavas
2536 4247 2759 4301 Domini
2816 4246 3037 4312 obierit,
3078 4248 3420 4301 titulantur:
3468 4256 3734 4319 quatenus

2143 4340 2492 4388 monstretur
2523 4351 2650 4388 eum
2708 4351 2874 4405 opere
2929 4341 3335 4398 consummato,
3368 4351 3484 4404 quo
3533 4336 3731 4389 dudum

462 4412 636 4468 steria
656 4428 780 4467 cum
812 4410 1089 4475 dederint,
1112 4409 1366 4464 videlicet
1405 4411 1710 4465 Vedastum
1732 4413 1972 4484 Atrapis,
2005 4419 2061 4467 et
2081 4404 2338 4476 Domnes
2367 4422 2719 4489 imum-emt,
2745 4404 2824 4475 73d
2853 4427 3103 4476 octavam
3134 4421 3378 4484 Domini,
3414 4423 3576 4477 ηυιιο
3604 4425 3732 4477 “ne.

463 4502 764 4556 Centulum
776 4498 1188 4556 sanctissimum
1209 4498 1616 4565 Richarium,et
1625 4500 2058 4574 circumquaque

462 4590 608 4644 viros
649 4590 921 4662 religione
951 4587 1136 4643 nobile
1161 4607 1173 4656 ;
1207 4587 1364 4642 dabis
1385 4588 1616 4642 fortisan
1649 4595 1705 4643 et
1731 4595 1792 4644 tu
1814 4608 1926 4644 non
1957 4592 2056 4645 im-

461 4679 585 4748 pari
604 4685 731 4733 voto
760 4679 941 4733 virum
966 4679 1082 4733 Deo
1095 4677 1495 4748 dignissimum
1517 4697 1529 4745 ;
1551 4695 1732 4749 neque
1754 4679 2052 4735 infecunda

460 4770 594 4819 tunc
617 4766 746 4830 eris,
775 4783 903 4820 cum
934 4766 1081 4820 inter
1109 4765 1354 4836 reliquos
1384 4765 1555 4820 istum
1608 4767 1777 4821 etiam
1812 4769 2051 4823 Domino

461 4853 532 4908 de
574 4857 738 4907 terrae
793 4854 1018 4924 pulvere
1055 4854 1352 4925 generabis
1397 4875 1409 4910 :
1450 4855 1562 4909 imo
1615 4855 1934 4912 laetabunda
1995 4864 2054 4912 et

458 4940 712 5012 gaudens
737 4940 1007 4994 veniendo
1037 4944 1223 4998 venies
1251 4944 1452 4997 saltem
1491 4961 1700 5015 paucos
1728 4945 1911 5000 ferens
1940 4963 2056 5002 ma-

460 5029 934 5104 nipulos.ldcirco
975 5031 1286 5086 confortare
1317 5039 1373 5087 et
1403 5031 1685 5089 robustius
1716 5051 1837 5106 age,
1880 5035 2056 5090 donec

457 5119 726 5177 Amalech
750 5117 994 5173 occurrit
1021 5118 1079 5172 in
1107 5120 1215 5184 via,
1247 5121 1511 5192 quoniam
1562 5123 1706 5177 alter
1745 5125 1912 5179 Josue
1932 5126 2053 5195 jam

458 5217 646 5266 tecum
675 5209 787 5265 dux
816 5211 871 5262 et
897 5207 1133 5279 praevius
1155 5209 1364 5264 virtute
1409 5218 1624 5282 pugnat
1647 5212 1704 5266 in
1729 5213 1865 5268 acie.
1896 5214 2050 5269 Fulci

524 5377 544 5400 ⁸
573 5371 753 5436 Vulgo
789 5373 1012 5434 cintres,
1030 5367 1088 5424 id
1112 5373 1215 5436 est,
1249 5385 1379 5425 axes
1421 5371 1688 5430 fornicem
1717 5380 2043 5432 sustentan-

453 5448 560 5523 tes,
582 5447 655 5523 _ut_
666 5439 879 5523 dictum
908 5439 1198 5523 inprima
1235 5447 1413 5523 parte.
1433 5446 1616 5523 saeculi
1643 5449 1893 5523 secundi.
1936 5449 2044 5512 Qui

2140 4525 2331 4562 rarum
2361 4510 2658 4564 imminuto
2687 4527 2941 4576 numero,
2975 4511 3211 4565 feliciter
3238 4513 3587 4581 pervenisse.

2213 4598 2481 4667 Sequitur
2529 4599 2746 4654 ECLOGA
2795 4614 3020 4654 nunc.“
3062 4600 3596 4662 Ssxcrmomsmnzu.
3634 4617 3727 4654 uno

2135 4685 2338 4740 favoris
2352 4687 2577 4757 planctu
2591 4689 2895 4760 complosa,
2912 4706 3052 4760 quas
3074 4687 3221 4741 idem
3255 4687 3411 4741 velut
3433 4705 3611 4743 unam
3639 4690 3727 4744 sibi

2132 4773 2191 4827 in
2210 4776 2332 4844 conj
2342 4776 2534 4844 ugium
2549 4777 2664 4831 vice
2684 4777 2891 4831 Christi
2909 4777 3210 4832 Ecclesiam
3231 4777 3311 4846 (id
3340 4781 3420 4829 est
3445 4778 3725 4832 Corbeiam

2135 4863 2342 4929 Galliae)
2366 4865 2678 4932 enutrisse;
2735 4866 2904 4920 aliam
2930 4865 3249 4935 (Corbeiam
3299 4865 3582 4935 Saxonize)
3616 4884 3724 4921 vero

2137 4968 2203 5006 ex
2231 4952 2426 5006 eadem
2451 4955 2756 5009 secundum
2785 4955 3154 5009 monasticam
3208 4953 3574 5024 disciplinam
3601 4958 3724 5010 miro

2136 5038 2432 5094 libramine
2478 5042 2783 5097 admodum
2809 5043 3072 5114 genuisse
3127 5047 3450 5113 peroratur.
3488 5044 3722 5107 Quarum

2137 5145 2359 5200 quoque
2389 5147 2560 5184 unam
2589 5138 2818 5204 propter
2845 5132 3146 5186 candorem
3176 5131 3365 5184 vultus
3398 5130 3723 5186 Galatheam

2135 5218 2338 5284 vocari,
2367 5235 2532 5290 porro
2552 5221 2720 5276 aliam
2741 5227 2973 5294 propter
2989 5236 3242 5276 amorem
3274 5219 3576 5276 charitatis
3607 5223 3722 5276 Phi«

2201 5376 2227 5420 δ
2250 5379 2318 5434 Et
2345 5379 2569 5452 quidem
2589 5387 2716 5436 ante
2735 5382 2975 5450 gradum
3025 5384 3257 5437 cancelli
3283 5381 3640 5446 inferiorem.
3667 5389 3719 5435 ut

2126 5457 2286 5504 notat
2311 5453 2365 5505 S.
2393 5453 2676 5507 Gerardus
2696 5454 2754 5507 in
2777 5453 3110 5508 Praefatione
3139 5452 3266 5505 libri
3297 5452 3712 5508 miraculorum.

453 5512 665 5566 fuerint
680 5511 1019 5595 quatuor‘illi
1039 5511 1535 5595 abbatesgorbeiae
1556 5516 1798 5576 Gallicae.
1823 5519 1882 5573 in
1911 5511 2047 5590 quo-
2125 5521 2230 5595 hoc
2248 5529 2333 5576 est
2359 5524 2429 5595 ad
2454 5524 2729 5595 cancellos
2758 5525 2855 5595 qui
2875 5523 3214 5595 separabant
3240 5523 3658 5594 presbyterium
3687 5538 3712 5575 ε

451 5598 578 5638 rum
597 5583 763 5640 modo
783 5583 1034 5656 sepultus
1054 5588 1140 5639 est
1156 5583 1528 5652 Adalhardus,
1553 5601 1666 5642 non
1696 5583 1933 5644 constatl

2127 5593 2294 5648 choro
2319 5594 2583 5650 ecclesize.
