4000 6170
311 263 446 322 1553

1489 263 1580 316 DE
1622 263 1791 318 VlTA
1834 266 1888 319 S.
1931 266 2370 323 ADAIHARDI.

3439 254 3578 313 ’1554

303 389 433 444 lidis
474 388 700 443 nomine
727 401 1082 442 consecrasse
1128 391 1383 442 taxatum
1422 387 1491 444 iri
1521 403 1634 444 non
1661 386 1903 458 ambigi-
1919 393 1968 454 Α
1990 391 2058 445 Et
2085 390 2268 445 cultus
2297 389 2412 443 fani
2438 391 2615 443 totam
2645 386 2946 440 foedaverat
2967 397 3176 452 arvam;

304 483 425 536 tur.

945 579 1239 623 GALATHEA
1249 606 1261 619 .

301 657 579 726 Plangite,
613 673 819 728 quaeso,
853 655 978 720 viri,
1012 672 1232 710 mecum
1258 655 1347 726 pie
1377 656 1626 726 plangite
1650 657 1898 724 Patrem,

303 746 500 802 Omnis
526 752 586 800 et
610 747 875 818 imploret
894 745 1113 800 veniam
1141 745 1455 816 provectior
1476 750 1630 800 aetas.

304 835 562 906 Spargite
590 836 828 890 humum
847 834 1130 906 lacrymis,
1153 834 1472 905 componite
1491 833 1722 889 ﬂoribus
1740 850 1899 888 arva:

299 923 486 979 Patris
513 925 586 978 ad
607 923 864 979 excubias
886 924 1014 977 hinc
1035 923 1259 977 fletibus
1288 923 1478 977 omnia
1502 923 1724 978 sudent.

303 1012 499 1067 Ofﬁcio
529 1013 735 1083 linguae
763 1014 1006 1084 prodant
1025 1013 1104 1066 sic
1123 1012 1293 1066 corda
1317 1012 1556 1082 vagitus,

299 1101 375 1155 Ut
402 1101 609 1172 passim
637 1107 905 1156 resonent
931 1102 1100 1156 etiam
1131 1100 1299 1154 simul
1318 1105 1471 1154 astra
1495 1101 1792 1170 mugitum.

299 1191 533 1244 Rustica
561 1190 914 1244 concelebret
937 1190 1190 1244 Romana
1212 1190 1525 1261 Latinaque
1543 1192 1755 1264 lingua,

302 1280 444 1334 Saxo
478 1295 587 1349 quo
619 1279 738 1348 [al.,
774 1279 869 1348 qui
898 1295 974 1332 an
1005 1277 1246 1348 quoque]
1269 1279 1484 1349 pariter
1499 1280 1898 1356 plangens,pro

1351 1368 1621 1440 [carmine
1642 1372 1792 1427 dicat
1813 1395 1824 1427 :

299 1457 514 1511 Vertite
543 1456 652 1510 huc
681 1455 867 1510 cuncti
893 1455 1094 1510 cecinit
1123 1473 1292 1528 quam
1315 1458 1592 1513 maximus
1616 1460 1727 1527 ille,

298 1546 371 1600 Et
400 1546 680 1600 tumulum
701 1545 885 1609 facite,
920 1550 978 1599 et
1001 1546 1220 1599 tumulo
1247 1547 1607 1616 superaddite
1649 1565 1902 1623 carmen,

298 1632 550 1689 Membra
578 1632 742 1686 beata
766 1633 916 1686 senis
945 1633 1147 1686 celebri
1168 1634 1418 1688 conferre
1443 1635 1658 1705 locello,

299 1722 406 1784 Qui
436 1721 595 1775 nobis
625 1723 844 1776 studuit
861 1738 1032 1775 venas
1060 1723 1281 1793 aperire
1311 1724 1576 1778 calentes.

297 1810 480 1880 Hujus
508 1811 577 1864 ad
608 1811 898 1882 exsequias
935 1811 1136 1878 clerus,
1163 1813 1456 1867 commista
1484 1820 1708 1869 caterva

297 1898 539 1952 Vocibus
567 1900 799 1952 alternis
825 1899 1011 1953 divina
1031 1907 1293 1970 poemata
1315 1909 1547 1956 narrent

297 1985 578 2053 Pastores,
611 1987 780 2042 fuerit
810 1989 958 2059 quod
987 2005 1224 2058 magnus
1255 1989 1510 2044 versibus
1538 1991 1724 2058 edent,

295 2074 546 2129 Formosi
575 2077 792 2146 pecoris
817 2082 1006 2130 custos
1037 2076 1336 2130 formosior
1354 2078 1488 2146 ipse.

293 2163 506 2234 Vulgus
536 2169 592 2217 et
616 2181 646 2217 e
671 2170 866 2218 contra
884 2170 1126 2217 resonet.
1154 2165 1303 2218 Deus
1329 2166 1475 2218 alme
1499 2172 1738 2235 creator,

292 2250 376 2304 Da
397 2251 616 2304 veniam
646 2252 880 2320 famulo,
907 2252 1153 2323 paradisi
1184 2269 1358 2323 regna
1387 2271 1701 2325 precamur,

293 2339 361 2392 Et
390 2339 661 2409 petimus.
689 2339 954 2394 Miserere
989 2340 1160 2405 senis,
1186 2341 1454 2396 miserere
1484 2349 1730 2410 tuorum,

290 2428 373 2480 Tu
402 2444 574 2497 quam
604 2428 806 2498 dignus
835 2435 953 2482 erat
983 2429 1238 2483 misereri
1261 2430 1501 2502 denique
1524 2434 1690 2486 nosti.

291 2513 433 2568 Hinc
470 2531 604 2586 rogo
643 2515 827 2570 cordis
869 2503 1160 2588 amorque,
1202 2518 1379 2585 dolor,
1419 2521 1775 2592 gemitusque
1805 2539 1894 2576 re-

1605 2610 1816 2680 [sultet,

297 2692 440 2745 Hinc
471 2692 632 2763 pueri
653 2693 876 2760 virtute,
908 2709 1070 2748 senes
1097 2695 1167 2749 de
1193 2696 1417 2750 nomine
1446 2705 1702 2756 ccrnent.

989 2797 1192 2839 PHILlS.

360 2870 516 2942 Quis,
549 2888 702 2943 rogo,
736 2888 848 2927 non
874 2873 1107 2947 plangat
1129 2874 1416 2929 hominem
1446 2893 1620 2948 super
1641 2883 1795 2932 astra
1814 2878 1892 2932 le-

1548 2967 1780 3037 [vatum.

293 3054 356 3106 In
387 3052 604 3106 cineres
634 3052 830 3123 redigi,
858 3069 1026 3123 quam
1054 3053 1195 3107 duro
1226 3070 1508 3109 marmore
1535 3055 1694 3125 tegi?

290 3141 462 3211 Cujus
495 3141 553 3194 in
579 3140 711 3195 orbe
736 3143 885 3196 volat
911 3143 1186 3196 virtutum
1215 3143 1366 3197 fama
1391 3161 1495 3214 per
1524 3161 1738 3211 omnes,

289 3230 582 3301 Prosapies
603 3232 987 3300 Augustorum
1020 3237 1105 3285 est
1129 3231 1276 3300 quod
1306 3232 1588 3286 vermibus
1617 3250 1762 3288 esca.

286 3319 410 3372 Heu
437 3319 568 3390 quid
600 3319 730 3373 huic
759 3319 993 3374 facimus
1026 3320 1215 3373 miseri
1242 3321 1347 3374 sub
1377 3328 1556 3376 morte
1588 3323 1782 3376 locati!

287 3407 600 3474 Ploramus,
635 3408 947 3477 gemimus;
979 3409 1076 3462 sed
1099 3425 1199 3462 uec
1219 3425 1482 3464 revocare
1509 3411 1776 3466 valemus.

289 3493 439 3564 Ergo
462 3500 685 3549 vocatus
714 3495 890 3561 abest,
921 3496 1019 3550 sed
1050 3513 1154 3550 nec
1180 3497 1406 3551 exaudit
1433 3504 1708 3552 amantes.

282 3584 518 3638 Pectora
545 3589 906 3655 rumpuntur,
931 3585 1251 3640 lacerantur
1277 3586 1492 3641 viscera
1518 3588 1671 3642 luctu
1703 3611 1714 3644 :

284 3673 384 3727 Ille
410 3689 511 3726 nec
540 3673 767 3728 exaudit
794 3673 1098 3745 lacrymas,
1126 3691 1228 3729 nec
1257 3675 1459 3728 threna
1489 3677 1798 3731 dolentum.

285 3763 354 3817 Et
381 3763 515 3833 quia
543 3768 893 3834 torquemur,
919 3763 1252 3831 laceramur,
1287 3765 1473 3830 corde,
1505 3767 1790 3834 tumultu;

285 3853 491 3906 Luctus
529 3852 689 3905 adest
717 3852 940 3918 animis,
972 3869 1075 3906 nec
1104 3869 1255 3906 mors
1287 3854 1616 3908 surdissima
1637 3860 1819 3911 curat.

285 3940 613 3994 Pulveream
633 3957 921 3995 servamus
942 3941 1072 3994 huic
1094 3941 1163 3995 de
1195 3958 1426 4013 corpore
1453 3943 1676 4013 glebam
1699 3963 1712 4010 ;

284 4029 484 4083 Clarus
513 4034 574 4082 at
599 4029 693 4082 ille
722 4029 890 4082 choro
917 4029 1140 4083 letatur
1169 4031 1238 4083 ad
1261 4037 1414 4084 astra
1445 4032 1676 4086 relatus.

282 4117 444 4181 Unde
463 4117 627 4170 velim
655 4117 858 4171 virtute
888 4117 1010 4183 viri,
1047 4118 1340 4189 puerique,
1369 4121 1586 4190 puellae,

282 4206 542 4276 Plangite
572 4207 736 4259 corde
766 4206 876 4276 pio,
902 4207 1078 4260 salsos
1099 4207 1388 4277 producite
1415 4209 1596 4263 fontes
1619 4227 1630 4262 :

281 4295 358 4349 Ut
385 4295 518 4365 quia
547 4295 726 4349 tristis
755 4297 911 4365 origo
934 4295 1088 4351 dedit
1118 4296 1268 4366 quod
1297 4297 1544 4368 patimur
1570 4316 1782 4367 omnes,

281 4386 466 4454 Atque
499 4400 610 4438 una
637 4400 700 4437 ex
729 4384 961 4454 antiquo
977 4390 1063 4438 est
1089 4385 1203 4438 haec
1229 4393 1435 4440 natura
1464 4387 1733 4457 priorum,

281 4471 405 4526 Una
427 4471 501 4525 sit
524 4477 581 4525 et
607 4471 822 4525 cunctis
851 4474 1021 4525 etiam
1049 4474 1360 4545 compassio
1386 4475 1591 4530 mentis
1617 4495 1629 4544 ;

279 4560 557 4615 Mrestitiae
578 4561 760 4625 ﬂetus,
794 4561 1053 4632 lacrymae
1083 4563 1252 4616 simul
1280 4564 1489 4618 aethera
1515 4565 1760 4635 pulsent.

281 4648 425 4702 Hinc
443 4649 574 4703 inde
605 4665 748 4703 unus
766 4649 824 4703 in
855 4666 955 4703 ora
982 4651 1122 4704 fluat
1151 4652 1316 4705 fletus
1348 4653 1772 4708 monachorum.

917 4752 1142 4792 GALATH
1151 4754 1218 4794 ΒΑ
1227 4780 1238 4792 .

353 4824 464 4879 Oro
497 4841 688 4879 senem
708 4827 896 4880 senior
920 4828 1141 4881 tumulo
1171 4827 1406 4883 Corbeia
1432 4831 1662 4884 condas.

279 4914 455 4967 Porro
475 4913 660 4967 minor
689 4931 811 4984 ego,
842 4932 970 4969 mox
999 4916 1099 4970 tali
1119 4917 1349 4971 viduata
1370 4923 1627 4988 patrono,

279 5001 521 5056 Vocibus
548 5003 778 5056 alternis
795 5005 1070 5073 gemitum
1101 5022 1202 5076 pro
1226 5006 1472 5061 carmine
1495 5008 1697 5062 dicam.

281 5091 461 5155 Quam
490 5092 702 5146 dudum
731 5109 1007 5162 generans
1039 5093 1255 5149 felicem
1283 5101 1480 5161 mater,
1509 5095 1578 5150 ab
1603 5113 1715 5151 uno

279 5180 472 5251 Atque
500 5186 597 5235 tuo
621 5181 868 5235 vocitans
888 5182 1108 5252 pridem
1140 5183 1210 5236 de
1241 5184 1468 5238 nomine
1488 5185 1643 5240 faris.

281 5267 328 5323 Ο
355 5267 597 5323 formosa
622 5286 725 5340 ego
753 5274 817 5323 tu
834 5270 972 5324 mihi
1002 5288 1151 5325 nunc
1177 5272 1287 5326 eris
1306 5274 1450 5326 alter
1479 5274 1538 5327 in
1567 5291 1765 5340 aevum,

281 5357 462 5422 Quam
482 5357 736 5412 fundavit
761 5375 932 5413 ovans
963 5361 1222 5415 manibus
1250 5367 1339 5415 ter
1359 5362 1452 5416 ille
1484 5362 1699 5429 beatus,

280 5445 452 5500 Plura
470 5447 773 5502 salutiferis
801 5447 1054 5503 tribuens
1075 5451 1301 5505 oracula
1329 5450 1528 5506 verbis.

282 5535 428 5589 Nam
456 5552 566 5606 quo
593 5536 671 5591 sic
699 5537 919 5593 daemon
947 5537 1208 5594 saeviebat
1234 5539 1431 5610 iniqua
1449 5547 1716 5611 potestas,

1986 480 2167 534 Vertit
2194 496 2322 533 aras
2342 477 2640 550 pecudum,
2664 475 2906 530 sacravit
2931 475 3093 529 ovilia
3121 471 3350 528 Christi.

1986 568 2262 622 Funditus
2292 567 2421 620 inde
2451 565 2643 636 procul
2670 565 2782 618 luci
2806 564 2992 618 radice
3015 562 3211 628 recisa,

1987 657 2190 712 Sancta
2219 656 2421 710 locavit
2447 654 2736 708 monachis
2763 651 3015 708 cmnobia
3036 652 3223 723 plena.

2692 756 2865 798 PHILIS
2874 783 2885 796 .

2057 835 2104 890 Ο
2131 835 2262 888 felix
2285 832 2555 888 nimium!
2581 849 2720 902 quos
2732 847 2902 902 cogor
2927 831 3072 886 inire
3099 831 3320 885 dolores
3353 847 3366 882 :

1987 925 2218 978 Munere
2239 922 2424 977 divino
2449 921 2702 992 quamvis
2731 921 3090 975 cumulentur
3121 919 3330 990 opima.

1986 1010 2362 1066 Ambianense
2386 1011 2542 1082 prius
2572 1011 2666 1081 qui
2697 1011 2832 1064 dam
2863 1010 3136 1064 meruisse
3165 1007 3370 1062 videris

1987 1099 2222 1154 Corbeio
2253 1117 2488 1172 praeesse
2512 1099 2690 1171 gregi,
2719 1098 3072 1154 sanctissime
3095 1103 3315 1169 pastor;

1984 1190 2062 1242 Te
2088 1190 2313 1242 Patrem
2343 1206 2464 1242 esse
2483 1190 2638 1242 novit
2665 1188 2835 1242 etiam
2857 1187 3126 1242 Saxonica
3154 1185 3356 1257 cespis,

1985 1277 2057 1331 Ut
2083 1279 2382 1332 commissa
2411 1279 2526 1332 Deo
2547 1277 2831 1348 duplicata
2850 1277 3063 1331 talenta
3084 1280 3360 1347 reportes.

2053 1366 2161 1420 Sed
2191 1373 2274 1432 tu,
2299 1383 2449 1420 mors
2475 1365 2752 1431 malefida,
2787 1365 3014 1419 venenis
3045 1381 3276 1436 parcere
3301 1365 3485 1418 nescis

1985 1454 2095 1508 Ulli
2123 1455 2224 1525 Ἠ..
2270 1455 2398 1525 illi,]
2427 1471 2539 1525 .nec
2584 1453 2745 1508 nobis
2791 1472 2802 1506 :
2849 1470 2953 1508 nec
2990 1459 3054 1509 tu
3084 1469 3308 1525 quoque
3339 1468 3579 1508 munera

3333 1541 3544 1616 [curas.

1983 1631 2178 1687 Nescis
2202 1648 2394 1686 amare
2421 1631 2586 1698 viros.
2619 1631 2799 1685 nescis
2828 1647 3050 1684 servare
3076 1635 3366 1700 patronos.

1915 1743 1965 1803 Β
1985 1719 2256 1774 Omnibus
2285 1737 2400 1773 una
2427 1735 2620 1773 manes
2649 1735 2769 1773 sors
2793 1717 3170 1773 irrevocabilis
3195 1718 3368 1784 horae,

1983 1809 2115 1872 Quae
2140 1807 2300 1862 nobis
2329 1809 2555 1878 stimplo
2585 1807 2822 1878 rapuisti
2850 1813 3030 1861 morte
3059 1806 3292 1860 beatum

1980 1897 2167 1964 Illum,
2199 1914 2364 1967 quem
2397 1896 2611 1968 pariter
2631 1896 2937 1966 querelosis
2966 1894 3191 1949 vocibus
3222 1911 3416 1950 omnes

1979 1986 2305 2056 Plangimus
2335 2003 2399 2040 ac
2426 1985 2723 2056 gemimus,
2745 1985 2965 2050 ﬂemus,
2998 1984 3394 2055 lacrymamus,
3427 1999 3580 2037 ama-

3333 2071 3504 2145 [mus

1981 2163 2092 2218 Sed
2123 2165 2304 2218 nescis
2324 2163 2531 2217 misera
2560 2163 2781 2217 miseris
2801 2163 3076 2217 miserans
3106 2161 3383 2216 misereri.

1976 2252 2127 2305 Proh
2154 2252 2314 2306 dolor
2337 2253 2349 2305 !
2382 2269 2507 2307 ecce
2526 2252 2706 2306 trahis
2726 2268 2920 2306 omnes
2941 2251 3020 2304 sic
3048 2249 3236 2304 invida
3264 2254 3470 2316 tecum,

1975 2340 2051 2394 Ut
2082 2341 2350 2412 quidquid
2373 2342 2493 2412 jam
2520 2341 2756 2394 viximus
2778 2341 3068 2406 hactenus,
3093 2339 3284 2393 omnia
3311 2337 3529 2393 sorbas.

2617 2443 2931 2486 GALATHEA.

2047 2519 2192 2572 Tum
2226 2519 2541 2572 veneranda
2567 2535 2728 2572 soror
2752 2525 3008 2572 nostrum
3036 2517 3369 2589 parvissima
3395 2516 3536 2571 dixit
3560 2534 3573 2569 :

1981 2606 2026 2660 Ο
2056 2605 2227 2660 verbo
2254 2622 2423 2676 quam
2443 2606 2596 2660 mitis
2622 2612 2746 2661 erat
2769 2607 3123 2676 blandusque
3151 2608 3442 2678 magister,

1976 2694 2091 2748 Cur
2115 2711 2218 2748 nos
2244 2699 2362 2748 tam
2391 2695 2575 2749 subito
2603 2696 2816 2766 liquisti
2844 2696 3004 2750 valde
3027 2696 3281 2750 tenellos.

1976 2783 2060 2837 Tu
2081 2783 2361 2854 siquidem
2392 2785 2628 2838 moreris
2659 2802 2884 2856 semper
2910 2802 3013 2856 per
3039 2785 3241 2839 saecula
3270 2784 3420 2839 felix.

1975 2873 2084 2926 Sed
2118 2889 2220 2942 ego
2251 2873 2405 2944 virgo
2435 2873 2608 2941 ferox,
2641 2875 2833 2929 multis
2863 2874 3175 2944 sanguinea
3195 2873 3380 2939 bellis,

1973 2961 2268 3016 Imbrifero
2297 2968 2425 3033 post
2446 2968 2504 3017 te
2533 2963 2911 3034 lacrymarum
2938 2963 3092 3017 fonte
3123 2963 3402 3029 madesco,

1973 3051 2159 3120 Atque
2184 3050 2288 3104 sub
2313 3050 2528 3120 ingenti
2553 3051 2769 3121 gemitu
2794 3067 2894 3105 rea
2919 3056 3148 3122 pectora
3181 3050 3378 3105 tundo.

1976 3138 2119 3192 Hinc
2137 3138 2338 3192 faciem
2365 3139 2544 3208 guttis
2573 3138 2726 3193 diluo
2746 3139 2908 3192 salsis
2939 3139 3304 3206 maculosam,

1972 3227 2241 3290 Quamvis
2269 3227 2432 3297 nigra
2462 3227 2602 3280 meis
2633 3226 2868 3281 maculis
2896 3226 3004 3280 sim
3029 3232 3087 3280 et
3115 3225 3272 3281 fusca
3295 3224 3524 3282 venenis
3558 3251 3568 3284 :

1971 3323 2046 3377 Ut
2065 3323 2228 3376 niveo
2259 3324 2419 3377 vultu
2448 3339 2707 3394 respersa
2732 3325 2917 3378 colore
2939 3340 3217 3392 rosarum,

1970 3411 2310 3478 Flavescam,
2362 3412 2594 3480 niteam,
2638 3412 2905 3482 fragrem,
2938 3412 3106 3467 simul
3134 3419 3307 3485 atque
3350 3413 3576 3468 mades-

3310 3502 3457 3571 [cam
3484 3520 3497 3554 ε

1970 3585 2154 3654 Atque
2172 3584 2258 3638 tui
2278 3584 2516 3638 nimium
2544 3583 2677 3639 felix
2708 3585 2766 3640 in
2786 3591 3038 3658 tempore
3067 3587 3356 3658 plangam,

1971 3671 2232 3736 Quandiu
2267 3677 2494 3726 maneat
2518 3673 2718 3727 ﬂebilis
2749 3690 2878 3744 pars
2897 3673 3098 3729 ultima
3126 3674 3272 3728 vitae.

2668 3776 2874 3820 PHILIS.

2039 3851 2181 3903 Tum
2209 3865 2449 3920 quoque,
2485 3853 2685 3916 mater,
2711 3851 2810 3917 ait,
2832 3853 2994 3922 cujus
3024 3853 3094 3906 de
3122 3851 3351 3906 nomine
3371 3851 3520 3906 dicta
3553 3869 3565 3904 :

1966 3939 2094 3994 Non
2122 3955 2212 3991 me
2238 3943 2300 3992 tu
2321 3938 2583 4009 lacrymis
2611 3939 2796 3993 vinces
2825 3946 2923 3994 aut
2945 3940 3168 3995 ﬂetibus
3190 3957 3461 4011 unquam.

1971 4029 2097 4083 Non
2123 4033 2320 4081 cantus
2341 4044 2604 4082 resonare
2628 4029 2796 4095 leves,
2826 4045 2938 4084 non
2961 4030 3209 4100 pandere
3237 4034 3385 4095 vota,

1965 4117 2124 4172 Unde
2149 4117 2309 4171 velim
2337 4123 2400 4172 tu
2430 4118 2600 4172 misce
2628 4122 2908 4189 tavos,ego
2941 4119 3172 4174 floribus
3207 4136 3424 4174 ornem.

1965 4206 2049 4260 Tu
2079 4223 2299 4277 quoque
2327 4207 2601 4277 pallentes
2621 4206 2812 4273 violas,
2847 4223 2950 4278 ego
2979 4207 3098 4261 lilia
3126 4223 3373 4278 carpam,

1966 4299 2036 4352 Et
2054 4314 2224 4368 super
2251 4314 2548 4369 aspergam
2567 4299 2848 4353 tumulum
2867 4316 3035 4370 quam
3049 4299 3314 4353 suavibus
3338 4298 3526 4355 herbis
3553 4318 3565 4354 :

1897 4383 1947 4441 D
1966 4387 2069 4440 Hic
2095 4387 2362 4458 quoniam
2389 4388 2700 4457 condignus
2731 4395 2854 4442 erat
2875 4388 3204 4442 muneribus
3231 4387 3372 4454 istis,

1965 4479 2203 4535 Delicias
2228 4479 2390 4534 nobis
2419 4479 2516 4550 qui
2548 4481 2756 4534 multas
2785 4480 3046 4551 praestitit
3073 4480 3213 4549 ipse,

1965 4568 2034 4622 Et
2061 4573 2239 4622 totam
2267 4584 2428 4622 roseo
2451 4573 2508 4622 te
2528 4568 2708 4638 pinxit
2734 4568 3008 4638 sanguine
3036 4565 3264 4622 Christi.

1964 4656 2140 4711 Isaias
2169 4657 2312 4710 vatis
2332 4657 2482 4728 quod
2503 4658 2626 4727 jam
2656 4656 2995 4727 praedixerat
3013 4656 3171 4710 olim.

1964 4746 2168 4800 Sancta
2195 4745 2297 4799 tibi
2325 4745 2454 4800 hinc
2483 4746 2715 4799 veniunt
2738 4745 3065 4816 plaudentia
3083 4745 3238 4815 ligna
3260 4744 3496 4813 decoris,

1963 4835 2255 4890 Exsultant
2281 4835 2420 4888 inibi
2442 4840 2681 4906 myrtus,
2707 4833 2878 4900 abies,
2905 4833 3022 4888 sive
3043 4833 3227 4904 pinus,

1962 4923 2106 4978 Vitis
2137 4929 2194 4978 et
2215 4940 2319 4977 uva
2342 4923 2560 4990 nitens;
2582 4923 2755 4977 etiam
2785 4923 3101 4993 pinguescit
3129 4923 3275 4977 oliva
3303 4941 3316 4976 ε

1963 5013 2043 5066 Ac
2068 5017 2336 5082 tanquam
2367 5011 2660 5081 paradisus
2689 5016 2746 5065 et
2777 5010 2974 5065 hortus
2997 5011 3347 5078 deliciarum,

1962 5101 2198 5170 Irriguis
2225 5099 2458 5153 nutriris
2488 5099 2649 5169 aquis
2671 5099 2740 5152 de
2767 5098 2970 5153 vertice
2997 5100 3148 5157 ccrli.

1965 5190 2100 5254 Quae
2127 5190 2314 5242 fueras
2347 5187 2500 5258 regio
2529 5188 2754 5253 sterilis,
2787 5189 3088 5244 descensus
3115 5187 3304 5241 averni

1962 5278 2133 5331 Porta
2158 5277 2270 5348 poli
2292 5278 2414 5346 jam
2443 5277 2590 5330 facta
2617 5283 2776 5348 pates
2807 5278 2923 5332 sive
2938 5279 3116 5346 janua
3138 5275 3289 5329 vita.

1960 5366 2076 5420 Nec
2102 5365 2249 5418 valet
2269 5381 2615 5436 aequiparare
2645 5367 2800 5437 prior
2818 5364 3055 5436 perﬁdia
3084 5379 3196 5417 moi
3208 5363 3281 5416 tis

1965 5454 2104 5508 Tam
2133 5454 2368 5508 celerem
2391 5471 2635 5516 cursum,
2665 5471 2774 5525 quo
2806 5469 2953 5508 nunc
2978 5452 3224 5522 gloriosa
3251 5451 3528 5524 superbis.

1968 5543 2092 5600 Jam
2114 5549 2285 5613 caput
2309 5545 2529 5599 excelsa
2559 5545 2825 5599 caelorum
2854 5542 3040 5596 sidera
3067 5541 3274 5611 tangis,
