4000 6170
440 292 583 351 1555

440 421 625 488 Atque
655 416 835 471 nitore
863 418 960 468 tuo
989 413 1225 466 nimium
1251 413 1591 482 splendescis
1616 413 1673 467 in
1693 413 1826 468 orbe
1852 435 1862 467 :

442 508 517 561 Ut
540 506 703 560 citius
743 519 908 574 quam
938 502 1094 555 nulla
1122 503 1276 572 prior
1303 502 1489 554 nutrix
1524 504 1924 557 monachorum

443 595 683 650 Cardine
712 592 815 647 sub
843 591 1055 661 quadro
1074 590 1279 660 poterit
1301 589 1590 644 fecundior
1609 608 1747 645 esse.

440 684 621 751 Unde,
653 698 830 745 soror,
863 680 1032 733 facias
1060 679 1344 749 planctum
1375 695 1476 749 pro
1497 681 1743 733 carmine
1763 698 1930 751 posco

442 772 741 841 Octoginta
771 782 795 807 ι
825 770 991 823 Pater
1010 768 1157 837 quod
1189 767 1277 820 vix
1294 769 1667 838 compleverat
1695 786 1891 837 annos;

442 862 513 915 Et
536 861 771 914 necdum
801 862 901 911 tua
928 858 1069 910 forte
1095 863 1394 910 manarent
1420 856 1595 910 ubera
1620 859 1793 925 lacte;

443 951 527 1005 En
555 949 739 1003 subito
768 947 936 1019 periit
956 947 1041 1001 vel
1064 946 1241 1000 fracta
1271 952 1357 1000 est
1384 947 1586 1017 hydria
1613 948 1799 1011 fontis,

440 1037 750 1101 Consilium
771 1035 984 1109 patriai,
1020 1035 1227 1089 Christi
1256 1036 1532 1107 sapientia
1558 1037 1777 1107 plenus.

1077 1155 1359 1203 ϐΔιΔΤΗΕΑ
1370 1181 1382 1194 .

510 1252 598 1305 Ah
622 1251 634 1304 !
667 1255 849 1309 mater
876 1248 1113 1307 subnixa
1141 1250 1275 1307 Deo.
1308 1253 1430 1309 tum
1457 1248 1574 1307 ﬁlia
1600 1249 1756 1313 dixit,

441 1342 587 1407 Quid
618 1346 805 1403 tantos
837 1356 1105 1395 renovare
1134 1338 1269 1392 velis
1291 1338 1574 1393 narrando
1602 1337 1860 1393 dolores?

436 1432 555 1493 Aut
582 1444 894 1489 memorare
924 1427 1054 1492 diei,
1080 1444 1189 1497 qua
1218 1443 1319 1480 nec
1348 1426 1543 1480 saevior
1570 1426 1683 1485 ulla

437 1520 541 1576 Vel
570 1520 693 1579 fuit.
722 1534 844 1571 esse
870 1523 1069 1587 potest,
1105 1515 1421 1586 poteritque
1450 1521 1550 1568 aut
1578 1531 1698 1567 esse
1726 1513 1935 1567 futura.

439 1609 575 1671 Quae
606 1606 774 1669 simul
804 1604 1077 1665 abstraxit
1104 1603 1281 1663 nobis,
1309 1607 1580 1675 pereunte
1610 1607 1865 1672 patrono,

440 1696 617 1750 Omne
644 1695 810 1753 decus
840 1693 983 1758 vitae,
1016 1692 1286 1751 virtutum
1319 1697 1445 1746 vota
1474 1691 1744 1744 recidens.

437 1784 563 1838 Heu
588 1784 600 1836 l
622 1800 723 1838 nos
753 1798 923 1855 quam
943 1781 1151 1844 miseri,
1177 1780 1437 1839 absentes
1468 1779 1562 1851 qui
1595 1779 1827 1836 vivimus
1862 1778 1956 1831 illo
1986 1778 1997 1831 Ξ
2054 1776 2102 1837 Β

437 1871 597 1938 Quod
616 1888 809 1927 sumus
838 1870 896 1925 in
918 1870 1151 1925 nimium
1181 1868 1429 1940 depressi
1457 1875 1608 1921 sorte
1640 1868 1908 1938 maligna,

436 1960 544 2024 Qui
570 1959 779 2030 pariter
802 1959 1002 2017 ccelum
1026 1957 1378 2031 nequivimus
1405 1957 1489 2010 ire
1514 1957 1702 2023 locati,

437 2048 579 2105 Cum
610 2065 720 2119 quo
749 2063 992 2117 namque
1017 2047 1159 2100 mori
1189 2046 1388 2100 melius
1419 2062 1587 2116 quam
1608 2046 1787 2099 vivere
1810 2045 1965 2098 duxi.

1121 2166 1335 2211 PHILIS.

507 2254 863 2325 Quapropter
889 2250 1107 2321 populis
1127 2250 1333 2309 Christi
1365 2266 1504 2320 quos
1522 2249 1700 2305 abluit
1720 2249 1889 2315 unda,

435 2343 757 2397 Flumineos
787 2340 978 2397 latices
1008 2340 1298 2410 producite
1329 2339 1567 2410 pectoris
1598 2340 1727 2403 imo,

434 2430 878 2500 Virgineumque
901 2445 1087 2487 meum
1110 2429 1442 2499 plangamus
1475 2434 1624 2481 sorte
1656 2427 1942 2491 maritum,

437 2519 802 2583 Prudentem,
825 2518 1095 2579 sobrium.
1127 2523 1363 2581 castum,
1396 2517 1671 2573 charitate
1702 2516 1998 2586 repletum,

435 2608 814 2674 Mansuetum,
855 2606 1148 2671 humilem,
1183 2622 1400 2661 necnon
1435 2606 1655 2675 justum
1674 2610 1844 2674 atque
1874 2603 2032 2657 beni-

1719 2692 1921 2764 [gnum
1954 2710 1966 2759 ;

436 2786 743 2842 Nobilitate
768 2784 1026 2857 probum,
1061 2800 1172 2854 quo
1199 2799 1300 2837 nec
1323 2781 1629 2853 sapientior
1658 2781 1823 2836 ullus.

438 2876 614 2946 Cujus
640 2875 699 2932 in
726 2875 950 2945 eloquio
976 2873 1173 2931 micuit
1193 2872 1469 2941 sapientia
1499 2871 1774 2925 Christus.

437 2966 585 3021 Fons
610 2965 791 3036 patuit
820 2965 1044 3027 saliens,
1071 2963 1194 3019 vitae
1213 2962 1469 3019 doctrina
1496 2960 1727 3026 salitus;

438 3054 688 3110 Moribus
717 3053 970 3122 insignis,
1001 3052 1270 3109 virtutum
1299 3050 1560 3119 dogmate
1591 3050 1819 3120 plenus;

440 3143 615 3207 Mitis,
649 3142 929 3211 paciﬁcus.
960 3140 1203 3194 clemens
1227 3145 1285 3193 et
1303 3139 1461 3192 valde
1492 3138 1801 3191 modestus.

446 3231 563 3285 Ista
586 3230 745 3283 fuere
769 3227 855 3282 sui
882 3244 1182 3296 cognoscas
1217 3226 1423 3296 prtedia
1446 3226 1611 3295 juris,

446 3319 561 3373 Ista
591 3334 727 3371 meae
758 3316 1013 3377 redolent
1035 3315 1241 3371 viritim
1275 3314 1556 3385 sponsalia
1589 3313 1754 3369 dotis.

447 3407 609 3467 Unde
631 3406 829 3461 beatus
851 3421 1011 3459 amor
1036 3410 1257 3459 tantum
1289 3403 1422 3459 mihi
1449 3402 1647 3457 crescit
1677 3402 1733 3455 in
1763 3401 1877 3467 illo,

448 3497 734 3560 Quantum
766 3511 891 3548 vere
911 3510 1081 3547 novos
1112 3510 1143 3545 e
1174 3492 1395 3545 mundis
1424 3491 1653 3544 ﬂoribus
1674 3496 1862 3559 auget.

450 3586 557 3640 Sed
581 3584 815 3656 proinde
846 3583 1024 3653 magis
1048 3583 1230 3635 luctus
1254 3580 1552 3633 succrescit
1580 3580 1637 3635 in
1668 3579 1801 3643 oris,

451 3674 610 3738 Quod
633 3673 869 3729 nimium
898 3673 1099 3741 ﬂagret
1117 3671 1173 3731 in
1196 3687 1260 3723 eo
1284 3668 1615 3723 insatiabilis
1644 3668 1829 3727 ardor.

452 3764 523 3817 Et
551 3762 709 3833 quod,
728 3763 882 3815 nulla
914 3761 1023 3813 mei
1056 3761 1129 3813 sit
1159 3758 1359 3819 abhinc
1390 3757 1668 3810 medicina
1687 3755 1911 3818 doloris,

456 3850 516 3909 Si
539 3866 654 3906 non
682 3851 767 3905 vel
794 3850 961 3907 liceat
990 3848 1127 3907 mihi
1154 3854 1410 3907 sanctum
1442 3862 1686 3916 pangere
1712 3861 1934 3901 nomen.

1097 3971 1165 4007 ΘΑ
1177 3966 1409 4009 ιΑτιιΕΑ.

530 4054 617 4108 Ad
647 4053 794 4124 quod
821 4069 988 4123 quam
1008 4053 1246 4106 nimium
1275 4051 1404 4104 felix
1434 4050 1708 4103 Galathea
1736 4048 1946 4103 fatetur

461 4142 650 4212 Incipe
679 4142 945 4195 sollicitos
975 4142 1114 4194 tales
1132 4142 1253 4210 jam
1276 4155 1484 4211 ponere
1514 4144 1764 4209 questus.

535 4274 561 4303 ³
594 4264 720 4319 Non
741 4264 990 4335 integros
1020 4280 1195 4318 annos
1214 4263 1500 4335 octoginta
1519 4262 1652 4335 vixit
1677 4260 2052 4335 Adalhardus,

1206 290 1261 341 S.
1306 289 1683 344 PASCHASII
1722 290 2084 346 RADBERTI
2123 290 2428 346 ABBATIS
2466 290 2958 345 CORBEIENSIS.

3571 288 3726 348 1556

2056 421 2104 476 Α
2126 415 2291 470 Forte
2320 416 2603 469 mirantur
2631 417 2779 469 enim
2798 420 2959 469 tanto
2979 430 3081 486 pro
3106 416 3305 471 funere
3322 430 3523 483 muco,

2118 506 2187 559 Et
2210 512 2296 558 stu
2305 506 2547 575 pefactas
2576 522 2670 557 vos
2701 505 2988 573 liquerunt
3015 506 3286 572 carmina,
3314 505 3509 560 melos.

2120 595 2323 648 Omnia
2350 607 2723 662 congemuere
2750 594 2864 646 tuis
2890 600 2948 646 et
2974 610 3142 647 saxea
3168 595 3402 648 threnis.

2121 682 2166 736 Ο
2196 682 2262 745 si,
2295 683 2498 752 inquit,
2528 683 2715 735 veniat
2744 688 2878 735 tunc
2898 682 2991 735 ille
3024 698 3285 737 recursus
3308 683 3543 750 amoris,

2121 772 2256 834 Quae
2282 772 2455 824 tantis
2484 771 2543 824 in
2574 787 2640 824 eo
2659 771 3035 841 lacrymarutn
3061 772 3314 841 cogimur
3342 772 3530 838 undis,

2122 860 2197 914 Ut
2226 860 2455 912 tandem
2482 875 2816 913 renovemur
2835 862 2957 930 ejus
2984 860 3296 914 dulcedinis
3326 861 3538 919 haustu
3561 862 3577 914 Ξ

2123 949 2416 1003 Interdum
2440 948 2702 1002 manibus
2718 948 2900 1018 juncti
2929 965 3232 1019 pergamus
3260 949 3333 1003 ad
3353 965 3567 1017 arum,

2120 1037 2202 1091 Ad
2226 1038 2501 1090 thalamos
2528 1038 2707 1106 regni,
2732 1054 2842 1108 quo
2870 1037 3083 1091 dudum
3109 1054 3213 1091 nos
3241 1044 3401 1095 vocat
3428 1038 3612 1095 idem.

2120 1126 2397 1179 Ethereis
2420 1141 2717 1195 pascamur
2748 1142 2814 1179 eo
2844 1142 3012 1196 quam
3043 1132 3275 1197 perpete
3304 1126 3545 1198 campis,

2120 1212 2241 1277 Quo
2264 1215 2470 1267 meruit
2500 1214 2687 1268 senior
2708 1214 2837 1268 felix
2865 1215 3078 1268 intrare
3110 1216 3423 1279 Menalcba,

2119 1302 2225 1365 Qui
2248 1311 2470 1357 nostros
2497 1318 2686 1357 secum
2712 1319 2882 1373 quam
2914 1304 3078 1373 longe
3106 1303 3268 1358 duxit
3294 1319 3543 1359 amores.

2794 1438 3005 1483 PHILIS.

2192 1530 2259 1583 Et
2288 1530 2463 1584 trahit
2496 1547 2525 1585 e
2555 1530 2759 1589 nostris
2790 1536 2916 1602 post
2941 1547 3001 1587 se
3021 1530 3264 1603 suspiria
3290 1530 3470 1585 ﬁbris.

2119 1618 2221 1672 Illo
2252 1618 2460 1673 etenim
2491 1620 2602 1673 voti
2622 1619 2899 1673 debentur
2917 1621 3049 1690 jura
3076 1620 3244 1677 coire.

2118 1708 2451 1777 Quanquam
2495 1708 2633 1763 adeo
2672 1707 2831 1763 nobis
2874 1708 3060 1765 media
3096 1714 3181 1767 est
3208 1709 3296 1769 via
3337 1709 3502 1769 triste
3537 1707 3732 1781 sepul-

3442 1795 3656 1873 (crum.

2121 1884 2229 1937 Sed
2251 1884 2297 1937 si
2327 1889 2650 1937 constanter
2677 1883 2986 1953 pulsamus,
3020 1884 3343 1955 qumrimus,
3377 1885 3644 1961 inquam,

2119 1972 2253 2025 Post
2277 1972 2492 2025 cineres
2519 1973 2654 2042 quin
2683 1972 2829 2024 haud
2854 1972 3085 2029 dubium
3106 1973 3391 2029 veniemus
3411 1972 3481 2027 ad
3504 1973 3728 2038 urbem,

2121 2060 2243 2123 Qua
2274 2061 2470 2130 pietas,
2506 2061 2745 2119 bonitas.
2780 2077 2904 2131 pax,
2939 2062 3051 2125 lux,
3081 2060 3372 2131 opulentia
3396 2066 3643 2135 regnant
3679 2079 3692 2114 :

2118 2149 2351 2203 Latitiae
2383 2150 2617 2214 fructus,
2641 2150 2863 2219 requies
2894 2157 2952 2203 et
2973 2150 3181 2220 gaudia
3201 2150 3421 2220 fulgent
3448 2168 3459 2202 :

2118 2236 2296 2291 Omne
2327 2238 2535 2292 bonum
2561 2239 2783 2304 renitet,
2817 2239 2993 2292 dulcis
3016 2239 3311 2293 concordia
3331 2238 3578 2295 mulcet:

2119 2326 2329 2393 Gloria,
2367 2328 2505 2389 laus,
2537 2333 2593 2379 et
2626 2327 2803 2380 honor
2827 2344 2937 2385 uno
2965 2329 3032 2380 de
3065 2328 3215 2381 fonte
3242 2332 3549 2381 manantur
3580 2345 3595 2381 :

2124 2413 2247 2468 Vita
2276 2415 2537 2486 perennis
2570 2422 2717 2480 ovat,
2754 2416 3020 2470 virtutum
3050 2433 3256 2487 pascua
3285 2418 3489 2470 ﬂorent
3527 2433 3539 2466 :

2119 2504 2396 2573 Angelicaz
2423 2505 2784 2573 gratulantur
2812 2521 2960 2568 oves,
2990 2505 3239 2561 caelestia
3265 2511 3501 2558 vernant

2121 2593 2378 2653 Przemia,
2406 2593 2689 2662 perpetuis
2721 2593 3016 2646 ﬁrmantur
3045 2594 3285 2663 denique
3314 2594 3498 2647 donis.

2122 2682 2243 2745 Quo
2268 2682 2415 2734 Deus
2446 2698 2665 2752 semper
2684 2681 2841 2736 adest
2867 2699 3130 2752 praesens,
3155 2688 3481 2739 reserantur
3511 2682 3724 2754 opima.

2128 2772 2281 2824 Inter
2303 2770 2635 2839 apostolicas
2664 2770 3223 2840 patriarcharumque
3244 2772 3502 2824 cohortes

2124 2859 2312 2929 Spirat
2339 2858 2478 2927 odor
2506 2875 2675 2929 quam
2705 2859 2901 2925 dulcis,
2935 2860 3158 2912 suavior
3185 2859 3447 2913 omnibus
3471 2860 3682 2919 herbis.

2124 2948 2405 3017 Martyreo
2435 2946 2763 3016 splendente
2794 2947 2963 3000 choro
2991 2964 3248 3001 muscosa
3276 2954 3579 3018 patescunt

2123 3035 2336 3099 Castra,
2370 3035 2768 3105 prophetarum
2801 3035 3053 3088 redolent
3084 3036 3395 3091 dulcedinis
3421 3037 3652 3091 haustu.

2124 3124 2373 3177 Candida
2400 3122 2644 3192 virgineo
2670 3124 2978 3177 ﬂavescunt
3005 3124 3234 3195 agmina
3261 3125 3417 3191 flore,

2060 3208 2103 3267 Ο
2124 3211 2325 3265 Omnia
2355 3210 2747 3265 concelebrant
2773 3210 2907 3262 inibi
2940 3211 3033 3280 pia
3059 3212 3268 3281 gaudia
3295 3212 3529 3285 passim,

2126 3300 2193 3352 Et
2224 3304 2489 3351 resonant
2509 3315 2704 3352 omnes
2730 3315 2840 3352 uno
2863 3299 2931 3352 de
2961 3300 3127 3353 corde
3161 3308 3427 3361 canentes

2125 3388 2419 3441 Melliﬁuas
2441 3404 2616 3461 voces,
2652 3387 2781 3439 hinc
2810 3388 2941 3442 talia
2974 3390 3227 3443 carmina
3253 3389 3513 3467 quisque.

2769 3507 3095 3552 GALATHEA.

2196 3600 2397 3655 Desine
2419 3602 2580 3671 plura
2598 3618 2758 3655 soror
2776 3606 2863 3669 tu,
2884 3608 3067 3657 mater
3094 3602 3177 3656 ait
3204 3603 3503 3663 Galathea.

2128 3692 2240 3744 Ista
2270 3690 2495 3760 quidem
2528 3691 2780 3761 inspecta
2800 3692 3002 3747 melius
3029 3697 3149 3747 tum
3182 3691 3322 3745 forte
3348 3708 3644 3758 canemus,

2131 3782 2271 3834 Cum
2295 3780 2586 3850 paradisus
2616 3796 2785 3835 ovans
2814 3781 2975 3835 nobis
3005 3796 3228 3850 quoque
3256 3788 3413 3839 sorte
3441 3782 3662 3839 virebit.

2133 3869 2415 3923 Hactenus
2445 3885 2709 3937 agrorum
2738 3870 2902 3923 ﬂores
2931 3876 2987 3925 et
3005 3870 3122 3923 lilia
3150 3886 3336 3939 carpe,

2133 3958 2320 4011 Donec
2347 3958 2683 4013 alleluiatica
2708 3958 2914 4012 circum
2934 3959 3142 4027 gaudia
3170 3958 3360 4015 ridant
3383 3962 3430 4013 '.

2135 4047 2346 4116 Sparge
2367 4046 2508 4099 viam
2535 4046 2708 4111 violis,
2741 4047 3006 4101 virtutum
3034 4047 3264 4103 ﬁoribus
3293 4064 3452 4113 arva,

2136 4134 2310 4203 Pinge
2330 4134 2471 4187 rosis
2490 4134 2706 4199 callem,
2732 4136 2930 4207 plateis
2953 4136 3072 4191 lilia
3100 4143 3310 4193 sterne.

2141 4258 2325 4336 Caroli
2350 4258 2559 4327 magni.
2588 4275 2700 4336 non
2732 4265 2861 4313 ante
2882 4277 3089 4315 annum
3122 4259 3245 4336 770,
3282 4263 3639 4336 proindeque
3658 4267 3738 4321 vix

465 4333 744 4407 siquidem
772 4330 1020 4389 vicénnis
1046 4335 1226 4390 factus
1260 4330 1681 4388 estvmonachus
1712 4334 1873 4388 initio
1898 4333 2057 4402 regni
2140 4330 2329 4399 attigit
2354 4346 2531 4382 annos
2555 4331 2735 4384 aetatis
2753 4338 2877 4387 octo
2906 4339 2965 4386 et
2990 4330 3372 4403 septuaginta.
