4000 6170
290 293 429 352 1561

949 294 1047 359 DE
1083 295 1255 352 VITA
1292 297 1544 379 WALE,
1586 296 1719 353 SEU
1758 298 2207 356 EPITAPHIUM-
2240 299 2553 355 ARSENII.
2589 328 2658 341 -
2685 299 2820 355 LIB.
2862 298 2909 354 Ι.

3426 294 3559 354 156-2
3582 272 3607 281 “

291 417 580 473 idoneum.
601 418 763 474 Unde
789 418 1047 474 exordiar
1087 436 1320 475 narrare
1355 422 1560 493 partim
1592 439 1716 494 quae
1759 424 2122 494 per-Areus,
2153 424 2356 478 maluit
2384 425 2640 478 ﬂammas
2695 424 2817 493 ejus
2859 422 3214 491 exstinguere
3248 440 3260 475 :
3301 421 3401 476 sed
3428 420 3561 476 vicit

290 507 448 578 spexi
465 506 554 561 his
572 507 767 573 oculis,
784 508 990 579 partim
1006 525 1128 580 qum
1145 508 1331 580 accepi
1354 508 1604 577 auribus,
1626 515 1685 564 et
1699 515 1888 565 mente

291 596 514 666 plenius
541 596 810 652 intellexi.

966 702 1225 745 SEVERUS.

362 774 618 829 Mirabile
658 775 884 846 quidem
926 776 1075 847 quod
1119 776 1344 831 miraris
1371 777 1649 843 homo.'.',
1684 778 1731 832 si
1762 781 1884 849 ejus

290 862 597 933 imaginem
618 880 836 943 morum
862 864 1141 935 probitate
1152 870 1441 920 venustam
1462 866 1743 921 erubescis
1761 885 1888 938 pro-

291 950 441 1015 dere,
493 953 655 1021 cujus
705 952 954 1006 imitator
999 958 1140 1019 esse,
1171 959 1228 1007 et
1263 959 1527 1024 paternos
1574 958 1658 1018 (ut
1703 956 1882 1014 aiunt)

289 1039 478 1093 vultus
507 1039 807 1094 refundere
834 1040 1147 1095 debueras:
1182 1042 1429 1112 quamvis
1458 1048 1515 1097 et
1541 1060 1644 1113 ego
1669 1044 1882 1099 eisdem

290 1126 658 1197 discipulatus
680 1128 861 1198 gratia
889 1130 1171 1200 astringar
1208 1130 1373 1199 votis,
1402 1132 1713 1201 prsesertim
1756 1149 1884 1187 cum

290 1214 433 1269 nihil
452 1216 704 1271 timidius
722 1217 798 1271 sit
817 1217 1067 1289 nihilque
1088 1218 1360 1288 ignavius,
1385 1221 1533 1289 quod
1563 1221 1752 1275 doleas
1772 1238 1884 1276 non

290 1304 535 1371 sentire;
570 1306 657 1359 vel
686 1305 890 1377 quibus
934 1306 1271 1377 opprimaris
1316 1308 1580 1375 miseriis,
1619 1310 1884 1381 plangere

292 1408 409 1447 non
439 1393 666 1448 audere.

915 1496 1263 1541 PASGHASIUS.

361 1571 544 1639 Nitar,
576 1570 796 1637 faciam,
837 1572 1092 1643 experiar
1142 1574 1291 1644 quod
1347 1575 1610 1641 hortaris,
1663 1575 1883 1641 Severe,

293 1676 423 1715 cum
464 1677 632 1715 nemo
669 1661 819 1731 quod
848 1662 1108 1725 doluerit,
1144 1662 1236 1733 qui
1272 1663 1485 1718 nesciat
1513 1664 1832 1735 deploraret
1871 1683 1884 1717 :

291 1764 459 1804 nemo
486 1748 636 1803 inter
666 1754 967 1816 tormenta,
999 1750 1096 1821 qui
1123 1766 1236 1805 non
1267 1751 1474 1806 audeat
1498 1752 1884 1822 ingemiscere.
1907 1770 1953 1830 Β

292 1838 453 1892 Unde
481 1838 667 1909 potius
722 1838 968 1894 animam
1005 1839 1136 1894 hinc
1183 1855 1218 1893 a
1264 1857 1495 1911 corpore
1546 1841 1882 1911 relinquam,

293 1942 464 1997 quam
482 1926 643 1981 illum
668 1943 891 1995 amare;
927 1934 984 1983 et
1010 1928 1100 1982 cui
1141 1929 1465 1999 expedierit,
1493 1930 1887 1984 commendare

271 2014 435 2069 votis
462 2015 909 2086 prmtermittam.

928 2122 1178 2161 ADEODAT
1185 2118 1269 2160 US.

362 2192 653 2263 Optimum
677 2198 765 2247 est
791 2194 860 2258 de
886 2194 1094 2265 aliquo,
1125 2210 1356 2264 corpore
1384 2211 1510 2250 cum
1533 2194 1882 2260 abscesserit,

289 2298 414 2352 quae
436 2282 658 2335 virtutis
678 2286 810 2335 sunt
836 2283 979 2352 ejus,
1012 2282 1069 2336 in
1092 2283 1279 2336 animo
1308 2284 1577 2353 replicare
1600 2302 1613 2337 :
1644 2288 1709 2337 ut
1735 2283 1883 2337 revi-

285 2374 473 2423 rescat
488 2369 545 2422 in
565 2368 744 2435 nobis,
761 2370 909 2441 quod
929 2370 985 2423 in
1003 2369 1098 2424 illo
1123 2370 1405 2441 deperisse
1430 2371 1738 2426 videbatur.
1762 2372 1884 2427 Flo-

1970 512 2212 583 peccatis
2231 512 2579 583 exigentibus
2594 512 2913 566 amaritudo
2928 510 3197 566 absinthii
3210 510 3561 566 dulcedinem

1964 601 2114 659 .tanti
2145 601 2247 655 viri
2302 601 2433 657 hinc
2485 600 2635 658 inde.
2668 616 2738 655 ne
2777 606 2974 655 contra
2999 598 3284 670 improbas
3314 598 3558 670 plebium

1969 690 2287 745 voluntates
2304 690 2654 761 praevaleret.

2600 793 2958 834 PASCHASIUS.

2037 866 2208 933 Nihil,
2228 872 2293 921 ut
2304 868 2504 934 sentio,
2521 868 2743 921 hercule
2757 867 2826 921 de
2837 868 3006 937 hujus
3020 866 3260 936 ambigis
3272 866 3561 921 conscien-

1966 955 2048 1009 tia
2078 974 2089 1009 :
2142 956 2239 1010 sed
2263 957 2375 1011 tuis
2408 957 2475 1010 ad
2504 973 2595 1010 me
2635 956 2899 1010 reductus
2926 955 3104 1009 verbis
3136 956 3395 1021 referam,
3426 955 3563 1025 quid

1966 1045 2123 1115 prius
2146 1062 2313 1114 quam
2336 1045 2453 1099 haec
2474 1051 2795 1115 agerentur,
2812 1061 2912 1115 per
2941 1044 3117 1098 visum
3135 1044 3263 1098 vidi.
3289 1043 3562 1097 Videbam

1966 1132 2118 1187 enim
2148 1134 2368 1187 eminus
2399 1133 2561 1204 quasi
2610 1139 2857 1187 montem
2903 1133 2972 1187 de
3002 1133 3239 1187 materie
3278 1132 3563 1202 lignorum

1966 1228 2293 1291 congestum
2314 1239 2455 1292 pene
2470 1238 2646 1293 usque
2672 1223 2739 1276 ad
2767 1220 2943 1275 nubes
2959 1220 3179 1291 ignibus
3192 1236 3521 1275 succensum
3544 1238 3556 1273 :

1966 1315 2098 1364 ante
2111 1328 2274 1380 quem
2308 1311 2495 1364 nescio
2516 1311 2642 1382 quis
2662 1316 2881 1365 statura
2899 1326 3181 1382 procerus,
3202 1310 3250 1364 si
3270 1326 3381 1381 quo
3396 1309 3563 1363 modo

1967 1398 2148 1468 magis
2177 1399 2466 1470 magisque
2520 1405 2924 1465 cremarentur,
2959 1399 3148 1454 omnia
3197 1399 3319 1469 jam
3368 1402 3565 1452 exusta

1968 1488 2126 1557 virga
2168 1488 2429 1543 decutere
2489 1488 2843 1553 moliebatur,
2895 1488 3054 1557 cujus
3104 1487 3347 1541 incendii
3391 1487 3563 1541 finem

1969 1578 2295 1647 dignoscere
2340 1576 2586 1649 nequivi.
2628 1577 2759 1633 Haec
2805 1577 3043 1643 mstimo,
3075 1576 3213 1631 talia
3261 1574 3565 1646 przesigna-

1970 1667 2125 1723 bant.

2633 1768 2735 1809 θεν
2743 1767 2902 1808 ERUB.

2041 1844 2117 1898 Ut
2138 1843 2317 1910 video,
2342 1844 2574 1898 threnos
2594 1843 2759 1897 edere
2783 1848 2976 1897 noster
3001 1843 3325 1898 Adeodatus
3353 1843 3517 1914 petiit
3547 1863 3559 1897 :

1970 1950 2002 1986 e
2027 1938 2222 1987 contra
2240 1939 2302 1986 tu
2330 1932 2504 1986 risum
2532 1932 2774 1985 excitare
2804 1931 2955 1985 velis.
2987 1932 3252 2002 Alioquin
3291 1931 3402 1985 nisi
3431 1931 3565 1985 dor-

1968 2022 2189 2082 misses,
2221 2038 2288 2075 ea
2318 2037 2440 2091 qua:
2466 2020 2579 2074 dixi
2600 2025 2657 2073 et
2684 2019 2868 2073 cernis
2897 2020 3018 2091 ipse
3039 2020 3272 2073 minime
3300 2017 3483 2073 dubiis
3507 2024 3564 2071 et

1968 2109 2316 2164 somniorum
2372 2108 2686 2180 phantasiis
2737 2108 3126 2180 approbasses.
3173 2108 3337 2162 Nunc
3372 2112 3563 2161 autem

1965 2199 2132 2252 velim
2152 2197 2570 2269 expergiscaris,
2605 2202 2662 2251 et
2688 2214 2811 2269 qua;
2832 2198 3075 2269 petimus
3097 2196 3344 2252 insistas.

2598 2302 2938 2341 ADEODATUS.

2036 2375 2226 2429 Uteris
2273 2375 2614 2446 frequenter,
2648 2376 2867 2439 Severe,
2917 2373 3158 2444 Crisippi
3186 2374 3465 2437 acumine,
3507 2380 3565 2430 et

286 2458 425 2512 ridze
446 2458 595 2511 enim
617 2474 841 2529 semper
854 2458 1089 2513 virtutes
1109 2464 1243 2512 sunt
1262 2459 1329 2512 ad
1350 2460 1661 2529 praemium,
1683 2466 1739 2514 et
1758 2460 1885 2514 viri-
1958 2464 2149 2533 jocose
2206 2464 2262 2534 [Γ
2275 2465 2452 2533 jocos]
2502 2464 2669 2518 etiam
2719 2463 2949 2516 eximios
2998 2462 3206 2532 eloquii
3234 2462 3319 2516 tui
3355 2462 3564 2518 refellis

286 2547 414 2600 des:
433 2562 540 2600 nec
553 2546 937 2600 moriunturin
950 2548 1275 2616 aliquo,nisi
1287 2548 1420 2601 vitio
1434 2549 1799 2618 perimantur,
1807 2555 1887 2603 et-

285 2634 334 2688 si
348 2634 550 2705 perimi
562 2640 774 2703 queant
784 2651 1053 2705 unquam,
1069 2636 1153 2689 vel
1164 2636 1460 2690 inﬁrmari.
1482 2637 1713 2691 Fiducia
1728 2638 1887 2708 quip-

288 2739 359 2794 pe
377 2722 507 2776 iidei
523 2734 609 2776 est
627 2730 684 2776 et
698 2722 818 2793 spei
836 2724 1195 2789 solatium,de
1214 2725 1403 2796 aliquo
1426 2742 1591 2796 quem
1606 2726 1747 2781 bene
1765 2744 1888 2781 nos-

288 2810 354 2877 ti,
378 2810 437 2864 in
456 2811 635 2865 Deum
655 2810 837 2866 obisse
857 2829 1216 2883 praesumere,
1240 2819 1297 2868 et
1317 2814 1566 2868 debitum
1588 2815 1882 2870 charitatis

288 2898 434 2952 votis
462 2899 723 2970 prosequi
741 2904 799 2953 et
815 2900 1069 2970 diligere;
1092 2900 1341 2971 alioquin
1369 2902 1623 2972 nunquid
1640 2903 1792 2956 velut
1806 2904 1883 2956 1a-

285 3002 438 3058 nugo
462 3004 675 3053 sumus,
698 3004 823 3058 quae
843 3006 876 3042 a
896 2994 1062 3043 vento
1088 2989 1324 3056 tollitur,
1348 2990 1689 3061 deputandi?
1718 2990 1885 3050 absit.

286 3075 399 3129 Sed
427 3091 556 3129 cum
583 3075 725 3129 tales
772 3077 1179 3146 praecesserint,
1212 3077 1440 3132 credere
1467 3084 1706 3149 oportet,
1739 3079 1887 3149 quod

1966 2567 2251 2604 mucrone.
2298 2552 2514 2616 Quaeso,
2548 2568 2618 2605 ne
2652 2552 2815 2621 juxta
2842 2550 2926 2604 tui
2956 2550 3290 2621 praesagium
3318 2550 3562 2604 nominis

1967 2639 2213 2693 severius
2236 2655 2392 2709 agas;
2416 2640 2551 2710 quin
2574 2640 2686 2693 imo
2714 2639 3003 2693 nobiscum
3023 2654 3146 2708 age,
3166 2643 3230 2692 ut
3254 2638 3559 2707 imaginem

1967 2728 2146 2798 patris
2175 2729 2320 2799 stylo
2351 2728 2656 2782 formemus
2682 2727 2952 2782 modesto.

2436 2811 2443 2818 ’
2627 2829 2893 2871 ssvsaus.

2039 2906 2231 2960 Placet
2259 2906 2404 2977 quod
2428 2921 2637 2960 mones.
2658 2905 2767 2960 Sed
2788 2905 2957 2975 hujus
2986 2920 3098 2959 non
3120 2904 3289 2959 unius
3309 2920 3374 2957 ex
3403 2905 3560 2959 vultu

1909 2995 2134 3103 C‘plene
2172 2994 2526 3061 formabitur,
2560 3010 2704 3059 reor,
2756 3009 2978 3048 morum
3026 2993 3233 3063 imago,
3268 2992 3366 3063 qui
3388 2993 3564 3063 gessit

1973 3082 2085 3103 ---ΞΛ
2115 3083 2167 3103 2..
2210 3082 2418 3103 --Αξι--μ
2449 3082 2748 3103 -----1Α-...-..Α
2783 3081 3082 3103 211...Δ..2.....Δ
3110 3080 3441 3103 __-L:L-A-...
3471 3079 3537 3103 ἴτε

1970 3082 2087 3136 suis
2115 3083 2175 3136 in
2205 3082 2420 3136 actibus
2449 3082 2752 3136 multorum
2783 3081 3087 3135 illustrium
3110 3079 3565 3151 probitatem.Vi-

283 3163 346 3218 in
378 3163 474 3218 illo
517 3163 720 3218 melius
750 3164 954 3230 adsint,
988 3166 1085 3235 qui
1115 3165 1196 3219 ait
1226 3184 1237 3218 :
1275 3166 1467 3221 Omnis
1495 3170 1595 3236 qui
1621 3169 1793 3222 credit
1824 3170 1887 3222 in
1970 3170 2209 3226 debatur
2236 3187 2480 3242 namque
2524 3170 2660 3224 mihi
2717 3186 2883 3240 quam
2915 3185 3061 3240 saepe
3111 3169 3562 3240 conspersionem

285 3268 391 3316 me,
425 3268 537 3306 non
560 3255 832 3306 moriatur
850 3256 911 3307 in
931 3258 1199 3307 sternam
1230 3256 1410 3321 (Joan.
1428 3271 1503 3319 x1,
1519 3254 1628 3324 26).
1653 3256 1891 3326 PrOpter
1971 3276 2192 3314 morum
2214 3259 2420 3314 habere
2442 3259 2644 3330 prioris
2666 3257 2907 3319 Arsenii;
2928 3274 3079 3311 nunc
3106 3274 3236 3312 vero
3264 3273 3562 3328 personam

285 3341 436 3411 quod
480 3356 594 3394 non
623 3346 757 3394 sunt
786 3341 946 3411 quasi
987 3341 1196 3395 mortui
1228 3342 1575 3413 deplorandi,
1597 3343 1695 3397 sed
1725 3345 1887 3415 quasi
1966 3364 2164 3417 gerere
2194 3347 2377 3401 Patris
2402 3345 2722 3413 Benedicti;
2747 3345 3030 3399 interdum
3055 3351 3266 3410 autem,
3296 3351 3361 3401 ut
3388 3345 3567 3416 praeli-

285 3429 511 3501 patroni
536 3428 791 3500 precibus
813 3430 1262 3485 commendandi.

907 3533 1265 3576 PASCHASIUS.

355 3607 696 3663 Omittamus
722 3608 850 3673 ista,
883 3609 962 3663 mi
982 3609 1155 3663 frater
1184 3615 1241 3663 et
1265 3609 1364 3663 ﬁli.
1381 3609 1501 3663 Erit
1526 3608 1676 3663 enim
1706 3614 1771 3663 ut
1798 3610 1885 3663 his

281 3696 440 3767 digni
465 3695 777 3750 efﬁciamur
805 3696 968 3751 donis
1016 3697 1257 3768 Spiritus
1296 3698 1474 3752 sancti
1503 3713 1710 3751 munus
1736 3698 1880 3765 (sic),

282 3784 381 3855 qui
396 3801 525 3839 eum
548 3785 631 3838 ita
651 3785 1015 3840 vernantibus
1035 3786 1318 3845 decoravit
1337 3786 1606 3840 virtutum
1629 3786 1879 3841 ﬂoribus.

282 3873 394 3928 Sed
424 3873 614 3941 timeo,
647 3890 718 3928 ne
766 3874 902 3928 dum
951 3874 1105 3928 vobis
1149 3870 1371 3945 placere
1401 3890 1659 3945 procuro,
1690 3875 1883 3929 multis

282 3962 580 4017 oll‘endam.
599 3963 686 4016 An
709 3963 954 4033 ignoras,
972 3964 1193 4027 Severe,
1210 3964 1359 4034 quod
1389 3970 1595 4017 nostrae
1617 3962 1767 4018 hunc
1794 3964 1881 4018 in-

281 4051 619 4106 felicissimae
655 4052 782 4107 vita;
811 4052 1014 4106 saecula
1041 4052 1343 4106 Jeremiam
1366 4052 1607 4107 alterum
1629 4053 1883 4107 tulerunt

281 4139 354 4195 ab
378 4140 511 4194 illo?
531 4140 754 4195 Audisti
775 4157 1020 4211 namque
1042 4146 1099 4195 et
1118 4141 1235 4212 ipse
1252 4158 1421 4212 quam
1444 4158 1607 4212 saepe,
1630 4146 1695 4195 ut
1718 4158 1883 4196 reco-

280 4229 358 4295 lo,
398 4228 549 4284 hunc
573 4229 870 4284 Arsenium
901 4229 1041 4283 fusis
1073 4230 1336 4301 lacrymis
1366 4231 1712 4301 proclamare
1743 4248 1756 4283 :
1786 4230 1882 4284 Va:

282 4317 445 4382 mihi,
477 4322 660 4371 mater
696 4334 843 4382 mea,
879 4334 1053 4389 quare
1101 4318 1346 4389 genuisti
1396 4335 1486 4373 me
1515 4319 1697 4373 virum
1728 4323 1878 4384 rixae,

1966 3432 2162 3488 batum
2190 3441 2293 3498 est,
2317 3434 2498 3488 officio
2541 3433 2795 3488 Ieremia;
2834 3432 3017 3486 fronte
3055 3432 3557 3501 adamantinom'c)

1965 3523 2151 3576 acrius
2180 3521 2447 3575 insistens
2497 3520 2855 3590 fungebatur,
2888 3536 3014 3574 cum
3055 3525 3203 3575 esset
3233 3525 3561 3574 mansuetus

1971 3610 2173 3681 spiritu
2194 3616 2251 3664 et
2267 3610 2515 3663 virorum
2537 3609 2890 3663 mitissimus.

2589 3709 2934 3752 PASCHASIUS.

2038 3787 2185 3842 Satis
2205 3787 2400 3857 utique
2422 3786 2671 3840 ostendis
2700 3786 2760 3839 in
2791 3786 2979 3840 animo
2999 3784 3121 3851 tibi,
3147 3785 3283 3839 dum
3308 3800 3563 3854 superes-

1964 3882 2067 3939 set,
2098 3876 2256 3929 illum
2281 3875 2508 3946 pietatis
2527 3875 2742 3929 calamo
2771 3874 3107 3946 depinxisse,
3125 3891 3249 3945 quae
3272 3873 3343 3927 ad
3375 3872 3566 3926 omnia

1964 3965 2117 4020 utilis
2159 3969 2264 4029 est,
2290 3966 2454 4034 juxta
2480 3964 2834 4035 Apostolum.
2871 3964 3274 4018 Verumtamen
3311 3962 3357 4017 si
3396 3961 3565 4016 velim

1961 4054 2073 4108 ista
2093 4069 2429 4125 prosequere
2456 4054 2554 4122 [αι.
2587 4052 2897 4123 prosequi],
2920 4051 3109 4111 nullus
3154 4052 3237 4105 vix
3266 4056 3366 4106 aut
3393 4066 3559 4103 rarus

1964 4143 2060 4214 qui
2104 4142 2316 4197 credat.
2490 4212 2497 4219 _

2580 4243 2927 4291 ADEODATUS.

2037 4320 2173 4383 Quis
2185 4335 2434 4390 unquam
2445 4318 2515 4372 ab
2536 4318 2805 4372 historico
2819 4319 3103 4388 juratores
3124 4317 3564 4387 exegit7Tamen

285 4406 466 4461 virum
490 4406 779 4461 discordiae
804 4406 861 4460 in
894 4406 1156 4461 universa
1183 4408 1373 4461 terra?
1400 4407 1682 4478 Jubesque
1710 4403 1944 4478 superD
1965 4408 2011 4463 si
2042 4425 2267 4463 necesse
2300 4408 2487 4475 fuerit,
2520 4413 2655 4461 sunt
2684 4407 2873 4478 plures
2902 4423 3071 4477 quam
3121 4405 3280 4477 probi
3310 4405 3433 4472 viri,
3466 4404 3564 4475 qui

282 4495 588 4561 tumulum,
630 4495 779 4566 quod
828 4500 1048 4566 tempus
1094 4495 1348 4562 adduxit,
1377 4498 1618 4550 condere
1644 4497 1878 4559 luctum,

285 4583 635 4655 epitaphium
656 4583 866 4638 scilicet
877 4600 1032 4638 more
1050 4584 1302 4655 priorum
1331 4585 1594 4657 lacrymis
1614 4585 1877 4652 irrorare,

285 4677 342 4726 et
364 4687 516 4726 nunc
542 4671 739 4742 sopitis
767 4672 1175 4728 discordiarum
1201 4674 1407 4744 jurgiis
1453 4674 1681 4729 excitari
1705 4674 1786 4727 vis
1816 4691 1883 4729 ex

283 4760 471 4815 cinere
519 4760 840 4815 vastitatem
886 4761 1150 4817 incendii.
1199 4763 1388 4817 Necne
1437 4763 1613 4830 vides,
1657 4763 1880 4828 Severe,

285 4849 469 4904 adhuc
496 4849 557 4904 in
586 4853 706 4903 tota
725 4854 897 4916 terra,
930 4851 1080 4921 quod
1109 4851 1300 4905 omnia
1330 4851 1574 4907 ﬂammis
1604 4851 1885 4922 cupidita-

283 4943 408 4993 tum
449 4939 892 5008 conilagrantur,
924 4944 983 4993 et
1003 4945 1206 4993 cuncta
1233 4955 1402 4993 vorax
1430 4939 1886 4995 invidia‘vastat?

954 5041 1219 5083 SBVBRUB.

354 5116 532 5170 Video
574 5116 758 5187 plane,
795 5115 1057 5187 quoniam
1105 5117 1268 5186 juxta
1325 5116 1475 5179 illud
1497 5118 1883 5189 Apocalypsis,

283 5206 439 5258 Mons
459 5205 695 5272 Magnus
711 5221 901 5259 coram
927 5204 1102 5259 oculis
1118 5207 1321 5259 ardens
1340 5208 1541 5259 missus
1554 5212 1629 5260 est
1649 5210 1712 5260 in
1733 5224 1888 5262 mare

282 5293 455 5363 hujus
483 5293 716 5363 maligni
748 5294 934 5347 saeculi
972 5294 1180 5347 nostris
1208 5294 1582 5349 crescentibus
1611 5296 1807 5366 culpis;
1830 5300 1887 5350 et

283 5385 445 5436 stella
468 5382 532 5435 de
561 5386 685 5436 calo
716 5398 921 5450 magna
944 5384 1166 5445 ardens,
1194 5388 1465 5451 tanquam
1485 5385 1674 5450 facula
1696 5383 1880 5454 (Apoc.

283 5470 434 5539 VIII),
460 5468 743 5537 discurrit,
778 5477 835 5525 et
860 5471 1063 5542 redigit
1093 5477 1311 5526 mentes
1332 5471 1683 5543 singulorum
1715 5473 1773 5527 in
1801 5475 1885 5528 fa-

285 5557 732 5650 villam.‘Contra
759 5576 899 5632 quos
922 5560 1193 5621 Arsenius
1213 5560 1322 5617 iste
1350 5577 1547 5632 pacem
1567 5561 1776 5616 Christi
1801 5561 1884 5617 fe-

1963 4497 2076 4551 tuis
2094 4496 2494 4552 assertionibus
2508 4496 2819 4567 juramenti
2838 4496 3060 4549 dextras
3078 4493 3320 4548 dabunt:
3346 4510 3457 4563 quo
3478 4510 3565 4547 sa-

1963 4585 2037 4639 tis
2063 4586 2354 4655 indignum
2385 4591 2473 4639 est
2488 4584 2874 4655 subterfugere
2906 4583 3157 4638 veritatis
3182 4582 3382 4649 amico,
3412 4586 3471 4636 et
3493 4581 3563 4636 de

1966 4673 2201 4728 veritate
2228 4673 2438 4744 aliquid
2466 4673 2787 4745 petentibus
2814 4672 3010 4726 timide
3034 4670 3290 4724 reticere.

2605 4773 2966 4816 PASCBASIUS.

2038 4852 2236 4906 Nonne
2265 4850 2452 4921 legisti
2480 4849 2630 4921 quod
2650 4848 2990 4903 inefficacem
3017 4849 3080 4919 [ἱ.
3104 4847 3387 4921 inefficax]
3409 4854 3567 4920 petat

1967 4940 2216 4994 studium
2244 4956 2334 4993 res
2368 4955 2490 5010 quae
2517 4943 2671 4992 caret
2696 4938 2931 4991 eil‘ectu?
2962 4937 3178 5009 quoties
3197 4954 3331 5009 ergo
3360 4937 3564 4992 veritas

1967 5029 2044 5083 sit
2066 5029 2300 5088 calcata,
2333 5027 2566 5098 istisque
2591 5026 2660 5080 de
2685 5026 2912 5080 sedibus
2942 5026 3105 5098 pulsa
3142 5027 3361 5097 plenius
3389 5025 3559 5080 nosti.

1969 5118 2101 5172 Ideo
2122 5117 2170 5171 si
2190 5116 2495 5188 probavero
2515 5115 2733 5170 nullum
2754 5116 2998 5187 amplius
3021 5121 3215 5170 nostro
3230 5116 3288 5169 in
3307 5120 3561 5184 tempore

1969 5207 2155 5261 Patris
2203 5205 2493 5261 Benedicti
2531 5205 2767 5259 formam
2796 5204 3054 5275 gessisse,
3087 5204 3189 5257 etsi
3217 5202 3300 5256 sol
3329 5201 3435 5255 iste
3464 5202 3561 5272 qui

1966 5301 2168 5350 cuncta
2178 5295 2406 5366 respicit
2420 5294 2593 5349 fuerit
2602 5299 2924 5361 attestatus,
2939 5301 3095 5348 ratus
3110 5296 3214 5357 est,
3231 5289 3327 5360 qui
3341 5290 3555 5358 audiat,

1968 5385 2100 5438 licet
2128 5383 2330 5438 veritas
2358 5389 2483 5438 tuta
2508 5389 2756 5437 maneat.

2586 5485 2944 5529 ADEODATUS.

2036 5563 2162 5618 Non
2193 5560 2359 5618 credo
2387 5561 2537 5633 quod
2583 5566 2774 5617 careat
2799 5577 2888 5614 res
2917 5558 3137 5623 effectu,
3169 5557 3219 5611 si
3245 5555 3559 5612 dilectionis
