4000 6170
461 258 602 315 1563

1222 256 1282 308 S.
1326 250 1702 307 PASCHASII
1741 247 2101 306 RADBER’I‘I
2140 245 2444 303 ABBATIS
2484 239 2974 300 CORBEIENSIS.

3591 233 3734 288 i564

462 383 799 453 pietatisque
817 381 928 435 fert
962 380 1246 434 affectum.
1276 377 1434 432 Unde
1464 376 1770 430 absurdum
1802 391 1914 430 non
1943 381 2047 440 est,
2069 376 2120 434 Α
2136 375 2279 428 viam
2295 369 2553 444 praebuit,
2565 371 2770 439 januas
2784 363 3344 453 resemﬂnpeccata
3359 359 3735 453 remisitgra:

460 473 630 527 etiam
652 470 826 525 invidi
845 471 893 524 si
913 469 1068 523 surdi
1088 471 1247 531 fiant,
1265 467 1549 538 paulisper
1569 465 1824 519 relaxare
1843 464 2053 519 amoris

460 562 740 624 affectum,
771 559 866 630 qui
892 558 1152 629 lacrymis
1179 557 1320 611 bene
1364 555 1628 626 pascitur,
1661 553 1884 608 fletibus
1910 552 2051 606 deli-

461 650 635 715 nitur,
668 649 866 702 obtutu
896 648 953 701 in
986 664 1113 700 eum
1147 662 1312 716 quem
1345 644 1550 714 diligis,
1583 643 1926 696 revirescens
1954 641 2052 694 de-

462 739 673 808 figitur,
708 742 763 790 et
782 736 922 790 tanti
954 735 1138 789 Patris
1163 733 1448 788 tumulum
1470 732 1655 785 saltim
1688 730 1920 784 lamenti
1950 731 2053 783 ilo-

463 827 617 880 ribus
637 824 886 880 irrorari.

1089 925 1431 967 PASCHAHL'S.

535 1004 762 1069 Verum,
779 1003 987 1074 inquis,
999 1009 1057 1057 et
1077 1003 1337 1072 religiose
1365 1001 1502 1055 satis
1522 1001 1783 1061 hortaris,
1799 1002 2050 1054 sanctam

465 1092 567 1146 Dei
597 1093 840 1147 hostiam
887 1092 1114 1163 Deoque
1164 1092 1475 1163 placentem
1515 1106 1640 1146 cum
1689 1088 1950 1158 lacrymis
1980 1087 2050 1140 ad

460 1181 582 1235 cmli
605 1182 874 1253 palatium
892 1180 1182 1252 prosequi:
1208 1195 1318 1234 non
1343 1179 1474 1250 quia
1501 1179 1674 1232 talem
1696 1192 1822 1230 eum
1859 1175 2056 1230 habui-

460 1285 606 1333 mus,
631 1271 728 1325 sed
774 1271 909 1341 quia
931 1271 1102 1325 talem
1133 1268 1444 1331 amisimus,
1479 1273 1538 1320 et
1557 1281 1683 1319 cum
1717 1265 1811 1318 illo
1838 1264 2054 1317 delictis

461 1358 792 1427 pmgravati
826 1358 1062 1412 necdum
1094 1356 1349 1410 comitari
1371 1355 1670 1425 quivimus.
1704 1353 1813 1408 Sed
1854 1353 1900 1405 si
1931 1367 2056 1423 pro-

461 1445 714 1500 verbium
746 1446 883 1500 illud
907 1445 1193 1516 antiquius
1215 1459 1407 1498 verum
1427 1448 1592 1502 esset.
1627 1442 1774 1513 quod
1801 1442 1920 1495 sola
1947 1441 2055 1494 mi-

463 1535 612 1589 seria
631 1535 842 1590 invidia
863 1540 1043 1600 caret;
1075 1539 1198 1587 tum
1226 1549 1353 1586 eum
1377 1532 1550 1586 libere
1581 1531 1721 1584 votis
1749 1545 2058 1601 proseque-

2132 464 2270 516 tiam
2302 461 2551 515 indulsit.
2595 466 2652 512 et
2692 473 2853 528 posse
2890 470 2993 526 per
3021 453 3187 507 iidem
3217 450 3406 506 dedit?
3454 448 3568 502 Sed
3599 447 3733 517 quid

2135 557 2220 604 est
2243 551 2388 620 quod
2421 549 2644 619 quidam
2682 563 2791 600 non
2818 544 3073 604 credunt,
3095 541 3284 612 plures
3307 536 3577 608 Operibus
3607 552 3731 590 con—

2135 640 2436 701 tradicunt,
2470 643 2526 691 et
2553 635 2715 706 pauci
2743 633 3009 687 veniunt?
3037 631 3134 684 ubi
3163 634 3248 682 tot
3294 630 3598 680 coruscant
3627 625 3730 678 mi-

2133 726 2345 791 racula,
2377 732 2464 780 tot
2512 724 2960 796 patriarcharum
2998 723 3341 774 concurrunt
3368 715 3646 784 exempla,
3680 719 3734 766 et

2133 817 2535 888 prophetarum
2565 814 2726 884 quasi
2755 811 2931 881 digito
2970 808 3116 878 quod
3148 807 3354 859 factum
3382 810 3489 867 est,
3523 818 3733 873 praeo-

2137 906 2233 959 nia
2260 905 2665 965 demonstrant,
2691 901 2968 954 elementa
3013 897 3284 958 sentiunt,
3314 893 3518 963 Angeli
3573 891 3735 944 obse-

2138 999 2390 1064 quuntur
2408 998 2465 1046 et
2483 990 2805 1062 praedicant.
2830 988 2909 1041 De
2930 985 3131 1056 quibus
3148 983 3416 1038 nimirum
3438 979 3735 1051 promissis

2135 1089 2192 1136 et
2221 1088 2508 1151 gestorum
2548 1077 2784 1148 eloquiis
2831 1082 3004 1131 testes
3042 1080 3176 1128 sunt
3230 1085 3428 1125 omnes
3470 1067 3730 1139 apostoli,

2135 1177 2308 1226 testes
2335 1171 2503 1224 etiam
2527 1174 2808 1237 martyres
2825 1164 3052 1228 Christi,
3085 1168 3258 1216 testes
3286 1158 3575 1214 innumeri
3602 1172 3734 1210 con-

2136 1261 2376 1314 fessores
2399 1264 2456 1312 et
2481 1255 2743 1326 virgines.
2771 1269 3010 1325 quorum
3058 1251 3189 1305 ﬁdei
3219 1248 3494 1304 miracula
3520 1246 3737 1300 meritis

2137 1352 2539 1420 protestantur.
2557 1344 2775 1399 Etenim
2808 1343 3028 1413 quando
3052 1346 3137 1394 tot
3172 1337 3452 1410 praeconia
3479 1343 3540 1389 et
3563 1340 3738 1388 testas

2139 1439 2207 1492 de
2235 1442 2351 1490 tam
2385 1435 2528 1489 bono
2550 1434 2747 1488 nuntio
2771 1436 3228 1491 contemnuntur,
3262 1443 3372 1480 non
3403 1423 3582 1477 habes
3605 1422 3739 1493 quid

2139 1527 2412 1598 queraris,
2435 1539 2562 1578 cum
2584 1523 2772 1594 plures
2802 1537 2915 1575 sum
2935 1519 3134 1573 salutis
3155 1513 3447 1588 pmoniis
3478 1527 3594 1566 non
3624 1528 3736 1564 cre-

466 1637 675 1676 remur.
691 1623 853 1676 Nunc
871 1628 1058 1676 autem
1082 1622 1208 1676 novi
1231 1622 1288 1675 in
1315 1623 1521 1675 nostris
1544 1621 1920 1690 lacrymarum
1952 1617 2058 1670 mi-
2077 1687 2111 1690 _A
2140 1615 2406 1679 diderint,
2439 1619 2497 1667 et
2524 1613 2637 1666 sint
2657 1611 2752 1682 qui
2772 1611 2842 1666 de
2871 1609 2966 1662 illo
2987 1607 3125 1662 satis
3153 1606 3299 1659 bona
3328 1603 3606 1657 sentiant.

468 1710 631 1763 seriis
661 1711 895 1764 multam
924 1711 1294 1780 quorumdam
1317 1709 1586 1763 invidiam
1607 1725 1720 1762 non
1741 1707 1945 1772 defore,
1968 1724 2057 1760 ex—
2077 1687 2124 1747 Β

465 1799 743 1868 sertisque
775 1797 1014 1853 brachiis
1042 1799 1323 1870 objurare,
1356 1798 1595 1852 maxime
1623 1798 1672 1851 si
1694 1797 2055 1862 adverterint,

461 1886 652 1940 fabula
669 1887 738 1940 de
760 1903 872 1958 quo
899 1887 1126 1942 texitur.

1129 1987 1392 2030 SEVERUS.

537 2063 653 2118 Hoc
679 2070 765 2118 est
795 2065 942 2136 quod
969 2081 1141 2136 supra
1173 2066 1381 2121 notavi.
1404 2065 1625 2119 Videris
1645 2064 1782 2117 mihi
1806 2063 1963 2135 quasi
1996 2063 2059 2116 li-

469 2158 630 2224 targo
649 2155 711 2224 [ι.
733 2155 1074 2224 lethargum]
1103 2155 1237 2226 pati.
1256 2155 1454 2209 Nonne
1473 2155 1667 2208 dixisti
1685 2157 1904 2207 morum
1923 2153 2058 2206 ima-

469 2243 657 2310 ginem
701 2250 758 2297 te
786 2245 1086 2314 picturam,
1122 2250 1178 2296 et
1207 2244 1364 2314 quasi
1397 2244 1475 2296 rei
1503 2251 1719 2313 gestam
1759 2243 1820 2311 [Ι.
1861 2242 2054 2311 gestae]

468 2330 759 2384 historiam
811 2339 1031 2400 texere;
1067 2349 1213 2386 nunc
1256 2339 1444 2386 autem
1475 2332 1633 2386 nobis
1679 2329 1924 2384 fabulam
1953 2330 2052 2383 ad-

471 2425 680 2488 portas.

1109 2521 1463 2564 ADEODATUS.

548 2597 769 2662 Mirum,
796 2598 1013 2657 Severe,
1046 2599 1191 2668 quod
1218 2604 1334 2652 tam
1375 2597 1613 2652 assuetis
1635 2598 1812 2651 uteris
1839 2612 2063 2666 semper

469 2685 763 2739 verborum
813 2687 1151 2740 acrimoniis.
1191 2686 1333 2740 Nam
1379 2687 1517 2740 mihi
1550 2687 1767 2739 videtur
1816 2683 2062 2738 fabulam

471 2776 694 2844 dixisse,
719 2793 829 2830 non
851 2777 970 2839 tibi,
991 2778 1085 2830 sed
1117 2777 1226 2830 illis
1247 2777 1448 2846 quibus
1479 2783 1656 2830 totum
1685 2776 1872 2828 fabula
1894 2781 1980 2827 est
2007 2779 2065 2827 et

474 2866 659 2930 ludus,
683 2866 828 2935 quod
848 2866 1082 2919 veritate
1102 2866 1348 2920 fulcitur.
1369 2867 1672 2920 Historiam
1694 2870 1881 2918 autem
1897 2864 2064 2932 hujus

468 2959 569 3007 tu‘a
597 2955 652 3008 in
683 2955 1024 3007 conscientia
1054 2955 1194 3025 legis
1229 2971 1240 3009 :
1274 2955 1422 3009 unde
1455 2970 1564 3008 non
1598 2953 1785 3007 fabula
1813 2952 1932 3017 tibi,
1965 2953 2064 3006 sed

473 3043 676 3096 veritas
705 3043 1042 3097 declaratur.

1116 3147 1454 3185 PASCHASIUS.

543 3219 695 3284 Jure,
723 3217 1026 3283 Adeodate,
1043 3219 1352 3290 agis,quem
1376 3220 1631 3290 precibus
1649 3221 1996 3291 fatigas,tuis
2015 3223 2062 3276 si

471 3305 655 3360 ihveas
680 3307 839 3360 votis.
875 3307 980 3360 Sed
1013 3308 1146 3378 quid
1173 3309 1352 3378 ignoti
1377 3309 1598 3374 facient,
1624 3326 1748 3364 cum
1781 3327 1815 3363 a
1842 3310 2060 3365 conscio

471 3395 874 3450 criminamur?
895 3402 994 3450 aut
1011 3411 1121 3450 non
1139 3397 1344 3466 legisti,
1361 3397 1492 3468 quid
1515 3415 1697 3470 nuper
1711 3400 1899 3453 attulit
1930 3415 2062 3468 gen-

469 3483 654 3538 tilium
685 3485 876 3539 thema
913 3493 957 3549 ι,
992 3486 1138 3556 quod
1172 3486 1399 3555 quidam
1430 3486 1733 3541 Drusillam
1771 3487 1827 3540 in
1859 3488 2059 3541 ccelum

469 3579 696 3627 euntem
728 3574 961 3627 Viderit?
1017 3574 1297 3628 Fortassis
1333 3574 1480 3628 idem
1512 3575 1713 3629 vidisse
1763 3577 2062 3630 Arsenium

470 3661 769 3715 habentem
799 3663 905 3716 iter
933 3663 990 3716 in
1017 3664 1213 3717 cmlum
1249 3663 1518 3717 narrabit.
1551 3665 1904 3735 QuaprOpter
1932 3683 2060 3720 eum

472 3750 838 3821 interrogate.
870 3752 915 3805 si
961 3751 1234 3806 vobismet
1262 3769 1374 3806 non
1404 3751 1648 3818 creditis,
1677 3752 1809 3806 velit
1834 3753 2058 3819 nolitve,

473 3855 596 3910 quae
639 3841 697 3894 in
738 3842 879 3895 ccelo
910 3847 1174 3912 aguntur,
1212 3842 1342 3912 quia
1373 3842 1574 3895 divinis
1603 3858 1713 3895 non
1760 3841 2056 3907 credimus,

469 3929 704 3984 forsitan
736 3947 796 3983 se
826 3931 1029 3984 vidisse
1055 3931 1407 3984 monstrabit.
1444 3930 1618 3994 Quem
1653 3931 1698 3983 si
1730 3931 2058 4000 interroges,

469 4019 553 4073 vel
583 4019 683 4073 soli
712 4019 993 4073 narrabit:
1027 4035 1214 4073 coram
1257 4019 1528 4090 pluribus,
1552 4026 1616 4074 ut
1643 4021 1876 4081 aestimo,
1909 4037 2057 4074 nun-

468 4124 637 4178 quam
668 4107 894 4160 verbum
919 4108 1344 4162 facturus.Nam
1371 4109 1518 4162 idem
1545 4127 1609 4162 ex
1636 4125 1744 4179 quo
1767 4110 1823 4162 in
1846 4110 2055 4164 Senatu

460 4195 672 4266 juravit
696 4196 950 4248 eamdem
979 4213 1038 4249 se
1066 4195 1266 4250 vidisse
1295 4197 1494 4250 coelum
1538 4197 1856 4262 ascendere,
1893 4199 2056 4269 eique

464 4299 565 4357 pro
597 4288 711 4338 tam
750 4284 896 4338 bono
938 4285 1137 4340 nuntio
1167 4303 1332 4339 nemo
1376 4286 1640 4353 credidit;
1675 4286 1942 4358 quidquid
1974 4287 2056 4340 vi-

2758 1707 3113 1754 PASCHASIUB.

2211 1794 2422 1848 Verum
2437 1791 2575 1844 illud
2590 1788 2924 1844 Salomonis.
2941 1785 3088 1857 quod
3101 1784 3313 1837 ferrum
3331 1781 3482 1836 ferro
3513 1779 3740 1834 acuitur

2145 1885 2504 1952 (Prov.xxvn,
2531 1881 2631 1946 l7).
2661 1875 2751 1933 Sic
2777 1883 2837 1931 et
2860 1882 2946 1939 tu,
2977 1875 3055 1929 mi
3083 1874 3276 1931 frater.
3290 1871 3500 1941 saepius
3529 1869 3737 1922 amicos

2144 1987 2283 2042 quos
2299 1971 2489 2039 diligis
2503 1968 2744 2031 exacuis,
2769 1972 2832 2019 ut
2851 1963 3134 2034 diligendo
3154 1960 3471 2032 proﬁciant.
3491 1958 3738 2012 Binese-

2141 2077 2284 2131 quor
2301 2059 2533 2112 devotus
2554 2069 2885 2126 quocunque
2901 2052 3148 2106 duxeris:
3174 2057 3362 2104 tamen
3386 2064 3519 2102 cave
3539 2053 3624 2100 ut.
3641 2045 3737 2098 ubi

2139 2149 2582 2203 emolumentum
2609 2146 2784 2207 deest,
2815 2142 3011 2196 salutis
3033 2153 3204 2194 causa
3221 2143 3404 2193 cesset
3428 2135 3663 2206 inquiri.

2647 2267 2881 2324 CAPUT
2909 2267 3213 2323 PRIMUM.

2758 2405 3104 2449 ADBODATUS.

2213 2506 2434 2571 Quaeso,
2458 2502 2906 2574 conspersionem
2932 2513 3151 2552 morum
3175 2511 3240 2550 ex
3272 2495 3477 2566 quibus
3508 2493 3738 2547 interior

2145 2596 2362 2664 integer
2406 2593 2698 2646 coniicitur
2747 2591 2935 2652 homo,
2968 2587 3198 2659 pandas,
3229 2585 3362 2655 quia
3409 2585 3555 2638 facie
3601 2599 3738 2653 pene

2145 2684 2363 2738 cunctis
2394 2699 2457 2736 ac
2484 2697 2690 2751 genere
2734 2678 3056 2732 netissimus
3109 2682 3262 2738 erat;
3294 2675 3379 2727 vel
3408 2671 3621 2743 quibus
3648 2672 3734 2735 sit,

2143 2773 2290 2828 sicut
2317 2773 2554 2826 Severus
2577 2770 2851 2833 meminit,
2893 2765 3322 2838 comparandus.

2758 2869 3126 2911 PASCHASIUS.

2217 2952 2424 3005 Verum
2442 2949 2588 3020 quod
2609 2947 2811 3018 prioris
2822 2945 3040 2998 Arsenii
3053 2960 3086 2996 a
3101 2957 3271 3014 puero
3285 2958 3350 2996 ex
3365 2941 3573 2995 militia
3593 2944 3652 2994 et
3665 2938 3742 2992 di-

2093 3037 2352 3109 anitate
2380 3037 2617 3108 gloriam
2676 3034 2980 3104 ampliavit.
3015 3033 3144 3086 Fuit
3187 3032 3336 3085 enim
3372 3027 3738 3083 consobrinus

2145 3127 2371 3183 maximi
2392 3129 2776 3196 Augustorum
2797 3124 2958 3192 eique
2990 3138 3103 3192 prae
3119 3119 3332 3174 cunctis
3350 3117 3656 3188 acceptior.
3687 3116 3738 3169 in

2145 3233 2402 3272 sermone
2426 3231 2591 3269 verax
2625 3220 2705 3270 (ut
2733 3213 2800 3266 de
2828 3212 2923 3265 illo
2953 3210 2980 3250 δ
3007 3209 3227 3270 dicitur,
3263 3209 3427 3278 cujus
3457 3207 3614 3277 apud
3643 3219 3738 3259 nos

2145 3322 2325 3377 nuper
2351 3305 2520 3358 delati
2549 3303 2781 3366 cineres,
2807 3300 2980 3354 tantis
3009 3302 3376 3353 coruscarunt
3406 3296 3736 3362 miraculis),

2143 3395 2200 3449 in
2227 3394 2438 3465 judicio
2464 3395 2673 3462 justus,
2711 3391 2971 3462 providus
2999 3389 3055 3441 in
3112 3387 3362 3451 consilio,
3401 3391 3461 3439 et
3501 3387 3562 3439 in
3594 3401 3740 3438 com-

2144 3485 2313 3538 misso
2345 3483 2721 3536 fidelissimus.
2757 3482 2821 3535 In
2870 3485 3069 3534 senatu
3111 3479 3335 3549 quidem
3381 3494 3500 3547 pra:
3530 3475 3740 3529 cunctis

2147 3571 2387 3644 pollebat
2416 3571 2658 3640 ingenio,
2684 3575 2748 3622 ut
2770 3569 2815 3621 si
2841 3569 3285 3636 interrogaretur
3303 3566 3374 3618 do
3399 3563 3737 3635 quibuslibet

2143 3676 2331 3714 rerum
2380 3659 2636 3728 negotiis,
2671 3657 2938 3728 quidquid
2989 3657 3188 3709 melius
3214 3655 3321 3708 dici
3356 3660 3458 3708 aut
3508 3652 3738 3706 inveniri

2144 3751 2378 3820 poterat,
2413 3763 2538 3800 mox
2559 3747 2617 3799 in
2642 3745 2836 3822 eodem
2864 3753 3149 3798 momento
3171 3744 3290 3796 sine
3322 3744 3440 3796 ulla
3472 3742 3736 3796 dilatione

2145 3837 2303 3908 quasi
2333 3837 2402 3890 de
2428 3835 2578 3888 fonte
2610 3833 2874 3888 manabat
2893 3833 3127 3887 consilii.
3154 3834 3400 3902 Eratque
3418 3834 3535 3901 jam
3561 3831 3618 3883 in
3651 3827 3737 3882 illo

2143 3933 2278 3980 tunc
2301 3924 2570 3996 temporis
2587 3925 2764 3977 virtus
2784 3939 3024 3986 summa,
3041 3921 3232 3975 multis
3261 3936 3326 3974 ex
3345 3921 3518 3974 rebus
3546 3916 3737 3989 ampli-

2139 4014 2306 4068 ﬁcata
2332 4013 2655 4075 auctoritas,
2687 4028 2852 4082 quem
2887 4016 2944 4064 et
2969 4011 3187 4064 bonitas
3218 4024 3282 4062 ac
3320 4009 3587 4062 nobilitas
3620 4022 3732 4059 mo-

2138 4118 2262 4156 rum
2293 4102 2624 4172 generisque
2640 4095 3070 4155 commendabat
3118 4096 3516 4152 Illustrabatur
3544 4101 3728 4149 autem

2139 4191 2428 4262 sapientia,
2463 4191 2601 4244 adeo
2629 4195 2693 4243 ut
2733 4193 2789 4243 et
2819 4190 2876 4243 in
2915 4188 3117 4241 divinis
3163 4187 3482 4258 proficeret,
3519 4201 3646 4238 cum
3678 4185 3727 4236 in

2138 4280 2400 4334 humanis
2430 4279 2643 4333 caeteris
2695 4278 3054 4348 praecelleret.
3090 4275 3479 4346 Eloquentiam
3514 4285 3730 4344 quoque

467 4373 632 4440 derit,
663 4372 846 4428 verbis
884 4375 1168 4444 conceptis
1199 4374 1444 4428 firmavit
1487 4392 1548 4428 se
1579 4375 1719 4429 nulli
1750 4376 2052 4439 dicturum,
2080 4367 2507 4437 Dutrarumque
2539 4367 2879 4437 linguarum,
2909 4381 3022 4436 qua
3068 4364 3341 4434 sapientia
3399 4364 3729 4432 plerumque

465 4463 686 4517 etiamsi
706 4462 765 4516 in
791 4461 911 4516 foro
941 4461 1226 4516 hominem
1257 4462 1483 4516 vidisset
1507 4462 1768 4517 occisum.

1094 4564 1436 4605 ADEODATUS.

540 4638 730 4692 Sentio
756 4639 886 4709 quid
908 4638 1206 4710 praetendis
1235 4639 1400 4709 paulo
1419 4637 1671 4693 timidius
1694 4653 1859 4709 quam
1890 4655 2056 4709 expe-

469 4723 600 4777 diat.
663 4727 906 4780 Putasne
960 4742 1191 4782 narrare
1241 4727 1546 4799 quidpiam,
1599 4729 1744 4798 quod
1799 4727 2056 4782 omnibus

469 4827 626 4882 aeque
663 4813 896 4883 placeat,
929 4817 1226 4886 cunctique
1255 4816 1517 4871 credant?
1548 4806 1704 4880 Quid
1741 4817 1915 4886 igitur
1957 4816 2053 4871 illo

468 4901 666 4955 nuntio
696 4901 920 4962 clarius,
953 4905 1152 4974 quidve
1181 4905 1414 4971 felicius,
1442 4909 1499 4959 et
1532 4904 1698 4975 (quod
1739 4903 1920 4974 majus
1950 4909 2050 4966 est)

418 5048 432 5064 ο
468 4990 602 5061 quid
631 4988 834 5055 verius,
868 4991 1016 5059 quod
1068 4993 1323 5047 Christus
1369 4993 1542 5048 victor
1587 4993 1656 5047 ab
1703 4988 1897 5048 inieris
1927 5009 2054 5048 cum

467 5093 634 5133 carne
653 5077 820 5132 caelos
845 5077 1058 5149 petivit,
1084 5082 1453 5153 omnibusque
1478 5082 1608 5137 illuc
1635 5079 1947 5136 volentibus
1975 5083 2057 5136 ire

541 5252 566 5279 ι
614 5242 678 5295 In
708 5257 813 5296 ms.
846 5240 1056 5304 codice,
1091 5247 1252 5295 tema.
1305 5243 1439 5305 Quae
1468 5243 1540 5297 sit
1570 5242 1666 5296 illa
1693 5242 1955 5305 Drusilla,
1988 5257 2060 5296 an

471 5313 663 5382 fictum
687 5329 911 5378 nomen,
941 5313 1203 5382 ignorare
1236 5329 1323 5366 me
1342 5314 1539 5367 fateor.

543 5380 570 5421 δ
597 5384 810 5454 Nempe
839 5384 908 5455 de
928 5380 1121 5437 sancto
1153 5383 1500 5455 Sebastiano,
1520 5384 1588 5438 de
1617 5401 1726 5455 quo
1754 5384 1870 5438 hzec
1896 5384 2064 5439 verba

470 5456 740 5530 leguntur
764 5455 817 5508 in
849 5454 1027 5525 ipsius
1049 5454 1208 5530 Actis
1238 5472 1248 5506 :
1279 5455 1416 5530 Erat
1435 5457 1584 5530 enim
1630 5454 1906 5530 strictius
1920 5473 2066 5525 pru-

469 5527 686 5590 dentie,
715 5527 779 5578 in
799 5524 1263 5592 sermone'veraac,
1296 5525 1359 5579 in
1379 5524 1596 5594 judicio
1619 5529 1825 5592 justus,
1851 5524 2066 5580 {nican-

2132 4457 2386 4526 juvatur,
2420 4461 2477 4509 et
2527 4456 2741 4525 copiam
2772 4454 2990 4508 dicendi
3021 4453 3090 4506 ad
3124 4452 3582 4524 persuadendum
3613 4465 3730 4522 quae

2137 4546 2321 4609 vellet,
2353 4545 2660 4598 modestam
2691 4543 2859 4597 nimis
2889 4542 3146 4596 habebat.
3180 4541 3340 4595 Unde
3368 4541 3508 4594 dum
3537 4538 3730 4610 hujus-

2138 4633 2353 4688 cemodi
2378 4634 2648 4688 reniteret
2671 4632 2849 4694 bonis,
2881 4630 2952 4684 ab
2981 4630 3239 4684 omnibus
3267 4629 3591 4683 amabatur.

2751 4731 3098 4777 ADEODATUS.

2209 4807 2388 4865 Velim
2411 4811 2542 4865 talis
2561 4827 2686 4866 cum
2713 4815 2876 4872 esset,
2904 4811 3038 4864 mihi
3060 4810 3310 4881 replices,
3327 4805 3460 4880 quid
3489 4809 3566 4862 sit
3586 4807 3728 4879 quod

2135 4896 2316 4956 virum
2346 4900 2500 4967 rixae,
2523 4901 2817 4971 virumque
2843 4899 3132 4954 discordiae
3160 4917 3221 4954 se
3249 4897 3611 4970 progenitum
3633 4898 3733 4950 {re

2138 4995 2374 5061 quenter
2397 4991 2755 5059 ingemuerit,
2781 4988 3111 5060 praesertim,
3139 4997 3204 5043 ut
3232 4989 3334 5052 ais,
3357 4988 3494 5042 dum
3525 4988 3595 5041 ab
3625 5005 3734 5041 om-

2139 5078 2306 5133 nibus
2330 5078 2644 5133 amabatnr.

2141 5245 2268 5295 sitio
2288 5242 2568 5308 prouidus,
2586 5243 2649 5294 in
2669 5242 2952 5294 commisso
2972 5241 3165 5308 ﬁdelis.
3197 5237 3357 5293 Unde
3376 5240 3530 5310 quod
3551 5237 3733 5294 subdit

2145 5311 2494 5370 Paschasius.
2509 5315 2667 5379 cuius
2681 5313 2831 5380 apud
2851 5328 2946 5364 nos
2967 5327 3142 5379 nuper
3162 5312 3335 5364 delati
3353 5315 3586 5377 cineres,
3606 5318 3724 5366 etc...

2147 5383 2571 5454 intelligendum
2597 5390 2682 5437 est
2701 5383 2770 5437 de
2790 5385 2912 5448 eius
2931 5381 3300 5454 translatione
3321 5381 3377 5435 in
3412 5381 3727 5454 Galliam,id

2149 5462 2235 5510 est
2260 5453 2318 5509 in
2331 5449 2746 5509 ~Suessionense
2778 5453 2957 5508 sancti
3003 5449 3253 5506 Medardi
3284 5453 3684 5507 monasterium
3710 5470 3723 5505 :

2149 5541 2262 5600 qua
2289 5524 2348 5579 in
2377 5524 2516 5578 urbe
2548 5522 2880 5580 Paschasius
2909 5523 3142 5578 eductus
3159 5537 3192 5577 a
3221 5535 3396 5594 puero
3429 5522 3626 5589 fuerat.
