4000 6170
910 231 1037 318 ’ΒΕ
1072 263 1243 324 VITA
1280 265 1535 333 WALE,
1575 266 1713 327 seu
1749 267 1891 327 sun

1973 270 2196 328 PHIUM
2230 270 2544 330 ARSENII.
2575 296 2643 317 -ο
2673 272 2811 332 LII.
2852 275 2898 328 Ι.
3411 275 3563 337 15⁸6

895 401 1257 449 Ρλθϐιηωε.
1895 398 1941 459 Α
1958 399 2112 449 esset
2128 393 2271 451 mori
2293 399 2541 466 paratus,
2557 399 2879 455 nostrorum
2893 396 3188 455 nullusut
3203 397 3303 468 qui

354 473 558 534 Fateor
585 473 719 545 quia
744 475 815 535 de
843 476 1114 555 religione
1142 478 1295 536 zelus
1323 478 1376 532 ei
1420 479 1678 541 accrevit.
1722 486 1781 540 ct
1810 480 1881 537 de
1962 482 2219 552 Agebant
2245 482 2393 536 enim
2424 483 2586 553 quasi
2607 484 2859 538 dicerent
2876 484 3014 538 illud
3043 485 3295 540 Jeremiaa
3313 485 3371 541 in
3388 501 3557 545 eum

280 563 471 633 gratio
502 563 729 621 uberior
758 565 950 619 virtus.
984 566 1233 627 Necdum
1274 568 1425 625 enim
1454 569 1881 638 presentiarum
1978 574 2175 636 Venite,
2202 576 2580 641 percutiamus
2606 589 2734 627 eum
2754 576 2971 641 lingua,
3003 578 3188 627 etnon
3211 576 3563 628 attendamus

285 652 605 723 reipublicae
643 653 981 707 detrimenta
1026 660 1275 720 noverat,
1326 673 1491 726 quam
1532 658 1884 727 augmentari
1958 662 2037 714 ad
2072 664 2360 717 universos
2384 677 2659 723 sermones
2686 665 2802 731 ejus
2834 663 2967 728 (λον.
3007 677 3127 728 vm,
3164 660 3271 730 i8).
3309 662 3564 731 Quorum

283 740 584 811 gaudebat.
621 741 686 795 Et
714 742 841 796 ideo
870 744 996 813 plus
1027 744 1381 801 ﬁrmissimus
1410 744 1681 800 nobilium
1707 745 1884 800 socie-
1964 748 2066 803 tali
2095 754 2365 819 tantoque
2392 750 2624 807 allectus
2669 749 2856 811 taedio,
2889 750 3053 820 petiit
3097 750 3382 810 interdum
3408 766 3566 809 com-

284 259 427 319 1565

284 834 451 893 tates.
483 829 976 901 sanctissimasque
1006 831 1254 902 plebium
1283 832 1559 890 amicitias
1598 833 1881 901 studebat,

285 935 478 990 quam,
504 918 814 975 secundum
840 920 1165 984 Jeremiam,
1206 927 1434 992 peccata
1458 927 1519 977 et
1542 922 1886 996 detrimenta

284 1024 496 1073 rerum,
531 1023 654 1077 quae
683 1008 923 1065 necdum
960 1010 1102 1065 adeo
1146 1016 1523 1073 excreverant,
1570 1011 1881 1083 deplorare.

282 1099 372 1156 An
400 1097 647 1166 ignoras,
681 1096 987 1162 Adeodate,
1015 1098 1167 1169 quod
1195 1098 1278 1154 vir
1297 1098 1476 1155 bonus
1503 1115 1617 1157 non
1640 1100 1764 1170 plus
1781 1100 1886 1157 sibi

277 1200 451 1255 quam
476 1184 668 1254 patriae
695 1187 938 1241 consulit
963 1194 1022 1245 et
1049 1187 1295 1243 civibus?
1322 1188 1637 1259 Scipionem
1664 1206 1885 1260 quoque

282 1272 451 1329 nosti.
469 1278 527 1325 et
548 1272 791 1343 reliquos
812 1275 1065 1344 ejusdem
1083 1276 1270 1331 saeculi
1292 1276 1458 1342 viros,
1482 1277 1578 1347 qui
1597 1294 1698 1348 pro
1717 1277 1888 1335 maxi-

284 1359 394 1421 mis
422 1360 620 1431 patriae
658 1379 722 1417 ac
754 1363 1011 1433 plurimis
1040 1365 1309 1421 virtutum
1332 1365 1618 1424 beneﬁciis
1641 1365 1771 1422 odia
1793 1371 1886 1423 tu-

286 1447 495 1517 lerunt,
524 1454 587 1505 et
612 1451 764 1509 varia
784 1452 982 1511 mortis
1013 1452 1363 1514 discrimina.

907 1576 1141 1641 CAPUT
1176 1578 1229 1632 ΙΙ
1243 1621 1258 1635 .

911 1714 1265 1757 ADEODATUS.

358 1806 510 1869 Proh
536 1806 697 1865 dolor
721 1807 733 1860 l
766 1808 917 1879 quod
946 1807 1363 1865 innumerosior
1390 1823 1519 1878 pars
1563 1807 1681 1865 ima
1714 1813 1886 1883 petat,

286 1894 505 1957 utinam
533 1895 681 1951 inter
710 1897 1000 1967 religiosos
1028 1905 1233 1955 nostrae
1261 1897 1443 1953 etatis
1468 1895 1612 1951 viros
1642 1896 1751 1953 ista
1778 1914 1891 1955 non

285 1986 548 2047 nossem!
581 1987 632 2041 Ν
638 2002 745 2043 unc
790 1986 837 2043 is
884 1987 1126 2057 qualiter
1150 1986 1222 2040 ad
1259 1985 1630 2045 monasticam
1674 1987 1891 2045 venerit

288 2072 640 2144 disciplinam
667 2074 914 2146 requiro.

912 2178 1266 2221 PASCHASIL'S.

359 2252 570 2311 Verum
612 2252 798 2306 saculi
838 2252 1021 2321 gloria
1047 2268 1335 2323 nunquam
1379 2252 1501 2313 sine
1548 2251 1755 2311 invidia
1784 2257 1887 2318 est,

288 2356 391 2392 nec
405 2339 747 2409 prosperitas
769 2340 887 2393 sine
900 2340 1222 2393 discrimine
1242 2340 1480 2413 alicujus
1498 2341 1855 2397 adversitatis
1875 2359 1885 2393 :

289 2427 388 2480 sed
419 2427 501 2480 vir
526 2427 733 2497 probus
762 2431 1015 2499 utrisque
1037 2428 1291 2500 partibus
1325 2429 1503 2482 utitur
1530 2430 1602 2482 ad
1628 2430 1888 2483 salutem.

289 2516 449 2573 Unde
470 2516 742 2575 Arsenius
770 2534 895 2577 cum
920 2518 1240 2588 pulsaretur
1260 2518 1629 2589 quorumdam
1651 2518 1888 2584 insidiis,

292 2604 485 2659 videns
504 2604 872 2661 violentorum
899 2606 1303 2677 impudentiam
1325 2607 1485 2662 sedes
1514 2623 1786 2679 occupare
1805 2608 1893 2665 in-

290 2692 528 2759 debitus,
560 2695 710 2763 quod
748 2693 902 2764 prius
923 2694 981 2749 in
1006 2701 1193 2749 mente
1226 2696 1337 2751 Deo
1368 2701 1607 2759 voverat,
1634 2701 1890 2771 Optatum

294 2780 402 2843 sibi
426 2788 648 2853 tempus
668 2783 909 2844 invenit:
934 2789 993 2838 et
1010 2783 1159 2853 quod
1178 2783 1366 2841 callidi
1387 2784 1753 2841 dissertorum
1771 2784 1892 2841 loca

294 2874 571 2938 tenerent,
599 2877 657 2937 et
686 2872 866 2931 intimi
890 2872 1211 2929 notissimos
1241 2872 1444 2945 populo
1469 2879 1638 2943 atque
1663 2873 1891 2929 amicis-

294 2958 466 3013 simos
496 2976 683 3014 marsa
705 2960 827 3029 (sic)
849 2977 1017 3017 manu
1038 2967 1405 3031 prostrarent.
1434 2961 1578 3030 Ergo
1603 2977 1730 3014 cum
1748 2962 1891 3015 tales

1967 838 2224 895 morandi
2240 839 2423 895 locum
2436 836 2464 882 1³
2479 838 2538 895 in
2555 838 2837 908 adjutorio
2858 838 3132 896 Altissimi
3144 845 3203 893 et
3221 838 3566 909 protectione

1968 925 2070 982 Dei
2092 925 2235 992 coeli,
2286 943 2397 997 quo
2448 927 2637 983 nullus
2673 926 3031 983 inimicorum
3077 926 3353 983 violenter
3379 933 3569 998 posset

1967 1014 2143 1068 adire.
2179 1014 2290 1069 Sed
2317 1032 2441 1079 nos,
2473 1015 2608 1071 dum
2626 1014 2733 1070 sibi
2763 1014 3060 1080 consuluit,
3085 1015 3156 1071 ad
3183 1015 3380 1071 horum
3408 1015 3569 1072 deso-

1968 1102 2111 1155 latos
2141 1109 2199 1156 et
2223 1120 2461 1157 maerore
2491 1104 2683 1174 plenos
2709 1103 2955 1173 reliquit.
2987 1103 3144 1158 Unde
3173 1104 3404 1161 turbata
3428 1108 3565 1161 sunt

1966 1191 2100 1245 satis
2132 1192 2340 1246 viscera
2370 1209 2514 1254 mea,
2547 1192 2786 1248 etl‘usum
2818 1198 2904 1247 est
2926 1192 2986 1247 in
3011 1198 3164 1246 terra
3187 1194 3347 1262 jecur
3374 1208 3565 1246 meum

1966 1296 2135 1350 super
2154 1281 2466 1335 absentiam
2489 1282 2633 1337 tanti
2656 1280 2859 1346 Patris,
2876 1286 2934 1335 et
2951 1297 3167 1351 nequeo
3182 1297 3401 1335 morum
3423 1280 3569 1335 ima-

1968 1369 2159 1439 ginem
2186 1370 2462 1440 respicere
2491 1386 2604 1441 prae
2623 1370 2904 1441 lacrymis.
2928 1370 3040 1427 Sed
3066 1370 3292 1440 plorans
3314 1368 3565 1440 plorabo,

1970 1458 2147 1513 donec
2173 1458 2462 1515 tabescunt
2489 1459 2657 1523 oculi,
2688 1464 2754 1515 ut
2781 1459 2864 1517 vel
2888 1458 2971 1515 sic
3008 1458 3149 1515 meis
3179 1457 3435 1515 consoler
3458 1457 3574 1515 mi-

1970 1547 2152 1608 seriis,
2178 1548 2277 1618 qui
2304 1547 2488 1605 subito
2516 1548 2927 1605 consolatorem
2968 1545 3144 1604 animi
3179 1546 3353 1605 talem
3376 1545 3570 1605 amisi.

2634 1648 2901 1691 εενιιωε.

1906 1704 1957 1770 Β
2044 1726 2269 1793 Precor,
2296 1725 2581 1796 paulisper
2604 1725 2862 1797 quiescas
2905 1741 2939 1780 a
2980 1725 3223 1796 ploratu,
3256 1739 3329 1783 no
3376 1737 3576 1781 rursus

1972 1820 2430 1867 commoveantur
2472 1814 2751 1867 recentius
2792 1813 3006 1867 viscera
3048 1812 3293 1878 ﬂetibus.
3343 1816 3403 1871 et
3455 1826 3573 1870 non

1973 1901 2249 1972 possimus
2277 1917 2595 1971 expungere
2622 1917 2748 1973 qum
2785 1901 3061 1957 novimus.
3111 1900 3220 1954 Sed
3267 1904 3574 1970 antequam

1970 1989 2321 2045 abducantur
2344 1988 2492 2046 oculi
2518 1988 2777 2060 caligine,
2801 2004 3023 2046 morum
3046 1988 3235 2058 imago
3254 1987 3375 2045 suis
3405 2003 3578 2044 venu-

1972 2077 2241 2134 stioribus
2291 2078 2557 2149 pingatur
2606 2076 2884 2134 coloribus
2931 2093 2943 2126 :
2990 2082 3111 2133 tum
3148 2076 3375 2133 demum
3407 2075 3576 2147 plena.

1969 2166 2109 2225 clari
2136 2165 2448 2223 recordatio
2474 2166 2659 2223 vultus
2685 2166 2932 2223 calentes
2963 2165 3340 2237 lacrymarum
3355 2163 3575 2235 aperiet

1972 2254 2173 2320 fontes,
2217 2262 2273 2308 et
2301 2254 2381 2309 sic
2409 2255 2467 2312 in
2493 2253 2674 2325 jubilo
2697 2254 2794 2308 illo
2821 2254 3173 2325 inspectante
3198 2253 3444 2326 desuper
3468 2252 3574 2309 da»-

1974 2341 2158 2399 bimus
2184 2343 2368 2407 ﬂetus,
2396 2342 2527 2395 hinc
2555 2342 2779 2411 quidem
2806 2342 3138 2411 gaudentes,
3176 2341 3306 2399 hinc
3338 2341 3569 2409 tristes;

1974 2429 2106 2488 hinc
2133 2432 2337 2495 mmsti,
2365 2431 2494 2485 hinc
2522 2430 2636 2485 laeti
2659 2449 2674 2497 ;
2718 2430 2849 2486 hinc
2876 2447 3099 2502 quoque
3138 2429 3413 2495 destituti,
3441 2428 3575 2485 hinc

1974 2518 2223 2573 subvecti
2258 2537 2268 2571 :
2301 2519 2563 2589 quoniam
2597 2519 2702 2573 etsi
2721 2519 2929 2575 doloris
2965 2525 3054 2577 est
3076 2519 3226 2591 quod
3254 2518 3570 2583 amisimus,

1972 2606 2168 2677 gaudii
2186 2624 2307 2660 esse
2328 2607 2513 2672 debet,
2537 2609 2684 2679 quod
2709 2609 2879 2663 talem
2893 2624 3027 2667 eum
3055 2608 3125 2665 ad
3152 2608 3275 2665 caeli
3300 2607 3575 2679 palatium

1974 2694 2399 2753 intercessorem
2434 2696 2823 2766 praemisimus.
2871 2698 2957 2753 An
3002 2696 3228 2753 nescitis
3268 2694 3574 2753 Jeremiam

1970 2783 2150 2848 illum,
2182 2786 2342 2855 cujus
2373 2784 2479 2841 iste
2518 2785 2625 2843 fert
2660 2790 2880 2857 typum,
2923 2786 3054 2841 licet
3100 2785 3156 2840 in
3203 2785 3387 2842 lacum
3433 2783 3573 2841 satis

1971 2889 2254 2927 caenosum
2285 2889 2319 2926 a
2349 2874 2554 2944 populo
2594 2873 2891 2937 dimersus,
2924 2873 3074 2944 quod
3098 2873 3328 2929 demum
3357 2873 3574 2929 levatus

1971 2960 2043 3015 ad
2071 2967 2225 3017 astra
2246 2961 2486 3017 multum
2507 2968 2633 3016 orat
2651 2962 2675 3015 ’Ζ
2696 2962 2855 3027 Quod
2874 2961 2924 3017 si
2943 2962 3036 3017 ille
3059 2978 3159 3033 pro
3179 2960 3269 3018 his
3290 2960 3364 3015 ad
3392 2961 3574 3017 Deum

290 3054 549 3111 cerneret
590 3049 854 3107 adversus
884 3050 1164 3120 sapientes
1192 3054 1468 3127 potestate
1498 3050 1683 3125 potius
1708 3065 1894 3119 agere,
1915 3054 1959 3117 ί]
1979 3065 2175 3120 preces
2206 3049 2594 3107 indesinenter
2612 3050 2776 3116 fudit,
2794 3067 2895 3122 pro
2911 3050 3112 3121 quibus
3138 3050 3191 3108 ei
3210 3049 3577 3107 interdictum

292 3152 527 3207 esseque
544 3137 878 3208 superiores,
894 3143 953 3192 et
964 3137 1111 3206 vulgi
1126 3137 1495 3199 aestimatione
1515 3137 1891 3207 dignissimos;

291 3225 629 3296 praemonuit
653 3226 831 3288 multa
874 3226 1245 3291 incommoda,
1282 3227 1571 3296 multaque
1602 3225 1896 3295 naufragia

291 3314 498 3385 populo
528 3315 835 3384 pervenire.
880 3315 1024 3373 Tum
1078 3331 1228 3380 vero,
1274 3314 1465 3371 multis
1513 3313 1895 3375 contradicen-

288 3401 468 3470 tibus,
497 3403 762 3466 saaculum
793 3408 851 3458 et
879 3403 1074 3461 mundi
1111 3402 1399 3461 illecebras
1430 3402 1550 3459 sine
1579 3401 1770 3459 dolore
1793 3402 1892 3457 de-

289 3490 500 3564 posuit,
532 3500 807 3562 quantum
837 3510 905 3546 ea
931 3492 1051 3551 sine
1080 3508 1269 3551 amore
1298 3495 1560 3552 tenuerat
1587 3508 1601 3546 :
1637 3490 1732 3565 qui
1762 3506 1890 3549 cum

293 3586 444 3636 esset
470 3580 659 3641 divino
687 3597 880 3641 amore
908 3597 1224 3645 succensus,
1260 3578 1467 3635 relictis
1496 3577 1892 3646 omnibus,cm—

293 3668 526 3733 nubium
556 3676 574 3699 ⁸
612 3670 774 3741 petiit
802 3671 1122 3727 monasticae
1154 3668 1482 3740 disciplima,
1514 3684 1583 3723 ne
1616 3667 1751 3733 suis,
1794 3667 1892 3725 sed

292 3758 503 3821 Christi
532 3759 770 3830 legibus,
804 3767 860 3817 et
889 3759 1089 3829 spiritu
1118 3752 1384 3828 ageretur
1417 3756 1603 3815 divino
1657 3759 1897 3827 Legerat

292 3847 466 3913 enim,
498 3848 644 3918 quod
676 3848 772 3919 qui
802 3847 1001 3918 spiritu
1036 3847 1135 3907 Dei
1157 3852 1422 3916 aguntur,
1474 3845 1573 3903 filii
1620 3846 1719 3905 Dei
1763 3849 1895 3903 sunt

295 3936 468 4001 (Rom.
503 3950 619 4009 vin,
664 3936 782 4004 li);
829 3942 887 3990 et
929 3935 1053 3995 ideo
1082 3935 1339 3995 certatim
1388 3950 1500 3989 non
1534 3950 1594 3991 se
1643 3932 1764 3998 sibi,
1800 3933 1898 3989 scd

295 4024 582 4089 Christum
610 4024 938 4096 praeferebat
966 4024 1024 4078 in
1053 4023 1333 4083 omnibus.
1382 4022 1486 4078 Ubi
1533 4022 1775 4094 qualiter
1823 4021 1899 4075 sit

293 4120 675 4177 conversatus,
732 4114 998 4171 Severum
1050 4113 1335 4182 interroga
1383 4130 1394 4166 :
1443 4111 1708 4182 quoniam
1759 4110 1897 4171 mihi

294 4203 571 4265 hactenus
598 4203 733 4263 dum
762 4213 949 4256 vestra
967 4201 1156 4257 curavi
1184 4200 1399 4267 audire,
1431 4200 1608 4259 levius
1636 4199 1739 4255 tuli
1770 4215 1895 4271 qum

295 4290 497 4350 tolero.
513 4292 876 4351 Nuncautem
892 4307 1018 4351 mox
1032 4297 1096 4346 ut
1115 4306 1244 4345 eum
1260 4289 1424 4359 attigi
1438 4305 1605 4360 quem
1622 4288 1891 4351 videram,

1976 3143 2080 3203 est,
2095 3138 2226 3192 dum
2243 3144 2657 3208 superesset,ne
2670 3145 2922 3195 assumat
2933 3140 3245 3197 orationem
3261 3144 3320 3194 et
3328 3138 3574 3205 laudem;

1976 3225 2109 3301 quid
2138 3232 2304 3298 putas
2332 3227 2439 3281 istc
2466 3244 2567 3298 pro
2597 3227 2683 3283 his
2710 3227 2891 3293 faciet,
2911 3244 3052 3299 quos
3073 3227 3218 3285 filios
3244 3227 3443 3300 utique
3466 3225 3578 3284 sibi

1974 3314 2174 3370 charos
2203 3321 2319 3369 tam
2340 3316 2525 3370 subito
2561 3316 2841 3374 desolatas
2870 3316 3138 3386 reliquit?
3161 3316 3386 3373 Dictum
3408 3331 3578 3374 nam-

1974 3418 2081 3475 que
2112 3403 2181 3458 de
2209 3403 2305 3457 illo
2335 3404 2570 3475 legimus
2603 3423 2615 3463 ;
2649 3405 2749 3461 Hic
2767 3409 2844 3457 est
2868 3406 3121 3473 fratrum
3147 3410 3387 3470 amator,
3420 3405 3574 3461 Iere-

1971 3490 2114 3545 mias
2140 3491 2413 3563 prapheta
2440 3491 2559 3557 Dei,
2592 3493 2683 3547 hic
2707 3496 2781 3546 est
2809 3495 2909 3559 qui
2939 3495 3184 3547 multum
3214 3496 3335 3547 orat
3359 3507 3462 3559 pro
3485 3507 3579 3561 po-

1968 3582 2121 3649 pulo,
2152 3586 2202 3631 et
2230 3582 2489 3637 universa
2519 3582 2739 3635 civitate
2766 3586 2956 3634 sancta
2982 3581 3308 3635 Jerusalem.
3341 3579 3500 3648 Quod
3524 3576 3577 3635 si

1973 3666 2069 3722 ille
2090 3684 2190 3739 pro
2206 3668 2431 3725 civitate
2449 3674 2505 3721 et
2524 3668 2729 3741 populo
2745 3668 2967 3725 laudem
2985 3672 3042 3725 et
3059 3668 3370 3726 orationem
3404 3667 3578 3724 etiam

1977 3756 2292 3829 prohibitus
2334 3756 2591 3820 assumit,
2645 3772 2813 3829 quem
2845 3756 2976 3813 olim
3004 3757 3192 3813 vivens
3217 3757 3297 3813 sic
3322 3756 3574 3823 deﬂevit,

1978 3844 2068 3901 cui
2114 3845 2344 3901 tbrenos
2402 3846 2753 3916 composuit,
2797 3845 3046 3901 lamenta
3090 3843 3393 3915 institutit;
3442 3845 3578 3918 quid

1977 3934 2226 3990 facturus
2260 3934 2364 3991 iste
2388 3951 2487 4005 pro
2503 3934 2640 3998 suis,
2665 3951 2804 4008 quos
2824 3934 3056 3989 dilexit?
3075 3935 3276 3990 Fateor
3297 3934 3445 4007 quod
3462 3950 3578 3991 non

1978 4029 2197 4080 tantum
2217 4040 2315 4094 pro
2337 4023 2515 4087 nobis,
2543 4040 2735 4078 verum
2758 4022 2928 4079 etiam
2950 4028 3005 4077 ct
3026 4038 3125 4093 pro
3146 4022 3251 4088 his,
3270 4022 3354 4079 uti
3382 4027 3441 4081 et
3459 4022 3573 4088 ille,

1978 4129 2118 4182 quos
2148 4112 2405 4166 inimicos
2437 4112 2687 4183 pertulit,
2727 4112 3061 4169 intercessor
3083 4112 3193 4167 erit
3225 4130 3236 4165 :
3270 4111 3404 4184 quia
3427 4116 3579 4169 utro-

1975 4217 2213 4272 rumque
2228 4200 2462 4255 invectio
2484 4201 2706 4255 illorum
2723 4205 2840 4255 tam
2860 4216 3057 4257 severa
3067 4205 3263 4257 contra
3281 4200 3575 4274 pepulum,

1976 4306 2088 4349 non
2109 4290 2178 4343 de
2197 4289 2344 4355 odio,
2369 4289 2463 4343 sed
2489 4289 2557 4347 de
2585 4305 2777 4347 amore
2807 4289 2928 4343 fuit.
2950 4290 3065 4347 Ista
3093 4289 3225 4345 licet
3254 4290 3441 4347 minus
3461 4304 3580 4347 cre-

296 4379 636 4450 qualemque
661 4378 988 4445 habueram,
1028 4395 1198 4435 novos
1234 4377 1421 4430 inveni
1451 4378 1672 4431 dolores
1701 4366 2130 4444 recendeant,
2164 4385 2357 4432 tamen
2386 4395 2488 4432 nos
2517 4379 2613 4451 qui
2640 4394 2773 4437 eum
2810 4377 3158 4448 agnovimus,
3190 4377 3447 4436 dubitare
3477 4394 3581 4434 ne-

297 4472 515 4536 tesque,
548 4484 687 4537 quos
712 4467 895 4521 abisse
923 4466 1209 4537 putabam.
1260 4465 1473 4519 Idcirco
1502 4465 1787 4535 paulisper
1816 4465 1894 4518 si-

293 4555 463 4620 leam,
476 4556 652 4617 donec
662 4555 807 4617 oculi
829 4555 936 4619 mei
955 4555 1167 4610 fontem
1184 4554 1473 4615 inveniant
1494 4554 1890 4625 lacrymarum,

295 4647 354 4705 et
380 4643 657 4705 deducant
685 4660 891 4716 aquam
914 4663 927 4711 ;
960 4644 1093 4719 quis
1117 4644 1282 4714 longe
1301 4642 1480 4705 factus
1501 4647 1588 4699 est
1602 4659 1636 4704 ει
1656 4660 1745 4698 me
1759 4659 1893 4703 con-

292 4732 508 4795 solator
562 4749 738 4800 meus,
787 4738 1117 4794 convertens
1156 4732 1406 4794 animam
1453 4748 1658 4793 meam.
1707 4732 1897 4805 Longe

290 4819 470 4893 igitur
493 4820 692 4888 factus,
723 4822 858 4895 quia
876 4821 1107 4881 recessit
1130 4820 1261 4875 hinc
1280 4820 1352 4879 ad
1373 4821 1551 4882 Deum
1581 4821 1760 4883 multo
1789 4820 1898 4881 mi-

291 4907 570 4975 seriarum
594 4909 788 4982 fatigio
819 4927 920 4984 pro
939 4910 1146 4981 populo
1169 4915 1226 4971 et
1246 4909 1516 4980 religione
1545 4910 1753 4973 Christi
1772 4925 1899 4969 con-

290 4996 472 5051 fectus
504 5016 515 5051 :
551 4998 649 5068 qui
692 5008 1033 5068 quantorum
1058 4999 1405 5053 laceraretur
1440 4998 1739 5063 morsibus,
1770 5014 1897 5057 cum

358 5138 611 5212 'l‘Iempe
626 5138 873 5212 Corbeiaa
891 5138 1117 5212 Gallica
1140 5139 1651 5212 monasterium,ut
1677 5144 1898 5194 constat

286 5222 356 5281 es
381 5208 685 5281 Paschasio
722 5210 843 5281 ipso
886 5210 945 5263 in
976 5209 1165 5281 sancti
1197 5209 1508 5281 Adalhardi
1537 5211 1668 5281 Vita
1696 5226 1887 5280 supra.

286 5279 353 5341 Id
405 5280 614 5341 factum
671 5278 800 5351 post
846 5296 1059 5340 annum
1108 5278 1234 5346 814,
1286 5297 1396 5351 quo
1439 5278 1893 5341 Ludovicus—Au-

396 5356 489 5411 tus
517 5350 739 5415 Walaul
771 5367 899 5413 cum
928 5350 1242 5417 Warnario,
1277 5350 1580 5412 Lantberto
1629 5357 1686 5405 et
1728 5352 1890 5421 lngo-

327 5428 448 5483 erto
477 5421 631 5475 misit
658 5421 1034 5546 Aquasg'ani,
1060 5427 1125 5477 ut
1146 5422 1311 5494 regiae
1331 5421 1554 5478 familiae
1570 5420 1897 5478 scandalum

327 5492 636 5546 mendaret.
668 5507 734 5546 ex
773 5493 841 5546 Vi
945 5492 1212 5546 Ludovici
1259 5492 1364 5546 Pii.
1414 5492 1597 5546 Huius
1644 5508 1896 5546 secessus

290 5492 636 5561 emendaret,
668 5492 746 5548 ex“
773 5492 905 5546 Vita
945 5492 1235 5547 Ludovici'
1259 5492 1364 5549 Pii.
1414 5492 1597 5563 Hujus
1644 5508 1896 5547 secessus

290 5567 580 5618 auctorem
596 5563 768 5619 fuisse
796 5564 1136 5623 Ludovloum
1162 5566 1482 5634 Augustum
1512 5563 1644 5618 inde
1672 5563 1893 5635 colligo,

1976 4469 2220 4545 quimus,
2246 4468 2393 4538 quod
2426 4467 2509 4521 his
2558 4468 2653 4540 qui
2696 4484 2797 4539 pro
2842 4468 3076 4523 veritate
3121 4472 3311 4522 tantos
3345 4465 3580 4538 pertulit

1975 4572 2204 4631 agones,
2252 4556 2460 4613 Christi
2504 4556 2794 4629 promissis
2837 4555 3068 4613 minime
3104 4554 3374 4625 privatur.
3423 4553 3495 4610 Et
3527 4552 3578 4609 si

1975 4644 2156 4715 pretio
2186 4644 2324 4697 ﬁdes
2353 4644 2463 4698 emi
2494 4649 2701 4714 posset,
2718 4644 2980 4699 daremus
3001 4647 3279 4713 quatenus
3294 4646 3580 4698 cessarem

1979 4732 2121 4786 odiis
2148 4732 2388 4802 insequi,
2422 4749 2586 4802 quem
2615 4732 2860 4791 Charitas
2887 4730 3171 4796 enutrivit,
3195 4728 3417 4801 justitia
3445 4746 3578 4801 pro-

1978 4820 2144 4888 voxit,
2172 4826 2230 4879 et
2256 4820 2436 4893 pietas
2451 4821 2748 4879 decoravit.
2779 4820 2937 4879 Unde
2957 4835 3157 4876 moneo
3184 4818 3495 4893 quiescant,
3521 4823 3580 4873 et

1977 4908 2239 4967 desinunt
2257 4909 2607 4977 maledicere,
2627 4908 2922 4964 malefacta
2938 4924 3009 4964 ue
3030 4908 3270 4979 prodant
3280 4923 3386 4966 sua
3406 4926 3420 4964 :
3445 4924 3579 4981 quo-

1979 4997 2132 5057 niam
2169 4998 2337 5068 hujus
2372 5001 2456 5068 (ut
2494 4997 2879 5067 criminantur)
2926 4997 3231 5056 versutiam
3275 5001 3333 5054 et
3377 4994 3578 5053 inﬁde-

1978 5138 2125 5220 quod
2158 5138 2205 5191 is
2242 5137 2313 5220 in
2331 5138 2544 5209 synodo
2570 5137 3134 5220 Attiniascensi_anni
3171 5136 3274 5220 Q22
3299 5135 3577 5220 paeniten-

1976 5208 2111 5263 tiam
2144 5208 2323 5279 egerit
2347 5225 2541 5263 eorum
2580 5227 2702 5281 qua:
2733 5213 2882 5264 circa
2910 5210 3297 5265 Adalhanium
3323 5208 3575 5281 abbgtem

1974 5286 2023 5336 et
2050 5274 2287 5347 fratrem
2338 5284 2452 5347 ejus
2512 5274 2828 5338 Wa'laclmm
2866 5287 3013 5349 gesta
3054 5282 3204 5343 sunt,
3240 5282 3386 5333 teste
3413 5274 3580 5349 Egili-

1974 5351 2374 5499 Migginem
2404 5422 2459 5499 id
2481 5440 2601 5499 ‘per
2629 5422 3084 5499 anticipationem
3114 5417 3323 5499 dictum
3364 5418 3434 5473 de
3461 5432 3574 5499 cm-

1979 5490 2148 5545 noblo
2180 5492 2459 5559 Bobiensi,
2478 5490 2537 5548 in
2556 5509 2667 5565 quo
2689 5490 2910 5550 Walam
2928 5490 3109 5546 obisse
3128 5492 3576 5545 testaturauctor

1978 5562 2039 5624 in
2068 5563 2180 5617 ﬁne
2207 5562 2336 5617 libri
2362 5578 2425 5620 II.
