4000 6170
436 290 585 352 ’1567

446 418 669 473 litatem
685 410 939 470 simulari
949 413 1172 486 oportet
1189 409 1316 484 plus
1328 424 1496 485 quam
1514 423 1706 463 eorum
1724 419 2043 481 perversam
2061 404 2112 462 A

446 506 638 563 ﬁdem.

1065 603 1200 645 PASC
1208 602 1430 647 HASIUS.

519 684 739 739 Acriter
764 679 998 745 invehis,
1025 678 1199 732 frater
1230 678 1454 732 Severe.
1478 675 1662 731 Velim
1690 690 1885 730 caveas
1911 671 2050 727 illud

447 771 726 829 Terrentii
759 788 770 822 :
797 770 879 823 Ne
909 766 1041 838 quid
1070 765 1276 833 nimis;
1310 766 1576 837 quoniam
1622 780 1817 819 omnes
1847 761 2051 833 quibus

449 863 635 917 minus
673 862 759 912 est
793 853 1133 911 conscientia
1181 858 1325 920 tuta,
1370 855 1498 925 plus
1529 856 1662 908 sunt
1701 851 1887 906 nescio
1936 866 2047 920 quo

452 950 618 1005 modo
644 944 954 1016 suspiciosi,
986 948 1157 1013 atque
1177 943 1247 996 ad
1267 942 1666 997 contumeliam
1690 941 1881 995 omnia
1904 939 2049 993 acci-

450 1037 632 1107 piunt,
666 1039 724 1087 et
759 1038 988 1104 propter
1032 1047 1135 1085 sua
1182 1047 1417 1104 quaeque
1466 1047 1525 1085 se
1572 1045 1795 1101 semper
1838 1026 2048 1099 culpari

457 1125 710 1180 credunt.

1061 1211 1300 1267 CAPUT
1338 1211 1437 1265 III.

1078 1313 1421 1353 ADEODATUS.

529 1390 764 1446 zEstimo
778 1389 923 1460 quod
936 1388 982 1443 si
998 1387 1311 1443 ostenderis
1323 1387 1456 1458 quid
1470 1386 1544 1441 sit
1563 1385 1699 1439 ﬁdes
1719 1399 1851 1437 vera
1870 1381 2057 1453 proxi-

455 1479 554 1546 mi,
579 1485 635 1533 et
655 1479 835 1551 qualis
859 1479 951 1545 sit,
973 1476 1213 1530 dominis
1226 1493 1350 1547 quae
1372 1474 1738 1546 promittitur,
1765 1471 2057 1537 servanda;

436 1569 667 1641 'poterit
685 1566 1071 1637 unusquisque
1091 1570 1347 1618 nostrum
1364 1563 1604 1618 lucidius
1627 1559 1854 1626 intueri,
1875 1563 1932 1614 et
1951 1558 2062 1612 sin-

457 1657 575 1726 guli
605 1655 674 1709 de
702 1655 929 1725 propria
957 1652 1300 1708 conscientia
1323 1651 1578 1722 judicare
1613 1667 1625 1702 :
1651 1648 1917 1719 quoniam
1933 1646 2063 1700 huic

459 1721 579 1798 haec
594 1721 927 1814 impingitur
946 1747 1099 1808 nota,
1121 1741 1279 1813 quasi
1293 1721 1548 1814 Augusto
1560 1736 1808 1793 debitam
1826 1751 1939 1791 non
1951 1750 2063 1789 ser—
2077 1721 2124 1781 Β

455 1832 670 1888 vaverit
699 1832 887 1888 fidem.

1078 1934 1447 1978 PASCIIASIUS.

530 2014 754 2085 Optime
781 2011 1050 2076 hortaris,
1083 2017 1148 2065 ut
1175 2011 1412 2075 eluceat,
1459 2024 1625 2080 quam
1657 2006 1821 2061 multi
1851 2004 2065 2058 adulte-

457 2108 591 2158 rant
638 2102 808 2157 ﬁdem
854 2117 1065 2166 veram,
1099 2105 1157 2153 et
1183 2103 1571 2169 corrumpunt,
1622 2095 1798 2151 nescii
1829 2092 1965 2165 quid
1992 2091 2068 2145 sit

458 2191 607 2262 quod
633 2190 991 2262 promittunt.
1048 2189 1146 2243 Est
1191 2188 1369 2258 igitur
1419 2185 1867 2241 Christianorum
1905 2182 2063 2246 ﬁdes,

444 2278 1111 2350 ‘juxtaApostolum,quaa
1124 2293 1224 2347 per
1244 2275 1604 2329 dilectionem
1622 2278 1908 2345 Operatur.
1922 2269 2071 2324 Alio-

460 2368 596 2438 quin
616 2368 752 2421 tolle
780 2366 1159 2431 dilectionem,
1188 2370 1246 2419 et
1287 2365 1427 2417 ﬁdes
1458 2363 1703 2417 abolitur
1737 2358 2062 2431 [aboletur],

463 2457 730 2527 quoniam
780 2454 1005 2508 dilectio
1048 2455 1181 2523 jura
1227 2453 1357 2506 ﬁdei
1407 2451 1596 2506 omnia
1636 2447 2065 2503 circumscribit.

463 2544 637 2600 Porro
650 2543 874 2597 dilectio
887 2541 1096 2597 Christi
1119 2548 1173 2596 et
1192 2541 1433 2612 proximi
1452 2540 1592 2595 nihil
1620 2537 1850 2610 peccati,
1870 2537 2071 2591 saltem

464 2649 529 2687 ex
559 2649 853 2695 consensu,
887 2631 1155 2687 admittit.
1171 2630 1331 2685 Unde
1352 2634 1574 2683 constat
1596 2627 1742 2699 quod
1774 2626 1956 2680 omnis
1973 2624 2068 2695 qui

462 2721 644 2792 diligit
673 2725 774 2775 aut
801 2721 1081 2774 consentit
1103 2719 1252 2790 quod
1280 2719 1556 2788 injustum
1587 2722 1691 2781 est,
1726 2715 1918 2785 inique
1951 2713 2071 2767 odit

465 2810 715 2865 animam
729 2825 910 2875 suam,
926 2814 983 2862 et
1006 2824 1135 2862 eum
1161 2823 1327 2877 quem
1352 2806 1424 2861 ad
1455 2805 1815 2876 iniquitatem
1835 2802 2069 2856 favendo

465 2898 761 2954 consentit.
798 2898 876 2952 Ex
905 2913 1016 2969 quo
1040 2896 1253 2967 liquido
1283 2883 1569 2965 colligitur
1596 2893 1762 2947 ﬁdem
1788 2908 1901 2945 non
1922 2890 2072 2961 quod

464 2988 597 3043 velit
642 2988 899 3058 quisque,
934 2985 1228 3039 intendere
1256 2984 1483 3050 debere,
1524 2988 1591 3036 ut
1623 2981 1691 3035 ad
1722 2981 2071 3034 voluntatem

1204 284 1262 339 S.‘
1302 281 1682 340 PASCHASII
1723 276 2085 336 RADBERTI
2130 265 2439 330 ABBATIS
2476 260 2975 321 CORBEIENSIS.

2125 403 2301 454 testas
2326 390 2635 449 ludibunda
2660 388 2793 442 hinc
2815 384 2948 441 inde
2976 386 3176 445 tumet,
3208 396 3275 434 ac
3301 393 3406 449 per
3430 376 3541 429 hoc
3558 371 3736 427 omni-

2124 491 2232 546 bus
2251 489 2317 543 ﬁt
2345 485 2485 541 illud
2502 481 2651 554 quod
2677 478 2935 534 Comicus
2964 473 3078 528 ait:
3104 467 3443 534 Volo,nolo;
3466 464 3729 554 ueloque,

2126 579 2281 645 volo;
2307 581 2366 631 et
2388 579 2474 628 est
2500 551 2736 643 singulis
2766 563 2959 621 infelix
2988 559 3227 617 nimium
3257 572 3322 611 ac
3351 551 3593 628 puerilis
3619 566 3735 604 ver-

3591 243 3735 302 1568

2129 667 2267 741 tigo.

2734 757 3098 803 PASCHASIUS.

2202 845 2348 900 Hinc
2374 858 2511 899 sane
2559 855 2752 895 eorum
2795 836 3001 907 aliquis
3042 850 3111 888 ex
3157 827 3518 887 senatoribus
3558 822 3732 894 prior,

2133 951 2260 990 cum
2297 938 2495 988 contra
2521 946 2653 985 eum
2693 932 2760 983 ut
2785 943 2846 981 se
2873 924 3183 995 corrigeret
3207 920 3385 975 ferme
3413 921 3551 970 ante
3577 911 3739 965 bien-

2135 1024 2288 1078 nium
2331 1022 2738 1093 depromerem,
2787 1014 3006 1069 ratione
3030 1014 3328 1082 superatus
3356 1011 3417 1059 et
3438 999 3739 1057 sententiis

2136 1111 2337 1168 divinis
2369 1129 2380 1164 :
2412 1107 2661 1163 Audisne
2681 1106 2706 1158 ?
2734 1103 2939 1174 inquit.
2954 1100 3211 1155 Profecto
3241 1096 3349 1150 ista
3369 1109 3495 1165 quae
3517 1104 3737 1150 narras,

2134 1202 2265 1256 licet
2287 1200 2491 1264 divina,
2518 1197 2577 1250 in
2607 1211 2672 1249 eo
2697 1192 2917 1258 saeculo,
2950 1205 3060 1261 quo
3089 1187 3209 1242 nati
3253 1190 3311 1239 et
3361 1180 3593 1253 quando
3620 1176 3737 1231 nati

2138 1292 2352 1356 sumus,
2365 1289 2551 1342 locum
2569 1282 2797 1354 agendae
2817 1281 2941 1334 vita:
2955 1277 3203 1332 habuere
3225 1279 3283 1328 et
3292 1273 3405 1325 vim
3425 1268 3736 1323 dictorum:

2137 1396 2287 1435 nunc
2312 1382 2503 1431 autem
2529 1374 2587 1428 in
2612 1373 2720 1426 isto
2738 1386 2849 1441 quo
2877 1384 3027 1423 nunc
3046 1381 3260 1429 sumus,
3284 1360 3429 1415 scias
3456 1356 3603 1411 nihil
3629 1354 3741 1408 uti-

2140 1469 2317 1524 litatis
2358 1472 2416 1521 et
2471 1462 2705 1518 rationis
2728 1461 2933 1515 inesse.
2965 1457 3067 1511 His
3106 1455 3297 1524 itaque
3334 1447 3507 1504 dictis
3543 1444 3744 1499 disces-

2144 1560 2359 1624 simus;
2409 1555 2503 1609 ille
2541 1557 2670 1625 post
2708 1565 2878 1606 suum
2921 1546 3062 1601 velle
3090 1541 3391 1605 desudans,
3420 1552 3531 1607 ego
3556 1550 3593 1589 a
3621 1546 3745 1587 meo

2143 1663 2305 1720 posse
2332 1645 2642 1718 quiescens.

2776 1742 2953 1782 ADEOD
2959 1740 3092 1779 ATUS
3103 1763 3114 1776 .

2216 1826 2331 1881 Ista
2353 1822 2559 1895 quippe
2582 1836 2672 1875 res
2701 1834 2817 1872 non
2845 1820 3069 1871 tantum
3099 1810 3166 1883 [ι.
3198 1808 3340 1878 tam]
3378 1805 3606 1860 caecitas

2142 1891 2389 1979 videtur,
2416 1891 2509 1966 mi
2536 1906 2823 1973 Paschasi,
2861 1919 3029 1975 quam
3055 1901 3203 1955 mira
3237 1895 3448 1951 mentis
3475 1891 3746 1947 amentia.

2146 2004 2290 2060 Hinc
2313 2002 2461 2057 enim
2491 1997 2698 2054 sentire
2722 2011 2833 2067 quo
2863 1993 2969 2059 sit;
3003 1989 3204 2062 quidve
3231 1991 3367 2057 agat
3392 1982 3641 2053 aliquis;
3668 1996 3754 2032 re-

2147 2091 2365 2149 cordari
2390 2105 2520 2144 vero
2567 2103 2676 2158 quo
2716 2083 2904 2148 fuerit,
2941 2078 3186 2151 qualisve
3224 2070 3595 2129 nutabundus

2148 2199 2252 2237 nec
2279 2186 2470 2235 tamen
2500 2156 2684 2231 redire
2707 2175 2896 2244 posset
2921 2173 3022 2223 aut
3045 2166 3184 2221 velle
3228 2164 3289 2218 in
3330 2161 3389 2216 id
3432 2158 3587 2231 quod
3626 2156 3748 2217 fuit,

2150 2271 2250 2327 sed
2276 2267 2493 2340 agendo
2522 2260 2925 2319 insensibiliter
2954 2257 3038 2311 ire
3066 2260 3195 2327 post
3215 2267 3385 2307 suum
3404 2248 3570 2314 velle,
3592 2262 3667 2302 ne
3685 2244 3752 2299 ad

2152 2377 2213 2415 se
2246 2358 2441 2413 redeat
2468 2354 2564 2426 qui
2591 2353 2719 2407 fuit.

2825 2450 3081 2493 SEVBRUS.

2225 2535 2383 2601 Quis,
2418 2535 2669 2603 inquam,
2700 2530 2826 2601 plus
2850 2542 3022 2581 sensu
3061 2518 3306 2577 deﬁcisci
3334 2513 3627 2589 [deﬁcere]
3658 2528 3755 2583 po-

2152 2630 2281 2689 test,
2309 2640 2478 2695 quam
2509 2621 2607 2692 qui
2635 2635 2738 2673 nec
2766 2634 2826 2672 se
2848 2614 3038 2680 sentit,
3060 2613 3147 2666 vel
3167 2609 3302 2682 quid
3321 2607 3474 2662 dicat
3500 2604 3628 2675 ipse
3648 2616 3755 2654 non

2152 2691 2355 2769 auditi
2395 2711 2505 2766 Sed
2529 2691 2697 2775 forte,
2728 2711 2793 2761 ut
2819 2721 2965 2770 reor,
2998 2701 3209 2774 putatis
3237 2714 3335 2753 vos
3357 2694 3572 2751 clarius
3604 2691 3759 2745 dero-

2150 2808 2350 2874 gantes
2378 2816 2480 2854 nec
2508 2799 2631 2870 ipsa
2657 2793 2961 2851 furibunda
2997 2789 3222 2845 silentia
3270 2784 3491 2858 possint
3541 2779 3756 2837 audire.

2153 2892 2366 2948 Idcirco
2391 2887 2546 2960 loqui
2574 2886 2747 2941 libere
2774 2883 2912 2939 talia
2934 2880 3167 2936 minime
3191 2874 3528 2931 formidatis.

2794 2981 3145 3027 PASCHASIUS.

466 3077 639 3131 etiam
658 3048 896 3129 ⁸(ἰοιῐίίῐιὶ⁷
916 3073 1126 3127 terreni
1145 3078 1343 3126 contra
1363 3048 1475 3125 Dei
1493 3077 1774 3141 praecepta
1788 3073 2069 3138 assurgat,
2088 3081 2131 3141 ο
2223 3066 2531 3139 Loquimur
2557 3064 2627 3119 de
2654 3062 2764 3116 ﬁde
2791 3060 2972 3132 qualis
2996 3074 3117 3112 esse
3161 3053 3365 3109 debeat
3411 3052 3564 3107 circa
3583 3048 3761 3123 proxi-

467 3181 539 3219 ne
569 3164 713 3218 forte
742 3163 887 3215 male
918 3161 1335 3227 consentiendo,
1368 3160 1537 3214 fidem
1562 3176 1684 3229 qua:
1706 3174 1806 3229 per
1823 3157 2074 3211 dilectio-

469 3269 601 3307 nem
633 3251 691 3305 in
714 3250 968 3321 proximo
988 3254 1270 3319 Operatur,
1296 3248 1539 3302 infidelis
1564 3247 1819 3300 amittat:
1840 3245 1937 3301 sed
1953 3262 2076 3317 quae

473 3340 787 3396 dilectionis
808 3344 941 3394 sunt
964 3338 1316 3409 impendere;
1343 3343 1399 3391 et
1420 3354 1519 3408 per
1544 3336 1712 3390 fidem
1738 3353 1860 3407 quae
1880 3335 2078 3389 salutis

466 3430 707 3502 proximi
749 3434 899 3493 sunt,
942 3427 1291 3481 constantius
1320 3432 1378 3481 et
1405 3425 1866 3497 circumspectius
1895 3424 2077 3478 adim-

464 3520 639 3591 plere.
664 3517 928 3588 Alioquin
944 3516 1193 3570 Herodes
1214 3516 1326 3581 ille,
1348 3517 1582 3586 ejusque
1599 3514 1920 3585 complices,
1945 3512 2079 3583 quia

459 3610 786 3679 juramento
837 3611 960 3659 erat
988 3605 1270 3670 astrictus,
1304 3604 1473 3658 alieni
1511 3621 1546 3657 ιι
1573 3603 1827 3668 crimine,
1860 3602 1908 3656 si
1939 3601 2077 3655 ﬁdes

472 3695 861 3768 praescriberet
911 3694 1282 3765 quodcunque
1341 3693 1501 3757 velle,
1562 3698 1619 3745 et
1674 3691 1822 3761 quod
1874 3689 2079 3760 promi-

468 3785 611 3840 seris
640 3783 1080 3855 adimplendum.
1109 3782 1270 3837 Unde
1300 3781 1455 3852 prius
1478 3780 1809 3843 cavendum,
1840 3796 1912 3833 ne
1946 3778 2079 3849 quid

472 3875 585 3929 ﬁde
627 3872 941 3944 pollicearis
990 3871 1250 3924 incautus
1284 3889 1295 3923 :
1338 3869 1540 3923 deinde
1568 3868 1615 3921 si
1646 3867 1879 3927 voveris,
1913 3883 1982 3921 ne
2009 3866 2080 3920 ad

472 3965 671 4036 pejora
699 3960 992 4032 provenias
1021 3959 1259 4013 declina.
1294 3958 1447 4013 Nihil
1477 3957 1628 4011 enim
1652 3956 1974 4021 debeamus,
2004 3955 2086 4009 ait

471 4052 770 4123 Apostolus
803 4052 971 4113 (Rom.
1008 4063 1125 4111 xm,
1157 4045 1235 4117 8),
1262 4047 1370 4101 nisi
1399 4051 1462 4100 ut
1490 4046 1735 4100 invicem
1759 4045 2079 4115 diligamus.

474 4141 688 4196 Idcirco
723 4138 957 4209 quisque
989 4137 1136 4208 quod
1165 4135 1334 4190 debet
1361 4135 1624 4189 solvendo
1655 4134 1979 4204 adimpleat,
2029 4138 2085 4187 et

478 4226 768 4298 implendo
793 4224 1011 4287 debeat,
1045 4224 1214 4278 ﬁdem
1238 4224 1512 4287 videlicet,
1549 4239 1672 4293 quae
1702 4239 1803 4293 per
1832 4222 2084 4277 dilectio-

476 4332 607 4370 nem
642 4319 926 4385 operatur.
950 4313 1104 4366 Alias
1133 4317 1342 4378 autem,
1368 4311 1505 4365 ﬁdes
1536 4326 1650 4364 non
1679 4318 1766 4365 est
1781 4311 1936 4376 fides,
1957 4311 2090 4381 quia

478 4421 593 4460 non
623 4409 709 4457 est
738 4419 804 4456 ex
850 4402 1148 4455 dilectione
1189 4400 1289 4454 Dei
1339 4406 1395 4453 et
1435 4399 1693 4470 proximi,
1729 4399 1827 4453 sed
1865 4395 2154 4453 terrenaD

479 4492 759 4564 objuratio
814 4489 1077 4545 animalis
1125 4494 1183 4543 et
1228 4488 1503 4542 diabolica
1558 4487 1854 4542 devinctio.
1912 4488 2090 4543 Nemo

480 4581 660 4652 igitur
694 4580 833 4634 bene
862 4584 1048 4634 servat
1075 4578 1262 4643 ﬁdem,
1296 4576 1392 4631 ubi
1423 4575 1804 4630 contemnitur
1832 4576 2001 4643 Deus,
2034 4580 2092 4630 et

482 4669 790 4741 negligitur
825 4668 1028 4723 futurae
1056 4666 1182 4720 vitae
1208 4664 1449 4736 proximi
1478 4663 1651 4719 salus.

1118 4770 1456 4810 ADEODATUS.

557 4844 681 4898 Heu
711 4860 880 4914 quam
904 4846 1107 4898 misera
1127 4844 1310 4899 aetatis
1337 4847 1544 4897 nostrae
1565 4841 1784 4907 smcula,
1804 4840 1861 4895 in
1891 4839 2091 4911 quibus

487 4948 711 5003 semper
723 4932 972 4986 omnium
987 4933 1253 5003 praecedit
1265 4932 1405 4986 velle
1422 4948 1432 4984 :
1449 4929 1651 4984 deinde
1665 4929 1935 5000 quidquid
1946 4930 2094 5000 sapit

490 5022 728 5094 quisque
756 5025 811 5074 et
834 5024 1037 5090 potest,
1062 5021 1131 5074 ad
1165 5022 1265 5075 hoc
1290 5019 1610 5090 conﬂigere,
1633 5023 1698 5072 ut
1722 5018 2086 5088 compleatur,

484 5112 615 5166 licet
635 5125 807 5182 prava
830 5108 1029 5162 ati‘ectu
1054 5108 1365 5178 praesertim
1397 5124 1524 5162 cum
1547 5122 1742 5178 sapere
1768 5107 1923 5177 prius
1944 5112 2093 5162 esset

486 5198 866 5256 necessarium
896 5197 1043 5268 quod
1069 5197 1209 5249 velle
1238 5197 1469 5252 deberes
1494 5216 1506 5265 ;
1541 5196 1743 5251 deinde
1769 5196 1909 5249 velle
1943 5196 2090 5266 quod

488 5306 717 5362 saperes
740 5307 753 5356 ;
786 5289 976 5358 sicque
1007 5286 1234 5340 demum
1262 5301 1427 5356 agere
1451 5287 1609 5340 bonae
1624 5286 1926 5340 voluntatis
1945 5286 2093 5357 quod

490 5395 702 5452 posses.
728 5378 891 5431 Nunc
915 5382 1103 5430 autem
1134 5381 1388 5428 monstra
1404 5375 1651 5428 omnium
1670 5375 1898 5445 pariunt
1912 5389 2093 5429 mem-

486 5476 592 5535 tes,
626 5483 753 5522 cum
784 5467 929 5538 quod
965 5465 1125 5537 sequi
1159 5462 1449 5528 debuerat,
1495 5463 1794 5534 praecedit;
1846 5469 1903 5517 et
1930 5468 2099 5535 caput

491 5556 643 5632 quod
691 5556 1024 5633 precedere,
1074 5554 1282 5627 passim
1332 5553 1623 5625 sequitur;
1672 5552 1969 5625 mediaque
1998 5570 2099 5623 po-

2155 3174 2296 3222 mos,
2329 3154 2575 3226 qualisve
2602 3149 2830 3207 servari.
2864 3149 2933 3203 Et
2959 3147 3084 3201 ideo
3115 3144 3348 3199 minime
3362 3140 3650 3196 silendum
3670 3155 3763 3210 pu-

2156 3246 2305 3312 tavi;
2365 3244 2516 3316 quia,
2565 3246 2628 3295 ut
2658 3241 2826 3303 nosti,
2854 3238 3000 3291 hanc
3036 3233 3306 3288 Arsenius
3348 3235 3549 3285 noster
3582 3228 3763 3283 tenuit

2158 3352 2308 3401 vere,
2362 3334 2509 3388 hanc
2552 3329 2822 3395 exhibuit,
2869 3328 3014 3382 hanc
3052 3322 3311 3387 servavit,
3354 3337 3482 3392 qua:
3521 3336 3655 3374 cum
3679 3318 3761 3371 di-

2159 3424 2397 3479 lectione
2420 3425 2706 3492 operatur,
2737 3418 2797 3472 in
2823 3415 3038 3472 cunctis
3064 3413 3298 3467 veritate
3325 3411 3581 3473 fulcitur,
3606 3408 3764 3478 justi-

2159 3514 2241 3569 tia
2283 3512 2613 3576 roboratur;
2658 3524 2771 3562 non
2817 3523 2940 3577 qum
2983 3499 3458 3559 assentationibus
3487 3498 3643 3553 male
3670 3496 3763 3550 de-

2157 3604 2308 3675 cipit,
2351 3607 2409 3656 et
2435 3616 2556 3671 quae
2586 3597 2787 3668 cuique
2818 3594 3048 3649 libuerit
3076 3591 3340 3646 vitiorum
3373 3588 3599 3644 extollit
3625 3604 3639 3639 τ
3672 3585 3763 3639 sed

2157 3692 2216 3746 in
2245 3689 2399 3745 omni
2427 3685 2652 3756 negotio
2684 3689 2739 3738 et
2776 3682 2962 3747 verbo,
2993 3682 3053 3735 in
3081 3679 3236 3735 omni
3266 3694 3330 3732 re
3371 3683 3431 3732 et
3468 3691 3761 3735 consensu.

2160 3779 2396 3834 amicam
2421 3775 2525 3830 sibi
2562 3772 2919 3827 scrutabatur
2946 3770 3131 3824 inesse
3169 3766 3489 3827 veritatem,
3533 3769 3595 3817 et
3613 3760 3765 3834 quasi

2162 3868 2231 3923 ab
2248 3882 2435 3936 ungue
2453 3862 2702 3933 singulas
2722 3876 2911 3915 rerum
2932 3855 3282 3929 disquirebat
3299 3853 3765 3924 negotiorumque

2165 3972 2381 4019 causas,
2409 3970 2480 4007 ne
2494 3953 2637 4006 forte
2655 3949 2860 4003 rimam
2882 3948 2941 4001 in
2962 3947 3149 4017 aliquo
3164 3943 3380 3999 falsitas
3402 3940 3762 4013 praecidisset.

2164 4042 2378 4098 Deinde
2401 4046 2468 4094 ut
2496 4036 2730 4107 singulae
2761 4036 2891 4090 ﬁdei
2919 4041 3112 4107 partes
3146 4031 3383 4103 justitiae
3413 4028 3764 4083 harmoniam

2166 4149 2279 4187 uno
2304 4137 2577 4186 concentu
2609 4129 2993 4201 praecinerent,
3026 4126 3133 4181 sibi
3161 4141 3348 4180 coram
3376 4124 3559 4178 oculis
3586 4122 3767 4177 omnia

2167 4218 2508 4290 assignabat,
2565 4224 2734 4288 atque
2770 4222 2835 4270 ut
2890 4215 3081 4269 omnia
3136 4214 3475 4269 intrinsecus
3528 4211 3766 4266 charitas

2170 4312 2384 4379 ageret,
2410 4306 2658 4377 quotidie
2687 4303 2947 4376 precibus
2974 4302 3215 4358 Domino
3245 4298 3700 4356 commendabat.

2789 4392 3023 4449 CAPUT
3052 4390 3149 4446 IV.

2800 4492 3146 4535 ADEODATUS.

2242 4574 2417 4629 Miror
2454 4572 2733 4644 quomodo
2782 4570 2933 4623 inter
2974 4568 3159 4622 varias
3209 4570 3267 4620 et
3314 4565 3668 4631 innumeras,
3710 4569 3769 4617 ut

2171 4663 2358 4730 audio,
2391 4677 2685 4717 causarum
2725 4657 3116 4729 occupationes
3133 4661 3254 4710 tam
3281 4654 3503 4708 intente
3532 4653 3651 4707 Deo
3683 4669 3769 4705 va-

2171 4751 2351 4819 cabat,
2366 4756 2536 4821 atque
2554 4748 2873 4818 ubicunque
2890 4745 2998 4801 sibi
3017 4750 3224 4817 praesto
3239 4742 3771 4814 oderat,praesertim

2173 4856 2300 4894 cum
2329 4855 2431 4893 nos
2455 4836 2777 4909 quantoties
2815 4835 2951 4889 dum
2995 4849 3190 4887 vacare
3213 4832 3331 4886 Deo
3366 4831 3651 4895 volumus,
3680 4828 3770 4883 ab-

2173 4928 2471 4994 ducimur;
2523 4931 2729 4980 etcum
2770 4923 3073 4994 quaerimus
3109 4925 3352 4986 nosmet,
3391 4919 3486 4974 vix
3524 4918 3772 4975 invenire

2172 5032 2492 5088 possumus.

2796 5113 3140 5155 PASCHASIUS.

2242 5196 2462 5259 Fateor,
2511 5190 2798 5246 Adeodate
2842 5188 2919 5242 mi
2972 5187 3299 5242 charissime
3323 5227 3338 5253 ,
3390 5187 3527 5257 quia
3574 5185 3774 5257 ubique

2174 5300 2362 5340 secum
2383 5296 2606 5352 semper
2623 5296 2752 5333 cum
2769 5279 2885 5332 Deo
2902 5282 3042 5331 erat.
3062 5277 3189 5331 Non
3206 5276 3356 5330 enim
3368 5292 3449 5336 se,
3469 5284 3538 5329 ut
3555 5275 3771 5347 dicitur,

2174 5372 2342 5428 rebus
2368 5369 2645 5435 tradebat,
2679 5367 2777 5423 sed
2802 5364 3231 5421 commendabat
3260 5383 3272 5417 :
3302 5380 3549 5435 suasque
3576 5355 3775 5433 cogita-

2175 5462 2357 5517 tiones
2383 5461 2533 5514 inter
2558 5456 2903 5528 frequentias
2930 5454 3224 5509 hominum
3251 5457 3523 5519 tractans,
3571 5449 3772 5522 aliquid

2180 5550 2286 5606 sibi
2309 5550 2556 5605 salutare
2582 5561 2807 5616 semper
2833 5545 2894 5600 in
2923 5543 3110 5600 animo
3135 5541 3387 5613 gerebat.
3429 5541 3505 5599 Et.
3530 5547 3597 5597 ut
3624 5538 3769 5594 inﬁdi
