4000 6170
317 272 459 331 1569

945 240 1066 325 ’ΠΕ
1102 272 1272 326 VITA
1311 269 1565 333 WAL‘E,
1610 267 1744 322 SEU
1782 262 2227 320 EPITAPHIUM
2263 261 2575 316 ARSENII.
2609 291 2674 302 —
2703 263 2842 318 LIB.
2882 265 2926 317 I.

3457 262 3606 324 1570

318 399 487 452 fidem
506 396 992 468 recipiant,testor
1011 411 1298 467 nunquam
1316 411 1406 448 me
1421 393 1626 447 vidisse
1646 391 1908 461 aliquem,
1931 385 2345 457 AApostolum,
2380 386 2530 456 quod
2571 403 2606 440 a
2651 386 2890 442 Domino
2919 389 3155 444 ulterius
3179 392 3465 460 justorum
3494 408 3599 446 ex-

317 489 417 558 qui
449 486 555 540 sibi
586 485 792 556 ubique
820 489 935 538 tam
980 489 1180 555 praesto
1224 490 1390 548 esset,
1420 488 1651 551 tamque
1680 479 1915 534 sollicite

315 577 524 648 passim
555 575 873 629 incederet:
898 575 978 628 ita
1007 580 1072 627 ut
1099 573 1205 637 vix,
1239 573 1323 626 vel
1355 588 1644 641 nunquam
1663 587 1722 622 se
1746 569 1918 622 abdu-

317 673 488 731 ceret,
507 666 638 720 licet
658 665 822 719 rebus
843 669 1209 734 occuparetur
1226 661 1536 715 innumeris
1558 665 1615 713 et
1635 657 1911 712 maximis.

317 758 474 810 Inter
497 755 692 824 epulas
719 760 906 808 autem
937 769 1064 806 cum
1095 757 1193 805 aut
1220 751 1340 822 ipse
1370 749 1636 819 hospites,
1664 753 1763 801 aut
1787 763 1913 800 eum

318 860 653 913 magnorum
686 843 891 912 aliquis
922 845 1207 905 vocasset;
1254 854 1543 908 nunquam
1585 842 1701 890 tam
1732 834 1916 889 sobrie

316 933 476 1004 potui
491 932 774 986 continuis
790 929 1134 1001 temporibus
1148 929 1472 998 dignoscere
1487 930 1799 980 sumentem
1811 968 1822 987 ,
1836 923 1916 977 ita

320 1027 385 1075 ut
410 1020 636 1075 refectio
661 1020 880 1092 prandii
913 1036 946 1073 a
972 1017 1228 1089 plurimis
1256 1032 1478 1070 summa
1502 1019 1797 1086 putaretur
1825 1011 1918 1066 ab-

319 1110 587 1164 stinentia
615 1115 671 1163 et
700 1107 1046 1180 parcimonia
1067 1107 1264 1169 victus,
1292 1106 1337 1158 si
1363 1105 1433 1158 ad
1453 1109 1689 1163 tantam.
1715 1103 1916 1156 saltem

319 1198 770 1269 Quadragesimae
787 1196 1150 1268 temporibus,
1170 1198 1398 1265 possent
1410 1193 1732 1262 contingere
1748 1190 1915 1244 absti-

319 1288 593 1341 nentiam.
620 1288 664 1341 Ο
686 1285 962 1339 infelicem
992 1300 1102 1347 me,
1127 1282 1220 1352 qui
1242 1297 1390 1334 nunc
1411 1282 1534 1350 ejus
1553 1279 1740 1349 privor
1759 1295 1916 1348 aspe-

318 1375 518 1440 ctibus,
553 1392 654 1429 nec
703 1373 968 1428 erubesco
1007 1388 1172 1442 agere
1218 1387 1408 1424 coram
1447 1368 1722 1440 pluribus,
1768 1367 1917 1437 quod

318 1470 454 1518 tunc
501 1463 734 1518 verebar
778 1480 968 1517 coram
1011 1479 1096 1516 eo.
1131 1461 1386 1516 Sciebam
1430 1459 1582 1514 enim
1627 1458 1775 1528 quod
1805 1473 1916 1509 non

320 1556 594 1621 parceret,
647 1551 934 1622 quidpiam
991 1550 1359 1603 immoderate
1415 1547 1798 1601 admitterem.
1837 1545 1916 1598 De

323 1638 526 1709 quibus
555 1639 820 1692 Severum
857 1639 1018 1693 velim
1059 1639 1392 1707 interroges,
1422 1635 1688 1706 quoniam
1716 1639 1772 1687 et
1800 1633 1919 1704 ipse

322 1743 488 1797 quam
519 1743 665 1798 sape
695 1744 914 1782 mecum
941 1728 1108 1781 istam
1140 1726 1373 1797 pertulit
1399 1724 1769 1794 disciplinam.

998 1828 1272 1873 SEVERUS.

394 1908 542 1962 Satis
571 1908 765 1979 utique
807 1909 1066 1962 advertor
1101 1907 1374 1978 [adverto]
1405 1923 1527 1976 quae
1556 1904 1820 1970 intendis,
1854 1908 1919 1957 ut

322 2000 513 2065 pateat
539 1997 861 2067 aliquando,
878 1997 1131 2051 forsitam
1163 1996 1311 2068 quod
1339 2011 1568 2048 manum
1597 1993 1813 2046 avidius
1835 1992 1917 2046 ori

319 2099 676 2153 porrexeram
700 2103 710 2136 :
738 2085 887 2139 unde
907 2084 1041 2154 quid
1067 2084 1340 2138 invexerit
1363 2083 1510 2136 inter
1539 2097 1641 2134 nos
1664 2081 1920 2151 frequen—

321 2176 410 2224 ter
454 2172 774 2238 habuimus,
805 2177 862 2225 et
905 2173 1086 2226 adhuc
1129 2172 1296 2225 hodie
1342 2187 1442 2241 pro
1473 2185 1640 2240 quam
1677 2168 1919 2239 plurima

325 2276 430 2313 sua
441 2260 750 2314 invectione
761 2261 959 2314 saltem
975 2257 1918 2314 conscientiaverberamur.Tamen

325 2347 396 2400 de
426 2347 626 2416 quibus
654 2348 810 2414 dicis,
839 2353 1010 2402 testes
1031 2354 1162 2402 sunt
1194 2353 1376 2418 patres
1406 2363 1470 2400 ac
1489 2346 1690 2400 fratres
1709 2351 1766 2399 et
1793 2362 1921 2399 con-

323 2435 602 2504 discipuli,
637 2436 733 2505 qui
771 2442 982 2490 norunt
1011 2437 1157 2506 quod
1187 2437 1245 2489 in
1277 2436 1506 2489 modum
1537 2434 1795 2504 agriculre
1825 2450 1918 2487 sa-

323 2523 538 2588 rientis,
568 2523 799 2578 verbum
830 2530 887 2577 et
916 2525 1282 2596 correptionis
1311 2523 1649 2578 sententiam
1693 2538 1822 2575 mox
1858 2521 1918 2574 in

325 2610 485 2664 initio
517 2612 724 2680 peccati
754 2629 854 2683 pro
883 2613 1102 2667 sarculo
1129 2611 1360 2678 ferebat,
1403 2617 1678 2682 quatenus
1711 2609 1918 2665 Christi

326 2698 524 2751 messis
552 2698 778 2753 uberior
807 2702 1124 2771 pullularet.
1152 2703 1408 2771 Namque
1430 2717 1542 2754 non
1571 2705 1636 2754 ut
1666 2700 1914 2770 quidam,

326 2803 503 2856 usque
520 2787 590 2841 ad
613 2789 988 2843 excrescentia
1007 2789 1207 2843 delicta
1229 2789 1547 2843 deliberans
1568 2789 1797 2858 agebat:
1823 2789 1920 2842 sed

327 2889 456 2927 mox
488 2874 547 2927 in
583 2875 820 2945 singulis
842 2877 1054 2947 peccati
1084 2877 1359 2947 originem
1386 2876 1538 2932 verbi
1560 2877 1748 2947 gladio
1770 2877 1918 2946 peri-

328 2960 533 3015 mebat.
567 2960 855 3024 Quomodo
878 2964 1049 3033 igitur
1077 2965 1192 3019 suis
1223 2965 1498 3035 ignaviter
1519 2969 1793 3035 parceret,
1823 2964 1920 3034 qui
1939 3012 1980 3035 η

325 3068 603 3123 nusquam
633 3058 690 3106 et
717 3069 1004 3123 nunquam
1035 3054 1473 3118 sublimioribus,
1506 3054 1614 3108 nisi
1643 3060 1918 3121 moneret,
1938 3046 1980 3071 υ

325 3143 528 3197 cessit?
571 3143 800 3197 Fecerat
835 3143 986 3197 enim
1016 3147 1354 3198 sententiam
1395 3143 1708 3198 Salomonis
1737 3160 1916 3210 suam,

326 3231 475 3300 quod
513 3230 684 3284 verba
729 3231 999 3301 sapientis
1041 3233 1155 3285 sint
1183 3232 1343 3302 quasi
1373 3232 1584 3286 stimuli
1613 3237 1670 3285 et
1697 3231 1835 3285 clavi
1862 3231 1921 3284 in

325 3319 502 3372 altum
529 3319 693 3373 deﬁxi
721 3338 734 3385 ;
769 3319 900 3390 quia
927 3319 1206 3389 deﬁgebat
1224 3320 1454 3390 cuspide
1482 3319 1634 3373 verbi
1658 3319 1921 3372 vitiorum

325 3414 630 3474 crementa,
659 3413 716 3463 et
742 3409 1015 3462 virtutum
1046 3410 1272 3463 exordia
1298 3409 1356 3462 in
1387 3410 1563 3463 altum
1593 3409 1808 3462 ﬁrmius
1841 3425 1926 3462 so-

327 3495 557 3551 lidabat.
593 3498 742 3551 Felix
774 3498 1013 3552 nimium
1050 3498 1377 3569 beatusque,
1407 3498 1501 3568 qui
1533 3497 1703 3550 tantis
1735 3513 1923 3551 rerum

329 3585 670 3656 alternisque
689 3587 1016 3641 decursibus
1037 3594 1356 3659 occupatus,
1374 3587 1477 3641 sibi
1497 3603 1644 3641 unus
1665 3587 1925 3657 idemque

330 3673 630 3727 continuus
659 3680 779 3728 erat
831 3691 1028 3729 censor
1056 3676 1310 3740 eximius,
1352 3675 1447 3746 qui
1477 3692 1536 3729 se
1572 3680 1689 3728 tam
1726 3675 1783 3727 in
1813 3675 1926 3728 alto

332 3777 554 3814 secessu
583 3761 801 3826 studiis,
834 3763 949 3816 Deo
991 3763 1364 3834 charitatique
1393 3762 1639 3818 vacabat.
1673 3762 1790 3815 Hoc
1819 3762 1925 3832 igi-

330 3852 426 3902 tur
471 3850 755 3918 negotium
786 3853 908 3921 ejus
939 3858 996 3907 et
1042 3870 1211 3907 causa
1242 3853 1472 3923 negotii,
1508 3854 1612 3906 hoc
1656 3852 1832 3906 otium
1871 3856 1928 3905 et

330 3938 509 4005 labor,
543 3940 660 3994 haec
685 3942 904 4010 jejunia
928 3949 986 3997 et
1018 3943 1241 4013 vigiliae,
1266 3943 1384 3997 hzec
1411 3959 1546 3997 cura
1571 3949 1628 3997 et
1655 3947 1927 4013 perpetua

331 4027 538 4081 mentis
563 4030 898 4097 sollicitudo,
926 4037 990 4086 ut
1017 4048 1304 4102 nunquam
1332 4032 1629 4093 desineret,
1661 4031 1809 4102 quod
1834 4047 1924 4083 se-

332 4117 445 4170 mel
469 4123 713 4188 caaperat
739 4119 797 4172 in
829 4120 1030 4173 militia
1053 4121 1277 4175 Christi.
1294 4121 1453 4175 Unde
1472 4121 1776 4192 plurimum
1799 4119 1923 4173 aliis

332 4205 555 4271 enituit,
587 4207 734 4276 quod
764 4207 868 4260 sibi
894 4209 971 4261 ait
1001 4210 1119 4263 Deo
1148 4226 1213 4263 ac
1239 4209 1504 4280 proximis
1533 4214 1723 4262 tantus
1753 4209 1924 4261 idem-

335 4311 443 4364 que
474 4309 696 4365 semper
738 4295 844 4350 fuit
872 4315 883 4362 ;
940 4313 1041 4351 nec
1078 4299 1178 4352 ulli
1207 4299 1333 4369 plus
1366 4313 1533 4369 quam
1562 4296 1668 4351 sibi
1697 4313 1924 4351 severus

335 4400 436 4439 nec
467 4384 639 4438 alium
664 4385 840 4455 magis
865 4403 1034 4457 quam
1065 4394 1244 4443 semet
1261 4387 1550 4458 judicavit.

969 4493 1202 4549 CAPUT
1234 4494 1302 4550 V.

966 4614 1325 4658 PASCHASIUS.

409 4705 720 4778 Perpendo,
737 4708 928 4774 frater,
944 4714 1001 4762 et
1015 4710 1198 4763 recolo
1215 4726 1336 4780 quae
1351 4709 1524 4764 sentis
1543 4729 1552 4761 :
1580 4710 1678 4764 sed
1693 4710 1932 4765 necdum

337 4801 423 4849 est
451 4796 624 4858 locus,
652 4803 669 4825 '
699 4797 830 4850 licet
871 4797 1078 4851 invitus
1117 4814 1240 4868 quae
1287 4799 1571 4869 proponis.
1603 4800 1813 4854 Tamen
1862 4800 1931 4853 de

337 4883 426 4936 his
455 4883 634 4938 fateor
661 4885 963 4956 aliquando
984 4902 1073 4939 me
1103 4886 1262 4940 illum
1281 4887 1681 4962 interrogasse,
1701 4906 1802 4944 cur
1826 4888 1932 4942 sibi

333 4977 453 5024 tam
481 4989 725 5038 severus,
760 4980 834 5036 et,
869 4972 1006 5026 dum
1036 4974 1186 5027 solus
1231 4979 1396 5041 esset,
1428 4979 1545 5029 tam
1574 4976 1752 5031 tristis
1780 4977 1928 5031 ince-

333 5061 512 5115 deret.
549 5062 634 5115 Ad
680 5063 826 5132 quod
856 5062 949 5115 ille
982 5081 993 5114 :
1027 5063 1260 5117 Noveris
1290 5063 1420 5134 quia
1450 5081 1669 5119 mecum
1698 5084 1844 5133 sum,
1877 5071 1934 5120 et

337 5149 486 5218 quod
515 5149 573 5202 in
603 5166 693 5203 me
722 5155 826 5213 est,
859 5149 1116 5204 decerno.
1143 5151 1354 5206 Idcirco
1397 5153 1566 5207 nullis
1594 5155 1775 5210 adhuc
1823 5156 1932 5210 nisi

336 5237 408 5291 de
445 5238 564 5292 sola
613 5255 730 5310 spe,
777 5239 1047 5293 hilaresco
1091 5240 1332 5309 gaudiis.
1364 5241 1720 5312 Perpendant
1759 5243 1934 5314 igitur

338 5325 518 5378 nostri
560 5325 656 5393 qui
700 5342 828 5380 eum
864 5327 1062 5380 rodere
1101 5333 1392 5392 conantur,
1424 5333 1480 5381 et
1515 5328 1714 5383 alienis
1741 5331 1932 5384 crimi-

340 5418 552 5467 nantur
568 5413 764 5484 culpis,
784 5415 880 5485 qui
903 5431 961 5468 se
982 5415 1064 5468 ita
1082 5415 1415 5485 percensuit.
1439 5416 1720 5472 Putantne
1739 5423 1935 5473 contra

416 5546 440 5574 ι
468 5535 704 5593 Videtur
731 5537 822 5594 hic
849 5537 1062 5611 deesse,
1087 5547 1144 5597 et
1167 5540 1284 5596 ideo
1304 5542 1661 5621 pr.rtermz°to,
1683 5541 1770 5599 vel
1800 5543 1932 5616 quid

1997 474 2166 528 torris
2197 490 2230 526 a
2258 474 2488 527 consilio
2511 475 2832 543 judicetur?
2862 476 2973 530 imo
3001 477 3221 531 Christo
3250 479 3338 531 cui
3363 479 3599 534 adhazsit

1997 565 2057 618 in
2087 565 2200 617 vita
2228 565 2640 634 complantatus
2668 565 2725 617 in
2756 582 3004 635 corpore,
3035 566 3480 634 gratulabundus
3503 584 3600 620 ca-

1997 653 2083 706 nit
2107 670 2116 704 :
2155 653 2416 705 Liberastz’
2448 668 2530 703 me
2559 653 2620 704 de
2649 656 2838 719 laqueo
2858 657 3182 707 venantium
3207 659 3254 707 et
3279 671 3313 707 α
3341 657 3496 707 verba
3517 672 3601 707 as-
3675 653 3683 658 ”

1996 757 2123 808 pero
2152 742 2312 806 (Psal.
2346 752 2435 804 xc,
2470 738 2540 806 3).
2596 740 2702 793 Sed
2750 740 2869 809 ipse
2913 741 3048 793 dum
3095 742 3302 794 talibus
3339 748 3396 796 et
3425 743 3598 796 tantis

1999 834 2299 882 evacuatur
2331 827 2509 892 malis,
2542 844 2643 880 nos
2687 827 2920 881 miseros
2969 829 3196 898 reliquit
3231 851 3242 884 :
3295 848 3403 900 quo
3432 832 3598 885 velim

1997 915 2308 985 ignoscant,
2341 916 2387 969 si
2423 915 2767 985 prolabimur
2798 916 2867 968 ad
2909 917 3186 986 lacrymas
3232 919 3500 971 secretius
3539 920 3599 972 in

1999 1025 2239 1070 secessu,
2292 1009 2386 1078 qui
2437 1008 2590 1078 prius
2630 1008 2997 1078 repressimus
3044 1025 3114 1062 ne
3162 1010 3479 1063 videremur
3507 1011 3600 1064 de-

2000 1098 2328 1166 ﬂere,quem
2344 1097 2522 1167 gratis
2537 1097 2772 1150 oderant
2788 1097 3152 1167 iniqui.Nunc
3165 1103 3351 1152 autem
3370 1099 3600 1153 tandem

1995 1185 2106 1237 illis
2139 1185 2550 1254 quiescentibus
2599 1187 2848 1239 lamenta
2891 1185 3282 1251 relaxabimus,
3334 1188 3600 1257 quoniam

1998 1274 2164 1326 ﬂetus
2186 1277 2244 1326 et
2263 1274 2523 1344 lacrymze
2544 1273 2794 1326 fomenta
2811 1280 2943 1327 sunt
2962 1275 3245 1338 desiderii,
3260 1275 3600 1330 desiderium

1999 1366 2189 1414 autem
2237 1362 2486 1430 jucunda
2540 1362 2852 1415 recordatio
2893 1362 3120 1425 amissi;
3177 1362 3462 1432 quoniam,
3493 1364 3600 1417 etsi

2001 1465 2152 1502 mors
2183 1466 2380 1518 aspera
2410 1450 2674 1514 deterret,
2709 1449 2896 1503 blandi
2927 1450 3168 1504 nominis
3198 1452 3469 1504 memoria
3497 1452 3597 1505 de-

2001 1539 2190 1591 lectat.
2212 1538 2369 1591 Unde
2392 1538 2617 1607 quidam
2639 1538 2716 1590 ait
2741 1539 2884 1608 quod
2907 1539 3212 1593 amicorum
3237 1556 3388 1592 mors
3409 1557 3602 1610 quam-

2001 1625 2128 1678 dam
2154 1625 2358 1679 habeat
2387 1627 2750 1694 voluptatem,
2777 1643 3083 1696 eorumque
3112 1628 3385 1680 memoria
3413 1629 3487 1680 sit
3504 1629 3601 1698 ju-

2001 1713 2488 1782 cunda,quomodo
2511 1729 2678 1781 poma
2697 1729 2819 1782 quae
2843 1713 3098 1766 videntur
3115 1715 3362 1767 suaviter
3379 1731 3599 1785 aSpera.

2001 1800 2138 1852 Cum
2171 1816 2303 1869 ergo
2333 1800 2634 1853 intervenit
2664 1801 2929 1870 spatium,
2962 1818 3104 1871 pura
3133 1802 3202 1854 ad
3232 1819 3334 1855 nos
3371 1803 3492 1872 spei
3513 1804 3610 1872 ju-

1999 1887 2256 1940 cunditas
2284 1887 2447 1951 redit,
2484 1888 2616 1957 quia
2644 1888 2720 1940 sic
2746 1904 2884 1957 quos
2924 1888 3243 1951 habuimus,
3286 1889 3598 1958 diligimus,

1998 1979 2268 2044 tanquam
2308 1979 2365 2027 et
2390 1990 2491 2027 nos
2519 1974 2648 2027 hinc
2671 1973 2856 2027 subito
2876 1975 3073 2040 ituros,
3102 1976 3290 2045 sicque
3310 1977 3600 2031 amisimus

2000 2067 2267 2131 tanquam
2325 2062 2652 2115 habeamus.
2700 2062 2954 2116 Gloriosa
2993 2063 3220 2133 quidem
3263 2081 3389 2134 spes
3437 2064 3604 2119 beata.

2002 2155 2059 2203 et
2107 2150 2312 2204 suavis.
2359 2150 2589 2214 Idcirco,
2645 2150 2723 2203 mi
2780 2156 2940 2220 pater
2977 2151 3193 2214 Arseni,
3246 2153 3602 2222 gratulamur

2000 2238 2104 2301 tui,
2135 2239 2384 2292 solamur
2411 2239 2624 2304 nostri;
2659 2239 2791 2308 quia
2839 2243 2896 2292 et
2940 2244 2995 2292 te
3037 2240 3108 2292 ad
3149 2241 3266 2310 spei
3294 2240 3606 2296 beatitudi-

2001 2342 2130 2379 nem
2161 2327 2554 2396 przesumimus
2583 2327 2917 2397 pervenisse,
2945 2344 3158 2399 nosque
3177 2330 3291 2383 tuis
3319 2329 3451 2384 illuc
3479 2347 3602 2384 me-

1999 2414 2122 2468 ritis
2165 2415 2446 2469 credimus
2495 2416 2769 2485 adjuvari,
2802 2417 2933 2470 licet
2960 2417 3091 2470 hinc
3132 2418 3202 2470 ad
3241 2419 3438 2472 horam
3466 2436 3606 2473 moe-

2001 2503 2091 2566 sti,
2127 2508 2318 2556 tamen
2345 2503 2655 2577 gaudentes
2698 2522 2710 2555 :
2759 2504 2890 2573 quia
2919 2504 3020 2558 tibi
3049 2505 3260 2559 felicior
3288 2523 3596 2575 successus,

2002 2606 2169 2659 quam
2206 2589 2366 2643 nobis
2395 2597 2624 2643 maneat
2647 2590 2849 2655 exitus,
2887 2591 2994 2644 nisi
3024 2592 3178 2661 prior
3204 2599 3334 2647 tuus
3367 2595 3603 2648 interve-

2002 2678 2121 2731 niat
2141 2695 2408 2731 recessus.
2430 2679 2594 2732 Forte
2617 2679 2939 2748 expedierat
2959 2685 3020 2733 ut
3047 2680 3178 2745 ires,
3204 2687 3481 2750 quatenus
3505 2701 3602 2754 pa-

2002 2767 2230 2820 raclesis
2260 2766 2467 2820 Christi
2495 2766 2702 2831 veniat,
2734 2772 2798 2820 ut
2837 2767 3043 2833 festini,
3079 2768 3288 2822 relictis
3318 2771 3596 2838 omnibus,

2003 2861 2188 2908 tecum
2218 2855 2392 2908 simus
2425 2860 2629 2918 mente,
2665 2860 2723 2908 et
2762 2856 3052 2910 indefessis
3081 2857 3337 2927 precibus
3365 2859 3599 2914 facultas

2003 2942 2329 3013 capessendi
2355 2942 2428 2996 sit
2452 2943 2690 3006 veniam,
2715 2950 2771 2996 et
2796 2944 3154 3014 perveniendi
3180 2945 3442 2998 ﬁduciam
3461 2949 3602 3002 acci-

2003 3032 2123 3102 piat
2170 3031 2410 3085 animus.
2443 3032 2566 3085 Non
2614 3032 2806 3101 igitur,
2839 3033 2918 3085 mi
2964 3034 3150 3097 Pater,
3194 3033 3384 3087 miseri
3414 3034 3483 3087 de
3519 3039 3596 3100 te,

2004 3120 2104 3173 sed
2135 3119 2301 3184 beati,
2346 3119 2547 3190 quibus
2585 3137 2686 3174 nec
2724 3120 3021 3190 praesentia
3049 3121 3108 3174 in
3147 3121 3349 3191 spiritu
3389 3122 3597 3187 deficit,

2003 3225 2106 3262 nec
2124 3224 2260 3262 cura
2281 3208 2556 3262 minuitur
2576 3209 2835 3278 pastoris,
2859 3210 2956 3263 sed
2977 3215 3216 3279 augetur
3235 3211 3435 3279 gratia.
3455 3211 3603 3274 Quid

2004 3297 2154 3350 enim
2184 3303 2270 3350 est
2317 3315 2486 3362 mors,
2535 3298 2642 3350 nisi
2690 3298 2962 3351 somnus?
3006 3298 3149 3352 sicut
3182 3315 3246 3353 ex
3296 3299 3604 3353 multarum

2007 3385 2421 3455 Scripturarum
2451 3385 2585 3438 locis
2607 3401 2904 3455 possumus
2924 3385 3254 3456 approbare.
3280 3387 3437 3449 Quod
3467 3387 3515 3440 si
3542 3387 3604 3441 in

2005 3472 2184 3525 noctis
2214 3472 2400 3542 quiete
2431 3472 2712 3541 corporeis
2754 3473 2934 3524 adhuc
2980 3472 3215 3525 vinculis
3244 3472 3600 3540 inhaerentes,

2007 3565 2063 3614 et
2084 3561 2243 3630 quasi
2272 3559 2649 3613 membrorum
2671 3559 2728 3612 in
2750 3576 2969 3613 carcere
2994 3561 3241 3629 religata:
3263 3560 3462 3614 animae
3482 3577 3608 3631 pos-

2008 3655 2140 3702 sunt
2167 3649 2368 3701 altiora
2417 3654 2474 3701 et
2529 3665 2762 3718 quaeque
2810 3648 2924 3701 suis
2977 3648 3219 3702 discreta
3260 3648 3603 3719 imaginibus

2008 3736 2321 3807 perspicere
2357 3755 2367 3788 :
2401 3743 2610 3807 quanto
2643 3735 2821 3804 magis
2852 3735 3003 3789 exuti
3035 3737 3188 3789 omni
3230 3736 3602 3807 corruptionis

2008 3824 2131 3878 labe
2174 3830 2445 3896 spectant,
2479 3831 2541 3878 ut
2570 3823 2800 3893 quidam
2831 3831 3150 3878 sanctorum
3184 3825 3280 3888 ait,
3311 3826 3431 3894 jam
3461 3841 3606 3896 puro

2007 3913 2350 3983 aetherioque
2369 3914 2566 3967 sensu?
2587 3912 2744 3966 Unde
2763 3912 2890 3982 plus
2910 3918 3112 3982 praesto
3131 3919 3186 3966 te
3204 3913 3362 3967 nobis
3376 3914 3604 3967 Patrem

2006 4003 2356 4068 confidimus,
2402 4019 2571 4072 quam
2609 4002 2667 4054 in
2696 4000 2858 4054 istius
2886 4002 3010 4055 vita:
3039 4018 3146 4055 usu
3176 4001 3382 4056 habere
3428 4001 3606 4056 nostri

2006 4089 2379 4160 prospiciendi
2408 4091 2479 4143 ad
2505 4089 2738 4143 invicem
2763 4089 2978 4159 COpiam
3009 4090 3310 4160 potuimus.
3329 4091 3428 4144 Est
3455 4090 3608 4144 enim

2005 4179 2184 4244 nobis,
2201 4184 2264 4231 ut
2283 4179 2579 4244 credimus,
2594 4177 2799 4247 ubique
2819 4183 3020 4248 praesto
3041 4179 3328 4250 dulcisque
3350 4179 3608 4233 absentia

2007 4284 2271 4338 praasens,
2307 4267 2454 4337 quod
2485 4274 2617 4320 tunc
2642 4268 2793 4322 illius
2823 4268 3015 4321 omnia
3043 4285 3164 4321 esse
3189 4285 3300 4321 non
3325 4274 3602 4339 poterant,

1941 4355 2174 4425 Dsicuti
2235 4362 2321 4409 est
2373 4372 2554 4421 nunc,
2615 4356 2861 4411 insuavis
2920 4357 3038 4425 ejus
3091 4356 3249 4409 valde
3309 4357 3608 4427 praesentia

2015 4444 2252 4511 absens;
2297 4445 2560 4515 quoniam
2587 4445 2645 4498 in
2677 4463 2741 4499 eo
2769 4463 2889 4500 esse
2914 4445 3179 4510 creditur,
3211 4445 3298 4498 cui
3327 4451 3522 4515 patent
3551 4450 3609 4498 et

2013 4539 2217 4605 praesto
2241 4540 2374 4588 sunt
2402 4534 2609 4588 omnia.
2642 4537 2844 4606 Magna
2867 4535 3040 4604 igitur
3069 4539 3314 4604 potestas
3342 4540 3399 4587 et
3430 4534 3606 4588 virtus

2014 4623 2330 4688 ineﬂabilis,
2352 4623 2432 4676 ita
2452 4629 2516 4677 ut
2542 4640 2644 4677 nec
2673 4641 2841 4688 mors,
2857 4641 2958 4676 nec
2980 4629 3200 4692 tempus
3213 4623 3454 4676 avellere
3477 4639 3612 4694 pos-

2015 4712 2106 4777 sit,
2121 4729 2260 4783 quos
2275 4712 2398 4782 ipsa
2413 4712 2718 4782 eademque
2743 4713 3008 4780 majestas
3025 4711 3124 4764 Dei
3147 4711 3407 4764 beaverit.
3423 4711 3604 4778 Unde,

2013 4800 2091 4852 mi
2138 4801 2324 4865 Pater,
2369 4800 2554 4870 potius
2591 4800 2833 4853 crederis
2881 4816 3029 4852 nunc
3058 4799 3241 4853 vivere
3277 4798 3458 4864 nobis,
3511 4799 3615 4870 qui.

2014 4887 2114 4942 tibi
2141 4888 2339 4943 melius
2369 4888 2522 4941 vivis.
2545 4888 2714 4942 Fiunt
2739 4889 2858 4958 jam
2889 4888 3146 4958 lacrymaa
3171 4887 3378 4952 dulces,
3406 4889 3612 4957 jucun-

2014 4977 2139 5030 dior
2169 4978 2361 5043 ﬂetus;
2395 4975 2676 5046 quoniam,
2710 4976 2814 5030 etsi
2845 4993 2996 5029 mors
3027 4975 3141 5029 odii
3171 4981 3274 5040 est,
3305 4976 3418 5029 vita
3446 4975 3607 5028 nobis

2012 5070 2111 5120 tua
2138 5065 2382 5119 dilectio.
2415 5066 2671 5134 Namque
2701 5083 2852 5118 mors
2883 5064 3091 5118 ebibita
3119 5063 3381 5133 absorpta
3420 5067 3505 5116 est
3546 5062 3607 5115 in

2013 5154 2145 5220 vita,
2177 5159 2231 5207 et
2257 5154 2382 5208 ideo
2402 5153 2556 5218 vivis.
2583 5155 2768 5218 Pater,
2792 5153 3063 5224 beateque
3085 5153 3235 5206 vivis.
3252 5153 3603 5217 Quaesumus,

2014 5243 2164 5296 adsis
2194 5242 2371 5308 nobis,
2400 5241 2549 5312 apud
2577 5258 2742 5313 quem
2770 5242 2972 5296 melius
3000 5239 3158 5305 vivis,
3186 5237 3244 5291 in
3275 5253 3385 5307 quo
3412 5236 3608 5292 vivunt

2014 5332 2222 5396 omnia,
2267 5349 2480 5401 nosque
2506 5348 2795 5386 movemur
2840 5331 2900 5385 in
2945 5330 3041 5382 illo
3084 5331 3141 5380 et
3181 5342 3412 5380 sumus:
3445 5328 3607 5397 cujus

2014 5419 2428 5489 nimirumspei
2468 5420 2759 5490 promissis
2804 5417 3170 5486 refrigeratur
3205 5415 3373 5470 ardor
3409 5416 3604 5483 animi,

2015 5545 2216 5601 simile.
