4000 6170
466 263 611 322 1575
686 280 693 285 ’

1101 399 1417 442 ADODATUS.

533 484 734 538 Nonne
761 478 960 534 recolis
983 477 1120 531 illud
1153 475 1398 540 Catonis,
1420 473 1568 545 quod
1590 473 1752 528 multi
1775 473 1952 526 multa
1972 472 2059 525 lo-

463 577 733 645 quuntur,
781 575 838 622 et
877 568 1003 621 ideo
1049 581 1178 619 rara
1210 570 1296 618 est
1338 563 1514 616 ﬁdes?
1557 561 1952 615 Verumtamen
1987 560 2057 613 de

463 663 596 728 isto,
624 658 823 721 fateor,
878 655 1147 725 optimam
1190 652 1370 706 habeo
1425 651 1614 713 ﬁdem,
1649 650 1737 704 cui
1766 649 1973 703 adhaesi
2000 649 2058 701 in

463 747 797 809 novissimis,
830 762 995 815 quem
1032 741 1285 812 cognovi,
1318 739 1450 794 licet
1496 755 1640 803 sero,
1692 744 1749 792 et
1777 737 1942 791 dilexi
1968 737 2057 790 ni-

465 838 644 891 mium
673 831 1324 887 virtutibusdecoratum.
1342 828 1451 882 Sed
1475 843 1585 880 non
1607 825 1868 879 omnibus
1894 824 2061 878 rebus

465 925 625 979 facile
680 923 817 976 ﬁdes
874 919 1210 974 adhibenda.
1261 916 1421 971 Unde
1470 922 1528 969 et
1562 914 1815 985 Apostoli
1842 913 2061 968 tardius

466 1012 765 1068 credidisse
793 1010 1076 1079 leguntur,
1110 1024 1180 1061 ne
1201 1006 1343 1060 forte
1376 1004 1511 1058 ﬁdes
1535 1020 1731 1057 eorum
1760 1001 2064 1056 temeraria

465 1102 769 1156 videretur.
798 1100 885 1153 Ita
911 1104 969 1152 et
996 1113 1099 1152 nos
1150 1095 1293 1149 nihil
1337 1092 1769 1165 pmcipitanter,
1812 1090 2062 1160 nihilque

466 1189 780 1245 inconsulte
811 1203 979 1257 agere
1003 1189 1227 1256 oportet
1260 1200 1272 1235 :
1305 1198 1487 1252 neque
1518 1180 1667 1249 vulgi
1697 1183 1798 1232 aut
1824 1178 2064 1247 alicujus

400 1303 407 1309 ο
464 1277 832 1350 impressione
854 1276 933 1328 ita
953 1272 1124 1336 inﬁci,
1147 1288 1216 1325 ne
1239 1270 1471 1324 meliora
1492 1270 1739 1339 recipere
1756 1266 2061 1331 valeamus;

468 1383 668 1437 neque,
707 1370 772 1418 ut
797 1364 878 1417 ita
914 1362 1115 1426 dicam,
1148 1358 1352 1413 molliri
1378 1374 1443 1411 ac
1471 1357 1519 1411 si
1554 1373 1700 1419 cera,
1727 1360 1791 1409 ut
1813 1355 2065 1408 omnium

467 1456 781 1526 sigillorum
806 1452 969 1521 signa
1000 1465 1170 1520 super
1193 1447 1538 1517 sculpturam
1568 1442 2065 1514 recipiamus.Pro-

464 1543 653 1598 banda
679 1547 766 1596 est
784 1538 1161 1609 igiturimago
1175 1536 1467 1604 cujusque,
1495 1532 1786 1603 probanda
1801 1536 1857 1585 et
1876 1531 2013 1585 fides
2045 1548 2057 1583 :

1234 261 1292 316 S.
1333 259 1708 317 PASCHASII
1747 256 2110 315 RADBERTI
2146 256 2452 313 ABBATIS
2499 256 2993 314 CORBEIENSIS.

2071 381 2237 443 Αεθά
2262 382 2334 437 ad
2361 382 2466 438 hoc
2493 381 2600 437 sibi
2621 381 2924 437 commissa
2938 379 3479 446 ὤεα-ἰδιωτεῖαραί
3493 386 3623 452 post
3646 396 3749 434 an-

3603 254 3746 313 1576

2139 470 2361 524 nualem
2375 470 3218 542 decimationem.quotidianam
3232 469 3745 524 indesinentertam

2139 575 2206 612 ex
2234 559 2386 613 omni
2412 559 2635 614 redditu
2655 576 2719 613 ac
2743 559 3160 630 dispensatione
3182 558 3380 621 victus,
3404 575 3578 628 quam
3600 563 3657 610 et
3673 557 3742 610 de

2138 647 2307 701 variis
2317 648 2591 701 donorum
2612 648 2928 718 sumptibus
2942 648 3150 702 Christi
3163 646 3507 718 pauperibus
3521 647 3742 716 impen-

2140 736 2477 801 debat,hanc
2497 736 2603 790 sibi
2619 737 2966 790 hereditatis
2985 741 3317 806 computans
3333 743 3576 806 partem,
3599 735 3742 788 hanc

2140 825 2283 878 lucri
2311 825 2578 895 pretium,
2603 825 2748 879 hanc
2759 825 3121 896 justitiazsuze
3141 823 3592 878 mercimonium.
3608 821 3738 887 Sed,

2141 919 2203 967 ut
2232 912 2414 978 video,
2429 912 2718 983 Allabigus
2749 918 2959 976 noster,
2973 914 3132 985 quasi
3158 913 3523 976 conviciatus,
3545 910 3741 965 irasci-

2140 1007 2255 1061 tur.
2274 1001 2400 1055 ideo
2416 1001 2559 1056 forte
2588 1002 2799 1056 nudam
2819 1019 2990 1057 manu
3015 1003 3301 1056 interdum
3317 1001 3609 1063 confricet,
3640 1015 3742 1053 nec

2142 1088 2284 1143 bene
2308 1090 2482 1144 sentit
2501 1090 2572 1144 de
2602 1090 2691 1143 his
2719 1107 2844 1161 quas
2863 1091 3197 1162 proponitis.

2215 1178 2357 1232 Tum
2384 1178 2476 1235 ille
2501 1195 2514 1230 :
2546 1178 2691 1242 Quid
2720 1179 2894 1250 igitur
2922 1180 3138 1233 ludicra
3159 1180 3352 1249 jocose
3380 1178 3607 1233 seritis?
3621 1178 3743 1231 etsi

2145 1266 2333 1320 calvus
2354 1266 2509 1320 vobis
2519 1267 2729 1333 videor,
2746 1267 3057 1322 Hmiisaeum
3078 1269 3215 1339 quid
3232 1268 3599 1322 contemnitis
3615 1273 3639 1319 Ρ
3656 1268 3744 1320 An

2146 1355 2343 1419 nescis,
2387 1356 2674 1423 Chremes,
2709 1356 2842 1427 quia
2891 1356 3055 1411 multi
3092 1373 3182 1411 me
3211 1357 3372 1431 _venti
3420 1354 3745 1411 flaverunt?

2147 1445 2421 1499 Fortassis
2442 1463 2576 1516 ergo
2599 1446 2842 1515 jurando
2872 1462 2973 1516 per
3000 1446 3107 1500 hoc
3130 1451 3300 1516 caput
3327 1446 3438 1499 ista
3464 1444 3743 1501 contraxi.

2146 1534 2307 1588 Nunc
2346 1539 2534 1588 autem
2578 1534 2710 1605 quia
2758 1551 2868 1588 non
2906 1535 3161 1598 credunt,
3192 1535 3299 1589 hoc
3320 1551 3531 1588 novum
3561 1534 3743 1604 reperi

472 1638 537 1686 ut
567 1632 717 1702 quod
746 1628 917 1683 semel
966 1626 1037 1679 ad
1067 1623 1341 1695 liquidum
1384 1621 1723 1693 probaveris,
1756 1621 1960 1673 iterum
1994 1619 2122 1702 de“
2141 1622 2299 1691 juxta
2329 1623 2704 1686 Terrentium,
2740 1629 2801 1676 ut
2828 1629 3116 1677 consecter
3139 1640 3253 1688 eos,
3292 1623 3389 1694 qui
3431 1640 3494 1677 se
3536 1623 3743 1692 primos

470 1721 567 1775 illo
596 1736 709 1774 non
734 1717 972 1788 judices.

1084 1812 1433 1854 PASCHASICS.

542 1898 712 1951 Recte
739 1892 972 1947 fateris:
1021 1888 1120 1943 sed
1148 1887 1312 1941 velim
1349 1886 1681 1957 perpendas,
1716 1902 1884 1957 quam
1907 1883 2064 1956 probi

466 1984 572 2038 viri
601 1983 750 2037 inter
791 1994 1041 2035 summos
1070 1975 1256 2031 saeculi
1310 1975 1551 2028 honores
1588 1973 1844 2030 vixerint.
1895 1987 2064 2041 quam

470 2073 659 2127 idonei
687 2087 814 2124 mox
839 2068 908 2121 de
938 2065 1141 2120 militia
1178 2064 1248 2117 ad
1290 2063 1496 2117 Christi
1535 2061 1778 2132 gratiam
1807 2076 2068 2131 pervene-

468 2161 603 2215 rint.
635 2162 816 2214 Taceo
849 2156 1022 2226 igitur
1051 2158 1109 2207 et
1130 2151 1324 2216 David,
1346 2167 1513 2222 quem
1535 2167 1637 2204 nec
1667 2149 1871 2219 regalis
1890 2148 2070 2219 digni-

469 2258 559 2307 tas
580 2248 774 2304 multis
798 2260 988 2299 rerum
1019 2241 1193 2312 copiis
1222 2240 1416 2305 illexit,
1443 2256 1544 2293 nec
1574 2238 1863 2309 occupatio
1892 2253 2067 2307 nego-

471 2341 682 2395 tiorum
727 2354 763 2390 a
803 2335 950 2388 dono
998 2330 1195 2402 gratia:
1247 2328 1494 2383 retorsit.
1521 2328 1700 2382 Taceo
1741 2327 1811 2380 de
1849 2325 2064 2380 caeteris

473 2426 755 2489 omnibus,
777 2422 874 2493 qui
896 2422 955 2475 in
975 2418 1218 2474 culmine
1246 2416 1595 2471 celsitudinis
1614 2416 1884 2469 virtutum
1919 2413 2068 2467 ﬂori-

474 2516 580 2571 bus
607 2511 878 2575 exornati,
896 2510 1012 2564 Deo
1038 2506 1310 2579 placuisse
1333 2506 1614 2574 leguntur,
1644 2510 1703 2557 et
1722 2501 1914 2556 multis
1944 2518 2070 2572 my-

476 2603 776 2659 steriorum
795 2596 1160 2653 sacramentis
1181 2592 1711 2648 refulsere.Veniam
1727 2591 1797 2645 ad
1826 2596 2066 2656 nostros,

474 2709 613 2766 quos
640 2692 709 2745 de
732 2687 927 2743 mundi
958 2684 1158 2739 militia
1178 2682 1387 2737 Christi
1406 2681 1649 2735 Ecclesia
1666 2679 1937 2751 gloriosos
1951 2695 2073 2733 sus-

473 2782 622 2853 cepit
648 2777 933 2851 prmsules.
974 2772 1331 2828 Ambrosium
1383 2770 1599 2841 loquor,
1635 2768 1731 2839 qui
1767 2769 1836 2822 de
1880 2767 2072 2839 prazf‘e-

475 2877 636 2926 ctura
668 2884 795 2921 mox
824 2863 1147 2920 cathedram
1177 2860 1532 2931 episcopatus
1571 2863 1656 2911 est
1683 2856 1920 2927 adeptus
1944 2874 1958 2921 ;
2013 2860 2072 2909 et

478 2955 774 3017 Hilarium,
810 2967 977 3024 quem
1004 2949 1289 3003 doctorem
1322 2945 1589 3000 eximium
1611 2943 1794 2999 Gallia
1819 2941 2072 2997 concele-

2079 1689 2125 1747 Β
2146 1710 2397 1764 omnium
2427 1728 2548 1765 esse
2576 1711 2787 1775 volunt,
2824 1728 2926 1765 nec
2953 1717 3115 1777 sunt;
3143 1716 3201 1766 et
3228 1728 3355 1766 cum
3386 1711 3745 1774 riserint,ar-

2148 1798 2321 1859 rideo,
2353 1815 2661 1869 eorumque
2690 1799 2915 1870 ingenia
2941 1799 3192 1854 admiror
3215 1818 3229 1867 ;
3253 1800 3342 1853 vel
3362 1797 3641 1871 quidquid
3659 1797 3745 1851 di-

2147 1892 2301 1951 cunt,
2335 1887 2533 1942 laudo:
2562 1894 2615 1943 ct
2640 1888 2688 1941 si
2721 1894 2949 1959 negant,
2983 1888 3186 1954 laudo;
3211 1888 3347 1959 quid
3386 1888 3630 1959 quisque
3656 1903 3749 1941 ne-

2146 1975 2381 2045 gaverit,
2426 1993 2608 2046 nego;
2653 1977 2832 2040 aiunt,
2877 1976 2987 2034 aio.
3035 1976 3250 2031 Deinde
3290 1976 3566 2047 imperavi
3610 1976 3744 2029 mihi

2149 2062 2340 2115 omnia
2385 2064 2681 2127 assentari,
2732 2065 2865 2135 quia
2909 2065 2956 2118 is
3008 2069 3255 2135 quaestus
3292 2081 3440 2118 nunc
3475 2069 3566 2117 est
3589 2063 3748 2116 valde

2149 2151 2711 2207 uberrimus.Tamen
2739 2154 2936 2207 saltem
2969 2169 3196 2222 parvam
3224 2152 3528 2207 adhibeam
3557 2153 3745 2218 ﬁdem,

2149 2241 2244 2311 qui
2275 2241 2412 2294 mihi
2442 2242 2512 2296 de
2541 2242 2638 2296 illo
2669 2258 2838 2313 quam
2878 2241 3020 2296 bene
3043 2258 3167 2296 sum
3195 2241 3473 2306 conscius,
3498 2241 3748 2311 nihilque

2147 2327 2272 2381 falsi
2308 2330 2538 2400 ﬁngam,
2566 2330 2831 2401 quoniam
2855 2347 2977 2384 meo
2995 2329 3150 2383 cordi
3185 2329 3407 2384 nullum
3434 2329 3751 2383 chariorem

2148 2415 2389 2473 invenio.
2421 2417 2550 2471 Fuit
2567 2418 2718 2471 enim
2744 2417 2918 2472 suoin
2939 2422 3191 2488 tempore
3213 2416 3498 2488 acceptior
3514 2416 3748 2481 cunctis,

2152 2504 2281 2558 licet
2301 2506 2624 2575 prodigiosa
2651 2506 2822 2576 hujus
2846 2506 3038 2560 saeculi
3069 2511 3206 2560 aetas
3226 2505 3428 2559 ultima
3455 2522 3589 2560 eum
3617 2505 3745 2558 insi-

2152 2592 2372 2664 pienter
2392 2599 2450 2648 et
2463 2595 2706 2665 maligne
2736 2596 2939 2658 oderit,
2971 2600 3141 2665 atque
3170 2594 3479 2648 mendaciis
3506 2595 3583 2648 sit
3603 2595 3752 2647 inse-

2151 2680 2708 2737 cuta.Verumtamen
2737 2700 2923 2754 quaeso
2950 2700 3038 2739 me
3056 2699 3171 2737 non
3199 2683 3340 2738 adeo
3368 2684 3644 2753 ignavum
3657 2699 3754 2753 pu-

2152 2768 2302 2833 tetis,
2335 2786 2448 2824 non
2476 2770 2783 2841 ingratum,
2815 2788 2998 2843 neque
3028 2772 3404 2826 inhumanum
3433 2777 3538 2826 aut
3561 2788 3751 2825 vecor-

2151 2856 2297 2923 dem,
2327 2863 2393 2912 ut
2428 2875 2518 2913 me
2555 2875 2667 2913 non
2693 2859 3037 2914 consuetudo
3063 2861 3204 2915 tanti
3229 2860 3335 2913 viri
3354 2876 3467 2915 non
3484 2860 3755 2914 irremota

2152 2943 2278 2998 vitae
2305 2945 2669 3010 conversatio,
2714 2962 2827 3000 non
2873 2963 3051 3011 amor,
3086 2963 3200 3001 non
3253 2948 3436 3018 pudor
3457 2947 3754 3001 oblivionis

489 3046 636 3100 brat.
660 3043 824 3097 Tales
854 3056 990 3109 ergo
1018 3043 1076 3091 et
1102 3033 1427 3105 hujusmodi
1455 3034 1602 3086 viros
1626 3048 1770 3102 saepe
1782 3031 2070 3129 sarculum,
2092 3069 2137 3129 C
2157 3039 2528 3094 commoveat.
2560 3051 2625 3088 ac
2654 3041 2902 3100 moneat,
2934 3035 3015 3088 illi
3044 3040 3109 3090 ut
3146 3052 3366 3090 servem
3394 3036 3587 3100 ﬁdem,
3620 3051 3751 3089 cum

474 3134 589 3188 imo
618 3132 687 3185 de
716 3128 918 3184 saeculo
942 3124 1151 3179 Christi
1170 3123 1356 3193 gratia
1383 3121 1652 3192 provexit.
1686 3121 1755 3174 Et
1779 3119 1903 3173 ideo
1932 3119 2073 3173 nulli
2097 3119 2137 3129 “”
2159 3137 2269 3191 quo
2306 3123 2486 3176 multa
2532 3123 2757 3193 pertuli.
2802 3140 2837 3177 a
2878 3140 2988 3194 quo
3025 3124 3187 3195 plura
3222 3124 3412 3187 didici,
3455 3130 3518 3179 et
3552 3140 3620 3178 ex
3648 3139 3754 3194 quo

481 3220 738 3282 dubium,
766 3215 915 3287 quod
946 3218 1004 3267 et
1048 3212 1218 3265 istum
1266 3210 1415 3263 inter
1462 3208 1755 3263 senatoria:
1784 3206 2073 3278 dignitatis

477 3308 682 3362 infulas
736 3305 1004 3358 virtutum
1060 3298 1301 3369 gemmis
1352 3298 1697 3367 insignatum
1729 3295 2079 3367 providentia

480 3394 728 3451 instituit
754 3392 961 3457 divina,
994 3394 1051 3443 et
1092 3386 1393 3443 clementia
1421 3386 1658 3451 decoxit,
1700 3391 1766 3439 ut
1793 3386 1955 3439 ﬁeret
1980 3400 2077 3439 vas

478 3484 709 3539 honoris
740 3482 810 3536 de
839 3484 997 3535 tanto
1026 3476 1269 3533 culmine
1294 3475 1365 3529 ad
1395 3474 1767 3529 monasticam
1796 3479 2086 3528 transmu-

480 3579 657 3629 tatus.

1075 3672 1308 3728 CAPUT
1336 3671 1485 3726 VIII.

1148 3811 1407 3850 SEVERUS.

552 3929 660 3984 Diu
691 3934 776 3981 est
796 3923 941 3996 quod
957 3920 1371 3993 exspecto,quid
1385 3919 1453 3973 de
1476 3919 1569 3972 illo
1588 3917 1759 3972 dubia
1774 3934 2083 3989 proponere

481 4018 680 4083 velitis,
707 4030 875 4086 quem
902 4014 1200 4084 plusquam
1222 4012 1446 4062 nosmet
1467 4007 1643 4075 (utita
1663 4007 1857 4075 fatear)
1883 4022 2084 4076 cogno-

482 4107 687 4171 vimus,
719 4102 810 4157 cui
838 4098 1045 4155 conscii
1076 4097 1303 4161 fuimus,
1328 4095 1418 4150 cui
1447 4111 1615 4165 quam
1646 4093 1927 4148 nobismet
1955 4109 2078 4148 am-

478 4196 630 4266 plius
650 4190 1008 4247 credidimus.
1040 4185 1316 4241 Fortassis
1355 4201 1488 4254 ergo
1527 4188 1590 4238 ut
1621 4182 1847 4253 quidam
1894 4183 2076 4253 philo-

483 4282 788 4353 30phorum
838 4274 1029 4331 omnia
1071 4273 1241 4328 dubia
1269 4278 1546 4329 tenemus.
1580 4270 1829 4341 nihilque
1871 4276 2086 4325 certum

2160 3226 2392 3280 quaeque
2420 3211 2635 3281 optima
2663 3211 2934 3266 virtutum
2963 3212 3133 3267 etiam
3168 3212 3227 3267 in
3264 3213 3469 3267 saeculo
3495 3212 3751 3283 cognovi,

2157 3314 2259 3369 pro
2289 3299 2451 3369 cujus
2474 3315 2665 3354 amore
2693 3300 2937 3371 primum
2970 3307 3098 3372 post
3124 3302 3298 3355 Deum
3335 3302 3607 3356 saeculum
3628 3300 3757 3355 reli-

2159 3386 2274 3457 qui.
2301 3386 2461 3441 Unde
2482 3387 2531 3441 si
2559 3388 2686 3458 quis
2725 3395 2974 3443 vestrum
3006 3389 3142 3443 mihi
3167 3389 3237 3443 de
3264 3406 3441 3443 cornu
3466 3390 3758 3462 quidpiam

2165 3476 2445 3547 opposuit,
2491 3475 2684 3532 tubam
2736 3477 2932 3531 audiat
2973 3478 3257 3539 veritatis;
3318 3478 3451 3549 quia
3506 3479 3759 3550 quamvis

2165 3564 2569 3619 obsurdescant
2603 3565 2799 3629 invidi,
2861 3564 3133 3620 Arsenius
3184 3566 3291 3620 iste
3337 3584 3506 3621 verus
3552 3567 3759 3622 Christi

2165 3652 2377 3706 athleta
2400 3652 2536 3707 fuit:
2561 3653 2666 3707 etsi
2688 3654 2850 3725 plura
2862 3670 3193 3708 enumerare
3203 3670 3483 3725 nequeam
3504 3672 3760 3711 sermone

2164 3740 2476 3811 imperitus,
2517 3742 2712 3812 lugere
2741 3748 2934 3796 tamen
2963 3742 3067 3796 etsi
3107 3759 3295 3796 coram
3324 3760 3439 3797 non
3467 3744 3756 3811 erubesco,

2165 3829 2383 3899 quoties
2409 3830 2479 3883 ad
2511 3835 2754 3884 mentem
2790 3846 2858 3884 ea
2886 3830 3111 3897 reduco,
3143 3837 3210 3885 ut
3235 3832 3321 3885 vel
3348 3831 3431 3885 sic
3462 3823 3761 3903 refrig'ener

2163 3918 2359 3988 plenas
2405 3918 2759 3972 miseriarum
2801 3924 3118 3973 nostrarum
3147 3919 3455 3974 doloribus.
3487 3921 3635 3985 Quia
3657 3922 3761 3976 etsi

2162 4006 2522 4077 gaudendum
2542 4007 2917 4078 censeo,quod
2945 4007 3115 4061 talem
3139 4023 3267 4061 eum
3290 4007 3757 4075 habuimus,satis

2163 4110 2384 4166 quoque
2432 4094 2773 4163 deﬂendam,
2821 4094 2920 4166 qui
2958 4111 3087 4149 cum
3123 4111 3189 4149 eo
3232 4112 3459 4167 semper
3500 4098 3754 4163 viximus,

2160 4183 2309 4253 quod
2337 4181 2596 4237 absentes
2624 4184 2683 4237 in
2710 4184 2975 4238 extremis
3000 4183 3227 4238 fuimus.
3242 4184 3525 4239 Fortassis
3554 4203 3689 4257 ergo
3714 4187 3761 4240 si

2168 4286 2293 4325 cum
2324 4288 2389 4326 eo
2421 4288 2688 4339 essemus,
2717 4272 2785 4326 de
2810 4272 3013 4342 spiritu
3034 4273 3157 4341 ejus
3185 4273 3430 4344 amplius
3459 4275 3760 4345 participa-

485 4386 650 4443 posse
669 4362 1043 4438 conprehendi
1065 4361 1542 4433 philosophamur.
1566 4359 1832 4430 Alioquin
1851 4359 2087 4413 interro-
2106 4382 2155 4441 ι)
2171 4378 2384 4418 remur.
2415 4362 2501 4415 An
2526 4378 2636 4415 non
2664 4360 2895 4432 legistis,
2915 4361 3065 4415 Elias
3087 4360 3279 4416 Elissac
3317 4379 3423 4416 suo
3444 4364 3683 4433 petenti,
3705 4370 3763 4417 ut

483 4464 616 4532 gate
644 4458 941 4513 Chremem
962 4454 1344 4515 nostrum,aut
1364 4448 1534 4502 istum
1555 4447 1898 4518 Allabigum,
1922 4448 2089 4518 cujus

485 4550 716 4618 clangor
738 4542 986 4599 buccinae
1014 4540 1158 4595 forte
1179 4538 1363 4593 surdis
1382 4537 1552 4591 etiam
1586 4536 1753 4590 ﬁdem
1779 4537 2085 4607 praestabit,

486 4636 635 4706 quod
676 4635 859 4688 adhuc
884 4632 943 4686 in
974 4628 1176 4685 saeculo
1224 4643 1445 4681 morum
1489 4626 1787 4679 honestate
1825 4642 1891 4680 ac
1910 4625 2089 4680 virtu-

487 4728 611 4777 tum
629 4722 846 4777 caeteris
873 4719 1079 4775 clarior
1104 4716 1260 4771 vixit.

1159 4819 1447 4862 οιιιιευεε.

560 4897 760 4954 Nullus
789 4897 885 4967 qui
908 4897 1015 4951 hoc
1033 4895 1272 4960 nesciat,
1302 4909 1445 4965 pene
1475 4892 1609 4964 quia
1632 4891 1772 4946 nulli
1798 4891 1907 4946 fuit
1931 4891 2097 4962 igno-

493 4995 585 5045 tus
618 5003 630 5039 :
686 4986 781 5039 sed
822 4985 961 5038 livor
988 4984 1248 5054 abnegat,
1290 4981 1547 5054 pluribus
1575 4982 1721 5053 quod
1756 4980 2097 5035 conscientia

506 5076 725 5150 probat.
780 5073 921 5129 Hinc
976 5073 1220 5143 profecto
1251 5072 1448 5143 liquet,
1480 5070 1734 5142 quamvis
1781 5069 2094 5135 offenderit,

507 5166 656 5239 quod
685 5164 857 5219 etiam
896 5160 966 5215 ab
1002 5160 1219 5214 aemulis
1250 5160 1606 5231 prazstantior
1630 5157 1890 5213 omnibus
1921 5157 2099 5212 nostri

501 5255 688 5312 saeculi
724 5249 1065 5326 primoribus
1100 5248 1208 5302 fuit
1241 5266 1253 5301 :
1311 5248 1416 5303 etsi
1463 5248 1673 5303 eisdem
1720 5263 1833 5302 non
1861 5247 2097 5318 placeat,

2171 4450 2403 4522 spiritus
2432 4449 2555 4519 ejus
2572 4448 2631 4503 in
2653 4465 2719 4503 eo
2742 4448 2950 4519 duplex
2979 4448 3156 4513 ﬁeret,
3179 4449 3313 4520 quid
3333 4450 3580 4505 dixerit?
3610 4453 3677 4508 Si
3690 4454 3764 4505 vi-

2171 4541 2335 4604 deris,
2372 4536 2573 4607 inquit,
2597 4538 2817 4607 quando
2851 4540 3039 4602 tollar,
3063 4540 3169 4591 erit
3191 4540 3335 4606 quod
3350 4545 3506 4607 optas
3525 4542 3580 4605 (Ι
3592 4542 3629 4593 ν
3644 4542 3761 4607 Reg.

2172 4641 2234 4692 II,
2259 4625 2370 4691 11).
2404 4625 2491 4679 Ita
2509 4630 2566 4679 et
2593 4642 2713 4688 nos,
2752 4625 2972 4687 fratres,
3007 4626 3053 4680 si
3084 4642 3334 4680 essemus
3357 4643 3488 4681 cum
3518 4644 3607 4693 eo,
3641 4629 3765 4682 hinc

2173 4714 2245 4769 ad
2265 4714 2433 4767 caelos
2474 4713 2698 4782 quando
2725 4713 2880 4779 abiit,
2915 4714 3117 4785 pignus
3144 4713 3305 4769 nobis
3332 4716 3476 4770 forte
3506 4717 3765 4770 refunde-

2175 4807 2264 4857 ret
2305 4801 2396 4857 sui
2422 4802 2672 4873 spiritus.
2703 4803 2865 4857 Nunc
2890 4810 3078 4858 autem
3111 4820 3280 4874 quam
3324 4804 3541 4871 miseri,
3572 4804 3767 4876 quibus

2177 4907 2279 4946 nec
2306 4890 2503 4945 horam
2532 4890 2675 4945 scire
2701 4890 2860 4945 licuit
2886 4892 2975 4946 sui
3002 4892 3203 4960 exitus,
3216 4908 3385 4963 quem
3410 4892 3597 4948 vivere
3616 4899 3770 4964 puta-

2176 4978 2377 5033 bamus
2393 4978 2406 5031 Ι

2817 5083 3079 5126 PASCHASI
3087 5084 3171 5126 U8.

2251 5157 2327 5213 Ut
2348 5156 2537 5212 audio.
2557 5155 2754 5228 glaber
2776 5158 2882 5213 iste
2907 5160 3004 5230 qui
3049 5158 3344 5215 videbatur
3380 5160 3581 5225 idiota,
3600 5161 3773 5216 factus

2184 5252 2272 5302 est
2297 5247 2354 5301 in
2384 5246 2570 5301 subito
2618 5247 3096 5319 querimoniarum
3125 5249 3510 5320 philosophus.
3544 5267 3650 5306 nec
3674 5252 3776 5306 du-

503 5346 684 5400 bonus
706 5349 898 5397 tamen
928 5339 1000 5394 ab
1043 5335 1302 5393 omnibus
1331 5337 1679 5407 praedicatur.
1713 5336 1841 5391 Fuit
1871 5336 2022 5391 enim
2042 5336 2102 5389 in
2184 5334 2343 5391 bium
2362 5334 2499 5406 quin
2511 5333 2711 5405 spiritu
2726 5335 2847 5407 ejus
2860 5353 3025 5408 quem
3041 5335 3361 5408 plangimus
3381 5338 3611 5393 afflatus
3637 5338 3776 5392 Alio.

509 5432 712 5486 saeculo
742 5432 1224 5501 eleemosynarum
1254 5425 1509 5494 largitor,
1558 5430 1617 5478 et
1656 5425 2001 5479 decimarum
2026 5423 2111 5478 ita
2192 5424 2329 5497 quin
2353 5423 2462 5478 nisi
2490 5440 2556 5478 eo
2583 5430 2735 5479 esset
2759 5430 3004 5481 attactus
3041 5424 3320 5497 quomodo
3340 5426 3481 5480 talia
3513 5442 3776 5498 praeoccuo

508 5519 937 5577 liberalissimus
956 5517 1336 5589 dispensator;
1361 5518 1426 5568 ut
1444 5512 1709 5585 probares
1718 5513 1836 5585 jam
1857 5530 1971 5569 non
1989 5528 2112 5580 sua,
2194 5513 2458 5585 pavisset,
2491 5516 2793 5585 antequam
2820 5513 2970 5570 ﬁlius
2996 5530 3063 5569 eo
3092 5513 3328 5581 veniret,
3353 5530 3468 5585 quo
3490 5514 3776 5571 circumfu-
