4000 6170
317 253 457 308 1577

968 257 1062 310 DE
1098 257 1266 311 VITA
1306 256 1562 322 VVALIE,
1605 257 1738 312 SEU
1775 258 2227 320 EPITAPHIUM
2262 265 2575 322 ARSENII.
2616 298 2682 312 --
2722 267 2862 326 LIB.
2905 273 2948 327 Ῑ.

3457 283 3478 340 1
3488 283 3592 341 578

315 378 392 430 sis
421 377 727 432 visceribus
774 380 1120 434 lamentandi
1148 381 1256 434 erit
1284 381 1546 451 tempus?
1604 382 1725 435 Non
1757 383 1904 436 enim
1926 388 2209 454 Atonum,
2233 394 2291 443 et
2309 391 2428 445 sola
2465 409 2586 463 quae
2615 377 2715 448 Dei
2746 400 2803 449 et
2832 401 3026 452 sancta
3049 405 3200 467 sunt,
3237 402 3307 458 ab
3331 409 3590 465 omnibus

313 473 630 520 assentator
662 473 746 521 est
771 468 914 528 falsi.
958 475 1019 522 ut
1055 486 1114 522 se
1141 471 1378 522 ﬁnxerat
1403 469 1527 534 ;sed
1550 470 1815 536 invector,
1848 480 1911 526 ut

312 557 514 619 sentio,
550 573 840 627 praecoque
855 557 1125 610 veritatis.
1158 558 1685 628 Parvipendetenim
1707 560 1909 631 aliquis

313 643 446 712 quid
463 644 697 711 audiat;
729 646 1042 715 praesertim
1075 662 1202 700 cum
1234 663 1398 700 nemo
1429 647 1740 701 amicorum
1761 665 1909 703 meo-

312 745 436 785 rum
469 739 555 786 est
577 733 761 794 hodie,
795 735 943 804 apud
975 751 1143 805 quem
1176 737 1364 789 omnia
1405 752 1534 789 mea
1568 737 1785 791 occulta
1813 754 1907 792 ex-

309 837 519 890 ponere
546 822 805 886 audeam,
844 823 1097 892 quamvis
1138 824 1228 877 hic
1252 830 1445 877 nostra
1465 825 1634 878 etiam
1665 825 1908 880 inimicis

310 909 539 979 detegat
562 929 574 970 ;
595 911 728 980 quia
756 927 1162 982 nonnunquam
1183 914 1331 982 apud
1356 913 1526 967 alium
1544 913 1801 984 prohibet
1826 915 1909 970 di-

308 997 516 1067 gnitas,
541 999 689 1068 apud
712 999 886 1052 alium
908 999 1082 1070 ipsius
1104 1001 1233 1054 facti
1252 1001 1644 1072 pigetineptia,
1681 1019 1750 1056 ne
1786 1004 1907 1056 inﬁ-

311 1086 470 1147 delis,
506 1103 576 1140 ne
599 1093 889 1157 protervus
932 1088 1137 1142 videar.
1191 1089 1402 1143 Idcirco
1432 1096 1687 1144 nostrum
1713 1097 1797 1144 est
1825 1091 1907 1145 in-

309 1175 582 1244 telligere,
615 1180 898 1247 utcunque
929 1182 1096 1248 atQue
1120 1177 1436 1248 ubicunque
1449 1195 1588 1248 opus
1617 1180 1689 1233 sit
1719 1197 1906 1234 assen-

307 1264 418 1316 tari
444 1263 880 1334 velobsequi,de
909 1265 1017 1319 isto
1044 1266 1091 1319 si
1120 1267 1399 1337 quomodo
1415 1268 1498 1320 vel
1518 1274 1722 1324 tacere.
1759 1271 1902 1340 Ergo

307 1352 442 1421 quia
461 1369 562 1405 nec
583 1353 959 1422 przemeditari
984 1355 1268 1424 potuimus
1281 1356 1426 1409 tanti
1443 1356 1545 1409 viri
1560 1356 1905 1420 obitum,nec

306 1440 563 1508 praescire
589 1460 600 1503 ;
634 1457 783 1494 nunc
811 1443 1477 1513 prmmeditandumquid
1503 1449 1588 1497 vel
1615 1445 1702 1499 cui
1729 1463 1903 1516 quan-

304 1528 487 1598 doque
510 1530 823 1599 loquamur.
865 1532 1069 1584 Noster
1089 1531 1238 1584 enim
1262 1533 1399 1586 satis
1422 1533 1659 1603 pavebat
1679 1535 1901 1588 animus

305 1617 374 1669 de
405 1619 499 1671 illo
529 1619 687 1688 prius
714 1619 826 1672 tale
890 1619 1100 1690 aliquid
1140 1621 1406 1690 cogitare,
1441 1622 1631 1691 qualia
1671 1623 1898 1677 demum

1992 478 2358 532 meditantur.

2621 626 2959 669 PASCHASIUS.

2063 707 2120 761 Si
2151 710 2370 778 quaeris,
2405 711 2710 782 Adeodate,
2746 719 2927 787 qualis
2977 725 3206 793 venerit,
3239 726 3420 784 fateor
3457 732 3585 786 talis

1991 795 2214 863 qualem
2253 798 2510 870 Virgilius
2534 801 2626 856 ille
2657 809 2787 858 tuus
2799 807 2954 861 Maro
2975 809 3415 882 describit,totus
3438 824 3585 874 teres

1989 887 2156 952 atque
2187 888 2480 943 rotundus.
2511 890 2618 954 Qui
2642 893 2911 949 nimirum
2931 914 3137 967 versus,
3166 903 3292 957 licet
3315 906 3374 959 in
3394 908 3581 979 Virgi-

1989 971 2064 1024 lio
2083 978 2265 1028 vestro
2284 977 2504 1047 magnis
2524 981 3277 1062 extollaturlaudibus,longe
3297 971 3584 1066 antiquior

1990 1060 2195 1131 legitur
2213 1064 2271 1118 in
2289 1065 2541 1134 Horatio,
2559 1069 2653 1138 qui
2673 1069 2805 1125 dum
2825 1073 2892 1125 de
2906 1074 3023 1129 viro
3049 1060 3301 1148 sapiente
3321 1060 3580 1154 loquere-

1987 1155 2100 1214 tur,
2125 1152 2224 1214 ait,
2243 1154 2391 1222 quod
2412 1155 2487 1208 sit
2502 1155 2680 1222 fortis,
2715 1165 2773 1213 et
2791 1161 2847 1214 in
2867 1163 3049 1234 seipse
3065 1172 3216 1222 totus
3239 1152 3578 1246 teres—atque

1984 1241 2276 1295 rotundus.
2330 1243 2489 1298 Unde
2518 1246 2763 1314 profecto
2790 1250 2984 1320 liquet,
3031 1255 3176 1310 sicut
3202 1265 3258 1311 et
3287 1260 3342 1313 in
3375 1241 3576 1333 quain-

1985 1327 2238 1396 pluribus
2267 1330 2420 1398 locis,
2452 1333 2584 1403 quia
2603 1330 2760 1390 Maro
2787 1345 2972 1394 vester
2998 1344 3231 1400 callidus
3258 1327 3484 1420 ingenio
3507 1355 3577 1409 de

1983 1421 2311 1472 cmterorum
2340 1423 2634 1477 sententiis
2653 1425 2876 1480 laudem
2905 1430 3117 1495 tulit,et
3137 1434 3204 1488 de
3221 1438 3506 1508 multis,ac
3529 1443 3575 1496 si

1984 1507 2756 1581 mendicus,philosophorum
2768 1515 3094 1586 fragmentis
3104 1507 3579 1585 conviviumvani-

1984 1595 2133 1652 tatis.
2153 1597 2353 1650 saltem
2375 1600 2585 1668 pueris,
2609 1601 2754 1657 fecit.
2792 1605 2901 1659 Sed
2923 1607 3258 1667 laudabilior
3274 1615 3364 1670 hic
3387 1626 3580 1675 noster

303 1681 603 1775 contigisse
634 1681 1068 1762 doluimus.N.on
1100 1681 1248 1779 quod
1270 1681 1646 1764 conditionem
1678 1700 1960 1780 ignora-3
1981 1681 2076 1780 in?
2100 1683 2425 1780 fulsit”?
2448 1687 2517 1742 de
2545 1691 2746 1746 “eam
2781 1693 2986 1748 ChriSti
3023 1700 3209 1768 gratia
3237 1702 3570 1776 ίῙῙΠείΓίηυεν

304 1811 527 1860 remus;
555 1795 652 1847 sed
677 1795 905 1865 quidam
937 1802 1192 1850 votorum
1223 1815 1358 1852 usus
1384 1815 1610 1852 sensum
1645 1807 1900 1854 nostrum

303 1883 616 1936 communis
652 1883 970 1954 fragilitatis
1004 1884 1332 1947 obduxerat,
1365 1892 1430 1940 ut
1459 1888 1528 1940 de
1558 1887 1654 1940 illo
1683 1888 1788 1942 nisi
1819 1907 1901 1944 se-

303 1971 488 2025 cunda
517 1971 761 2042 cogitare
792 1974 1150 2028 nesciremus.
1176 1975 1334 2029 Unde
1363 1992 1488 2028 cum
1519 1976 1650 2029 olim
1683 1977 1754 2030 ab
1783 1979 1899 2031 Au-

306 2065 473 2128 gusto
497 2060 741 2114 directus
766 2078 934 2115 causa
964 2063 1174 2131 negotii
1204 2063 1352 2132 quod
1382 2063 1577 2128 nostis,
1597 2070 1898 2134 antequam

301 2148 361 2200 in
390 2148 692 2201 remeando
723 2149 1088 2218 Agrippinam
1122 2151 1417 2214 venissem,
1455 2152 1700 2221 comperi
1733 2170 1899 2223 quem

303 2252 454 2289 nunc
497 2237 788 2300 deﬂemus,
840 2237 1094 2290 exsilium
1141 2239 1337 2292 tulisse
1384 2257 1483 2309 pro
1516 2257 1766 2305 munere,
1802 2242 1897 2295 ubi

303 2323 666 2392 quamplures
695 2325 1096 2377 monachorum
1121 2326 1287 2379 simul
1321 2326 1898 2393 reﬁciebamur;erat-

304 2427 412 2480 que
433 2411 596 2464 lectio
625 2411 683 2464 in
703 2412 886 2466 medio
912 2413 1071 2466 Isaiae
1093 2414 1252 2478 vatis,
1283 2414 1378 2468 ubi
1400 2416 1606 2485 legitur
1628 2435 1640 2468 ι
1663 2419 1900 2472 Concur-

301 2505 430 2552 rent
444 2502 687 2567 zEg-yptii
703 2501 964 2553 adversus
979 2503 1326 2569 ﬁgi/ptinget
1342 2505 1725 2572 di'srumpelur
1743 2509 1898 2573 ΛΞΜ]-

298 2591 427 2653 plus
463 2589 525 2638 in
580 2589 875 2641 visceribus
926 2593 1042 2641 suis
1071 2591 1198 2654 (13a.
1233 2606 1338 2656 xxx,
1371 2590 1447 2658 2).
1485 2594 1639 2647 Tunc
1669 2595 1894 2664 quidem

299 2672 725 2734 infremui,tunc
742 2676 900 2745 quasi
917 2677 1197 2732 inundans
1219 2680 1371 2733 omni
1399 2682 1774 2752 lacrymarum
1796 2683 1900 2737 im-

299 2761 396 2815 bre
428 2763 702 2832 perfusus,
743 2769 912 2834 atque
961 2766 1150 2819 dolore
1178 2767 1466 2839 disruptus
1515 2773 1782 2834 emarcui,
1821 2773 1901 2826 ita

299 2856 364 2904 ut
390 2867 585 2904 omnes
617 2852 978 2919 mirarentur,
1012 2855 1108 2907 alii
1158 2856 1383 2925 quidem
1428 2859 1562 2928 quid
1602 2861 1902 2929 contigerit

1984 1771 2252 1840 quifortis
2275 1773 2329 1827 in
2362 1775 2477 1829 Deo
2507 1782 2676 1849 atque
2697 1786 2845 1835 teres
2874 1801 2971 1838 seu
2994 1790 3286 1858 rotundus,
3308 1801 3372 1848 ut
3394 1771 3572 1866 aiunt,

1983 1858 2134 1912 venit
2163 1879 2175 1926 ;
2205 1862 2337 1931 quia
2354 1863 2574 1918 nihilex
2603 1870 2753 1922 omni
2782 1879 2942 1939 parte
2963 1878 3256 1932 rotundius
3284 1898 3317 1934 a
3342 1858 3570 1954 puncto,

1984 1964 2151 2016 quam
2180 1949 2286 2002 sibi
2311 1949 2695 2022 [f.si]virtutes
2716 1958 2921 2012 rationi
2943 1962 3171 2033 Deoque
3194 1949 3571 2028 consentiunt;

1982 2035 2180 2089 Nonne
2227 2037 2403 2093 virtus
2445 2041 2575 2110 jure
2604 2042 2707 2097 tibi
2740 2045 2959 2102 videtur
2999 2055 3256 2120 qumdam
3283 2061 3575 2128 aequalitas

1981 2123 2126 2187 vitae,
2152 2125 2469 2198 rationique
2489 2133 3136 2209 consentiensundique?
3158 2144 3316 2207 Quod
3347 2123 3392 2200 si
3422 2150 3574 2205 aliud

1983 2210 2052 2263 ab
2077 2212 2186 2266 alio
2215 2213 2272 2268 in
2302 2216 2416 2269 vita
2440 2217 2722 2290 discrepat
2749 2241 2761 2289 ;
2814 2227 3015 2296 magis,
3040 2229 3097 2282 ni
3119 2231 3298 2298 fallor,
3322 2237 3573 2306 offendit,

1983 2306 2045 2352 ut
2073 2301 2165 2354 ille
2195 2305 2453 2374 egregius
2473 2307 2570 2374 ait,
2611 2326 2780 2379 quam
2811 2314 2857 2366 si
2887 2316 3076 2386 aliqua
3089 2337 3220 2388 pars
3240 2323 3432 2379 circuli
3454 2344 3575 2382 ma-

1975 2389 2102 2455 jore
2133 2391 2415 2447 minorcve
2443 2395 2737 2454 intervallo
2767 2418 2934 2472 quam
2979 2406 3101 2461 aliae
3129 2417 3337 2479 partes,
3370 2415 3568 2475 distet.

1981 2477 2161 2545 Igitur
2188 2480 2284 2533 illa
2311 2488 2398 2535 est
2425 2484 2602 2539 virtus
2627 2492 2682 2541 et
2710 2491 2854 2544 ratio
2886 2510 3031 2561 vera,
3059 2477 3180 2566 quae
3205 2500 3377 2556 vitam
3402 2507 3581 2575 perfe-

1981 2571 2126 2618 ctam
2151 2567 2363 2623 faciunt
2385 2589 2398 2637 ;
2424 2572 2536 2626 vita
2559 2591 2687 2629 vero
2726 2579 2972 2647 perfecta
3003 2586 3326 2656 undique,si
3356 2567 3577 2649 veritati

1980 2662 2270 2724 congruat,
2294 2663 2352 2712 et
2381 2660 2676 2718 virtutibus
2703 2675 2972 2736 aequetur.
3005 2673 3164 2728 Unde
3193 2678 3441 2746 profecto
3461 2682 3580 2737 ido-

1983 2759 2121 2796 neus
2151 2744 2208 2798 in
2238 2746 2351 2800 vita
2373 2753 2430 2801 et
2447 2750 2657 2820 probus
2673 2754 2860 2822 jureis
2887 2766 3164 2826 censetur,
3184 2744 3279 2835 qui
3298 2773 3410 2821 tam
3435 2770 3576 2826 bene

1984 2837 2041 2884 et
2061 2831 2294 2887 honeste
2313 2834 2445 2890 vivit
2463 2843 2528 2891 ut
2555 2843 2861 2898 secundum
2885 2847 3061 2903 Deum
3077 2831 3376 2910 virtutibus
3396 2859 3578 2916 vivere

299 2939 566 3005 dicentes,
584 2940 679 2993 alii
710 2941 869 3010 quasi
899 2943 1080 2996 reatui
1108 2942 1260 2998 illius
1289 2947 1541 3000 conscius
1570 2964 1769 3009 essem.
1787 2949 1957 3030 opi-n
1983 2919 2624 3030 de)?“
2652 2946 2740 3030 fo
2771 2933 2906 3030 ’νδ-ηεξ
2933 2939 3257 3030 ονθᾷυηψνν
3303 2948 3572 3014 quoniam

298 3026 612 3094 nabant”;
647 3007 810 3082 magno
831 3036 1024 3085 tamen
1055 3033 1189 3086 mihi
1216 3051 1410 3088 eorum
1442 3037 1609 3091 hodie
1631 3007 1776 3108 quod
1796 3007 1897 3092 ΗΘ-
1915 3011 1958 3072 c
1983 3007 2200 3108 odiis-et
2224 3009 2435 3108 invidia
2461 3013 2990 3089 ubiquejugulatur.
3017 3027 3218 3090 Quade
3249 3007 3418 3087 causa
3443 3053 3574 3106 par-

301 3117 349 3169 ri
374 3116 503 3169 licet
531 3118 909 3173 consolatores
953 3121 1152 3191 optimi
1185 3123 1525 3178 viderentur.
1561 3127 1765 3180 Fateor
1808 3133 1895 3181 ta-

302 3221 432 3258 men
463 3207 655 3259 eadem
680 3207 818 3261 hora
843 3209 1033 3262 omnia
1057 3210 1196 3262 mihi
1228 3211 1285 3264 in
1313 3213 1501 3266 animo
1530 3215 1744 3269 venisse
1774 3233 1896 3286 qua

301 3297 497 3362 postea
535 3296 908 3365 contigerunt.
963 3298 1122 3352 Unde
1174 3315 1286 3352 non
1338 3300 1710 3356 dubitandum
1748 3305 1894 3374 quod

301 3382 520 3436 divinus
546 3385 786 3454 Spiritus
828 3386 1035 3457 ubique
1065 3390 1254 3441 omnia
1283 3390 1514 3460 repleat,
1547 3394 1714 3445 etiam
1747 3399 1802 3446 et
1831 3409 1898 3446 ea

304 3488 427 3542 quze
451 3489 562 3526 non
587 3474 852 3543 possidet.

971 3578 1230 3620 SEVERUS.

371 3651 563 3705 Dicam
594 3652 661 3705 de
693 3652 778 3706 his
809 3669 930 3723 quae
961 3654 1098 3707 mihi
1120 3655 1176 3708 in
1193 3661 1381 3709 mente
1405 3662 1555 3720 sunt,
1589 3674 1684 3711 vos
1702 3659 1894 3712 decer-

299 3739 434 3795 nite.
468 3740 614 3794 Dum
644 3741 736 3794 ille
768 3741 875 3795 fuit
904 3743 1072 3807 solus,
1108 3744 1241 3797 dum
1274 3745 1427 3798 nulla
1456 3745 1566 3798 alia
1594 3763 1739 3816 spes,
1759 3747 1892 3800 dum

299 3843 458 3896 posse
491 3828 700 3897 viguit;
733 3829 992 3884 favebant
1010 3832 1259 3902 plurimi,
1284 3833 1501 3903 sibique
1531 3833 1742 3888 dabant
1767 3836 1889 3906 pal-

297 3933 446 3970 mam
474 3935 486 3984 ;
521 3934 669 3972 nunc
699 3931 994 3990 postquam
1017 3937 1106 3974 res
1136 3922 1362 3976 inventa
1385 3923 1646 3994 [inversa]
1665 3931 1768 3992 est,
1807 3927 1894 3980 in-

294 4005 443 4059 venti
473 4006 727 4077 [inversi]
758 4014 893 4062 sunt
921 4015 979 4063 et
1004 4010 1109 4079 ipsi
1135 4011 1204 4064 de
1236 4011 1440 4081 quibus
1469 4015 1757 4082 qumreris.
1784 4016 1893 4069 Sed

293 4110 408 4148 non
460 4094 599 4148 adeo
646 4096 879 4151 dixerim
931 4098 1166 4153 fortuitu
1198 4101 1336 4153 talia
1365 4101 1687 4172 contigisse,
1722 4110 1785 4158 ut
1833 4111 1891 4158 et

291 4181 456 4236 lectio
486 4183 654 4237 simul
680 4201 744 4238 ac
774 4185 1034 4256 lacrymze
1049 4188 1415 4258 prodiderint,
1444 4190 1590 4262 quod
1608 4197 1800 4245 nostra
1830 4193 1886 4246 in

293 4270 595 4354 visceribus
631 4273 747 4354 suis
790 4274 1189 4351 disrumpenda
1219 4283 1368 4354 esset
1395 4273 1701 4350 Egyptus:
1741 4281 1885 4354 forte

286 4343 406 4428 jam
438 4365 573 4415 tunc
598 4343 794 4441 venter
822 4343 1750 4450 praecordiorumwcontraincfanda
1798 4347 1879 4429 ἐλιλ-
1899 4361 1948 4427 D

290 4443 569 4517 turorum,
602 4438 761 4521 quasi
791 4453 1024 4523 cythara
1068 4438 1386 4510 threnabat.

329 4537 332 4541 ’
908 4579 1141 4635 CAPUT
1170 4582 1264 4635 1x.

908 4717 1256 4761 ADEODATUS.

361 4807 509 4861 Dum
545 4809 699 4862 varia
737 4827 930 4864 rerum
958 4811 1213 4868 incidunt
1237 4815 1482 4886 negotia,
1518 4817 1575 4870 in
1608 4818 1883 4890 colloquio

290 4896 653 4952 confunditur
679 4899 877 4967 stylus,
913 4917 1014 4956 nec
1045 4902 1182 4956 ordo
1220 4903 1439 4959 dicendi
1470 4912 1746 4974 servatur,
1780 4925 1882 4962 nec

290 4986 463 5039 flendi
483 4988 644 5057 copia
668 4989 910 5059 pectoris
939 4990 1008 5044 de
1057 4993 1207 5046 lonte
1236 4992 1464 5048 uberior
1490 4995 1770 5052 hauritur.
1805 4998 1882 5052 Ex

291 5091 401 5146 quo
428 5075 592 5129 velim
619 5077 830 5132 fontem
860 5080 1079 5150 aperias
1100 5079 1261 5135 nobis
1293 5083 1589 5150 calentem,
1616 5091 1673 5139 et
1702 5087 1882 5157 qualis

290 5171 601 5236 quantusve
615 5168 830 5222 venerit
849 5169 919 5222 ad
946 5171 1273 5239 monastica,
1309 5172 1558 5228 insinues
1584 5192 1596 5229 :
1623 5176 1757 5246 quia
1772 5178 1880 5231 etsi

287 5255 534 5325 pulchrae
555 5260 686 5310 sunt
706 5257 938 5311 virtutes
957 5257 1059 5312 sub
1076 5258 1344 5315 absconso
1355 5261 1711 5336 chlamydelf.
1725 5264 1880 5318 chla-

287 5341 519 5415 mydis],
542 5359 749 5414 easque
769 5343 918 5399 inter
936 5347 1130 5400 mundi
1149 5347 1438 5403 illecebras
1457 5367 1687 5405 vernare
1712 5371 1724 5420 ;
1758 5353 1878 5423 pul-

287 5431 535 5486 chriores
555 5437 744 5487 tamen
769 5433 827 5488 in
853 5435 1042 5489 schola
1065 5435 1338 5492 virtutum
1358 5438 1520 5505 ﬁunt,
1548 5438 1645 5493 ubi
1666 5456 1877 5495 reseca-

288 5519 362 5572 tis
388 5518 538 5574 vitiis
556 5521 771 5591 fragrat
789 5537 924 5592 ager
945 5522 1184 5578 aliorum
1202 5525 1580 5581 odoramentis
1611 5529 1879 5583 commili-

531 5623 798 5684 PATROL-
844 5623 1022 5684 CXX.

1980 3095 2096 3149 cius
2125 3097 2470 3155 laudandum
2506 3121 2726 3173 censeo,
2761 3109 2854 3164 ubi
2880 3113 3084 3168 veritas
3113 3119 3375 3174 conviciis
3403 3095 3574 3180 suﬁ'o-

1980 3191 2156 3253 catur,
2180 3193 2236 3241 et
2261 3188 2470 3245 invidia
2479 3193 2704 3262 justitia
2721 3199 3040 3268 perimitur.

2641 3335 2910 3382 SEVERUS.

2051 3429 2306 3484 Forsitan
2326 3441 2749 3501 persecutorum
2777 3445 3028 3512 tempore
3048 3444 3094 3497 si
3126 3462 3296 3514 esses,
3330 3451 3400 3505 de
3412 3454 3576 3509 Chri-

1980 3520 2067 3569 sto
2097 3522 2196 3570 aut
2245 3520 2460 3575 nescire
2495 3523 2804 3595 quidquam
2833 3534 2889 3582 te
2919 3547 3222 3601 assereres,
3252 3538 3450 3610 utique
3477 3550 3577 3598 aut

1979 3610 2170 3659 mutus
2201 3623 2370 3662 esses.
2404 3610 2565 3665 Nunc
2593 3618 2804 3680 autem,
2833 3633 3038 3687 quaeso,
3071 3638 3215 3692 pone
3245 3631 3574 3685 metumzni-

1978 3691 2191 3786 hil-hic-
2214 3695 2420 3750 iterum
2441 3699 2665 3768 iurabis
2693 3707 2967 3773 poscenti.
2998 3691 3264 3782 Alioquin
3295 3715 3385 3770 dic
3411 3718 3571 3786 illud,

1977 3781 2105 3851 quia
2149 3783 2196 3836 si
2245 3800 2419 3840 noceo
2465 3789 2614 3858 quod
2652 3807 2800 3858 amo,
2837 3794 2956 3848 sine
3003 3797 3114 3852 ﬁne
3145 3781 3373 3860 nocebo.
3426 3808 3576 3863 Satis

1978 3871 2127 3964 enim
2185 3873 2324 3964 mihi
2371 3880 2459 3930 est
2500 3879 2728 3945 amoris,
2765 3883 2914 3952 quod
2960 3889 3133 3942 semel
3165 3890 3234 3944 de
3281 3893 3377 3948 illo
3402 3894 3569 3964 ebibi,

1977 3959 2124 4028 quod
2176 3961 2328 4016 aliud
2365 3964 2612 4036 recipere
2669 3985 2781 4024 non
2831 3989 3082 4042 possum.
3134 3979 3346 4036 Idcirco
3376 3984 3422 4038 si
3454 3959 3566 4042 non

1974 4047 2274 4116 proﬁciunt
2292 4051 2427 4117 visa,
2450 4056 2740 4114 veniamus
2771 4067 2830 4114 et
2854 4061 2959 4133 ipsi
2991 4065 3260 4124 virtutum
3281 4071 3351 4125 ad
3377 4089 3565 4129 arma:

1972 4137 2106 4206 quia
2148 4156 2250 4209 pro
2296 4143 2503 4199 talibus
2533 4147 2818 4219 tantisque
2854 4151 3033 4207 Deum
3065 4157 3112 4208 si
3141 4157 3308 4228 digne
3340 4160 3569 4219 laudare
3643 4149 3646 4151 Δ

1969 4241 2080 4291 non
2107 4245 2339 4296 cessem,
2369 4232 2866 4305 beatior.ero,licet
2898 4242 3122 4298 monitis
3148 4247 3271 4316 ejus
3301 4255 3358 4304 et
3380 4255 3605 4307 moriwi

1965 4313 2070 4380 bus
2093 4318 2199 4374 sim
2229 4321 2351 4390 ipse
2376 4323 2578 4380 minor.
2685 4376 2691 4382 .
3126 4359 3131 4364 -
3178 4313 3193 4316 ⁷
3295 4339 3302 4346 ·
3350 4369 3368 4384 .,
3460 4359 3490 4382 ..
3590 4361 3610 4387 ς

2193 4445 2297 4471 ""‘“
2582 4448 2946 4509 PASCHASIUS.
3276 4433 3296 4469 τ
3318 4434 3353 4468 1‘

1916 4615 1925 4628 η
2014 4531 2244 4624 ’Μαεηει
2293 4541 2578 4624 molimur,
2608 4558 2785 4612 frater
2803 4559 3109 4628 Adeodate,
3143 4567 3239 4620 sed
3271 4535 3424 4625 nulla
3455 4573 3562 4629 nisi

1968 4629 2147 4718 ardua
2161 4643 2525 4700 virtus.Unde
2546 4661 2859 4714 narremus,
2887 4656 2950 4704 ut
2969 4650 3168 4718 fertur,
3181 4654 3425 4715 fabulam
3443 4665 3562 4718 toto
3603 4717 3606 4720 .

1968 4731 2320 4786 notissimam
2345 4735 2578 4790 mundo.
2610 4736 2910 4803 Quoniam,
2952 4746 3014 4794 ut
3044 4741 3145 4807 ais,
3171 4746 3373 4816 exigua
3386 4751 3561 4808 virtus

1967 4825 2052 4874 est
2068 4826 2335 4891 praestare
2355 4823 2578 4878 silentia
2599 4824 2764 4880 rebus
2787 4846 2801 4894 ;
2834 4828 2979 4882 sicut
3014 4847 3043 4883 e
3076 4837 3358 4891 contrario
3375 4843 3561 4911 gravis

1964 4909 2146 4981 culpa,
2173 4927 2294 4982 quae
2319 4913 2554 4966 tacenda
2575 4920 2707 4968 sunt
2721 4915 2872 4984 loqui
2901 4936 2913 4985 ;
2939 4922 3192 4989 quamvis
3209 4927 3348 4981 utile
3366 4909 3558 4986 multis

1964 4997 2345 5054 dissimulasse
2372 5001 2656 5072 prodenda
2685 5003 2868 5070 fuerit,
2904 5010 3250 5082 tacendaque
3287 5017 3556 5084 prodidis-

1965 5105 2044 5142 se.
2084 5089 2252 5143 Venit
2303 5087 2450 5144 enim
2499 5091 2588 5146 hic
2632 5097 2822 5147 noster
2844 5095 3134 5166 Arsenius,
3175 5102 3322 5155 sicut
3353 5105 3554 5160 melius

1962 5177 2128 5244 nosti,
2161 5177 2232 5231 ad
2271 5180 2675 5236 monasterium
2707 5183 2768 5253 [1,
2804 5187 3193 5258 monasticam]
3239 5189 3407 5244 vitam
3432 5194 3553 5262 jam

1964 5281 2106 5336 pene
2145 5266 2441 5337 perlectus,
2492 5267 2622 5324 licet
2649 5270 2874 5327 demum
2909 5277 3089 5345 major
3104 5275 3409 5348 meliorque
3439 5297 3554 5336 cre-

1963 5353 2106 5408 visse
2131 5355 2409 5425 credatur,
2441 5358 2574 5430 quia
2601 5375 2766 5416 nemo
2798 5363 2891 5434 qui
2923 5361 3219 5417 virtutibus
3258 5364 3361 5420 hac
3391 5367 3448 5422 in
3477 5371 3553 5425 vi-

1959 5448 2021 5496 ta
2047 5445 2317 5514 proﬁcere
2354 5454 2618 5519 nequeat.
2667 5451 2854 5515 Venit,
2887 5452 3134 5519 inquam,
3159 5450 3322 5509 sicuti
3353 5458 3551 5527 praefa-

1959 5536 2052 5585 tus
2079 5538 2244 5603 poeta
2271 5540 2404 5591 tuus
2433 5536 2513 5591 ait
2528 5539 2665 5609 jam,
3273 5551 3278 5558 ’

3239 5642 3320 5701 50
