4000 6170
412 253 441 308 1
453 251 558 308 579

570 374 656 422 Vir
670 372 822 422 bonus
843 377 887 420 et
905 372 1116 436 sapiens,
1131 371 1319 436 qualem
1340 370 1418 419 vix
1435 368 1650 436 repperit
1663 379 1816 436 unum

567 436 785 485 Millibus
816 450 839 482 e
865 432 1050 483 cunctis
1077 432 1327 482 hominum
1353 432 1604 481 consoltus
1629 432 1799 494 Apollo
1829 445 1841 480 :

566 499 711 548 Judex
734 498 834 560 ipse
865 497 938 546 sui
969 499 1120 546 tolum
1139 510 1186 545 se
1215 495 1489 558 explorabat
1509 495 1565 542 ad
1587 499 1813 554 unguem.

409 653 613 708 Fateor
643 667 732 706 me
759 649 1042 706 neminem
1073 648 1159 703 sui
1192 647 1600 719 exploratorem
1621 646 1825 699 vidisse
1850 644 2001 700 simi-

408 742 518 795 lem
549 739 697 806 huic,
735 739 831 810 qui
860 755 971 793 non
1012 738 1133 793 dico
1164 735 1430 809 quotidie,
1455 753 1647 790 verum
1665 735 1879 806 jugiter
1899 750 2002 787 sua

406 837 628 885 tantum
684 828 925 883 rimabat
953 833 1239 899 gestorum
1271 827 1487 892 intima,
1519 813 1999 896 quantum'nemo

405 920 803 976 solertissimus
827 918 1080 990 judicum
1109 917 1338 971 discutit
1364 916 1569 972 aliena.

1029 1021 1372 1062 ADEODATUS.-

479 1101 678 1165 Quarro
695 1099 794 1153 abs
808 1097 1169 1169 te,quomodo
1183 1096 1228 1150 si
1239 1097 1356 1166 jam
1375 1102 1523 1150 teres
1538 1099 1706 1165 atque
1723 1092 1997 1148 rotundus

403 1189 574 1256 venit,
600 1189 685 1243 sui
731 1190 912 1259 major
940 1187 1249 1256 meliorque
1279 1187 1503 1239 demum
1535 1184 1678 1239 fuit?
1731 1182 1998 1254 Nunquid

403 1279 644 1333 rotundo
675 1277 886 1348 aliquid
914 1276 1209 1330 rotundius
1239 1293 1358 1330 esse
1378 1275 1602 1346 potest?
1623 1272 1770 1346 quod
1800 1272 1846 1326 si
1875 1288 1997 1324 om-

403 1368 538 1422 nino
567 1371 769 1439 potest,
803 1369 979 1419 restat
1005 1362 1310 1418 rotundum
1342 1379 1454 1416 non
1475 1361 1662 1426 fuisse,
1697 1366 1760 1414 ut
1789 1360 1859 1414 ab
1888 1360 1996 1413 im-

402 1457 593 1511 mobili
639 1462 861 1528 puncto,
915 1453 1126 1508 scilicet
1177 1451 1484 1506 divinitatis
1533 1466 1720 1522 opere,
1758 1448 1995 1504 circulus

401 1537 742 1600 formaretur
768 1545 1058 1598 virtutum.

1030 1645 1377 1687 PASCHASIL'S.

1099 250 1106 295 '.
1176 246 1235 301 3.
1273 243 1654 300 PASCHASII
1690 241 1988 298 RADBER‘

2090 238 2396 295 ABBATIS
2438 237 2930 298 CORBEIENSIS.

3551 243 3694 304 1580

2717 383 2952 439 CAPUT
2969 385 3042 440 X.

2558 541 2561 544 ,
2711 487 3049 545 Annonarus.

2155 561 2298 626 Quid
2331 561 2512 615 laudis
2542 567 2645 625 est,
2680 562 2826 632 quod
2856 563 3194 618 monachum
3225 580 3353 619 eum
3383 565 3687 637 praedicas?

2084 652 2283 704 Nonne
2313 656 2369 704 et
2397 667 2499 704 nos
2549 667 2614 703 ac
2655 652 3059 722 quamplurimi
3098 653 3360 709 monachi
3389 671 3689 709 censemur

2082 740 2346 794 nomine?

2705 842 3053 884 PASCHASIUS.

2156 918 2299 971 Vere
2327 932 2622 970 censemur
2644 922 2866 972 tantum
2895 918 3142 983 nomine,
3179 919 3276 973 sed
3308 920 3432 974 falsi
3470 921 3686 975 inveni-

2079 1022 2209 1060 mur
2227 1005 2578 1077 opere.Unde
2596 1005 2822 1077 quidam
2842 1007 3175 1062 dePatribus
3199 1007 3340 1062 bene
3352 1025 3413 1062 se
3434 1009 3682 1064 intuens:

2080 1097 2191 1159 Vae,
2215 1096 2417 1166 inquit,
2443 1096 2600 1160 mihi,
2633 1096 2730 1166 qui
2757 1112 2963 1149 nomen
2992 1097 3255 1151 monachi
3276 1097 3481 1151 falsum
3500 1105 3680 1169 porto.

2082 1186 2240 1240 Unde
2270 1185 2317 1238 si
2347 1184 2648 1254 diligenter
2679 1184 3012 1250 consideres,
3039 1186 3154 1239 rari
3182 1186 3682 1242 inveniuntur.Sed

2082 1275 2173 1328 hic
2193 1280 2386 1329 noster
2400 1291 2544 1328 unus
2568 1280 2693 1327 erat
2712 1291 2742 1327 e
2759 1273 3126 1345 millibus,qui
3147 1275 3297 1328 solus
3317 1275 3496 1345 digito
3519 1293 3679 1331 mon-

2082 1364 2386 1420 strabatur.
2429 1366 2632 1419 Annon
2681 1365 2924 1419 recolitis
2953 1365 3143 1419 oculos
3194 1365 3265 1419 ad
3295 1383 3397 1420 nos
3426 1367 3679 1420 omnium

2078 1454 2421 1509 venientium
2445 1453 2470 1506 7
2498 1469 2628 1506 nam
2657 1470 2783 1506 mox
2815 1454 2961 1507 inter
2987 1471 3183 1508 omnes
3224 1471 3353 1508 eum
3383 1455 3681 1510 intueban-

2079 1549 2192 1610 tur,
2216 1551 2269 1597 et
2297 1543 2454 1614 quasi
2485 1543 2555 1595 ad
2584 1543 2774 1596 lumen
2815 1548 2976 1595 erant
3011 1543 3196 1609 deﬁxi,
3223 1559 3466 1614 eumque
3497 1546 3680 1616 requi-

2081 1638 2289 1698 rentes,
2323 1632 2427 1686 soli
2457 1632 2608 1702 loqui
2637 1631 3061 1699 desiderabant;
3097 1632 3266 1685 etiam
3294 1637 3352 1686 et
3385 1649 3512 1686 cum
3545 1634 3679 1687 ulti-

449 1725 756 1790 'Quantum
783 1723 853 1776 ad
873 1723 1107 1776 formam
1141 1720 1493 1791 geometricze
1521 1721 1806 1789 exspectat
1831 1717 1998 1772 disci-
2017 1694 2205 1777 Bmus
2231 1727 2378 1776 esset
2405 1739 2437 1775 a
2467 1721 2831 1792 primordio,a
2849 1722 3064 1776 cunctis
3087 1739 3199 1792 prae
3227 1723 3491 1776 omnibus
3520 1741 3680 1778 vene-

400 1814 813 1885 plina),videtur
827 1813 943 1866 fore
962 1811 1108 1882 quod
1123 1810 1233 1877 ais;
1269 1810 1367 1863 sed
1388 1808 1513 1862 siad
1537 1808 1826 1870 virtutum,
1862 1807 1995 1878 quia

400 1902 624 1976 semper
645 1917 708 1956 ex
722 1902 874 1956 omni
905 1905 1062 1971 parte
1087 1898 1308 1953 Christo
1338 1898 1616 1952 introrsus
1634 1897 1990 1950 modiﬁcante

397 1992 455 2046 in
486 1993 705 2064 sphaera
732 1989 1048 2061 aequissime
1059 1989 1534 2058 circumaguntur,
1559 1986 1690 2040 hinc
1707 1986 1990 2040 inchoatio

398 2083 467 2138 ad
493 2082 729 2136 formam
756 2079 1046 2150 incipitur;
1071 2078 1224 2132 illinc
1243 2077 1338 2130 ubi
1360 2077 1555 2131 civitas
1574 2076 1850 2130 virtutum
1882 2081 1986 2140 est,

398 2169 1002 2226 consummatur.Unde
1023 2168 1078 2220 in
1097 2167 1513 2242 comparatione
1537 2164 1811 2230 Dei,sicut
1825 2179 1989 2217 nemo

397 2260 685 2325 bonus,ita
702 2275 867 2313 nemo
907 2247 1183 2328 perfectus
1205 2275 1216 2322 ;
1269 2261 1325 2309 et
1343 2254 1487 2330 sicut
1505 2271 1670 2309 nemo
1690 2253 1984 2324 perfectus,

398 2350 480 2406 ita
499 2367 662 2404 nemo
677 2355 823 2402 teres
844 2364 941 2401 seu
959 2333 1253 2400 rotundus.
1265 2346 1477 2402 Tamen
1489 2344 1693 2398 dicitur
1710 2349 1766 2397 et
1786 2343 1984 2408 bonus,

399 2446 456 2494 et
502 2439 776 2510 perfectus
819 2437 1024 2490 homo:
1080 2440 1136 2488 et
1163 2435 1210 2488 si
1261 2434 1558 2505 perfectus,
1591 2433 1787 2503 utique
1817 2438 1984 2496 teres,

399 2529 532 2600 quia
555 2529 609 2581 in
639 2528 860 2582 Christo
890 2525 1288 2591 conformatur,
1323 2524 1380 2580 in
1400 2524 1559 2594 cujus
1581 2522 1847 2576 nimirum
1875 2521 1984 2574 cir-

398 2619 550 2672 cuitu
580 2617 677 2671 iris
707 2633 826 2671 esse
855 2615 1062 2686 legitur
1097 2615 1269 2682 (Apoc.
1319 2627 1395 2679 Iv,
1450 2612 1527 2683 3),
1563 2629 1629 2676 ex
1667 2629 1776 2682 quo
1806 2611 1987 2664 omnis

397 2707 664 2780 perfectio
681 2707 953 2760 virtutum
974 2703 1321 2774 designatur.
1347 2703 1623 2756 Caeterum
1641 2718 1805 2755 nemo
1824 2701 1988 2771 proﬁ-

396 2797 472 2850 cit
491 2797 561 2850 ad
582 2797 710 2862 ista,
735 2795 830 2866 qui
866 2811 925 2848 se
952 2793 1202 2864 quotidie
1228 2793 1408 2862 major
1427 2791 1735 2862 meliorque
1765 2806 1877 2844 non
1906 2790 1989 2843 in-

395 2886 632 2942 venitur.
658 2885 1041 2955 llincquoque
1072 2882 1380 2953 propheta:
1407 2881 1610 2936 Beatus
1633 2883 1743 2946 vir,
1780 2879 1984 2950 inquit,

395 2979 551 3043 cujus
599 2979 672 3026 est
724 2977 1006 3026 auxilium
1037 2973 1130 3025 abs
1165 2976 1230 3036 te,
1265 2973 1598 3024 assensiones
1627 2973 1691 3023 in
1718 2970 1874 3022 corde
1892 2984 1989 3021 suo

2078 1813 2328 1866 rabatur.
2355 1811 2533 1865 Nemo
2556 1811 2747 1880 igitur,
2766 1817 2829 1864 ut
2855 1812 3082 1877 assolet,
3104 1812 3276 1866 etiam
3294 1813 3444 1883 apud
3456 1812 3682 1866 Patrem

2074 1901 2314 1954 levitatis
2342 1917 2511 1954 causa
2540 1900 2817 1970 quispiam
2861 1901 3010 1970 apud
3061 1917 3189 1954 eum
3222 1901 3678 1972 reprehensibilis

2072 1989 2246 2042 voluit
2272 1989 2529 2042 inveniri.
2563 1989 2825 2042 Gravitas
2846 1990 2994 2042 enim
3013 1991 3134 2060 ejus
3170 1995 3228 2044 et
3242 2007 3464 2044 morum
3487 1990 3680 2062 probi-

2072 2085 2160 2132 tas
2190 2078 2510 2132 illustrabat
2532 2095 2758 2142 omnes;
2794 2083 2850 2130 et
2871 2078 2995 2131 ideo
3017 2079 3221 2149 pudica
3249 2085 3440 2133 mente
3460 2081 3676 2134 vultum

2075 2168 2281 2238 singuli
2299 2184 2483 2221 coram
2504 2183 2568 2221 eo
2591 2167 3308 2222 submittebant.Licentius
3320 2170 3472 2222 enim
3487 2185 3676 2222 coram

2071 2257 2187 2310 sole
2217 2273 2386 2327 quam
2414 2273 2600 2310 coram
2633 2273 2698 2309 eo
2725 2256 2936 2326 aliquid
2965 2257 3300 2311 admitteres
3329 2259 3679 2328 reprehensi-

2072 2343 2202 2398 bile.
2229 2345 2390 2398 Nunc
2417 2363 2544 2398 vero
2576 2361 2745 2416 quam
2773 2344 2962 2398 miseri
2992 2344 3111 2399 sine
3142 2346 3238 2400 illo
3275 2346 3680 2411 vivimus,mul-

2069 2432 2143 2486 tis
2173 2432 2359 2486 allecti
2391 2432 2779 2487 illecebrarum
2807 2431 3001 2486 usibus
3034 2433 3273 2487 !Omnes
3289 2433 3679 2488 enimlicentia

2071 2523 2378 2577 deteriores
2409 2540 2625 2588 sumus,
2645 2539 2767 2593 quae
2782 2539 2908 2576 cum
2929 2522 3094 2576 alicui
3117 2523 3173 2576 in
3193 2529 3384 2577 mente
3399 2523 3674 2590 inciderit,

2069 2611 2394 2682 frequenter
2434 2612 2593 2665 frena
2619 2612 2912 2682 gravitatis
2941 2612 3171 2665 amittit.
3206 2612 3366 2666 Unde
3398 2614 3667 2668 Severum

2069 2701 2376 2771 interroga,
2401 2702 2449 2755 si
2482 2701 2613 2772 quid
2646 2701 2714 2755 de
2743 2701 2837 2754 illo
2863 2718 3025 2754 nosse
3054 2701 3361 2755 desideras.

2737 2805 2993 2844 SEVERUS.

2143 2880 2389 2944 Fratres,
2424 2879 2646 2944 fratres,
2678 2879 2808 2949 quid
2847 2879 3048 2944 dicam,
3083 2893 3260 2950 quove
3295 2879 3574 2933 inveniam
3603 2880 3680 2933 di-

2073 2961 2234 3024 cendi
2255 2969 2493 3040 c0piam,
2514 2967 2710 3022 cumin
2733 2985 2820 3021 me
2845 2968 2983 3021 nihil
3010 2968 3346 3022 remanserit
3371 2969 3439 3022 de
3453 2969 3568 3033 illo,
3599 2968 3680 3023 ni-

393 3065 658 3132 dis-posuit
685 3063 853 3130 (Psal.
903 3074 1130 3124 LXXXIII,
1162 3059 1236 3127 6).
1279 3059 1425 3123 Quid
1467 3059 1543 3112 sit
1585 3064 1776 3112 autem
1803 3064 2051 3124 ascen-0
2074 3059 2121 3113 si
2153 3058 2320 3112 ﬂendi
2349 3075 2412 3112 ac
2437 3057 2700 3129 gemendi
2727 3057 3002 3112 facultas?
3031 3058 3247 3112 Bonum
3270 3075 3514 3129 namque
3538 3059 3678 3112 mihi

393 3152 579 3205 siones
601 3150 914 3220 disponere,
949 3147 1242 3217 subjungit
1281 3148 1350 3200 de
1394 3147 1658 3217 singulis:
1694 3147 1761 3201 Et
1806 3148 1984 3214 ibunt,

393 3239 666 3308 inquit,de
681 3241 884 3290 virtute
896 3239 959 3290 in
979 3240 1261 3289 virtutem.
1276 3236 1362 3290 Ita
1376 3243 1439 3289 ut
1454 3236 1705 3289 omnium
1715 3235 1989 3289 virtutum

391 3327 589 3390 forma,
611 3343 709 3397 pro
716 3327 836 3397 pria
849 3327 1120 3396 cujusque
1130 3324 1376 3378 Charitas
1391 3324 1595 3379 efficiat
1605 3325 1803 3379 animae
1816 3342 1989 3396 quan-

390 3417 612 3472 titatem
631 3414 1330 3486 autqualitatem.Constat
1346 3413 1518 3485 igitur
1532 3415 1779 3468 animam
1808 3415 1985 3468 virtu-

389 3504 541 3560 tibus
563 3521 811 3560 crescere
838 3524 850 3572 ;
885 3505 1204 3558 decrescere
1231 3509 1420 3558 autem
1468 3503 1636 3569 vitiis,
1679 3509 1737 3558 et
1773 3503 1842 3557 ad
1873 3517 1984 3556 non

390 3611 511 3650 esse
531 3595 779 3650 tendere.
813 3595 926 3648 Iste
952 3609 1084 3648 vero
1103 3599 1296 3647 noster
1318 3593 1567 3664 quotidie
1586 3593 1666 3646 sic
1695 3593 1764 3646 de
1777 3592 1983 3646 virtute

390 3684 462 3738 ad
487 3684 742 3748 virtutes,
784 3683 863 3736 ita
893 3683 961 3736 de
991 3699 1114 3737 esse
1133 3683 1204 3736 ad
1231 3683 1416 3753 majus
1441 3699 1562 3736 esse
1589 3681 1858 3736 tendebat
1885 3699 1897 3748 ;
1930 3687 1986 3734 et

389 3773 536 3828 sicut
585 3773 656 3826 ad
684 3773 866 3842 majus
897 3778 954 3825 et
978 3772 1198 3837 melius,
1244 3771 1322 3826 ita
1355 3772 1485 3826 licet
1507 3773 1629 3842 jam
1683 3769 1985 3825 virtutibus

389 3868 555 3924 teres,
607 3867 674 3916 ut
709 3861 1002 3915 formatior
1058 3865 1227 3931 atque
1256 3861 1550 3915 rotundior
1581 3866 1746 3926 esset,
1774 3860 1990 3931 jugiter

391 3951 600 4006 Christi
632 3967 802 4004 manu
817 3949 1298 4004 formabatur.Sed
1329 3950 1512 4020 qualis
1538 3956 1850 4021 quantusve
1867 3951 1987 4021 jam

391 4046 558 4106 esset,
594 4040 817 4110 quando
847 4039 1035 4094 saeculi
1064 4039 1326 4110 deposuit
1355 4037 1826 4100 militiam,testes
1855 4044 1989 4094 sunt

389 4145 636 4200 praesens
664 4130 832 4183 Pater
848 4135 905 4182 et
923 4129 1141 4195 fratres,
1174 4129 1269 4198 qui
1290 4128 1426 4182 satis
1443 4127 1646 4182 intenti
1659 4144 1722 4182 ac
1743 4129 1982 4195 solliciti,

390 4219 585 4273 multis
613 4235 762 4284 eum,
781 4217 915 4271 dum
938 4219 1190 4288 pulsaret
1220 4217 1465 4271 novitius
1486 4217 1557 4271 ad
1577 4217 1783 4272 ostium
1799 4233 1990 4272 mona-

2073 3153 2213 3212 erat,
2262 3164 2386 3200 cum
2433 3164 2498 3200 eo
2547 3147 2682 3200 dum
2713 3145 3002 3218 portabam
3031 3147 3232 3217 jugum
3281 3147 3674 3202 adolescentia:

2071 3253 2228 3302 meae,
2248 3252 2431 3290 coram
2460 3235 2555 3289 illo
2585 3235 2746 3306 quasi
2775 3234 3057 3289 solitarius
3088 3252 3152 3289 ac
3173 3235 3447 3301 tacebam,
3495 3236 3676 3306 magis

2073 3342 2240 3396 quam
2277 3341 2444 3392 nunc,
2475 3342 2599 3380 cum
2631 3324 2894 3396 loquendi
2919 3323 3146 3378 licentia
3161 3325 3468 3392 relaxatur;
3495 3330 3551 3378 et
3571 3343 3674 3379 aes-

2069 3416 2209 3469 timo
2232 3414 2517 3486 impunius
2545 3414 2711 3468 licere
2741 3421 2874 3468 tunc
2905 3431 3026 3485 quae
3052 3413 3286 3469 verebar
3314 3431 3385 3468 ne
3411 3414 3674 3469 admitte-

2067 3503 2413 3558 rem.Patior
2432 3504 2662 3574 usu,qui
2683 3520 2824 3574 pene
2835 3504 2954 3574 jam
2972 3503 3227 3557 omnium
3245 3503 3543 3558 hominum
3566 3511 3675 3568 est,

2067 3597 2132 3646 ut
2146 3593 2344 3647 melius
2359 3593 2544 3647 aliena
2556 3593 2773 3647 videam
2795 3598 2851 3646 et
2857 3591 3104 3662 judicem
3125 3609 3294 3663 quam
3311 3593 3673 3648 mea.Idcirco

2068 3681 2365 3735 inhonesta
2380 3699 2546 3752 quam
2567 3699 2710 3754 saepe
2727 3681 3015 3736 committo
3036 3699 3047 3736 :
3071 3682 3384 3752 praesertim
3402 3683 3536 3752 quia
3551 3699 3673 3736 cum

2070 3769 2182 3845 illis
2207 3770 2528 3841 frequenter
2565 3788 2690 3841 ago,
2725 3771 2819 3841 qui
2859 3787 3040 3842 neque
3075 3771 3190 3841 jus,
3223 3787 3408 3841 neque
3443 3770 3672 3836 bonum,

2071 3864 2168 3914 aut
2197 3876 2418 3932 mquum
2450 3860 2651 3914 sciunt.
2689 3861 2901 3927 Melius,
2937 3861 3116 3931 pejus,
3149 3860 3348 3930 prosit,
3382 3859 3667 3926 obsit,non

2070 3955 2287 4016 curant,
2327 3966 2506 4021 neque
2527 3949 2717 4003 vident
2742 3969 2755 4015 ;
2784 3949 2923 4003 nihil
2946 3949 3097 4004 enim
3119 3949 3228 4002 nisi
3252 3949 3402 4020 quod
3423 3949 3669 4018 libuerit,

2070 4038 2271 4111 placet;
2305 4038 2446 4092 nihil
2466 4039 2573 4093 nisi
2604 4056 2725 4110 quae
2757 4039 3054 4106 voluerint,
3085 4038 3320 4092 scientia
3347 4039 3673 4106 defendunt,

2071 4127 2176 4184 etsi
2206 4144 2300 4181 eos
2331 4144 2451 4182 esse
2478 4144 2568 4182 res
2607 4145 2720 4182 non
2760 4127 2894 4181 sinit
2921 4133 2984 4182 ut
3012 4128 3224 4182 volunt.
3251 4128 3428 4182 Porro
3458 4145 3561 4184 nos
3591 4129 3672 4184 illi

2071 4217 2320 4288 palmam
2375 4217 2594 4285 damus,
2625 4233 2868 4289 eumque
2899 4217 3194 4288 magniﬁce
3241 4217 3550 4287 efferimus,
3583 4219 3677 4289 qui

391 4308 543 4362 sticze
574 4305 1243 4378 disciplinae,perscrutati
1259 4312 1392 4360 sunt
1411 4305 1806 4376 probationum
1827 4323 1990 4377 argu-
2025 4297 2028 4300 ’
2071 4306 2186 4360 vim
2226 4311 2445 4362 tantam
2484 4305 2690 4361 habeat
2720 4312 2776 4360 et
2804 4311 3140 4378 potestatem
3170 4311 3338 4378 atque
3369 4308 3676 4362 etﬁcaciam

391 4395 599 4451 mentis
628 4401 686 4449 et
709 4395 948 4449 solertia:
969 4394 1299 4466 disciplinis.
1332 4395 1527 4449 Testes
1566 4395 1811 4467 quidem,
1843 4395 1991 4466 quod
2007 4385 2057 4445 D
2073 4393 2322 4461 fallendi,
2344 4400 2408 4450 ut
2427 4395 2567 4449 falsa
2596 4412 2696 4466 pro
2727 4393 2873 4450 veris
2885 4395 3068 4449 valeat
3083 4399 3360 4463 astruere,
3385 4403 3444 4450 et
3465 4396 3677 4469 impro-

389 4486 542 4540 velut
575 4501 780 4540 aurum
807 4485 866 4538 in
911 4483 1136 4538 fornace
1166 4483 1275 4538 fuit
1302 4483 1590 4555 probatus,
1619 4485 1767 4539 inter
1804 4485 1993 4540 omnia
2073 4482 2173 4538 bos
2205 4483 2446 4555 optimos
2458 4485 2732 4554 judicare.
2756 4483 2973 4540 Idcirco
2997 4501 3112 4539 non
3135 4490 3221 4540 est.
3239 4501 3389 4540 nunc
3405 4487 3677 4558 temporis

390 4573 841 4644 increpationum
881 4572 1024 4627 dura
1052 4577 1109 4626 et
1130 4589 1347 4644 aspera,
1381 4574 1441 4628 in
1479 4579 1701 4629 tantum
1738 4574 1834 4646 qui
1862 4591 1989 4629 nec-

391 4660 528 4714 dum
545 4659 677 4727 tiro,
703 4666 766 4714 ut
791 4661 1069 4732 perfectus
1081 4663 1203 4732 jam
1229 4662 1438 4717 Christi
1468 4662 1629 4718 miles
1660 4661 1982 4719 haberetur.

388 4749 527 4803 Erat
547 4747 607 4800 in
630 4747 724 4801 illo
741 4748 982 4820 Spiritus
999 4751 1102 4805 Dei
1125 4769 1137 4818 ;
1169 4755 1225 4804 et
1262 4750 1408 4818 ideo,
1439 4756 1504 4806 ut
1520 4751 1718 4820 fertur,
1741 4753 1798 4807 in
1817 4753 1988 4809 nullis

387 4833 754 4906 frangebatur
776 4838 1164 4894 molestiarum
1193 4839 1422 4912 spiculis
1444 4859 1456 4908 ;
1475 4841 1573 4896 sed
1603 4844 1786 4914 seipso
1809 4841 1989 4914 quoti-

388 4923 479 4979 die
516 4923 804 4997 probatior
830 4927 1127 4983 renitebat.
1161 4930 1341 4994 Quam
1376 4946 1506 4985 vera
1538 4930 1711 5002 igitur
1736 4931 1990 5004 Apostoli

387 5013 687 5075 sententia,
723 5013 871 5084 quod
908 5015 1098 5070 omnia
1119 5023 1495 5090 cooperantur
1521 5018 1633 5075 illis
1663 5019 1723 5075 in
1755 5019 1982 5088 bonum,

386 5103 695 5159 secundum
714 5103 1065 5175 propositum
1091 5107 1272 5162 vocati
1304 5114 1438 5164 sunt
1462 5109 1643 5164 sancti
1673 5111 1840 5182 (Rom.
1871 5125 1984 5180 vuI,

385 5191 493 5262 28).
511 5193 655 5248 Nam
683 5192 734 5248 ei
765 5197 822 5248 et
853 5208 975 5264 qua
1006 5209 1106 5265 pro
1126 5195 1274 5249 malo
1298 5197 1703 5267 inferebantur,
1735 5200 1982 5272 profecto

383 5280 757 5336 lucriﬂebant.
791 5281 1075 5338 Psallebat
1094 5282 1246 5338 enim
1266 5301 1393 5339 cum
1417 5288 1690 5360 propheta
1718 5289 1978 5346 Domino:

385 5371 613 5438 Propter
652 5373 815 5424 verba
859 5373 1139 5426 labz’orum
1193 5375 1418 5429 tuorum
1444 5392 1534 5444 ego
1563 5380 1834 5434 custodiva
1860 5383 1982 5438 vias

383 5457 555 5511 duras
597 5459 764 5525 (Psal.
814 5474 931 5525 xvt,
976 5462 1052 5522 4).
1094 5461 1312 5530 Fateor,
1348 5479 1469 5535 quae
1498 5467 1689 5521 multis
1727 5467 1870 5524 dura
1896 5469 1980 5526 vi-

382 5539 606 5611 dentur,
643 5545 724 5600 illi
753 5545 895 5602 levia
925 5556 1083 5605 erant
1117 5565 1130 5616 ;
1167 5554 1289 5606 erat
1316 5549 1467 5608 enim
1506 5554 1833 5613 monachus.

2072 4573 2144 4628 de
2169 4573 2278 4629 isto
2309 4574 2600 4646 quidpiam
2630 4573 2914 4629 laudabile
2945 4574 3250 4645 praedicare
3275 4595 3291 4642 ;
3319 4582 3518 4630 tamen
3548 4577 3678 4647 quia

2071 4679 2264 4718 omnes
2289 4670 2517 4732 norunt,
2543 4663 2673 4718 licet
2703 4663 2928 4718 oderint
2953 4669 3011 4719 et
3033 4663 3338 4731 invideant,
3359 4681 3478 4720 non
3500 4667 3677 4720 multa

2069 4751 2331 4808 facundia
2359 4771 2499 4826 opus
2529 4758 2614 4810 est
2643 4753 2713 4807 ad
2731 4753 2977 4821 laudem,
3001 4753 3136 4808 dum
3159 4753 3478 4824 religiosior
3502 4755 3678 4810 omni-

2070 4840 2174 4898 bus
2203 4843 2383 4898 nostri
2411 4843 2680 4916 temporis
2709 4859 2743 4898 a
2763 4843 3000 4914 singulis
3027 4843 3366 4916 praedicatur
3393 4849 3451 4899 et
3469 4845 3676 4916 perfec-

2072 4933 2202 4986 tior.
2244 4932 2375 4989 Fuit
2421 4932 2569 4988 enim
2599 4933 2659 4988 in
2709 4933 2967 4990 omnibus
3009 4932 3319 5005 discipulus
3351 4935 3676 4991 monasticae

2072 5020 2399 5093 disciplinae,
2437 5022 2684 5078 militans
2722 5023 2932 5078 diutius
2977 5021 3079 5078 sub
3099 5023 3316 5095 Regula
3335 5023 3671 5080 velAbbate.

2069 5110 2405 5184 Discipulus,
2448 5112 2700 5184 inquam,
2726 5113 2854 5185 quia
2888 5112 2947 5167 in
2976 5113 3192 5168 cunctis
3221 5111 3512 5168 subditum
3533 5131 3594 5170 se
3619 5119 3675 5169 et

2065 5199 2338 5256 humilem
2366 5201 2633 5269 exhibuit,
2653 5203 2944 5275 magisque
2975 5201 3202 5258 subesse
3227 5201 3481 5273 gaudens
3503 5220 3672 5276 quam

2065 5291 2594 5363 praeesse,prodesse
2605 5297 2797 5348 tamen
2811 5298 2929 5347 tam
2943 5293 3075 5363 subj
3085 5309 3195 5364 ugo
3212 5293 3672 5365 magistr-inquam

2064 5381 2328 5453 praelatus
2351 5387 2544 5454 postea
2563 5382 2873 5438 curavit.Et
2891 5382 3017 5438 ideo
3035 5382 3262 5438 demum
3283 5382 3565 5454 perfectus
3578 5383 3669 5438 in-

2063 5469 2285 5526 venitur
2303 5469 2472 5525 Pater
2495 5476 2552 5525 et
2579 5471 2869 5544 magister,
2887 5471 3020 5543 quia
3039 5470 3345 5543 discipulus
3368 5470 3669 5542 perfectior

2063 5558 2275 5615 caeteris
2299 5557 2644 5631 approbatur
2666 5565 2723 5616 et
2751 5559 2901 5617 ﬁlius
2917 5577 2930 5627 ;
2948 5559 3097 5632 quod
3123 5575 3302 5632 genus
3312 5558 3666 5616 rarissimum
