4000 6170
291 322 418 381 1581

920 323 1014 377 DE
1052 317 1222 375 VI’I‘A
1257 315 1511 384 WAL/E,
1555 315 1688 373 SEU
1727 315 2178 374 EPITAtPI-IIUM’
2212 317 2522 375 ARSENII.
2569 344 2632 362 -
2663 318 2807 376 ’LIB.
2849 321 2894 376 Ῑ.

3411 323 3576 403 1582,

286 445 553 514 invenies,
577 447 708 502 dum
728 446 1123 518 singulimagis
1141 460 1379 517 praeesse
1401 444 1686 514 gaudeant
1711 459 1879 515 quam
1897 448 1944 506 Α
1966 443 2412 501 suaesudoribus.
2434 445 2715 517 Utrasque
2745 461 2990 518 namque
3009 447 3152 502 vitas
3171 448 3289 503 suis
3321 449 3558 522 gerebat

293 534 522 589 subesse
544 540 601 589 et
623 536 910 608 prodesse.
936 534 1198 605 Alioquin
1220 549 1331 587 non
1347 538 1506 585 tanta
1526 533 1883 603 praelatorum

286 623 522 692 penuria
543 626 914 694 perfectorum
933 628 1096 688 esset,
1124 637 1304 692 neque
1335 620 1659 691 proﬁciendi
1679 637 1885 690 magna

285 710 617 781 difficultas;
655 712 787 784 quia
816 712 1061 784 plurimi.
1089 713 1189 765 etsi
1223 715 1488 782 praesunt,
1512 711 1774 780 prodesse
1795 710 1881 762 vix

285 800 474 870 paucis
505 807 800 872 appetunt,
831 801 1024 855 obesse
1055 800 1263 854 multis.
1287 799 1388 853 Hic
1419 804 1609 852 autem
1640 803 1881 868 quantus

286 889 388 953 sub
407 873 716 960 'disciplina
743 889 914 944 fuerit
942 887 1269 942 obedientiae
1299 887 1603 941 multorum
1633 901 1729 940 ore
1758 887 1881 941 lau-

287 979 472 1032 datur.
497 977 566 1031 Et
593 979 724 1032 inde
753 983 838 1032 est
863 977 1020 1042 illud,
1049 991 1176 1031 cum
1229 976 1473 1030 novitius
1502 976 1684 1030 adhuc
1714 981 1882 1045 esset,

286 1073 636 1121 tumescente
665 1067 820 1120 alveo
846 1067 1116 1131 ﬂuminis,
1144 1067 1365 1136 jussum
1405 1070 1486 1118 est
1513 1080 1667 1118 more
1695 1065 1877 1131 solito,

287 1159 352 1209 ut
361 1154 562 1208 fratres
577 1155 1017 1224 irentturgentia
1055 1167 1307 1207 resecare
1327 1151 1647 1220 herbarum,
1671 1167 1742 1206 ne
1762 1163 1883 1206 am-

288 1243 435 1315 plius
465 1244 784 1299 inundaret.
824 1245 966 1297 Tum
1003 1242 1093 1297 ille
1118 1243 1284 1313 emplt
1311 1242 1556 1312 reliquos
1579 1241 1879 1307 exhortari,

287 1337 352 1387 ut
375 1332 581 1387 tunicis
605 1338 829 1386 tantum
859 1332 1040 1386 induti
1063 1333 1214 1386 intus
1256 1331 1572 1396 introirent,
1607 1336 1885 1401 quatenus

287 1422 487 1476 melius
516 1423 864 1493 proﬁcerent.
890 1423 1010 1486 Quo
1035 1421 1399 1491 dicto,plures
1417 1431 1531 1475 tina
1562 1433 1689 1474 cum
1719 1435 1784 1474 eo
1803 1419 1885 1473 in-

287 1512 514 1564 troiere.
549 1511 650 1564 Ubi
684 1511 861 1564 multo
883 1510 1130 1581 perpessi
1156 1509 1380 1579 frigore,
1415 1510 1656 1563 relatum
1678 1513 1764 1562 est
1782 1509 1884 1563 Pa-

287 1600 362 1653 tri
393 1601 462 1654 ad
493 1599 923 1666 monasterium;
957 1615 1065 1669 quo
1081 1598 1314 1669 jubente
1335 1609 1460 1652 mox
1481 1598 1712 1653 extracti
1729 1603 1878 1665 sunt,

289 1693 458 1759 atque
524 1687 766 1754 coerciti,
812 1705 880 1742 ne
926 1687 1161 1742 ulterius
1205 1687 1343 1741 talia
1383 1685 1674 1742 auderent.
1721 1687 1881 1742 Unde

1965 535 2331 607 temporibus,
2346 536 2653 606 practicam
2667 535 2876 590 scilicet
2895 536 2955 590 in
2969 536 3080 603 die,
3104 537 3410 594 theoricam
3421 555 3552 594 vero

1964 625 2020 679 in
2038 631 2202 680 nocte
2227 645 2238 690 ;
2270 624 2400 679 hinc
2419 624 2550 679 inde
2570 641 2764 679 earum
2805 643 3092 697 respersus
3124 626 3356 682 ﬂoribus
3385 644 3556 682 nove-

1963 719 2053 767 rat
2080 730 2208 768 cum
2257 714 2452 780 Maria,
2505 714 2609 768 etsi
2651 714 2914 785 frequens
2943 722 3091 771 esset
3145 733 3272 771 cum
3313 715 3554 785 Martha,

1967 803 2113 873 quod
2144 817 2320 858 unum
2347 808 2493 858 esset
2536 803 2914 858 necessarium
2939 821 2949 857 :
2977 810 3034 859 et
3060 805 3185 860 ideo
3234 807 3455 878 singula
3485 807 3557 862 ad

1964 891 2070 945 hoc
2094 907 2268 946 unum
2292 891 2504 963 jugiter
2523 893 2833 959 solidabat;
2856 893 2987 948 illuc
3015 895 3270 965 suspiriis
3286 897 3558 950 anhelans

1964 978 2070 1033 hac
2099 979 2412 1035 dilectionis
2451 980 2633 1034 ofﬁcio
2678 981 2749 1034 ad
2789 997 2856 1034 ea
2883 982 3234 1052 propulsans,
3265 982 3558 1053 satagebat

1964 1067 2024 1122 in
2055 1068 2144 1123 die
2172 1079 2371 1139 agrum
2402 1069 2648 1141 corporis
2677 1070 2766 1124 sui
2812 1071 3106 1124 retundere
3151 1070 3465 1132 sudoribus,
3496 1072 3557 1125 in

1968 1163 2130 1212 nocte
2160 1173 2289 1212 vero
2322 1157 2566 1213 ﬂetibus.
2587 1159 2834 1213 Vidisses
2864 1158 3012 1213 enim
3037 1175 3201 1213 mane
3220 1160 3379 1214 illum
3399 1160 3559 1230 quasi

1967 1263 2093 1300 rore
2108 1264 2389 1318 purpureo
2418 1248 2724 1318 perfusum,
2758 1249 3246 1319 lacrymarumque
3283 1247 3560 1303 imbribus

1968 1334 2292 1390 irroratum.
2327 1335 2489 1389 Unde
2511 1337 2558 1389 si
2587 1335 2722 1389 velis
2755 1335 2973 1405 plenius
3001 1352 3333 1406 cognoscere
3353 1336 3558 1389 verita-

1969 1428 2102 1489 tem,
2124 1424 2392 1478 Severum
2416 1423 2721 1494 interroga,
2743 1425 2838 1494 qui
2869 1440 3090 1495 semper
3110 1425 3234 1495 plus
3257 1440 3425 1496 quam
3455 1441 3558 1495 ego

1966 1512 2197 1582 vigilare
2223 1512 2442 1567 studuit
2470 1529 2534 1567 ac
2561 1513 2763 1584 potuit,
2795 1518 2850 1567 et
2904 1513 3029 1568 ideo
3077 1513 3146 1567 de
3174 1514 3261 1567 his
3304 1513 3561 1568 omnibus

1965 1601 2183 1672 potiora
2211 1601 2486 1673 cognovit.

2626 1701 2874 1748 SEVERUS
2883 1731 2894 1743 .

288 1782 526 1840 constat,
563 1775 709 1847 quod
755 1794 899 1848 saepe.
928 1777 996 1830 de
1022 1775 1234 1830 fervore
1263 1776 1394 1830 boni
1449 1776 1675 1844 amoris,
1709 1777 1755 1830 si
1780 1762 1950 1830 diciB
2041 1778 2157 1834 Etsi
2181 1780 2307 1833 ﬁcte
2338 1779 2408 1833 de
2436 1795 2528 1833 me
2557 1779 2666 1833 ista
2694 1780 2849 1846 dicis,
2882 1785 3093 1846 tamen,
3136 1780 3263 1835 licet
3292 1781 3563 1852 qualiter¢

287 1865 372 1918 fas
402 1869 504 1931 est,
529 1866 802 1935 contingit
829 1881 1082 1919 excessus
1111 1866 1304 1936 culpae,
1340 1866 1472 1920 dum
1517 1877 1675 1919 mens
1703 1866 1890 1919 minus

288 1954 562 2008 deliberat
591 1955 957 2025 compellente
984 1971 1174 2008 amore
1197 1954 1504 2021 charitatis,
1549 1955 1652 2008 etsi
1683 1955 1891 2008 Paulus

293 2044 580 2114 apostolus
619 2043 768 2097 dicat
800 2065 815 2098 .·
840 2044 1098 2099 Charitas
1130 2055 1422 2112 nunquam
1453 2045 1650 2096 excidit
1675 2043 1731 2113 (1
1756 2043 1886 2101 Cor.

285 2149 405 2199 xm,
441 2133 546 2202 l8).
578 2131 726 2187 Hinc
755 2150 974 2203 quoque
1001 2148 1170 2202 quam
1199 2149 1344 2201 saepe
1374 2132 1510 2184 talia
1557 2132 1722 2184 Petro
1755 2130 1894 2200 legi-

289 2240 417 2276 mus
447 2221 732 2286 accidisse,
763 2222 948 2274 minus
977 2220 1352 2285 considerans,
1394 2235 1488 2273 ore
1551 2219 1683 2290 quid
1715 2220 1893 2290 expri-

289 2315 488 2364 meret.
523 2310 695 2363 Porro
727 2324 983 2362 excessus
1020 2309 1145 2373 iste,
1177 2313 1240 2362 ut
1295 2309 1374 2362 ita
1416 2305 1614 2373 fatear,
1665 2319 1776 2361 non
1806 2312 1891 2361 est

288 2399 518 2462 amoris,
541 2397 636 2451 sed
658 2397 962 2451 inscientiae
985 2403 1147 2451 nota:
1172 2395 1321 2450 unde
1353 2396 1528 2466 ipsibs
1551 2397 1780 2450 ﬂamma
1807 2397 1890 2449 le-

286 2486 412 2540 vius
440 2490 731 2556 purgatur.
762 2487 960 2539 Nonne
990 2483 1204 2538 vidistis
1233 2502 1361 2538 eum
1389 2486 1507 2555 jam
1541 2495 1665 2538 cum
1697 2485 1888 2555 hospi-

287 2575 496 2628 talitati
553 2579 755 2628 nostrae
807 2578 1086 2644 praeesset,
1121 2573 1300 2643 qualis
1362 2579 1671 2644 quantusve
1719 2573 1887 2627 erat?

291 2680 462 2734 quam
476 2663 724 2718 humilis.
748 2679 915 2732 quam
939 2662 1199 2716 devotus!
1224 2663 1400 2726 Quem
1424 2663 1571 2716 enim
1585 2662 1886 2732 aliquando

285 2751 558 2806 nobilium
608 2751 824 2804 vidistis
867 2756 982 2804 tam
1014 2751 1143 2805 vilia
1187 2768 1411 2821 semper
1455 2757 1737 2822 appetere,
1772 2756 1888 2805 tam

283 2857 485 2911 aspera
512 2841 774 2905 tolerare,
795 2841 908 2893 tam
925 2839 1152 2893 horrida
1183 2845 1238 2893 et
1262 2828 1455 2894 fmtida
1483 2840 1781 2910 diligenter
1808 2845 1889 2893 at-

283 2929 564 2983 trectare?
589 2945 698 2982 non
732 2928 854 2982 dico
875 2928 1002 2981 vilia
1033 2929 1534 2983 calceamentorum
1577 2929 1883 2999 hospitum,

1973 1879 2212 1938 cunque,
2246 1868 2424 1921 multa
2454 1868 2522 1921 de
2579 1869 2673 1921 illo
2721 1869 2963 1938 percepi,
3005 1885 3128 1939 quae
3158 1871 3288 1939 jure
3325 1870 3565 1924 debeant

1974 1956 2280 2026 przedicari.
2312 1959 2515 2010 Annon
2568 1956 2768 2010 recolis
2824 1973 2949 2010 cum
2995 1962 3203 2028 quanto
3230 1958 3438 2028 frigore
3461 1959 3567 2012 Do-

1975 2045 2129 2098 mino
2158 2044 2449 2115 psallebat,
2485 2044 2580 2115 qui
2609 2061 2751 2115 pene
2771 2062 2804 2098 a
2829 2045 3036 2099 sanctis
3061 2046 3331 2100 altaribus
3359 2047 3446 2100 vix
3475 2063 3567 2100 se-

1977 2134 2087 2187 mel
2117 2133 2172 2186 in
2203 2133 2459 2187 noctibus
2505 2133 2819 2200 recedebat,
2853 2138 2917 2187 ut
2961 2135 3031 2187 ad
3085 2134 3289 2188 lectum
3321 2136 3567 2189 veniret?

1973 2222 2152 2286 Quam
2181 2222 2228 2275 si
2256 2223 2681 2292 interrogasses,
2704 2239 2774 2276 an
2817 2221 3049 2293 pervigil
3085 2225 3355 2291 canendo,
3378 2229 3568 2295 peten-

1973 2311 2064 2376 do,
2096 2311 2415 2380 quaerendo,
2438 2311 3068 2382 pulsando,noctemque
3087 2311 3385 2381 gemitibus
3406 2319 3463 2367 et
3475 2314 3568 2366 ﬂe-

1972 2401 2122 2456 tibus
2141 2401 2359 2454 vincere
2416 2399 2602 2467 vellet,
2636 2399 3003 2471 responderet
3030 2400 3167 2455 illud
3198 2402 3426 2456 Catonis
3455 2420 3469 2457 :
3509 2402 3569 2456 Si

1977 2491 2158 2554 velim,
2182 2496 2281 2544 aut
2297 2489 2504 2542 nolim:
2539 2495 2598 2543 et
2617 2491 2664 2542 si
2680 2488 2908 2560 possim.
2946 2494 3044 2543 aut
3070 2506 3183 2543 non
3205 2491 3414 2560 possim
3437 2508 3453 2554 :
3479 2506 3570 2546 me

1973 2583 2164 2632 tamen
2197 2578 2432 2648 vigilare
2458 2579 2620 2648 juvat
2647 2583 2879 2648 propter
2898 2577 3036 2631 illud
3077 2597 3088 2632 :
3125 2579 3282 2632 Beati
3305 2580 3400 2649 qui
3427 2579 3570 2649 vigi-

1973 2667 2094 2720 lant
2118 2667 2188 2720 ad
2217 2667 2363 2720 fores
2395 2679 2570 2732 meas,
2602 2666 2868 2737 quoniam
2923 2666 2970 2718 si
3026 2683 3192 2720 mane
3227 2683 3316 2720 me
3342 2668 3572 2738 quaesie-

1974 2761 2126 2819 runt,
2160 2755 2446 2809 invenient
2475 2770 2564 2808 me
2601 2758 2778 2821 (Prov.
2829 2769 2948 2820 vin,
3005 2753 3110 2823 34).
3144 2755 3428 2826 Alioquin,
3461 2756 3568 2809 nisi

1973 2843 2042 2898 ob
2070 2843 2474 2898 beatitudinem
2499 2844 2727 2914 perfecti
2755 2843 2980 2909 laboris,
3021 2861 3309 2914 nunquam
3357 2845 3492 2898 talia
3515 2849 3573 2899 et

1971 2937 2132 2986 tanta
2151 2932 2515 2987 sustinuisset
2531 2931 2848 3002 vigiliarum
2870 2932 3068 2986 ofﬁcia.
3089 2934 3409 2988 Praesertim
3438 2934 3571 2987 nul—

284 3035 481 3072 verum
511 3018 743 3072 vulnera
764 3023 1096 3089 pauperum,
1131 3034 1436 3089 eorumque
1492 3018 1684 3071 foetida
1715 3019 1887 3072 veSti-
1906 3035 1949 3094 C
1973 3021 2064 3075 lus
2093 3035 2258 3075 mane
2289 3017 2384 3092 qui
2414 3037 2526 3076 non
2556 3027 2746 3092 posset
2773 3021 2962 3075 videre
2989 3022 3209 3076 roscida
3231 3022 3390 3076 humi
3421 3022 3570 3092 pavi-

286 3113 628 3174 mentorum,
649 3121 1052 3177 nonnunquam
1065 3107 1142 3160 sic
1171 3107 1330 3177 quasi
1352 3113 1607 3161 aromata
1627 3106 1882 3176 bajolans

284 3196 549 3251 abluebat
582 3216 592 3250 :
621 3195 809 3250 omnia
850 3195 1054 3267 quippe
1091 3201 1283 3249 eorum
1315 3195 1392 3249 sic
1422 3213 1533 3249 non
1577 3196 1885 3249 lassescens

281 3285 708 3356 infatigabiliter
726 3283 1109 3339 sustinebatO
1125 3285 1363 3339 Domine
1387 3284 1530 3338 bone
1553 3285 1885 3355 Jesu,quani

279 3371 685 3446 infatigabilem
712 3392 840 3428 eum
869 3371 1046 3428 fecisti
1075 3373 1144 3427 ad
1193 3375 1382 3427 omnia
1411 3373 1724 3428 dilectiOnis
1759 3375 1884 3429 οἷσι

279 3464 366 3519 cia
392 3461 403 3517 !
432 3481 600 3535 quam
613 3471 925 3529 strenuum,
953 3479 1119 3534 quam
1141 3461 1440 3528 efficacem,
1470 3471 1750 3533 quam’que
1785 3464 1884 3518 de-

280 3557 473 3606 votum
496 3551 506 3605 !
542 3551 845 3622 Satagebat
873 3551 1020 3605 enim
1040 3551 1184 3605 circa
1214 3551 1477 3621 frequens
1505 3550 1882 3606 ministerium

281 3641 362 3694 ita
392 3639 679 3707 sollicitus,
712 3645 776 3693 ut
807 3656 1117 3710 pauperum
1163 3656 1354 3692 curam
1387 3644 1443 3692 et
1470 3638 1760 3709 hospitum
1791 3645 1879 3694 at-

280 3743 391 3800 que
420 3728 771 3782 infirmorum
811 3732 941 3780 ante
966 3727 1155 3780 omnia
1185 3731 1243 3780 et
1259 3731 1429 3797 super
1449 3727 1638 3780 omnia
1655 3729 1880 3796 gereret

277 3816 336 3871 in
363 3811 454 3870 die
480 3835 493 3882 ;
523 3821 684 3869 nocte
703 3831 831 3868 vero
844 3831 1040 3868 somno
1055 3815 1272 3885 ei'cpleto
1309 3814 1625 3885 parvissimi
1658 3820 1878 3886 tem‘po-

275 3905 375 3968 ris,
407 3921 519 3958 non
556 3904 744 3958 minus
772 3908 903 3957 ante
954 3903 1170 3974 vigilias
1223 3905 1504 3971 Fratrum,
1547 3910 1714 3975 quani
1754 3903 1882 3976 post

275 3993 491 4064 vigilias
520 4010 631 4047 una
661 4010 788 4047 cum
818 3993 996 4047 Maria
1025 3991 1336 4047 indefessus
1357 3993 1430 4046 ad
1455 3993 1623 4064 pedes
1646 3991 1877 4046 Domini

278 4083 306 4137 J
313 4099 412 4137 esu
441 4099 629 4136 coram
652 4082 860 4136 sanctis
889 4079 1158 4136 altaribus
1186 4087 1498 4152 prostratus
1526 4082 1694 4135 homo
1718 4082 1874 4152 jace-

278 4169 392 4225 bat.
411 4171 496 4225 Tu
512 4171 679 4237 nosti,
697 4170 939 4226 Domine
961 4167 1200 4237 Christe,
1223 4187 1331 4241 quo
1354 4170 1729 4241 lacrymarum
1761 4169 1870 4224 im-

277 4257 377 4314 bre
407 4261 587 4315 solum
617 4259 857 4331 rigabat,
917 4268 972 4315 te
1003 4278 1226 4332 rogans,
1258 4264 1425 4332 teque
1465 4262 1772 4333 suspirans,
1816 4266 1873 4316 te

1971 3113 2182 3174 menta,
2227 3109 2431 3181 quibus
2462 3110 2522 3164 in
2561 3117 2722 3164 nocte
2751 3111 2988 3164 Domino
3015 3110 3309 3165 militabat.
3336 3112 3381 3165 Ο
3405 3111 3569 3181 quale

1971 3203 2090 3253 tum
2121 3198 2642 3271 tempuslvidisses
2692 3200 2841 3253 enim
2889 3200 3050 3270 quasi
3104 3199 3175 3253 ad
3223 3202 3391 3254 unius
3433 3200 3568 3269 galli

1970 3294 2198 3341 cantum
2227 3288 2511 3343 continuis
2536 3287 2792 3342 noctibus
2819 3289 3069 3359 reliquos
3103 3305 3297 3343 omnes
3317 3288 3566 3355 excitari,

1972 3381 2028 3431 et
2055 3376 2266 3446 passim
2284 3377 2416 3430 hinc
2437 3377 2569 3430 inde
2596 3377 2725 3430 altis
2755 3376 3028 3446 crepitare
3049 3377 3373 3446 gemitibus.
3403 3377 3572 3432 Nunc

1969 3475 2100 3518 vero
2144 3470 2353 3535 quanto
2382 3463 2509 3534 plus
2539 3479 2889 3534 separamur,
2920 3469 3076 3518 tanto
3110 3465 3236 3535 plus
3264 3466 3473 3519 mortui
3495 3465 3572 3518 vi-

1968 3552 2181 3620 vimus;
2247 3552 2513 3624 quoniam
2563 3551 2696 3606 dum
2753 3568 2948 3606 somno
2978 3553 3272 3621 servimus,
3306 3553 3410 3608 etsi
3438 3553 3569 3607 vivi-

1967 3654 2113 3707 mus,
2145 3641 2354 3696 mortui
2375 3655 2590 3696 sumus.

2568 3783 2813 3839 CAPUT
2863 3784 2937 3838 XI
2946 3823 2957 3836 .

2581 3904 2943 3948 PASCHASIUS.

2031 3995 2114 4050 Tu
2143 3999 2365 4050 tantum
2399 3995 2467 4051 de
2496 3997 2697 4068 vigiliis
2750 4013 2979 4066 narras;
3021 4002 3283 4053 caeterum
3313 4003 3558 4069 quantus

1961 4083 2252 4155 qualisque
2271 4082 2489 4151 vixerit,
2504 4089 2602 4139 aut
2630 4101 2743 4139 non
2773 4086 2968 4140 recolis
2993 4104 3005 4151 ;
3037 4091 3135 4140 aut
3154 4091 3302 4141 certe
3324 4086 3473 4158 quod
3497 4087 3556 4140 in

1956 4185 2046 4226 me
2075 4171 2459 4244 reprehendis,
2490 4173 2737 4244 pandere
2757 4191 2868 4229 non
2896 4174 3089 4229 audes.

2609 4275 2872 4320 SEVERUS.

277 4365 552 4447 quaerens,
586 4349 656 4403 ad
687 4349 1010 4447 tepulsans,
1043 4353 1107 4404 ut
1136 4349 1381 4447 aperires
1413 4349 1462 4403 ei
1487 4351 1719 4447 januam
1757 4349 1939 4447 pie-D
2027 4351 2222 4406 Audeo
2250 4351 2434 4423 plane,
2468 4351 2566 4408 sed
2591 4351 2660 4406 de
2688 4353 2841 4407 nullo
2868 4357 3081 4408 temere
3100 4353 3482 4425 loquendum.§

281 4435 411 4492 tatis
439 4443 580 4492 tuae:
613 4437 862 4508 aperires
891 4453 1132 4510 quoque,
1160 4437 1255 4492 ubi
1285 4438 1334 4492 ei
1355 4439 1626 4493 hactenus
1654 4439 1870 4492 clause-

275 4541 408 4594 ras;
463 4531 520 4580 et
571 4527 899 4597 susciperes,
951 4526 1048 4580 ubi
1091 4526 1394 4581 clementer
1429 4527 1511 4581 illi
1540 4533 1864 4598 aperueras.

275 4611 489 4676 Quibus
514 4613 705 4683 januis
736 4613 1034 4685 apertis,ut
1053 4615 1351 4680 credimus,
1369 4620 1503 4670 tunc
1522 4615 1869 4686 penetrando

272 4700 533 4772 pulsabat
562 4702 690 4769 fide,
723 4719 871 4757 nunc
904 4703 1139 4759 fruendo
1170 4703 1528 4776 amplectitur
1576 4704 1868 4758 charitatis

273 4807 484 4845 amore.
509 4791 740 4847 Poterat
755 4793 903 4847 enim
925 4792 1109 4848 dicere
1152 4809 1280 4848 cum
1299 4793 1578 4866 Propheta
1610 4811 1622 4847 :
1657 4795 1867 4862 Defece-

271 4883 412 4935 runt
436 4882 584 4934 oculi
602 4883 712 4935 mei
726 4883 790 4936 in
819 4883 1098 4951 eloquium
1139 4886 1319 4950 tuum,
1343 4883 1613 4938 dicentes:
1641 4883 1869 4951 Quando

271 4970 633 5025 consolaberis
653 4986 737 5025 me
751 4973 774 5024 Ρ
790 4971 959 5040 (Psal.
1002 4983 1189 5039 cxvm,
1202 4969 1314 5039 82).
1340 4972 1544 5027 Fateor
1563 4987 1695 5043 ergo
1722 4986 1867 5045 saepe

269 5074 363 5114 me
388 5057 592 5114 vidisse
621 5058 743 5114 loca
772 5059 889 5114 suis
926 5076 1092 5114 mane
1139 5059 1428 5116 madentia
1484 5061 1863 5134 lacrymarum

267 5145 560 5215 imbribus,
589 5153 644 5204 et
669 5148 1019 5220 conspexisse
1046 5149 1234 5204 oculos
1262 5165 1404 5220 pene
1437 5155 1797 5222 consumptos
1825 5167 1860 5204 a

267 5235 512 5292 ﬂetibus.
535 5237 767 5292 Vidistis
797 5243 854 5292 et
879 5254 976 5292 vos
1018 5254 1167 5305 eum,
1202 5245 1267 5293 ut
1320 5255 1464 5305 reor,
1511 5238 1859 5310 frequentius

265 5325 621 5397 squalentem
647 5326 968 5398 vigiliarum
1014 5325 1333 5398 angoribus,
1365 5327 1582 5383 vidistis
1629 5327 1859 5383 maden-

265 5419 385 5471 tem
413 5415 659 5483 ﬂetibus,
712 5415 928 5471 vidistis
975 5416 1237 5472 allectum
1288 5415 1610 5488 gemitibus,
1641 5415 1858 5472 vidistis

266 5503 466 5576 utique
493 5504 670 5562 macie
687 5509 988 5562 tenuatum
1007 5511 1065 5561 et
1081 5505 1289 5578 pellem
1315 5504 1534 5562 ossibus
1553 5505 1860 5562 haerentem

267 5591 445 5647 victus
472 5591 835 5664 parcimonia,
869 5597 926 5650 et
954 5591 1239 5651 tabentem
1277 5591 1473 5650 faciem
1503 5589 1709 5650 laboris
1735 5591 1860 5650 vitae

2566 4453 2928 4499 PASCHASlUS.

2024 4527 2187 4596 Cave,
2213 4529 2406 4598 frater,
2421 4531 2840 4586 necomicorum
2857 4535 3049 4585 notam
3067 4530 3323 4584 incurras
3353 4549 3365 4585 :
3394 4531 3544 4602 quia,

1951 4622 2016 4671 ut
2027 4618 2206 4686 aiunt,
2225 4618 2510 4674 neminem
2525 4618 2783 4684 liberum,
2818 4618 3098 4672 neminem
3121 4617 3542 4688 obsequentem.

1951 4721 2133 4777 neque
2156 4705 2250 4777 qui
2277 4712 2427 4762 recte
2454 4710 2696 4761 tractare
2711 4721 2904 4760 verum
2938 4704 3132 4776 possit,
3176 4721 3357 4776 neque
3383 4723 3549 4762 nosse

1953 4794 2216 4866 aliquem,
2247 4811 2429 4866 neque
2451 4793 2521 4849 ab
2550 4794 2738 4866 aliquo
2768 4793 2861 4848 ubi
2894 4811 3004 4847 non
3033 4799 3185 4848 recte
3213 4794 3434 4862 vivitur,
3465 4796 3548 4850 di-

1949 4883 2161 4955 gnosci.
2191 4884 2260 4939 Et
2287 4884 2413 4939 ideo
2450 4884 2638 4939 forsan
2677 4898 2780 4936 nec
2825 4887 2889 4935 tu
2940 4882 3101 4937 illum
3140 4883 3436 4938 ostendere
3462 4885 3544 4938 vis

1952 4973 2148 5045 quanti
2168 4973 2457 5046 penderes,
2483 4971 2690 5027 necille
2716 4970 2812 5024 tibi
2841 4971 3065 5025 credere
3085 4977 3172 5026 est
3194 4989 3363 5027 ausus
3391 4972 3539 5042 quod

1948 5078 2170 5134 aequum
2210 5066 2296 5117 est
2334 5059 2502 5133 patri.
2523 5060 2656 5124 Quae
2677 5059 2723 5114 si
2755 5065 2959 5126 essent,
2991 5059 3225 5116 forsitan
3246 5076 3532 5131 nunquam

1944 5149 2104 5206 illum
2132 5149 2296 5206 silere
2315 5149 2486 5205 etiam
2513 5148 2705 5204 volens
2733 5164 2942 5220 posses.

2601 5251 2871 5296 SEVBRUS-

2011 5327 2183 5383 Plane
2211 5327 2374 5399 cupio
2403 5327 2473 5383 de
2503 5327 2600 5382 illo
2629 5343 2754 5399 quas
2798 5326 3018 5381 virtutis
3053 5329 3186 5379 sunt
3213 5323 3527 5388 ostendere,

1943 5434 2110 5490 quem
2139 5418 2265 5490 plus
2294 5433 2384 5471 me
2404 5417 2647 5476 credidi:
2672 5416 2805 5489 quia
2829 5416 2896 5470 de
2918 5432 2975 5468 se
2995 5413 3212 5469 sibinec
3231 5412 3350 5483 ipse
3375 5412 3536 5483 quid-

1943 5522 2112 5578 quam
2141 5505 2377 5562 retinuit
2396 5505 2545 5580 quod
2575 5523 2689 5562 non
2726 5519 2969 5559 nossem.
3018 5499 3342 5555 Transfudit
3368 5517 3427 5555 se
3459 5501 3531 5554 ad

1941 5593 2240 5666 liquidum,
2273 5599 2338 5652 ut
2366 5600 2631 5667 paternos
2656 5593 2716 5650 in
2742 5608 2834 5648 me
2862 5591 3130 5646 formaret
3166 5588 3370 5645 vultus.
3405 5588 3529 5644 Non
