  <div class='ocr_page' id='page_1' title='image "/cluster/home/n/w/nwhite01/storage/ocr_20150623/120/hvd.32044054759824/797.png"; bbox 0 0 4000 6170; ppageno 0'>
   <div class='ocr_carea' id='block_1_1' title="bbox 472 241 609 298">
    <p class='ocr_par' dir='ltr' id='par_1_1' title="bbox 472 241 609 298">
     <span class='ocr_line' id='line_1_1' title="bbox 472 241 609 298; baseline -0.015 0"><span class='ocrx_word' id='word_1_1' title='bbox 472 241 609 298; x_wconf 86' lang='grc'><strong>1583</strong></span> 
     </span>
    </p>
   </div>
   <div class='ocr_carea' id='block_1_2' title="bbox 1227 237 2976 296">
    <p class='ocr_par' dir='ltr' id='par_1_2' title="bbox 1227 237 2976 296">
     <span class='ocr_line' id='line_1_2' title="bbox 1227 237 2976 296; baseline -0.001 -1"><span class='ocrx_word' id='word_1_2' title='bbox 1227 240 1284 295; x_wconf 87' lang='lat' dir='ltr'><strong>S.</strong></span> <span class='ocrx_word' id='word_1_3' title='bbox 1328 239 1706 294; x_wconf 76' lang='lat' dir='ltr'><strong>PASCHASII</strong></span> <span class='ocrx_word' id='word_1_4' title='bbox 1745 238 2108 294; x_wconf 82' lang='lat' dir='ltr'><strong>RADBERTI</strong></span> <span class='ocrx_word' id='word_1_5' title='bbox 2144 237 2449 292; x_wconf 83' lang='lat' dir='ltr'><strong>ABBATIS</strong></span> <span class='ocrx_word' id='word_1_6' title='bbox 2489 237 2976 296; x_wconf 84' lang='lat' dir='ltr'><strong>CORBEIENSIS.</strong></span> 
     </span>
    </p>
   </div>
   <div class='ocr_carea' id='block_1_3' title="bbox 3619 245 3758 302">
    <p class='ocr_par' dir='ltr' id='par_1_3' title="bbox 3619 245 3758 302">
     <span class='ocr_line' id='line_1_3' title="bbox 3619 245 3758 302; baseline 0.007 -2"><span class='ocrx_word' id='word_1_7' title='bbox 3619 245 3758 302; x_wconf 78' lang='grc'><strong>1584</strong></span> 
     </span>
    </p>
   </div>
   <div class='ocr_carea' id='block_1_4' title="bbox 465 363 3756 439">
    <p class='ocr_par' dir='ltr' id='par_1_4' title="bbox 465 363 3756 439">
     <span class='ocr_line' id='line_1_4' title="bbox 465 363 3756 439; baseline 0.001 -21"><span class='ocrx_word' id='word_1_8' title='bbox 465 365 614 419; x_wconf 89' lang='lat' dir='ltr'><strong>enim</strong></span> <span class='ocrx_word' id='word_1_9' title='bbox 645 364 750 418; x_wconf 89' lang='lat' dir='ltr'><strong>sibi</strong></span> <span class='ocrx_word' id='word_1_10' title='bbox 770 365 988 419; x_wconf 85' lang='lat' dir='ltr'><strong>remisit</strong></span> <span class='ocrx_word' id='word_1_11' title='bbox 1015 369 1257 435; x_wconf 85' lang='lat' dir='ltr'><strong>tempus,</strong></span> <span class='ocrx_word' id='word_1_12' title='bbox 1293 381 1395 417; x_wconf 90' lang='lat' dir='ltr'><strong>nec</strong></span> <span class='ocrx_word' id='word_1_13' title='bbox 1423 363 1696 434; x_wconf 82' lang='lat' dir='ltr'><strong>respexit;</strong></span> <span class='ocrx_word' id='word_1_14' title='bbox 1753 363 1851 417; x_wconf 88' lang='lat' dir='ltr'><strong>sed</strong></span> <span class='ocrx_word' id='word_1_15' title='bbox 1877 367 2058 417; x_wconf 88' lang='lat' dir='ltr'><strong>totum</strong></span> <span class='ocrx_word' id='word_1_16' title='bbox 2077 363 2214 423; x_wconf 80' lang='lat' dir='ltr'><strong>Ade</strong></span> <span class='ocrx_word' id='word_1_17' title='bbox 2240 378 2350 433; x_wconf 92' lang='lat' dir='ltr'><strong>quo</strong></span> <span class='ocrx_word' id='word_1_18' title='bbox 2370 378 2742 433; x_wconf 88' lang='lat' dir='ltr'><strong>proposueras</strong></span> <span class='ocrx_word' id='word_1_19' title='bbox 2775 363 3127 433; x_wconf 84' lang='lat' dir='ltr'><strong>aenigmatice</strong></span> <span class='ocrx_word' id='word_1_20' title='bbox 3179 365 3349 435; x_wconf 84' lang='lat' dir='ltr'><strong>loqui,</strong></span> <span class='ocrx_word' id='word_1_21' title='bbox 3381 366 3592 420; x_wconf 83' lang='lat' dir='ltr'><strong>clarius</strong></span> <span class='ocrx_word' id='word_1_22' title='bbox 3621 385 3756 439; x_wconf 73' lang='lat' dir='ltr'><strong>pra:-</strong></span> 
     </span>
    </p>
   </div>
   <div class='ocr_carea' id='block_1_5' title="bbox 465 451 2061 523">
    <p class='ocr_par' dir='ltr' id='par_1_5' title="bbox 465 451 2061 523">
     <span class='ocr_line' id='line_1_5' title="bbox 465 451 2061 523; baseline -0.002 -16"><span class='ocrx_word' id='word_1_23' title='bbox 465 470 525 508; x_wconf 89' lang='lat' dir='ltr'><strong>se</strong></span> <span class='ocrx_word' id='word_1_24' title='bbox 553 454 670 508; x_wconf 92' lang='lat' dir='ltr'><strong>Deo</strong></span> <span class='ocrx_word' id='word_1_25' title='bbox 699 452 1000 517; x_wconf 86' lang='lat' dir='ltr'><strong>commisit,</strong></span> <span class='ocrx_word' id='word_1_26' title='bbox 1027 460 1081 507; x_wconf 92' lang='lat' dir='ltr'><strong>et</strong></span> <span class='ocrx_word' id='word_1_27' title='bbox 1111 453 1459 523; x_wconf 82' lang='lat' dir='ltr'><strong>transposuit</strong></span> <span class='ocrx_word' id='word_1_28' title='bbox 1487 452 1556 505; x_wconf 88' lang='lat' dir='ltr'><strong>ad</strong></span> <span class='ocrx_word' id='word_1_29' title='bbox 1579 468 1646 506; x_wconf 90' lang='lat' dir='ltr'><strong>ea</strong></span> <span class='ocrx_word' id='word_1_30' title='bbox 1691 468 1812 522; x_wconf 62' lang='lat' dir='ltr'><strong>quae</strong></span> <span class='ocrx_word' id='word_1_31' title='bbox 1837 468 1951 505; x_wconf 92' lang='lat' dir='ltr'><strong>non</strong></span> <span class='ocrx_word' id='word_1_32' title='bbox 1978 451 2061 504; x_wconf 87' lang='lat' dir='ltr'><strong>vi-</strong></span> 
     </span>
    </p>
   </div>
   <div class='ocr_carea' id='block_1_6' title="bbox 466 539 2060 610">
    <p class='ocr_par' dir='ltr' id='par_1_6' title="bbox 466 539 2060 610">
     <span class='ocr_line' id='line_1_6' title="bbox 466 539 2060 610; baseline -0.001 -14"><span class='ocrx_word' id='word_1_33' title='bbox 466 543 689 597; x_wconf 88' lang='lat' dir='ltr'><strong>dentur.</strong></span> <span class='ocrx_word' id='word_1_34' title='bbox 724 541 868 595; x_wconf 85' lang='lat' dir='ltr'><strong>Hinc</strong></span> <span class='ocrx_word' id='word_1_35' title='bbox 901 557 1033 610; x_wconf 89' lang='lat' dir='ltr'><strong>ergo</strong></span> <span class='ocrx_word' id='word_1_36' title='bbox 1084 541 1305 605; x_wconf 81' lang='lat' dir='ltr'><strong>claruit,</strong></span> <span class='ocrx_word' id='word_1_37' title='bbox 1358 540 1406 593; x_wconf 90' lang='lat' dir='ltr'><strong>si</strong></span> <span class='ocrx_word' id='word_1_38' title='bbox 1431 539 1655 610; x_wconf 84' lang='lat' dir='ltr'><strong>quando</strong></span> <span class='ocrx_word' id='word_1_39' title='bbox 1675 540 1790 594; x_wconf 92' lang='lat' dir='ltr'><strong>vice</strong></span> <span class='ocrx_word' id='word_1_40' title='bbox 1819 556 1921 594; x_wconf 86' lang='lat' dir='ltr'><strong>sua</strong></span> <span class='ocrx_word' id='word_1_41' title='bbox 1941 539 2060 594; x_wconf 89' lang='lat' dir='ltr'><strong>hie-</strong></span> 
     </span>
    </p>
   </div>
   <div class='ocr_carea' id='block_1_7' title="bbox 465 626 2056 699">
    <p class='ocr_par' dir='ltr' id='par_1_7' title="bbox 465 626 2056 699">
     <span class='ocr_line' id='line_1_7' title="bbox 465 626 2056 699; baseline -0.001 -15"><span class='ocrx_word' id='word_1_42' title='bbox 465 631 670 685; x_wconf 88' lang='lat' dir='ltr'><strong>malem</strong></span> <span class='ocrx_word' id='word_1_43' title='bbox 699 630 936 683; x_wconf 81' lang='lat' dir='ltr'><strong>fratrum</strong></span> <span class='ocrx_word' id='word_1_44' title='bbox 966 629 1258 683; x_wconf 87' lang='lat' dir='ltr'><strong>calefiebat</strong></span> <span class='ocrx_word' id='word_1_45' title='bbox 1293 628 1356 697; x_wconf 82' lang='grc' dir='ltr'><strong>[ι.</strong></span> <span class='ocrx_word' id='word_1_46' title='bbox 1390 626 1775 699; x_wconf 86' lang='lat' dir='ltr'><strong>calefaciebat]</strong></span> <span class='ocrx_word' id='word_1_47' title='bbox 1807 628 2056 694; x_wconf 91' lang='lat' dir='ltr'><strong>domum,</strong></span> 
     </span>
    </p>
   </div>
   <div class='ocr_carea' id='block_1_8' title="bbox 470 715 2064 790">
    <p class='ocr_par' dir='ltr' id='par_1_8' title="bbox 470 715 2064 790">
     <span class='ocr_line' id='line_1_8' title="bbox 470 715 2064 790; baseline -0.001 -18"><span class='ocrx_word' id='word_1_48' title='bbox 470 719 696 790; x_wconf 84' lang='lat' dir='ltr'><strong>quantis</strong></span> <span class='ocrx_word' id='word_1_49' title='bbox 723 719 1017 788; x_wconf 83' lang='lat' dir='ltr'><strong>augustius</strong></span> <span class='ocrx_word' id='word_1_50' title='bbox 1073 715 1372 771; x_wconf 83' lang='lat' dir='ltr'><strong>virtutibus</strong></span> <span class='ocrx_word' id='word_1_51' title='bbox 1402 715 1699 782; x_wconf 85' lang='lat' dir='ltr'><strong>renitebat,</strong></span> <span class='ocrx_word' id='word_1_52' title='bbox 1732 717 2064 788; x_wconf 90' lang='lat' dir='ltr'><strong>quantisque</strong></span> 
     </span>
    </p>
   </div>
   <div class='ocr_carea' id='block_1_9' title="bbox 467 804 2065 876">
    <p class='ocr_par' dir='ltr' id='par_1_9' title="bbox 467 804 2065 876">
     <span class='ocr_line' id='line_1_9' title="bbox 467 804 2065 876; baseline -0.001 -16"><span class='ocrx_word' id='word_1_53' title='bbox 467 807 898 862; x_wconf 87' lang='lat' dir='ltr'><strong>acrimoniarum</strong></span> <span class='ocrx_word' id='word_1_54' title='bbox 921 805 1060 860; x_wconf 82' lang='lat' dir='ltr'><strong>fumi</strong></span> <span class='ocrx_word' id='word_1_55' title='bbox 1079 804 1354 859; x_wconf 88' lang='lat' dir='ltr'><strong>nitoribus</strong></span> <span class='ocrx_word' id='word_1_56' title='bbox 1371 806 1493 876; x_wconf 86' lang='lat' dir='ltr'><strong>pice</strong></span> <span class='ocrx_word' id='word_1_57' title='bbox 1521 805 1768 876; x_wconf 86' lang='lat' dir='ltr'><strong>pressius</strong></span> <span class='ocrx_word' id='word_1_58' title='bbox 1809 805 2065 875; x_wconf 89' lang='lat' dir='ltr'><strong>denigra-</strong></span> 
     </span>
    </p>
   </div>
   <div class='ocr_carea' id='block_1_10' title="bbox 465 893 2066 963">
    <p class='ocr_par' dir='ltr' id='par_1_10' title="bbox 465 893 2066 963">
     <span class='ocr_line' id='line_1_10' title="bbox 465 893 2066 963; baseline -0.001 -13"><span class='ocrx_word' id='word_1_59' title='bbox 465 903 557 950; x_wconf 90' lang='lat' dir='ltr'><strong>tus</strong></span> <span class='ocrx_word' id='word_1_60' title='bbox 589 897 877 951; x_wconf 78' lang='lat' dir='ltr'><strong>aestuabat.</strong></span> <span class='ocrx_word' id='word_1_61' title='bbox 913 897 977 950; x_wconf 91' lang='lat' dir='ltr'><strong>In</strong></span> <span class='ocrx_word' id='word_1_62' title='bbox 1000 901 1219 950; x_wconf 86' lang='lat' dir='ltr'><strong>tantum</strong></span> <span class='ocrx_word' id='word_1_63' title='bbox 1242 894 1525 963; x_wconf 90' lang='lat' dir='ltr'><strong>igiturillo</strong></span> <span class='ocrx_word' id='word_1_64' title='bbox 1555 893 1910 948; x_wconf 86' lang='lat' dir='ltr'><strong>cremabatur</strong></span> <span class='ocrx_word' id='word_1_65' title='bbox 1936 894 2066 963; x_wconf 84' lang='lat' dir='ltr'><strong>igne</strong></span> 
     </span>
    </p>
   </div>
   <div class='ocr_carea' id='block_1_11' title="bbox 470 983 2064 1053">
    <p class='ocr_par' dir='ltr' id='par_1_11' title="bbox 470 983 2064 1053">
     <span class='ocr_line' id='line_1_11' title="bbox 470 983 2064 1053; baseline -0.001 -15"><span class='ocrx_word' id='word_1_66' title='bbox 470 992 528 1038; x_wconf 90' lang='lat' dir='ltr'><strong>et</strong></span> <span class='ocrx_word' id='word_1_67' title='bbox 546 985 787 1039; x_wconf 79' lang='lat' dir='ltr'><strong>fornacis</strong></span> <span class='ocrx_word' id='word_1_68' title='bbox 813 985 1092 1048; x_wconf 91' lang='lat' dir='ltr'><strong>incendio,</strong></span> <span class='ocrx_word' id='word_1_69' title='bbox 1118 990 1182 1038; x_wconf 93' lang='lat' dir='ltr'><strong>ut</strong></span> <span class='ocrx_word' id='word_1_70' title='bbox 1213 983 1429 1036; x_wconf 80' lang='lat' dir='ltr'><strong>videres</strong></span> <span class='ocrx_word' id='word_1_71' title='bbox 1458 999 1586 1037; x_wconf 89' lang='lat' dir='ltr'><strong>eum</strong></span> <span class='ocrx_word' id='word_1_72' title='bbox 1605 985 1725 1053; x_wconf 90' lang='lat' dir='ltr'><strong>jam</strong></span> <span class='ocrx_word' id='word_1_73' title='bbox 1756 999 1868 1036; x_wconf 88' lang='lat' dir='ltr'><strong>non</strong></span> <span class='ocrx_word' id='word_1_74' title='bbox 1897 999 2064 1037; x_wconf 91' lang='lat' dir='ltr'><strong>carne</strong></span> 
     </span>
    </p>
   </div>
   <div class='ocr_carea' id='block_1_12' title="bbox 465 1071 2062 1142">
    <p class='ocr_par' dir='ltr' id='par_1_12' title="bbox 465 1071 2062 1142">
     <span class='ocr_line' id='line_1_12' title="bbox 465 1071 2062 1142; baseline -0.001 -18"><span class='ocrx_word' id='word_1_75' title='bbox 465 1073 672 1139; x_wconf 89' lang='lat' dir='ltr'><strong>vestiri,</strong></span> <span class='ocrx_word' id='word_1_76' title='bbox 703 1073 799 1126; x_wconf 90' lang='lat' dir='ltr'><strong>sed</strong></span> <span class='ocrx_word' id='word_1_77' title='bbox 831 1073 1074 1142; x_wconf 82' lang='lat' dir='ltr'><strong>effigiem</strong></span> <span class='ocrx_word' id='word_1_78' title='bbox 1105 1071 1410 1142; x_wconf 86' lang='lat' dir='ltr'><strong>quamdam</strong></span> <span class='ocrx_word' id='word_1_79' title='bbox 1456 1071 1708 1142; x_wconf 82' lang='lat' dir='ltr'><strong>fuliginis</strong></span> <span class='ocrx_word' id='word_1_80' title='bbox 1740 1071 1942 1142; x_wconf 75' lang='lat' dir='ltr'><strong>spiritu</strong></span> <span class='ocrx_word' id='word_1_81' title='bbox 1968 1088 2062 1124; x_wconf 88' lang='lat' dir='ltr'><strong>ve-</strong></span> 
     </span>
    </p>
   </div>
   <div class='ocr_carea' id='block_1_13' title="bbox 463 1162 664 1231">
    <p class='ocr_par' dir='ltr' id='par_1_13' title="bbox 463 1162 664 1231">
     <span class='ocr_line' id='line_1_13' title="bbox 463 1162 664 1231; baseline -0.005 -16"><span class='ocrx_word' id='word_1_82' title='bbox 463 1162 664 1231; x_wconf 86' lang='lat' dir='ltr'><strong>getari.</strong></span> 
     </span>
    </p>
   </div>
   <div class='ocr_carea' id='block_1_14' title="bbox 1065 1263 1426 1307">
    <p class='ocr_par' dir='ltr' id='par_1_14' title="bbox 1065 1263 1426 1307">
     <span class='ocr_line' id='line_1_14' title="bbox 1065 1263 1426 1307; baseline 0.003 -3"><span class='ocrx_word' id='word_1_83' title='bbox 1065 1265 1131 1304; x_wconf 77' lang='lat' dir='ltr'><strong>PA</strong></span> <span class='ocrx_word' id='word_1_84' title='bbox 1139 1263 1426 1307; x_wconf 77' lang='lat' dir='ltr'><strong>SCHASIUS.</strong></span> 
     </span>
    </p>
   </div>
   <div class='ocr_carea' id='block_1_15' title="bbox 532 1339 2061 1410">
    <p class='ocr_par' dir='ltr' id='par_1_15' title="bbox 532 1339 2061 1410">
     <span class='ocr_line' id='line_1_15' title="bbox 532 1339 2061 1410; baseline -0.001 -16"><span class='ocrx_word' id='word_1_85' title='bbox 532 1340 735 1394; x_wconf 87' lang='lat' dir='ltr'><strong>Recolo</strong></span> <span class='ocrx_word' id='word_1_86' title='bbox 766 1339 902 1393; x_wconf 88' lang='lat' dir='ltr'><strong>satis</strong></span> <span class='ocrx_word' id='word_1_87' title='bbox 953 1345 1011 1392; x_wconf 91' lang='lat' dir='ltr'><strong>et</strong></span> <span class='ocrx_word' id='word_1_88' title='bbox 1065 1339 1348 1405; x_wconf 89' lang='lat' dir='ltr'><strong>recordor,</strong></span> <span class='ocrx_word' id='word_1_89' title='bbox 1382 1339 1647 1410; x_wconf 89' lang='lat' dir='ltr'><strong>quoniam</strong></span> <span class='ocrx_word' id='word_1_90' title='bbox 1674 1343 1941 1409; x_wconf 85' lang='lat' dir='ltr'><strong>tanquam</strong></span> <span class='ocrx_word' id='word_1_91' title='bbox 1966 1355 2061 1393; x_wconf 87' lang='lat' dir='ltr'><strong>au-</strong></span> 
     </span>
    </p>
   </div>
   <div class='ocr_carea' id='block_1_16' title="bbox 460 1427 2060 1498">
    <p class='ocr_par' dir='ltr' id='par_1_16' title="bbox 460 1427 2060 1498">
     <span class='ocr_line' id='line_1_16' title="bbox 460 1427 2060 1498; baseline 0 -16"><span class='ocrx_word' id='word_1_92' title='bbox 460 1445 586 1484; x_wconf 89' lang='lat' dir='ltr'><strong>rum</strong></span> <span class='ocrx_word' id='word_1_93' title='bbox 619 1431 674 1482; x_wconf 93' lang='lat' dir='ltr'><strong>in</strong></span> <span class='ocrx_word' id='word_1_94' title='bbox 706 1429 928 1482; x_wconf 83' lang='lat' dir='ltr'><strong>fornace</strong></span> <span class='ocrx_word' id='word_1_95' title='bbox 968 1427 1382 1498; x_wconf 88' lang='lat' dir='ltr'><strong>probabateum</strong></span> <span class='ocrx_word' id='word_1_96' title='bbox 1424 1427 1796 1493; x_wconf 89' lang='lat' dir='ltr'><strong>Dominus,ut</strong></span> <span class='ocrx_word' id='word_1_97' title='bbox 1821 1444 1950 1482; x_wconf 89' lang='lat' dir='ltr'><strong>eum</strong></span> <span class='ocrx_word' id='word_1_98' title='bbox 1967 1429 2060 1482; x_wconf 89' lang='lat' dir='ltr'><strong>de-</strong></span> 
     </span>
    </p>
   </div>
   <div class='ocr_carea' id='block_1_17' title="bbox 459 1515 2058 1587">
    <p class='ocr_par' dir='ltr' id='par_1_17' title="bbox 459 1515 2058 1587">
     <span class='ocr_line' id='line_1_17' title="bbox 459 1515 2058 1587; baseline -0.001 -16"><span class='ocrx_word' id='word_1_99' title='bbox 459 1535 615 1571; x_wconf 88' lang='lat' dir='ltr'><strong>mum</strong></span> <span class='ocrx_word' id='word_1_100' title='bbox 648 1517 806 1586; x_wconf 88' lang='lat' dir='ltr'><strong>quasi</strong></span> <span class='ocrx_word' id='word_1_101' title='bbox 857 1517 914 1568; x_wconf 90' lang='lat' dir='ltr'><strong>in</strong></span> <span class='ocrx_word' id='word_1_102' title='bbox 973 1517 1357 1570; x_wconf 84' lang='lat' dir='ltr'><strong>holocaustum</strong></span> <span class='ocrx_word' id='word_1_103' title='bbox 1391 1517 1702 1586; x_wconf 89' lang='lat' dir='ltr'><strong>acciperet;</strong></span> <span class='ocrx_word' id='word_1_104' title='bbox 1735 1515 1963 1587; x_wconf 90' lang='lat' dir='ltr'><strong>ipseque</strong></span> <span class='ocrx_word' id='word_1_105' title='bbox 2000 1534 2058 1570; x_wconf 90' lang='lat' dir='ltr'><strong>se</strong></span> 
     </span>
    </p>
   </div>
   <div class='ocr_carea' id='block_1_18' title="bbox 2145 450 2338 504">
    <p class='ocr_par' dir='ltr' id='par_1_18' title="bbox 2145 450 2338 504">
     <span class='ocr_line' id='line_1_18' title="bbox 2145 450 2338 504; baseline 0.005 -1"><span class='ocrx_word' id='word_1_106' title='bbox 2145 450 2338 504; x_wconf 88' lang='lat' dir='ltr'><strong>dicari.</strong></span> 
     </span>
    </p>
   </div>
   <div class='ocr_carea' id='block_1_19' title="bbox 2773 553 3142 596">
    <p class='ocr_par' dir='ltr' id='par_1_19' title="bbox 2773 553 3142 596">
     <span class='ocr_line' id='line_1_19' title="bbox 2773 553 3142 596; baseline 0.005 -4"><span class='ocrx_word' id='word_1_107' title='bbox 2773 553 3142 596; x_wconf 77' lang='lat' dir='ltr'><strong>PASCHASIUS.</strong></span> 
     </span>
    </p>
   </div>
   <div class='ocr_carea' id='block_1_20' title="bbox 2219 628 3751 701">
    <p class='ocr_par' dir='ltr' id='par_1_20' title="bbox 2219 628 3751 701">
     <span class='ocr_line' id='line_1_20' title="bbox 2219 628 3751 701; baseline 0.005 -21"><span class='ocrx_word' id='word_1_108' title='bbox 2219 629 2340 680; x_wconf 79' lang='lat' dir='ltr'><strong>Non</strong></span> <span class='ocrx_word' id='word_1_109' title='bbox 2359 628 2534 681; x_wconf 89' lang='lat' dir='ltr'><strong>invisa</strong></span> <span class='ocrx_word' id='word_1_110' title='bbox 2562 628 2820 692; x_wconf 89' lang='lat' dir='ltr'><strong>dicimus,</strong></span> <span class='ocrx_word' id='word_1_111' title='bbox 2863 645 3045 699; x_wconf 90' lang='lat' dir='ltr'><strong>neque</strong></span> <span class='ocrx_word' id='word_1_112' title='bbox 3075 630 3378 701; x_wconf 90' lang='lat' dir='ltr'><strong>incognita.</strong></span> <span class='ocrx_word' id='word_1_113' title='bbox 3401 631 3619 686; x_wconf 89' lang='lat' dir='ltr'><strong>Idcirco</strong></span> <span class='ocrx_word' id='word_1_114' title='bbox 3651 635 3751 687; x_wconf 87' lang='lat' dir='ltr'><strong>etsi</strong></span> 
     </span>
    </p>
   </div>
   <div class='ocr_carea' id='block_1_21' title="bbox 2147 715 3754 792">
    <p class='ocr_par' dir='ltr' id='par_1_21' title="bbox 2147 715 3754 792">
     <span class='ocr_line' id='line_1_21' title="bbox 2147 715 3754 792; baseline 0.004 -24"><span class='ocrx_word' id='word_1_115' title='bbox 2147 715 2519 771; x_wconf 88' lang='lat' dir='ltr'><strong>adumbratur</strong></span> <span class='ocrx_word' id='word_1_116' title='bbox 2529 718 2744 782; x_wconf 86' lang='lat' dir='ltr'><strong>titulus,</strong></span> <span class='ocrx_word' id='word_1_117' title='bbox 2761 717 3095 772; x_wconf 84' lang='lat' dir='ltr'><strong>liniamenta</strong></span> <span class='ocrx_word' id='word_1_118' title='bbox 3107 725 3299 773; x_wconf 89' lang='lat' dir='ltr'><strong>tamen</strong></span> <span class='ocrx_word' id='word_1_119' title='bbox 3316 726 3613 790; x_wconf 89' lang='lat' dir='ltr'><strong>gestorum</strong></span> <span class='ocrx_word' id='word_1_120' title='bbox 3633 739 3754 792; x_wconf 89' lang='lat' dir='ltr'><strong>pro-</strong></span> 
     </span>
    </p>
   </div>
   <div class='ocr_carea' id='block_1_22' title="bbox 2147 803 3754 879">
    <p class='ocr_par' dir='ltr' id='par_1_22' title="bbox 2147 803 3754 879">
     <span class='ocr_line' id='line_1_22' title="bbox 2147 803 3754 879; baseline 0.004 -23"><span class='ocrx_word' id='word_1_121' title='bbox 2147 803 2317 870; x_wconf 89' lang='lat' dir='ltr'><strong>dunt;</strong></span> <span class='ocrx_word' id='word_1_122' title='bbox 2350 807 2433 859; x_wconf 90' lang='lat' dir='ltr'><strong>uti</strong></span> <span class='ocrx_word' id='word_1_123' title='bbox 2461 807 2740 876; x_wconf 89' lang='lat' dir='ltr'><strong>pictorum</strong></span> <span class='ocrx_word' id='word_1_124' title='bbox 2771 823 2894 860; x_wconf 88' lang='lat' dir='ltr'><strong>mos</strong></span> <span class='ocrx_word' id='word_1_125' title='bbox 2927 812 3032 872; x_wconf 88' lang='lat' dir='ltr'><strong>est,</strong></span> <span class='ocrx_word' id='word_1_126' title='bbox 3091 808 3187 878; x_wconf 89' lang='lat' dir='ltr'><strong>qui</strong></span> <span class='ocrx_word' id='word_1_127' title='bbox 3216 807 3358 862; x_wconf 89' lang='lat' dir='ltr'><strong>bene</strong></span> <span class='ocrx_word' id='word_1_128' title='bbox 3388 809 3625 879; x_wconf 85' lang='lat' dir='ltr'><strong>pingere</strong></span> <span class='ocrx_word' id='word_1_129' title='bbox 3653 827 3754 863; x_wconf 86' lang='lat' dir='ltr'><strong>no-</strong></span> 
     </span>
    </p>
   </div>
   <div class='ocr_carea' id='block_1_23' title="bbox 2149 894 3754 966">
    <p class='ocr_par' dir='ltr' id='par_1_23' title="bbox 2149 894 3754 966">
     <span class='ocr_line' id='line_1_23' title="bbox 2149 894 3754 966; baseline 0.004 -20"><span class='ocrx_word' id='word_1_130' title='bbox 2149 899 2299 958; x_wconf 89' lang='lat' dir='ltr'><strong>runt,</strong></span> <span class='ocrx_word' id='word_1_131' title='bbox 2332 894 2428 964; x_wconf 91' lang='lat' dir='ltr'><strong>qui</strong></span> <span class='ocrx_word' id='word_1_132' title='bbox 2459 911 2603 965; x_wconf 65' lang='lat' dir='ltr'><strong>saepe</strong></span> <span class='ocrx_word' id='word_1_133' title='bbox 2627 895 2706 948; x_wconf 91' lang='lat' dir='ltr'><strong>ita</strong></span> <span class='ocrx_word' id='word_1_134' title='bbox 2755 895 2941 949; x_wconf 80' lang='lat' dir='ltr'><strong>vultus</strong></span> <span class='ocrx_word' id='word_1_135' title='bbox 2996 896 3337 966; x_wconf 87' lang='lat' dir='ltr'><strong>exprimunt,</strong></span> <span class='ocrx_word' id='word_1_136' title='bbox 3365 904 3430 950; x_wconf 92' lang='lat' dir='ltr'><strong>ut</strong></span> <span class='ocrx_word' id='word_1_137' title='bbox 3461 899 3584 952; x_wconf 88' lang='lat' dir='ltr'><strong>sine</strong></span> <span class='ocrx_word' id='word_1_138' title='bbox 3610 898 3754 952; x_wconf 83' lang='lat' dir='ltr'><strong>litte-</strong></span> 
     </span>
    </p>
   </div>
   <div class='ocr_carea' id='block_1_24' title="bbox 2146 981 3749 1058">
    <p class='ocr_par' dir='ltr' id='par_1_24' title="bbox 2146 981 3749 1058">
     <span class='ocr_line' id='line_1_24' title="bbox 2146 981 3749 1058; baseline 0.005 -24"><span class='ocrx_word' id='word_1_139' title='bbox 2146 981 2223 1034; x_wconf 86' lang='lat' dir='ltr'><strong>ris</strong></span> <span class='ocrx_word' id='word_1_140' title='bbox 2245 987 2302 1034; x_wconf 90' lang='lat' dir='ltr'><strong>et</strong></span> <span class='ocrx_word' id='word_1_141' title='bbox 2318 999 2449 1036; x_wconf 90' lang='lat' dir='ltr'><strong>voce</strong></span> <span class='ocrx_word' id='word_1_142' title='bbox 2477 984 2796 1053; x_wconf 88' lang='lat' dir='ltr'><strong>loquantur.</strong></span> <span class='ocrx_word' id='word_1_143' title='bbox 2836 983 2944 1036; x_wconf 88' lang='lat' dir='ltr'><strong>Sed</strong></span> <span class='ocrx_word' id='word_1_144' title='bbox 2973 984 3181 1038; x_wconf 85' lang='lat' dir='ltr'><strong>talibus</strong></span> <span class='ocrx_word' id='word_1_145' title='bbox 3209 986 3342 1056; x_wconf 92' lang='lat' dir='ltr'><strong>quia</strong></span> <span class='ocrx_word' id='word_1_146' title='bbox 3375 987 3620 1041; x_wconf 89' lang='lat' dir='ltr'><strong>necdum</strong></span> <span class='ocrx_word' id='word_1_147' title='bbox 3649 1005 3749 1058; x_wconf 85' lang='lat' dir='ltr'><strong>ap-</strong></span> 
     </span>
    </p>
   </div>
   <div class='ocr_carea' id='block_1_25' title="bbox 2144 1070 3751 1140">
    <p class='ocr_par' dir='ltr' id='par_1_25' title="bbox 2144 1070 3751 1140">
     <span class='ocr_line' id='line_1_25' title="bbox 2144 1070 3751 1140; baseline 0.004 -17"><span class='ocrx_word' id='word_1_148' title='bbox 2144 1070 2306 1140; x_wconf 90' lang='lat' dir='ltr'><strong>posui</strong></span> <span class='ocrx_word' id='word_1_149' title='bbox 2336 1070 2512 1135; x_wconf 90' lang='lat' dir='ltr'><strong>labra,</strong></span> <span class='ocrx_word' id='word_1_150' title='bbox 2543 1077 2599 1125; x_wconf 93' lang='lat' dir='ltr'><strong>et</strong></span> <span class='ocrx_word' id='word_1_151' title='bbox 2628 1072 2852 1125; x_wconf 83' lang='lat' dir='ltr'><strong>condita</strong></span> <span class='ocrx_word' id='word_1_152' title='bbox 2908 1071 3010 1125; x_wconf 91' lang='lat' dir='ltr'><strong>sub</strong></span> <span class='ocrx_word' id='word_1_153' title='bbox 3058 1073 3282 1127; x_wconf 88' lang='lat' dir='ltr'><strong>silentio</strong></span> <span class='ocrx_word' id='word_1_154' title='bbox 3327 1091 3508 1140; x_wconf 87' lang='lat' dir='ltr'><strong>servo,</strong></span> <span class='ocrx_word' id='word_1_155' title='bbox 3531 1077 3660 1140; x_wconf 86' lang='lat' dir='ltr'><strong>erit,</strong></span> <span class='ocrx_word' id='word_1_156' title='bbox 3688 1083 3751 1130; x_wconf 88' lang='lat' dir='ltr'><strong>ut</strong></span> 
     </span>
    </p>
   </div>
   <div class='ocr_carea' id='block_1_26' title="bbox 2143 1159 3748 1234">
    <p class='ocr_par' dir='ltr' id='par_1_26' title="bbox 2143 1159 3748 1234">
     <span class='ocr_line' id='line_1_26' title="bbox 2143 1159 3748 1234; baseline 0.004 -22"><span class='ocrx_word' id='word_1_157' title='bbox 2143 1159 2328 1225; x_wconf 91' lang='lat' dir='ltr'><strong>credo,</strong></span> <span class='ocrx_word' id='word_1_158' title='bbox 2347 1159 2443 1213; x_wconf 89' lang='lat' dir='ltr'><strong>illa</strong></span> <span class='ocrx_word' id='word_1_159' title='bbox 2471 1159 2610 1223; x_wconf 91' lang='lat' dir='ltr'><strong>dies,</strong></span> <span class='ocrx_word' id='word_1_160' title='bbox 2643 1160 2783 1213; x_wconf 86' lang='lat' dir='ltr'><strong>mihi</strong></span> <span class='ocrx_word' id='word_1_161' title='bbox 2828 1176 2955 1213; x_wconf 90' lang='lat' dir='ltr'><strong>cum</strong></span> <span class='ocrx_word' id='word_1_162' title='bbox 3003 1161 3169 1215; x_wconf 88' lang='lat' dir='ltr'><strong>liceat</strong></span> <span class='ocrx_word' id='word_1_163' title='bbox 3198 1164 3320 1232; x_wconf 91' lang='lat' dir='ltr'><strong>ejus</strong></span> <span class='ocrx_word' id='word_1_164' title='bbox 3341 1169 3535 1234; x_wconf 86' lang='lat' dir='ltr'><strong>aperte</strong></span> <span class='ocrx_word' id='word_1_165' title='bbox 3566 1165 3748 1219; x_wconf 85' lang='lat' dir='ltr'><strong>dicere</strong></span> 
     </span>
    </p>
   </div>
   <div class='ocr_carea' id='block_1_27' title="bbox 2142 1247 3746 1324">
    <p class='ocr_par' dir='ltr' id='par_1_27' title="bbox 2142 1247 3746 1324">
     <span class='ocr_line' id='line_1_27' title="bbox 2142 1247 3746 1324; baseline 0.004 -25"><span class='ocrx_word' id='word_1_166' title='bbox 2142 1247 2307 1314; x_wconf 88' lang='lat' dir='ltr'><strong>facta,</strong></span> <span class='ocrx_word' id='word_1_167' title='bbox 2329 1253 2385 1301; x_wconf 91' lang='lat' dir='ltr'><strong>et</strong></span> <span class='ocrx_word' id='word_1_168' title='bbox 2407 1265 2528 1318; x_wconf 66' lang='lat' dir='ltr'><strong>quae</strong></span> <span class='ocrx_word' id='word_1_169' title='bbox 2538 1248 2759 1318; x_wconf 85' lang='lat' dir='ltr'><strong>potiora</strong></span> <span class='ocrx_word' id='word_1_170' title='bbox 2787 1253 2918 1301; x_wconf 87' lang='lat' dir='ltr'><strong>sunt</strong></span> <span class='ocrx_word' id='word_1_171' title='bbox 2938 1248 3007 1302; x_wconf 92' lang='lat' dir='ltr'><strong>de</strong></span> <span class='ocrx_word' id='word_1_172' title='bbox 3053 1249 3169 1314; x_wconf 90' lang='lat' dir='ltr'><strong>illo,</strong></span> <span class='ocrx_word' id='word_1_173' title='bbox 3190 1251 3544 1306; x_wconf 82' lang='lat' dir='ltr'><strong>manifestius</strong></span> <span class='ocrx_word' id='word_1_174' title='bbox 3574 1253 3746 1324; x_wconf 82' lang='lat' dir='ltr'><strong>expli-</strong></span> 
     </span>
    </p>
   </div>
   <div class='ocr_carea' id='block_1_28' title="bbox 2143 1335 3746 1408">
    <p class='ocr_par' dir='ltr' id='par_1_28' title="bbox 2143 1335 3746 1408">
     <span class='ocr_line' id='line_1_28' title="bbox 2143 1335 3746 1408; baseline 0.004 -19"><span class='ocrx_word' id='word_1_175' title='bbox 2143 1352 2290 1389; x_wconf 91' lang='lat' dir='ltr'><strong>care.</strong></span> <span class='ocrx_word' id='word_1_176' title='bbox 2345 1336 2637 1390; x_wconf 89' lang='lat' dir='ltr'><strong>Interdum</strong></span> <span class='ocrx_word' id='word_1_177' title='bbox 2697 1335 2967 1406; x_wconf 88' lang='lat' dir='ltr'><strong>[interim]</strong></span> <span class='ocrx_word' id='word_1_178' title='bbox 3020 1354 3167 1400; x_wconf 89' lang='lat' dir='ltr'><strong>vero,</strong></span> <span class='ocrx_word' id='word_1_179' title='bbox 3202 1339 3347 1393; x_wconf 88' lang='lat' dir='ltr'><strong>sicut</strong></span> <span class='ocrx_word' id='word_1_180' title='bbox 3401 1357 3623 1408; x_wconf 88' lang='lat' dir='ltr'><strong>mones,</strong></span> <span class='ocrx_word' id='word_1_181' title='bbox 3677 1359 3746 1396; x_wconf 91' lang='lat' dir='ltr'><strong>ne</strong></span> 
     </span>
    </p>
   </div>
   <div class='ocr_carea' id='block_1_29' title="bbox 2143 1425 3746 1496">
    <p class='ocr_par' dir='ltr' id='par_1_29' title="bbox 2143 1425 3746 1496">
     <span class='ocr_line' id='line_1_29' title="bbox 2143 1425 3746 1496; baseline 0.004 -18"><span class='ocrx_word' id='word_1_182' title='bbox 2143 1425 2276 1495; x_wconf 92' lang='lat' dir='ltr'><strong>quid</strong></span> <span class='ocrx_word' id='word_1_183' title='bbox 2303 1425 2470 1479; x_wconf 92' lang='lat' dir='ltr'><strong>nimis</strong></span> <span class='ocrx_word' id='word_1_184' title='bbox 2503 1426 2621 1490; x_wconf 86' lang='lat' dir='ltr'><strong>ﬁat,</strong></span> <span class='ocrx_word' id='word_1_185' title='bbox 2647 1425 2866 1479; x_wconf 87' lang='lat' dir='ltr'><strong>cautius</strong></span> <span class='ocrx_word' id='word_1_186' title='bbox 2896 1425 3046 1496; x_wconf 90' lang='lat' dir='ltr'><strong>loqui</strong></span> <span class='ocrx_word' id='word_1_187' title='bbox 3085 1427 3268 1496; x_wconf 83' lang='lat' dir='ltr'><strong>juvat,</strong></span> <span class='ocrx_word' id='word_1_188' title='bbox 3312 1434 3371 1482; x_wconf 89' lang='lat' dir='ltr'><strong>et</strong></span> <span class='ocrx_word' id='word_1_189' title='bbox 3397 1428 3629 1483; x_wconf 85' lang='lat' dir='ltr'><strong>uberius</strong></span> <span class='ocrx_word' id='word_1_190' title='bbox 3655 1431 3746 1484; x_wconf 82' lang='lat' dir='ltr'><strong>de-</strong></span> 
     </span>
    </p>
   </div>
   <div class='ocr_carea' id='block_1_30' title="bbox 2143 1514 3742 1586">
    <p class='ocr_par' dir='ltr' id='par_1_30' title="bbox 2143 1514 3742 1586">
     <span class='ocr_line' id='line_1_30' title="bbox 2143 1514 3742 1586; baseline 0.004 -20"><span class='ocrx_word' id='word_1_191' title='bbox 2143 1514 2384 1586; x_wconf 86' lang='lat' dir='ltr'><strong>plorare,</strong></span> <span class='ocrx_word' id='word_1_192' title='bbox 2408 1514 2504 1584; x_wconf 91' lang='lat' dir='ltr'><strong>qui</strong></span> <span class='ocrx_word' id='word_1_193' title='bbox 2523 1514 2644 1567; x_wconf 91' lang='lat' dir='ltr'><strong>sine</strong></span> <span class='ocrx_word' id='word_1_194' title='bbox 2674 1514 2769 1567; x_wconf 92' lang='lat' dir='ltr'><strong>illo</strong></span> <span class='ocrx_word' id='word_1_195' title='bbox 2799 1514 3052 1580; x_wconf 83' lang='lat' dir='ltr'><strong>vivimus,</strong></span> <span class='ocrx_word' id='word_1_196' title='bbox 3077 1532 3201 1568; x_wconf 93' lang='lat' dir='ltr'><strong>cum</strong></span> <span class='ocrx_word' id='word_1_197' title='bbox 3233 1533 3342 1586; x_wconf 94' lang='lat' dir='ltr'><strong>quo</strong></span> <span class='ocrx_word' id='word_1_198' title='bbox 3369 1518 3575 1571; x_wconf 88' lang='lat' dir='ltr'><strong>melius</strong></span> <span class='ocrx_word' id='word_1_199' title='bbox 3605 1521 3742 1572; x_wconf 87' lang='lat' dir='ltr'><strong>mori</strong></span> 
     </span>
    </p>
   </div>
   <div class='ocr_carea' id='block_1_31' title="bbox 461 1602 3739 1675">
    <p class='ocr_par' dir='ltr' id='par_1_31' title="bbox 461 1602 3739 1675">
     <span class='ocr_line' id='line_1_31' title="bbox 461 1602 3739 1675; baseline 0.001 -17"><span class='ocrx_word' id='word_1_200' title='bbox 461 1622 563 1658; x_wconf 86' lang='lat' dir='ltr'><strong>sua</strong></span> <span class='ocrx_word' id='word_1_201' title='bbox 593 1610 789 1674; x_wconf 90' lang='lat' dir='ltr'><strong>sponte</strong></span> <span class='ocrx_word' id='word_1_202' title='bbox 815 1603 1100 1657; x_wconf 87' lang='lat' dir='ltr'><strong>laboribus</strong></span> <span class='ocrx_word' id='word_1_203' title='bbox 1128 1603 1440 1674; x_wconf 84' lang='lat' dir='ltr'><strong>defecabat,</strong></span> <span class='ocrx_word' id='word_1_204' title='bbox 1459 1605 1585 1674; x_wconf 90' lang='lat' dir='ltr'><strong>plus</strong></span> <span class='ocrx_word' id='word_1_205' title='bbox 1613 1610 1882 1675; x_wconf 87' lang='lat' dir='ltr'><strong>appetens</strong></span> <span class='ocrx_word' id='word_1_206' title='bbox 1908 1605 2084 1675; x_wconf 13' lang='lat' dir='ltr'><strong>mala,</strong></span> <span class='ocrx_word' id='word_1_207' title='bbox 2139 1602 2422 1669; x_wconf 83' lang='lat' dir='ltr'><strong>duxerim;</strong></span> <span class='ocrx_word' id='word_1_208' title='bbox 2451 1603 2583 1673; x_wconf 91' lang='lat' dir='ltr'><strong>quia</strong></span> <span class='ocrx_word' id='word_1_209' title='bbox 2622 1619 2774 1656; x_wconf 89' lang='lat' dir='ltr'><strong>mors</strong></span> <span class='ocrx_word' id='word_1_210' title='bbox 2807 1604 2928 1672; x_wconf 91' lang='lat' dir='ltr'><strong>ejus</strong></span> <span class='ocrx_word' id='word_1_211' title='bbox 2958 1605 3303 1674; x_wconf 87' lang='lat' dir='ltr'><strong>transposita</strong></span> <span class='ocrx_word' id='word_1_212' title='bbox 3332 1613 3417 1658; x_wconf 88' lang='lat' dir='ltr'><strong>est</strong></span> <span class='ocrx_word' id='word_1_213' title='bbox 3445 1607 3504 1659; x_wconf 92' lang='lat' dir='ltr'><strong>in</strong></span> <span class='ocrx_word' id='word_1_214' title='bbox 3547 1607 3739 1673; x_wconf 84' lang='lat' dir='ltr'><strong>vitam,</strong></span> 
     </span>
    </p>
   </div>
   <div class='ocr_carea' id='block_1_32' title="bbox 457 1674 3742 1764">
    <p class='ocr_par' dir='ltr' id='par_1_32' title="bbox 457 1674 3742 1764">
     <span class='ocr_line' id='line_1_32' title="bbox 457 1674 3742 1764; baseline 0.001 -16"><span class='ocrx_word' id='word_1_215' title='bbox 457 1694 653 1748; x_wconf 89' lang='lat' dir='ltr'><strong>mundi</strong></span> <span class='ocrx_word' id='word_1_216' title='bbox 682 1711 849 1763; x_wconf 89' lang='lat' dir='ltr'><strong>quam</strong></span> <span class='ocrx_word' id='word_1_217' title='bbox 890 1709 1011 1762; x_wconf 66' lang='lat' dir='ltr'><strong>quae</strong></span> <span class='ocrx_word' id='word_1_218' title='bbox 1043 1693 1234 1746; x_wconf 86' lang='lat' dir='ltr'><strong>suavia</strong></span> <span class='ocrx_word' id='word_1_219' title='bbox 1253 1698 1403 1758; x_wconf 87' lang='lat' dir='ltr'><strong>sunt,</strong></span> <span class='ocrx_word' id='word_1_220' title='bbox 1426 1710 1528 1764; x_wconf 91' lang='lat' dir='ltr'><strong>pro</strong></span> <span class='ocrx_word' id='word_1_221' title='bbox 1564 1674 1766 1747; x_wconf 19' lang='lat' dir='ltr'><strong>Deoiin</strong></span> <span class='ocrx_word' id='word_1_222' title='bbox 1797 1692 2054 1747; x_wconf 89' lang='lat' dir='ltr'><strong>omnibus</strong></span> <span class='ocrx_word' id='word_1_223' title='bbox 2074 1674 2120 1733; x_wconf 79' lang='grc' dir='ltr'><strong>Β</strong></span> <span class='ocrx_word' id='word_1_224' title='bbox 2140 1690 2282 1745; x_wconf 87' lang='lat' dir='ltr'><strong>forte</strong></span> <span class='ocrx_word' id='word_1_225' title='bbox 2311 1697 2441 1745; x_wconf 85' lang='lat' dir='ltr'><strong>ante</strong></span> <span class='ocrx_word' id='word_1_226' title='bbox 2462 1698 2685 1762; x_wconf 86' lang='lat' dir='ltr'><strong>tempus</strong></span> <span class='ocrx_word' id='word_1_227' title='bbox 2709 1690 2870 1744; x_wconf 89' lang='lat' dir='ltr'><strong>nobis</strong></span> <span class='ocrx_word' id='word_1_228' title='bbox 2892 1698 3168 1761; x_wconf 90' lang='lat' dir='ltr'><strong>optatum,</strong></span> <span class='ocrx_word' id='word_1_229' title='bbox 3205 1710 3278 1747; x_wconf 91' lang='lat' dir='ltr'><strong>ne</strong></span> <span class='ocrx_word' id='word_1_230' title='bbox 3309 1694 3526 1747; x_wconf 88' lang='lat' dir='ltr'><strong>malitia</strong></span> <span class='ocrx_word' id='word_1_231' title='bbox 3557 1702 3742 1750; x_wconf 88' lang='lat' dir='ltr'><strong>muta-</strong></span> 
     </span>
    </p>
   </div>
   <div class='ocr_carea' id='block_1_33' title="bbox 455 1780 2052 1852">
    <p class='ocr_par' dir='ltr' id='par_1_33' title="bbox 455 1780 2052 1852">
     <span class='ocr_line' id='line_1_33' title="bbox 455 1780 2052 1852; baseline 0 -18"><span class='ocrx_word' id='word_1_232' title='bbox 455 1782 715 1835; x_wconf 88' lang='lat' dir='ltr'><strong>tolerare.</strong></span> <span class='ocrx_word' id='word_1_233' title='bbox 739 1781 1057 1834; x_wconf 77' lang='lat' dir='ltr'><strong>Macerabat</strong></span> <span class='ocrx_word' id='word_1_234' title='bbox 1077 1799 1135 1833; x_wconf 91' lang='lat' dir='ltr'><strong>se</strong></span> <span class='ocrx_word' id='word_1_235' title='bbox 1160 1781 1411 1851; x_wconf 81' lang='lat' dir='ltr'><strong>jejuniis,</strong></span> <span class='ocrx_word' id='word_1_236' title='bbox 1431 1787 1488 1833; x_wconf 91' lang='lat' dir='ltr'><strong>et</strong></span> <span class='ocrx_word' id='word_1_237' title='bbox 1517 1781 1692 1835; x_wconf 91' lang='lat' dir='ltr'><strong>victus</strong></span> <span class='ocrx_word' id='word_1_238' title='bbox 1706 1780 2052 1852; x_wconf 88' lang='lat' dir='ltr'><strong>parcimonia</strong></span> 
     </span>
    </p>
   </div>
   <div class='ocr_carea' id='block_1_34' title="bbox 453 1867 2052 1940">
    <p class='ocr_par' dir='ltr' id='par_1_34' title="bbox 453 1867 2052 1940">
     <span class='ocr_line' id='line_1_34' title="bbox 453 1867 2052 1940; baseline -0.002 -17"><span class='ocrx_word' id='word_1_239' title='bbox 453 1868 825 1940; x_wconf 80' lang='lat' dir='ltr'><strong>temperabat.</strong></span> <span class='ocrx_word' id='word_1_240' title='bbox 850 1868 1094 1922; x_wconf 89' lang='lat' dir='ltr'><strong>Gerebat</strong></span> <span class='ocrx_word' id='word_1_241' title='bbox 1123 1885 1344 1939; x_wconf 87' lang='lat' dir='ltr'><strong>quoque</strong></span> <span class='ocrx_word' id='word_1_242' title='bbox 1372 1883 1564 1921; x_wconf 83' lang='lat' dir='ltr'><strong>curam</strong></span> <span class='ocrx_word' id='word_1_243' title='bbox 1591 1868 1661 1922; x_wconf 90' lang='lat' dir='ltr'><strong>de</strong></span> <span class='ocrx_word' id='word_1_244' title='bbox 1692 1867 1971 1932; x_wconf 90' lang='lat' dir='ltr'><strong>omnibus,</strong></span> <span class='ocrx_word' id='word_1_245' title='bbox 1995 1873 2052 1920; x_wconf 90' lang='lat' dir='ltr'><strong>et</strong></span> 
     </span>
    </p>
   </div>
   <div class='ocr_carea' id='block_1_35' title="bbox 451 1955 2050 2027">
    <p class='ocr_par' dir='ltr' id='par_1_35' title="bbox 451 1955 2050 2027">
     <span class='ocr_line' id='line_1_35' title="bbox 451 1955 2050 2027; baseline -0.003 -16"><span class='ocrx_word' id='word_1_246' title='bbox 451 1958 632 2012; x_wconf 87' lang='lat' dir='ltr'><strong>multa</strong></span> <span class='ocrx_word' id='word_1_247' title='bbox 661 1957 898 2010; x_wconf 89' lang='lat' dir='ltr'><strong>fratrum</strong></span> <span class='ocrx_word' id='word_1_248' title='bbox 930 1956 1303 2010; x_wconf 89' lang='lat' dir='ltr'><strong>sollicitudine</strong></span> <span class='ocrx_word' id='word_1_249' title='bbox 1324 1963 1519 2010; x_wconf 88' lang='lat' dir='ltr'><strong>sancta</strong></span> <span class='ocrx_word' id='word_1_250' title='bbox 1531 1955 1910 2027; x_wconf 88' lang='lat' dir='ltr'><strong>premebatur.</strong></span> <span class='ocrx_word' id='word_1_251' title='bbox 1942 1956 2050 2008; x_wconf 86' lang='lat' dir='ltr'><strong>Ho-</strong></span> 
     </span>
    </p>
   </div>
   <div class='ocr_carea' id='block_1_36' title="bbox 449 2042 2050 2115">
    <p class='ocr_par' dir='ltr' id='par_1_36' title="bbox 449 2042 2050 2115">
     <span class='ocr_line' id='line_1_36' title="bbox 449 2042 2050 2115; baseline -0.001 -16"><span class='ocrx_word' id='word_1_252' title='bbox 449 2044 688 2115; x_wconf 89' lang='lat' dir='ltr'><strong>spitibus</strong></span> <span class='ocrx_word' id='word_1_253' title='bbox 714 2061 845 2098; x_wconf 89' lang='lat' dir='ltr'><strong>vero</strong></span> <span class='ocrx_word' id='word_1_254' title='bbox 871 2049 927 2097; x_wconf 92' lang='lat' dir='ltr'><strong>et</strong></span> <span class='ocrx_word' id='word_1_255' title='bbox 953 2043 1222 2097; x_wconf 85' lang='lat' dir='ltr'><strong>fratribus</strong></span> <span class='ocrx_word' id='word_1_256' title='bbox 1251 2043 1491 2097; x_wconf 80' lang='lat' dir='ltr'><strong>infirmis</strong></span> <span class='ocrx_word' id='word_1_257' title='bbox 1536 2043 1728 2098; x_wconf 89' lang='lat' dir='ltr'><strong>sedulo</strong></span> <span class='ocrx_word' id='word_1_258' title='bbox 1775 2042 2050 2097; x_wconf 84' lang='lat' dir='ltr'><strong>serviebat</strong></span> 
     </span>
    </p>
   </div>
   <div class='ocr_carea' id='block_1_37' title="bbox 449 2132 2044 2204">
    <p class='ocr_par' dir='ltr' id='par_1_37' title="bbox 449 2132 2044 2204">
     <span class='ocr_line' id='line_1_37' title="bbox 449 2132 2044 2204; baseline -0.002 -16"><span class='ocrx_word' id='word_1_259' title='bbox 449 2134 745 2204; x_wconf 90' lang='lat' dir='ltr'><strong>obsequio;</strong></span> <span class='ocrx_word' id='word_1_260' title='bbox 776 2135 935 2202; x_wconf 88' lang='lat' dir='ltr'><strong>cujus</strong></span> <span class='ocrx_word' id='word_1_261' title='bbox 957 2150 1082 2186; x_wconf 91' lang='lat' dir='ltr'><strong>cum</strong></span> <span class='ocrx_word' id='word_1_262' title='bbox 1111 2133 1299 2202; x_wconf 81' lang='lat' dir='ltr'><strong>plures</strong></span> <span class='ocrx_word' id='word_1_263' title='bbox 1319 2132 1697 2186; x_wconf 78' lang='lat' dir='ltr'><strong>venerationis</strong></span> <span class='ocrx_word' id='word_1_264' title='bbox 1725 2132 1927 2186; x_wconf 77' lang='lat' dir='ltr'><strong>affectu</strong></span> <span class='ocrx_word' id='word_1_265' title='bbox 1956 2150 2044 2186; x_wconf 91' lang='lat' dir='ltr'><strong>re-</strong></span> 
     </span>
    </p>
   </div>
   <div class='ocr_carea' id='block_1_38' title="bbox 447 2220 2046 2292">
    <p class='ocr_par' dir='ltr' id='par_1_38' title="bbox 447 2220 2046 2292">
     <span class='ocr_line' id='line_1_38' title="bbox 447 2220 2046 2292; baseline 0.001 -17"><span class='ocrx_word' id='word_1_266' title='bbox 447 2220 722 2292; x_wconf 81' lang='lat' dir='ltr'><strong>fugissent</strong></span> <span class='ocrx_word' id='word_1_267' title='bbox 741 2221 1427 2291; x_wconf 90' lang='lat' dir='ltr'><strong>obsequium,frequenter</strong></span> <span class='ocrx_word' id='word_1_268' title='bbox 1439 2220 1628 2274; x_wconf 86' lang='lat' dir='ltr'><strong>aiebat</strong></span> <span class='ocrx_word' id='word_1_269' title='bbox 1641 2221 1830 2274; x_wconf 89' lang='lat' dir='ltr'><strong>dicens</strong></span> <span class='ocrx_word' id='word_1_270' title='bbox 1861 2240 1870 2272; x_wconf 96' lang='lat'>:</span> <span class='ocrx_word' id='word_1_271' title='bbox 1895 2221 2046 2276; x_wconf 85' lang='lat' dir='ltr'><strong>Heus</strong></span> 
     </span>
    </p>
   </div>
   <div class='ocr_carea' id='block_1_39' title="bbox 445 2309 2044 2376">
    <p class='ocr_par' dir='ltr' id='par_1_39' title="bbox 445 2309 2044 2376">
     <span class='ocr_line' id='line_1_39' title="bbox 445 2309 2044 2376; baseline 0.001 -12"><span class='ocrx_word' id='word_1_272' title='bbox 445 2316 511 2364; x_wconf 90' lang='lat' dir='ltr'><strong>tu</strong></span> <span class='ocrx_word' id='word_1_273' title='bbox 541 2312 552 2362; x_wconf 84' lang='lat'>!</span> <span class='ocrx_word' id='word_1_274' title='bbox 585 2327 687 2364; x_wconf 90' lang='lat' dir='ltr'><strong>cur</strong></span> <span class='ocrx_word' id='word_1_275' title='bbox 716 2326 983 2364; x_wconf 82' lang='lat' dir='ltr'><strong>evacuare</strong></span> <span class='ocrx_word' id='word_1_276' title='bbox 1006 2310 1085 2363; x_wconf 90' lang='lat' dir='ltr'><strong>vis</strong></span> <span class='ocrx_word' id='word_1_277' title='bbox 1107 2310 1350 2363; x_wconf 86' lang='lat' dir='ltr'><strong>officium</strong></span> <span class='ocrx_word' id='word_1_278' title='bbox 1378 2309 2044 2376; x_wconf 89' lang='lat' dir='ltr'><strong>meum,etobedientiam</strong></span> 
     </span>
    </p>
   </div>
   <div class='ocr_carea' id='block_1_40' title="bbox 443 2399 2043 2470">
    <p class='ocr_par' dir='ltr' id='par_1_40' title="bbox 443 2399 2043 2470">
     <span class='ocr_line' id='line_1_40' title="bbox 443 2399 2043 2470; baseline 0.002 -19"><span class='ocrx_word' id='word_1_279' title='bbox 443 2399 588 2463; x_wconf 77' lang='lat' dir='ltr'><strong>mihi</strong></span> <span class='ocrx_word' id='word_1_280' title='bbox 617 2399 969 2452; x_wconf 87' lang='lat' dir='ltr'><strong>commissam</strong></span> <span class='ocrx_word' id='word_1_281' title='bbox 1000 2399 1233 2452; x_wconf 85' lang='lat' dir='ltr'><strong>tollere?</strong></span> <span class='ocrx_word' id='word_1_282' title='bbox 1258 2399 1342 2452; x_wconf 86' lang='lat' dir='ltr'><strong>Ad</strong></span> <span class='ocrx_word' id='word_1_283' title='bbox 1373 2401 1533 2470; x_wconf 87' lang='lat' dir='ltr'><strong>cujus</strong></span> <span class='ocrx_word' id='word_1_284' title='bbox 1568 2399 1832 2454; x_wconf 88' lang='lat' dir='ltr'><strong>nimirum</strong></span> <span class='ocrx_word' id='word_1_285' title='bbox 1855 2416 2043 2454; x_wconf 89' lang='lat' dir='ltr'><strong>vocem</strong></span> 
     </span>
    </p>
   </div>
   <div class='ocr_carea' id='block_1_41' title="bbox 278 2459 2046 2559">
    <p class='ocr_par' dir='ltr' id='par_1_41' title="bbox 278 2487 2046 2559">
     <span class='ocr_line' id='line_1_41' title="bbox 278 2487 2046 2559; baseline 0.002 -21"><span class='ocrx_word' id='word_1_286' title='bbox 355 2491 390 2515; x_wconf 67' lang='lat'><strong>&#39;~”</strong></span> <span class='ocrx_word' id='word_1_287' title='bbox 443 2505 573 2542; x_wconf 84' lang='lat' dir='ltr'><strong>mox</strong></span> <span class='ocrx_word' id='word_1_288' title='bbox 592 2489 908 2559; x_wconf 91' lang='lat' dir='ltr'><strong>quicunque</strong></span> <span class='ocrx_word' id='word_1_289' title='bbox 941 2490 1066 2558; x_wconf 88' lang='lat' dir='ltr'><strong>ejus</strong></span> <span class='ocrx_word' id='word_1_290' title='bbox 1098 2506 1157 2541; x_wconf 90' lang='lat' dir='ltr'><strong>se</strong></span> <span class='ocrx_word' id='word_1_291' title='bbox 1186 2487 1443 2542; x_wconf 89' lang='lat' dir='ltr'><strong>manibus</strong></span> <span class='ocrx_word' id='word_1_292' title='bbox 1470 2487 1758 2558; x_wconf 63' lang='lat' dir='ltr'><strong>praebebat</strong></span> <span class='ocrx_word' id='word_1_293' title='bbox 1784 2488 2046 2542; x_wconf 84' lang='lat' dir='ltr'><strong>tractabi-</strong></span> 
     </span>
    </p>
   </div>
   <div class='ocr_carea' id='block_1_42' title="bbox 444 2575 2046 2648">
    <p class='ocr_par' dir='ltr' id='par_1_42' title="bbox 444 2575 2046 2648">
     <span class='ocr_line' id='line_1_42' title="bbox 444 2575 2046 2648; baseline 0.001 -18"><span class='ocrx_word' id='word_1_294' title='bbox 444 2578 574 2631; x_wconf 84' lang='lat' dir='ltr'><strong>lem.</strong></span> <span class='ocrx_word' id='word_1_295' title='bbox 613 2579 770 2632; x_wconf 92' lang='lat' dir='ltr'><strong>Unde</strong></span> <span class='ocrx_word' id='word_1_296' title='bbox 799 2577 1049 2648; x_wconf 87' lang='lat' dir='ltr'><strong>quotidie</strong></span> <span class='ocrx_word' id='word_1_297' title='bbox 1072 2576 1247 2646; x_wconf 85' lang='lat' dir='ltr'><strong>magis</strong></span> <span class='ocrx_word' id='word_1_298' title='bbox 1275 2594 1340 2630; x_wconf 89' lang='lat' dir='ltr'><strong>ac</strong></span> <span class='ocrx_word' id='word_1_299' title='bbox 1368 2577 1548 2647; x_wconf 89' lang='lat' dir='ltr'><strong>magis</strong></span> <span class='ocrx_word' id='word_1_300' title='bbox 1579 2593 1706 2630; x_wconf 91' lang='lat' dir='ltr'><strong>eum</strong></span> <span class='ocrx_word' id='word_1_301' title='bbox 1731 2575 1882 2630; x_wconf 84' lang='lat' dir='ltr'><strong>fama</strong></span> <span class='ocrx_word' id='word_1_302' title='bbox 1908 2576 2046 2631; x_wconf 80' lang='lat' dir='ltr'><strong>fere-</strong></span> 
     </span>
    </p>
   </div>
   <div class='ocr_carea' id='block_1_43' title="bbox 442 2664 2039 2738">
    <p class='ocr_par' dir='ltr' id='par_1_43' title="bbox 442 2664 2039 2738">
     <span class='ocr_line' id='line_1_43' title="bbox 442 2664 2039 2738; baseline -0.001 -18"><span class='ocrx_word' id='word_1_303' title='bbox 442 2666 542 2720; x_wconf 89' lang='lat' dir='ltr'><strong>bat</strong></span> <span class='ocrx_word' id='word_1_304' title='bbox 571 2667 777 2738; x_wconf 90' lang='lat' dir='ltr'><strong>ubique</strong></span> <span class='ocrx_word' id='word_1_305' title='bbox 807 2685 906 2738; x_wconf 87' lang='lat' dir='ltr'><strong>per</strong></span> <span class='ocrx_word' id='word_1_306' title='bbox 933 2683 1117 2731; x_wconf 89' lang='lat' dir='ltr'><strong>aures,</strong></span> <span class='ocrx_word' id='word_1_307' title='bbox 1152 2670 1209 2719; x_wconf 92' lang='lat' dir='ltr'><strong>et</strong></span> <span class='ocrx_word' id='word_1_308' title='bbox 1235 2664 1644 2736; x_wconf 77' lang='lat' dir='ltr'><strong>praedicabilem</strong></span> <span class='ocrx_word' id='word_1_309' title='bbox 1689 2666 2039 2719; x_wconf 86' lang='lat' dir='ltr'><strong>commenda-</strong></span> 
     </span>
    </p>
   </div>
   <div class='ocr_carea' id='block_1_44' title="bbox 442 2753 2041 2826">
    <p class='ocr_par' dir='ltr' id='par_1_44' title="bbox 442 2753 2041 2826">
     <span class='ocr_line' id='line_1_44' title="bbox 442 2753 2041 2826; baseline -0.002 -16"><span class='ocrx_word' id='word_1_310' title='bbox 442 2756 564 2813; x_wconf 89' lang='lat' dir='ltr'><strong>bat.</strong></span> <span class='ocrx_word' id='word_1_311' title='bbox 607 2757 746 2821; x_wconf 89' lang='lat' dir='ltr'><strong>Quid</strong></span> <span class='ocrx_word' id='word_1_312' title='bbox 768 2757 963 2826; x_wconf 80' lang='lat' dir='ltr'><strong>plura?</strong></span> <span class='ocrx_word' id='word_1_313' title='bbox 1002 2755 1263 2809; x_wconf 77' lang='lat' dir='ltr'><strong>defuncto</strong></span> <span class='ocrx_word' id='word_1_314' title='bbox 1283 2753 1558 2807; x_wconf 81' lang='lat' dir='ltr'><strong>Antonio&#39;</strong></span> <span class='ocrx_word' id='word_1_315' title='bbox 1581 2754 1747 2824; x_wconf 92' lang='lat' dir='ltr'><strong>paulo</strong></span> <span class='ocrx_word' id='word_1_316' title='bbox 1770 2760 1896 2824; x_wconf 89' lang='lat' dir='ltr'><strong>post</strong></span> <span class='ocrx_word' id='word_1_317' title='bbox 1914 2755 2041 2808; x_wconf 84' lang='lat' dir='ltr'><strong>sub-</strong></span> 
     </span>
    </p>
   </div>
   <div class='ocr_carea' id='block_1_45' title="bbox 439 2841 2038 2913">
    <p class='ocr_par' dir='ltr' id='par_1_45' title="bbox 439 2841 2038 2913">
     <span class='ocr_line' id='line_1_45' title="bbox 439 2841 2038 2913; baseline -0.001 -16"><span class='ocrx_word' id='word_1_318' title='bbox 439 2844 694 2899; x_wconf 90' lang='lat' dir='ltr'><strong>stituitur</strong></span> <span class='ocrx_word' id='word_1_319' title='bbox 722 2846 889 2899; x_wconf 87' lang='lat' dir='ltr'><strong>Pater</strong></span> <span class='ocrx_word' id='word_1_320' title='bbox 911 2845 1147 2897; x_wconf 83' lang='lat' dir='ltr'><strong>eximius</strong></span> <span class='ocrx_word' id='word_1_321' title='bbox 1163 2844 1287 2913; x_wconf 91' lang='lat' dir='ltr'><strong>ejus</strong></span> <span class='ocrx_word' id='word_1_322' title='bbox 1311 2843 1368 2894; x_wconf 91' lang='lat' dir='ltr'><strong>in</strong></span> <span class='ocrx_word' id='word_1_323' title='bbox 1398 2843 1538 2896; x_wconf 92' lang='lat' dir='ltr'><strong>loco.</strong></span> <span class='ocrx_word' id='word_1_324' title='bbox 1573 2841 1657 2896; x_wconf 95' lang='lat' dir='ltr'><strong>Ob</strong></span> <span class='ocrx_word' id='word_1_325' title='bbox 1688 2845 1849 2912; x_wconf 90' lang='lat' dir='ltr'><strong>cujus</strong></span> <span class='ocrx_word' id='word_1_326' title='bbox 1870 2843 2038 2896; x_wconf 89' lang='lat' dir='ltr'><strong>nimi-</strong></span> 
     </span>
    </p>
   </div>
   <div class='ocr_carea' id='block_1_46' title="bbox 438 2933 2042 3004">
    <p class='ocr_par' dir='ltr' id='par_1_46' title="bbox 438 2933 2042 3004">
     <span class='ocr_line' id='line_1_46' title="bbox 438 2933 2042 3004; baseline -0.001 -14"><span class='ocrx_word' id='word_1_327' title='bbox 438 2953 564 2990; x_wconf 86' lang='lat' dir='ltr'><strong>rum</strong></span> <span class='ocrx_word' id='word_1_328' title='bbox 599 2937 924 2990; x_wconf 89' lang='lat' dir='ltr'><strong>electionem</strong></span> <span class='ocrx_word' id='word_1_329' title='bbox 955 2954 988 2989; x_wconf 89' lang='lat' dir='ltr'><strong>a</strong></span> <span class='ocrx_word' id='word_1_330' title='bbox 1019 2934 1284 2989; x_wconf 86' lang='lat' dir='ltr'><strong>fratribus</strong></span> <span class='ocrx_word' id='word_1_331' title='bbox 1337 2939 1558 3004; x_wconf 88' lang='lat' dir='ltr'><strong>egomet</strong></span> <span class='ocrx_word' id='word_1_332' title='bbox 1603 2933 1868 2996; x_wconf 85' lang='lat' dir='ltr'><strong>directus,</strong></span> <span class='ocrx_word' id='word_1_333' title='bbox 1914 2951 2042 2988; x_wconf 87' lang='lat' dir='ltr'><strong>mox</strong></span> 
     </span>
    </p>
   </div>
   <div class='ocr_carea' id='block_1_47' title="bbox 2135 1780 3682 1854">
    <p class='ocr_par' dir='ltr' id='par_1_47' title="bbox 2135 1780 3682 1854">
     <span class='ocr_line' id='line_1_47' title="bbox 2135 1780 3682 1854; baseline 0.003 -22"><span class='ocrx_word' id='word_1_334' title='bbox 2135 1785 2222 1833; x_wconf 92' lang='lat' dir='ltr'><strong>ret</strong></span> <span class='ocrx_word' id='word_1_335' title='bbox 2249 1797 2344 1834; x_wconf 91' lang='lat' dir='ltr'><strong>cor</strong></span> <span class='ocrx_word' id='word_1_336' title='bbox 2373 1782 2513 1850; x_wconf 92' lang='lat' dir='ltr'><strong>ejus,</strong></span> <span class='ocrx_word' id='word_1_337' title='bbox 2539 1780 2687 1850; x_wconf 89' lang='lat' dir='ltr'><strong>quod</strong></span> <span class='ocrx_word' id='word_1_338' title='bbox 2715 1780 2761 1833; x_wconf 92' lang='lat' dir='ltr'><strong>si</strong></span> <span class='ocrx_word' id='word_1_339' title='bbox 2787 1796 2900 1834; x_wconf 90' lang='lat' dir='ltr'><strong>non</strong></span> <span class='ocrx_word' id='word_1_340' title='bbox 2921 1786 3007 1834; x_wconf 91' lang='lat' dir='ltr'><strong>est</strong></span> <span class='ocrx_word' id='word_1_341' title='bbox 3033 1781 3133 1848; x_wconf 89' lang='lat' dir='ltr'><strong>ita,</strong></span> <span class='ocrx_word' id='word_1_342' title='bbox 3163 1789 3352 1836; x_wconf 89' lang='lat' dir='ltr'><strong>mente</strong></span> <span class='ocrx_word' id='word_1_343' title='bbox 3381 1791 3682 1854; x_wconf 82' lang='lat' dir='ltr'><strong>pertracta.</strong></span> 
     </span>
    </p>
   </div>
   <div class='ocr_carea' id='block_1_48' title="bbox 2752 1881 3101 1924">
    <p class='ocr_par' dir='ltr' id='par_1_48' title="bbox 2752 1881 3101 1924">
     <span class='ocr_line' id='line_1_48' title="bbox 2752 1881 3101 1924; baseline 0 -2"><span class='ocrx_word' id='word_1_344' title='bbox 2752 1882 2823 1922; x_wconf 80' lang='lat' dir='ltr'><strong>AD</strong></span> <span class='ocrx_word' id='word_1_345' title='bbox 2833 1881 3082 1924; x_wconf 79' lang='lat' dir='ltr'><strong>EODATUS</strong></span> <span class='ocrx_word' id='word_1_346' title='bbox 3091 1911 3101 1922; x_wconf 88' lang='lat'><strong>.</strong></span> 
     </span>
    </p>
   </div>
   <div class='ocr_carea' id='block_1_49' title="bbox 2202 1957 3736 2031">
    <p class='ocr_par' dir='ltr' id='par_1_49' title="bbox 2202 1957 3736 2031">
     <span class='ocr_line' id='line_1_49' title="bbox 2202 1957 3736 2031; baseline 0.004 -22"><span class='ocrx_word' id='word_1_347' title='bbox 2202 1957 2346 2010; x_wconf 82' lang='lat' dir='ltr'><strong>Vere</strong></span> <span class='ocrx_word' id='word_1_348' title='bbox 2375 1957 2540 2011; x_wconf 91' lang='lat' dir='ltr'><strong>credo</strong></span> <span class='ocrx_word' id='word_1_349' title='bbox 2571 1961 2627 2010; x_wconf 92' lang='lat' dir='ltr'><strong>et</strong></span> <span class='ocrx_word' id='word_1_350' title='bbox 2656 1961 2956 2028; x_wconf 89' lang='lat' dir='ltr'><strong>pertracto,</strong></span> <span class='ocrx_word' id='word_1_351' title='bbox 2986 1958 3118 2028; x_wconf 89' lang='lat' dir='ltr'><strong>quia</strong></span> <span class='ocrx_word' id='word_1_352' title='bbox 3134 1959 3377 2015; x_wconf 84' lang='lat' dir='ltr'><strong>veridica</strong></span> <span class='ocrx_word' id='word_1_353' title='bbox 3395 1978 3499 2015; x_wconf 83' lang='lat' dir='ltr'><strong>vox</strong></span> <span class='ocrx_word' id='word_1_354' title='bbox 3517 1965 3736 2031; x_wconf 77' lang='lat' dir='ltr'><strong>est,0ui</strong></span> 
     </span>
    </p>
   </div>
   <div class='ocr_carea' id='block_1_50' title="bbox 2130 2046 3730 2119">
    <p class='ocr_par' dir='ltr' id='par_1_50' title="bbox 2130 2046 3730 2119">
     <span class='ocr_line' id='line_1_50' title="bbox 2130 2046 3730 2119; baseline 0.005 -22"><span class='ocrx_word' id='word_1_355' title='bbox 2130 2046 2304 2098; x_wconf 77' lang='lat' dir='ltr'><strong>credit</strong></span> <span class='ocrx_word' id='word_1_356' title='bbox 2325 2049 2388 2099; x_wconf 75' lang='lat' dir='ltr'><strong>in</strong></span> <span class='ocrx_word' id='word_1_357' title='bbox 2419 2063 2522 2110; x_wconf 75' lang='lat' dir='ltr'><strong>me,</strong></span> <span class='ocrx_word' id='word_1_358' title='bbox 2566 2049 2736 2098; x_wconf 74' lang='lat' dir='ltr'><strong>etiam</strong></span> <span class='ocrx_word' id='word_1_359' title='bbox 2771 2049 2821 2098; x_wconf 67' lang='grc' dir='ltr'><strong>,τί</strong></span> <span class='ocrx_word' id='word_1_360' title='bbox 2868 2052 3122 2100; x_wconf 79' lang='lat' dir='ltr'><strong>mortuus</strong></span> <span class='ocrx_word' id='word_1_361' title='bbox 3151 2050 3345 2114; x_wconf 79' lang='lat' dir='ltr'><strong>fuerit,</strong></span> <span class='ocrx_word' id='word_1_362' title='bbox 3379 2054 3520 2104; x_wconf 74' lang='lat' dir='ltr'><strong>viret</strong></span> <span class='ocrx_word' id='word_1_363' title='bbox 3552 2054 3730 2119; x_wconf 85' lang='lat' dir='ltr'><strong>(Joan.</strong></span> 
     </span>
    </p>
   </div>
   <div class='ocr_carea' id='block_1_51' title="bbox 2128 2133 3730 2204">
    <p class='ocr_par' dir='ltr' id='par_1_51' title="bbox 2128 2133 3730 2204">
     <span class='ocr_line' id='line_1_51' title="bbox 2128 2133 3730 2204; baseline 0.006 -18"><span class='ocrx_word' id='word_1_364' title='bbox 2128 2148 2222 2196; x_wconf 71' lang='grc' dir='ltr'>χιι,</span> <span class='ocrx_word' id='word_1_365' title='bbox 2259 2133 2371 2200; x_wconf 75' lang='grc'><strong>44).</strong></span> <span class='ocrx_word' id='word_1_366' title='bbox 2397 2135 2508 2188; x_wconf 92' lang='lat' dir='ltr'><strong>Iste</strong></span> <span class='ocrx_word' id='word_1_367' title='bbox 2530 2150 2659 2187; x_wconf 87' lang='lat' dir='ltr'><strong>vero</strong></span> <span class='ocrx_word' id='word_1_368' title='bbox 2682 2151 2794 2188; x_wconf 90' lang='lat' dir='ltr'><strong>non</strong></span> <span class='ocrx_word' id='word_1_369' title='bbox 2811 2133 3207 2204; x_wconf 88' lang='lat' dir='ltr'><strong>perfunctorie,</strong></span> <span class='ocrx_word' id='word_1_370' title='bbox 3239 2138 3336 2191; x_wconf 90' lang='lat' dir='ltr'><strong>sed</strong></span> <span class='ocrx_word' id='word_1_371' title='bbox 3362 2155 3428 2192; x_wconf 85' lang='lat' dir='ltr'><strong>ex</strong></span> <span class='ocrx_word' id='word_1_372' title='bbox 3456 2143 3578 2194; x_wconf 83' lang='lat' dir='ltr'><strong>toto</strong></span> <span class='ocrx_word' id='word_1_373' title='bbox 3608 2157 3730 2194; x_wconf 89' lang='lat' dir='ltr'><strong>cum</strong></span> 
     </span>
    </p>
   </div>
   <div class='ocr_carea' id='block_1_52' title="bbox 2129 2221 3732 2299">
    <p class='ocr_par' dir='ltr' id='par_1_52' title="bbox 2129 2221 3732 2299">
     <span class='ocr_line' id='line_1_52' title="bbox 2129 2221 3732 2299; baseline 0.007 -28"><span class='ocrx_word' id='word_1_374' title='bbox 2129 2221 2425 2275; x_wconf 87' lang='lat' dir='ltr'><strong>dilectione</strong></span> <span class='ocrx_word' id='word_1_375' title='bbox 2453 2221 2690 2275; x_wconf 88' lang='lat' dir='ltr'><strong>credidit</strong></span> <span class='ocrx_word' id='word_1_376' title='bbox 2717 2238 2728 2270; x_wconf 93' lang='lat'>:</span> <span class='ocrx_word' id='word_1_377' title='bbox 2763 2223 3028 2292; x_wconf 90' lang='lat' dir='ltr'><strong>quoniam</strong></span> <span class='ocrx_word' id='word_1_378' title='bbox 3061 2239 3127 2276; x_wconf 89' lang='lat' dir='ltr'><strong>ea</strong></span> <span class='ocrx_word' id='word_1_379' title='bbox 3176 2225 3295 2278; x_wconf 87' lang='lat' dir='ltr'><strong>sola</strong></span> <span class='ocrx_word' id='word_1_380' title='bbox 3329 2233 3415 2279; x_wconf 89' lang='lat' dir='ltr'><strong>est</strong></span> <span class='ocrx_word' id='word_1_381' title='bbox 3445 2227 3585 2282; x_wconf 78' lang='lat' dir='ltr'><strong>ﬁdes</strong></span> <span class='ocrx_word' id='word_1_382' title='bbox 3625 2245 3732 2299; x_wconf 89' lang='lat' dir='ltr'><strong>qua</strong></span> 
     </span>
    </p>
   </div>
   <div class='ocr_carea' id='block_1_53' title="bbox 2128 2308 3730 2386">
    <p class='ocr_par' dir='ltr' id='par_1_53' title="bbox 2128 2308 3730 2386">
     <span class='ocr_line' id='line_1_53' title="bbox 2128 2308 3730 2386; baseline 0.007 -27"><span class='ocrx_word' id='word_1_383' title='bbox 2128 2308 2348 2374; x_wconf 83' lang='lat' dir='ltr'><strong>vivitur,</strong></span> <span class='ocrx_word' id='word_1_384' title='bbox 2381 2325 2503 2380; x_wconf 79' lang='lat' dir='ltr'><strong>quae</strong></span> <span class='ocrx_word' id='word_1_385' title='bbox 2532 2325 2633 2379; x_wconf 90' lang='lat' dir='ltr'><strong>per</strong></span> <span class='ocrx_word' id='word_1_386' title='bbox 2661 2308 3014 2363; x_wconf 89' lang='lat' dir='ltr'><strong>dilectionem</strong></span> <span class='ocrx_word' id='word_1_387' title='bbox 3041 2317 3328 2380; x_wconf 89' lang='lat' dir='ltr'><strong>operatur.</strong></span> <span class='ocrx_word' id='word_1_388' title='bbox 3347 2315 3414 2367; x_wconf 86' lang='lat' dir='ltr'><strong>Et</strong></span> <span class='ocrx_word' id='word_1_389' title='bbox 3431 2315 3572 2369; x_wconf 66' lang='lat' dir='ltr'><strong>ideo</strong></span> <span class='ocrx_word' id='word_1_390' title='bbox 3602 2318 3730 2386; x_wconf 89' lang='lat' dir='ltr'><strong>quia</strong></span> 
     </span>
    </p>
   </div>
   <div class='ocr_carea' id='block_1_54' title="bbox 2128 2395 3729 2472">
    <p class='ocr_par' dir='ltr' id='par_1_54' title="bbox 2128 2395 3729 2472">
     <span class='ocr_line' id='line_1_54' title="bbox 2128 2395 3729 2472; baseline 0.007 -24"><span class='ocrx_word' id='word_1_391' title='bbox 2128 2395 2207 2449; x_wconf 90' lang='lat' dir='ltr'><strong>sic</strong></span> <span class='ocrx_word' id='word_1_392' title='bbox 2234 2397 2390 2461; x_wconf 82' lang='lat' dir='ltr'><strong>vixit,</strong></span> <span class='ocrx_word' id='word_1_393' title='bbox 2417 2405 2473 2451; x_wconf 91' lang='lat' dir='ltr'><strong>et</strong></span> <span class='ocrx_word' id='word_1_394' title='bbox 2496 2397 2738 2452; x_wconf 88' lang='lat' dir='ltr'><strong>credidit</strong></span> <span class='ocrx_word' id='word_1_395' title='bbox 2759 2398 2815 2450; x_wconf 91' lang='lat' dir='ltr'><strong>in</strong></span> <span class='ocrx_word' id='word_1_396' title='bbox 2845 2415 2911 2452; x_wconf 92' lang='lat' dir='ltr'><strong>eo</strong></span> <span class='ocrx_word' id='word_1_397' title='bbox 2932 2399 3027 2470; x_wconf 90' lang='lat' dir='ltr'><strong>qui</strong></span> <span class='ocrx_word' id='word_1_398' title='bbox 3045 2399 3288 2454; x_wconf 89' lang='lat' dir='ltr'><strong>viviﬁcat</strong></span> <span class='ocrx_word' id='word_1_399' title='bbox 3315 2408 3588 2472; x_wconf 85' lang='lat' dir='ltr'><strong>mortuos,</strong></span> <span class='ocrx_word' id='word_1_400' title='bbox 3619 2421 3729 2460; x_wconf 90' lang='lat' dir='ltr'><strong>non</strong></span> 
     </span>
    </p>
   </div>
   <div class='ocr_carea' id='block_1_55' title="bbox 2128 2484 2809 2541">
    <p class='ocr_par' dir='ltr' id='par_1_55' title="bbox 2128 2484 2809 2541">
     <span class='ocr_line' id='line_1_55' title="bbox 2128 2484 2809 2541; baseline 0.001 -4"><span class='ocrx_word' id='word_1_401' title='bbox 2128 2484 2400 2539; x_wconf 85' lang='lat' dir='ltr'><strong>morietur</strong></span> <span class='ocrx_word' id='word_1_402' title='bbox 2428 2485 2486 2539; x_wconf 91' lang='lat' dir='ltr'><strong>in</strong></span> <span class='ocrx_word' id='word_1_403' title='bbox 2516 2491 2809 2541; x_wconf 61' lang='lat' dir='ltr'><strong>mternum.</strong></span> 
     </span>
    </p>
   </div>
   <div class='ocr_carea' id='block_1_56' title="bbox 2731 2589 3094 2630">
    <p class='ocr_par' dir='ltr' id='par_1_56' title="bbox 2731 2589 3094 2630">
     <span class='ocr_line' id='line_1_56' title="bbox 2731 2589 3094 2630; baseline 0.006 -3"><span class='ocrx_word' id='word_1_404' title='bbox 2731 2589 3074 2630; x_wconf 75' lang='lat' dir='ltr'><strong>PASCHASIUS</strong></span> <span class='ocrx_word' id='word_1_405' title='bbox 3083 2618 3094 2629; x_wconf 90' lang='lat'><strong>.</strong></span> 
     </span>
    </p>
   </div>
   <div class='ocr_carea' id='block_1_57' title="bbox 2194 2662 3718 2739">
    <p class='ocr_par' dir='ltr' id='par_1_57' title="bbox 2194 2662 3718 2739">
     <span class='ocr_line' id='line_1_57' title="bbox 2194 2662 3718 2739; baseline 0.007 -23"><span class='ocrx_word' id='word_1_406' title='bbox 2194 2662 2377 2716; x_wconf 88' lang='lat' dir='ltr'><strong>Etiam</strong></span> <span class='ocrx_word' id='word_1_407' title='bbox 2409 2669 2466 2718; x_wconf 92' lang='lat' dir='ltr'><strong>et</strong></span> <span class='ocrx_word' id='word_1_408' title='bbox 2495 2663 2618 2726; x_wconf 89' lang='lat' dir='ltr'><strong>tibi,</strong></span> <span class='ocrx_word' id='word_1_409' title='bbox 2670 2665 2802 2734; x_wconf 90' lang='lat' dir='ltr'><strong>quia</strong></span> <span class='ocrx_word' id='word_1_410' title='bbox 2840 2665 2919 2717; x_wconf 92' lang='lat' dir='ltr'><strong>sic</strong></span> <span class='ocrx_word' id='word_1_411' title='bbox 2967 2665 3165 2731; x_wconf 87' lang='lat' dir='ltr'><strong>credis,</strong></span> <span class='ocrx_word' id='word_1_412' title='bbox 3196 2669 3522 2739; x_wconf 88' lang='lat' dir='ltr'><strong>suppeditat</strong></span> <span class='ocrx_word' id='word_1_413' title='bbox 3562 2673 3718 2727; x_wconf 83' lang='lat' dir='ltr'><strong>ﬁdes.</strong></span> 
     </span>
    </p>
   </div>
   <div class='ocr_carea' id='block_1_58' title="bbox 2123 2749 3721 2830">
    <p class='ocr_par' dir='ltr' id='par_1_58' title="bbox 2123 2749 3721 2830">
     <span class='ocr_line' id='line_1_58' title="bbox 2123 2749 3721 2830; baseline 0.008 -27"><span class='ocrx_word' id='word_1_414' title='bbox 2123 2749 2345 2813; x_wconf 88' lang='lat' dir='ltr'><strong>Quanto</strong></span> <span class='ocrx_word' id='word_1_415' title='bbox 2375 2752 2556 2821; x_wconf 90' lang='lat' dir='ltr'><strong>magis</strong></span> <span class='ocrx_word' id='word_1_416' title='bbox 2586 2753 2682 2822; x_wconf 90' lang='lat' dir='ltr'><strong>qui</strong></span> <span class='ocrx_word' id='word_1_417' title='bbox 2702 2752 2875 2806; x_wconf 90' lang='lat' dir='ltr'><strong>tantis</strong></span> <span class='ocrx_word' id='word_1_418' title='bbox 2894 2753 3167 2808; x_wconf 84' lang='lat' dir='ltr'><strong>virtutum</strong></span> <span class='ocrx_word' id='word_1_419' title='bbox 3195 2757 3413 2810; x_wconf 90' lang='lat' dir='ltr'><strong>redolet</strong></span> <span class='ocrx_word' id='word_1_420' title='bbox 3441 2761 3721 2830; x_wconf 87' lang='lat' dir='ltr'><strong>operibus,</strong></span> 
     </span>
    </p>
   </div>
   <div class='ocr_carea' id='block_1_59' title="bbox 2123 2839 3728 2911">
    <p class='ocr_par' dir='ltr' id='par_1_59' title="bbox 2123 2839 3728 2911">
     <span class='ocr_line' id='line_1_59' title="bbox 2123 2839 3728 2911; baseline 0.007 -19"><span class='ocrx_word' id='word_1_421' title='bbox 2123 2839 2484 2906; x_wconf 90' lang='lat' dir='ltr'><strong>credendum,</strong></span> <span class='ocrx_word' id='word_1_422' title='bbox 2517 2841 2663 2911; x_wconf 91' lang='lat' dir='ltr'><strong>quod</strong></span> <span class='ocrx_word' id='word_1_423' title='bbox 2690 2842 2808 2910; x_wconf 90' lang='lat' dir='ltr'><strong>jam</strong></span> <span class='ocrx_word' id='word_1_424' title='bbox 2856 2841 3055 2894; x_wconf 84' lang='lat' dir='ltr'><strong>exinde</strong></span> <span class='ocrx_word' id='word_1_425' title='bbox 3112 2842 3604 2902; x_wconf 85' lang='lat' dir='ltr'><strong>immarcessibiles</strong></span> <span class='ocrx_word' id='word_1_426' title='bbox 3642 2867 3728 2904; x_wconf 85' lang='lat' dir='ltr'><strong>ca-</strong></span> 
     </span>
    </p>
   </div>
   <div class='ocr_carea' id='block_1_60' title="bbox 2123 2928 3723 3000">
    <p class='ocr_par' dir='ltr' id='par_1_60' title="bbox 2123 2928 3723 3000">
     <span class='ocr_line' id='line_1_60' title="bbox 2123 2928 3723 3000; baseline 0.008 -20"><span class='ocrx_word' id='word_1_427' title='bbox 2123 2928 2241 2998; x_wconf 87' lang='lat' dir='ltr'><strong>piat</strong></span> <span class='ocrx_word' id='word_1_428' title='bbox 2260 2928 2516 2982; x_wconf 82' lang='lat' dir='ltr'><strong>fructus?</strong></span> <span class='ocrx_word' id='word_1_429' title='bbox 2539 2931 2683 2983; x_wconf 87' lang='lat' dir='ltr'><strong>Nam</strong></span> <span class='ocrx_word' id='word_1_430' title='bbox 2709 2947 2743 2982; x_wconf 91' lang='lat' dir='ltr'><strong>a</strong></span> <span class='ocrx_word' id='word_1_431' title='bbox 2771 2930 2861 2982; x_wconf 90' lang='lat' dir='ltr'><strong>die</strong></span> <span class='ocrx_word' id='word_1_432' title='bbox 2892 2929 3254 3000; x_wconf 87' lang='lat' dir='ltr'><strong>professionis</strong></span> <span class='ocrx_word' id='word_1_433' title='bbox 3274 2950 3388 2988; x_wconf 77' lang='lat' dir='ltr'><strong>suae</strong></span> <span class='ocrx_word' id='word_1_434' title='bbox 3417 2937 3723 2992; x_wconf 83' lang='lat' dir='ltr'><strong>mortiﬁca-</strong></span> 
     </span>
    </p>
   </div>
   <div class='ocr_carea' id='block_1_61' title="bbox 437 3017 3721 3098">
    <p class='ocr_par' dir='ltr' id='par_1_61' title="bbox 437 3017 3721 3098">
     <span class='ocr_line' id='line_1_61' title="bbox 437 3017 3721 3098; baseline 0.002 -22"><span class='ocrx_word' id='word_1_435' title='bbox 437 3024 656 3078; x_wconf 91' lang='lat' dir='ltr'><strong>obtinui</strong></span> <span class='ocrx_word' id='word_1_436' title='bbox 687 3025 835 3094; x_wconf 88' lang='lat' dir='ltr'><strong>apud</strong></span> <span class='ocrx_word' id='word_1_437' title='bbox 857 3025 1174 3091; x_wconf 79' lang='lat' dir='ltr'><strong>Augustum</strong></span> <span class='ocrx_word' id='word_1_438' title='bbox 1200 3022 1348 3091; x_wconf 90' lang='lat' dir='ltr'><strong>quod</strong></span> <span class='ocrx_word' id='word_1_439' title='bbox 1369 3023 1502 3074; x_wconf 93' lang='lat' dir='ltr'><strong>olim</strong></span> <span class='ocrx_word' id='word_1_440' title='bbox 1529 3021 1718 3091; x_wconf 88' lang='lat' dir='ltr'><strong>plures</strong></span> <span class='ocrx_word' id='word_1_441' title='bbox 1748 3022 2036 3092; x_wconf 78' lang='lat' dir='ltr'><strong>aptabant.</strong></span> <span class='ocrx_word' id='word_1_442' title='bbox 2055 3025 2099 3086; x_wconf 87' lang='lat' dir='ltr'>C</span> <span class='ocrx_word' id='word_1_443' title='bbox 2122 3017 2335 3071; x_wconf 85' lang='lat' dir='ltr'><strong>tionem</strong></span> <span class='ocrx_word' id='word_1_444' title='bbox 2387 3017 2596 3071; x_wconf 90' lang='lat' dir='ltr'><strong>Christi</strong></span> <span class='ocrx_word' id='word_1_445' title='bbox 2655 3018 2788 3071; x_wconf 90' lang='lat' dir='ltr'><strong>tulit</strong></span> <span class='ocrx_word' id='word_1_446' title='bbox 2818 3019 2875 3072; x_wconf 91' lang='lat' dir='ltr'><strong>in</strong></span> <span class='ocrx_word' id='word_1_447' title='bbox 2927 3035 3158 3090; x_wconf 89' lang='lat' dir='ltr'><strong>corpore</strong></span> <span class='ocrx_word' id='word_1_448' title='bbox 3188 3038 3290 3075; x_wconf 92' lang='lat' dir='ltr'><strong>suo</strong></span> <span class='ocrx_word' id='word_1_449' title='bbox 3315 3041 3327 3088; x_wconf 84' lang='lat'><strong>;</strong></span> <span class='ocrx_word' id='word_1_450' title='bbox 3363 3029 3417 3077; x_wconf 89' lang='lat' dir='ltr'><strong>et</strong></span> <span class='ocrx_word' id='word_1_451' title='bbox 3460 3024 3721 3098; x_wconf 84' lang='lat' dir='ltr'><strong>deinceps</strong></span> 
     </span>
    </p>
   </div>
   <div class='ocr_carea' id='block_1_62' title="bbox 440 3111 2036 3181">
    <p class='ocr_par' dir='ltr' id='par_1_62' title="bbox 440 3111 2036 3181">
     <span class='ocr_line' id='line_1_62' title="bbox 440 3111 2036 3181; baseline 0.001 -15"><span class='ocrx_word' id='word_1_452' title='bbox 440 3113 774 3167; x_wconf 81' lang='lat' dir='ltr'><strong>Perrexerat</strong></span> <span class='ocrx_word' id='word_1_453' title='bbox 801 3111 948 3164; x_wconf 91' lang='lat' dir='ltr'><strong>enim</strong></span> <span class='ocrx_word' id='word_1_454' title='bbox 971 3112 1126 3181; x_wconf 89' lang='lat' dir='ltr'><strong>prius</strong></span> <span class='ocrx_word' id='word_1_455' title='bbox 1153 3111 1502 3164; x_wconf 90' lang='lat' dir='ltr'><strong>dilitescendi</strong></span> <span class='ocrx_word' id='word_1_456' title='bbox 1521 3111 1708 3180; x_wconf 87' lang='lat' dir='ltr'><strong>gratia</strong></span> <span class='ocrx_word' id='word_1_457' title='bbox 1727 3111 1929 3167; x_wconf 89' lang='lat' dir='ltr'><strong>fratres</strong></span> <span class='ocrx_word' id='word_1_458' title='bbox 1949 3113 2036 3167; x_wconf 90' lang='lat' dir='ltr'><strong>in-</strong></span> 
     </span>
    </p>
   </div>
   <div class='ocr_carea' id='block_1_63' title="bbox 440 3199 2037 3273">
    <p class='ocr_par' dir='ltr' id='par_1_63' title="bbox 440 3199 2037 3273">
     <span class='ocr_line' id='line_1_63' title="bbox 440 3199 2037 3273; baseline 0.004 -21"><span class='ocrx_word' id='word_1_459' title='bbox 440 3201 618 3254; x_wconf 85' lang='lat' dir='ltr'><strong>visere</strong></span> <span class='ocrx_word' id='word_1_460' title='bbox 660 3205 901 3266; x_wconf 89' lang='lat' dir='ltr'><strong>nostros,</strong></span> <span class='ocrx_word' id='word_1_461' title='bbox 926 3204 983 3252; x_wconf 90' lang='lat' dir='ltr'><strong>et</strong></span> <span class='ocrx_word' id='word_1_462' title='bbox 1027 3200 1180 3252; x_wconf 91' lang='lat' dir='ltr'><strong>illam</strong></span> <span class='ocrx_word' id='word_1_463' title='bbox 1227 3199 1578 3252; x_wconf 79' lang='lat' dir='ltr'><strong>secundamb</strong></span> <span class='ocrx_word' id='word_1_464' title='bbox 1605 3201 1872 3270; x_wconf 87' lang='lat' dir='ltr'><strong>excolere,</strong></span> <span class='ocrx_word' id='word_1_465' title='bbox 1915 3220 2037 3273; x_wconf 74' lang='lat' dir='ltr'><strong>quae</strong></span> 
     </span>
    </p>
   </div>
   <div class='ocr_carea' id='block_1_64' title="bbox 437 3288 2033 3359">
    <p class='ocr_par' dir='ltr' id='par_1_64' title="bbox 437 3288 2033 3359">
     <span class='ocr_line' id='line_1_64' title="bbox 437 3288 2033 3359; baseline 0.001 -17"><span class='ocrx_word' id='word_1_466' title='bbox 437 3290 506 3342; x_wconf 91' lang='lat' dir='ltr'><strong>de</strong></span> <span class='ocrx_word' id='word_1_467' title='bbox 531 3289 756 3342; x_wconf 89' lang='lat' dir='ltr'><strong>nomine</strong></span> <span class='ocrx_word' id='word_1_468' title='bbox 782 3288 978 3342; x_wconf 87' lang='lat' dir='ltr'><strong>matris</strong></span> <span class='ocrx_word' id='word_1_469' title='bbox 1007 3288 1128 3358; x_wconf 90' lang='lat' dir='ltr'><strong>ipsa</strong></span> <span class='ocrx_word' id='word_1_470' title='bbox 1157 3292 1261 3352; x_wconf 90' lang='lat' dir='ltr'><strong>est,</strong></span> <span class='ocrx_word' id='word_1_471' title='bbox 1289 3303 1411 3357; x_wconf 66' lang='lat' dir='ltr'><strong>qum</strong></span> <span class='ocrx_word' id='word_1_472' title='bbox 1454 3293 1511 3341; x_wconf 91' lang='lat' dir='ltr'><strong>et</strong></span> <span class='ocrx_word' id='word_1_473' title='bbox 1538 3293 1721 3342; x_wconf 79' lang='lat' dir='ltr'><strong>mater</strong></span> <span class='ocrx_word' id='word_1_474' title='bbox 1772 3289 1914 3359; x_wconf 85' lang='lat' dir='ltr'><strong>ipsa,</strong></span> <span class='ocrx_word' id='word_1_475' title='bbox 1938 3291 2033 3343; x_wconf 89' lang='lat' dir='ltr'><strong>sed</strong></span> 
     </span>
    </p>
   </div>
   <div class='ocr_carea' id='block_1_65' title="bbox 404 3375 2034 3451">
    <p class='ocr_par' dir='ltr' id='par_1_65' title="bbox 404 3375 2034 3451">
     <span class='ocr_line' id='line_1_65' title="bbox 404 3375 2034 3451; baseline 0.001 -21"><span class='ocrx_word' id='word_1_476' title='bbox 404 3449 406 3451; x_wconf 89' lang='lat'><em>_</em></span> <span class='ocrx_word' id='word_1_477' title='bbox 435 3378 649 3444; x_wconf 84' lang='lat' dir='ltr'><strong>altera;</strong></span> <span class='ocrx_word' id='word_1_478' title='bbox 679 3378 876 3442; x_wconf 88' lang='lat' dir='ltr'><strong>altera,</strong></span> <span class='ocrx_word' id='word_1_479' title='bbox 897 3377 993 3430; x_wconf 88' lang='lat' dir='ltr'><strong>sed</strong></span> <span class='ocrx_word' id='word_1_480' title='bbox 1020 3376 1158 3446; x_wconf 87' lang='lat' dir='ltr'><strong>ipsa.</strong></span> <span class='ocrx_word' id='word_1_481' title='bbox 1193 3375 1352 3430; x_wconf 90' lang='lat' dir='ltr'><strong>Unde</strong></span> <span class='ocrx_word' id='word_1_482' title='bbox 1380 3382 1687 3442; x_wconf 88' lang='lat' dir='ltr'><strong>revocatus,</strong></span> <span class='ocrx_word' id='word_1_483' title='bbox 1721 3394 1848 3432; x_wconf 86' lang='lat' dir='ltr'><strong>mox</strong></span> <span class='ocrx_word' id='word_1_484' title='bbox 1871 3395 2034 3432; x_wconf 89' lang='lat' dir='ltr'><strong>occu-</strong></span> 
     </span>
    </p>
   </div>
   <div class='ocr_carea' id='block_1_66' title="bbox 433 3465 2034 3540">
    <p class='ocr_par' dir='ltr' id='par_1_66' title="bbox 433 3465 2034 3540">
     <span class='ocr_line' id='line_1_66' title="bbox 433 3465 2034 3540; baseline 0 -19"><span class='ocrx_word' id='word_1_485' title='bbox 433 3468 587 3540; x_wconf 87' lang='lat' dir='ltr'><strong>pavit</strong></span> <span class='ocrx_word' id='word_1_486' title='bbox 605 3484 730 3521; x_wconf 89' lang='lat' dir='ltr'><strong>eum</strong></span> <span class='ocrx_word' id='word_1_487' title='bbox 755 3471 950 3521; x_wconf 89' lang='lat' dir='ltr'><strong>nostra</strong></span> <span class='ocrx_word' id='word_1_488' title='bbox 969 3465 1183 3519; x_wconf 84' lang='lat' dir='ltr'><strong>electio.</strong></span> <span class='ocrx_word' id='word_1_489' title='bbox 1206 3465 1287 3519; x_wconf 89' lang='lat' dir='ltr'><strong>De</strong></span> <span class='ocrx_word' id='word_1_490' title='bbox 1317 3465 1478 3534; x_wconf 88' lang='lat' dir='ltr'><strong>cujus</strong></span> <span class='ocrx_word' id='word_1_491' title='bbox 1503 3465 1771 3519; x_wconf 90' lang='lat' dir='ltr'><strong>nimirum</strong></span> <span class='ocrx_word' id='word_1_492' title='bbox 1790 3467 1913 3521; x_wconf 67' lang='lat' dir='ltr'><strong>vitae</strong></span> <span class='ocrx_word' id='word_1_493' title='bbox 1942 3468 2034 3521; x_wconf 86' lang='lat' dir='ltr'><strong>ab—</strong></span> 
     </span>
    </p>
   </div>
   <div class='ocr_carea' id='block_1_67' title="bbox 438 3553 2031 3624">
    <p class='ocr_par' dir='ltr' id='par_1_67' title="bbox 438 3553 2031 3624">
     <span class='ocr_line' id='line_1_67' title="bbox 438 3553 2031 3624; baseline 0.001 -16"><span class='ocrx_word' id='word_1_494' title='bbox 438 3555 708 3609; x_wconf 86' lang='lat' dir='ltr'><strong>stinentia</strong></span> <span class='ocrx_word' id='word_1_495' title='bbox 735 3561 790 3608; x_wconf 91' lang='lat' dir='ltr'><strong>et</strong></span> <span class='ocrx_word' id='word_1_496' title='bbox 815 3555 998 3623; x_wconf 90' lang='lat' dir='ltr'><strong>rigore</strong></span> <span class='ocrx_word' id='word_1_497' title='bbox 1022 3553 1406 3623; x_wconf 86' lang='lat' dir='ltr'><strong>castigationis</strong></span> <span class='ocrx_word' id='word_1_498' title='bbox 1431 3558 1565 3607; x_wconf 91' lang='lat' dir='ltr'><strong>tunc</strong></span> <span class='ocrx_word' id='word_1_499' title='bbox 1593 3553 1730 3606; x_wconf 89' lang='lat' dir='ltr'><strong>mihi</strong></span> <span class='ocrx_word' id='word_1_500' title='bbox 1748 3570 1782 3606; x_wconf 90' lang='lat' dir='ltr'><strong>a</strong></span> <span class='ocrx_word' id='word_1_501' title='bbox 1801 3555 2031 3624; x_wconf 90' lang='lat' dir='ltr'><strong>quibus-</strong></span> 
     </span>
    </p>
   </div>
   <div class='ocr_carea' id='block_1_68' title="bbox 434 3638 2034 3712">
    <p class='ocr_par' dir='ltr' id='par_1_68' title="bbox 434 3638 2034 3712">
     <span class='ocr_line' id='line_1_68' title="bbox 434 3638 2034 3712; baseline 0.001 -18"><span class='ocrx_word' id='word_1_502' title='bbox 434 3641 565 3694; x_wconf 87' lang='lat' dir='ltr'><strong>dam</strong></span> <span class='ocrx_word' id='word_1_503' title='bbox 595 3642 951 3712; x_wconf 86' lang='lat' dir='ltr'><strong>optimatum,</strong></span> <span class='ocrx_word' id='word_1_504' title='bbox 982 3646 1047 3693; x_wconf 90' lang='lat' dir='ltr'><strong>ut</strong></span> <span class='ocrx_word' id='word_1_505' title='bbox 1067 3638 1616 3710; x_wconf 84' lang='lat' dir='ltr'><strong>persensi,Augusto</strong></span> <span class='ocrx_word' id='word_1_506' title='bbox 1639 3638 2034 3709; x_wconf 86' lang='lat' dir='ltr'><strong>jubente,sua-</strong></span> 
     </span>
    </p>
   </div>
   <div class='ocr_carea' id='block_1_69' title="bbox 433 3716 2031 3799">
    <p class='ocr_par' dir='ltr' id='par_1_69' title="bbox 433 3716 2031 3799">
     <span class='ocr_line' id='line_1_69' title="bbox 433 3716 2031 3799; baseline 0 -16"><span class='ocrx_word' id='word_1_507' title='bbox 433 3746 558 3783; x_wconf 88' lang='lat' dir='ltr'><strong>sum</strong></span> <span class='ocrx_word' id='word_1_508' title='bbox 585 3736 691 3795; x_wconf 87' lang='lat' dir='ltr'><strong>est,</strong></span> <span class='ocrx_word' id='word_1_509' title='bbox 727 3716 873 3799; x_wconf 87' lang='lat' dir='ltr'><strong>quod</strong></span> <span class='ocrx_word' id='word_1_510' title='bbox 902 3745 1012 3781; x_wconf 83' lang='lat' dir='ltr'><strong>non</strong></span> <span class='ocrx_word' id='word_1_511' title='bbox 1043 3744 1173 3780; x_wconf 88' lang='lat' dir='ltr'><strong>eum</strong></span> <span class='ocrx_word' id='word_1_512' title='bbox 1202 3726 1347 3780; x_wconf 89' lang='lat' dir='ltr'><strong>ferre</strong></span> <span class='ocrx_word' id='word_1_513' title='bbox 1377 3743 1688 3796; x_wconf 84' lang='lat' dir='ltr'><strong>possemus,</strong></span> <span class='ocrx_word' id='word_1_514' title='bbox 1712 3729 2031 3797; x_wconf 70' lang='lat' dir='ltr'><strong>nequevitaa</strong></span> 
     </span>
    </p>
   </div>
   <div class='ocr_carea' id='block_1_70' title="bbox 432 3815 2032 3889">
    <p class='ocr_par' dir='ltr' id='par_1_70' title="bbox 432 3815 2032 3889">
     <span class='ocr_line' id='line_1_70' title="bbox 432 3815 2032 3889; baseline 0.001 -19"><span class='ocrx_word' id='word_1_515' title='bbox 432 3817 916 3889; x_wconf 85' lang='lat' dir='ltr'><strong>vestigiaimitari.</strong></span> <span class='ocrx_word' id='word_1_516' title='bbox 946 3817 1031 3872; x_wconf 84' lang='lat' dir='ltr'><strong>Ad</strong></span> <span class='ocrx_word' id='word_1_517' title='bbox 1083 3817 1231 3886; x_wconf 89' lang='lat' dir='ltr'><strong>quod</strong></span> <span class='ocrx_word' id='word_1_518' title='bbox 1283 3832 1386 3886; x_wconf 87' lang='lat' dir='ltr'><strong>ego</strong></span> <span class='ocrx_word' id='word_1_519' title='bbox 1416 3815 1575 3886; x_wconf 89' lang='lat' dir='ltr'><strong>quasi</strong></span> <span class='ocrx_word' id='word_1_520' title='bbox 1604 3815 1858 3870; x_wconf 88' lang='lat' dir='ltr'><strong>arridens</strong></span> <span class='ocrx_word' id='word_1_521' title='bbox 1891 3836 1902 3870; x_wconf 89' lang='lat'><strong>:</strong></span> <span class='ocrx_word' id='word_1_522' title='bbox 1944 3819 2032 3871; x_wconf 82' lang='lat' dir='ltr'><strong>An</strong></span> 
     </span>
    </p>
   </div>
   <div class='ocr_carea' id='block_1_71' title="bbox 429 3902 2030 3976">
    <p class='ocr_par' dir='ltr' id='par_1_71' title="bbox 429 3902 2030 3976">
     <span class='ocr_line' id='line_1_71' title="bbox 429 3902 2030 3976; baseline -0.001 -15"><span class='ocrx_word' id='word_1_523' title='bbox 429 3908 630 3972; x_wconf 89' lang='lat' dir='ltr'><strong>nescis,</strong></span> <span class='ocrx_word' id='word_1_524' title='bbox 666 3907 804 3960; x_wconf 90' lang='lat' dir='ltr'><strong>heus</strong></span> <span class='ocrx_word' id='word_1_525' title='bbox 854 3912 933 3968; x_wconf 84' lang='lat' dir='ltr'><strong>tu,</strong></span> <span class='ocrx_word' id='word_1_526' title='bbox 963 3921 1064 3959; x_wconf 89' lang='lat' dir='ltr'><strong>nos</strong></span> <span class='ocrx_word' id='word_1_527' title='bbox 1092 3904 1188 3976; x_wconf 92' lang='lat' dir='ltr'><strong>qui</strong></span> <span class='ocrx_word' id='word_1_528' title='bbox 1233 3919 1428 3959; x_wconf 89' lang='lat' dir='ltr'><strong>sumus</strong></span> <span class='ocrx_word' id='word_1_529' title='bbox 1454 3902 1481 3954; x_wconf 90' lang='lat'><strong>?</strong></span> <span class='ocrx_word' id='word_1_530' title='bbox 1511 3902 1764 3973; x_wconf 91' lang='lat' dir='ltr'><strong>nunquid</strong></span> <span class='ocrx_word' id='word_1_531' title='bbox 1795 3904 2030 3960; x_wconf 90' lang='lat' dir='ltr'><strong>caudam</strong></span> 
     </span>
    </p>
   </div>
   <div class='ocr_carea' id='block_1_72' title="bbox 430 3991 2030 4064">
    <p class='ocr_par' dir='ltr' id='par_1_72' title="bbox 430 3991 2030 4064">
     <span class='ocr_line' id='line_1_72' title="bbox 430 3991 2030 4064; baseline 0 -17"><span class='ocrx_word' id='word_1_532' title='bbox 430 4011 532 4064; x_wconf 91' lang='lat' dir='ltr'><strong>pro</strong></span> <span class='ocrx_word' id='word_1_533' title='bbox 557 3994 828 4064; x_wconf 87' lang='lat' dir='ltr'><strong>capite,ut</strong></span> <span class='ocrx_word' id='word_1_534' title='bbox 841 3993 1068 4063; x_wconf 88' lang='lat' dir='ltr'><strong>quidam</strong></span> <span class='ocrx_word' id='word_1_535' title='bbox 1102 3991 1366 4054; x_wconf 85' lang='lat' dir='ltr'><strong>assolent,</strong></span> <span class='ocrx_word' id='word_1_536' title='bbox 1400 3994 1754 4043; x_wconf 87' lang='lat' dir='ltr'><strong>monstruose</strong></span> <span class='ocrx_word' id='word_1_537' title='bbox 1774 3992 2030 4047; x_wconf 91' lang='lat' dir='ltr'><strong>volumus</strong></span> 
     </span>
    </p>
   </div>
   <div class='ocr_carea' id='block_1_73' title="bbox 433 4078 2029 4154">
    <p class='ocr_par' dir='ltr' id='par_1_73' title="bbox 433 4078 2029 4154">
     <span class='ocr_line' id='line_1_73' title="bbox 433 4078 2029 4154; baseline 0.001 -20"><span class='ocrx_word' id='word_1_538' title='bbox 433 4082 672 4150; x_wconf 79' lang='lat' dir='ltr'><strong>eligere?</strong></span> <span class='ocrx_word' id='word_1_539' title='bbox 705 4081 839 4150; x_wconf 90' lang='lat' dir='ltr'><strong>quid</strong></span> <span class='ocrx_word' id='word_1_540' title='bbox 870 4086 1033 4154; x_wconf 88' lang='lat' dir='ltr'><strong>putas</strong></span> <span class='ocrx_word' id='word_1_541' title='bbox 1067 4078 1111 4131; x_wconf 92' lang='lat' dir='ltr'><strong>si</strong></span> <span class='ocrx_word' id='word_1_542' title='bbox 1143 4083 1334 4132; x_wconf 89' lang='lat' dir='ltr'><strong>tantus</strong></span> <span class='ocrx_word' id='word_1_543' title='bbox 1367 4082 1534 4140; x_wconf 91' lang='lat' dir='ltr'><strong>esset,</strong></span> <span class='ocrx_word' id='word_1_544' title='bbox 1568 4083 1810 4147; x_wconf 83' lang='lat' dir='ltr'><strong>quantus</strong></span> <span class='ocrx_word' id='word_1_545' title='bbox 1849 4081 2029 4135; x_wconf 85' lang='lat' dir='ltr'><strong>excel-</strong></span> 
     </span>
    </p>
   </div>
   <div class='ocr_carea' id='block_1_74' title="bbox 431 4165 2029 4239">
    <p class='ocr_par' dir='ltr' id='par_1_74' title="bbox 431 4165 2029 4239">
     <span class='ocr_line' id='line_1_74' title="bbox 431 4165 2029 4239; baseline 0 -16"><span class='ocrx_word' id='word_1_546' title='bbox 431 4170 636 4224; x_wconf 90' lang='lat' dir='ltr'><strong>lentior</strong></span> <span class='ocrx_word' id='word_1_547' title='bbox 654 4170 857 4239; x_wconf 88' lang='lat' dir='ltr'><strong>aliquis</strong></span> <span class='ocrx_word' id='word_1_548' title='bbox 879 4170 1209 4223; x_wconf 87' lang='lat' dir='ltr'><strong>Sanctorum</strong></span> <span class='ocrx_word' id='word_1_549' title='bbox 1231 4167 1254 4219; x_wconf 71' lang='grc' dir='ltr'><strong>Τ</strong></span> <span class='ocrx_word' id='word_1_550' title='bbox 1283 4165 1536 4237; x_wconf 89' lang='lat' dir='ltr'><strong>nunquid</strong></span> <span class='ocrx_word' id='word_1_551' title='bbox 1559 4167 1690 4236; x_wconf 91' lang='lat' dir='ltr'><strong>quia</strong></span> <span class='ocrx_word' id='word_1_552' title='bbox 1712 4184 2029 4223; x_wconf 89' lang='lat' dir='ltr'><strong>commeare</strong></span> 
     </span>
    </p>
   </div>
   <div class='ocr_carea' id='block_1_75' title="bbox 432 4254 2026 4330">
    <p class='ocr_par' dir='ltr' id='par_1_75' title="bbox 432 4254 2026 4330">
     <span class='ocr_line' id='line_1_75' title="bbox 432 4254 2026 4330; baseline 0 -19"><span class='ocrx_word' id='word_1_553' title='bbox 432 4257 748 4330; x_wconf 72' lang='lat' dir='ltr'><strong>nequimus,</strong></span> <span class='ocrx_word' id='word_1_554' title='bbox 781 4274 911 4311; x_wconf 88' lang='lat' dir='ltr'><strong>cum</strong></span> <span class='ocrx_word' id='word_1_555' title='bbox 941 4257 1201 4328; x_wconf 82' lang='lat' dir='ltr'><strong>praeferre</strong></span> <span class='ocrx_word' id='word_1_556' title='bbox 1232 4260 1472 4326; x_wconf 87' lang='lat' dir='ltr'><strong>oportet,</strong></span> <span class='ocrx_word' id='word_1_557' title='bbox 1514 4254 1609 4325; x_wconf 91' lang='lat' dir='ltr'><strong>qui</strong></span> <span class='ocrx_word' id='word_1_558' title='bbox 1647 4261 1773 4326; x_wconf 91' lang='lat' dir='ltr'><strong>post</strong></span> <span class='ocrx_word' id='word_1_559' title='bbox 1803 4261 2026 4328; x_wconf 78' lang='lat' dir='ltr'><strong>tergum</strong></span> 
     </span>
    </p>
   </div>
   <div class='ocr_carea' id='block_1_76' title="bbox 2121 3107 3720 3182">
    <p class='ocr_par' dir='ltr' id='par_1_76' title="bbox 2121 3107 3720 3182">
     <span class='ocr_line' id='line_1_76' title="bbox 2121 3107 3720 3182; baseline 0.006 -22"><span class='ocrx_word' id='word_1_560' title='bbox 2121 3123 2246 3160; x_wconf 91' lang='lat' dir='ltr'><strong>cum</strong></span> <span class='ocrx_word' id='word_1_561' title='bbox 2270 3108 2390 3176; x_wconf 91' lang='lat' dir='ltr'><strong>jam</strong></span> <span class='ocrx_word' id='word_1_562' title='bbox 2414 3107 2582 3160; x_wconf 90' lang='lat' dir='ltr'><strong>Pater</strong></span> <span class='ocrx_word' id='word_1_563' title='bbox 2612 3113 2760 3160; x_wconf 82' lang='lat' dir='ltr'><strong>esset</strong></span> <span class='ocrx_word' id='word_1_564' title='bbox 2787 3107 3018 3173; x_wconf 89' lang='lat' dir='ltr'><strong>electus,</strong></span> <span class='ocrx_word' id='word_1_565' title='bbox 3053 3110 3212 3178; x_wconf 84' lang='lat' dir='ltr'><strong>quasi</strong></span> <span class='ocrx_word' id='word_1_566' title='bbox 3236 3112 3360 3180; x_wconf 91' lang='lat' dir='ltr'><strong>ejus</strong></span> <span class='ocrx_word' id='word_1_567' title='bbox 3390 3113 3625 3182; x_wconf 87' lang='lat' dir='ltr'><strong>signifer</strong></span> <span class='ocrx_word' id='word_1_568' title='bbox 3653 3117 3720 3169; x_wconf 86' lang='lat' dir='ltr'><strong>ad</strong></span> 
     </span>
    </p>
   </div>
   <div class='ocr_carea' id='block_1_77' title="bbox 2120 3195 3720 3274">
    <p class='ocr_par' dir='ltr' id='par_1_77' title="bbox 2120 3195 3720 3274">
     <span class='ocr_line' id='line_1_77' title="bbox 2120 3195 3720 3274; baseline 0.006 -26"><span class='ocrx_word' id='word_1_569' title='bbox 2120 3195 2296 3249; x_wconf 90' lang='lat' dir='ltr'><strong>aciem</strong></span> <span class='ocrx_word' id='word_1_570' title='bbox 2328 3201 2523 3249; x_wconf 88' lang='lat' dir='ltr'><strong>contra</strong></span> <span class='ocrx_word' id='word_1_571' title='bbox 2553 3195 2989 3250; x_wconf 90' lang='lat' dir='ltr'><strong>immanissimos</strong></span> <span class='ocrx_word' id='word_1_572' title='bbox 3032 3197 3224 3251; x_wconf 86' lang='lat' dir='ltr'><strong>hostes</strong></span> <span class='ocrx_word' id='word_1_573' title='bbox 3270 3199 3488 3268; x_wconf 87' lang='lat' dir='ltr'><strong>primus</strong></span> <span class='ocrx_word' id='word_1_574' title='bbox 3515 3203 3720 3274; x_wconf 89' lang='lat' dir='ltr'><strong>ubique</strong></span> 
     </span>
    </p>
   </div>
   <div class='ocr_carea' id='block_1_78' title="bbox 2119 3284 3721 3356">
    <p class='ocr_par' dir='ltr' id='par_1_78' title="bbox 2119 3284 3721 3356">
     <span class='ocr_line' id='line_1_78' title="bbox 2119 3284 3721 3356; baseline 0.006 -20"><span class='ocrx_word' id='word_1_575' title='bbox 2119 3284 2390 3354; x_wconf 81' lang='lat' dir='ltr'><strong>processit</strong></span> <span class='ocrx_word' id='word_1_576' title='bbox 2415 3284 2484 3338; x_wconf 88' lang='lat' dir='ltr'><strong>ad</strong></span> <span class='ocrx_word' id='word_1_577' title='bbox 2509 3300 2791 3355; x_wconf 90' lang='lat' dir='ltr'><strong>campum.</strong></span> <span class='ocrx_word' id='word_1_578' title='bbox 2824 3285 3042 3338; x_wconf 89' lang='lat' dir='ltr'><strong>Mutata</strong></span> <span class='ocrx_word' id='word_1_579' title='bbox 3070 3285 3348 3356; x_wconf 86' lang='lat' dir='ltr'><strong>siquidem</strong></span> <span class='ocrx_word' id='word_1_580' title='bbox 3380 3289 3586 3344; x_wconf 87' lang='lat' dir='ltr'><strong>militia</strong></span> <span class='ocrx_word' id='word_1_581' title='bbox 3607 3309 3721 3346; x_wconf 88' lang='lat' dir='ltr'><strong>mu-</strong></span> 
     </span>
    </p>
   </div>
   <div class='ocr_carea' id='block_1_79' title="bbox 2115 3373 3720 3443">
    <p class='ocr_par' dir='ltr' id='par_1_79' title="bbox 2115 3373 3720 3443">
     <span class='ocr_line' id='line_1_79' title="bbox 2115 3373 3720 3443; baseline 0.006 -17"><span class='ocrx_word' id='word_1_582' title='bbox 2115 3377 2270 3427; x_wconf 88' lang='lat' dir='ltr'><strong>tatus</strong></span> <span class='ocrx_word' id='word_1_583' title='bbox 2295 3379 2382 3426; x_wconf 90' lang='lat' dir='ltr'><strong>est</strong></span> <span class='ocrx_word' id='word_1_584' title='bbox 2406 3379 2464 3427; x_wconf 91' lang='lat' dir='ltr'><strong>et</strong></span> <span class='ocrx_word' id='word_1_585' title='bbox 2482 3373 2642 3427; x_wconf 90' lang='lat' dir='ltr'><strong>miles</strong></span> <span class='ocrx_word' id='word_1_586' title='bbox 2667 3391 2679 3436; x_wconf 88' lang='lat'><strong>;</strong></span> <span class='ocrx_word' id='word_1_587' title='bbox 2711 3378 2769 3426; x_wconf 92' lang='lat' dir='ltr'><strong>et</strong></span> <span class='ocrx_word' id='word_1_588' title='bbox 2787 3373 2883 3443; x_wconf 92' lang='lat' dir='ltr'><strong>qui</strong></span> <span class='ocrx_word' id='word_1_589' title='bbox 2897 3373 3140 3443; x_wconf 88' lang='lat' dir='ltr'><strong>primum</strong></span> <span class='ocrx_word' id='word_1_590' title='bbox 3175 3391 3336 3429; x_wconf 83' lang='lat' dir='ltr'><strong>arma</strong></span> <span class='ocrx_word' id='word_1_591' title='bbox 3363 3377 3573 3434; x_wconf 89' lang='lat' dir='ltr'><strong>tulerat</strong></span> <span class='ocrx_word' id='word_1_592' title='bbox 3596 3397 3720 3435; x_wconf 88' lang='lat' dir='ltr'><strong>con-</strong></span> 
     </span>
    </p>
   </div>
   <div class='ocr_carea' id='block_1_80' title="bbox 2115 3461 3715 3532">
    <p class='ocr_par' dir='ltr' id='par_1_80' title="bbox 2115 3461 3715 3532">
     <span class='ocr_line' id='line_1_80' title="bbox 2115 3461 3715 3532; baseline 0.006 -18"><span class='ocrx_word' id='word_1_593' title='bbox 2115 3467 2206 3514; x_wconf 88' lang='lat' dir='ltr'><strong>tra</strong></span> <span class='ocrx_word' id='word_1_594' title='bbox 2231 3461 2510 3517; x_wconf 85' lang='lat' dir='ltr'><strong>Abitrices</strong></span> <span class='ocrx_word' id='word_1_595' title='bbox 2536 3473 2558 3499; x_wconf 76' lang='grc' dir='ltr'><strong>ο</strong></span> <span class='ocrx_word' id='word_1_596' title='bbox 2587 3467 2814 3532; x_wconf 88' lang='lat' dir='ltr'><strong>gentem</strong></span> <span class='ocrx_word' id='word_1_597' title='bbox 2844 3461 3261 3527; x_wconf 88' lang='lat' dir='ltr'><strong>indomabilem,</strong></span> <span class='ocrx_word' id='word_1_598' title='bbox 3297 3464 3528 3520; x_wconf 88' lang='lat' dir='ltr'><strong>demum</strong></span> <span class='ocrx_word' id='word_1_599' title='bbox 3586 3486 3715 3523; x_wconf 89' lang='lat' dir='ltr'><strong>con-</strong></span> 
     </span>
    </p>
   </div>
   <div class='ocr_carea' id='block_1_81' title="bbox 2114 3549 3715 3628">
    <p class='ocr_par' dir='ltr' id='par_1_81' title="bbox 2114 3549 3715 3628">
     <span class='ocr_line' id='line_1_81' title="bbox 2114 3549 3715 3628; baseline 0.005 -25"><span class='ocrx_word' id='word_1_600' title='bbox 2114 3555 2204 3603; x_wconf 90' lang='lat' dir='ltr'><strong>tra</strong></span> <span class='ocrx_word' id='word_1_601' title='bbox 2224 3550 2488 3604; x_wconf 87' lang='lat' dir='ltr'><strong>vitiorum</strong></span> <span class='ocrx_word' id='word_1_602' title='bbox 2509 3557 2770 3622; x_wconf 88' lang='lat' dir='ltr'><strong>portenta</strong></span> <span class='ocrx_word' id='word_1_603' title='bbox 2813 3549 3084 3604; x_wconf 89' lang='lat' dir='ltr'><strong>virtutum</strong></span> <span class='ocrx_word' id='word_1_604' title='bbox 3136 3553 3335 3607; x_wconf 84' lang='lat' dir='ltr'><strong>vexilla</strong></span> <span class='ocrx_word' id='word_1_605' title='bbox 3364 3555 3568 3610; x_wconf 89' lang='lat' dir='ltr'><strong>tulisse</strong></span> <span class='ocrx_word' id='word_1_606' title='bbox 3595 3559 3715 3628; x_wconf 88' lang='lat' dir='ltr'><strong>glo-</strong></span> 
     </span>
    </p>
   </div>
   <div class='ocr_carea' id='block_1_82' title="bbox 2113 3638 3714 3717">
    <p class='ocr_par' dir='ltr' id='par_1_82' title="bbox 2113 3638 3714 3717">
     <span class='ocr_line' id='line_1_82' title="bbox 2113 3638 3714 3717; baseline 0.006 -26"><span class='ocrx_word' id='word_1_607' title='bbox 2113 3638 2316 3692; x_wconf 90' lang='lat' dir='ltr'><strong>riosius</strong></span> <span class='ocrx_word' id='word_1_608' title='bbox 2341 3639 2694 3710; x_wconf 84' lang='lat' dir='ltr'><strong>praedicatur.</strong></span> <span class='ocrx_word' id='word_1_609' title='bbox 2739 3639 2896 3692; x_wconf 88' lang='lat' dir='ltr'><strong>Unde</strong></span> <span class='ocrx_word' id='word_1_610' title='bbox 2929 3656 3077 3692; x_wconf 90' lang='lat' dir='ltr'><strong>nunc</strong></span> <span class='ocrx_word' id='word_1_611' title='bbox 3125 3641 3371 3710; x_wconf 90' lang='lat' dir='ltr'><strong>palmam</strong></span> <span class='ocrx_word' id='word_1_612' title='bbox 3403 3650 3594 3713; x_wconf 81' lang='lat' dir='ltr'><strong>gestat</strong></span> <span class='ocrx_word' id='word_1_613' title='bbox 3618 3663 3714 3717; x_wconf 89' lang='lat' dir='ltr'><strong>pro</strong></span> 
     </span>
    </p>
   </div>
   <div class='ocr_carea' id='block_1_83' title="bbox 2114 3727 3716 3804">
    <p class='ocr_par' dir='ltr' id='par_1_83' title="bbox 2114 3727 3716 3804">
     <span class='ocr_line' id='line_1_83' title="bbox 2114 3727 3716 3804; baseline 0.006 -24"><span class='ocrx_word' id='word_1_614' title='bbox 2114 3743 2366 3792; x_wconf 90' lang='lat' dir='ltr'><strong>munere,</strong></span> <span class='ocrx_word' id='word_1_615' title='bbox 2401 3727 2496 3798; x_wconf 91' lang='lat' dir='ltr'><strong>qui</strong></span> <span class='ocrx_word' id='word_1_616' title='bbox 2517 3728 2649 3782; x_wconf 89' lang='lat' dir='ltr'><strong>olim</strong></span> <span class='ocrx_word' id='word_1_617' title='bbox 2669 3728 2909 3782; x_wconf 86' lang='lat' dir='ltr'><strong>honores</strong></span> <span class='ocrx_word' id='word_1_618' title='bbox 2930 3730 3268 3799; x_wconf 90' lang='lat' dir='ltr'><strong>contempsit</strong></span> <span class='ocrx_word' id='word_1_619' title='bbox 3295 3733 3488 3786; x_wconf 65' lang='lat' dir='ltr'><strong>saeculi</strong></span> <span class='ocrx_word' id='word_1_620' title='bbox 3509 3750 3611 3804; x_wconf 90' lang='lat' dir='ltr'><strong>pro</strong></span> <span class='ocrx_word' id='word_1_621' title='bbox 3635 3752 3716 3788; x_wconf 84' lang='lat' dir='ltr'><strong>re—</strong></span> 
     </span>
    </p>
   </div>
   <div class='ocr_carea' id='block_1_84' title="bbox 2114 3815 2342 3886">
    <p class='ocr_par' dir='ltr' id='par_1_84' title="bbox 2114 3815 2342 3886">
     <span class='ocr_line' id='line_1_84' title="bbox 2114 3815 2342 3886; baseline 0.004 -17"><span class='ocrx_word' id='word_1_622' title='bbox 2114 3815 2342 3886; x_wconf 88' lang='lat' dir='ltr'><strong>ligione.</strong></span> 
     </span>
    </p>
   </div>
   <div class='ocr_carea' id='block_1_85' title="bbox 2324 3891 3122 3961">
    <p class='ocr_par' dir='ltr' id='par_1_85' title="bbox 2324 3891 3122 3961">
     <span class='ocr_line' id='line_1_85' title="bbox 2324 3891 3122 3961; baseline 0 -2"><span class='ocrx_word' id='word_1_623' title='bbox 2324 3891 2361 3934; x_wconf 53' lang='grc' dir='ltr'><em>ν</em></span> <span class='ocrx_word' id='word_1_624' title='bbox 2711 3905 2944 3960; x_wconf 81' lang='lat' dir='ltr'><strong>CAPUT</strong></span> <span class='ocrx_word' id='word_1_625' title='bbox 2999 3906 3122 3961; x_wconf 76' lang='grc' dir='ltr'><strong>ΧΠ.</strong></span> 
     </span>
    </p>
   </div>
   <div class='ocr_carea' id='block_1_86' title="bbox 2745 4006 3099 4050">
    <p class='ocr_par' dir='ltr' id='par_1_86' title="bbox 2745 4006 3099 4050">
     <span class='ocr_line' id='line_1_86' title="bbox 2745 4006 3099 4050; baseline -0.003 -2"><span class='ocrx_word' id='word_1_626' title='bbox 2745 4006 3099 4050; x_wconf 74' lang='lat' dir='ltr'><strong>ADEODATUB.</strong></span> 
     </span>
    </p>
   </div>
   <div class='ocr_carea' id='block_1_87' title="bbox 2187 4081 3712 4153">
    <p class='ocr_par' dir='ltr' id='par_1_87' title="bbox 2187 4081 3712 4153">
     <span class='ocr_line' id='line_1_87' title="bbox 2187 4081 3712 4153; baseline 0.006 -18"><span class='ocrx_word' id='word_1_627' title='bbox 2187 4081 2457 4138; x_wconf 87' lang='lat' dir='ltr'><strong>Novimus</strong></span> <span class='ocrx_word' id='word_1_628' title='bbox 2485 4083 2601 4136; x_wconf 66' lang='lat' dir='ltr'><strong>haec</strong></span> <span class='ocrx_word' id='word_1_629' title='bbox 2625 4083 2844 4150; x_wconf 89' lang='lat' dir='ltr'><strong>omnia;</strong></span> <span class='ocrx_word' id='word_1_630' title='bbox 2894 4082 2993 4136; x_wconf 89' lang='lat' dir='ltr'><strong>sed</strong></span> <span class='ocrx_word' id='word_1_631' title='bbox 3041 4084 3320 4153; x_wconf 89' lang='lat' dir='ltr'><strong>quomodo</strong></span> <span class='ocrx_word' id='word_1_632' title='bbox 3351 4095 3712 4144; x_wconf 87' lang='lat' dir='ltr'><strong>conversatus</strong></span> 
     </span>
    </p>
   </div>
   <div class='ocr_carea' id='block_1_88' title="bbox 2115 4169 3710 4249">
    <p class='ocr_par' dir='ltr' id='par_1_88' title="bbox 2115 4169 3710 4249">
     <span class='ocr_line' id='line_1_88' title="bbox 2115 4169 3710 4249; baseline 0.007 -27"><span class='ocrx_word' id='word_1_633' title='bbox 2115 4169 2187 4240; x_wconf 84' lang='lat' dir='ltr'><strong>sit</strong></span> <span class='ocrx_word' id='word_1_634' title='bbox 2215 4169 2318 4224; x_wconf 90' lang='lat' dir='ltr'><strong>sub</strong></span> <span class='ocrx_word' id='word_1_635' title='bbox 2362 4171 2606 4225; x_wconf 85' lang='lat' dir='ltr'><strong>Antonio</strong></span> <span class='ocrx_word' id='word_1_636' title='bbox 2638 4175 2832 4224; x_wconf 92' lang='lat' dir='ltr'><strong>nostro</strong></span> <span class='ocrx_word' id='word_1_637' title='bbox 2887 4169 3050 4223; x_wconf 89' lang='lat' dir='ltr'><strong>velim</strong></span> <span class='ocrx_word' id='word_1_638' title='bbox 3081 4171 3284 4238; x_wconf 88' lang='lat' dir='ltr'><strong>edicas,</strong></span> <span class='ocrx_word' id='word_1_639' title='bbox 3335 4175 3584 4249; x_wconf 60' lang='lat' dir='ltr'><strong>maxime</strong></span> <span class='ocrx_word' id='word_1_640' title='bbox 3613 4194 3710 4248; x_wconf 85' lang='lat' dir='ltr'><strong>pro</strong></span> 
     </span>
    </p>
   </div>
   <div class='ocr_carea' id='block_1_89' title="bbox 2109 4251 3709 4339">
    <p class='ocr_par' dir='ltr' id='par_1_89' title="bbox 2109 4251 3709 4339">
     <span class='ocr_line' id='line_1_89' title="bbox 2109 4251 3709 4339; baseline 0.006 -28"><span class='ocrx_word' id='word_1_641' title='bbox 2109 4257 2378 4331; x_wconf 70' lang='lat' dir='ltr'><strong>fratribus</strong></span> <span class='ocrx_word' id='word_1_642' title='bbox 2407 4259 2614 4314; x_wconf 91' lang='lat' dir='ltr'><strong>nostris</strong></span> <span class='ocrx_word' id='word_1_643' title='bbox 2654 4253 2895 4313; x_wconf 84' lang='lat' dir='ltr'><strong>Saxonia&#39;</strong></span> <span class='ocrx_word' id='word_1_644' title='bbox 2927 4251 3282 4338; x_wconf 81' lang='lat' dir='ltr'><strong>degentibus,</strong></span> <span class='ocrx_word' id='word_1_645' title='bbox 3317 4261 3563 4339; x_wconf 80' lang='lat' dir='ltr'><strong>quorum</strong></span> <span class='ocrx_word' id='word_1_646' title='bbox 3610 4267 3709 4339; x_wconf 80' lang='lat' dir='ltr'><strong>fuit</strong></span> 
     </span>
    </p>
   </div>
   <div class='ocr_carea' id='block_1_90' title="bbox 429 4331 3711 4434">
    <p class='ocr_par' dir='ltr' id='par_1_90' title="bbox 429 4331 3711 4434">
     <span class='ocr_line' id='line_1_90' title="bbox 429 4331 3711 4434; baseline 0.002 -34"><span class='ocrx_word' id='word_1_647' title='bbox 429 4353 538 4412; x_wconf 88' lang='lat' dir='ltr'><strong>eat,</strong></span> <span class='ocrx_word' id='word_1_648' title='bbox 575 4351 632 4398; x_wconf 84' lang='lat' dir='ltr'><strong>et</strong></span> <span class='ocrx_word' id='word_1_649' title='bbox 658 4361 769 4399; x_wconf 90' lang='lat' dir='ltr'><strong>non</strong></span> <span class='ocrx_word' id='word_1_650' title='bbox 800 4345 984 4415; x_wconf 85' lang='lat' dir='ltr'><strong>potius</strong></span> <span class='ocrx_word' id='word_1_651' title='bbox 1009 4361 1138 4408; x_wconf 88' lang='lat' dir='ltr'><strong>eum</strong></span> <span class='ocrx_word' id='word_1_652' title='bbox 1163 4343 1258 4413; x_wconf 90' lang='lat' dir='ltr'><strong>qui</strong></span> <span class='ocrx_word' id='word_1_653' title='bbox 1283 4342 1598 4423; x_wconf 68' lang='lat' dir='ltr'><strong>praecedat?</strong></span> <span class='ocrx_word' id='word_1_654' title='bbox 1618 4343 1759 4397; x_wconf 87' lang='lat' dir='ltr'><strong>Tum</strong></span> <span class='ocrx_word' id='word_1_655' title='bbox 1777 4331 2085 4416; x_wconf 37' lang='lat' dir='ltr'><strong>illepiau-D</strong></span> <span class='ocrx_word' id='word_1_656' title='bbox 2106 4364 2170 4420; x_wconf 83' lang='lat' dir='ltr'><strong>ex</strong></span> <span class='ocrx_word' id='word_1_657' title='bbox 2197 4364 2403 4418; x_wconf 88' lang='lat' dir='ltr'><strong>genere</strong></span> <span class='ocrx_word' id='word_1_658' title='bbox 2436 4347 2481 4424; x_wconf 59' lang='lat' dir='ltr'><strong>fi,</strong></span> <span class='ocrx_word' id='word_1_659' title='bbox 2513 4354 2578 4402; x_wconf 93' lang='lat' dir='ltr'><strong>ut</strong></span> <span class='ocrx_word' id='word_1_660' title='bbox 2604 4349 2783 4430; x_wconf 86' lang='lat' dir='ltr'><strong>sciant</strong></span> <span class='ocrx_word' id='word_1_661' title='bbox 2809 4347 2886 4424; x_wconf 25' lang='lat' dir='ltr'><strong>ad!</strong></span> <span class='ocrx_word' id='word_1_662' title='bbox 2904 4348 3132 4418; x_wconf 86' lang='lat' dir='ltr'><strong>plenum</strong></span> <span class='ocrx_word' id='word_1_663' title='bbox 3169 4332 3711 4434; x_wconf 33' lang='lat' dir='ltr'><strong>qualesfhabuerinf</strong></span> 
     </span>
    </p>
   </div>
   <div class='ocr_carea' id='block_1_91' title="bbox 423 4431 2017 4511">
    <p class='ocr_par' dir='ltr' id='par_1_91' title="bbox 423 4431 2017 4511">
     <span class='ocr_line' id='line_1_91' title="bbox 423 4431 2017 4511; baseline -0.001 -22"><span class='ocrx_word' id='word_1_664' title='bbox 423 4435 597 4511; x_wconf 78' lang='lat' dir='ltr'><strong>lisper</strong></span> <span class='ocrx_word' id='word_1_665' title='bbox 623 4433 939 4498; x_wconf 87' lang='lat' dir='ltr'><strong>subridens,</strong></span> <span class='ocrx_word' id='word_1_666' title='bbox 999 4435 1253 4502; x_wconf 83' lang='lat' dir='ltr'><strong>Augusto</strong></span> <span class='ocrx_word' id='word_1_667' title='bbox 1309 4432 1446 4500; x_wconf 62' lang='lat' dir='ltr'><strong>hinc,</strong></span> <span class='ocrx_word' id='word_1_668' title='bbox 1478 4435 1544 4492; x_wconf 66' lang='lat' dir='ltr'><strong>ut,</strong></span> <span class='ocrx_word' id='word_1_669' title='bbox 1579 4431 1762 4511; x_wconf 64' lang='lat' dir='ltr'><strong>credo,</strong></span> <span class='ocrx_word' id='word_1_670' title='bbox 1805 4433 2017 4500; x_wconf 64' lang='lat' dir='ltr'><strong>retulit,</strong></span> 
     </span>
    </p>
   </div>
   <div class='ocr_carea' id='block_1_92' title="bbox 428 4507 2024 4596">
    <p class='ocr_par' dir='ltr' id='par_1_92' title="bbox 428 4507 2024 4596">
     <span class='ocr_line' id='line_1_92' title="bbox 428 4507 2024 4596; baseline -0.002 -18"><span class='ocrx_word' id='word_1_671' title='bbox 428 4507 629 4595; x_wconf 77' lang='lat' dir='ltr'><strong>quibus</strong></span> <span class='ocrx_word' id='word_1_672' title='bbox 657 4525 735 4577; x_wconf 87' lang='lat' dir='ltr'><strong>ita</strong></span> <span class='ocrx_word' id='word_1_673' title='bbox 762 4523 945 4590; x_wconf 87' lang='lat' dir='ltr'><strong>dictis,</strong></span> <span class='ocrx_word' id='word_1_674' title='bbox 969 4527 1168 4596; x_wconf 85' lang='lat' dir='ltr'><strong>cuncta</strong></span> <span class='ocrx_word' id='word_1_675' title='bbox 1195 4537 1318 4592; x_wconf 68' lang='lat' dir='ltr'><strong>quae</strong></span> <span class='ocrx_word' id='word_1_676' title='bbox 1343 4519 1512 4586; x_wconf 89' lang='lat' dir='ltr'><strong>volui,</strong></span> <span class='ocrx_word' id='word_1_677' title='bbox 1541 4524 1604 4589; x_wconf 82' lang='lat' dir='ltr'><strong>et</strong></span> <span class='ocrx_word' id='word_1_678' title='bbox 1643 4507 1706 4574; x_wconf 81' lang='lat' dir='ltr'><strong>ut</strong></span> <span class='ocrx_word' id='word_1_679' title='bbox 1731 4521 2024 4593; x_wconf 74' lang='lat' dir='ltr'><strong>volui,.pe~</strong></span> 
     </span>
    </p>
   </div>
   <div class='ocr_carea' id='block_1_93' title="bbox 427 4607 2026 4682">
    <p class='ocr_par' dir='ltr' id='par_1_93' title="bbox 427 4607 2026 4682">
     <span class='ocr_line' id='line_1_93' title="bbox 427 4607 2026 4682; baseline 0.001 -18"><span class='ocrx_word' id='word_1_680' title='bbox 427 4613 582 4665; x_wconf 90' lang='lat' dir='ltr'><strong>nitus</strong></span> <span class='ocrx_word' id='word_1_681' title='bbox 605 4612 934 4682; x_wconf 87' lang='lat' dir='ltr'><strong>impetravi;</strong></span> <span class='ocrx_word' id='word_1_682' title='bbox 983 4617 1153 4681; x_wconf 90' lang='lat' dir='ltr'><strong>atque</strong></span> <span class='ocrx_word' id='word_1_683' title='bbox 1186 4614 1418 4680; x_wconf 88' lang='lat' dir='ltr'><strong>cogente</strong></span> <span class='ocrx_word' id='word_1_684' title='bbox 1467 4607 1584 4673; x_wconf 93' lang='lat' dir='ltr'><strong>illo,</strong></span> <span class='ocrx_word' id='word_1_685' title='bbox 1646 4610 1871 4678; x_wconf 91' lang='lat' dir='ltr'><strong>nostris,</strong></span> <span class='ocrx_word' id='word_1_686' title='bbox 1895 4611 2026 4666; x_wconf 90' lang='lat' dir='ltr'><strong>licet</strong></span> 
     </span>
    </p>
   </div>
   <div class='ocr_carea' id='block_1_94' title="bbox 425 4695 2026 4771">
    <p class='ocr_par' dir='ltr' id='par_1_94' title="bbox 425 4695 2026 4771">
     <span class='ocr_line' id='line_1_94' title="bbox 425 4695 2026 4771; baseline 0.001 -19"><span class='ocrx_word' id='word_1_687' title='bbox 425 4698 650 4764; x_wconf 91' lang='lat' dir='ltr'><strong>invitus,</strong></span> <span class='ocrx_word' id='word_1_688' title='bbox 671 4700 860 4769; x_wconf 87' lang='lat' dir='ltr'><strong>paruit</strong></span> <span class='ocrx_word' id='word_1_689' title='bbox 880 4700 1040 4765; x_wconf 87' lang='lat' dir='ltr'><strong>votis,</strong></span> <span class='ocrx_word' id='word_1_690' title='bbox 1065 4699 1159 4770; x_wconf 91' lang='lat' dir='ltr'><strong>qui</strong></span> <span class='ocrx_word' id='word_1_691' title='bbox 1179 4697 1394 4753; x_wconf 88' lang='lat' dir='ltr'><strong>dudum</strong></span> <span class='ocrx_word' id='word_1_692' title='bbox 1418 4695 1835 4768; x_wconf 86' lang='lat' dir='ltr'><strong>subterfugerat</strong></span> <span class='ocrx_word' id='word_1_693' title='bbox 1853 4716 2026 4771; x_wconf 87' lang='lat' dir='ltr'><strong>quan-</strong></span> 
     </span>
    </p>
   </div>
   <div class='ocr_carea' id='block_1_95' title="bbox 423 4789 908 4860">
    <p class='ocr_par' dir='ltr' id='par_1_95' title="bbox 423 4789 908 4860">
     <span class='ocr_line' id='line_1_95' title="bbox 423 4789 908 4860; baseline 0.004 -18"><span class='ocrx_word' id='word_1_694' title='bbox 423 4789 604 4860; x_wconf 86' lang='lat' dir='ltr'><strong>tisper</strong></span> <span class='ocrx_word' id='word_1_695' title='bbox 630 4791 908 4860; x_wconf 67' lang='lat' dir='ltr'><strong>praelatus.</strong></span> 
     </span>
    </p>
   </div>
   <div class='ocr_carea' id='block_1_96' title="bbox 1039 4890 1392 4935">
    <p class='ocr_par' dir='ltr' id='par_1_96' title="bbox 1039 4890 1392 4935">
     <span class='ocr_line' id='line_1_96' title="bbox 1039 4890 1392 4935; baseline 0.003 -4"><span class='ocrx_word' id='word_1_696' title='bbox 1039 4890 1392 4935; x_wconf 73' lang='lat' dir='ltr'><strong>ADEODATUS.</strong></span> 
     </span>
    </p>
   </div>
   <div class='ocr_carea' id='block_1_97' title="bbox 495 4963 2017 5039">
    <p class='ocr_par' dir='ltr' id='par_1_97' title="bbox 495 4963 2017 5039">
     <span class='ocr_line' id='line_1_97' title="bbox 495 4963 2017 5039; baseline 0.003 -19"><span class='ocrx_word' id='word_1_697' title='bbox 495 4965 689 5020; x_wconf 90' lang='lat' dir='ltr'><strong>Timeo</strong></span> <span class='ocrx_word' id='word_1_698' title='bbox 704 4980 775 5018; x_wconf 91' lang='lat' dir='ltr'><strong>ne</strong></span> <span class='ocrx_word' id='word_1_699' title='bbox 795 4963 935 5018; x_wconf 86' lang='lat' dir='ltr'><strong>forte</strong></span> <span class='ocrx_word' id='word_1_700' title='bbox 963 4967 1240 5034; x_wconf 89' lang='lat' dir='ltr'><strong>quitalem</strong></span> <span class='ocrx_word' id='word_1_701' title='bbox 1272 4983 1399 5020; x_wconf 88' lang='lat' dir='ltr'><strong>eum</strong></span> <span class='ocrx_word' id='word_1_702' title='bbox 1427 4965 1728 5035; x_wconf 88' lang='lat' dir='ltr'><strong>oblatrant,</strong></span> <span class='ocrx_word' id='word_1_703' title='bbox 1753 4968 2017 5039; x_wconf 90' lang='lat' dir='ltr'><strong>sentiant,</strong></span> 
     </span>
    </p>
   </div>
   <div class='ocr_carea' id='block_1_98' title="bbox 383 5106 2019 5183">
    <p class='ocr_par' dir='ltr' id='par_1_98' title="bbox 383 5106 2019 5183">
     <span class='ocr_line' id='line_1_98' title="bbox 383 5106 2019 5183; baseline 0.02 -27"><span class='ocrx_word' id='word_1_704' title='bbox 383 5171 388 5176; x_wconf 89' lang='lat'><strong>_</strong></span> <span class='ocrx_word' id='word_1_705' title='bbox 458 5179 468 5183; x_wconf 85' lang='lat'><strong>_</strong></span> <span class='ocrx_word' id='word_1_706' title='bbox 494 5115 511 5138; x_wconf 84' lang='grc'><em>⁸</em></span> <span class='ocrx_word' id='word_1_707' title='bbox 541 5107 861 5183; x_wconf 75' lang='lat' dir='ltr'><strong>Adalhardo</strong></span> <span class='ocrx_word' id='word_1_708' title='bbox 878 5106 1142 5183; x_wconf 79' lang='lat' dir='ltr'><strong>suffectus</strong></span> <span class='ocrx_word' id='word_1_709' title='bbox 1163 5113 1249 5183; x_wconf 79' lang='lat' dir='ltr'><strong>est</strong></span> <span class='ocrx_word' id='word_1_710' title='bbox 1264 5109 1587 5183; x_wconf 67' lang='lat' dir='ltr'><strong>Walaanno</strong></span> <span class='ocrx_word' id='word_1_711' title='bbox 1598 5106 1724 5176; x_wconf 62' lang='grc'><strong>826,</strong></span> <span class='ocrx_word' id='word_1_712' title='bbox 1739 5116 1822 5183; x_wconf 64' lang='grc' dir='ltr'><strong>,ιιι</strong></span> <span class='ocrx_word' id='word_1_713' title='bbox 1849 5127 2019 5183; x_wconf 73' lang='lat' dir='ltr'><strong>suPe&quot;</strong></span> 
     </span>
    </p>
   </div>
   <div class='ocr_carea' id='block_1_99' title="bbox 423 5178 2017 5245">
    <p class='ocr_par' dir='ltr' id='par_1_99' title="bbox 423 5178 2017 5245">
     <span class='ocr_line' id='line_1_99' title="bbox 423 5178 2017 5245; baseline 0.002 -11"><span class='ocrx_word' id='word_1_714' title='bbox 423 5179 542 5234; x_wconf 90' lang='lat' dir='ltr'><strong>rius</strong></span> <span class='ocrx_word' id='word_1_715' title='bbox 559 5180 630 5232; x_wconf 89' lang='lat' dir='ltr'><strong>ad</strong></span> <span class='ocrx_word' id='word_1_716' title='bbox 643 5179 830 5233; x_wconf 86' lang='lat' dir='ltr'><strong>Vitam</strong></span> <span class='ocrx_word' id='word_1_717' title='bbox 852 5178 1028 5231; x_wconf 90' lang='lat' dir='ltr'><strong>sancti</strong></span> <span class='ocrx_word' id='word_1_718' title='bbox 1060 5178 1367 5233; x_wconf 86' lang='lat' dir='ltr'><strong>Adalhardi</strong></span> <span class='ocrx_word' id='word_1_719' title='bbox 1384 5181 1595 5234; x_wconf 90' lang='lat' dir='ltr'><strong>dictum</strong></span> <span class='ocrx_word' id='word_1_720' title='bbox 1612 5181 1830 5245; x_wconf 86' lang='lat' dir='ltr'><strong>est.Qui</strong></span> <span class='ocrx_word' id='word_1_721' title='bbox 1855 5178 2017 5238; x_wconf 66' lang='lat' dir='ltr'><strong>Whla</strong></span> 
     </span>
    </p>
   </div>
   <div class='ocr_carea' id='block_1_100' title="bbox 422 5249 2015 5330">
    <p class='ocr_par' dir='ltr' id='par_1_100' title="bbox 422 5249 2015 5330">
     <span class='ocr_line' id='line_1_100' title="bbox 422 5249 2015 5330; baseline 0.003 -26"><span class='ocrx_word' id='word_1_722' title='bbox 422 5250 700 5330; x_wconf 80' lang='lat' dir='ltr'><strong>Ludovico</strong></span> <span class='ocrx_word' id='word_1_723' title='bbox 723 5253 977 5330; x_wconf 66' lang='lat' dir='ltr'><strong>Augusto</strong></span> <span class='ocrx_word' id='word_1_724' title='bbox 998 5249 1114 5330; x_wconf 72' lang='lat' dir='ltr'><strong>luit</strong></span> <span class='ocrx_word' id='word_1_725' title='bbox 1140 5255 1335 5330; x_wconf 77' lang='lat' dir='ltr'><strong>auctor</strong></span> <span class='ocrx_word' id='word_1_726' title='bbox 1352 5251 1613 5306; x_wconf 89' lang='lat' dir='ltr'><strong>mittendi</strong></span> <span class='ocrx_word' id='word_1_727' title='bbox 1641 5253 2015 5309; x_wconf 85' lang='lat' dir='ltr'><strong>Anscharium</strong></span> 
     </span>
    </p>
   </div>
   <div class='ocr_carea' id='block_1_101' title="bbox 422 5319 2012 5472">
    <p class='ocr_par' dir='ltr' id='par_1_101' title="bbox 422 5319 2012 5472">
     <span class='ocr_line' id='line_1_101' title="bbox 422 5319 1278 5392; baseline -0.002 -18"><span class='ocrx_word' id='word_1_728' title='bbox 422 5321 494 5374; x_wconf 90' lang='lat' dir='ltr'><strong>ad</strong></span> <span class='ocrx_word' id='word_1_729' title='bbox 523 5321 756 5392; x_wconf 91' lang='lat' dir='ltr'><strong>populos</strong></span> <span class='ocrx_word' id='word_1_730' title='bbox 782 5319 1278 5391; x_wconf 81' lang='lat' dir='ltr'><strong>septentrionales.</strong></span> 
     </span>
     <span class='ocr_line' id='line_1_102' title="bbox 451 5389 2012 5472; baseline 0.004 -28"><span class='ocrx_word' id='word_1_731' title='bbox 451 5463 465 5472; x_wconf 83' lang='lat'><em>_</em></span> <span class='ocrx_word' id='word_1_732' title='bbox 494 5391 519 5430; x_wconf 75' lang='grc' dir='ltr'>δ</span> <span class='ocrx_word' id='word_1_733' title='bbox 548 5393 610 5445; x_wconf 87' lang='lat' dir='ltr'><strong>ld</strong></span> <span class='ocrx_word' id='word_1_734' title='bbox 638 5392 1042 5472; x_wconf 69' lang='lat' dir='ltr'><strong>esthrbeiam</strong></span> <span class='ocrx_word' id='word_1_735' title='bbox 1073 5389 1441 5472; x_wconf 64' lang='lat' dir='ltr'><strong>_S_axonica_m_,</strong></span> <span class='ocrx_word' id='word_1_736' title='bbox 1467 5394 1628 5472; x_wconf 88' lang='lat' dir='ltr'><strong>cujus</strong></span> <span class='ocrx_word' id='word_1_737' title='bbox 1647 5395 1796 5472; x_wconf 71' lang='lat' dir='ltr'><strong>inter</strong></span> <span class='ocrx_word' id='word_1_738' title='bbox 1823 5413 2012 5472; x_wconf 81' lang='lat' dir='ltr'><strong>mona-</strong></span> 
     </span>
    </p>
   </div>
   <div class='ocr_carea' id='block_1_102' title="bbox 421 5460 2011 5542">
    <p class='ocr_par' dir='ltr' id='par_1_102' title="bbox 421 5460 2011 5542">
     <span class='ocr_line' id='line_1_103' title="bbox 421 5460 2011 5542; baseline 0.004 -25"><span class='ocrx_word' id='word_1_739' title='bbox 421 5463 552 5517; x_wconf 71' lang='lat' dir='ltr'><strong>chos</strong></span> <span class='ocrx_word' id='word_1_740' title='bbox 581 5461 1028 5542; x_wconf 42' lang='lat' dir='ltr'><strong>sub.&#39;Ada_lhardo</strong></span> <span class='ocrx_word' id='word_1_741' title='bbox 1058 5460 1285 5542; x_wconf 40' lang='lat' dir='ltr'><strong>Atbbate.</strong></span> <span class='ocrx_word' id='word_1_742' title='bbox 1299 5461 1376 5515; x_wconf 92' lang='lat' dir='ltr'><strong>ibi</strong></span> <span class='ocrx_word' id='word_1_743' title='bbox 1399 5460 1676 5542; x_wconf 74' lang='lat' dir='ltr'><strong>degentes</strong></span> <span class='ocrx_word' id='word_1_744' title='bbox 1713 5468 1880 5542; x_wconf 68' lang='lat' dir='ltr'><strong>VVala</strong></span> <span class='ocrx_word' id='word_1_745' title='bbox 1907 5484 2011 5522; x_wconf 86' lang='lat' dir='ltr'><strong>nu-</strong></span> 
     </span>
    </p>
   </div>
   <div class='ocr_carea' id='block_1_103' title="bbox 423 5531 2000 5604">
    <p class='ocr_par' dir='ltr' id='par_1_103' title="bbox 423 5531 2000 5604">
     <span class='ocr_line' id='line_1_104' title="bbox 423 5531 2000 5604; baseline 0.004 -19"><span class='ocrx_word' id='word_1_746' title='bbox 423 5540 674 5585; x_wconf 82' lang='lat' dir='ltr'><strong>meratur</strong></span> <span class='ocrx_word' id='word_1_747' title='bbox 693 5532 752 5584; x_wconf 87' lang='lat' dir='ltr'><strong>in</strong></span> <span class='ocrx_word' id='word_1_748' title='bbox 777 5534 1052 5586; x_wconf 85' lang='lat' dir='ltr'><strong>Chronico</strong></span> <span class='ocrx_word' id='word_1_749' title='bbox 1091 5531 1415 5587; x_wconf 84' lang='lat' dir='ltr'><strong>Corbeiensi</strong></span> <span class='ocrx_word' id='word_1_750' title='bbox 1442 5531 1592 5604; x_wconf 76' lang='lat' dir='ltr'><strong>apud</strong></span> <span class='ocrx_word' id='word_1_751' title='bbox 1622 5536 2000 5594; x_wconf 87' lang='lat' dir='ltr'><strong>Meibomium.</strong></span> 
     </span>
    </p>
   </div>
   <div class='ocr_carea' id='block_1_104' title="bbox 2105 4420 2744 4492">
    <p class='ocr_par' dir='ltr' id='par_1_104' title="bbox 2105 4420 2744 4492">
     <span class='ocr_line' id='line_1_105' title="bbox 2105 4420 2744 4492; baseline 0 -3"><span class='ocrx_word' id='word_1_752' title='bbox 2105 4436 2235 4490; x_wconf 86' lang='lat' dir='ltr'><strong>ﬁdei</strong></span> <span class='ocrx_word' id='word_1_753' title='bbox 2260 4453 2373 4492; x_wconf 73' lang='lat' dir='ltr'><strong>suae</strong></span> <span class='ocrx_word' id='word_1_754' title='bbox 2400 4420 2744 4492; x_wconf 81' lang='lat' dir='ltr'><strong>fundatores.</strong></span> 
     </span>
    </p>
   </div>
   <div class='ocr_carea' id='block_1_105' title="bbox 2126 4511 3155 4582">
    <p class='ocr_par' dir='ltr' id='par_1_105' title="bbox 2126 4511 3155 4582">
     <span class='ocr_line' id='line_1_106' title="bbox 2126 4511 3155 4582; baseline -0.001 -2"><span class='ocrx_word' id='word_1_755' title='bbox 2126 4518 2134 4527; x_wconf 86' lang='grc'><strong>’</strong></span> <span class='ocrx_word' id='word_1_756' title='bbox 2736 4515 3100 4582; x_wconf 61' lang='grc' dir='ltr'><strong>ΡΑεοὲιᾸειυε..</strong></span> 
     </span>
    </p>
   </div>
   <div class='ocr_carea' id='block_1_106' title="bbox 2182 4616 3705 4693">
    <p class='ocr_par' dir='ltr' id='par_1_106' title="bbox 2182 4616 3705 4693">
     <span class='ocr_line' id='line_1_107' title="bbox 2182 4616 3705 4693; baseline 0.005 -23"><span class='ocrx_word' id='word_1_757' title='bbox 2182 4616 2238 4671; x_wconf 91' lang='lat' dir='ltr'><strong>Si</strong></span> <span class='ocrx_word' id='word_1_758' title='bbox 2264 4616 2369 4672; x_wconf 89' lang='lat' dir='ltr'><strong>hoc</strong></span> <span class='ocrx_word' id='word_1_759' title='bbox 2404 4616 2648 4689; x_wconf 88' lang='lat' dir='ltr'><strong>profecto</strong></span> <span class='ocrx_word' id='word_1_760' title='bbox 2679 4633 2910 4672; x_wconf 88' lang='lat' dir='ltr'><strong>narrare</strong></span> <span class='ocrx_word' id='word_1_761' title='bbox 2933 4633 3170 4687; x_wconf 62' lang='lat' dir='ltr'><strong>cepero,</strong></span> <span class='ocrx_word' id='word_1_762' title='bbox 3205 4632 3319 4670; x_wconf 89' lang='lat' dir='ltr'><strong>non</strong></span> <span class='ocrx_word' id='word_1_763' title='bbox 3348 4617 3574 4675; x_wconf 89' lang='lat' dir='ltr'><strong>invenio</strong></span> <span class='ocrx_word' id='word_1_764' title='bbox 3601 4638 3705 4693; x_wconf 91' lang='lat' dir='ltr'><strong>quo</strong></span> 
     </span>
    </p>
   </div>
   <div class='ocr_carea' id='block_1_107' title="bbox 2106 4704 3706 4781">
    <p class='ocr_par' dir='ltr' id='par_1_107' title="bbox 2106 4704 3706 4781">
     <span class='ocr_line' id='line_1_108' title="bbox 2106 4704 3706 4781; baseline 0.004 -23"><span class='ocrx_word' id='word_1_765' title='bbox 2106 4704 2389 4776; x_wconf 85' lang='lat' dir='ltr'><strong>incipiam,</strong></span> <span class='ocrx_word' id='word_1_766' title='bbox 2423 4723 2532 4778; x_wconf 91' lang='lat' dir='ltr'><strong>quo</strong></span> <span class='ocrx_word' id='word_1_767' title='bbox 2561 4724 2652 4762; x_wconf 90' lang='lat' dir='ltr'><strong>me</strong></span> <span class='ocrx_word' id='word_1_768' title='bbox 2677 4706 2926 4778; x_wconf 91' lang='lat' dir='ltr'><strong>primum</strong></span> <span class='ocrx_word' id='word_1_769' title='bbox 2963 4711 3196 4772; x_wconf 90' lang='lat' dir='ltr'><strong>vertam,</strong></span> <span class='ocrx_word' id='word_1_770' title='bbox 3228 4705 3316 4760; x_wconf 90' lang='lat' dir='ltr'><strong>vel</strong></span> <span class='ocrx_word' id='word_1_771' title='bbox 3347 4723 3460 4778; x_wconf 89' lang='lat' dir='ltr'><strong>quo</strong></span> <span class='ocrx_word' id='word_1_772' title='bbox 3483 4726 3706 4781; x_wconf 60' lang='lat' dir='ltr'><strong>progreo</strong></span> 
     </span>
    </p>
   </div>
   <div class='ocr_carea' id='block_1_108' title="bbox 2106 4793 3707 4866">
    <p class='ocr_par' dir='ltr' id='par_1_108' title="bbox 2106 4793 3707 4866">
     <span class='ocr_line' id='line_1_109' title="bbox 2106 4793 3707 4866; baseline 0.003 -18"><span class='ocrx_word' id='word_1_773' title='bbox 2106 4793 2230 4849; x_wconf 89' lang='lat' dir='ltr'><strong>diar</strong></span> <span class='ocrx_word' id='word_1_774' title='bbox 2261 4813 2272 4848; x_wconf 87' lang='lat'>:</span> <span class='ocrx_word' id='word_1_775' title='bbox 2298 4795 2432 4864; x_wconf 88' lang='lat' dir='ltr'><strong>quia</strong></span> <span class='ocrx_word' id='word_1_776' title='bbox 2461 4813 2657 4852; x_wconf 89' lang='lat' dir='ltr'><strong>eorum</strong></span> <span class='ocrx_word' id='word_1_777' title='bbox 2677 4797 2794 4851; x_wconf 90' lang='lat' dir='ltr'><strong>vita</strong></span> <span class='ocrx_word' id='word_1_778' title='bbox 2817 4812 3125 4866; x_wconf 85' lang='lat' dir='ltr'><strong>eorumque</strong></span> <span class='ocrx_word' id='word_1_779' title='bbox 3154 4800 3313 4849; x_wconf 89' lang='lat' dir='ltr'><strong>actus</strong></span> <span class='ocrx_word' id='word_1_780' title='bbox 3340 4796 3422 4851; x_wconf 90' lang='lat' dir='ltr'><strong>sic</strong></span> <span class='ocrx_word' id='word_1_781' title='bbox 3469 4798 3707 4853; x_wconf 81' lang='lat' dir='ltr'><strong>indisso-</strong></span> 
     </span>
    </p>
   </div>
   <div class='ocr_carea' id='block_1_109' title="bbox 2104 4883 3702 4959">
    <p class='ocr_par' dir='ltr' id='par_1_109' title="bbox 2104 4883 3702 4959">
     <span class='ocr_line' id='line_1_110' title="bbox 2104 4883 3702 4959; baseline 0.003 -22"><span class='ocrx_word' id='word_1_782' title='bbox 2104 4883 2317 4938; x_wconf 90' lang='lat' dir='ltr'><strong>ciabilis</strong></span> <span class='ocrx_word' id='word_1_783' title='bbox 2344 4885 2468 4954; x_wconf 74' lang='lat' dir='ltr'><strong>fuit,</strong></span> <span class='ocrx_word' id='word_1_784' title='bbox 2503 4891 2570 4942; x_wconf 93' lang='lat' dir='ltr'><strong>ut</strong></span> <span class='ocrx_word' id='word_1_785' title='bbox 2597 4903 2708 4942; x_wconf 91' lang='lat' dir='ltr'><strong>non</strong></span> <span class='ocrx_word' id='word_1_786' title='bbox 2730 4885 2998 4952; x_wconf 90' lang='lat' dir='ltr'><strong>invenias,</strong></span> <span class='ocrx_word' id='word_1_787' title='bbox 3024 4889 3322 4956; x_wconf 86' lang='lat' dir='ltr'><strong>postquam</strong></span> <span class='ocrx_word' id='word_1_788' title='bbox 3357 4901 3452 4940; x_wconf 90' lang='lat' dir='ltr'><strong>eos</strong></span> <span class='ocrx_word' id='word_1_789' title='bbox 3483 4889 3702 4959; x_wconf 85' lang='lat' dir='ltr'><strong>agnovi,</strong></span> 
     </span>
    </p>
   </div>
   <div class='ocr_carea' id='block_1_110' title="bbox 2104 4969 3702 5047">
    <p class='ocr_par' dir='ltr' id='par_1_110' title="bbox 2104 4969 3702 5047">
     <span class='ocr_line' id='line_1_111' title="bbox 2104 4969 3702 5047; baseline 0.004 -23"><span class='ocrx_word' id='word_1_790' title='bbox 2104 4969 2238 5040; x_wconf 90' lang='lat' dir='ltr'><strong>quid</strong></span> <span class='ocrx_word' id='word_1_791' title='bbox 2266 4987 2410 5027; x_wconf 91' lang='lat' dir='ltr'><strong>unus</strong></span> <span class='ocrx_word' id='word_1_792' title='bbox 2429 4989 2625 5029; x_wconf 90' lang='lat' dir='ltr'><strong>eorum</strong></span> <span class='ocrx_word' id='word_1_793' title='bbox 2653 4973 2774 5028; x_wconf 91' lang='lat' dir='ltr'><strong>sine</strong></span> <span class='ocrx_word' id='word_1_794' title='bbox 2789 4973 2963 5028; x_wconf 84' lang='lat' dir='ltr'><strong>altero</strong></span> <span class='ocrx_word' id='word_1_795' title='bbox 2982 4972 3238 5042; x_wconf 86' lang='lat' dir='ltr'><strong>gesserit.</strong></span> <span class='ocrx_word' id='word_1_796' title='bbox 3265 4972 3410 5036; x_wconf 84' lang='lat' dir='ltr'><strong>Quia</strong></span> <span class='ocrx_word' id='word_1_797' title='bbox 3440 4975 3549 5028; x_wconf 89' lang='lat' dir='ltr'><strong>etsi</strong></span> <span class='ocrx_word' id='word_1_798' title='bbox 3565 4991 3702 5047; x_wconf 87' lang='lat' dir='ltr'><strong>opus</strong></span> 
     </span>
    </p>
   </div>
   <div class='ocr_carea' id='block_1_111' title="bbox 2171 5114 3702 5199">
    <p class='ocr_par' dir='ltr' id='par_1_111' title="bbox 2171 5114 3702 5199">
     <span class='ocr_line' id='line_1_112' title="bbox 2171 5114 3702 5199; baseline 0.002 -31"><span class='ocrx_word' id='word_1_799' title='bbox 2171 5123 2193 5150; x_wconf 74' lang='grc' dir='ltr'><strong>ο</strong></span> <span class='ocrx_word' id='word_1_800' title='bbox 2218 5116 2306 5168; x_wconf 84' lang='lat' dir='ltr'><strong>An</strong></span> <span class='ocrx_word' id='word_1_801' title='bbox 2334 5114 2620 5199; x_wconf 42' lang='lat' dir='ltr'><strong>Abo&#39;t‘ritos</strong></span> <span class='ocrx_word' id='word_1_802' title='bbox 2641 5116 3127 5199; x_wconf 71' lang='lat' dir='ltr'><strong>Septentrionales</strong></span> <span class='ocrx_word' id='word_1_803' title='bbox 3140 5116 3395 5199; x_wconf 86' lang='lat' dir='ltr'><strong>populos,</strong></span> <span class='ocrx_word' id='word_1_804' title='bbox 3428 5121 3591 5199; x_wconf 59' lang='lat' dir='ltr'><strong>trans</strong></span> <span class='ocrx_word' id='word_1_805' title='bbox 3609 5117 3702 5171; x_wconf 80' lang='lat' dir='ltr'><strong>Al-</strong></span> 
     </span>
    </p>
   </div>
   <div class='ocr_carea' id='block_1_112' title="bbox 2099 5184 3800 5258">
    <p class='ocr_par' dir='ltr' id='par_1_112' title="bbox 2099 5184 3800 5258">
     <span class='ocr_line' id='line_1_113' title="bbox 2099 5184 3800 5258; baseline 0.001 -20"><span class='ocrx_word' id='word_1_806' title='bbox 2099 5184 2218 5258; x_wconf 82' lang='lat' dir='ltr'><strong>bim</strong></span> <span class='ocrx_word' id='word_1_807' title='bbox 2246 5203 2420 5257; x_wconf 91' lang='lat' dir='ltr'><strong>prope</strong></span> <span class='ocrx_word' id='word_1_808' title='bbox 2448 5187 2690 5258; x_wconf 87' lang='lat' dir='ltr'><strong>Rugiam</strong></span> <span class='ocrx_word' id='word_1_809' title='bbox 2714 5184 2957 5243; x_wconf 85' lang='lat' dir='ltr'><strong>insulam</strong></span> <span class='ocrx_word' id='word_1_810' title='bbox 2984 5184 3321 5258; x_wconf 77' lang='lat' dir='ltr'><strong>incolentes,</strong></span> <span class='ocrx_word' id='word_1_811' title='bbox 3346 5203 3490 5257; x_wconf 92' lang='lat' dir='ltr'><strong>quos</strong></span> <span class='ocrx_word' id='word_1_812' title='bbox 3523 5189 3698 5258; x_wconf 81' lang='lat' dir='ltr'><strong>Caro-</strong></span> <span class='ocrx_word' id='word_1_813' title='bbox 3797 5229 3800 5232; x_wconf 91' lang='lat'><strong>.</strong></span> 
     </span>
    </p>
   </div>
   <div class='ocr_carea' id='block_1_113' title="bbox 2097 5257 3694 5330">
    <p class='ocr_par' dir='ltr' id='par_1_113' title="bbox 2097 5257 3694 5330">
     <span class='ocr_line' id='line_1_114' title="bbox 2097 5257 3694 5330; baseline 0.001 -20"><span class='ocrx_word' id='word_1_814' title='bbox 2097 5257 2184 5330; x_wconf 61' lang='lat' dir='ltr'><strong>ius</strong></span> <span class='ocrx_word' id='word_1_815' title='bbox 2212 5257 2450 5330; x_wconf 80' lang='lat' dir='ltr'><strong>Magnus</strong></span> <span class='ocrx_word' id='word_1_816' title='bbox 2479 5257 2584 5330; x_wconf 75' lang='lat' dir='ltr'><strong>sibi</strong></span> <span class='ocrx_word' id='word_1_817' title='bbox 2602 5258 2913 5330; x_wconf 87' lang='lat' dir='ltr'><strong>subjecisse</strong></span> <span class='ocrx_word' id='word_1_818' title='bbox 2941 5257 3145 5313; x_wconf 90' lang='lat' dir='ltr'><strong>dicitur</strong></span> <span class='ocrx_word' id='word_1_819' title='bbox 3173 5258 3233 5312; x_wconf 87' lang='lat' dir='ltr'><strong>in</strong></span> <span class='ocrx_word' id='word_1_820' title='bbox 3261 5257 3393 5312; x_wconf 82' lang='lat' dir='ltr'><strong>Vita</strong></span> <span class='ocrx_word' id='word_1_821' title='bbox 3429 5257 3694 5312; x_wconf 84' lang='lat' dir='ltr'><strong>Ludovici</strong></span> 
     </span>
    </p>
   </div>
   <div class='ocr_carea' id='block_1_114' title="bbox 2096 5327 2682 5387">
    <p class='ocr_par' dir='ltr' id='par_1_114' title="bbox 2096 5327 2682 5387">
     <span class='ocr_line' id='line_1_115' title="bbox 2096 5327 2682 5387; baseline 0.012 -7"><span class='ocrx_word' id='word_1_822' title='bbox 2096 5327 2182 5381; x_wconf 89' lang='lat' dir='ltr'><strong>Pii</strong></span> <span class='ocrx_word' id='word_1_823' title='bbox 2211 5327 2281 5381; x_wconf 87' lang='lat' dir='ltr'><strong>ad</strong></span> <span class='ocrx_word' id='word_1_824' title='bbox 2309 5344 2520 5383; x_wconf 89' lang='lat' dir='ltr'><strong>annum</strong></span> <span class='ocrx_word' id='word_1_825' title='bbox 2549 5327 2682 5387; x_wconf 82' lang='lat'><strong>815.</strong></span> 
     </span>
    </p>
   </div>
   <div class='ocr_carea' id='block_1_115' title="bbox 2165 5397 3689 5472">
    <p class='ocr_par' dir='ltr' id='par_1_115' title="bbox 2165 5397 3689 5472">
     <span class='ocr_line' id='line_1_116' title="bbox 2165 5397 3689 5472; baseline 0.003 -21"><span class='ocrx_word' id='word_1_826' title='bbox 2165 5397 2368 5472; x_wconf 80' lang='lat' dir='ltr'><strong>d_Idem</strong></span> <span class='ocrx_word' id='word_1_827' title='bbox 2395 5400 2476 5454; x_wconf 88' lang='lat' dir='ltr'><strong>ait</strong></span> <span class='ocrx_word' id='word_1_828' title='bbox 2520 5400 2845 5472; x_wconf 83' lang='lat' dir='ltr'><strong>Paschasius</strong></span> <span class='ocrx_word' id='word_1_829' title='bbox 2867 5401 3012 5454; x_wconf 88' lang='lat' dir='ltr'><strong>infra</strong></span> <span class='ocrx_word' id='word_1_830' title='bbox 3040 5417 3160 5472; x_wconf 89' lang='lat' dir='ltr'><strong>cap.</strong></span> <span class='ocrx_word' id='word_1_831' title='bbox 3200 5399 3284 5456; x_wconf 87' lang='lat' dir='ltr'><strong>l3.</strong></span> <span class='ocrx_word' id='word_1_832' title='bbox 3305 5400 3456 5472; x_wconf 86' lang='lat' dir='ltr'><strong>Lege</strong></span> <span class='ocrx_word' id='word_1_833' title='bbox 3483 5399 3689 5455; x_wconf 87' lang='lat' dir='ltr'><strong>Obser-</strong></span> 
     </span>
    </p>
   </div>
   <div class='ocr_carea' id='block_1_116' title="bbox 2091 5469 3680 5542">
    <p class='ocr_par' dir='ltr' id='par_1_116' title="bbox 2091 5469 3680 5542">
     <span class='ocr_line' id='line_1_117' title="bbox 2091 5469 3680 5542; baseline 0.001 -20"><span class='ocrx_word' id='word_1_834' title='bbox 2091 5469 2340 5523; x_wconf 89' lang='lat' dir='ltr'><strong>vationes</strong></span> <span class='ocrx_word' id='word_1_835' title='bbox 2367 5471 2600 5542; x_wconf 69' lang='lat' dir='ltr'><strong>praevias</strong></span> <span class='ocrx_word' id='word_1_836' title='bbox 2626 5472 2686 5526; x_wconf 89' lang='lat' dir='ltr'><strong>in</strong></span> <span class='ocrx_word' id='word_1_837' title='bbox 2709 5472 2895 5526; x_wconf 82' lang='lat' dir='ltr'><strong>Vitam</strong></span> <span class='ocrx_word' id='word_1_838' title='bbox 2933 5469 3126 5525; x_wconf 72' lang='lat' dir='ltr'><strong>sancti</strong></span> <span class='ocrx_word' id='word_1_839' title='bbox 3160 5469 3469 5525; x_wconf 80' lang='lat' dir='ltr'><strong>Adalhardi</strong></span> <span class='ocrx_word' id='word_1_840' title='bbox 3492 5489 3680 5542; x_wconf 82' lang='lat' dir='ltr'><strong>supra.</strong></span> 
     </span>
    </p>
   </div>
  </div>
