4000 6170
338 245 473 306 1585

982 252 1075 306 DE
1112 251 1281 306 VITA
1320 250 1573 319 WALAE,
1617 252 1751 307 SEU
1792 250 2239 309 EPITAPHIUM
2277 249 2591 307 ARSENII.
2633 279 2699 291 —-
2736 248 2872 307 LIB.
2914 252 2959 315 Ι,

3463 254 3490 309 1
3501 248 3606 311 586

331 371 618 444 quodlibet
644 374 954 446 proprium,
979 379 1078 430 aut
1103 374 1262 446 quasi
1282 390 1392 445 quo
1411 374 1641 442 viribus,
1664 392 1767 447 pro
1788 381 1930 430 tem-
1946 380 1997 439 Α
2013 373 2320 429 necessitas
2334 372 2478 428 tanti
2501 374 2710 429 doloris
2731 374 3015 431 recordari
3030 378 3343 449 compellat.
3364 391 3607 449 quorum

330 477 483 532 pore,
506 479 607 535 pro
637 463 817 518 ofﬁcio
840 464 899 517 in
920 464 1108 534 aliquo
1135 463 1327 534 dispar
1348 463 1473 530 fuit,
1508 481 1806 519 commune
1835 470 1924 519 ta-

329 566 460 605 men
496 557 689 625 votum
717 558 776 607 et
797 553 1054 607 voluntas
1086 568 1200 607 una
1223 552 1361 621 fuit;
1394 554 1477 608 ita
1503 560 1568 608 ut
1588 554 1805 608 videres
1829 571 1926 608 eos

331 640 491 711 quasi
527 639 631 695 sub
658 657 772 695 uno
788 642 927 712 jugo
955 641 1349 713 zequanimiter
1366 643 1426 697 in
1453 643 1557 697 hac
1583 643 1927 714 agricultura

328 727 555 783 Domini
584 733 835 784 aratrum
862 729 1104 794 trahere,
1137 734 1306 800 atque
1333 730 1572 786 invicem
1601 747 1773 786 onera
1791 747 1925 803 sup-

330 821 575 887 portare.
612 817 687 872 Et
713 818 760 872 si
791 818 1015 889 quando
1058 819 1385 889 contigisset
1412 819 1492 874 eis
1522 837 1622 891 pro
1651 820 1793 886 loco,
1822 836 1925 890 pro

328 910 581 977 tempore
624 906 952 978 quantisper
979 906 1189 972 abesse,
1223 907 1440 962 videres
1488 924 1664 963 unum
1705 924 1921 977 eorum,

330 994 595 1062 alterum,
619 1010 684 1049 ac
713 994 759 1049 si
787 994 887 1049 bos
916 994 1128 1061 bovem,
1158 1012 1284 1050 cum
1311 996 1528 1067 gemitu
1561 1002 1619 1051 et
1645 997 1923 1051 desiderio

331 1083 644 1153 requirere;
669 1084 798 1153 quia
820 1100 985 1138 nemo
1006 1100 1199 1139 eorum
1228 1102 1286 1139 se
1313 1090 1494 1140 totum
1515 1085 1750 1157 putabat
1766 1086 1922 1140 ades-

329 1187 408 1236 se,
441 1187 568 1225 cum
614 1172 759 1226 alter
786 1173 1023 1226 deesset.
1055 1173 1201 1237 Quin
1246 1173 1360 1229 imo
1406 1173 1482 1228 ibi
1512 1175 1691 1245 magis
1720 1175 1921 1229 aﬂectu

329 1276 498 1330 quam
528 1276 714 1314 secum
771 1261 1006 1332 quisque
1056 1278 1251 1316 eorum
1291 1268 1429 1328 erat,
1455 1263 1541 1316 uti
1579 1263 1723 1317 alter
1751 1268 1915 1317 esset.

328 1348 399 1403 Et
419 1348 566 1403 sicut
595 1347 695 1403 bos
713 1349 993 1420 frequenti
1025 1351 1245 1421 mugitu
1290 1367 1457 1422 quam
1486 1368 1631 1423 saepe
1659 1352 1814 1422 pium
1839 1351 1922 1405 al-

327 1436 507 1491 terius
533 1441 774 1492 testatur
800 1439 1081 1506 aﬂ‘ectum,
1113 1439 1160 1492 si
1206 1439 1350 1493 forte
1382 1439 1626 1494 defuerit
1653 1456 1780 1493 cum
1811 1454 1922 1509 quo

324 1526 552 1580 trahere
580 1530 829 1581 aratrum
879 1543 915 1580 a
964 1527 1140 1581 latere
1169 1532 1550 1593 consueverat,
1583 1527 1665 1580 ita
1705 1526 1812 1580 sibi
1850 1526 1921 1580 ad

324 1613 561 1669 invicem
592 1615 815 1669 solliciti
845 1615 1334 1685 congemiscebant
1360 1632 1474 1686 prae
1506 1615 1806 1680 desiderio,
1832 1630 1922 1668 co-

2007 464 2259 518 fraterna
2286 462 2514 517 claritas
2547 461 2611 534 [f2
2628 462 2900 537 Charitas]
2933 469 2991 519 et
3013 466 3307 521 amoenitas
3326 454 3470 532 vitae,
3488 481 3603 519 non

2006 556 2230 606 tantum
2288 550 2469 619 nobis,
2499 566 2698 605 verum
2743 551 2802 606 in
2859 553 3012 607 omni
3052 554 3287 625 imperio
3336 554 3495 625 regni
3520 552 3602 608 sic

2005 640 2235 695 emicuit
2267 646 2324 695 et
2352 638 2720 711 resplenduit,
2754 641 2915 711 quasi
2941 641 3160 697 videres
3197 642 3307 697 duo
3336 642 3460 696 caeli
3508 642 3599 697 lu-

2007 729 2247 783 minaria
2275 728 2484 800 ubique
2514 728 2819 783 clarescere
2842 750 2855 785 :
2879 731 3134 799 quamvis
3162 731 3270 785 iste
3298 731 3504 797 minus,
3536 735 3602 784 ut

2008 817 2087 871 ita
2124 817 2323 884 fatear,
2356 823 2414 870 et
2466 816 2561 870 ille
2609 820 2829 886 majus:
2865 817 2999 888 quia
3048 817 3141 871 ille
3178 823 3341 889 pater
3371 822 3511 885 erat,
3543 823 3601 872 et

2004 905 2111 960 iste
2141 906 2289 960 filius
2318 925 2329 959 :
2363 905 2458 959 ille
2489 921 2658 959 senex
2686 905 2892 971 senior,
2919 911 2975 959 et
3031 900 3139 960 iste
3176 906 3319 960 forte
3345 907 3599 976 agilitate

2006 1010 2227 1048 morum
2250 994 2451 1061 acrior,
2478 994 2624 1049 sicut
2643 997 2700 1048 et
2718 998 2881 1049 aetate
2903 994 3110 1064 junior.
3139 995 3202 1049 In
3224 994 3427 1065 quibus
3446 995 3603 1048 nulla

2004 1083 2253 1137 adulatio
2287 1083 2412 1151 fuit,
2445 1083 2542 1136 sed
2572 1082 2703 1137 hinc
2730 1083 2862 1137 inde
2907 1099 3169 1154 expressa
3213 1083 3412 1153 pietas,
3446 1084 3602 1137 nulla

2003 1172 2075 1224 ad
2102 1171 2337 1225 invicem
2364 1171 2635 1226 dissensio
2664 1187 2674 1220 :
2704 1171 2784 1226 ita
2834 1176 2898 1225 ut
2934 1188 3049 1226 non
3093 1170 3372 1226 inVenires
3404 1171 3474 1225 ad
3504 1187 3598 1226 eo-

2003 1276 2131 1313 rum
2175 1259 2447 1330 propositi
2487 1259 2903 1315 simulationem
2934 1262 3015 1328 (z‘d
3042 1266 3117 1314 est
3149 1260 3595 1330 similitudinem)

2006 1348 2141 1419 quid
2169 1348 2424 1414 adderes,
2457 1348 2725 1418 quoniam
2766 1365 2914 1403 unus
2958 1348 3190 1420 spiritus
3244 1354 3366 1402 erat
3413 1349 3472 1402 in
3517 1348 3600 1402 eis

2006 1442 2063 1490 et
2089 1452 2205 1489 una
2251 1437 2412 1503 ﬁdes,
2442 1453 2669 1507 unaque
2714 1438 3012 1491 concordia
3053 1438 3226 1508 pacis,
3252 1442 3309 1492 et
3352 1454 3483 1491 vera
3539 1437 3597 1491 in

2004 1522 2263 1577 omnibus
2284 1523 2483 1594 religio
2508 1523 2845 1578 sanctitatis.
2878 1524 2949 1578 Et
2982 1524 3107 1580 ideo
3159 1526 3308 1579 inter
3336 1542 3432 1580 eos
3459 1524 3601 1580 nihil

2004 1612 2157 1666 aliud
2186 1628 2357 1683 quam
2383 1617 2565 1667 totum
2598 1629 2720 1683 quae
2767 1613 3059 1667 charitatis
3088 1618 3219 1668 sunt
3264 1619 3321 1668 et
3348 1614 3597 1684 pietatis,

321 1702 569 1771 gitantes
598 1703 729 1774 quid
760 1704 903 1757 alter
925 1709 1135 1774 ageret,
1170 1704 1346 1758 donec
1373 1721 1433 1758 se
1459 1704 1564 1758 sibi
1584 1704 1656 1758 ad
1678 1703 1914 1757 invicem
1940 1691 1981 1750 Β
2001 1701 2450 1772 deprehenderes
2471 1706 2537 1755 ut
2560 1717 2665 1756 nec
2709 1702 2856 1757 vices
2885 1706 3192 1769 mutarent,
3227 1719 3330 1757 nec
3357 1703 3428 1757 ad
3453 1703 3599 1757 invi-

324 1790 643 1845 redderent.
664 1791 822 1846 Licet
850 1792 997 1846 enim
1040 1808 1187 1847 unus
1227 1809 1420 1847 eorum
1460 1797 1609 1846 esset
1634 1797 1799 1846 aetate
1828 1808 1918 1846 se-

318 1877 462 1943 nior,
493 1884 550 1932 et
578 1880 721 1934 alter
749 1880 1053 1935 admodum
1097 1880 1319 1951 juvenis
1343 1901 1357 1943 ;
1389 1897 1491 1952 par
1518 1887 1708 1937 tamen
1749 1880 1808 1934 in
1837 1881 1916 1935 eis

312 1966 679 2026 desiderium.
715 1969 860 2033 Quia
908 1970 1013 2024 etsi
1065 1968 1172 2023 iste
1219 1969 1504 2024 robustior
1538 1985 1788 2040 corpore,
1820 1968 1916 2023 ille

311 2055 512 2110 ardore
538 2057 830 2111 charitatis
849 2057 1176 2125 sublimior;
1207 2074 1321 2111 una
1339 2062 1531 2111 tamen
1551 2057 1609 2110 in
1634 2057 1712 2111 eis
1733 2057 1914 2110 inten-

310 2143 411 2207 tio,
445 2161 622 2199 unum
654 2145 1027 2215 propositum,
1059 2162 1284 2215 unaque
1311 2145 1600 2211 voluntas;
1634 2144 1912 2215 siquidem

309 2231 417 2286 iste
447 2232 667 2286 acutior
704 2249 891 2298 sensu,
933 2234 1030 2286 sed
1062 2250 1229 2287 senex
1259 2237 1451 2287 noster
1479 2233 1537 2287 in
1570 2232 1802 2287 consilio
1854 2237 1912 2289 et

312 2319 587 2374 charitate
614 2319 800 2375 latior.
833 2322 945 2375 Iste
974 2321 1133 2391 quasi
1164 2338 1265 2393 pro
1311 2321 1536 2392 justitia
1586 2321 1904 2388 ferventior,

276 2391 407 2460 lsed
467 2408 560 2461 ille
615 2409 892 2462 maturior
917 2408 1428 2481 circumspectione,
1454 2416 1512 2465 et
1559 2411 1910 2482 providentia

316 2494 648 2565 profundior
675 2514 689 2551 :
722 2495 801 2550 ita
826 2502 891 2551 ut
911 2498 1017 2551 iste
1060 2498 1115 2552 in
1138 2498 1323 2553 subito
1351 2499 1568 2554 acutius
1604 2501 1908 2571 responde-

308 2588 399 2637 ret
416 2583 486 2637 ad
508 2584 751 2654 singula,
778 2586 875 2639 sed
912 2586 1005 2640 ille
1036 2587 1261 2656 longius
1287 2593 1342 2640 et
1370 2588 1534 2642 simul
1569 2589 1637 2642 ad
1666 2606 1908 2660 praesens

308 2672 702 2726 considerabat
728 2675 1042 2743 profutura,
1066 2681 1123 2729 et
1147 2693 1491 2746 quaecunque
1520 2678 1741 2732 evenire
1773 2695 1906 2749 pos-

308 2765 435 2814 sent
459 2766 705 2815 econtra.
734 2762 998 2825 Quamvis
1048 2780 1181 2833 ergo
1232 2780 1398 2818 carne
1446 2771 1632 2822 essent
1681 2766 1902 2833 fratres,

309 2854 369 2902 et
389 2849 807 2918 germanissimi
835 2850 944 2904 ﬁde
963 2856 1021 2904 et
1045 2852 1351 2918 voluntate,
1370 2852 1618 2907 moribus
1637 2859 1829 2909 tamen
1847 2854 1905 2908 in

308 2936 414 2991 hoc
437 2935 686 3008 dispares
716 2937 1069 3003 videbantur,
1104 2940 1251 3010 quod
1296 2940 1388 2993 ille
1420 2942 1711 3012 egregium
1756 2943 1813 2996 in
1845 2959 1904 2996 se

309 3024 566 3079 omnibus
586 3027 1024 3096 reprzesentabat
1045 3034 1288 3097 patrem:
1325 3029 1424 3081 iste
1453 3035 1641 3082 autem
1665 3032 1903 3101 discipu-
1922 3043 1962 3099 ιζ

311 3115 423 3166 lum
445 3114 764 3167 monasticae
791 3115 1118 3185 disciplina}:
1148 3126 1199 3167 et
1232 3118 1621 3171 charissimam
1664 3120 1714 3171 in
1750 3124 1901 3172 mmn

307 3202 649 3269 subjectione
684 3204 878 3256 lilium.

974 3309 1232 3347 SEVERVS.

377 3382 457 3434 De
493 3381 580 3435 his
604 3397 738 3452 ergo
756 3398 923 3436 nemo
947 3381 1202 3453 ambigit,
1236 3385 1502 3454 quoniam
1536 3384 1661 3455 ipsi,
1698 3391 1760 3438 ut
1780 3403 1900 3438 om-

305 3485 403 3523 nes
431 3469 696 3537 fatentur,
730 3487 795 3524 ex
814 3471 967 3525 omni
988 3471 1163 3541 regali
1191 3472 1449 3543 prosapie
1478 3472 1791 3543 singulares
1820 3489 1904 3527 es-

306 3561 434 3610 sent
458 3557 516 3611 in
563 3558 860 3613 sanctitate
899 3575 964 3612 ac
1005 3559 1295 3630 religione,
1342 3567 1512 3631 atque
1550 3560 1610 3615 in
1654 3560 1902 3615 bonitate

306 3645 945 3703 studiosissimi.1dcirco
970 3663 1072 3701 nec
1104 3648 1330 3713 mirum,
1356 3648 1403 3702 si
1425 3665 1484 3703 se
1511 3649 1721 3703 mutuis
1748 3648 1903 3703 fove-

304 3732 443 3787 bant
474 3733 792 3801 virtutibus,
816 3735 913 3805 qui
961 3752 1019 3788 se
1062 3736 1232 3790 etiam
1264 3736 1391 3791 aliis
1418 3737 1721 3792 imitabiles
1758 3754 1899 3809 prae-

302 3820 511 3877 bebant
526 3823 813 3895 exemplis.
834 3823 942 3878 Sed
964 3824 1229 3894 quoniam
1258 3825 1536 3880 Antonius
1566 3831 1756 3881 noster
1776 3827 1897 3897 jam

295 3916 589 3966 senectute
616 3911 795 3966 fessus
844 3911 1124 3967 laboribus
1164 3919 1221 3967 et
1249 3915 1398 3968 curis
1429 3914 1723 3969 videbatur
1752 3914 1896 3970 infe-

301 3999 437 4066 rior,
460 4004 582 4054 erat
598 4004 789 4054 tamen
815 3999 874 4054 in
895 4000 1169 4055 charitate
1195 4002 1453 4074 amplior.
1478 4003 1654 4074 Cujus
1677 4019 1898 4075 semper

301 4088 449 4142 latus
467 4087 759 4143 sollicitior
777 4088 885 4143 iste
905 4089 1107 4144 aﬁ‘ectu
1142 4090 1248 4162 piae
1276 4090 1587 4145 devotionis
1615 4108 1716 4146 suo
1744 4092 1896 4147 fove—

301 4176 399 4230 bat
417 4175 623 4243 studio,
638 4181 691 4231 et
710 4193 873 4232 curas
898 4178 1190 4248 regiminis
1216 4179 1331 4233 suis
1359 4179 1898 4252 humilitercomple-

300 4264 398 4319 bat
425 4265 639 4319 officiis.
674 4266 761 4320 Ita
789 4271 854 4320 ut
882 4266 1096 4321 videres
1126 4283 1252 4321 eum
1287 4268 1479 4322 omnia
1508 4285 1807 4339 procurare
1831 4274 1898 4324 ut

2001 1805 2120 1842 cem
2152 1789 2305 1843 aliud
2329 1790 2471 1843 velle
2503 1806 2904 1859 cognosceres:
2942 1808 3178 1862 quorum
3211 1796 3335 1846 erat
3364 1792 3599 1863 pulchra

2001 1894 2222 1931 morum
2250 1878 2582 1948 proprietas,
2612 1883 2679 1931 ut
2722 1878 2770 1931 si
2796 1895 2907 1948 qua
2934 1879 3079 1932 alter
3103 1880 3347 1933 alterum
3386 1880 3598 1934 virtute

1998 1965 2314 2031 excelleret,
2336 1982 2508 2019 unam
2535 1965 2592 2019 in
2613 1965 2692 2019 eis
2721 1965 2792 2018 ad
2813 1966 3051 2021 invicem
3078 1966 3422 2038 intelligeres
3460 1968 3595 2021 har-

1994 2053 2241 2107 moniam
2271 2053 2604 2121 honestatis,
2629 2070 2917 2126 unumque
2945 2055 3170 2109 virtutis
3186 2060 3596 2127 temperamen-

1992 2146 2136 2195 tum.
2171 2143 2305 2196 Erat
2327 2142 2478 2197 enim
2504 2142 2583 2197 sic
2612 2143 2903 2214 proprium
2930 2143 2987 2197 in
3031 2144 3111 2198 eis
3144 2145 3293 2216 quod
3324 2149 3446 2199 erat
3470 2145 3589 2211 uni,

1992 2235 2057 2285 ut
2094 2247 2391 2286 commune
2430 2230 2700 2302 probares
2748 2248 2868 2286 esse
2923 2232 3195 2287 ambobus
3227 2251 3239 2285 :
3286 2233 3368 2288 ita
3402 2238 3590 2298 tenus,

1990 2323 2057 2373 ut
2076 2335 2202 2373 vere
2221 2318 2327 2375 iste
2355 2319 2622 2374 dimidius
2650 2319 2883 2375 alterius
2911 2320 3215 2385 diceretur,
3247 2321 3393 2376 sicut
3414 2326 3472 2377 et
3496 2322 3590 2377 ille

1991 2407 2286 2479 integritas
2331 2408 2493 2463 istius
2544 2407 2870 2479 putabatur.
2907 2409 3051 2463 Hinc
3105 2415 3209 2476 est,
3252 2410 3587 2476 charissimi,

1991 2497 2139 2567 quod
2165 2497 2223 2551 in
2245 2496 2486 2552 Saxonia
2504 2501 2621 2551 tam
2644 2498 2958 2563 unanimes,
2978 2503 3208 2569 tamque
3226 2499 3408 2553 devoti
3436 2515 3589 2555 novae

1988 2585 2354 2655 plantationis
2399 2586 2658 2657 germina
2706 2587 3138 2657 plantaverunt;
3189 2592 3247 2640 et
3291 2590 3586 2658 utriusque

1988 2681 2183 2728 sexus'
2198 2690 2232 2727 a
2258 2674 2626 2729 fundamento
2650 2673 2924 2742 cmnobia,
2942 2675 3159 2729 favente
3180 2674 3434 2741 Domino,
3455 2692 3589 2730 con-

1987 2766 2333 2816 struxerunt.

2571 2852 2806 2907 CAPUT
2844 2853 2993 2906 XIII.

2590 2954 2932 2995 ADEODATUS
2943 2981 2956 2993 .

2058 3027 2227 3083 Miror
2250 3045 2351 3082 cur
2375 3028 2512 3083 velis
2539 3045 2631 3083 eos
2680 3046 2986 3098 nowquare.
3021 3046 3144 3083 eum
3180 3045 3289 3083 non
3321 3030 3445 3091 iste,
3483 3030 3581 3084 sed

1986 3117 2279 3183 Antonius.
2318 3117 2449 3189 quia
2497 3119 2599 3171 loci
2629 3120 2795 3185 hujus
2832 3124 3017 3186 pastor
3049 3126 3185 3171 erat.
3223 3119 3307 3171 cui
3347 3118 3581 3172 facultas

1987 3206 2316 3274 suppetebat
2368 3207 2699 3264 aediﬁcandi.
2736 3226 2796 3257 ea
2846 3206 3232 3272 :mlili.‘-a\’¢-'i‘it;
3268 3207 3356 3260 hic
3396 3214 3585 3261 autem

1986 3311 2047 3345 ac
2073 3294 2117 3344 si
2153 3311 2295 3347 unus
2326 3300 2448 3349 erat
2472 3313 2537 3349 ex
2570 3296 2827 3365 plurimis
2860 3314 2869 3347 :
2900 3295 3028 3346 licet.
3057 3296 3336 3367 acceptior
3363 3296 3421 3349 in
3451 3313 3583 3366 gra-

1983 3382 2083 3444 tia,
2116 3382 2248 3451 quia
2272 3383 2474 3450 frater;
2498 3385 2828 3453 prot'undior
2857 3385 2913 3436 in
2938 3384 3187 3449 consilio,
3223 3384 3378 3455 prior
3397 3384 3455 3438 in
3489 3402 3581 3439 vo-

1983 3470 2220 3536 luntate,
2261 3471 2446 3540 major
2471 3471 2533 3524 in
2582 3471 2884 3541 adjutorio,
2920 3472 3212 3525 sollicitior
3239 3472 3298 3526 in
3331 3479 3478 3526 voto.
3513 3474 3582 3527 Et

1985 3556 2109 3611 ideo
2141 3557 2394 3629 quamvis
2421 3575 2645 3629 semper
2677 3558 2978 3630 plurimum
3008 3576 3067 3613 se
3092 3560 3413 3630 diligerent,
3430 3560 3582 3614 labo-

1983 3662 2215 3718 remque
2237 3663 2401 3702 suum
2433 3648 2578 3703 alter
2606 3664 2798 3702 eorum
2832 3648 3063 3702 alterius
3093 3664 3214 3702 esse
3244 3648 3411 3703 vellet
3443 3665 3579 3719 pra:-

1981 3735 2178 3800 mium,
2206 3741 2400 3791 tamen
2428 3736 2510 3790 illi
2550 3736 2750 3790 merito
2780 3736 3085 3808 deputatur
3122 3753 3338 3791 merces
3368 3738 3573 3808 operis,

1981 3823 2040 3877 in
2086 3825 2247 3895 cujus
2275 3841 2398 3896 quae
2423 3830 2585 3895 gesta
2631 3829 2780 3889 sunt,
2805 3824 3134 3879 dedicantur
3181 3824 3371 3879 labore
3399 3842 3411 3877 :
3445 3825 3581 3896 quia

1983 3912 2087 3966 etsi
2113 3929 2402 3984 nunquam
2423 3914 2586 3968 alteri
2617 3929 2811 3968 eorum
2835 3913 2956 3967 sine
2980 3914 3157 3967 altero
3184 3913 3291 3967 fuit
3315 3914 3574 3969 voluntas

1982 4001 2185 4071 agendi
2213 4003 2360 4072 quod
2391 4002 2548 4074 pium
2596 4007 2653 4055 et
2698 4006 2956 4056 sanctum
3000 4007 3114 4069 est;
3157 4001 3310 4056 illius
3360 4002 3578 4056 interea

1973 4090 2103 4159 jure
2147 4091 2453 4162 deputatur
2481 4091 2690 4147 meriti.
2720 4092 2879 4161 cujus
2928 4090 3034 4145 fuit
3073 4095 3321 4162 potestas
3351 4090 3571 4161 agendi,

1978 4179 2233 4251 quamvis
2263 4195 2560 4234 commune
2579 4179 2751 4234 fuerit
2774 4196 2914 4250 Opus
2944 4179 3149 4234 laboris
3165 4224 3177 4236 .

2598 4279 2968 4323 PASCHASIUS.

302 4353 502 4420 filium,
526 4353 615 4408 cui
645 4353 939 4408 exhibebat
966 4355 1340 4409 reverentiam
1367 4361 1435 4411 ut
1467 4357 1679 4427 junior,
1711 4358 1956 4426 famu-D
2046 4356 2334 4419 Quantum
2362 4355 2607 4411 exterius
2636 4360 2918 4427 exspectat
2943 4356 3002 4409 in
3054 4353 3299 4410 humano
3330 4356 3562 4426 judicio,

300 4442 479 4495 latum
508 4445 573 4495 ut
599 4457 810 4506 servus,
835 4441 1184 4512 diligentiam
1216 4448 1282 4497 ut
1307 4443 1482 4498 frater
1508 4446 1889 4513 charissimus,

300 4529 699 4584 teneritudinis
718 4545 966 4584 amorem
989 4531 1292 4602 aliquando
1316 4537 1382 4587 ut
1404 4538 1595 4604 pater;
1628 4534 1898 4606 imperio-

300 4634 426 4671 sum
458 4634 681 4689 quoque
707 4618 1003 4673 consilium
1032 4636 1160 4675 cum
1190 4621 1340 4675 omni
1369 4621 1688 4678 humilitate
1716 4628 1781 4679 ut
1808 4640 1897 4678 se-

301 4706 456 4773 nior;
485 4706 577 4761 cui
607 4711 730 4761 erat
757 4712 918 4762 tanta
944 4708 1002 4762 in
1056 4710 1272 4764 cunctis
1307 4711 1600 4781 patientia.
1633 4717 1699 4768 ut
1725 4712 1896 4768 nullis

299 4800 618 4850 moveretur
637 4796 1021 4851 molestiarum
1053 4797 1297 4868 injuriis.

920 4900 1121 4940 PASGHA
1127 4899 1246 4941 SI'US
1255 4926 1266 4939 .

365 4972 519 5027 Bene
548 4972 766 5036 recolis,
792 4972 984 5035 frater,
1016 4972 1098 5026 ita
1151 4978 1217 5028 ut
1259 4974 1427 5028 unius
1458 4975 1891 5031 necessitudinis

293 5060 480 5133 gratia
500 5060 879 5133 complurium
893 5060 1053 5116 nobis
1070 5062 1549 5118 necessitudinum
1566 5064 1751 5119 ofﬁcia
1766 5071 1896 5120 oon-

294 5165 596 5206 numerare
620 5149 893 5205 videaris:
932 5158 1208 5222 quatenus
1228 5150 1285 5205 in
1306 5167 1420 5206 uno
1441 5152 1751 5223 eodemque
1780 5170 1892 5208 non

294 5255 472 5295 unum
492 5256 596 5295 nos
611 5238 864 5294 amisisse
885 5239 1196 5304 doleamus,
1216 5240 1313 5294 sed
1342 5241 1550 5312 plures.
1572 5242 1891 5296 Praesertim

297 5344 426 5383 cum
455 5332 513 5383 et
534 5327 595 5384 in
623 5328 754 5394 isto,
788 5333 847 5384 et
879 5328 999 5399 jam
1028 5328 1089 5383 in
1117 5328 1362 5383 Antonio
1395 5329 1528 5401 quid
1575 5329 1887 5398 amisimus,

369 5481 395 5510 ιι
424 5469 711 5555 ἸῙίιθριςιιηιΒ
727 5471 954 5555 quidem
999 5469 1292 5555 qorbeiam
1341 5488 1591 5555 novam_:.
1614 5472 1893 5555 virginum

302 5547 492 5598 autem
538 5541 985 5598 Herefordiense.
1020 5542 1100 5597 De
1156 5547 1395 5615 utroque
1437 5543 1497 5598 in
1538 5541 1775 5599 historia
1824 5544 1892 5598 de

1975 4442 2056 4497 ita
2095 4443 2245 4497 fama
2272 4460 2440 4515 quam
2473 4460 2622 4515 saepe
2650 4443 3002 4498 concelebrat
3030 4444 3224 4498 laudes
3265 4443 3325 4497 in
3374 4444 3561 4515 vulgo.

1979 4532 2088 4586 Sed
2117 4532 2340 4587 divinus
2356 4532 2585 4587 Arbiter
2611 4532 2764 4586 intus
2791 4531 3059 4587 discernit
3085 4531 3328 4601 gratiam
3356 4532 3568 4588 unicui-

1982 4638 2089 4693 que
2122 4639 2291 4693 quam
2327 4621 2502 4687 dedit,
2527 4626 2584 4675 et
2611 4620 2859 4674 laborem
2892 4620 3152 4691 deinceps
3182 4626 3310 4691 post
3330 4622 3572 4692 gratiam

1981 4710 2217 4782 quisque
2256 4727 2424 4782 quem
2467 4708 2759 4781 impendit.
2792 4710 2867 4762 At
2891 4724 3021 4761 vero
3050 4708 3285 4762 istorum
3315 4709 3572 4765 voluntas

1979 4798 2111 4869 quia
2140 4815 2254 4853 una
2272 4803 2412 4865 erat,
2433 4804 2491 4853 et
2518 4802 2759 4867 utraque
2790 4813 2983 4850 eorum
3014 4812 3084 4850 ex
3110 4797 3343 4851 alterius
3373 4798 3574 4870 pende-

1972 4885 2069 4941 bat
2097 4887 2403 4951 voluntate,
2438 4901 2624 4940 sermo
2646 4900 2773 4939 cum
2804 4884 2874 4937 ab
2903 4900 3000 4938 ore
3032 4884 3353 4956 prodiisset,
3387 4887 3571 4942 mani-

1970 4975 2178 5030 festum
2218 4981 2305 5030 est
2326 4973 2606 5038 omnibus,
2642 4973 2790 5044 quod
2838 4973 2968 5027 huic
3011 4974 3257 5045 primum
3306 4975 3570 5029 divinitus

1971 5064 2308 5135 inspiratum
2339 5067 2441 5129 est,
2486 5061 2775 5117 occasione
2808 5067 3033 5133 accepta
3072 5080 3174 5133 pro
3228 5062 3563 5133 quibusdam

1974 5151 2060 5206 sui
2086 5152 2307 5223 generis
2336 5151 2385 5216 b,
2430 5151 2526 5222 qui
2561 5151 2633 5205 ad
2661 5167 2764 5206 nos
2792 5152 3169 5206 conversionis
3192 5150 3377 5220 gratia
3401 5166 3568 5205 vene-

1972 5246 2125 5307 runt,
2158 5246 2216 5295 et
2241 5241 2311 5295 de
2338 5239 2505 5295 rebus
2533 5239 2650 5295 suis
2678 5239 2838 5294 nobis
2866 5241 3235 5303 tradiderunt,
3271 5254 3380 5309 quo
3408 5238 3564 5295 locus

1974 5329 2345 5385 aedificaretur
2361 5328 2621 5386 emnobii.
2647 5329 2808 5386 Unde
2837 5335 2899 5385 ut
2935 5333 3057 5383 crat
3100 5327 3207 5381 iste
3230 5343 3421 5382 amore
3458 5328 3564 5383 fer-

1975 5472 2338 5527 translatione
2363 5471 2420 5527 S.
2456 5471 2592 5527 Viti.

2046 5544 2073 5584 δ
2104 5544 2167 5601 Id
2187 5548 2274 5600 est
2300 5543 2582 5613 Saxonici,
2605 5559 2777 5617 supra
2802 5557 2923 5613 cap.
2953 5540 3036 5600 12.
