4000 6170
405 184 549 244 1587
1159 177 1220 232 S.
1262 174 1642 232 PASCHASII
1679 173 2041 240 RADBERTI
2079 170 2383 228 ABBATIS
2421 169 2923 226 CORBEIENBIS.
3543 170 3684 228 1588

412 323 544 366 vens
565 306 712 386 circa
738 305 919 362 Deum
945 306 1008 370 et
1039 302 1189 360 circa
1209 300 1543 370 religionem
1563 304 1838 367 sanctam,
1859 300 2070 362 circaA
2087 298 2302 354 videres
2342 311 2437 350 eos
2474 297 2717 352 recreari
2777 297 2848 352 ab
2890 297 3149 362 invicem,
3176 300 3240 365 et
3292 296 3563 370 proﬁcere
3617 297 3682 362 in

405 385 758 468 propinquos
778 394 864 448 sui
882 391 1108 463 generis
1133 395 1190 444 et
1214 388 1453 462 patriam
1473 408 1484 451 ;
1508 389 1676 459 ccepit
1705 389 2004 456 instantius
2085 385 2318 441 cunctis.
2353 385 2486 448 Quae
2525 385 2716 439 omnia
2735 385 2937 440 melius
2961 387 3196 450 fortasse
3217 385 3550 446 Paschasius
3576 403 3682 441 no—

409 471 768 558 persuadere,
804 499 868 536 ac
903 480 1111 536 crebris
1139 478 1412 534 Abbatem
1455 479 1744 550 egregium
1770 479 2007 550 aequivo-
2086 475 2184 540 vit,
2210 474 2360 527 intus
2389 473 2592 528 forisve
2631 490 2754 544 quae
2809 481 2867 529 et
2894 476 3137 547 qualiter
3178 480 3435 545 egerunt,
3466 474 3563 545 qui
3600 475 3679 532 eis

407 590 539 640 cum
569 584 594 613 ι
625 573 794 644 senis,
824 572 993 640 hujus
1014 568 1198 639 operis
1225 574 1290 623 ut
1336 567 1585 622 laborem
1632 569 2001 643 impenderet,

413 664 471 714 et
498 664 757 731 sumptus
787 656 1092 730 praeberet;
1127 655 1260 726 quia
1299 655 1418 726 ipse
1443 657 1563 726 jam
1601 661 1735 710 tunc
1763 662 1902 722 erat,
1945 656 2005 710 in

413 765 523 820 quo
551 745 855 802 domestica
881 744 1206 800 monasterii
1245 743 1422 800 nostri
1451 743 1766 798 sollicitudo
1787 749 1844 799 et
1869 761 2006 799 cura

409 836 661 902 residens
716 834 937 905 publica
995 830 1396 904 requiescebat.
1428 832 1640 897 Quibus
1695 833 1862 887 Pater
1912 833 2006 888 ille

413 925 640 991 auditis,
665 921 886 978 Arsenii
922 921 1100 976 nostri
1131 927 1320 975 votum
1361 926 1418 974 et
1466 922 1817 976 voluntatem
1844 937 2004 976 suam

415 1031 532 1086 esse
560 1012 707 1068 fecit.
740 1011 941 1082 Sicque
969 1015 1214 1080 emptum
1237 1014 1323 1064 est
1352 1026 1490 1082 opus
1518 1010 1761 1076 virtutis,
1791 1015 1847 1064 et
1883 1027 2007 1082 pro-

411 1107 700 1173 speratum
723 1101 1017 1170 tantisper,
1038 1099 1216 1153 donec
1242 1114 1411 1153 senex
1454 1098 1731 1152 Antonius
1771 1097 1839 1151 ab
1869 1099 2008 1152 exsi-

411 1191 487 1245 lio
507 1206 815 1260 regressus,
848 1188 907 1242 in
935 1188 1120 1258 gratia
1144 1191 1229 1242 est
1257 1186 1572 1242 restitutus.
1606 1187 1726 1251 Quo
1752 1204 2006 1257 regresso

414 1279 576 1334 istius
605 1279 861 1332 voluntas
911 1293 1038 1330 mox
1081 1276 1227 1330 facta
1253 1279 1339 1330 est
1367 1275 1516 1330 senis
1542 1295 1556 1330 :
1589 1275 1670 1330 ita
1697 1281 1762 1330 ut
1788 1275 2007 1330 videres

413 1369 590 1424 ﬁlium
608 1368 667 1424 in
687 1368 790 1421 hac
805 1366 991 1436 gratia
1010 1370 1226 1436 patrem
1248 1363 1513 1418 eximium
1537 1364 1819 1436 genuisse,
1845 1365 2006 1434 cujus

411 1456 662 1513 crebrior
690 1454 1008 1512 adhortatio
1036 1454 1095 1507 in
1133 1453 1238 1508 hac
1275 1458 1434 1524 parte
1462 1468 1632 1508 unam
1663 1451 1902 1506 duorum
1924 1451 2006 1506 in-

412 1547 723 1600 tentionem
740 1543 889 1608 fecit,
910 1557 1200 1610 unumque
1213 1541 1511 1611 vestigium
1541 1540 1866 1608 voluntatis,
1887 1540 2006 1611 qui-

2089 578 2275 616 comes
2306 561 2412 616 fuit
2463 562 2519 614 in
2553 561 2812 622 omnibus
2859 563 3132 634 specialis,
3165 569 3222 618 et
3264 564 3423 636 quasi
3479 563 3682 618 tertius

2081 651 2237 724 inter
2262 667 2355 704 eos
2385 649 2443 703 in
2471 650 2623 704 omni
2655 651 2899 722 negotio,

2686 775 2921 830 CAPUT
2966 775 3085 830 XV.

2700 913 3062 955 PASCHASIC-S.

2161 1009 2288 1062 Non
2319 1023 2505 1062 annuo
2521 1023 2642 1078 quae
2661 1008 2887 1072 astruis,
2907 1008 3149 1062 maxime
3173 1007 3413 1078 qualiter
3433 1009 3491 1063 in
3518 1013 3687 1080 gente

2089 1097 2185 1152 illa
2219 1097 2449 1168 przefata
2485 1097 2947 1150 coaadiﬁcaverint
2991 1097 3246 1150 coenobia
3272 1097 3568 1168 utriusque
3597 1114 3686 1151 se-

2088 1202 2217 1252 xus;
2267 1202 2393 1240 cum
2424 1191 2636 1256 quanta
2665 1185 2958 1239 devotione
3001 1191 3057 1238 et
3105 1186 3322 1240 fervore
3371 1186 3680 1250 charitatis,

2089 1290 2216 1327 cum
2246 1279 2458 1345 quanta
2479 1273 2795 1327 humilitate
2826 1281 2881 1328 et
2908 1274 3253 1329 sublimitate
3285 1275 3576 1339 virtutum,
3610 1276 3689 1328 ita

2089 1368 2154 1432 ut
2180 1363 2238 1416 in
2271 1380 2329 1416 se
2361 1368 2743 1417 monstrarent
2771 1363 3006 1416 formam
3056 1369 3261 1418 sanctae
3307 1364 3601 1434 religionis
3630 1371 3685 1418 et

2090 1451 2343 1522 exempla
2399 1451 2772 1524 perfectionis,
2814 1457 2878 1506 ut
2927 1451 3200 1507 haberent
3245 1452 3446 1506 diebus
3501 1453 3683 1507 saeculi

2090 1555 2358 1610 sequaces
2388 1541 2651 1610 discipuli
2684 1540 2787 1594 sub
2830 1541 3138 1595 monastica
3161 1540 3462 1611 disciplina
3514 1541 3573 1596 in
3606 1543 3683 1595 eis

413 1633 516 1688 bus
527 1633 677 1686 Deus
695 1646 871 1685 unum
893 1630 1051 1689 velle,
1066 1644 1354 1699 unumque
1375 1629 1522 1684 nolle
1536 1627 1720 1695 dedit;
1743 1628 2008 1698 quoniam
2025 1617 2070 1676 Β
2093 1645 2215 1700 qua:
2239 1629 2450 1683 imitari
2480 1629 2767 1694 deberent,
2800 1629 3066 1700 quoniam
3100 1629 3244 1684 sicut
3272 1630 3550 1684 Dominus
3589 1631 3682 1695 ait,

415 1727 474 1777 et
499 1721 606 1791 ipsi
626 1725 794 1774 antea
815 1718 872 1772 in
893 1717 1124 1788 reliquis
1149 1716 1372 1771 indivisi
1401 1722 1582 1777 erant.
1615 1717 1838 1788 quando
1867 1717 2010 1772 alter

414 1826 578 1865 nemo
600 1808 720 1862 sine
741 1808 918 1862 altero
939 1807 1119 1860 vivere
1141 1805 1418 1876 cupiebat,
1453 1822 1694 1877 quorum
1720 1821 1867 1860 unus
1887 1810 2010 1861 erat

413 1898 643 1967 affectus
676 1895 902 1961 mentis,
926 1911 1215 1964 unumque
1235 1893 1594 1961 desiderium,
1628 1899 1685 1948 et
1713 1911 1825 1948 una
1862 1895 2010 1948 solli-

412 1986 601 2042 citudo
630 1989 833 2039 sanctae
858 1983 1160 2053 religionis.
1189 1983 1543 2055 QuaprOpter
1565 1983 1750 2038 videat
1769 1984 2011 2054 pruden-

413 2075 496 2130 tia
528 2075 790 2139 ﬁliorum,
824 2073 1064 2132 maxime
1093 2087 1232 2142 quos
1262 2072 1474 2142 pariter
1501 2088 1696 2126 eorum
1735 2072 1874 2126 ﬁdes
1910 2089 2010 2142 ge-

343 2233 350 2238 “
413 2164 556 2230 nuit,
590 2168 648 2217 et
674 2161 918 2218 Charitas
947 2161 1006 2215 in
1054 2161 1157 2216 hac
1195 2161 1380 2231 gratia
1425 2160 1663 2214 Domino
1701 2161 2006 2228 dedicavit;

414 2259 680 2309 utrumne
705 2251 806 2305 ulli
845 2250 1086 2320 amplior
1115 2265 1326 2303 merces
1346 2265 1468 2303 esse
1497 2247 1716 2314 debeat,
1751 2265 1920 2320 quam
1959 2249 2010 2304 ei

351 2359 358 2367 ·
417 2340 512 2412 qui
542 2344 599 2393 et
627 2339 766 2392 alios
795 2338 900 2392 hoc
929 2344 1054 2408 post
1083 2337 1257 2392 Deum
1282 2337 1528 2407 primum
1553 2336 1690 2390 velle
1721 2336 1851 2390 fecit
1887 2353 2008 2390 cre-

414 2428 589 2484 briori
618 2426 1038 2492 exhortatione;
1075 2425 1279 2480 deinde
1313 2431 1377 2478 ut
1427 2426 1762 2496 perﬁcerent
1807 2426 2008 2496 coegit.

417 2515 524 2580 Qui
546 2530 646 2569 suo
667 2513 972 2568 fortissimo
996 2512 1276 2582 adjutorio
1296 2513 1420 2582 plus
1446 2527 1614 2582 quam
1645 2512 1884 2584 propriis
1911 2514 2012 2568 hu-

2090 1717 2363 1788 magister
2391 1718 2644 1772 veritatis
2677 1737 2689 1771 :
2725 1720 2998 1786 Perfectus
3029 1722 3135 1772 erit
3156 1722 3338 1771 omnis
3363 1720 3682 1788 discipulus,

2089 1809 2232 1862 sisit
2261 1810 2402 1862 sicut
2451 1810 2717 1876 magister
2753 1810 2867 1876 ejus
2900 1809 3045 1874 (Luc.
3090 1821 3165 1872 γι,
3197 1805 3308 1874 40).
3343 1807 3412 1861 Et
3448 1807 3576 1860 ideo
3600 1808 3689 1864 isti

2091 1913 2220 1950 vere
2257 1895 2569 1950 imitatores
2622 1895 2752 1949 facti
2799 1901 2932 1949 sunt
2981 1895 3210 1960 Christi,
3254 1901 3319 1950 ut
3347 1897 3602 1950 securius
3631 1897 3690 1950 in

2092 1984 2458 2052 fundamento
2489 1983 2656 2055 positi
2705 1984 2926 2038 futurus
2970 2001 3107 2054 grex
3162 1990 3591 2040 construeretur
3633 1984 3690 2039 in

2093 2072 2350 2146 Domino,
2384 2089 2454 2127 ne
2482 2077 2581 2126 aut
2609 2072 2831 2127 culmen
2861 2072 3173 2148 erigeretur
3201 2073 3321 2126 sine
3343 2074 3690 2143 quadratum

2093 2160 2365 2226 virtutum
2393 2165 2449 2214 et
2469 2160 2735 2215 ﬁrmitate
2754 2161 2902 2224 fidei,
2929 2167 3028 2214 aut
3050 2161 3414 2216 fundamenta
3444 2162 3687 2215 locaren-

2091 2254 2188 2307 tur
2217 2250 2338 2303 sine
2390 2249 2634 2304 culmine
2669 2265 2902 2304 summae
2930 2249 3302 2322 perfectionis.
3339 2250 3690 2321 Quapropter

2093 2339 2226 2412 quia
2269 2338 2574 2392 imitabiles
2606 2354 2664 2392 se
2706 2337 3083 2409 praebuerunt,
3129 2355 3258 2392 vere
3286 2355 3400 2409 prae
3429 2339 3692 2394 omnibus

2093 2413 2364 2496 sequendi
2385 2431 2535 2491 sunt,
2561 2432 2618 2479 et
2637 2443 2829 2480 eorum
2855 2426 3068 2480 monita
3100 2432 3157 2479 et
3185 2427 3443 2496 exempla
3471 2443 3688 2480 servan-

2095 2513 2188 2567 da:
2223 2531 2292 2568 ne
2331 2515 2475 2568 male
2505 2515 2723 2569 vacillet
2743 2515 2801 2568 in
2824 2515 3085 2579 culmine,
3112 2515 3261 2586 quod
3294 2514 3437 2569 bene
3469 2520 3689 2568 consta-

423 2603 598 2658 meris
623 2601 895 2666 subvexit,
927 2607 984 2655 et
1029 2599 1260 2654 consilio
1293 2599 1584 2654 sollicitius
1613 2599 1915 2660 roboravit,
1957 2606 2013 2656 et
2095 2600 2315 2671 bilitum
2341 2608 2426 2656 est
2447 2603 2500 2655 in
2523 2603 2914 2667 fundamento;
2942 2611 2999 2656 et
3017 2604 3177 2673 pejus
3216 2604 3456 2674 pullulet
3480 2605 3535 2656 in
3560 2621 3688 2674 ger-

415 2692 475 2748 in
523 2690 782 2746 omnibus
834 2691 983 2761 apud
1031 2691 1326 2753 Caesarem,
1352 2689 1503 2759 apud
1556 2688 1788 2743 eximios
1837 2689 2012 2743 totius
2097 2690 2245 2744 mine
2273 2692 2421 2761 quod
2453 2690 2663 2790 optime
2703 2693 2977 2760 jactatum
3011 2696 3095 2745 est
3124 2692 3182 2744 in
3214 2692 3448 2745 semine.
3482 2692 3690 2746 Deinde

414 2780 595 2852 regni,
631 2785 688 2835 et
713 2779 863 2851 apud
901 2795 1095 2835 omnes
1134 2794 1496 2849 quoscunque
1525 2778 1726 2849 potuit,
1761 2779 1866 2832 hoc
1898 2779 2015 2848 egit
2096 2779 2411 2834 communis
2441 2778 2516 2832 sit
2540 2787 2729 2833 noster
2756 2780 2998 2850 gemitus
3020 2796 3120 2851 pro
3149 2780 3373 2833 amissis
3400 2780 3687 2851 patribus:

418 2870 569 2925 omni
593 2869 838 2940 ingenio,
868 2868 1022 2923 omni
1046 2873 1187 2933 arte,
1212 2867 1479 2939 omnique
1529 2867 1735 2932 studio,
1770 2873 1832 2921 ut
1861 2884 2013 2921 com-
2041 2931 2075 2940 Α
2098 2869 2229 2939 quia
2257 2884 2553 2922 commune
2584 2873 2838 2922 nostrum
2869 2868 2976 2922 fuit
3018 2869 3256 2934 lucrum,
3284 2869 3418 2938 quia
3443 2885 3571 2922 cum
3614 2868 3693 2922 eis

417 2931 1075 3030 pleretur'opus'laboris,
1098 2931 1218 3026 ipso
1249 2931 1577 3010 exhortante
1608 2931 1756 3026 quod
1776 2960 2012 3026 coeptum
2034 2931 2078 2992 δ
2099 2931 2202 3010 sub
2229 2961 2390 3010 tanta
2434 2957 2724 3027 disciplina
2764 2957 3024 3012 viximus.
3063 2957 3208 3011 Nam
3372 2956 3693 3027 repetendis

419 3051 560 3103 erat.

1015 3131 1250 3186 CAPUT
1282 3131 1430 3186 XIV.

1087 3232 1336 3274 SEVERUS
1345 3259 1356 3272 .

493 3310 613 3365 Hoc
639 3325 740 3365 nos
767 3324 880 3363 non
928 3307 1085 3373 latet,
1121 3308 1252 3380 quia
1294 3307 1457 3364 valde
1499 3308 1882 3382 persensimus
1931 3310 2020 3366 his

420 3399 701 3464 universa,
733 3402 792 3454 et
836 3397 1227 3468 conspeximus
1270 3397 1445 3452 oculis
1477 3387 1600 3470 quae
1643 3398 1760 3469 egit
1793 3416 1803 3450 :
1838 3399 1919 3454 ita
1955 3405 2020 3452 ut

421 3489 611 3561 plures
635 3488 963 3552 clamarent,
995 3486 1142 3557 quod
1159 3486 1308 3541 bona
1337 3487 1666 3556 monasterii
1687 3488 1866 3544 nostri
1887 3504 2020 3547 cun-

421 3581 512 3632 cta
541 3575 814 3646 diriperit,
850 3580 1072 3629 tantum
1123 3579 1188 3629 ut
1239 3576 1361 3629 loca
1412 3575 1509 3630 illa
1559 3575 1766 3632 nostris
1815 3576 2022 3644 ditaret

423 3664 758 3736 sumptibus.
785 3664 892 3718 Sed
910 3664 1015 3718 hoc
1043 3664 1224 3718 laudis
1249 3665 1370 3734 ejus
1391 3663 1576 3735 portio
1596 3669 1700 3730 est,
1731 3665 1877 3736 quod
1900 3665 2020 3722 sine

423 3753 727 3810 offensione
766 3753 1060 3817 bonorum,
1097 3752 1194 3806 illa
1224 3769 1289 3806 ex
1319 3752 1578 3809 omnibus
1607 3753 1808 3808 ditavit
1836 3753 2015 3820 bonis,

425 3849 484 3898 et
510 3841 872 3914 locupletavit
899 3841 1102 3911 c0piis;
1155 3857 1258 3894 nec
1308 3845 1500 3896 tamen
1545 3847 1739 3898 nostra
1777 3842 2018 3900 multum

427 3931 648 3988 minuit.
675 3927 1038 3986 Gubernabat
1062 3934 1251 3984 autem
1281 3929 1471 3984 fratris
1500 3930 1752 3996 domum.
1788 3936 1844 3986 et
1865 3947 2018 3986 com-

425 4019 729 4076 mendabat
743 4020 863 4090 jam
893 4018 952 4072 in
983 4035 1042 4074 se
1062 4017 1308 4073 ofﬁcium
1331 4017 1569 4082 abbatis,
1595 4020 1742 4092 quod
1764 4018 2020 4075 futurum

427 4113 567 4176 erat,
603 4109 826 4179 quando
855 4107 1009 4162 intus
1039 4105 1340 4178 praestabat
1379 4107 1643 4162 solatium
1673 4113 1729 4162 et
1782 4108 2018 4176 formam

427 4201 632 4254 sanctae
656 4196 962 4266 religionis,
994 4195 1130 4250 foris
1158 4211 1288 4249 vero
1318 4201 1536 4264 scutum
1586 4195 1926 4251 defensionis
1964 4200 2020 4250 et

426 4285 715 4343 munimen
738 4283 1040 4356 praestabat
1060 4300 1124 4339 ac
1143 4285 1311 4339 decus
1342 4283 1515 4340 totius
1541 4284 1872 4342 honestatis.
1889 4286 2021 4341 Por-

2101 3061 2295 3100 eorum
2317 3045 2532 3108 ofﬁciis,
2554 3045 3020 3116 recensendisque
3051 3044 3350 3100 virtutibus
3371 3061 3484 3099 non
3514 3050 3697 3115 potest

2101 3150 2213 3187 non
2247 3134 2391 3187 afﬁci
2449 3133 2699 3200 animus;
2729 3134 2826 3186 sed
2882 3139 3074 3187 tamen
3122 3134 3182 3188 in
3233 3134 3356 3205 ipsa
3404 3133 3696 3187 aﬁ‘ectione

2103 3221 2278 3275 animi
2307 3227 2365 3276 et
2391 3238 2630 3275 maerore
2659 3239 2998 3299 recreamur,
3033 3227 3089 3275 et
3116 3228 3420 3276 renovatur
3444 3223 3691 3285 allectus,

2101 3311 2343 3380 maxime
2371 3311 2466 3383 qui
2512 3328 2605 3366 eos
2628 3311 2888 3366 vidimus.
2923 3311 3205 3366 Praeterea
3239 3311 3400 3375 mihi,
3432 3311 3530 3383 qui
3565 3328 3689 3366 cum

2100 3400 2180 3466 eis
2217 3399 2320 3464 fui,
2363 3400 2585 3472 quando
2635 3400 2830 3454 eadem
2887 3399 3236 3464 inchoarent,
3277 3400 3440 3470 quasi
3494 3401 3696 3456 reﬂexa

2099 3488 2311 3543 cervice
2367 3487 2675 3544 absentiam
2733 3504 2929 3542 eorum
2967 3504 3189 3559 semper
3230 3493 3566 3558 praesentem
3609 3488 3693 3542 in-

2101 3582 2282 3648 t_ueor,
2315 3593 2442 3631 cum
2494 3577 2645 3630 irent
2671 3576 2728 3629 in
2760 3576 2870 3636 via,
2901 3593 3027 3632 cum
3073 3583 3261 3630 essent
3289 3577 3347 3646 in
3395 3577 3539 3640 loco,
3568 3593 3693 3630 cum

2102 3667 2464 3737 disponerent
2485 3665 2724 3736 singula,
2753 3681 2880 3719 cum
2899 3670 3086 3720 essent
3109 3665 3166 3718 in
3187 3665 3437 3729 consilio,
3465 3671 3524 3720 et
3546 3665 3695 3718 fabu-

2102 3756 2356 3826 larentur
2384 3753 2455 3808 ad
2485 3753 2754 3820 invicem;
2806 3770 2930 3808 cum
2980 3755 3264 3808 haurirem
3296 3755 3473 3808 oculis
3503 3769 3692 3808 eorum

2101 3843 2363 3913 gratiam,
2397 3846 2455 3896 et
2471 3841 2700 3896 auribus
2719 3842 3062 3913 perciperem
3094 3859 3381 3897 sermones
3412 3860 3553 3915 quos
3574 3859 3695 3913 pro-

2102 3930 2405 4002 ponebant,
2439 3937 2498 3986 et
2525 3930 2835 4002 exciperem
2863 3931 3034 3985 verba
3075 3948 3197 4002 quae
3227 3931 3509 3986 dicebant.
3542 3931 3694 4000 Quod

2101 4020 2149 4075 si
2181 4021 2321 4075 mihi
2369 4037 2518 4074 nunc
2543 4019 2870 4090 jucunditas
2923 4025 3011 4074 est
3049 4020 3254 4074 mentis
3282 4037 3352 4075 ea
3399 4021 3687 4091 respicere,

2102 4109 2237 4181 quid
2281 4109 2512 4182 putatis,
2546 4107 2881 4173 charissimi,
2917 4113 3128 4182 quanta
3173 4113 3297 4162 erat
3322 4114 3460 4162 tunc
3492 4109 3690 4179 gratia,

2104 4183 2314 4271 quanta
2340 4197 2555 4261 laetitia,
2589 4213 2754 4268 quam
2783 4197 2947 4250 beata
2975 4202 3248 4268 tempora,
3273 4213 3402 4252 cum
3430 4213 3528 4250 eos
3557 4198 3694 4250 vide-

2102 4304 2223 4341 rem
2238 4291 2399 4351 tanta
2420 4292 2476 4342 et
2494 4286 2630 4340 talia
2659 4286 3028 4341 meditantes?
3055 4287 3257 4340 Fateor
3277 4285 3410 4357 quia
3430 4301 3546 4339 non
3572 4302 3692 4357 pos-

427 4393 510 4442 ro,
545 4379 610 4430 ut
639 4373 770 4438 dixi,
799 4374 921 4444 jam
954 4378 1089 4428 tunc
1118 4389 1244 4426 cum
1273 4373 1441 4428 Patre
1470 4389 1664 4428 curam
1695 4372 2088 4434 monasteriiD
2107 4392 2229 4442 sum
2255 4381 2528 4440 retexere,
2558 4379 2830 4447 quantum
2855 4373 3090 4427 virtutes
3107 4390 3300 4427 eorum
3329 4374 3450 4443 ipse
3481 4389 3689 4427 mecum

427 4481 648 4538 gerens,
677 4463 837 4536 quasi
867 4461 1078 4518 arbiter
1096 4462 1153 4516 in
1176 4461 1408 4516 consilio
1432 4466 1572 4530 erat,
1604 4467 1773 4534 atque
1802 4463 2024 4518 ordina-

428 4549 519 4606 tor
545 4569 754 4617 rerum,
805 4567 998 4606 curam
1057 4548 1268 4604 habens
1324 4549 1395 4604 de
1441 4548 1719 4617 omnibus.
1763 4550 2024 4606 Provisor

431 4656 653 4713 quoque
676 4639 946 4695 sollicitus
977 4639 1314 4706 animarum,
1346 4655 1418 4693 ne
1448 4637 1769 4712 displiceret
1797 4645 2022 4696 sanctus

431 4742 600 4783 senex
648 4733 839 4782 noster
864 4729 922 4782 in
952 4728 1140 4800 aliquo
1179 4728 1316 4792 Deo,
1347 4726 1540 4800 sicque
1580 4732 1645 4781 ut
1689 4727 1934 4806 placeret
1963 4729 2020 4796 in

433 4813 693 4872 omnibus
734 4814 1041 4871 laborabat.
1070 4816 1347 4888 Depulsor
1385 4814 1536 4874 enim
1591 4816 1847 4886 maeroris
1877 4821 2017 4882 erat,

434 4908 491 4961 et
520 4901 746 4957 baculus
779 4905 1080 4962 senectutis
1135 4904 1472 4976 sanctissimi
1523 4904 1688 4978 senis,
1722 4921 1937 4976 necnon
1965 4910 2023 4960 et

432 4982 683 5048 omnium
702 4996 1022 5047 nostrorum
1050 4993 1478 5051 incitamentum
1498 4993 1796 5052 virtutum:
1821 4993 1876 5048 in
1911 5009 2020 5064 quo

432 5082 540 5151 sibi
568 5086 795 5138 sanctus
819 5096 985 5136 senex
1001 5098 1101 5152 pro
1131 5083 1312 5150 virore
1325 5083 1522 5160 gratiae
1543 5082 1826 5156 gaudebat
1854 5081 2022 5154 pluri-

433 5187 588 5228 mum
618 5175 674 5225 et
696 5168 1211 5242 congratulabatur,
1243 5161 1409 5242 quem
1429 5173 1548 5244 ipse
1574 5171 1689 5240 suis
1718 5171 1925 5240 sanctis
1952 5171 2020 5226 il-

434 5259 710 5316 lustrabat
737 5258 968 5316 monitis
1006 5263 1063 5314 et
1109 5258 1404 5330 virtutibus
1435 5279 1450 5314 :
1477 5247 1567 5332 ita
1597 5266 1658 5316 ut
1711 5259 1840 5318 hinc
1891 5259 2022 5332 inde

2103 4464 2308 4530 tacitus
2327 4461 2665 4529 admirabar,
2693 4465 3078 4532 quantumque
3108 4461 3242 4525 mihi
3265 4459 3686 4532 applaudebam,

2106 4551 2254 4623 quod
2275 4551 2416 4606 tales
2444 4550 2580 4604 mihi
2598 4550 2872 4604 Dominus
2894 4549 3112 4604 dederit
3138 4556 3425 4620 patronos,
3459 4565 3690 4620 quorum

2104 4639 2162 4694 in
2192 4637 2492 4702 consortio,
2526 4636 2631 4691 etsi
2659 4636 2943 4706 indignus,
2967 4635 3169 4689 tertius
3190 4651 3365 4690 eram.
3388 4636 3518 4692 Non
3539 4635 3693 4690 meri-

2103 4728 2176 4780 tis
2197 4727 2444 4797 quidem,
2468 4741 2581 4778 non
2602 4725 2806 4795 gratia,
2829 4741 2940 4780 non
2964 4725 3132 4778 ullius
3153 4725 3447 4794 dignitatis
3465 4725 3688 4789 honore,

2103 4817 2197 4870 sed
2227 4831 2419 4868 eorum
2451 4813 2794 4885 dignatione,
2826 4819 3049 4868 tantum
3075 4813 3193 4866 visu
3225 4819 3281 4866 et
3308 4813 3505 4866 auditu
3529 4813 3691 4867 inter-

2104 4921 2258 4976 eram
2280 4920 2381 4980 pro
2404 4919 2666 4969 numero;
2689 4908 2878 4956 tamen
2906 4902 2985 4956 eis
3006 4901 3202 4972 pudice
3224 4902 3362 4956 satis
3385 4902 3685 4972 adlimrens,

2103 4991 2479 5064 simplicitatis
2510 4997 2567 5045 et
2619 4990 2950 5044 innocentiae
2991 4990 3190 5044 saltem
3222 4989 3526 5056 efﬁcaciam
3559 4989 3691 5044 mihi

2105 5099 2216 5160 non
2247 5079 2631 5152 desperabam.
2663 5080 2912 5148 Quorum
2943 5095 3068 5146 cum
3100 5078 3462 5149 prudentiam
3503 5095 3686 5146 cerne-

2104 5187 2241 5242 rem,
2276 5169 2690 5240 simplicitatem
2722 5167 2991 5224 columbae
3020 5167 3076 5223 in
3106 5167 3184 5220 eis
3215 5167 3376 5236 valde
3409 5167 3683 5230 mirabar;

2104 5266 2161 5314 et
2184 5259 2231 5330 si
2260 5259 2331 5313 ad
2362 5258 2781 5328 simplicitatem
2827 5256 3182 5328 respicerem,
3216 5255 3536 5328 admirandi
3565 5272 3685 5325 pru-

503 5383 941 5466 t‘Adalhardum
980 5384 1191 5442 scilicet
1226 5383 1531 5456 juniorem,
1575 5385 1671 5456 qui
1711 5384 2021 5440 Adalhardi
2053 5381 2290 5440 senioris
2333 5382 2638 5458 exsulantis
2677 5381 2821 5435 vices
2866 5381 2982 5454 egit
3033 5380 3091 5435 in
3137 5380 3411 5466 regimine
3455 5380 3682 5448 cmnobii

433 5455 805 5512 Corbeiensis.
