4000 6170
328 305 465 368 1589

965 305 1062 362 DE
1103 303 1270 358 VITA
1306 295 1559 361 WALIE,
1603 288 1735 347 SEU
1777 279 2226 342 EPITAPHIUM
2270 271 2584 330 ARSENII.
2625 298 2693 312 -
2732 269 2869 325 LIB.
2909 269 2956 322 Ι.

3464 259 3486 318 1
3496 255 3599 316 590

319 433 526 491 «lentiae
555 433 626 507 [ι’.
657 431 1041 506 prudentiam]
1073 428 1307 501 spiritus
1331 425 1392 478 in
1439 436 1529 475 me
1556 432 1700 490 pene
1729 406 2123 477 nullusAipse
2152 404 2270 457 haec
2302 403 2490 454 mente
2517 394 2867 466 conciperet;
2899 389 3122 507 deinde,
3145 392 3230 443 aut
3255 403 3344 442 res
3374 382 3594 446 claruit,

1789 502 1800 507 -
1907 505 1912 507 _
2006 495 2016 506 ι
2092 494 2105 507 1
2262 491 2274 507 1
2371 488 2409 507 Α
2431 487 2494 507 ,ελ
2557 484 2677 507 -.-ΛΑ
2715 499 2824 507 .......
2855 479 2998 507 Ann:
3044 494 3108 507 nn
3145 478 3268 507 νιιιιι-
3299 475 3469 507 υηιηςι
3496 491 3508 503 ο
3542 477 3594 507 οι*

321 528 462 578 erat.
507 502 688 588 Quam
718 539 938 594 semper
979 502 1394 591 simplicitatem
1424 509 1582 564 miris
1609 502 1924 577 jungebant

320 612 622 668 virtutibus
645 632 658 680 ;
701 617 758 667 et
794 629 916 683 quae
941 609 1201 666 dicebant
1230 603 1414 659 verbis
1445 599 1753 672 prudenter
1780 609 1922 647 com-

322 701 574 772 quabant
616 701 918 772 exemplis;
967 705 1025 753 et
1068 713 1136 753 ea
1173 712 1296 768 quas
1335 691 1498 748 ambo
1529 688 1617 754 vix
1662 688 1925 757 poterant

323 790 496 863 prius,
529 795 663 846 tunc
699 771 844 844 unus
870 805 1066 843 eorum
1093 782 1409 856 complebat
1447 779 1634 843 solus;
1666 780 1721 830 et
1748 773 1797 828 si
1819 771 1923 826 ali-

323 879 548 951 quando
595 880 738 934 alter
772 879 975 949 agebat
1004 875 1210 947 aliquid
1259 873 1377 928 sine
1425 870 1623 931 altero,
1652 866 1774 935 jam
1807 875 1924 951 pro

324 969 730 1024 consuetudine
758 968 926 1023 simul
975 964 1176 1036 agendi
1215 961 1376 1033 quasi
1419 971 1677 1014 cerneres
1708 950 1922 1006 ambos.

324 1057 432 1120 Qui
453 1057 583 1111 licet
613 1057 898 1112 interdum
932 1035 1076 1111 unus
1119 1055 1390 1108 intectum
1437 1050 1585 1102 latus
1619 1035 1920 1101 exhiberet,

326 1146 559 1200 alterius
579 1151 764 1200 tamen
782 1148 1043 1200 affectum
1075 1143 1133 1198 in
1152 1140 1400 1196 moribus
1430 1143 1488 1192 et
1511 1137 1567 1190 in
1588 1132 1770 1188 ofﬁcio
1791 1145 1928 1201 pl‘iB-

325 1235 678 1289 monstrabat
710 1255 720 1288 :
756 1235 833 1290 ita
867 1241 928 1289 ut
966 1232 1251 1288 mirareris
1279 1231 1337 1284 in
1368 1227 1448 1282 eis
1467 1240 1639 1280 unam
1663 1219 1928 1276 sollicitu-

327 1323 516 1377 dinem
545 1324 767 1389 mentis,
789 1341 960 1378 unam
983 1326 1234 1377 sanctam
1253 1324 1310 1373 et
1333 1313 1777 1385 irrefragabilem
1805 1324 1931 1380 gra-

327 1410 500 1476 tiam;
564 1411 670 1466 etsi
718 1427 830 1466 non
863 1411 1130 1483 corporis,
1177 1424 1354 1463 unum
1407 1405 1650 1475 vigorem
1702 1397 1926 1460 mentis,

331 1515 620 1570 unumque
651 1501 1000 1571 propositum
1033 1505 1091 1554 et
1130 1514 1302 1552 unam
1335 1492 1665 1549 modestiam
1694 1487 1932 1542 medita-

335 1587 524 1644 tionis.
558 1589 665 1652 Qui
694 1606 819 1644 cum
851 1589 1024 1642 lineas
1054 1603 1225 1641 manu
1255 1585 1551 1639 tenderent
1578 1580 1648 1633 ad
1681 1594 1840 1649 opus,
1882 1579 1939 1630 et

331 1677 609 1733 arundine
662 1678 945 1742 metirent,
993 1694 1057 1731 ac
1111 1677 1475 1746 disponerent
1520 1676 1761 1739 utraque
1795 1667 1936 1730 loca,

337 1765 538 1836 quibus
558 1767 616 1821 in
647 1767 781 1822 locis
808 1767 1031 1838 singula
1056 1767 1286 1828 tierent;
1317 1761 1610 1816 videbatur
1630 1756 1779 1829 quod
1807 1753 1937 1809 adi-

335 1853 524 1909 ﬁcium
555 1856 818 1910 metirent
847 1861 1161 1919 structurae,
1184 1855 1346 1923 juxta
1361 1845 1832 1915 Ezechielem(x1.,
1856 1842 1934 1910 2),

335 1945 616 2013 vergentis
646 1946 718 1999 ad
745 1950 1022 2010 austrum,
1049 1950 1112 1998 ut
1140 1942 1508 1997 fundamenta
1547 1941 1605 1991 et
1631 1936 1852 1990 culmen
1881 1932 1940 1985 in

335 2030 472 2086 caelo
495 2032 762 2089 locarent.
794 2034 900 2099 Qui
930 2049 1057 2088 cum
1099 2032 1422 2087 attollerent
1455 2026 1666 2097 pariter
1691 2035 1936 2092 gressus,

334 2118 468 2175 illuc
501 2123 716 2176 vultum
755 2124 1055 2192 oculosque
1083 2119 1361 2182 levabant,
1410 2121 1476 2170 ut
1521 2113 1786 2185 probares
1831 2108 1944 2163 illis

336 2211 687 2265 committere
718 2213 832 2266 Deo
859 2212 918 2265 in
948 2209 1507 2279 cmlis,quodcunque
1539 2202 1660 2257 ﬁeri
1689 2200 1944 2271 dispone-

337 2297 473 2350 bant
501 2300 559 2352 in
590 2300 782 2365 terris;
817 2306 872 2353 et
902 2299 1034 2353 illuc
1062 2300 1245 2352 locare
1269 2294 1536 2350 katabula
1564 2288 1935 2354 fundamenti,

337 2403 461 2458 quae
485 2387 570 2441 vix
599 2388 836 2443 aliorum
859 2388 1106 2442 culmina
1133 2391 1389 2456 surgunt.

960 2490 1307 2533 ADEODATUS.

409 2563 483 2617 Ut
500 2563 677 2630 video,
704 2582 858 2621 more
883 2567 1110 2622 Thomas
1141 2565 1396 2636 apostoli,
1418 2563 1511 2616 isti
1531 2563 1784 2616 10corum
1812 2559 1938 2612 fun-

335 2653 603 2708 damenta
643 2660 700 2709 et
747 2657 1042 2710 domorum
1091 2661 1433 2709 structuram
1486 2650 1784 2722 ponebant,
1817 2664 1942 2717 quae

336 2758 624 2812 nunquam
654 2749 1048 2799 veteresceret:
1085 2743 1435 2798 aedificabant
1461 2741 1802 2801 otﬁcinas,et
1828 2736 1942 2790 cul-

339 2830 494 2884 mina
524 2832 831 2902 erigebant,
865 2851 988 2904 quae
1003 2849 1292 2904 nunquam
1322 2827 1939 2896 corruerent.Alioquin

338 2935 451 2974 non
474 2921 660 2989 credo,
692 2923 840 2993 quod
871 2923 928 2976 in
957 2929 1075 2976 tam
1118 2922 1425 2992 longinqua
1455 2919 1678 2990 regione
1712 2917 1830 2971 haec
1858 2915 1939 2968 ιιιὶ

339 3012 642 3076 tentarent,
663 3012 787 3077 nisi,
813 3012 946 3083 quia
975 3027 1115 3066 nova
1135 3012 1228 3064 lux
1255 3010 1462 3064 Christi
1485 3009 1541 3062 in
1562 3007 1756 3062 eadem
1772 3010 1939 3076 gente

345 3454 424 3508 eis
451 3471 650 3510 novam
679 3457 1106 3511 descendentem
1145 3457 1214 3511 de
1251 3455 1418 3519 caalis,
1453 3453 1511 3508 in
1539 3460 1780 3524 utroque
1809 3467 1943 3506 sexu

345 3549 603 3598 ornatam
656 3545 956 3600 monilibus
1002 3546 1137 3601 suis.
1176 3545 1266 3600 Sic
1297 3560 1541 3614 namque
1567 3542 1637 3596 ab
1669 3541 1954 3596 universis

344 3632 414 3686 de
444 3633 654 3687 eisdem
684 3634 818 3688 locis
856 3635 1210 3706 praedicatur,
1258 3639 1323 3687 ut
1351 3633 1561 3688 nemini
1591 3631 1842 3686 cunctari
1874 3630 1943 3684 li-

340 3727 481 3787 ceat,
518 3723 666 3793 quod
697 3724 756 3777 in
788 3725 983 3778 eadem
1023 3729 1190 3794 gente
1233 3724 1348 3778 haec
1393 3722 1581 3776 divina
1610 3722 1725 3775 sint
1760 3725 1944 3776 castra

341 3826 468 3864 cum
491 3811 609 3866 suis
629 3813 886 3882 gemellis
911 3812 1113 3868 fetibus
1138 3813 1374 3868 Domino
1401 3810 1674 3866 dedicata.

942 3938 1176 3994 CAPUT
1201 3938 1347 3993 XVI.

2003 475 2062 550 in
2092 494 2196 547 hoc
2223 491 2348 563 plus
2369 487 2516 551 fecit,
2552 484 2684 556 quia
2714 499 2828 555 prae
2852 478 3110 535 omnibus
3145 478 3270 548 plus
3299 475 3510 540 voluit;
3542 477 3600 530 et

2004 600 2109 638 sua
2145 578 2489 653 permaxima
2518 574 2678 646 prior
2697 571 2956 626 voluntas
2985 566 3236 622 omnium
3284 564 3600 620 voluntates

2005 673 2064 729 in
2093 651 2198 726 hoc
2240 667 2466 740 negotio
2509 662 2724 734 genuit,
2762 657 3046 723 excitavit,
3085 655 3313 726 suisque
3347 651 3604 725 precibus

2007 767 2177 832 atque
2227 739 2466 813 assiduis
2516 747 2974 824 persuasionibus
3016 762 3132 800 una
3175 761 3303 799 cum
3342 739 3606 814 prudenti

2007 829 2238 906 consilio
2263 843 2546 902 enutrivit.
2579 843 2660 896 Ac
2687 855 2786 911 per
2815 838 2938 903 hoc,
2961 835 3093 889 licet
3128 834 3185 887 in
3211 831 3456 887 Antonio
3484 829 3606 883 fue-

2008 940 2086 996 rit
2102 942 2368 1010 potestas,
2393 938 2450 988 et
2471 930 2677 988 eximia
2708 925 2988 998 sapientia
3015 920 3340 995 peragendi,
3356 925 3414 974 et
3431 919 3609 972 virtus

2009 1043 2214 1098 magna
2244 1020 2604 1097 perficiendi;
2645 1019 2703 1073 in
2741 1017 2850 1074 isto
2877 1020 3069 1068 tamen
3089 1006 3502 1083 quodammodo
3528 1005 3608 1059 vi-

2011 1119 2177 1172 detur
2197 1113 2555 1170 excellentior
2581 1104 3047 1180 gratia,quamvis
3077 1097 3391 1157 communis
3417 1095 3607 1162 fuerit;

2010 1207 2142 1278 quia
2174 1202 2445 1276 quidquid
2471 1201 2565 1254 ille
2595 1199 2729 1269 egit,
2761 1201 2860 1252 aut
2903 1192 3113 1258 voluit;
3166 1194 3348 1243 totum
3391 1185 3460 1240 ab
3501 1184 3610 1239 isto

2011 1311 2272 1350 exorsum
2304 1273 2389 1346 est
2431 1306 2545 1346 una
2574 1303 2703 1342 cum
2729 1284 2829 1340 Dei
2858 1282 3045 1354 gratia
3071 1285 3129 1334 et
3157 1277 3495 1333 enutritum.
3542 1273 3614 1328 Et

2013 1401 2126 1439 non
2167 1383 2348 1437 solum
2402 1378 2548 1450 quod
2592 1377 2688 1430 ille
2731 1374 2908 1429 voluit
2952 1377 3009 1425 et
3036 1369 3184 1434 fecit,
3215 1381 3410 1422 verum
3439 1363 3612 1418 etiam

2021 1471 2293 1544 quidquid
2341 1468 2437 1522 alii
2484 1466 2598 1521 suis
2635 1463 3019 1535 praestiterunt
3045 1455 3350 1526 suffragiis,
3382 1458 3448 1508 ut
3475 1455 3615 1524 puta

2019 1564 2162 1619 situs
2184 1560 2289 1615 loci
2322 1555 2735 1612 amoenissimus
2764 1557 2822 1606 et
2852 1550 3099 1620 locuples
3119 1547 3278 1600 valde
3298 1560 3362 1598 ac
3390 1541 3614 1606 fertilis,

2021 1668 2130 1723 quo
2181 1647 2499 1704 dedicatum
2549 1645 2895 1697 monstratur
2934 1634 3267 1697 coenobium,
3319 1636 3376 1686 et
3425 1628 3619 1684 omnia

1955 1730 1997 1789 Β
2018 1715 2251 1810 quaeque
2279 1740 2430 1798 sunt,
2461 1732 2663 1804 quibus
2691 1731 2750 1784 in
2767 1745 2907 1800 gyro
2932 1726 3171 1781 valletur
3195 1721 3289 1776 ille
3307 1720 3481 1774 locus.
3500 1715 3617 1786 Igi-

2016 1832 2112 1882 tur
2134 1841 2298 1880 nemo
2329 1828 2584 1877 nostrum
2607 1821 2850 1891 ignorat,
2875 1817 3034 1883 cujus
3052 1821 3068 1843 ⁸
3098 1811 3272 1867 fuerit
3294 1806 3618 1872 hereditas,

2021 1932 2189 1987 quam
2231 1912 2369 1967 nulli
2399 1910 2562 1964 alteri
2593 1908 2820 1963 omnino
2853 1904 3112 1959 cessisset
3139 1902 3198 1954 in
3245 1899 3378 1963 vita,
3423 1895 3616 1959 etiam,

2022 2012 2086 2060 ut
2113 2005 2194 2058 ita
2223 2003 2417 2066 fatear,
2451 2015 2555 2053 nec
2602 1997 2752 2067 regi;
2787 1994 2894 2049 nisi
2926 1992 3128 2046 divinis
3167 1989 3236 2043 ab
3270 1988 3378 2042 isto
3420 1984 3622 2038 fuisset

2025 2093 2346 2164 compulsus
2380 2085 2855 2161 persuasionibus,
2906 2082 2996 2136 cui
3048 2079 3188 2134 nihil
3235 2073 3620 2130 contradicere

2025 2187 2279 2255 poterat;
2313 2179 2446 2252 quia
2474 2177 2542 2232 ab
2587 2177 2819 2230 ineunte
2869 2176 3034 2226 aetate
3086 2169 3208 2238 ejus
3255 2162 3621 2220 charissimus

2025 2279 2195 2343 atque
2237 2267 2707 2325 familiarissimus
2749 2263 2936 2318 fuerat
2971 2275 3084 2330 prae
3130 2255 3406 2312 omnibus.
3443 2251 3621 2320 Cujus

2022 2362 2090 2435 [ι.
2124 2358 2322 2432 hujus]
2352 2359 2543 2428 itaque
2567 2353 2824 2426 precibus
2854 2356 2911 2406 et
2939 2347 3170 2403 consilio
3199 2344 3486 2416 appulsus,
3515 2357 3616 2412 pro

2023 2433 2147 2521 ejus
2168 2451 2396 2504 hortatu
2418 2445 2656 2500 libenter
2684 2441 2918 2496 tradidit
2945 2440 3060 2494 Deo
3087 2433 3358 2508 quidquid
3381 2433 3440 2486 in
3468 2437 3623 2485 terra

2021 2535 2608 2610 chariuspossidebat.
2638 2532 2798 2588 Unde
2831 2532 2959 2601 jure
2990 2527 3072 2583 illi
3100 2528 3218 2582 hazc
3239 2522 3424 2596 gratia
3452 2522 3623 2592 depu-

2021 2635 2194 2696 tatur,
2222 2629 2319 2699 qui
2357 2632 2415 2682 et
2453 2626 2639 2683 locum
2664 2622 2835 2676 talem
2861 2637 2894 2674 a
2918 2617 3156 2673 Domino
3189 2616 3428 2669 electum
3483 2610 3617 2664 olim

2022 2719 2152 2773 huic
2178 2717 2332 2789 operi
2362 2720 2556 2786 aptum
2590 2711 2761 2782 elegit
2801 2715 2858 2764 et
2886 2709 3191 2779 impetrare
3240 2701 3452 2774 potuit;
3485 2699 3618 2770 quia

2023 2787 2276 2862 nesciovsi
2301 2805 2451 2860 ullus
2474 2804 2618 2858 alter
2647 2798 2970 2857 mortalium
2997 2794 3291 2866 potuisset.
3309 2790 3448 2844 Erat
3467 2787 3620 2842 enim

2021 2897 2081 2951 in
2111 2896 2307 2950 eadem
2351 2898 2520 2964 gente
2570 2891 2719 2945 idem
2761 2888 2920 2942 valde
2965 2885 3221 2948 dilectus,
3274 2886 3332 2934 et
3378 2879 3620 2932 nimium

2023 2985 2452 3042 famosissimus.
2485 2981 2644 3046 Quod
2678 2978 2898 3038 claruit,
2923 2992 3050 3030 cum
3083 2973 3152 3028 ad
3184 2971 3463 3042 quoddam
3496 2968 3618 3038 pla-

2024 3076 2197 3131 citum
2228 3090 2341 3127 non
2369 3072 2610 3126 multum
2638 3070 2808 3138 longe
2851 3065 2919 3120 ab
2950 3064 3147 3120 eodem
3189 3063 3307 3116 loco
3336 3056 3620 3114 Antonius

2025 3432 2275 3496 tendere,
2307 3443 2548 3498 eumque
2586 3441 2686 3496 pro
2726 3424 2898 3478 nimio
2946 3437 3137 3475 amore
3167 3424 3226 3473 et
3248 3416 3633 3472 admiratione.

2026 3520 2273 3592 pressius
2319 3515 2738 3572 circumvallare
2768 3537 2779 3570 :
2816 3512 2896 3565 ita
2923 3515 2988 3564 ut
3019 3525 3131 3580 prae
3161 3506 3368 3578 gaudio
3396 3511 3454 3559 et
3478 3504 3630 3566 desic;

2025 3610 2182 3670 derio
2202 3607 2546 3662 abducerent
2571 3604 2729 3660 illum
2761 3618 2795 3656 a
2825 3599 2984 3654 nobis
3009 3619 3022 3656 :
3055 3597 3189 3668 quia
3208 3594 3398 3655 nullus
3425 3609 3636 3666 eorum.

2025 3699 2353 3763 Antonium,
2405 3696 2564 3766 cujus
2600 3698 2723 3750 erat
2767 3694 3034 3762 potestas,
3067 3684 3418 3756 respiciebat,
3453 3698 3630 3753 quem,

2027 3804 2221 3843 omnes
2248 3784 2612 3841 fulciebamus
2640 3782 2772 3837 hinc
2811 3779 2959 3844 inde,
2991 3781 3050 3832 et
3077 3773 3484 3834 Venerabamur
3519 3787 3637 3841 pro.

2026 3877 2237 3932 viribus
2265 3873 2565 3946 constipati
2591 3876 2658 3927 ut
2683 3869 2973 3925 dominum
3008 3884 3019 3918 :
3075 3864 3380 3920 sednemo
3425 3875 3632 3920 eorum.

2030 3983 2151 4033 nos,
2175 3981 2280 4021 nec
2308 3965 2489 4029 illum,
2506 3961 2738 4033 quinam
2767 3961 2931 4029 esset,
2954 3947 3622 4012 considerabat.Tumille

2028 4055 2252 4126 gavisus
2277 4069 2378 4126 pro
2406 4067 2509 4108 sua
2543 4049 2879 4106 humilitate.
2902 4045 3044 4116 ‘quia
3080 4058 3182 4100 nos
3211 4055 3406 4098 omnes
3435 4038 3633 4096 exclu-

417 4151 680 4216 Quamvis
709 4153 828 4206 haec
859 4153 1052 4207 omnia
1078 4153 1157 4208 ita
1200 4151 1331 4216 sint,
1366 4156 1425 4206 ut
1455 4150 1726 4216 asseritis,
1748 4150 1946 4204 vellem
2029 4150 2240 4210 serant,
2267 4148 2324 4199 et
2349 4141 2634 4197 exsultans
2665 4154 2766 4209 pro
2789 4135 2980 4190 fratris
2997 4131 3369 4205 susceptione,
3397 4141 3626 4184 conver-

344 4244 537 4294 tamen
567 4240 710 4294 scire
741 4241 874 4312 quid
904 4241 1176 4297 Arsenius
1205 4244 1396 4295 noster
1433 4255 1498 4292 eo
1527 4239 1585 4292 in
1630 4239 1774 4292 facto
1821 4239 1946 4309 plus
2028 4247 2124 4288 sUs
2150 4233 2222 4288 ad
2251 4248 2342 4287 me
2369 4229 2665 4286 subridens
2693 4227 2776 4281 ait
2801 4241 2813 4278 :
2846 4225 2996 4279 Bene
3023 4237 3317 4293 possumus
3346 4235 3448 4272 nos
3467 4217 3618 4282 hinc,

347 4327 556 4395 fecerit,
589 4345 758 4400 quam
785 4345 930 4384 unus
959 4347 1173 4396 eorum,
1207 4329 1303 4400 qui
1328 4332 1718 4399 cooperatores
1745 4326 1954 4381 fuimus
2032 4323 2223 4387 frater,
2262 4320 2435 4386 abire,
2471 4317 2602 4388 quia
2628 4331 2792 4370 nemo
2818 4318 3074 4367 nostrum
3097 4310 3166 4383 [Γ.
3192 4309 3312 4378 nos]
3331 4308 3422 4361 hic
3438 4311 3636 4371 curat,

349 4423 542 4472 sancto
555 4419 695 4484 seni,
710 4419 1024 4489 praesertim
1039 4435 1174 4474 cum
1194 4395 1328 4473 tunc
1345 4395 1614 4488 temporis
1641 4416 1797 4470 nulla
1826 4420 1949 4470 erat
1963 4407 2011 4464 D
2028 4427 2210 4482 neque
2240 4408 2451 4479 aliquid
2476 4423 2596 4461 esse
2619 4404 2876 4460 attendit.
2893 4402 3094 4471 Sicque
3121 4397 3362 4468 acceptis
3382 4395 3617 4461 duobus,

1005 4059 1274 4104 SEVERUS.

350 4506 401 4560 ei
432 4511 699 4577 potestas,
732 4508 998 4579 nullaque
1012 4507 1246 4563 facultas
1276 4507 1516 4578 amplius
1546 4505 1749 4577 agendi
1779 4518 1964 4576 quam~

351 4595 567 4650 caeteris
613 4596 730 4650 suis
768 4597 1261 4652 commilitonibus.
1299 4598 1604 4667 Propterea
1640 4595 1950 4649 cavendum

352 4701 425 4738 ne
454 4684 665 4756 aliquid
703 4685 753 4738 ei
775 4687 900 4756 plus
925 4686 1242 4741 tribuamus
1271 4702 1440 4758 quam
1468 4689 1708 4756 oportet,
1743 4689 1800 4738 et
1828 4684 1952 4755 ipsa

356 4773 562 4828 veritas
591 4790 651 4827 se
679 4774 867 4828 habet.
887 4776 1162 4829 Fortassis
1189 4791 1342 4846 ergo,
1371 4780 1436 4828 ut
1464 4774 1813 4846 praemissum
1844 4779 1945 4840 est,

354 4861 414 4916 in
444 4879 508 4916 eo
539 4862 803 4918 divinitus
833 4865 1081 4935 aspirata
1106 4871 1192 4918 est
1219 4865 1350 4918 talis
1374 4869 1644 4934 tantaque
1663 4863 1946 4930 voluntas;

354 4951 615 5023 deinceps
645 4969 774 5006 vero
830 4969 1127 5008 commune
1185 4944 1379 5007 habuit
1412 4953 1549 5007 velle
1577 4969 1705 5006 cum
1737 4951 1952 5007 caeteris

355 5040 626 5096 fratribus
655 5041 806 5108 suis;
839 5059 1134 5096 commune
1164 5056 1346 5112 posse,
1372 5043 1456 5095 vel
1487 5058 1600 5096 non
1625 5058 1786 5111 posse
1811 5060 1822 5109 ;
1857 5041 1955 5095 ali-

358 5130 491 5201 quid
513 5147 811 5186 commune
839 5147 1026 5201 agere,
1062 5137 1118 5186 et
1143 5130 1368 5185 obedire
1392 5130 1451 5184 in
1481 5130 1739 5200 singulis.

982 5234 1324 5278 PASCHASIUS.

431 5309 689 5365 Primum
746 5311 1174 5382 praerogativam
1217 5310 1565 5376 meritorum,
1617 5313 1682 5364 ut
1727 5308 1952 5374 asseris,

362 5399 506 5454 hanc
529 5398 728 5455 habuit
750 5399 810 5454 in
839 5399 944 5455 hoc
963 5416 1131 5472 opere
1153 5399 1418 5472 gratiam,
1440 5404 1506 5455 ut
1528 5400 1682 5472 prior
1701 5397 1960 5454 omnibus

369 5532 453 5606 ___'
484 5525 837 5580 Gerardusin
857 5525 993 5606 Vita
1015 5526 1193 5606 sancti
1213 5525 1516 5606 Adalhardi
1538 5526 1746 5606 scribit,
1773 5525 1956 5606 locum

367 5597 526 5652 illum
581 5612 908 5654 concessum
966 5597 1135 5653 fuisse
1191 5614 1226 5651 a
1269 5595 1602 5668 parentibus
1642 5595 1956 5652 Theodradi

2031 4500 2157 4556 aliis
2186 4497 2396 4552 relictis
2418 4494 2698 4556 omnibus,
2714 4505 2778 4548 ac
2797 4492 2844 4546 si
2875 4490 2997 4555 soli,
3017 4487 3330 4558 gaudentes
3354 4490 3411 4540 et
3421 4486 3622 4555 jucun-

2032 4590 2232 4647 dantes
2250 4584 2489 4657 regressi
2513 4593 2708 4640 sumus
2735 4582 2807 4637 ad
2837 4582 2956 4650 jam
2987 4577 3389 4648 praesignatum
3413 4575 3617 4632 locum.

2033 4679 2162 4734 Haec
2203 4675 2410 4730 idcirco
2454 4671 2714 4732 dixerim,
2761 4673 2827 4724 ut
2870 4667 3010 4722 sciat
3057 4663 3322 4723 nobilitas
3369 4663 3642 4720 ﬁliorum.

2033 4767 2226 4838 quales
2255 4762 2555 4819 habuerint
2572 4760 2897 4816 fundatores
2931 4775 2942 4809 :
2968 4755 3100 4826 quia
3123 4760 3182 4810 et
3209 4753 3445 4812 humilia
3464 4753 3536 4808 de
3561 4770 3639 4809 se.

2033 4855 2351 4914 sentiebant
2393 4853 2454 4907 in
2489 4849 2769 4913 omnibus,
2815 4851 2870 4902 et
2895 4844 3086 4907 nullis.
3121 4849 3182 4899 ut
3229 4843 3618 4907 aliiassolent,

2032 4943 2398 5001 movebantur
2426 4937 2621 4995 mundi
2648 4934 2949 4992 fautoribus.
2982 4934 3053 4988 Et
3077 4933 3204 5005 ideo
3234 4949 3336 4990 nec
3376 4932 3469 4986 ille
3518 4947 3624 5001 pu-

2033 5037 2169 5091 dore
2192 5031 2455 5088 confusus
2473 5032 2578 5091 est,
2601 5043 2703 5081 nec
2721 5025 2826 5082 iste
2855 5024 3070 5079 honore
3098 5023 3345 5078 insolens
3368 5020 3618 5074 allectus:

2037 5125 2169 5196 quia
2217 5122 2380 5176 istius
2410 5117 2658 5188 acceptio
2685 5120 2741 5172 et
2785 5114 2938 5170 fama
2965 5113 3024 5168 in
3055 5112 3281 5184 populo,
3324 5108 3473 5162 illius
3502 5113 3624 5163 erat

2035 5211 2304 5284 gaudium
2353 5216 2412 5265 et
2464 5205 2798 5274 exsultatio;
2837 5213 2953 5260 non
2997 5209 3215 5259 tantum
3263 5199 3398 5269 quia
3431 5202 3628 5268 gratus

2040 5308 2179 5371 erat,
2208 5308 2266 5357 et
2283 5299 2580 5356 amabatur
2597 5297 2668 5353 ab
2696 5295 2972 5360 omnibus,
3005 5293 3103 5347 sed
3125 5290 3256 5362 quia
3282 5287 3486 5359 dignus
3505 5290 3634 5341 erat-

2041 5407 2234 5447 amore
2277 5395 2450 5463 atque
2475 5387 2816 5461 acceptione,
2847 5391 2911 5440 ut
2939 5383 3082 5438 bene
3111 5377 3419 5434 secundum
3446 5376 3626 5431 Deum

2041 5519 2312 5647 Satxonici,
2349 5517 2443 5592 qui
2479 5514 2726 5573 Corbeiae
2767 5512 2826 5569 in
2881 5506 3065 5564 Gallia
3097 5503 3404 5562 monachus
3451 5500 3628 5558 factus

2041 5607 2097 5646 es
2131 5631 2142 5643 .

2039 5607 2142 5646 est.
