4000 6170
340 259 476 317 1591

1091 262 1147 320 S.
1188 263 1568 323 PASCHASII
1604 265 1965 323 RADBERTI
2002 265 2307 323 ABBATIS
2346 264 2844 323 CORBEIENSIS.

3477 260 3614 319 1592

341 391 769 456 prosperaretur
789 386 847 442 in
877 387 1110 443 cunctis.
1140 387 1293 442 Alias
1319 389 1509 440 autem
1538 385 1597 439 in
1616 384 2365 446 humilitateAsolummodo
2394 383 2451 439 in
2480 384 2584 439 hoc
2610 385 2754 439 facto
2773 402 2834 441 se
2861 385 3193 442 imitabilem
3223 385 3470 458 prabuit
3493 389 3614 438 tam

340 473 530 527 nescio
557 473 687 545 quis
736 478 886 529 esset
922 474 1234 539 sublimior,
1290 472 1399 527 nisi
1440 472 1641 545 aliquis
1681 474 1737 529 in
1775 474 1935 529 factis

341 577 535 619 eorum
561 562 667 618 hoc
696 564 932 619 voluerit
959 563 1396 636 deprehendere.
1438 563 1583 617 Nam
1633 580 1760 619 cum
1791 569 1938 619 esset

337 656 577 722 uterque
605 654 910 711 secundum
930 652 1119 708 saeculi
1135 651 1469 722 dignitatem
1494 652 1746 719 eximius,
1771 654 1936 708 vicis-

342 739 446 796 sim
478 745 670 796 tamen
722 740 1085 797 decertabant
1110 745 1176 796 ut
1204 740 1552 795 inveniretur
1575 742 1811 813 quilibet
1840 760 1937 798 eo-

340 844 466 883 rum
486 828 769 884 humilior.
788 829 926 885 Inde
948 829 1122 900 igitur
1149 834 1237 884 est
1264 828 1411 901 quod
1441 829 1939 902 Antonius,quam-

341 918 422 970 vis
444 923 604 989 pater
623 923 772 973 esset
799 923 857 973 et
883 918 1161 983 dominus,
1176 921 1395 973 tantam
1425 919 1794 974 reverentiam
1815 937 1936 976 mo-

340 1005 497 1060 deste
525 1006 662 1060 satis
704 1006 1062 1078 impendebat
1090 1006 1207 1060 ﬁlio
1232 1010 1291 1059 et
1318 1005 1479 1060 fratri
1502 1006 1738 1076 jnnibri,
1759 1025 1932 1079 quan-

339 1098 457 1147 tam
502 1095 690 1149 nescio
733 1096 776 1149 si
808 1096 957 1150 ullus
1008 1094 1332 1167 impendere
1358 1094 1494 1149 velit
1522 1099 1622 1149 aut
1643 1097 1821 1167 possit
1846 1115 1931 1153 co-

340 1184 561 1253 :equali.
601 1184 675 1237 At
722 1200 850 1237 vero
881 1188 1108 1237 econtra
1137 1187 1409 1253 quantam
1444 1183 1551 1238 iste
1579 1184 1931 1255 diligentiam

338 1271 673 1336 adhibuerit,
706 1289 777 1327 ne
805 1272 875 1327 ab
904 1273 1019 1327 ullo
1039 1271 1441 1343 praeveniretur
1468 1272 1526 1327 in
1554 1272 1843 1346 obsequio,
1872 1275 1930 1329 in

2017 479 2246 529 sanctus
2274 475 2477 541 Pater;
2509 490 2704 529 verum
2729 476 2899 529 etiam
2923 476 2982 531 in
3003 475 3281 537 omnibus,
3300 475 3361 529 in
3391 474 3619 546 quibus-

2017 578 2237 634 cunque
2266 562 2474 635 Christi
2495 563 2695 634 religio
2723 564 3168 619 commendatur.
3187 563 3297 618 Sed
3326 563 3473 617 forte
3487 561 3618 633 quia

2017 651 2133 705 rari
2163 656 2298 706 sunt
2327 651 2423 722 qui
2451 652 2521 706 de
2549 669 2611 706 se
2640 653 2753 707 tale
2780 653 2990 725 aliquid
3019 652 3336 715 exhibeant,
3350 651 3620 723 quoniam

2019 756 2213 795 omnes
2242 757 2477 812 pompas
2525 742 2712 796 saculi
2741 748 3044 808 sectantur,
3083 746 3149 796 tu
3177 741 3303 796 ideo
3327 741 3440 796 ista
3458 740 3616 796 dicis.

2021 829 2128 884 Sed
2158 829 2264 884 iste
2294 830 2363 884 de
2392 847 2452 885 se
2478 830 2767 902 ampliora
2797 830 3131 886 ostendebat
3170 831 3301 886 ﬁliis
3342 830 3617 883 virtutum

2020 919 2291 989 exempla,
2323 919 2454 974 licet
2475 936 2539 973 ex
2569 919 2857 974 occasione
2884 919 3104 975 itineris
3134 920 3246 974 ista
3276 918 3503 972 dixeris.

2596 1042 2830 1098 CAPUT
2858 1044 3031 1099 XVII.

2634 1180 2994 1225 PASCHASIUS.

2085 1273 2226 1337 Quid
2253 1273 2301 1327 si
2321 1273 2550 1328 omnino
2576 1274 2633 1328 in
2650 1276 2969 1363 repetendis
2987 1290 3184 1329 eorum
3205 1272 3617 1337 ofticiis,recen-

339 1361 652 1416 reverentia
692 1361 865 1416 debiti
894 1361 1142 1428 honoris,
1176 1360 1235 1415 in
1263 1377 1399 1415 cura
1435 1366 1493 1416 et
1532 1362 1926 1430 sollicitudine,
2013 1362 2318 1433 sendisque
2341 1362 2640 1418 virtutibus
2665 1360 2917 1419 animum
2934 1365 3203 1436 appulero
3223 1363 3252 1410 ?
3282 1362 3413 1433 Ipsa
3430 1378 3611 1415 recor-

339 1454 509 1522 atque
536 1450 594 1504 in
624 1450 778 1505 omni
808 1449 1083 1504 famulatu
1129 1448 1331 1504 debitae
1378 1450 1680 1515 servitutis,
1714 1451 1775 1505 in
1812 1469 1932 1506 ser-
2013 1450 2187 1517 datio,
2219 1455 2286 1504 ut
2311 1450 2513 1517 sentio,
2545 1451 2836 1506 renovabit
2859 1452 3079 1506 dolores
3110 1456 3355 1515 nostros,
3374 1466 3615 1521 quorum

336 1554 504 1594 mone
532 1542 589 1593 et
610 1536 835 1606 habitu,
860 1552 1077 1591 necnon
1105 1540 1162 1591 et
1186 1536 1246 1590 in
1265 1536 1520 1604 incessu;
1553 1538 1740 1592 nescio
1758 1538 1807 1593 si
1836 1539 1936 1594 ali-
2017 1538 2295 1594 memoria
2323 1540 2575 1610 voluptas
2597 1545 2685 1594 est
2712 1541 2887 1595 animi
2918 1547 2975 1595 et
3000 1540 3429 1595 incitamentum
3451 1539 3620 1593 virtu-

339 1627 464 1697 quis
492 1627 676 1681 dicere
701 1625 963 1690 sufﬁciat,
996 1642 1121 1680 cum
1152 1640 1319 1679 nemo
1350 1625 1560 1680 imitari
1590 1633 1778 1697 queat.
1812 1629 1933 1683 Cae-
2016 1629 2235 1683 tum.Et
2252 1628 2377 1683 ideo
2394 1644 2589 1682 eorum
2613 1629 2937 1683 meminisse
2962 1628 3147 1700 gratia
3175 1632 3262 1682 est
3283 1627 3612 1682 suavitatis:

337 1720 525 1769 terum
574 1714 645 1768 ad
675 1714 989 1785 exemplum
1021 1713 1260 1768 aliorum
1306 1718 1573 1785 quantam
1602 1716 1671 1769 de
1700 1732 1759 1771 se
1790 1733 1997 1800 prae-B
2020 1717 2285 1789 quoniam
2309 1717 2613 1788 jucundior
2641 1718 2698 1771 in
2721 1723 2910 1772 mente
2941 1724 3028 1772 est
3051 1722 3221 1788 atque
3253 1716 3495 1770 alacrior
3522 1732 3615 1769 eo-

336 1804 565 1860 buerint
592 1802 983 1874 abjectionem,
1000 1804 1083 1857 vel
1109 1819 1279 1857 unam
1299 1800 1368 1857 de
1385 1803 1640 1874 pluribus
1666 1806 1930 1876 pandam.

338 1896 451 1950 Iste
480 1909 609 1948 cum
635 1892 693 1946 in
724 1891 847 1947 cibo
873 1891 1141 1947 vilissimo
1170 1895 1319 1945 esset
1344 1891 1567 1962 parcior
1594 1896 1937 1963 cunctis,vo-

335 1982 445 2038 luit
470 1986 529 2036 et
565 1980 761 2035 usibus
797 1980 993 2052 patria;
1034 1995 1155 2034 esse
1204 1984 1520 2045 contentus,
1552 1981 1745 2037 dicens
1787 1987 1937 2056 quod

336 2088 452 2127 non
480 2074 629 2126 esset
656 2070 911 2140 dignum,
928 2075 993 2124 ut
1010 2066 1320 2122 monachus
1342 2068 1438 2139 qui
1466 2068 1754 2126 vilioribus
1773 2074 1937 2144 juxta

337 2178 507 2217 usum
534 2159 833 2232 provinciae
860 2160 919 2213 in
942 2174 1053 2229 qua
1078 2159 1313 2229 degunt,
1346 2159 1408 2229 [ι.
1434 2158 1607 2229 degit,
1638 2166 1937 2217 contentus

339 2267 462 2306 esse
489 2248 679 2319 debet]
709 2248 1039 2303 cultioribus
1091 2248 1391 2303 vestiretur
1439 2248 1806 2316 indumentis,
1851 2251 1933 2304 vel

338 2338 671 2396 lautioribus
720 2344 977 2392 uteretur
1034 2336 1170 2391 cibis
1218 2353 1390 2408 quam
1445 2337 1938 2408 comprovinciales

338 2429 489 2484 inter
519 2443 660 2499 quos
688 2427 902 2496 degunt
932 2424 991 2499 [ι.
1043 2426 1246 2496 degit].
1282 2425 1442 2479 Unde
1488 2431 1547 2480 et
1573 2426 1937 2482 calciamenta

339 2517 445 2572 sibi
472 2531 673 2588 parare
694 2514 867 2584 jussit
888 2515 1051 2584 juxta
1078 2515 1249 2569 ritum
1282 2514 1497 2585 patriae,
1526 2531 1665 2586 quos
1686 2516 1940 2571 Ruhilin-

338 2623 440 2679 gos
464 2605 679 2671 dicunt,
715 2609 773 2657 et
817 2609 1044 2675 portare
1074 2603 1274 2667 voluit;
1308 2603 1418 2657 nisi
1468 2619 1504 2657 a
1532 2603 1699 2657 Patre
1727 2604 1939 2660 discre-

338 2695 509 2750 tionis
536 2709 703 2749 causa
723 2691 1067 2764 prohibitum
1099 2697 1263 2747 esset.
1295 2692 1405 2747 Sed
1433 2692 1608 2746 miror
1635 2709 1736 2747 cur
1765 2695 1856 2748 ille
1881 2694 1939 2748 in

341 2785 447 2840 hoc
473 2784 620 2838 facto
648 2789 767 2837 tam
814 2782 1089 2836 discretus
1117 2797 1238 2835 esse
1278 2780 1471 2847 voluit,
1505 2782 1601 2853 qui
1628 2782 1687 2836 in
1729 2799 1831 2837 suo
1872 2784 1939 2849 (si

349 2874 457 2929 dici
488 2874 570 2928 fas
600 2875 705 2941 est)
732 2870 1155 2942 superstitiosus
1181 2875 1367 2940 potest
1383 2868 1645 2940 judicari.
1698 2872 1841 2925 Nam
1873 2888 1938 2926 eo

350 2965 402 3017 in
454 2968 709 3032 tempore
738 2962 791 3014 in
827 2959 1025 3013 itinere
1064 2959 1297 3029 positus.
1346 2958 1561 3013 nullum
1597 2960 1651 3013 in
1683 2959 1938 3014 noctibus

352 3020 683 3121 apparatum
737 3048 839 3099 sibi
894 3020 1110 3099 sinebat
1144 3048 1282 3099 ﬁeri.
1338 3048 1479 3100 sicut
1517 3049 1697 3100 solent
1729 3020 1969 3102 viantes‘

350 3147 548 3194 iacere.
583 3155 691 3206 quo
722 3144 1042 3204 tegeremm'
1077 3135 1382 3201 imbribus;
1422 3154 1600 3204 neque
1634 3139 1936 3193 tentorium

344 3230 567 3299 aliquod
613 3227 712 3279 sibi
760 3226 1115 3295 permittebat
1170 3226 1386 3295 exigere
1417 3226 1505 3277 die
1533 3232 1582 3277 et
1614 3235 1770 3280 nocte
1797 3248 1806 3279 :
1842 3231 1933 3281 sed

348 3319 456 3374 l‘usi
484 3332 654 3388 super
677 3328 884 3370 terram
907 3314 1345 3385 quiescebamus,
1370 3320 1430 3369 et
1443 3316 1758 3386 juxtaillud
1789 3321 1936 3389 quod

346 3408 575 3481 quidam
602 3405 773 3471 canit,
805 3402 1057 3458 salubres
1083 3401 1244 3457 nobis
1272 3402 1449 3458 herba
1482 3403 1654 3459 dabat
1671 3422 1933 3464 somnos:

344 3497 453 3552 nisi
482 3496 632 3568 quod
643 3494 841 3549 beatus
862 3493 1033 3547 Pater
1051 3491 1157 3546 sibi
1187 3508 1250 3546 ac
1268 3492 1408 3546 mihi
1437 3492 1764 3564 providebat
1786 3511 1939 3565 egre-

342 3588 435 3659 gie
462 3585 600 3641 satis
631 3583 936 3655 profundos
957 3587 1127 3653 atque
1165 3581 1541 3653 amplissimos
1577 3570 1660 3651 (ut
1695 3585 1941 3640 assolent

344 3675 468 3730 ﬁeri
496 3674 593 3729 illa
619 3674 679 3727 in
703 3675 872 3739 terra)
895 3671 1014 3742 agri
1045 3671 1247 3737 sulcos,
1274 3668 1373 3726 ubi
1408 3670 1646 3741 jubebat
1668 3673 1807 3727 mihi
1835 3691 1939 3729 no-

343 3769 526 3820 strum
575 3766 827 3817 sternere
874 3761 1100 3825 lectum,
1133 3774 1373 3831 quorum
1419 3760 1599 3815 latera
1641 3761 1771 3816 hinc
1810 3762 1941 3818 inde

344 3850 594 3925 pulchris
637 3865 740 3903 nos
785 3847 1083 3902 ambiendo
1120 3845 1380 3901 fovebant
1404 3846 1613 3913 tuleris,
1646 3848 1780 3903 dum
1812 3850 1939 3922 equi

344 3941 483 3996 sella
512 3940 573 3994 in
602 3938 787 3994 medio
811 3937 1015 4009 posita,
1037 3952 1159 4007 quae
1180 3951 1352 3989 unam
1372 3935 1512 3990 mihi
1541 3937 1729 4008 alpem
1757 3939 1827 3993 ad
1856 3955 1943 3993 ca-

346 4034 449 4102 put
476 4027 776 4100 praebebat,
810 4027 1047 4081 alteram
1076 4025 1187 4082 illi.
1226 4025 1343 4079 Nec
1385 4024 1536 4079 aliud
1568 4026 1702 4096 quid
1733 4026 1941 4082 haben-

345 4124 435 4175 tes
462 4118 522 4173 in
542 4134 628 4183 eo,
656 4116 766 4171 nisi
786 4115 935 4186 quod
960 4115 1020 4169 in
1047 4113 1137 4167 die
1166 4130 1339 4184 supra
1366 4118 1425 4168 et
1447 4113 1710 4169 deorsum
1739 4115 1941 4171 habui-

346 4224 493 4263 mus.
533 4206 666 4260 Haec
689 4208 811 4259 tota
837 4202 1100 4259 mollities
1141 4203 1272 4257 lecti
1292 4206 1432 4270 erat,
1463 4207 1522 4257 et
1546 4201 1778 4259 ambitio
1806 4205 1942 4259 satis

347 4297 603 4351 honesta.

1021 4394 1298 4439 SEVERUS.

419 4475 536 4531 Nec
563 4474 668 4529 hoc
699 4470 1151 4545 superstitiosum
1174 4470 1415 4537 videtur,
1435 4476 1502 4526 ut
1522 4471 1785 4538 aestimas,
1810 4489 1943 4544 prae-

348 4563 543 4619 sertim
563 4579 689 4619 cum
721 4561 892 4617 Jacob
919 4561 1054 4615 dum
1082 4561 1193 4614 iret
1221 4560 1400 4615 multo
1428 4559 1618 4615 labore
1646 4562 1943 4632 conjugem

350 4667 554 4716 emere,
574 4652 633 4706 in
656 4652 746 4706 via
772 4650 913 4706 nihil
932 4649 1087 4706 aliud
1112 4648 1182 4704 ad
1202 4654 1373 4721 caput
1393 4664 1563 4721 quam
1583 4648 1827 4720 lapidem
1850 4650 1947 4704 ha-

350 4737 537 4794 buisse
563 4738 789 4808 legitur,
807 4755 910 4793 nec
930 4739 1074 4793 ullas
1103 4753 1294 4793 secum
1321 4736 1547 4792 delicias
1570 4736 1781 4792 vexisse
1800 4755 1946 4809 prae-

350 4833 441 4883 ter
465 4825 749 4882 baculum.
782 4827 927 4891 Quid
946 4827 1121 4898 igitur
1138 4827 1367 4894 mirum,
1383 4826 1490 4881 iste
1514 4826 1650 4881 dum
1678 4827 1826 4881 vadit
1848 4828 1946 4881 uni

352 4917 471 4972 viro
490 4914 769 4987 virginem
783 4915 1129 4986 despondere
1140 4916 1365 4973 Christo
1383 4914 1643 4981 Domino,
1658 4919 1715 4969 et
1732 4921 1944 4971 castam

354 5004 618 5062 exhibere
639 5018 892 5071 uxorem,
909 5003 958 5058 si
976 5005 1146 5061 nullis
1173 5005 1438 5061 fulciatur
1463 5003 1788 5070 honoribus,
1823 5005 1946 5059 nul-

353 5096 520 5168 loque
547 5098 779 5150 ornetur
797 5097 1093 5165 apparatu,
1122 5093 1258 5149 dum
1283 5100 1466 5150 totum
1488 5094 1546 5148 in
1576 5110 1636 5148 se
1674 5109 1947 5165 praemon-

352 5189 534 5241 strare
558 5182 753 5240 debuit
771 5188 829 5238 et
846 5182 906 5238 in
934 5180 1111 5247 nobis,
1135 5182 1405 5253 quidquid
1434 5199 1698 5254 sponsam
1726 5198 1949 5237 servare

353 5273 547 5334 voluit.
577 5288 747 5345 quam
771 5269 1011 5327 ducebat
1027 5268 1249 5326 Christo
1263 5270 1288 5322 ?
1306 5276 1372 5325 ut
1389 5271 1797 5326 sanctissimam
1819 5287 1951 5343 pau-

355 5365 639 5433 pertatem
673 5359 854 5432 magis
900 5374 1122 5431 semper
1149 5361 1460 5412 sectaretur
1505 5375 1676 5430 quam
1721 5358 1950 5413 delicias

358 5449 591 5519 mundi;
622 5454 679 5505 et
703 5449 1138 5522 amplecteretur
1184 5444 1326 5503 dura
1370 5450 1427 5500 et
1454 5464 1672 5518 aspera,
1707 5465 1805 5520 per
1828 5465 1951 5520 quae

357 5538 586 5595 omnino
606 5538 722 5595 itur
750 5539 821 5593 ad
850 5537 1156 5595 Christum.
1188 5535 1457 5593 Novimus
1487 5536 1638 5592 enim
1668 5537 1818 5609 quod
1838 5554 1951 5593 non

2017 1823 2146 1861 rum
2173 1811 2371 1861 sancta
2394 1806 2729 1872 recordatio,
2763 1823 2933 1877 quam
2962 1807 3079 1861 ulla
3102 1804 3616 1878 impraesentiarum

2016 1894 2314 1950 oblectatio
2353 1894 2713 1962 deliciarum;
2747 1895 2991 1966 profecto
3021 1895 3155 1966 quia
3196 1894 3436 1949 instanti
3471 1900 3616 1948 tem-

2016 2000 2151 2054 pore
2162 1985 2291 2054 jure
2311 1984 2468 2039 nulla
2484 1984 2681 2038 laetitia
2699 1990 2785 2039 est
2799 1984 2921 2039 sine
2936 2000 3193 2041 maerore.
3213 1984 3367 2038 nulla
3382 1982 3616 2037 dulcedo

2018 2072 2139 2126 sine
2191 2072 2590 2139 amaritudine,
2640 2074 2798 2127 nulla
2827 2073 3091 2128 honestas
3121 2073 3242 2127 sine
3271 2071 3614 2132 confusione,

2018 2161 2175 2215 nulla
2192 2161 2518 2231 jucunditas
2555 2162 2761 2215 mentis
2792 2163 2913 2217 sine
2942 2161 3198 2216 tristitia.
3233 2163 3376 2215 Nam
3408 2160 3617 2231 ubique

2018 2250 2220 2315 luctus,
2241 2250 2449 2321 ubique
2466 2250 2626 2304 dolor
2647 2255 2704 2304 et
2730 2250 3005 2321 gemitus;
3028 2251 3315 2322 quoniam,
3352 2266 3465 2303 non
3494 2249 3617 2303 dico

2018 2339 2288 2409 quotidie,
2321 2355 2514 2393 verum
2546 2340 2698 2394 omni
2727 2341 2865 2394 hora
2887 2339 3095 2411 ubique
3118 2340 3268 2393 mala
3286 2339 3614 2403 audiuntur,

2019 2444 2200 2499 neque
2233 2428 2387 2482 aliud
2425 2444 2592 2497 quam
2643 2428 2893 2483 confusio
2920 2428 3235 2482 nuntiatur.
3288 2429 3464 2481 Porro
3506 2426 3617 2480 duo

2020 2515 2134 2582 isti,
2161 2516 2416 2586 quamvis
2439 2517 2559 2586 jam
2588 2517 2737 2570 mala
2767 2517 3200 2581 crebrescerent,
3218 2515 3353 2586 quia
3369 2515 3478 2568 viri
3507 2513 3617 2566 vir-

2020 2604 2162 2659 tutis
2190 2609 2374 2670 erant,
2412 2621 2523 2659 non
2553 2611 2815 2676 poterant
2844 2622 2945 2659 nos
2974 2605 3274 2659 admodum
3296 2609 3622 2657 maestosre-

2022 2693 2295 2765 linquere,
2323 2693 2418 2764 qui
2438 2710 2539 2748 nos
2568 2695 2683 2748 suis
2697 2693 3131 2748 consolabantur
3147 2691 3348 2754 verbis,
3374 2692 3619 2745 instrue-

2023 2781 2158 2835 bant
2185 2782 2467 2853 exemplis,
2502 2781 2841 2835 roborabant
2884 2780 3150 2846 consiliis,
3191 2786 3246 2834 et
3276 2780 3384 2851 piis
3408 2779 3620 2833 nutrie-

2020 2869 2158 2924 bant
2177 2870 2504 2941 disciplinis.
2530 2871 2601 2925 Et
2627 2871 2752 2924 ideo
2774 2870 2938 2924 hodie
2960 2870 3144 2923 adhuc
3166 2874 3398 2922 manent
3425 2866 3619 2921 nobis-

1984 3017 1996 3030 .
2021 2976 2165 3013 cum.
2203 2966 2259 3011 et
2288 2977 2507 3029 semper
2558 2959 2885 3025 manebunt,
2924 2959 2972 3011 si
3000 2958 3117 3011 veri
3154 2973 3346 3010 eorum
3375 2957 3620 3009 imitato-

1986 3056 2112 3102 ‘res
2145 3050 2409 3102 luerimUs
2446 3064 2490 3099 «ιι
2548 3060 2825 3100 munitores
2877 3048 3175 3101 virtutum:
3211 3064 3350 3115 quas
3398 3046 3442 3097 si
3491 3063 3617 3095 ww

2023 3154 2299 3189 amamus.
2324 3139 2438 3203 jam
2472 3138 2557 3187 hic
2589 3156 2695 3188 non
2732 3154 2848 3186 esse
2877 3136 3165 3205 ιτιηρρίηιιιςε
3185 3137 3283 3189 sed
3303 3134 3621 3204 peregrina-

2025 3242 2163 3277 mnr.
2197 3226 2391 3277 saltem
2417 3242 2476 3276 ex
2506 3223 2799 3276 desiderio.
2842 3242 2949 3292 quo
2984 3223 3185 3276 melior
3222 3232 3410 3275 nOstra
3438 3221 3619 3290 portio

2021 3320 2122 3368 est.
2157 3315 2455 3383 Nunquam
2487 3313 2635 3365 enim
2663 3313 2721 3365 in
2740 3312 2899 3366 nobis
2924 3313 3029 3366 toti
3057 3329 3271 3376 sumus,
3290 3311 3336 3364 si
3371 3326 3466 3364 eos
3494 3328 3618 3361 vero

2019 3401 2348 3469 dileximus;
2384 3401 2482 3455 sed
2511 3401 2569 3454 in
2596 3401 2729 3467 illis,
2754 3400 2887 3472 quia
2914 3407 3083 3472 caput
3110 3405 3289 3464 erant,
3325 3400 3385 3453 in
3414 3397 3621 3469 quibus

2019 3489 2196 3545 nostri
2225 3507 2355 3561 pars
2379 3491 2560 3561 major
2590 3489 2713 3545 fuit.
2748 3489 2818 3543 Et
2863 3490 2996 3561 quia
3037 3495 3278 3560 uterque
3324 3504 3519 3542 eorum
3561 3485 3620 3539 in

2021 3578 2243 3633 Christo
2270 3579 2429 3645 vivit,
2458 3583 2756 3650 propterea
2784 3577 2983 3631 melius
3012 3578 3125 3632 illic
3162 3593 3263 3631 nos
3291 3578 3491 3631 devote
3520 3592 3619 3646 pe—

2022 3666 2298 3737 regrinari
2332 3672 2571 3738 oportet,
2615 3666 2674 3720 in
2723 3684 2834 3738 quo
2863 3684 3085 3722 summa
3113 3667 3497 3721 universitatis
3534 3673 3623 3720 est

2023 3759 2082 3809 et
2108 3756 2291 3826 portio
2311 3756 2683 3826 singulorum.
2706 3756 2850 3809 Hinc
2874 3772 3068 3810 eorum
3088 3755 3400 3810 recordatio
3420 3758 3623 3826 jucun-

2023 3844 2150 3898 dior
2174 3844 2389 3899 cunctis
2405 3843 2622 3916 opibus,
2656 3850 2711 3899 et
2728 3844 2944 3915 gratior
2971 3844 3481 3917 impraesentiarum
3501 3845 3623 3915 qui-

2023 3932 2264 3988 buslibet
2292 3933 2469 4000 bonis,
2505 3933 2563 3986 in
2596 3950 2705 4004 quo
2730 3940 3048 3987 nostrorum
3070 3934 3365 3988 universus
3394 3940 3482 3987 est
3509 3932 3621 3986 fru-

2022 4022 2316 4076 ctus.llluc
2347 4037 2590 4092 namque
2621 4027 2678 4075 et
2699 4021 2807 4092 ipsi
2835 4029 3139 4092 antequam
3170 4022 3340 4085 irent,
3371 4037 3478 4075 sua
3504 4037 3622 4075 om-

2022 4115 2118 4169 nia
2143 4115 2722 4185 transplantarunt,ut
2749 4131 2849 4169 nos
2878 4131 3103 4170 sursum
3129 4115 3622 4184 attollerent,quos

2026 4204 2284 4275 parvulos
2312 4204 2371 4257 in
2400 4203 2623 4259 Christo
2668 4203 3010 4258 nutriebant.
3043 4204 3268 4278 Quanto
3301 4204 3483 4274 magis
3527 4220 3623 4257 eos

2028 4293 2161 4347 illuc
2196 4292 2515 4347 conversari
2534 4299 2757 4363 oportet
2789 4292 2951 4357 ﬁlios,
2985 4309 3126 4364 quos
3158 4293 3229 4346 ad
3261 4292 3366 4346 hoc
3405 4308 3622 4362 genue-

1957 4370 2005 4429 D
2027 4387 2178 4449 runt,
2212 4386 2278 4435 ut
2304 4382 2363 4435 in
2377 4380 2695 4436 caelestibus
2718 4381 2876 4452 quasi
2897 4381 3017 4435 lilia
3056 4382 3343 4447 ﬂorerent,
3375 4386 3433 4435 et
3462 4381 3624 4451 quasi

2024 4471 2173 4525 cedri
2212 4470 2408 4525 Libani
2437 4470 2495 4523 in
2523 4469 2810 4525 altissimis
2837 4469 3182 4524 crescerent?

2599 4603 2832 4659 CAPUT
2863 4603 3065 4660 XVIII.

2715 4731 2985 4775 SEVERUS.

2098 4830 2173 4884 Ut
2198 4827 2385 4892 audio,
2410 4827 2576 4881 aliter
2595 4827 2868 4883 tediiicata
2886 4836 2972 4884 est
3002 4830 3177 4884 Roma
3209 4846 3243 4883 a
3271 4829 3495 4885 duobus
3516 4831 3623 4885 fra-

2027 4916 2224 4981 tribus,
2254 4924 2312 4971 et
2339 4916 2505 4972 aliter
2531 4934 2673 4973 nova
2697 4923 2890 4973 nostro
2932 4920 3002 4974 de
3031 4919 3279 4974 nomine.
3313 4921 3418 4974 Illa
3456 4921 3626 4992 siqui-

2026 5007 2153 5060 dem
2178 5005 2481 5060 carnaliter
2505 5006 2563 5060 in
2591 5008 2775 5073 terris,
2810 5007 2917 5062 ista
2939 5007 3289 5079 spiritaliter,
3323 5015 3391 5063 ut
3420 5010 3625 5064 dilata-

2028 5100 2185 5149 retur
2209 5094 2268 5149 in
2301 5094 2486 5162 caelis;
2513 5095 2609 5148 illa
2631 5101 2697 5149 ut
2722 5097 3012 5151 edomaret
3036 5102 3234 5166 gentes
3256 5098 3361 5152 sub
3391 5115 3495 5152 suo
3526 5098 3629 5151 im-

2030 5183 2205 5255 perio,
2238 5183 2347 5237 ista
2392 5187 2457 5237 ut
2503 5184 2822 5239 extraheret
2863 5201 2996 5240 suos
3039 5186 3109 5239 de
3144 5186 3393 5251 mundo;
3427 5186 3527 5240 illa
3563 5193 3629 5240 ut

2032 5276 2308 5324 cresceret
2335 5269 2520 5335 rebus,
2549 5277 2605 5324 et
2628 5270 2905 5325 ditaretur
2919 5288 3105 5326 rerum
3124 5273 3327 5344 copiis;
3360 5274 3472 5329 ista
3496 5291 3626 5329 vero

2032 5364 2094 5413 ut
2116 5358 2282 5414 beata
2302 5364 2633 5431 paupertate
2652 5359 2918 5431 locuples,
2944 5360 3374 5416 fundamentum
3396 5363 3627 5417 haberet

2032 5447 2088 5503 in
2124 5448 2295 5502 caelis.
2321 5448 2424 5503 Illa
2462 5446 2652 5518 itaque
2684 5464 2718 5501 a
2740 5449 3015 5520 sanguine
3045 5451 3219 5523 caspit
3254 5451 3538 5520 aediﬁcari,
3569 5458 3627 5506 et

2032 5554 2161 5593 cum
2191 5536 2464 5608 sanguine
2490 5536 2656 5592 rebus
2686 5535 2898 5593 bellicis
2926 5540 3126 5608 crevit;
3160 5540 3271 5595 ista
3298 5550 3364 5596 ut
3393 5557 3626 5613 pauper-
