4000 6170
223 339 249 394 4
264 336 364 395 593

869 340 964 395 DE
1003 339 1174 395 VITA
1209 339 1469 406 WALIE,
1514 340 1648 397 SEU
1687 341 2133 399 EPITAPHIUM
2169 341 2484 396 ARSENII.
2529 369 2589 380 —
2634 336 2771 394 LIB.
2816 338 2863 394 I.

3371 328 3508 392 1594

220 467 396 518 tatem
418 468 637 519 amaret
649 462 942 534 praesentis
964 463 1090 516 vitae
1112 461 1171 517 in
1189 461 1413 535 spiritu,
1442 468 1497 519 et
1517 464 1811 533 ditaretur,
1834 468 1883 527 A
1900 465 2197 520 voluerint.
2229 463 2548 519 Praesertim
2577 479 2706 517 cum
2729 478 2892 517 rarus
2922 460 3017 533 qui
3043 460 3226 515 locum
3255 457 3344 514 cui
3369 473 3510 530 prae-

221 552 284 607 in
311 553 650 607 coelestibus.

848 645 1195 688 PASCHASIUS.

294 721 580 786 Quantum
602 721 782 786 video,
814 726 912 775 tuo
957 737 1113 776 more
1140 721 1279 792 agis,
1324 721 1420 793 qui
1448 738 1638 777 severe
1679 723 1819 778 alios

219 816 525 882 antequam
578 809 845 883 corrigas,
895 810 1109 881 culpas.
1156 810 1322 864 Forte
1362 827 1655 883 percenses
1702 828 1814 880 eos,

219 915 361 969 quos
387 897 482 952 isti
511 897 857 952 unanimiter
874 897 985 951 duo
1013 897 1343 968 plantarunt
1369 898 1590 965 fratres,
1619 904 1684 954 ut
1705 916 1820 954 cre-

217 990 441 1040 soerent
468 990 525 1040 et
551 985 927 1039 dilatarentur
945 985 1003 1039 in
1028 985 1199 1039 caelis.
1231 987 1259 1039 J
1265 1001 1353 1040 am
1374 985 1478 1040 tibi
1506 992 1702 1042 contra
1729 1004 1819 1042 eo-

217 1090 345 1129 rum
374 1078 653 1145 prmcepta
695 1079 752 1127 et
788 1073 1071 1142 instituta,
1101 1078 1297 1128 contra
1345 1091 1541 1130 eorum
1586 1076 1819 1147 provida

215 1162 354 1218 satis
382 1163 597 1218 monita
623 1163 885 1217 videntur
911 1163 1012 1227 ire,
1047 1168 1103 1217 et
1126 1161 1294 1218 rebus
1315 1180 1582 1233 crescere,
1604 1165 1816 1221 deliciis

215 1251 470 1317 afﬂuere,
502 1256 560 1306 et
615 1250 920 1306 honoribus
967 1267 1032 1306 ac
1068 1252 1288 1324 pompis
1328 1253 1515 1308 saeculi
1568 1254 1811 1311 dilatari.

214 1340 372 1395 Alias
400 1348 590 1396 autem
620 1342 968 1412 superﬂuum
1006 1357 1128 1396 esse
1152 1346 1289 1413 puto
1319 1343 1662 1399 mentionem
1682 1345 1817 1400 duo-

215 1445 345 1485 rum
371 1430 734 1485 aediﬁciorum
768 1430 984 1497 fecisse,
1014 1430 1125 1485 nisi
1154 1429 1286 1503 quia
1315 1431 1412 1486 illa
1439 1432 1500 1487 in
1534 1432 1818 1504 sanguini-

211 1518 320 1574 bus
348 1524 575 1574 terrena
613 1519 888 1573 aedificata
916 1523 1038 1586 est;
1078 1519 1230 1574 istud
1258 1536 1390 1576 vero
1419 1523 1568 1593 quod
1595 1521 1665 1577 ab
1692 1522 1816 1579 istis

1905 559 2007 621 est,
2040 554 2310 608 ditescere
2338 552 2506 607 rebus
2546 551 2724 622 magis
2770 552 3060 623 magisque
3090 566 3201 604 non
3241 548 3392 613 velit,
3441 552 3508 602 ut

1903 644 2085 698 valeat
2113 642 2353 714 amplius
2377 641 2657 696 dominari
2687 645 2745 695 et
2772 640 3016 706 dilatari,
3050 639 3210 712 quasi
3235 654 3336 710 pro
3367 637 3503 691 reli-

1899 732 2085 803 gione,
2107 733 2256 787 fastu
2283 730 2570 802 potentiae.
2592 729 2694 784 Isti
2715 734 2906 783 autem
2928 745 2959 782 e
2979 727 3262 782 contrario
3282 742 3396 781 non
3421 741 3507 780 so-

1899 820 2018 876 lum
2033 822 2237 887 locum,
2264 820 2352 875 cui
2380 824 2673 891 praeerant,
2710 817 2980 871 ditescere
3004 816 3193 881 rebus,
3219 831 3345 870 cum
3376 830 3502 886 pos-

1900 915 2042 976 sent,
2074 911 2394 973 noluerunt,
2427 923 2619 961 verum
2645 907 2876 960 collatas
2914 905 3314 968 distraxerunt,
3342 907 3400 957 et
3419 918 3507 957 re-

1900 999 2174 1069 degerunt
2192 998 2250 1053 in
2269 997 2527 1051 libertate
2551 994 2744 1050 usibus
2772 995 3030 1060 fratrum,
3050 1009 3121 1047 ne
3151 992 3222 1045 ad
3247 1007 3350 1045 nos
3379 1006 3506 1061 per-

1898 1086 2165 1142 tinerent.

2515 1184 2874 1228 PASCHABIUS.

1971 1266 2088 1319 Hoc
2131 1265 2306 1336 igitur
2360 1265 2510 1336 quod
2551 1261 2828 1318 docebant
2877 1259 3078 1326 verbis,
3122 1257 3398 1313 faciebant
3437 1260 3501 1310 ut

1896 1355 2296 1409 confirmarent
2318 1352 2602 1424 exemplis.
2626 1349 2929 1406 Monebant
2953 1348 3122 1414 enim,
3145 1363 3217 1401 ne
3243 1350 3343 1401 aut
3369 1361 3495 1412 nos,

1897 1448 1997 1497 aut
2040 1442 2122 1496 illi
2165 1459 2255 1497 res
2296 1458 2409 1496 non
2446 1439 2791 1495 necessarias
2838 1438 3270 1509 susciperemus.
3313 1450 3500 1506 neque

1896 1530 2219 1585 facultatem
2249 1530 2454 1585 habere
2483 1530 2733 1600 amplam
2771 1527 3113 1581 ambiremus
3131 1531 3169 1591 ⁸,
3204 1522 3364 1595 quasi
3395 1538 3498 1594 pro

209 1607 456 1663 Domino
483 1606 802 1663 dedicatum
830 1611 935 1673 est,
966 1609 1312 1664 construitur
1327 1611 1493 1681 juxta
1517 1610 1655 1665 illud
1684 1612 1813 1668 Eze-
1893 1618 1995 1673 Dei
2019 1618 2288 1690 religione
2311 1631 2322 1664 :
2348 1617 2446 1672 sed
2465 1616 2634 1671 rebus
2661 1620 2717 1670 et
2740 1613 3080 1687 possessioni
3108 1609 3362 1666 Ecclesia
3381 1625 3500 1664 ωο-

209 1695 428 1762 chielis,
464 1696 624 1767 quasi
660 1696 958 1752 aediﬁcium
982 1698 1263 1768 vergentis
1290 1699 1360 1753 ad
1387 1706 1664 1755 austrum.
1689 1701 1812 1756 Eis-
1893 1706 2028 1761 dum
2066 1707 2501 1778 imponeremus,
2535 1721 2605 1760 ne
2646 1704 2887 1776 digitum
2918 1701 3001 1756 illi
3036 1702 3185 1755 ultra
3232 1697 3499 1754 extende-

207 1783 345 1839 dem
371 1784 563 1856 itaque
590 1786 869 1840 mensuris
897 1802 1067 1857 super
1085 1787 1283 1842 eadem
1308 1787 1689 1855 fundamenta,
1723 1806 1870 1866 ea—_
1893 1800 2043 1862 rent,
2074 1801 2338 1850 monente
2366 1794 2662 1866 propheta,
2692 1798 2793 1847 aut
2816 1807 3017 1863 agrum
3047 1806 3183 1860 agro
3211 1804 3393 1859 usque
3425 1787 3498 1842 ad

207 1872 343 1927 dem
370 1873 670 1929 latitudine
689 1880 746 1929 et
768 1876 1137 1946 longitudine,
1168 1877 1403 1932 totidem
1432 1878 1645 1933 habens
1681 1858 1812 1951 por-
1828 1858 1875 1918 Β
1900 1858 2200 1938 terminum
2228 1883 2333 1938 loci
2361 1858 2572 1954 absque
2618 1858 3238 1951 concupiscentiae—fine
3265 1858 3498 1947 copula-

205 1965 325 2027 tas,
357 1962 694 2034 easdemque
718 1963 1009 2030 fenestras,
1024 1969 1083 2019 et
1100 1964 1314 2019 nullam
1335 1966 1620 2020 crescendi
1647 1967 1816 2022 aliam
1897 1977 2042 2027 rent.
2077 1972 2183 2027 Sed
2200 1988 2272 2027 ne
2298 1971 2510 2043 injusta
2536 1969 2692 2025 vobis
2718 1968 2974 2023 videatur
3001 1968 3235 2037 hujusce
3263 1963 3495 2018 libertas

202 2064 405 2104 rerum
424 2051 893 2121 magnitudinem.
920 2053 1005 2107 Ad
1025 2053 1130 2107 hoc
1149 2053 1355 2124 quippe
1376 2054 1487 2107 duo
1511 2054 1605 2107 isti
1625 2055 1813 2109 eximii
1896 2060 2047 2123 facti,
2094 2059 2377 2125 noveritis,
2428 2059 2562 2131 quia
2596 2057 2937 2113 fructuosius
2976 2060 3146 2126 atque
3203 2051 3497 2107 honestius

198 2138 577 2199 fundamenta
594 2141 653 2194 in
679 2140 942 2210 gentibus
962 2142 1031 2195 ad
1058 2141 1284 2195 boream
1301 2141 1542 2196 civitatis
1570 2159 1698 2197 eum
1720 2160 1815 2215 po-

200 2234 417 2283 nerent
442 2244 560 2282 una
594 2244 723 2282 cum
777 2228 1027 2283 turribus
1079 2235 1137 2283 et
1188 2231 1621 2300 propugnaculis
1670 2232 1806 2299 suis,

198 2316 325 2370 tria
348 2316 458 2370 ista
487 2316 715 2371 omnino
743 2317 1080 2371 monebant:
1114 2335 1186 2373 ne
1214 2318 1381 2373 rebus
1409 2320 1651 2374 multum
1673 2321 1812 2375 dite-

198 2420 368 2459 scere
395 2404 727 2474 gauderent,
760 2422 943 2475 neque
973 2406 1195 2462 divitias
1223 2408 1408 2462 saeculi
1456 2414 1806 2479 appeterent,

197 2493 292 2547 ita
319 2496 385 2546 ut
408 2493 469 2546 in
498 2492 578 2546 eis
607 2509 703 2547 cor
723 2501 1088 2564 apponerent,
1119 2496 1216 2549 sed
1239 2496 1468 2551 omnino
1497 2498 1724 2553 delicias
1754 2504 1812 2554 et

198 2581 543 2651 voluptates,
577 2598 642 2635 ac
682 2582 727 2635 si
758 2598 973 2637 venena
1003 2586 1278 2653 fugerent.
1312 2585 1398 2638 Ad
1436 2586 1698 2641 ultimum
1738 2604 1810 2642 ne

199 2669 358 2751 ullis,
390 2686 455 2722 ac
478 2669 527 2723 si
552 2686 653 2740 pro
671 2671 959 2741 religione,
981 2673 1287 2728 honoribus
1313 2679 1370 2729 et
1396 2674 1543 2730 fastu
1572 2676 1811 2731 delecta-

202 2763 410 2812 rentur
432 2757 727 2828 superbiaa,
760 2775 832 2813 ne
860 2759 1003 2815 forte
1030 2778 1095 2814 ex
1133 2767 1252 2817 toto
1283 2762 1636 2829 fatescerent,
1667 2771 1724 2819 et
1750 2766 1810 2819 in

203 2863 446 2901 vacuum
474 2847 812 2917 deperirent,
837 2847 984 2902 sicut
1001 2848 1060 2903 in
1080 2849 1276 2905 Galliis
1304 2852 1510 2907 multas
1530 2854 1812 2924 deperisse

204 2951 241 2989 a
271 2934 541 3005 religione
579 2935 840 2991 ecclesias
867 2936 1010 2991 bene
1038 2938 1171 2991 olim
1202 2938 1463 2995 fundatas
1504 2943 1806 2998 cernimus.

206 3024 565 3094 Quapropter
614 3024 708 3078 isti
751 3025 945 3080 multis
971 3027 1091 3095 jam
1121 3027 1302 3082 edocti
1340 3030 1628 3100 exemplis,
1674 3048 1804 3085 suos

210 3112 631 3182 praemonebant
675 3114 839 3176 ﬁlios,
872 3131 941 3167 ne
984 3114 1146 3168 rebus
1193 3116 1559 3172 afﬂuerentur
1589 3119 1872 3193 [afﬁne-(1

206 3202 356 3269 rent]
382 3201 659 3257 humanis.
700 3219 797 3271 pro
838 3202 1041 3272 quibus
1078 3206 1277 3257 saeculo
1309 3206 1670 3263 deservirem.
1716 3211 1810 3261 sed

208 3296 271 3340 ut
302 3296 489 3344 essent
510 3307 785 3361 pauperes
814 3291 1033 3360 spiritu.
1058 3293 1295 3346 humiles
1316 3301 1372 3347 et
1394 3297 1689 3361 mansueti,
1714 3298 1811 3349 mi-

206 3383 294 3432 tes
323 3394 388 3432 ac
410 3379 818 3445 misericordes,
844 3386 899 3434 et
913 3380 1197 3450 justitiam
1220 3398 1444 3453 semper
1470 3383 1530 3437 in
1551 3385 1810 3440 omnibus

205 3465 541 3533 esurientes,
556 3473 835 3536 quatenus
846 3466 915 3521 de
934 3466 1045 3521 illis
1076 3484 1270 3523 omnes
1304 3468 1443 3524 bene
1463 3471 1671 3525 vellent
1688 3489 1812 3543 pro-

202 3558 335 3626 pter
362 3555 698 3610 munditiam
741 3555 925 3610 cordis
962 3573 1196 3624 eorum;
1244 3557 1381 3611 bene
1427 3565 1706 3630 optarent,
1738 3578 1808 3616 ne

204 3651 439 3715 propter
455 3644 722 3697 invidiam
743 3660 932 3698 rerum
953 3648 1011 3699 et
1028 3645 1351 3700 felicitatem
1373 3646 1453 3701 eis
1472 3647 1804 3717 inviderent,

206 3737 266 3785 et
285 3732 667 3803 opprimerent
680 3749 774 3786 eos
793 3733 980 3795 δεουιί
1000 3734 1286 3789 servitute.
1306 3735 1385 3789 De
1406 3736 1609 3807 quibus
1629 3738 1811 3794 adhuc

203 3820 427 3874 favente
450 3820 566 3874 Deo
594 3837 789 3875 omnes
817 3821 961 3875 bona
987 3823 1269 3890 nuntiant,
1295 3823 1434 3877 bene
1456 3824 1804 3894 existimant;

204 3914 265 3963 et
292 3915 426 3963 sunt
444 3909 628 3963 adhuc
645 3909 946 3964 virtutibus
965 3909 1212 3965 illustres
1242 3916 1300 3965 et
1318 3912 1603 3968 mirabiles
1627 3913 1810 3985 probi-

204 4002 325 4052 tate
346 3996 470 4052 vitae
493 4015 506 4049 :
531 3998 794 4069 quoniam
817 3998 1000 4053 adhuc
1026 3997 1085 4052 in
1114 3999 1195 4053 eis
1220 4015 1415 4055 eorum
1436 4001 1575 4055 odor
1595 4019 1810 4074 resper-

201 4086 381 4158 gitur,
409 4091 467 4141 et
492 4086 726 4141 virtutes
753 4088 959 4158 vigent,
984 4087 1293 4143 eﬂeruntur
1311 4089 1524 4157 laudes,
1544 4092 1808 4162 magniﬁ-

203 4180 369 4229 catur
394 4174 589 4245 religio
615 4181 673 4230 et
699 4175 1032 4247 praedicatur
1046 4178 1324 4232 excellens
1344 4178 1642 4239 nobilitas:
1666 4196 1808 4253 quo-

204 4279 335 4318 rum
365 4263 548 4318 adhuc
574 4264 887 4319 benedictio
915 4265 974 4319 in
1012 4266 1096 4320 eis
1137 4267 1331 4335 ﬂoret;
1365 4272 1423 4323 et
1461 4270 1810 4342 amplissima

1896 2154 2002 2213 est,
2033 2164 2098 2204 eo
2127 2149 2275 2220 quod
2299 2149 2508 2219 justius
2551 2153 2609 2202 et
2650 2146 2843 2201 utilius
2873 2149 3036 2209 esset,
3079 2158 3174 2197 eas
3211 2157 3312 2214 per
3339 2157 3399 2195 se
3436 2139 3497 2194 in

1894 2237 2088 2292 usibus
2143 2237 2381 2292 ccenobii
2419 2237 2663 2291 Domino
2713 2234 2817 2289 sub
2873 2233 3131 2288 libertate
3188 2229 3490 2296 deservire,

1893 2343 2063 2397 quam
2093 2331 2284 2380 nostro
2313 2342 2408 2380 eas
2434 2326 2809 2396 inopportune
2839 2322 2977 2377 satis
3015 2326 3184 2392 atque
3203 2319 3490 2391 superﬂue

1892 2415 2170 2469 dominari
2199 2413 2541 2469 haereditatis
2555 2415 2714 2484 jure;
2744 2412 2877 2483 quia
2900 2409 2995 2465 ubi
3022 2410 3108 2464 vel
3136 2407 3233 2463 ubi
3256 2406 3496 2463 Domino

1892 2519 1990 2558 seu
2021 2502 2277 2557 Ecclesiae
2302 2519 2417 2558 sua)
2445 2501 2742 2557 haereditas
2764 2499 3043 2555 deservire
3072 2496 3488 2569 comprobatur,

1891 2607 2019 2646 cum
2044 2591 2104 2645 in
2132 2591 2325 2646 usibus
2345 2606 2633 2645 servorum
2660 2605 2891 2643 suorum
2912 2587 3171 2657 religiose
3201 2585 3337 2639 satis
3365 2600 3493 2638 cum

1891 2679 2163 2735 charitate
2179 2679 2530 2750 expenditur.
2549 2677 2707 2732 Unde
2724 2677 2880 2731 valde
2896 2676 3016 2730 locu
3022 2676 3268 2745 pletatur
3284 2673 3494 2726 donum

1891 2769 2106 2839 gratiae,
2139 2784 2267 2824 cum
2301 2785 2364 2821 ex
2392 2785 2506 2822 una
2531 2767 2719 2821 radice
2751 2765 3006 2837 perfecta:
3036 2760 3352 2818 dilectionis
3380 2760 3491 2813 duo

1894 2856 2148 2937 ctenobia
2175 2856 2494 2911 monasticae
2512 2855 2816 2927 disciplinae
2842 2854 3227 2932 geminantur;

2498 2944 2732 2999 CAPUT
2764 2944 2883 2997 XX.

2520 3045 2867 3090 ADIODATUS.

1969 3123 2114 3175 Satis
2168 3122 2237 3174 sit
2279 3123 2425 3192 quod
2486 3126 2750 3174 hactenus
2800 3135 2953 3187 aeque
3003 3118 3194 3169 ambos
3235 3115 3492 3184 replicas,

1895 3228 2131 3281 quorum
2164 3228 2273 3262 una
2299 3209 2400 3262 fuit
2431 3209 2603 3262 virtus
2636 3209 2838 3277 operis,
2869 3223 2980 3259 una
3006 3205 3207 3258 mentis
3232 3203 3487 3257 intentio.

1897 3301 2000 3353 Sed
2033 3300 2160 3369 quia
2192 3298 2487 3351 Arsenium
2520 3298 2571 3350 in
2611 3299 2709 3351 hoc
2740 3313 2904 3365 oper»
2938 3295 3195 3347 lamentis
3232 3292 3488 3362 prosequi

1893 3388 2263 3447 decrevimus,
2307 3386 2402 3456 qui
2446 3386 2502 3438 in
2549 3386 2667 3439 istis
2706 3385 2876 3438 etiam
2919 3382 3159 3452 amplius
3200 3380 3488 3444 laboravit,

1892 3477 2044 3530 solus
2067 3474 2291 3529 ﬂetibus
2305 3472 2783 3528 commendandus
2802 3482 2888 3525 est
2913 3488 2924 3523 :
2949 3469 3215 3541 quoniam
3238 3468 3347 3523 nisi
3372 3472 3491 3522 tam

1891 3564 2002 3617 cito
2028 3563 2159 3616 hinc
2186 3561 2411 3626 abisset,
2443 3561 2586 3616 firte
2614 3560 2817 3614 fratres
2848 3559 2918 3612 de
2950 3557 3153 3628 quibus
3181 3555 3484 3628 loquimur,

1892 3652 2015 3706 ccrli
2043 3650 2188 3705 cives
2219 3649 2511 3716 effecisset,
2549 3649 2643 3720 qui
2672 3653 3054 3718 contemptum
3093 3645 3280 3701 saeculi
3319 3644 3400 3698 eis
3432 3643 3491 3698 in

1892 3740 2152 3794 omnibus
2177 3737 2487 3792 exhibebat.
2522 3738 2767 3792 Fecisset
2790 3752 2926 3791 sane
2955 3734 3124 3790 etiam
3155 3751 3251 3789 eos
3280 3738 3489 3788 semet-

1890 3830 2041 3901 ipsos
2067 3836 2425 3882 contemnere
2446 3843 2546 3897 pro
2574 3827 2703 3893 ﬁde,
2727 3826 2873 3880 sicut
2895 3831 2950 3880 et
2978 3825 3098 3896 ipse
3117 3824 3272 3895 prius
3291 3827 3491 3876 semet-

1889 3919 2075 3990 ipsum
2095 3922 2525 3987 contempserat.
2544 3915 2874 3986 Redegisset
2894 3931 3027 3985 ergo
3048 3913 3298 3968 omnium
3321 3912 3491 3966 corda

1891 4005 1950 4059 in
1972 4021 2147 4059 unum
2165 4004 2351 4074 gratia
2377 4004 2683 4069 charitatis,
2703 4021 2774 4059 ne
2800 4005 2948 4059 ullus
2979 4003 3129 4058 ultra
3156 4016 3411 4056 normam
3432 4003 3490 4053 et

1889 4108 2215 4147 mensuram
2247 4092 2568 4147 monasticae
2613 4093 2917 4163 disciplinae
2945 4091 3011 4145 ad
3058 4107 3153 4145 eas
3189 4105 3312 4160 quae
3355 4087 3490 4142 foris

1890 4186 2039 4243 sunt,
2062 4197 2121 4235 se
2151 4180 2494 4248 extenderet,
2515 4181 2664 4252 quod
2690 4180 2829 4235 satis
2847 4180 3094 4234 ostendit
3113 4178 3172 4233 in
3196 4177 3488 4250 praelato”,

1890 4286 2056 4341 quem
2085 4270 2162 4324 ibi
2190 4287 2428 4342 praeesse
2468 4270 2801 4334 maluerant,
2842 4284 2974 4323 cum
3007 4268 3265 4332 redisset,
3298 4265 3346 4320 si
3374 4281 3487 4320 non

203 4351 331 4407 vita:
368 4352 614 4423 dignitas
641 4354 1104 4423 commendatur;
1136 4356 1336 4411 crescit
1369 4373 1591 4429 quoque
1633 4358 1802 4414 uber-
1821 4361 1871 4420 D
1888 4363 2007 4413 tam
2035 4359 2145 4414 cito
2163 4375 2357 4414 rursus
2370 4359 2672 4430 propulsus
2691 4357 2914 4413 Italiam
2930 4357 3179 4427 petisset.
3200 4354 3311 4409 Pro
3332 4360 3484 4409 certo

200 4440 381 4496 rimus
422 4442 754 4497 meritorum
789 4442 1027 4512 fructus,
1071 4461 1136 4498 ac
1168 4445 1437 4516 praeclara
1480 4447 1721 4518 pullulat
1750 4454 1807 4504 et

203 4529 492 4585 extollitur
523 4531 727 4601 gratia.

801 4621 1034 4678 CAPUT
1062 4624 1210 4679 XIX.

877 4726 1130 4767 SBVERUS.

278 4798 440 4853 Esset
466 4798 766 4866 laudabile,
798 4799 1019 4867 fratres,
1052 4801 1325 4873 quidquid
1363 4803 1433 4858 de
1461 4804 1542 4859 eis
1571 4806 1803 4877 amplis-

202 4885 351 4940 sima
376 4886 650 4943 virtutum
678 4889 829 4943 fama
854 4888 1064 4960 ubique
1101 4891 1470 4958 concelebrat,
1511 4893 1620 4949 nisi
1649 4894 1805 4966 prius

201 4990 295 5028 res
324 4975 650 5031 solemniter
672 4978 1013 5032 monasterio
1040 4983 1233 5033 nostro
1260 4979 1563 5051 delegatas,
1597 4988 1654 5036 et
1682 5000 1804 5038 om-

203 5063 302 5118 nia
328 5062 441 5119 illis
468 5064 527 5120 in
554 5065 809 5136 partibus
838 5083 960 5138 qum
989 5066 1151 5122 nobis
1177 5068 1382 5123 collata
1410 5076 1560 5137 sunt,
1593 5071 1806 5143 dejure

202 5153 565 5226 proprietatis
585 5154 825 5210 cmnobii
847 5155 1017 5228 hujus
1048 5157 1217 5227 (quod
1238 5157 1396 5213 valde
1421 5159 1677 5214 mirabile
1699 5166 1804 5231 est)

203 5241 592 5311 alienaverint,
616 5248 673 5297 et
697 5243 759 5298 in
783 5260 887 5299 sua
910 5260 1004 5300 eos
1034 5246 1375 5318 proprietate
1403 5264 1504 5319 per
1539 5262 1663 5303 sese
1685 5265 1806 5303 esse

275 5391 293 5414 ⁸
314 5384 524 5469 Eadem
553 5385 864 5469 adalhardi
879 5387 1101 5469 monita
1123 5404 1226 5469 pro
1247 5388 1485 5469 (_30_rb_eia
1509 5390 1667 5469 gova
1683 5406 1802 5446 me-

204 5460 394 5534 morat
420 5456 754 5534 Paschasius
792 5459 850 5513 in
879 5458 1011 5534 Vita
1036 5456 1216 5534 ipsius
1246 5458 1578 5534 Adalhardi,
1611 5477 1799 5534 supra.

279 5475 394 5511 arat
420 5475 754 5538 rascnasius
792 5475 850 5513 in
889 5475 1011 5513 Vita
1038 5475 1216 5584 ipsms
1251 5475 1578 5526 Adamarai,
1611 5477 1799 5534 supra.

279 5526 637 5610 bWannum,
654 5534 720 5610 ut
738 5535 894 5600 puto,
915 5529 1051 5584 inte]
1078 5528 1201 5601 igit,
1227 5530 1534 5610 Adalhardi
1649 5548 1804 5610 novae

208 5597 459 5656 Corbeiae
504 5597 778 5671 regimine
840 5597 1213 5660 successorem
1240 5601 1300 5657 in
1328 5618 1505 5660 annos
1548 5603 1800 5675 triginta,

1888 4464 2133 4519 namque
2179 4446 2573 4520 comperimus,
2629 4446 2763 4518 quia
2816 4446 2967 4500 ultra
3014 4459 3370 4515 nequaquam
3405 4440 3485 4496 ibi

1886 4543 2168 4609 praeesset,
2198 4537 2528 4609 priusquam
2558 4536 2628 4590 de
2655 4551 2716 4589 se
2745 4533 2979 4589 humilia
3010 4532 3220 4587 sentire
3254 4530 3484 4585 didicis-

1888 4631 2001 4693 set;
2023 4631 2082 4681 et
2100 4641 2215 4681 non
2233 4624 2422 4679 inﬂari
2449 4640 2550 4697 pro
2574 4639 2800 4694 genere,
2816 4637 2928 4676 non
2948 4620 3177 4675 delicias
3196 4618 3480 4690 amplecti,

1888 4730 2002 4770 non
2019 4714 2272 4770 lascivire
2299 4713 2465 4784 nugis
2490 4711 2679 4767 saeculi
2693 4717 2751 4766 et
2776 4709 3134 4775 vanitatibus,
3158 4723 3340 4780 neque
3361 4723 3486 4780 quae

1886 4803 2082 4859 mundi
2097 4808 2248 4870 sunt,
2268 4801 2491 4860 sectari.
2505 4801 2753 4855 Vidisses
2768 4798 3016 4871 profecto
3032 4798 3163 4852 hinc
3177 4798 3307 4853 inde
3319 4796 3480 4870 quasi

1885 4892 2119 4947 aedificia
2137 4890 2377 4946 caelestis
2395 4889 2591 4961 patria:
2610 4903 2947 4958 consurgere
2965 4887 3037 4941 ad
3054 4903 3310 4942 normam
3330 4887 3483 4941 illius

1887 4980 2143 5046 civitatis,
2177 4995 2347 5051 quam
2376 4994 2548 5050 supra
2575 4976 3007 5031 commemoravi
3039 4992 3052 5029 :
3103 4993 3225 5047 quae
3262 4991 3485 5047 semper

1890 5069 2068 5140 vergit
2088 5068 2160 5123 ad
2189 5072 2464 5134 austrum,
2486 5071 2545 5120 et
2570 5063 2850 5120 mensuris
2878 5063 3197 5120 coelestibus
3225 5063 3474 5127 metitur,

1889 5164 1945 5213 et
1972 5174 2084 5212 non
2118 5154 2379 5211 humanis
2405 5155 2465 5210 in
2495 5154 2697 5210 saeculo
2727 5154 3016 5208 dilatatur.
3048 5152 3294 5207 Vidisses
3313 5149 3481 5205 hodie

1866 5248 2071 5303 ’turres
2099 5245 2307 5301 ibidem
2338 5250 2393 5300 et
2425 5243 2841 5318 propugnacula
2870 5240 2998 5297 fidei
3017 5256 3194 5312 usque
3221 5239 3294 5293 ad
3312 5238 3481 5294 caios

1886 5389 1977 5444 cui
2005 5380 2325 5460 superbiam
2346 5393 2403 5460 et
2420 5393 2701 5444 tumorem
2720 5390 2916 5460 auctor
2939 5383 3028 5438 hic
3055 5380 3482 5460 videtur_im_pu-

1884 5464 2025 5540 tare,
2057 5451 2286 5540 tametsi
2313 5457 2857 5540 Waringqiegregie
2876 5451 3232 5510 commendat
3260 5451 3479 5506 libellus

1885 5532 1955 5587 de
1980 5530 2347 5587 translatione
2372 5529 2551 5588 sancti
2571 5529 2705 5584 Viti.
