4000 6170
513 286 657 348 15%

1280 299 1338 354 Β.
1382 294 1762 353 PASCKASII
1799 291 2161 354 RADBERTI
2197 291 2502 352 ABBATIS
2541 292 3034 350 GORBFIENSIS.

3653 294 3791 354 1596

500 410 793 472 humiliter
818 417 1069 485 exaltari,
1102 420 1402 491 omniaque
1432 420 1699 475 virtutum
1735 434 1946 491 genera
1973 416 2426 478 con-Afavorem
2474 417 2754 473 malorum
2796 417 2974 476 bonos
3021 420 3330 476 consectari
3382 435 3499 476 non
3556 421 3783 478 audere.

502 516 751 572 surgere,
787 508 844 558 et
881 522 997 562 non
1041 525 1142 578 pro
1173 508 1319 563 fastu
1371 509 1645 580 superbiae
1695 509 1878 563 locum
1935 506 2100 562 rebus

502 589 747 646 dilatari.
782 593 1202 663 Verumtamen,
1227 598 1480 668 quamvis
1501 598 1582 652 ita
1603 597 1800 663 fatear,
1819 599 1940 668 ejus
1966 597 2103 652 odor

503 677 686 735 adhuc
717 679 882 736 hodie
914 682 990 737 ibi
1039 685 1270 755 fragrat,
1325 687 1562 741 virtutes
1588 687 1796 758 vigent,
1847 686 2101 742 doctrina

502 779 724 822 morum
749 769 938 839 pollet,
974 771 1237 829 nobilitas
1261 775 1697 830 conversationis
1728 782 1937 843 manet,
1966 792 2100 846 gra-

501 853 644 913 vitas
665 856 997 926 admiratur,
1026 863 1378 918 collaudatur
1396 864 1658 928 Charitas,
1689 871 1744 918 et
1768 865 2101 937 pradicatur

501 941 564 998 in
592 945 848 1000 omnibus
878 948 1185 1021 disciplina
1215 953 1497 1019 honestas,
1546 953 1792 1009 itatenus
1820 959 1880 1008 ut
1919 955 1989 1009 de
2019 955 2102 1009 fe-

501 1032 786 1088 cunditate
833 1035 978 1103 filiae,
1039 1041 1236 1095 matris
1287 1040 1495 1112 ubique
1532 1042 1681 1097 fama
1735 1046 2102 1099 annuntietur

503 1120 660 1174 valde
707 1123 971 1192 gloriosa,
1004 1133 1060 1181 et
1107 1128 1332 1184 ubertas
1379 1131 1508 1185 hinc
1554 1132 1684 1186 inde
1725 1133 1958 1187 dilatata
2000 1151 2101 1204 per

500 1224 694 1265 omnes
713 1222 993 1270 accrescat
1022 1219 1212 1288 prolis.
1249 1223 1376 1277 Haec
1406 1223 1596 1294 igitur,
1631 1222 1852 1288 fratres,
1876 1225 2096 1280 Arsenii

501 1301 678 1354 nostri
709 1310 843 1358 sunt
882 1308 1176 1376 praeconia.
1211 1310 1326 1366 haec
1363 1313 1485 1381 ejus
1513 1311 1696 1383 operis
1738 1311 2006 1368 beneficia
2041 1318 2100 1368 et

501 1387 771 1446 virtutum
799 1393 1042 1463 insignia
1071 1418 1084 1453 :
1133 1400 1296 1468 cujus
1346 1400 1482 1455 dum
1513 1401 1716 1456 saecula
1759 1408 2006 1464 manent,
2039 1408 2098 1457 et

501 1477 700 1548 religio
733 1481 1100 1538 Ecclesiarum
1122 1487 1256 1554 erit;
1277 1489 1398 1558 ejus
1424 1489 1619 1544 laudes
1648 1490 1908 1561 famaque
1937 1491 2094 1548 bona

501 1564 626 1621 vitae
647 1566 720 1620 ab
740 1585 835 1624 ore
856 1571 1147 1628 hominum
1167 1592 1454 1647 nunquam
1475 1578 1753 1634 deficient.
1776 1580 2097 1636 Necimme—

498 1652 607 1708 rito
637 1654 830 1724 igitur,
861 1661 994 1729 quia
1020 1661 1233 1719 fructus
1262 1666 1598 1722 redundabit
1627 1668 1683 1723 in
1713 1669 1928 1724 semine
1955 1670 2095 1725 mul-

2183 506 2393 560 Idcirco
2431 507 2595 560 velim
2621 508 2992 572 convalesces,
3012 509 3099 562 fac
3131 515 3192 563 ut
3217 509 3462 563 audeas:
3486 514 3560 574 et,
3589 510 3636 564 si
3667 511 3783 565 ﬁeri

2183 599 2384 665 potest,
2418 595 2685 648 Severum
2730 611 2950 660 revoca,
2985 613 3056 651 ne
3087 597 3326 652 multum
3365 597 3584 657 timeat,
3618 603 3673 650 et
3715 613 3782 651 ne

2182 682 2329 738 bona
2363 699 2486 754 quas
2521 683 2735 750 didicit,
2773 684 2944 739 simul
2975 685 3308 755 abligurriet
3351 686 3412 755 [t.
3464 683 3781 756 abliguiiat]

2181 788 2281 843 spe
2311 787 2454 826 vana
2480 771 2770 844 deceptus.

2849 873 3120 916 SEVERUS.

2252 949 2474 1019 Ergone
2501 949 2674 1004 istum
2703 949 2934 1004 laudare
2982 949 3429 1020 praetermittam,
3483 966 3652 1021 quem
3695 950 3782 1006 die

2181 1044 2461 1108 noctuque
2505 1038 2782 1102 desidero,
2834 1055 3004 1109 quem
3043 1039 3252 1108 cogito,
3303 1055 3471 1110 quem
3515 1039 3778 1108 admiror,

2181 1127 2343 1197 cujus
2372 1125 2545 1182 etiam
2571 1127 2709 1182 mihi
2738 1127 3076 1198 phantasma
3096 1127 3220 1182 visu
3248 1127 3438 1184 videre
3464 1127 3781 1198 refrigerari

2182 1215 2302 1270 est?
2332 1232 2501 1287 quem
2552 1232 2681 1270 cum
2731 1216 2936 1282 recolo,
2981 1232 3177 1272 amore
3225 1216 3411 1282 acrius
3461 1216 3778 1280 inardesco;

2176 1321 2306 1361 cum
2333 1305 2682 1373 commendo,
2717 1305 2949 1360 veritate
2977 1305 3299 1376 participor.
3354 1305 3590 1360 Huncne
3629 1306 3773 1376 apud

2177 1391 2381 1463 probos
2407 1393 2640 1448 laudare
2669 1394 2960 1460 desistam,
2988 1394 3086 1465 qui
3115 1394 3289 1450 etiam
3317 1395 3470 1466 apud
3495 1411 3612 1460 eos,
3637 1410 3774 1465 quo-

2176 1498 2305 1537 rum
2353 1481 2600 1538 inﬁcitur
2622 1482 2786 1546 odiis,
2809 1482 3126 1539 laudandus
3153 1484 3545 1540 convincitur?
3583 1483 3774 1538 Gestat

2175 1570 2326 1625 enim
2355 1571 2602 1642 palmam
2633 1571 2836 1637 laudis,
2868 1571 2978 1628 etsi
3015 1572 3420 1628 contradicitur
3457 1572 3528 1626 ab
3556 1571 3660 1638 his,
3709 1576 3772 1626 ut

2174 1659 2444 1714 Jeremias
2461 1666 2706 1725 sanctus,
2729 1660 2826 1731 qui
2851 1660 2922 1716 de
2940 1660 3107 1715 corde
3120 1660 3227 1716 sibi
3257 1661 3398 1716 falsa
3425 1661 3763 1734 loquuntur:

498 1741 694 1812 tiplici,
725 1746 858 1803 dum
898 1749 1018 1804 laus
1047 1754 1248 1808 satoris
1284 1757 1481 1811 crescit
1505 1774 1698 1813 rursus
1727 1759 1785 1813 in
1815 1777 2012 1824 messe,
2037 1766 2094 1815 et

2177 1749 2442 1820 quoniam
2464 1751 2586 1820 jam
2615 1750 2900 1820 praelatus,
2940 1749 3088 1805 sicut
3135 1751 3300 1806 testis
3336 1757 3423 1808 est
3453 1767 3568 1808 non
3596 1750 3770 1805 solum

500 1832 699 1891 messis
721 1851 822 1904 per
845 1853 1022 1893 annos
1054 1843 1459 1914 multiplicatur
1481 1847 1540 1902 in
1571 1847 1777 1917 plures.
1806 1849 1964 1906 Unde
1981 1851 2094 1908 veri

2176 1837 2372 1905 totius,
2422 1839 2518 1910 qui
2562 1837 2801 1909 praefuit,
2850 1838 3088 1894 cmnobii
3139 1841 3526 1911 congregatio,
3586 1856 3768 1894 verum

499 1919 601 1982 Dei
629 1925 909 1980 sententia
925 1930 1307 1996 confirmatur,
1331 1950 1443 2004 qua
1470 1935 1581 1989 ait:
1615 1938 1939 2006 Quicunque
1969 1944 2094 1996 reti-

2176 1926 2422 1998 plurium
2449 1926 2740 1981 familiaris
2759 1927 2960 1984 notitia
2982 1928 3406 1995 monachorum,
3425 1927 3642 1998 absque
3659 1929 3776 1982 ulla

501 2013 685 2078 querit
713 2017 904 2069 omnia
944 2033 1060 2084 quae
1094 2022 1344 2087 possidet.
1384 2029 1608 2092 propter
1645 2041 1844 2080 nomen
1889 2044 2094 2094 meum,
2181 2015 2754 2086 exceptionedomnus
2773 2016 3237 2088 delinquentium,
3263 2016 3778 2072 etabbasomnium

500 2103 818 2185 centuplum
873 2109 1116 2174 accipiet,
1165 2115 1214 2163 et
1269 2114 1441 2166 vitam
1491 2119 1755 2169 zternam
1806 2120 2094 2185 possidebit

2180 2109 2435 2159 nostrum
2461 2104 2584 2158 fuit.
2606 2103 2791 2158 Abbas
2808 2105 3054 2175 quidem,
3079 2105 3212 2176 quia
3235 2111 3574 2162 cunctorum
3601 2111 3772 2176 pater,

504 2184 715 2260 (Matth.
749 2205 860 2256 xxx,
894 2191 1000 2259 29;.
1037 2196 1282 2268 Reliquit
1309 2217 1442 2271 ergo
1483 2202 1589 2256 iste
1629 2184 1814 2273 plura,
1845 2206 1942 2261 sed
1973 2224 2093 2261 ma-

494 2273 622 2376 jora.
670 2277 728 2376 in
778 2283 976 2376 saeculo
1025 2287 1337 2356 acquisivit,
1398 2291 1494 2362 qui
1551 2307 1744 2376 omnes
1799 2294 2092 2352 facultates

500 2362 776 2432 Ecclesiae,
829 2369 1006 2439 ipsam
1069 2377 1310 2432 amando
1377 2362 1698 2447 Ecclesiam,
1755 2399 1884 2438 suas
1941 2385 2088 2440 fecit.

501 2449 748 2523 Reliquit
774 2456 1090 2527 innumera,
1122 2465 1217 2534 qui
1241 2469 1606 2539 semetipsum
1632 2476 1690 2526 et
1717 2488 1941 2528 omnem
1966 2491 2093 2529 con-

501 2541 902 2629 cupiscentiam
934 2554 1222 2618 praesentis
1262 2555 1383 2614 vita:
1413 2558 1484 2612 ad
1524 2559 1800 2629 liquidum
1838 2563 2086 2618 calcavit.

503 2627 747 2721 Reliquit
777 2643 994 2702 cuncta,
1030 2643 1252 2710 quando
1282 2627 1646 2718 semetipsum
1675 2650 1756 2703 sic
1784 2650 2004 2721 dejecit,
2030 2658 2094 2710 ut

501 2732 626 2807 eum
662 2720 899 2778 vidimus
926 2729 1175 2796 quotidie
1204 2731 1485 2790 laboribus
1515 2736 1758 2807 fatigari,
1783 2720 2093 2800 innumeris

499 2805 703 2876 vigiliis
733 2816 1067 2879 excruciare,
1081 2819 1158 2890 jej
1167 2822 1312 2878 uniis
1329 2830 1384 2877 et
1403 2805 1743 2882 abstinentia
1768 2829 2092 2886 indesinen-

499 2899 588 2990 ter
615 2914 815 2990 corpus
847 2909 1117 2962 macerari
1150 2925 1164 2962 :
1204 2910 1284 2965 ita
1322 2919 1384 2967 ut
1409 2914 1624 2970 videres
1661 2934 1788 2971 cum
1822 2920 2094 2990 propheta

500 2983 674 3040 David
702 2991 822 3059 ejus
852 2995 1022 3063 pelles
1051 2998 1268 3055 ossibus
1289 3001 1521 3070 herere,
1543 3010 1600 3058 et
1617 3005 1879 3060 virtutem
1909 3009 2092 3064 carnis

2175 2193 2324 2247 circa
2340 2193 2592 2263 singulos
2619 2193 2831 2248 viscera
2857 2193 3149 2250 charitatis
3170 2211 3298 2250 rore
3323 2195 3541 2252 Christi
3569 2195 3778 2266 repleta

2172 2298 2395 2352 gerens,
2415 2283 2616 2336 affectu
2640 2282 2864 2353 pietatis
2892 2282 3144 2339 exhibuit
3168 2283 3442 2339 :domnus
3465 2301 3620 2351 vero,
3651 2284 3781 2355 quia.

2174 2371 2312 2424 nulli
2345 2371 2619 2436 lascivire,
2654 2376 2718 2425 ut
2755 2372 3006 2426 assolent
3047 2372 3144 2442 qui
3189 2389 3388 2428 curam
3438 2373 3778 2444 pastoralem

2173 2459 2618 2530 parvipendunt,
2659 2459 2935 2530 ignaviter
2990 2461 3227 2516 indulsit
3280 2477 3295 2517 :
3348 2463 3449 2517 sed
3499 2462 3781 2534 inspector

2173 2548 2428 2602 omnium
2475 2548 2724 2603 moribus
2765 2554 2823 2603 et
2868 2549 2982 2603 vita
3031 2549 3284 2620 singulos
3333 2551 3643 2622 praecessit.
3693 2551 3780 2604 Ita

2173 2640 2365 2692 tamen
2381 2641 2444 2690 ut
2459 2642 2736 2691 extremos
2759 2652 3012 2708 quosque
3030 2638 3148 2692 suis
3165 2639 3420 2693 traheret
3438 2635 3784 2702 hortatibm,

2173 2729 2232 2780 et
2259 2724 2497 2780 fetantes
2542 2741 2670 2779 cum
2714 2725 2936 2780 Christo
2974 2726 3092 2780 suis
3146 2727 3418 2781 virtutum
3459 2728 3676 2781 levaret
3713 2743 3778 2780 ac

2172 2819 2424 2884 portaret
2469 2814 2737 2869 humeris.
2777 2815 3008 2869 Nullum
3053 2815 3243 2885 igitur,
3286 2832 3458 2887 quem
3497 2832 3615 2871 non
3665 2815 3784 2870 suis

2173 2903 2455 2957 calefieret
2498 2901 2564 2975 [ι.
2597 2903 2946 2974 calefaceret]
2973 2903 3260 2968 fomentis,
3301 2911 3596 2976 tepentem
3648 2905 3775 2958 reli-

2175 2992 2324 3063 quit;
2348 2992 2568 3046 nullum
2581 3007 2745 3063 quem
2760 3008 2875 3046 non
2895 2992 3183 3063 sapientiai
3197 2993 3316 3047 sale
3334 2994 3621 3048 condierit
3633 3013 3648 3060 ;
3662 2993 3776 3047 nul-

499 3088 616 3168 prm
642 3076 817 3168 nimia
836 3080 1022 3137 inedia
1041 3086 1257 3157 jugiter
1275 3089 1545 3146 tabellari.
1579 3093 1669 3148 Sic
1687 3095 1928 3167 denique
1953 3114 2090 3168 pau-

2176 3081 2291 3136 lum
2312 3097 2534 3152 quoque
2547 3097 2719 3150 quem
2737 3081 3176 3138 acrimoniarum
3201 3098 3317 3137 non
3342 3083 3559 3138 curarit
3576 3083 3774 3138 doctri-

501 3167 942 3254 pertateChristi
967 3173 1216 3239 vestitus,
1240 3176 1366 3231 felix
1393 3184 1450 3233 et
1471 3179 1667 3236 beatus
1681 3183 1810 3252 jure
1840 3167 2088 3254 emicuit,

503 3250 598 3344 qui
615 3249 830 3308 habitos
855 3256 1092 3314 honores
1107 3266 1443 3337 contempsit
1461 3270 1645 3324 saeculi
1668 3249 1766 3342 pro
1782 3273 2052 3344 religione

501 3337 598 3390 sed
618 3354 788 3409 quam
808 3350 1070 3403 strenuus
1101 3350 1269 3407 fuerit
1291 3371 1523 3425 Operum
1559 3358 1630 3413 ad
1654 3337 1917 3424 virtutes:
1930 3362 2090 3417 testis

501 3430 585 3488 est
607 3427 860 3499 Severus,
889 3436 1128 3506 quicum
1152 3457 1218 3495 eo
1233 3443 1410 3499 multa
1423 3447 1558 3516 egit,
1576 3453 1640 3503 ut
1668 3465 1863 3506 eorum
1889 3451 2092 3507 fratres

497 3519 750 3589 exemplo
779 3525 1132 3592 proficerent.

1092 3617 1325 3676 CAPUT
1351 3623 1499 3680 XXI.

1138 3721 1407 3767 SIVERUB.

571 3786 689 3877 Hac
711 3789 835 3861 lege
858 3791 1012 3848 vobis
1041 3811 1225 3852 meam
1250 3801 1501 3874 astringo
1517 3803 1704 3869 fidem,
1728 3809 1794 3860 ut
1819 3822 1941 3877 qua
1966 3807 2096 3862 novi

498 3873 570 3930 de
595 3875 691 3931 illo
721 3880 884 3949 plura
928 3885 1213 3952 reticeam,
1245 3895 1302 3943 et
1329 3892 1660 3948 memoriam
1689 3873 1899 3966 optime
1927 3896 2090 3952 insti-

498 3967 656 4054 tuam
679 3989 692 4024 :
722 3974 786 4024 ut
809 3986 934 4026 cum
961 3978 1184 4045 tempus
1210 3980 1444 4046 venerit,
1481 3982 1680 4053 sopitis
1703 3985 1824 4054 jam
1853 3985 2098 4042 inimici-

496 4050 708 4144 tiarum
734 4057 963 4128 facibus,
988 4065 1174 4133 palam
1203 4068 1516 4124 volentibus
1531 4050 1729 4127 audire
1749 4073 2052 4130 edisseram
2075 4094 2090 4144 ;

499 4141 633 4211 quis
675 4144 726 4200 si
752 4145 954 4204 falsum
1000 4159 1098 4206 aut
1125 4171 1332 4210 vanum
1370 4159 1454 4212 vel
1496 4161 1688 4216 ﬁctum
1728 4178 1879 4218 nunc
1917 4180 1987 4219 ex

496 4229 701 4321 aliquis
723 4235 908 4304 palam
938 4248 1184 4308 enarrat,
1208 4247 1389 4316 magis
1416 4248 1612 4319 utique
1631 4250 1828 4320 placet.
1853 4252 1922 4307 Et
1940 4253 2086 4321 ideo,

497 4319 582 4413 uti
621 4321 909 4413 Allahigus
936 4328 1042 4384 iste
1080 4330 1306 4401 fatetur,
1355 4353 1459 4407 ego
1499 4319 1646 4392 adeo
1691 4340 1835 4395 hanc
1873 4319 2096 4413 primus

2173 3174 2280 3238 nis,
2299 3173 2347 3228 si
2371 3173 2605 3228 facultas
2626 3173 2824 3240 morbi,
2849 3174 3054 3230 Christi
3075 3176 3641 3246 cooperantegmtia.
3657 3191 3780 3246 per~

2173 3261 2345 3316 misit.
2394 3261 2797 3318 Verumtamen
2829 3264 3084 3334 apposite
3111 3264 3184 3320 ad
3215 3265 3535 3320 curandum
3567 3261 3772 3336 peccati

2171 3353 2405 3408 vulnera
2433 3353 2634 3408 medici
2662 3352 2962 3423 diligenter
2985 3353 3168 3406 officia
3198 3355 3436 3423 peregit,
3467 3360 3526 3408 et
3553 3353 3630 3407 ad
3658 3369 3776 3423 per-

2173 3441 2524 3500 suadendum
2553 3441 2786 3498 virtutes
2809 3459 2921 3496 non
2953 3443 3136 3501 minus
3169 3443 3294 3497 vitae
3321 3443 3569 3514 praebuit
3590 3457 3772 3496 exem-

2174 3529 2285 3600 pla,
2320 3546 2490 3600 quam
2521 3535 2579 3585 et
2616 3530 2936 3586 documenti
2999 3531 3341 3601 importune,
3393 3537 3780 3602 opportunam

2172 3619 2541 3690 diligentiam.
2591 3619 2656 3674 In
2703 3619 2962 3674 omnibus
2998 3636 3170 3676 unam
3211 3620 3401 3674 tenuit
3439 3621 3776 3676 charitstem

2172 3724 2458 3780 unamque
2511 3707 2899 3778 disciplinam;
2955 3709 3096 3763 nihil
3154 3709 3466 3779 negligens,
3524 3709 3774 3780 nihilque

2174 3797 2600 3870 parvipendens,
2620 3813 2741 3868 quas
2771 3797 2841 3851 ad
2872 3797 3110 3852 salutem
3141 3797 3464 3854 animarum
3487 3797 3598 3852 sibi
3627 3814 3772 3853 com-

2173 3887 2474 3942 missarum
2503 3884 2834 3940 videbantur
2861 3887 3150 3956 proficere.
3181 3888 3257 3940 At
3285 3901 3436 3942 nunc
3472 3887 3644 3942 velim
3671 3904 3774 3942 ae-

2174 3979 2296 4030 tera
2313 3974 2648 4032 Paschasius
2663 3981 3053 4045 prosequatur,
3073 3975 3174 4045 qui
3193 3975 3374 4045 magis
3398 3992 3534 4030 eum
3561 3992 3777 4047 semper

2175 4079 2408 4122 assensu
2427 4062 2662 4130 consilii,
2689 4079 2856 4134 quam
2879 4064 3146 4134 exemplis
3166 4079 3402 4134 operum
3425 4071 3776 4121 consectatus

2177 4158 2289 4221 est;
2341 4154 2488 4209 licet
2521 4167 2610 4206 me
2642 4167 2792 4210 nunc
2835 4158 3240 4208 assentatorem
3281 4153 3434 4210 dicat
3468 4171 3481 4205 :
3512 4156 3779 4226 quoniam.

2173 4259 2359 4300 comes
2388 4242 2693 4300 irremotus
2716 4241 2925 4312 ubique
2955 4255 3080 4296 cum
3111 4258 3178 4296 eo
3218 4242 3345 4296 fuit.

2807 4343 3170 4388 PASQHABIUS.

496 4407 683 4502 inveni
709 4411 858 4468 viam
888 4433 900 4468 :
938 4420 1202 4488 quoniam
1231 4428 1318 4478 ωε
1340 4441 1522 4494 genus
1548 4426 1858 4496 hominum,
1875 4407 1989 4502 'qui
2027 4409 2161 4486 “,D
2251 4420 2367 4491 Ego
2394 4419 2679 4476 hominem
2704 4420 3049 4496 callidiorem
3075 4427 3130 4477 te
3158 4420 3271 4476 vidi
3295 4419 3608 4475 neminem.
3629 4421 3777 4475 Nun-

496 4497 711 4589 primos
748 4519 870 4559 esse
898 4508 1148 4564 omnium
1180 4527 1372 4567 rerum
1399 4515 1611 4583 volunt,
1649 4533 1779 4573 cum
1823 4497 1928 4574 nec
1952 4522 2086 4589 sint,

495 4587 602 4676 hos
631 4599 938 4660 consector,
971 4597 1058 4651 his
1105 4615 1210 4669 ego
1253 4617 1344 4656 me
1389 4619 1651 4674 comparo
1682 4623 1693 4658 :
1742 4613 1810 4662 ut
1847 4587 2086 4676 rideant,

496 4675 697 4749 hisque
720 4682 866 4736 ultro
887 4685 1128 4749 arrideo,
1156 4691 1420 4760 quoniam
1449 4694 1640 4750 nullus
1661 4695 1732 4750 de
1751 4695 1914 4753 bonis
1940 4675 2098 4754 nunc

495 4762 650 4856 locus
665 4768 896 4856 dicendi
924 4780 1027 4841 est,
1061 4778 1194 4848 quia
1220 4779 1368 4835 tales
1389 4797 1449 4835 se
1477 4782 1695 4838 detrahi
1720 4790 1940 4856 putant,
1962 4803 2090 4843 cum

497 4851 636 4912 alios
662 4855 880 4916 laudari
911 4864 1168 4924 audiunt.

1107 4972 1325 5016 ΡΑΒΟΗΔ
1333 4973 1472 5016 Βῐῠε.

566 5041 722 5098 Bone
747 5043 910 5098 Iesu!
939 5045 1154 5102 homini
1181 5049 1350 5104 homo
1378 5049 1509 5121 quid
1538 5055 1789 5122 prestat,
1811 5050 1962 5123 quod
1985 5050 2096 5107 ista

495 5127 600 5185 sibi
620 5130 886 5186 virtutem
911 5148 1040 5188 cum
1068 5151 1136 5189 re
1158 5137 1366 5202 amisit,
1395 5153 1578 5210 neque
1605 5138 1814 5193 audeat
1839 5137 1943 5193 ﬁmi
1963 5155 2096 5210 qua

495 5219 668 5275 novit.
718 5221 996 5278 Fortassis
1034 5238 1166 5294 ergo
1213 5225 1366 5282 hunc
1398 5243 1594 5282 omnes
1634 5228 1754 5283 noti
1783 5243 2092 5301 omnesque

497 5309 662 5364 amici
691 5315 747 5365 et
760 5311 1169 5367 commilitones
1197 5311 1279 5367 ita
1305 5314 1590 5384 deserunt,
1622 5321 1686 5372 ut
1712 5317 1899 5374 nullus
1927 5318 1997 5372 de
2025 5333 2090 5372 eo

497 5397 704 5454 audeat
731 5401 912 5475 loqui.

1119 5501 1477 5552 ADEODATUB.

569 5574 951 5634 Formidolosa
1004 5593 1095 5635 res
1140 5583 1245 5648 est,
1290 5580 1576 5652 Paschasi,
1627 5583 1776 5656 quod
1805 5582 1992 5652 audio,
2028 5581 2099 5639 ob

2172 4508 2307 4581 quid
2335 4525 2448 4564 non
2472 4513 2534 4563 tu
2563 4509 2642 4562 ita
2669 4508 2848 4562 fassus
2893 4509 3057 4562 modo
3087 4525 3154 4562 ea
3199 4508 3431 4578 refugis,
3476 4525 3604 4580 quae
3645 4525 3772 4564 oen-

2171 4599 2382 4654 sultum
2409 4597 2479 4651 iri
2508 4597 2606 4652 tibi
2640 4597 2986 4668 plaudebas?
3008 4603 3198 4652 tamen
3238 4614 3308 4651 ne
3355 4597 3627 4652 reticeam
3663 4616 3774 4669 qua

2170 4688 2360 4759 plures
2387 4691 2613 4752 norunt,
2648 4687 2718 4740 ad
2741 4686 2994 4756 regimen
3029 4687 3160 4740 huic
3180 4686 3419 4740 similem
3451 4686 3570 4740 vidi
3603 4688 3773 4741 nemi-

2171 4791 2320 4842 nem,
2341 4775 2435 4846 qui
2459 4780 2617 4830 tanta
2639 4775 2908 4830 virtutum
2927 4776 3166 4845 polleret
3178 4775 3482 4840 industria,
3501 4782 3561 4831 et
3577 4782 3775 4831 sanetae

2171 4864 2560 4922 sollicitudinis
2607 4879 2741 4918 cura
2779 4868 2896 4920 tam
2948 4864 3257 4920 indefessus
3298 4863 3514 4935 ubique
3544 4866 3780 4936 vigeret,

2175 4956 2271 5028 qui
2298 4970 2528 5025 gregem
2569 4952 2672 5008 sibi
2702 4953 3064 5010 commissum
3109 4952 3313 5008 absens
3355 4967 3673 5024 presens“
3700 4954 3776 5010 ite

2173 5044 2488 5101 intenderet
2512 5060 2523 5094 :
2558 5042 2658 5112 qui
2685 5055 2828 5113 pene
2857 5041 2997 5096 nihil
3026 5041 3180 5096 aliud
3207 5042 3518 5112 cogitabat,
3536 5044 3777 5114 qualiter

2171 5135 2242 5193 de
2256 5133 2494 5204 singulis
2513 5137 2644 5188 ante
2662 5131 2909 5186 tribunal
2924 5131 3128 5186 Christi
3152 5131 3432 5186 rationem
3452 5131 3774 5188 redditurus

2172 5220 3556 5292 mseLUndequammpe-cunctosgenereliternon
3567 5221 3773 5282 minus.

2173 5329 2340 5386 quam
2353 5312 2623 5384 plurimos
2645 5309 2962 5381 specialiter
2975 5309 3044 5363 de
3058 5309 3343 5381 voluntate
3354 5308 3518 5363 liberi
3536 5309 3767 5374 arbitrii,

2175 5408 2232 5458 et
2259 5407 2534 5474 potestate
2556 5398 2770 5473 proprii
2786 5397 3033 5470 corporis
3049 5398 3210 5468 juxta
3235 5397 3642 5469 professionem
3661 5391 3769 5451 mo-

2178 5491 2405 5552 ωᾱω
2434 5489 2747 5563 disciplinae
2773 5487 2912 5544 satis
2957 5491 3355 5564 argumentose
3386 5486 3669 5552 monebat,
3701 5485 3766 5540 ne

2179 5586 2435 5642 nostrum
2466 5579 2668 5654 aliquis
2701 5579 3048 5636 voluntatem
3087 5576 3378 5649 propriam
3422 5583 3765 5650 sequemur.
