4000 6170
268 243 402 308 1597
911 247 1006 320 DE
1042 245 1213 306 VITA
1250 244 1502 312 ΝΛΜ,
1547 244 1680 302 SEU
1719 243 2167 312 EPITAPHIUM
2197 244 2511 314 ARSENII.
2552 277 2626 288 -—
2660 247 2796 306 LIB.
2839 249 2883 302 Ι.
3387 247 3527 312 ιω

266 371 590 446 «Alioquin,
607 371 810 438 aiebat,
829 372 1104 443 quomodo
1116 371 1390 428 rationem
1406 387 1506 444 pro
1527 370 1715 442 aliquo
1727 369 1850 425 red-
1867 369 2165 440 Aluptatis
2189 388 2200 435 ;
2234 369 2375 424 nulli
2407 370 2609 428 laedere
2637 388 2733 428 reo
2762 387 2934 434 ausus
2962 388 3063 444 pro
3091 373 3345 438 veritate,
3379 373 3524 428 nulli

263 459 479 514 diturus
499 476 616 526 ero,
632 461 745 516 nisi
768 467 824 516 et
839 466 1174 532 potestatem
1197 460 1284 516 sui
1303 459 1570 531 corporis,
1586 465 1645 514 et
1663 459 1854 514 volun-
1935 459 2314 512 contradicere
2331 465 2660 526 consuetus;
2693 460 2943 515 arridere
2974 460 3251 526 omnibus,
3284 462 3527 516 nullum-

261 553 432 604 tatem
447 547 1368 620 pro-priiarbitriimihirelinquat?
1389 549 1535 619 quod
1548 548 1596 604 si
1618 548 1735 619 ipse
1747 547 1854 604 sibi
1936 561 2043 616 que
2074 547 2410 617 redarguere
2436 565 2448 612 ;
2481 545 2585 600 sibi
2615 547 2840 618 quidem
2887 548 3085 614 vivere,
3131 547 3238 604 sibi
3268 554 3526 620 sumptus

260 639 320 692 in
349 655 452 692 sua
474 655 533 694 se
560 639 862 694 retinuerit
883 644 1160 710 potestate
1186 639 1272 694 vel
1294 639 1598 704 voluntate,
1638 639 1855 696 noverit
1934 635 2115 689 facere
2151 653 2162 689 :
2195 640 2252 690 et
2279 652 2404 690 ecce
2433 635 2583 689 hunc
2616 652 2811 690 omnes
2841 635 3202 701 .benedicunt,
3251 643 3446 700 amant
3471 643 3530 699 et

261 725 536 790 rationem
550 744 610 783 se
622 728 968 782 redditurum
978 743 1111 794 ,non
1121 728 1301 782 solum
1317 744 1418 798 pro
1429 727 1543 782 suis
1556 727 1852 782 verborum

261 820 359 868 aut
385 816 788 888 cogitationum
817 817 903 871 vel
925 822 1213 888 gestorum
1242 817 1422 881 factis,
1455 833 1647 870 verum
1679 817 1851 872 etiam

261 903 395 976 quia
421 910 615 962 contra
642 906 1042 976 professionem
1066 906 1388 961 monasticae
1417 906 1558 976 legis
1583 906 1642 960 in
1658 922 1762 960 sua
1789 923 1850 962 se

259 993 495 1048 retinuit
516 998 793 1068 potestate
825 995 908 1048 vel
927 994 1214 1049 voluntate
1241 994 1443 1051 cordis.
1465 996 1643 1050 Tanto
1675 993 1852 1066 profe-

259 1087 369 1148 cto,
400 1082 678 1154 inquiens,
723 1083 866 1138 liber
908 1099 1022 1150 ero,
1067 1087 1276 1156 quanto
1319 1100 1432 1140 non
1482 1084 1621 1138 mihi
1665 1083 1854 1140 debita

225 1208 233 1214 -
258 1176 506 1244 potestas
536 1188 798 1228 concessa
826 1177 1033 1238 manet,
1050 1189 1232 1244 neque
1251 1173 1506 1232 voluntas
1521 1173 1611 1238 sui
1635 1173 1853 1228 relaxa—

1933 723 2266 796 glorificant.
2302 725 2415 778 Nos
2445 729 2635 778 autem
2666 724 2934 780 denotare
2965 741 3134 795 quam
3163 726 3340 786 simus
3363 742 3528 796 agre-v

1933 817 2046 866 stes
2059 818 2420 872 consuerunt,
2447 829 2614 884 quam
2632 813 2779 878 saevi,
2805 830 2973 884 quam
2990 813 3201 878 tristes,
3217 831 3387 885 quam
3406 819 3528 874 tm.

1933 901 2158 965 culenti,
2177 918 2342 972 quam
2363 907 2787 973 tenaces,quam
2804 903 3526 964 caeteroruminfamatores.

1934 989 2079 1059 Ergo
2102 990 2308 1044 talibus
2324 991 2459 1045 dum
2488 991 2779 1046 studemus
2796 989 2823 1032 ι)
2836 990 3522 1056 satisfacere,conterimus

1932 1077 1991 1132 in
2038 1080 2335 1148 quaerendo
2379 1079 2566 1144 vitam,
2611 1085 2875 1149 aetatem;
2933 1085 2991 1136 et
3035 1079 3288 1151 capimus
3323 1079 3395 1136 ab
3439 1080 3527 1143 his

1935 1167 2129 1222 odium
2150 1167 2435 1224 interdum
2457 1186 2556 1240 pro
2575 1169 2761 1224 fructu
2781 1169 3008 1236 laboris,
3022 1169 3156 1223 dum
3177 1168 3294 1224 suis
3309 1168 3529 1240 potiun:

258 1265 354 1314 tur
383 1259 620 1315 arbitrii.
644 1262 908 1318 Attamen
927 1278 1271 1334 quaecunque
1290 1258 1506 1337 potero,
1523 1262 1852 1320 charitative
1932 1260 2029 1316 tur
2055 1256 2362 1312 commodis
2386 1275 2396 1309 :
2423 1274 2627 1328 eosque
2643 1263 2839 1314 amant
2857 1257 3041 1314 caeteri
3062 1274 3126 1312 ac
3145 1257 3409 1328 diligunt.
3425 1273 3528 1320 nos

258 1349 768 1420 superimpendam,
818 1356 883 1404 ut
918 1351 986 1404 de
1015 1356 1291 1421 potestate
1316 1362 1374 1406 et
1400 1353 1685 1406 voluntate
1712 1351 1854 1406 liber
1933 1361 2156 1420 quoque
2203 1344 2466 1416 fugitant.
2509 1346 2760 1416 talesque
2809 1351 2874 1402 ut
2914 1346 3118 1412 Vivant,
3160 1351 3374 1416 optant.
3410 1345 3529 1408 Illis

258 1437 529 1503 inveniar,
559 1455 629 1491 ne
655 1443 755 1492 aut
781 1439 1162 1510 perfunctorie
1199 1439 1362 1494 fallar
1408 1445 1703 1511 potestate,
1754 1445 1851 1496 aut
1933 1433 2158 1506 quidem
2185 1450 2288 1488 sua
2315 1435 2550 1490 credunt
2569 1435 2818 1500 consilia,
2837 1435 2987 1506 apud
3003 1452 3104 1497 eos
3123 1451 3226 1492 sua
3239 1449 3529 1496 common»

257 1527 546 1580 voluntate
571 1543 708 1580 meae
734 1528 1164 1585 consectationis
1193 1529 1458 1599 decipiar.
1486 1546 1512 1580 ι>
1535 1529 1847 1597 BoneJesu,
1932 1522 2070 1576 dant
2104 1527 2229 1575 vota
2260 1539 2270 1574 :
2305 1527 2558 1577 nostram
2587 1529 2775 1578 autem
2815 1528 3139 1594 exspectant
3178 1529 3439 1588 mortem,
3471 1527 3528 1582 et

259 1619 473 1686 quanta
500 1615 684 1669 ovium
706 1632 843 1670 cura
863 1621 920 1670 et
950 1616 1325 1676 sollicitudine
1351 1616 1666 1692 animarum
1698 1617 1853 1673 inde-
1934 1610 2138 1666 liberos
2187 1627 2246 1666 se
2292 1611 2628 1682 promittunt
2665 1611 2902 1680 futuros,
2954 1613 3002 1668 si
3049 1611 3379 1668 desierimus
3420 1612 3530 1674 ista

255 1703 510 1758 sinenter
539 1703 905 1772 afficiebatur,
940 1722 1089 1760 nunc
1107 1707 1445 1776 generaliter
1465 1705 1727 1762 erudiens
1739 1723 1854 1760 om-
1870 1725 1914 1785 Β
1933 1699 2177 1769 culpare,
2198 1716 2261 1754 ac
2282 1700 2451 1754 nllllis
2475 1717 2570 1754 eos
2593 1701 2933 1772 redarguere
2952 1717 3116 1772 posse
3131 1700 3346 1762 officiis-
3369 1699 3531 1762 Unde

256 1810 377 1860 nes,
414 1810 562 1848 nunc
579 1794 899 1865 specialiter
919 1811 1153 1849 monens
1165 1795 1418 1866 singulos
1441 1813 1452 1864 ;
1486 1795 1633 1850 hunc
1660 1795 1847 1862 minis,

255 1881 409 1936 hunc
437 1882 820 1937 doctrinarum
871 1883 1144 1938 deliniens
1188 1884 1616 1940 blandimentis!
1658 1884 1850 1951 istum,

249 1971 416 2041 juxta
444 1972 592 2043 quod
618 1972 900 2044 Propheta
927 1973 1064 2027 dicit
1091 1991 1102 2026 :
1133 1975 1429 2040 Infrenabo
1461 1979 1507 2026 te
1545 1975 1707 2028 laude
1737 1989 1856 2028 mea

252 2059 586 2129 (lsa.xn.vni,
609 2059 693 2126 9i;
728 2060 887 2131 quasi
907 2061 1221 2116 adulatorie
1241 2060 1501 2114 laudibus
1524 2061 1846 2128 revocabat;

253 2147 417 2202 illum
439 2148 781 2220 reprimebat
805 2149 1066 2204 conviciis
1093 2165 1320 2203 :omnes
1349 2154 1541 2204 tamen
1567 2149 1683 2206 suis
1702 2167 1851 2206 sem-

251 2253 357 2310 per
384 2236 722 2306 provocabat
749 2237 1036 2308 exemplis.
1081 2237 1257 2291 Erant
1297 2243 1487 2292 autem
1516 2237 1683 2292 verba
1707 2240 1845 2308 ejus,

250 2329 321 2379 ut
338 2324 469 2389 dixi,
494 2324 653 2394 quasi
674 2325 814 2380 clavi
836 2325 1001 2398 defixi
1030 2325 1088 2378 in
1118 2326 1298 2391 altum
1322 2344 1333 2377 :
1361 2331 1418 2380 et
1432 2326 1562 2380 dum
1592 2326 1852 2380 omnibus

250 2418 602 2483 proponeret
628 2413 688 2468 in
715 2418 1010 2480 conventu,
1046 2413 1338 2468 videbatur
1367 2414 1668 2484 unicuique
1693 2414 1854 2484 quasi

250 2499 554 2572 specialius
570 2502 751 2556 affari.
766 2502 920 2556 Nihil
941 2503 1091 2556 enim
1111 2519 1176 2558 ex
1194 2501 1348 2557 omni
1364 2507 1625 2556 contextu
1648 2503 1854 2572 regulae

252 2590 901 2660 relinquensintactum,
939 2590 1081 2645 nihil
1122 2591 1532 2658 indiscussum;
1585 2590 1688 2645 etsi
1719 2590 1852 2662 quid

258 2694 457 2732 omnes
487 2679 636 2749 quod
667 2679 852 2734 minus
876 2684 1128 2749 agerent,
1162 2679 1481 2744 invenisset,
1505 2679 1642 2734 illud
1663 2695 1851 2733 coram

254 2767 450 2821 multis
467 2783 756 2838 apponens
770 2767 1146 2833 suasionibus,
1161 2767 1640 2838 divinis,quamvis
1653 2783 1854 2839 parum

253 2854 558 2920 videretur,
592 2871 705 2910 non
753 2856 1037 2926 negligere
1072 2856 1503 2910 commendabat
1549 2857 1850 2910 mandatis.

255 2944 416 3007 Quod
437 2943 485 2998 si
516 2944 793 3016 quispiam
824 2961 890 2998 ex
917 2944 1178 2998 omnibus
1207 2949 1411 2998 sanctae
1443 2946 1650 3015 regulae
1671 2945 1850 3014 verbis

1935 1786 1981 1842 si
2011 1788 2244 1842 velimus
2272 1788 2446 1843 istum
2474 1789 2726 1856 laudare,
2752 1806 2810 1844 se
2835 1806 3056 1860 quoque
3077 1789 3411 1862 reprehendi
3430 1805 3530 1860 puo
3572 1797 3576 1801 ’

1934 1880 2076 1931 tant.

2517 1965 2750 2020 CAPUT
2772 1967 2948 2025 XXII.

2543 2067 2914 2112 PASCHASIUS.

2004 2142 2142 2213 Age,
2188 2158 2310 2212 age,
2359 2157 2510 2196 nunc
2557 2143 2912 2215 experiamur
2959 2148 3186 2200 econtra
3239 2143 3530 2216 quidpiam

1935 2229 2135 2288 blande
2156 2231 2203 2286 si
2233 2231 2512 2301 possimus
2543 2231 2748 2299 dicere,
2785 2239 2886 2287 aut
2911 2232 3151 2303 benigne
3180 2233 3362 2288 facere
3392 2251 3405 2299 ;
3441 2232 3529 2295 sin

1935 2325 2144 2386 autem,
2179 2337 2495 2391 quaeramus
2535 2338 2639 2377 nos
2687 2339 2721 2376 a
2753 2323 2962 2377 nostris
3007 2323 3281 2389 reamari;
3320 2328 3376 2378 et
3404 2338 3530 2393 quia

1936 2407 2107 2478 digna
2136 2415 2268 2464 sunt
2296 2410 2478 2476 laude,
2525 2411 2917 2466 commendare
2946 2412 3203 2482 posteris,
3256 2412 3428 2467 etiam
3472 2415 3530 2472 et

1935 2494 2046 2550 ista
2075 2495 2282 2562 dando,
2315 2496 2689 2568 obsequendo,
2715 2499 3020 2566 suadendo,
3052 2500 3333 2570 diligendo
3352 2504 3530 2562 tente-

1936 2598 2062 2636 mus
2079 2584 2350 2649 emollire,
2373 2591 2436 2638 ut
2455 2593 2512 2640 et
2528 2586 2671 2640 bona
2691 2587 2949 2658 diligant,
2970 2587 3222 2657 quamvis
3247 2590 3532 2657 nequeant

1934 2670 2165 2736 imitari,
2207 2677 2306 2726 aut
2351 2672 2568 2740 nolint;
2617 2681 2674 2728 et
2704 2692 2826 2746 quae
2855 2675 3220 2746 proponimus
3255 2675 3523 2739 veritatis,

1934 2773 2047 2812 non
2077 2766 2364 2829 spernant.
2393 2762 2506 2815 Aut
2534 2778 2645 2816 non
2668 2764 2866 2818 recolis
2891 2770 2974 2830 tu,
3001 2763 3134 2833 quid
3152 2763 3528 2820 Arseniusnoq

1934 2853 2051 2901 ster
2074 2850 2270 2919 egerit,
2293 2850 2515 2920 quando
2547 2851 2776 2922 quidam
2805 2869 2835 2906 e
2859 2852 3066 2908 nostris
3081 2852 3314 2906 alterius
3337 2853 3530 2922 praela-

1934 2935 2140 2992 tionem
2174 2937 2424 2993 invidens
2450 2939 2721 3005 tumebat,
2752 2940 2886 2994 dum
2917 2957 2977 2994 se
2997 2940 3265 2994 vilissima
3285 2939 3528 3000 obsitum

257 3031 470 3102 aliquid
485 3033 752 3088 excedens
773 3049 885 3088 non
906 3033 1275 3099 satisfaceret,
1303 3033 1451 3088 hunc
1466 3049 1675 3099 coram,
1705 3035 1852 3090 hunc
1869 3040 1911 3101 C
1935 3026 2154 3080 011011118
2203 3027 2429 3082 hiemali
2482 3029 2825 3100 conspiceret
2856 3067 2869 3093 ν
2939 3046 3182 3102 eumque
3252 3028 3533 3101 anteposi-

256 3119 525 3174 secretius
555 3120 850 3191 arguebat,
866 3125 923 3176 et
940 3121 1056 3175 sale
1077 3120 1376 3178 condiebat
1399 3121 1685 3180 doctrinae.
1701 3122 1857 3176 Nihil

255 3207 409 3264 enim
435 3209 892 3279 parvipendebat,
927 3209 1026 3264 sed
1071 3209 1314 3264 salutem
1359 3211 1678 3266 animarum
1725 3216 1856 3266 ante

257 3297 449 3350 omnia
470 3301 526 3350 et
541 3313 711 3368 super
727 3297 919 3351 omnia
931 3313 1151 3368 gerens,
1175 3297 1346 3353 etiam
1371 3297 1606 3352 minima
1621 3315 1858 3369 quaeque

255 3401 483 3439 summa
512 3402 576 3440 ac
614 3386 894 3457 praecipua
917 3385 1228 3456 judicabat.
1268 3386 1464 3442 Omnis
1506 3403 1638 3458 ergo
1667 3403 1852 3441 sermo

257 3474 382 3542 ejus
401 3475 516 3529 sale
539 3474 797 3530 conditus
814 3480 936 3529 erat
960 3491 974 3531 :
999 3474 1203 3529 idcirco
1224 3480 1324 3529 aut
1350 3475 1588 3531 curabat
1603 3476 1848 3541 vulnera,

254 3578 328 3617 ne
375 3562 646 3616 morbidis
692 3562 907 3617 actibus
949 3578 1085 3634 grex
1136 3563 1370 3634 periret;
1419 3570 1518 3619 aut
1551 3565 1851 3620 sanitatem

255 3650 579 3704 custodiens
609 3650 947 3717 animarum,
981 3651 1246 3704 virtutem
1295 3650 1499 3706 animis
1528 3651 1846 3707 inserebat:

253 3743 323 3792 ut
345 3755 567 3809 semper
591 3755 718 3794 oves
747 3738 852 3793 sibi
883 3739 1193 3793 commissae
1228 3739 1287 3793 in
1328 3739 1515 3793 herbis
1545 3739 1851 3796 virentibus

256 3827 652 3882 accumberent
667 3829 832 3898 juxta
860 3843 1133 3898 aquarum
1154 3828 1352 3894 fontes,
1387 3833 1443 3882 et
1465 3827 1595 3882 inde
1625 3828 1866 3897 uberius,

256 3914 715 3984 pinguescerent;
749 3933 1000 3988 quosque
1016 3917 1298 3988 corporeis
1327 3915 1662 3988 provocabat
1680 3917 1851 3972 etiam

255 4002 562 4070 beneficiis,
595 4010 660 4058 ut
684 4005 1032 4060 custodirent
1046 4006 1227 4076 legem
1252 4007 1480 4076 regulae,
1503 4011 1561 4060 et
1586 4006 1853 4068 mandata

258 4091 469 4147 Christi
499 4093 857 4164 exquirerent
869 4138 882 4151 .

923 4193 1190 4237 SEVBRUS.

1937 3119 2057 3170 tum
2080 3113 2104 3166 7

2600 3221 2866 3265 SEVERUS.

2007 3291 2211 3346 Recolo
2242 3293 2424 3364 plane,
2460 3301 2517 3349 et
2557 3297 2694 3350 satis
2723 3297 3068 3366 reminiscor,
3107 3297 3374 3366 quoniam
3403 3314 3530 3356 mox

1936 3377 2004 3445 de
2031 3396 2132 3434 sua
2160 3382 2405 3436 utilitate
2432 3383 2643 3438 invenit
2672 3385 3004 3440 antidotum.
3038 3385 3283 3440 Induens
3313 3402 3448 3454 ergo
3469 3403 3534 3442 se

1935 3469 2157 3522 cuculla
2185 3471 2381 3541 Optimi
2400 3471 2772 3538 subtegminis
2801 3474 3098 3544 pracipua,
3131 3479 3260 3543 post
3277 3473 3527 3532 triduum

1929 3555 2050 3634 jam
2075 3555 2171 3609 illo
2201 3565 2521 3614 vamscente
2552 3567 2792 3625 tumore,
2825 3561 2985 3614 fratri
3012 3562 3182 3615 Pater
3208 3561 3404 3618 obvius
3432 3577 3530 3616 ves

1933 3643 2036 3711 nit,
2073 3644 2404 3717 irruensque
2441 3665 2608 3718 super
2656 3648 2860 3703 collum
2908 3650 3030 3718 ejus
3057 3649 3524 3716 deosculabatur;

1933 3733 2320 3806 accipiensque
2350 3743 2548 3790 exutus
2575 3737 2762 3792 induit
2789 3755 2917 3793 eum
2937 3739 3156 3802 cuculla
3193 3755 3317 3804 sua,
3356 3739 3534 3798 illius-

1935 3838 2042 3894 que
2086 3823 2324 3878 vestivit.
2383 3826 2650 3897 Tuncque
2699 3826 2874 3882 frater
2920 3826 3210 3882 blanditiis
3263 3827 3536 3889 deﬁnitus:

1933 3910 2152 3978 alacris,
2181 3929 2464 3986 sanusque
2492 3915 2741 3974 recessit.
2773 3917 2914 3978 Tum
2937 3932 3102 3987 porro
3133 3916 3301 3976 Pater
3325 3916 3536 3987 gloriar-

1933 3997 2098 4060 batur
2117 4000 2225 4065 sui,
2241 4002 2862 4072 jucundabaturillius;
2898 4021 2964 4060 eo
2993 4005 3140 4075 quod
3167 4005 3338 4062 talem
3368 4004 3525 4075 [tale]

1934 4089 2234 4162 reperisset
2261 4091 2510 4148 vulneris
2539 4092 3034 4158 medicamentum,
3059 4110 3169 4164 quo
3198 4099 3256 4148 et
3281 4093 3388 4154 sibi
3407 4109 3529 4155 me?

1935 4175 2128 4245 ritum,
2161 4178 2242 4233 illi
2273 4196 2496 4253 quoque
2527 4182 2738 4238 sanitas
2768 4188 3090 4254 augeretur.
3125 4182 3318 4238 Multis
3336 4183 3530 4254 itaque

330 4267 570 4338 Quidam
591 4268 672 4324 ait
697 4275 735 4336 ⁸,
763 4270 913 4340 quod
942 4286 1231 4341 nunquam
1269 4270 1348 4324 ita
1381 4269 1678 4342 quisquam
1706 4269 1850 4332 bene
1867 4265 2128 4342 “diebus
2152 4269 2249 4322 illa
2275 4270 2505 4325 indutus
2536 4277 2707 4338 veste,
2757 4278 3009 4329 nostram
3041 4272 3406 4330 conveniebat
3430 4289 3527 4332 sua

258 4355 536 4412 subducta
564 4357 782 4413 ratione
814 4357 885 4412 ad
917 4358 1089 4413 vitam
1119 4359 1244 4423 fuit,
1278 4358 1369 4414 cui
1406 4375 1518 4413 non
1548 4375 1657 4425 res,
1689 4364 1858 4428 aetas,

1867 4319 1916 4383 D

1931 4354 2203 4426 perbiam,
2239 4359 2335 4429 qui
2379 4359 2449 4413 de
2499 4360 2695 4422 habitu
2727 4360 3050 4432 pretiosiori
3098 4377 3522 4432 nonnunquam,

258 4461 396 4502 usus
417 4462 640 4517 semper
657 4451 918 4520 apportet
930 4447 1057 4502 novi
1089 4447 1320 4518 aliquid,
1352 4451 1409 4501 et
1428 4452 1657 4501 moneat
1671 4456 1735 4512 ut
1755 4447 1856 4510 illa
1931 4445 2080 4498 unde
2099 4462 2203 4500 nos
2225 4447 2510 4502 humiliari
2532 4456 2884 4520 congrueret,
2911 4451 3246 4504 extollimur.
3266 4450 3526 4504 Imitatus

259 4551 383 4606 quae
410 4538 466 4589 te
502 4536 643 4591 scire
670 4537 885 4604 credas,
918 4537 1172 4603 nescias;
1207 4542 1264 4591 et
1302 4552 1424 4608 quae
1470 4536 1575 4591 tibi
1619 4542 1863 4608 putares,
1932 4538 2018 4587 est
2045 4550 2178 4607 ergo
2208 4552 2492 4594 summum
2518 4539 2995 4610 patremfamilias,
3014 4539 3110 4609 qui
3131 4537 3387 4598 redeunti
3410 4538 3527 4599 filio

255 4623 460 4694 prima,
474 4624 532 4679 in
543 4625 877 4695 experiendo
888 4625 1168 4696 repudies,
1189 4625 1340 4696 quod
1359 4624 1520 4680 nobis
1542 4625 1680 4679 satis
1701 4642 1851 4684 nunc
1930 4622 2086 4692 prior
2115 4624 2376 4692 occurrit,
2406 4643 2647 4698 eumque
2674 4629 2818 4690 stola
2848 4628 3030 4699 prima
3057 4627 3248 4686 vestiri
3271 4627 3430 4695 fecit;
3462 4631 3536 4688 ut;

255 4711 560 4766 dolendum
589 4714 791 4768 evenit.
821 4714 967 4768 Nam
997 4731 1098 4770 nos
1127 4714 1297 4768 vitam
1325 4715 1526 4769 duram
1565 4714 1698 4768 olim
1738 4731 1854 4786 qua
1931 4713 2176 4776 charitas
2193 4715 2458 4780 invitaret
2475 4717 2546 4776 ad
2567 4735 2839 4783 amorem,
2866 4734 3030 4789 quem
3055 4720 3220 4778 luxus
3237 4720 3532 4792 expulerat

256 4798 494 4855 viximus
519 4817 648 4856 cum
689 4818 773 4860 eo.
805 4818 976 4873 prope
1001 4803 1121 4873 jam
1168 4818 1397 4857 excurso
1443 4802 1625 4874 spatio
1655 4803 1850 4866 amisi:
1932 4801 2004 4856 ad
2034 4802 2310 4866 exsilium.
2341 4805 2479 4866 Ecce
2503 4805 2564 4866 in
2592 4823 2704 4864 uno
2735 4807 3042 4878 eodemque
3065 4807 3213 4865 facto
3254 4809 3366 4867 tria
3399 4827 3530 4867 eon-

252 4904 401 4944 mus.
435 4889 810 4953 Quamobrem
834 4907 954 4946 rem
982 4891 1162 4962 ipsam
1187 4892 1308 4961 jam
1347 4907 1639 4950 censemus
1667 4891 1849 4948 facili-
1931 4891 2233 4962 speximus,
2257 4893 2593 4948 medicinam
2616 4896 2826 4959 fratris,
2852 4896 3041 4952 Patris
3069 4905 3532 4968 augmentumot

251 4982 371 5032 tate
403 4996 414 5032 :
451 4983 510 5032 et
536 4979 677 5034 nihil
715 4997 836 5035 esse
874 4980 1089 5035 homini
1123 4981 1342 5046 melius,
1366 4982 1530 5051 juxta
1558 4981 1851 5052 proverbia
1931 4980 2180 5035 omnium
2210 4987 2467 5037 nostrum
2488 4983 2778 5054 religionis
2805 4987 3140 5058 exemplum.
3160 4988 3265 5042 Sed
3285 4989 3417 5059 quia
3442 4993 3522 5042 ta-

257 5066 593 5135 Salomonis,
643 5085 812 5140 quam
859 5069 1072 5124 deliciis
1117 5069 1275 5124 afflui
1305 5068 1600 5142 [affluere],
1643 5075 1702 5124 et
1731 5071 1848 5136 suis
1930 5069 2012 5140 les
2042 5086 2156 5132 non
2178 5086 2392 5138 sumus,
2421 5072 2577 5134 valde
2597 5071 2758 5135 nobis
2777 5073 3276 5144 ingemiscendum,
3299 5075 3436 5146 quia
3452 5075 3523 5130 de

255 5157 556 5229 unicuique
575 5157 684 5213 frui
705 5157 1008 5214 laboribus.
1044 5160 1202 5224 Quod
1227 5176 1377 5214 nunc
1404 5176 1569 5216 nosse
1583 5159 1848 5230 perfacile
1930 5157 2261 5224 cultioribus
2280 5159 2416 5226 dum
2439 5160 2786 5224 delectamur
2801 5163 2991 5230 rebus,
3005 5164 3176 5223 etiam
3193 5181 3226 5219 a
3249 5165 3526 5219 saewlariv

257 5252 363 5312 est,
390 5249 612 5318 quando
629 5248 832 5320 aliquis
850 5265 1010 5304 suam
1038 5266 1261 5321 semper
1296 5249 1415 5320 agit
1443 5249 1615 5304 vitam
1629 5250 1689 5305 in
1709 5249 1845 5317 otio,
1929 5249 2032 5306 bus
2061 5249 2421 5320 despicimur,
2453 5251 2700 5322 profecto
2737 5255 2872 5326 quia
2898 5255 3083 5315 sciunt
3115 5253 3248 5324 quid
3280 5268 3405 5308 esse
3427 5254 3521 5310 de—

253 5335 314 5390 in
344 5337 628 5404 conviviis,
678 5338 920 5393 clemens
946 5337 1052 5393 sibi
1085 5343 1144 5394 et
1182 5338 1431 5410 placidus
1468 5343 1553 5393 est
1579 5338 1713 5394 luxu
1742 5354 1848 5394 vo—
1927 5337 2170 5404 buimus.

330 5457 1226 5544 {Ierset-ieAde'Ph-aect-1?,
1260 5462 1412 5544 8.0-4;
1680 5533 1699 5544 .
1739 5533 1750 5544 .
1926 5463 2206 5544 salem.
2237 5481 2314 5532 an.
2342 5465 2692 5536 nasonem.
2731 5467 2828 5542 cui
2872 5464 3166 5528 σοιιιθίεω
3206 5465 3352 5523 rem
3380 5467 3523 5544 rost

333 5528 361 5570 ι’
388 5531 471 5590 Ex
499 5531 588 5587 his
615 5531 849 5610 aliisque
862 5528 1059 5591 'verbis
1077 5534 1360 5605 conjector
1379 5533 1645 5590 Severum
1674 5533 1863 5590 fuisse‘
1928 5528 2170 5607 Walam}
