4000 6170
483 289 620 348 1599

1028 425 1262 480 CAPUT
1298 425 1506 482 XXIII.

1100 525 1448 568 ADEODATUS.

1269 301 1326 356 S.
1369 298 1748 357 PASCHASII
1788 297 2150 357 RADBERTI
2187 297 2491 355 ABBATIS
2529 295 3024 354 CORBEIENSIS.

3614 293 3758 353 1600

2083 427 2134 486 Α
2154 423 2473 495 prodigium
2505 421 2682 477 ﬁlium
2711 425 3108 488 revertentem,
3131 421 3621 491 exsultantemque
3650 437 3752 491 pa-

2151 518 2319 567 trem.
2351 511 2546 568 Flebat
2583 527 2716 582 ergo
2743 511 2836 564 ille
2866 527 2980 581 prae
3025 510 3252 580 gaudio,
3297 508 3470 562 flebat
3498 514 3556 562 et
3603 509 3750 562 ﬁlius

549 595 739 663 Miror,
773 613 897 652 cum
931 604 1098 655 tantae
1121 602 1409 655 charitatis
1429 601 1598 656 fuerit
1628 609 1908 675 tantaeque
1937 620 2068 659 san-
2146 603 2264 673 jam
2295 601 2728 655 mansuefactus.
2762 601 2904 654 Nam
2941 604 2999 652 et
3045 615 3147 668 ego
3188 615 3317 652 cum
3361 598 3626 651 vidissem
3657 614 3749 650 eos

480 683 710 751 ctitatis,
743 702 842 740 cur
866 687 1035 741 etiam
1066 689 1366 760 aliquando
1395 691 1554 761 quasi
1574 692 1955 746 summitatem
1988 694 2070 747 la-

481 773 612 826 cinii
640 775 1003 844 praecidentes
1029 779 1099 831 de
1127 795 1227 833 ora
1247 780 1584 851 chlamydis,
1616 786 1903 835 austerum
1942 798 2071 836 eum

481 859 650 915 fuisse
675 879 774 916 seu
803 864 1007 918 durum
1039 865 1320 921 inculcant
1347 887 1359 918 :
1392 869 1698 938 praesertim
1733 885 1858 922 cum
1889 869 1946 923 in
1977 887 2069 923 re-

483 947 649 1018 liquis
677 951 802 1005 vitaa
830 952 1130 1009 virtutibus
1159 956 1351 1010 multis
1383 958 1644 1011 attollant
1668 957 1965 1012 laudibus?

1089 1055 1452 1099 PASCHASIUS.

559 1127 640 1180 Ne
671 1128 910 1191 mireris,
949 1147 1154 1201 qumso,
1184 1133 1331 1202 quod
1365 1149 1430 1186 ex
1457 1131 1757 1204 Evangelio
1799 1151 2069 1204 recogno-

485 1214 609 1269 scis.
643 1217 786 1270 Nam
811 1219 970 1288 piger
997 1235 1188 1274 servus
1209 1220 1501 1275 dominum
1526 1222 1731 1276 durum
1761 1229 1936 1286 vocat,
1964 1240 2073 1278 non

2152 690 2456 763 plurimum
2483 690 2702 752 flentes,
2751 687 3031 752 infremui,
3065 687 3345 757 simulque
3385 686 3594 739 multas
3633 703 3754 756 per-

2153 778 2352 834 miscui
2367 779 2662 849 lacrymas,
2688 777 2803 831 Deo
2824 777 3038 846 gratias
3069 781 3320 846 agentes,
3354 791 3418 828 ac
3445 774 3494 827 si
3514 774 3583 828 de
3609 791 3754 827 mor-

2156 867 2266 922 tuis
2307 882 2435 920 eum
2488 866 2884 936 reciperemus.
2923 863 3073 918 Talis
3125 864 3332 934 quippe
3391 862 3577 916 Patris
3632 870 3756 917 erat

2153 956 2473 1020 austeritas,
2504 955 2641 1009 talia
2681 955 2891 1008 viscera
2927 953 3148 1024 rigoris,
3191 952 3321 1006 talis
3360 953 3638 1017 voluntas,
3673 960 3754 1004 ta-

2155 1046 2334 1117 lisque
2357 1045 2608 1099 afi'ectus.
2641 1044 2749 1098 Sed
2779 1059 2928 1097 nunc
2955 1059 3123 1114 quam
3155 1041 3345 1095 miseri
3377 1057 3592 1098 sumus.
3627 1041 3752 1110 qui-

2153 1133 2256 1188 bus
2281 1133 2546 1205 peccandi
2574 1131 2803 1186 libertas
2831 1132 2998 1185 datur
3022 1133 3034 1184 !
3067 1129 3316 1201 alioquin
3349 1129 3398 1183 si
3419 1135 3554 1183 tunc
3586 1146 3752 1182 nemo

2157 1224 2386 1294 impune
2406 1221 2687 1293 peccabat,
2703 1225 2761 1274 et
2777 1225 2965 1273 tamen
2989 1218 3216 1274 recidivi
3233 1218 3540 1290 surgebant
3558 1234 3749 1284 casus;

483 1305 617 1374 quia
645 1305 821 1360 durus
845 1308 949 1374 sit;
980 1309 1078 1362 sed
1108 1309 1266 1380 piger
1292 1327 1503 1376 servus,
1529 1312 1662 1382 quia
1685 1318 1872 1382 torpet
1899 1313 2076 1384 culpis
2157 1317 2368 1384 quanto
2398 1310 2578 1382 magis
2608 1326 2734 1365 cum
2762 1325 2912 1364 nunc
2935 1309 3098 1362 malis
3128 1307 3454 1362 blandimur
3479 1308 3704 1361 nostris.

483 1392 832 1488 exigentibus
862 1397 996 1488 suis,
1027 1398 1314 1488 dominum
1359 1399 1630 1454 infamare
1664 1400 1896 1455 laborat.
1934 1401 2077 1456 Hinc
2741 1432 2975 1488 CAPUT
3004 1430 3176 1486 xxv,

483 1481 718 1537 redeant
734 1485 875 1538 tales
904 1486 973 1539 ad
1005 1486 1419 1553 conscientiam,
1442 1505 1512 1541 ne
1536 1489 1678 1542 forte
1706 1489 1839 1542 dum
1871 1489 2075 1545 durum

484 1569 657 1624 istum
690 1573 1014 1642 prazdicant,
1047 1575 1323 1629 atrociora
1361 1575 1465 1629 sibi
1499 1582 1745 1646 augeant
1791 1578 1986 1648 ﬂagra,
2023 1579 2073 1633 ei
2791 1572 3129 1613 Αθεοθλτυδο

483 1658 783 1713 vindictam
826 1663 1130 1716 cumulent.
1180 1664 1323 1718 Nam
1365 1665 1470 1718 etsi
1512 1665 1784 1720 Dominus
1813 1667 2074 1737 colligere
2227 1667 2302 1722 Ut
2347 1666 2526 1732 video,
2574 1666 2679 1721 iste
2726 1664 2982 1736 perfecte
3021 1661 3314 1718 charitatis
3360 1661 3487 1725 fuit,
3543 1661 3640 1730 qui
3683 1660 3753 1712 ad

485 1746 707 1811 dicitur,
739 1765 848 1820 quo
875 1767 984 1804 non
1013 1752 1237 1821 sparsit,
1271 1752 1441 1822 exigit
1467 1769 1593 1808 cum
1624 1755 1810 1808 usuris
1849 1754 1942 1809 ubi
1963 1773 2076 1811 non
2100 1739 2305 1827 Bquod
2336 1756 2592 1810 Christus
2637 1755 2848 1819 dilexit,
2891 1752 3164 1823 diligebat
3199 1767 3331 1806 suos
3357 1768 3370 1817 ;
3417 1754 3476 1802 et
3505 1749 3652 1820 quod
3689 1749 3744 1802 in

486 1836 799 1890 seminavit.
843 1839 985 1902 Quid
1013 1845 1177 1910 putas
1218 1847 1503 1896 austerum
1551 1859 1680 1896 eum
1721 1843 1912 1910 fuisse,
1945 1862 2074 1899 cum
2157 1845 2359 1899 divinis
2391 1844 2676 1898 invenitur
2692 1842 3018 1914 disciplinis,
3047 1839 3313 1912 operibus
3337 1838 3618 1909 exigebat.
3647 1838 3749 1891 Sed

485 1925 611 1995 pius
626 1942 689 1980 ac
711 1927 862 1981 mitis
892 1928 1178 1998 probatur,
1201 1930 1306 1984 nisi
1323 1931 1454 2001 quia
1480 1933 1824 2002 torpentium
1855 1934 2076 2005 ignavia
2157 1932 2334 1994 aiunt,
2362 1931 2509 2002 quod
2532 1948 2641 1985 non
2666 1931 2802 1984 satis
2818 1930 3118 1984 conformis
3141 1934 3296 1994 erat;
3329 1927 3537 1980 idcirco
3571 1927 3752 1979 minus

483 2012 539 2066 id
560 2013 690 2068 facit
706 2018 998 2070 severum?
1020 2018 1266 2072 Probant
1283 2019 1456 2090 igitur
1475 2037 1535 2074 se
1562 2021 1770 2092 pigros,
1791 2023 1885 2092 qui
1915 2024 2075 2095 sequi
2157 2020 2576 2087 redamabatur,
2609 2019 2906 2090 minusque
2933 2015 3402 2088 frequentabatur
3431 2032 3468 2068 a
3498 2015 3707 2069 multis.

485 2102 686 2158 nolunt
710 2121 721 2156 :
748 2121 987 2176 eumque
1016 2107 1220 2161 durum
1246 2113 1462 2173 vocant,
1491 2110 1586 2179 qui
1612 2109 1746 2164 vitia
1769 2111 1972 2165 leniter
1991 2112 2076 2166 vix
2771 2120 3138 2164 PASCHASIUS.

485 2193 833 2263 compressit,
867 2202 922 2248 et
950 2196 1019 2248 ad
1051 2196 1282 2250 virtutes
1306 2214 1408 2251 suo
1455 2199 1771 2268 provocavit
1799 2201 2071 2271 exemplo.
2228 2199 2431 2252 Fateor
2455 2197 2599 2269 quod
2627 2197 2677 2250 ei
2720 2213 2868 2267 saepe
2897 2196 3005 2250 ista
3033 2194 3198 2250 intuli
3242 2193 3432 2258 verba,
3469 2194 3606 2248 licet
3634 2194 3758 2247 scis-

485 2281 749 2352 Alioquin
775 2283 820 2336 si
851 2284 1025 2338 durus
1053 2285 1292 2348 videtur,
1324 2286 1553 2340 duriora
1589 2294 1757 2341 erunt
1793 2294 2077 2344 tormenta
2158 2305 2297 2354 sem,
2343 2288 2489 2358 quod
2525 2304 2667 2359 pene
2697 2286 2957 2340 omnibus
2985 2284 3174 2338 omnia
3222 2284 3403 2338 factus
3433 2289 3614 2341 esset.
3654 2283 3756 2338 Sed

488 2368 828 2439 deceptoris:
862 2372 1123 2442 quoniam
1153 2374 1289 2428 nihil
1313 2375 1419 2428 nisi
1448 2374 1580 2428 vitia
1601 2377 1863 2448 culpavit,
1891 2383 1948 2430 et
1973 2379 2078 2432 vir-
2158 2377 2292 2448 ipse,
2331 2393 2442 2430 non
2472 2381 2536 2429 ut
2564 2377 2810 2430 assolent
2838 2374 3083 2445 quidam,
3115 2373 3484 2438 excusatorie,
3509 2374 3627 2427 imo
3657 2373 3758 2427 hu—

485 2461 636 2510 tutes
664 2459 856 2525 coluit,
897 2477 965 2513 ne
998 2463 1270 2516 talentum
1319 2463 1424 2516 sibi
1455 2465 1720 2518 collatum
1754 2482 1956 2519 vacuus
1987 2483 2075 2520 re-
2159 2465 2368 2518 militer
2387 2463 2777 2535 respondebat,
2802 2479 2913 2517 non
2931 2467 3148 2516 tantam
3167 2479 3225 2516 se
3254 2462 3619 2516 latitudinem
3648 2479 3759 2514 cor-

488 2550 758 2613 portaret.
803 2547 959 2610 Quod
999 2550 1044 2603 si
1086 2551 1354 2604 Jeremias
1400 2551 1608 2605 talibus
1652 2559 1932 2622 praeesset,
1975 2571 2077 2607 nec
2159 2554 2243 2606 dis
2265 2553 2490 2619 habere,
2511 2558 2720 2624 quanta
2743 2558 2827 2606 est
2844 2568 3014 2604 arena
3036 2551 3226 2615 maris,
3252 2557 3315 2604 ut
3335 2551 3532 2604 omnia
3550 2561 3755 2620 posset.

485 2631 716 2687 dubium
760 2637 894 2706 quin
941 2638 1136 2692 durior
1163 2639 1506 2710 culparetur,
1541 2641 1803 2711 quoniam
1835 2641 2074 2696 frontem
2158 2643 2236 2696 Ac
2261 2642 2461 2696 deinde
2488 2660 2498 2693 :
2533 2640 2746 2704 Quibus
2767 2657 2856 2694 me
2882 2639 3238 2704 conformari,
3259 2639 3543 2710 inquiens,
3564 2641 3760 2710 Optas?

487 2721 608 2790 ejus
640 2723 910 2779 Dominus
937 2743 1130 2780 eorum
1159 2727 1435 2781 frontibus
1467 2729 1750 2782 duriorem
1787 2735 2071 2800 posuerat.
2159 2730 2411 2800 nunquid
2440 2730 2654 2799 ignavis
2675 2733 2772 2782 aut
2793 2728 3044 2782 vitiosis?
3076 2728 3330 2797 nunquid
3358 2727 3677 2798 vaniloquis
3706 2735 3760 2780 et

486 2809 669 2864 Luxus
701 2812 905 2884 quippe
934 2815 1202 2870 virtutum
1233 2817 1380 2870 viros
1409 2817 1579 2870 duros
1599 2817 1819 2888 judicat
1856 2835 2078 2890 semper
2153 2819 2604 2889 jocosis?Annon
2617 2818 2798 2888 legisti
2832 2817 2964 2888 quid
2986 2817 3288 2886 Apostolus
3308 2817 3552 2870 clamet:
3582 2818 3758 2870 Nam:~

485 2903 541 2952 et
561 2908 828 2969 agrestes.
855 2903 1255 2960 Verumtamen
1283 2905 1387 2959 iste
1415 2905 1693 2976 benignus
1720 2924 1785 2960 ac
1801 2907 1926 2977 pius
1948 2909 2072 2975 fuit,
2126 2923 2133 2931 ·
2159 2910 2504 2975 conformari
2526 2909 2657 2960 huic
2683 2907 3001 2971 smeulo,sed
3024 2907 3496 2973 reformam—iniin
3520 2909 3760 2958 novitate

485 2988 580 3059 qui
611 2989 735 3058 plus
766 2991 890 3043 aliis
920 3007 1167 3063 unquam
1201 3009 1366 3064 quam
1401 2994 1502 3047 sibi
1534 2995 1785 3056 indulsit,
1816 2996 1912 3050 sed
1943 2997 2077 3050 vitia
2097 3052 2135 3065 Α
2158 3013 2345 3051 sensus
2375 3000 2543 3049 vestri
2585 2997 2753 3065 (Rom.
2793 3009 2889 3060 xn,
2922 2994 2975 3062 2)
2997 2995 3020 3048 ?
3046 2993 3274 3049 Talibus
3301 3009 3434 3064 ergo
3479 2998 3536 3047 et
3567 2994 3761 3063 hujus-

486 3082 580 3130 aut
613 3080 895 3148 repressit.
927 3052 1033 3133 aut
1053 3052 1301 3135 funditus
1331 3099 1392 3134 ex
1422 3083 1579 3136 initio
1608 3085 1876 3138 resecavit
1916 3085 2074 3140 Unde
2094 3052 2137 3110 Ο
2159 3085 2371 3139 (Ὃῐῐιοάί
2404 3052 2667 3155 exemplis
2697 3083 2864 3137 altius
2906 3052 2969 3137 se,
2990 3083 3111 3154 jugi
3157 3052 3666 3153 conatuverigebai
3694 3082 3756 3133 ad

487 3167 528 3216 si
560 3168 731 3220 durus
763 3169 883 3230 fuit,
922 3170 1026 3221 illis
1059 3171 1269 3240 utique.
1306 3174 1396 3242 qui
1432 3189 1527 3225 nec
1556 3173 1840 3242 suppliciis
1887 3192 1919 3225 a
1958 3175 2071 3227 suis

489 3256 914 3308 rellectebantur
943 3258 1251 3312 conatibus.
1278 3276 1373 3311 nec
1408 3261 1644 3328 praemiis
1678 3263 2070 3318 moliebantur.

487 3358 722 3412 quorum
754 3345 997 3414 profecto
1027 3363 1122 3399 cor
1150 3347 1529 3418 obtorpuerat,
1575 3355 1636 3403 ut
1666 3366 1767 3403 nec
1797 3352 1938 3420 ejus,
1972 3369 2072 3406 nec

483 3430 689 3484 Christi
720 3431 811 3502 pia
839 3434 1050 3488 monita
1073 3435 1364 3501 sentirent,
1393 3437 1526 3507 quia
1565 3437 1875 3509 quibusque
1904 3440 2072 3494 inter-

483 3519 616 3573 dum
649 3521 772 3591 plus
795 3523 1015 3592 proﬁcit
1053 3523 1224 3578 timor
1251 3543 1419 3596 quam
1452 3542 1630 3580 amor.
1662 3527 1804 3581 Hinc
1851 3545 2070 3600 quoque

484 3610 751 3680 scriptum
773 3617 859 3664 est
882 3629 892 3663 :
922 3615 1158 3666 Initium
1179 3617 1458 3682 sapientia
1481 3617 1650 3668 timor
1662 3617 1888 3670 Domini
1901 3620 2065 3682 (Psal.

487 3701 596 3766 cx).
626 3699 695 3752 Et
723 3699 847 3753 ideo
875 3701 1142 3755 Arsenius
1163 3719 1311 3756 nunc
1330 3702 1520 3771 minis,
1541 3719 1690 3757 nunc
1710 3705 1908 3775 plagis,
1925 3721 2074 3760 nunc

484 3802 671 3840 rerum
702 3787 1004 3852 beneﬁciis,
1037 3806 1186 3844 nunc
1216 3790 1433 3845 blandis
1462 3792 1918 3862 persuasionibus
1946 3811 2074 3864 age-

483 3874 597 3940 bat,
621 3882 688 3930 ut
732 3877 874 3930 filios
904 3894 1006 3932 nos
1043 3879 1360 3949 adoptionis
1402 3880 1606 3934 Christi
1646 3879 1871 3935 faceret.
1905 3882 2072 3937 Omni

483 3981 724 4036 namque
752 3965 1026 4020 industria
1051 3973 1108 4021 et
1126 3968 1429 4037 sagacitate
1457 3969 1689 4024 curabat
1719 3970 1863 4024 circa
1887 3970 2074 4042 singu-

483 4054 585 4119 los,
618 4070 690 4108 ne
721 4055 985 4126 deceptus
1015 4055 1220 4110 diaboli
1251 4057 1456 4112 astutia
1486 4059 1690 4130 aliquis
1719 4058 1951 4129 periret.
1985 4060 2072 4113 An

485 4159 597 4196 non
629 4142 843 4196 vidistis
865 4144 1012 4197 circa
1040 4144 1270 4198 fratrem
1293 4145 1450 4200 illum
1479 4146 1611 4216 quid
1637 4147 1830 4217 egerit,
1853 4147 1947 4218 qui
1980 4164 2072 4202 ve-

485 4246 608 4283 cors
640 4231 897 4285 recedere
914 4232 1192 4302 gestiebat
1212 4235 1407 4288 nolens
1431 4235 1565 4304 pati,
1589 4235 1766 4306 culpis
1797 4235 2070 4306 exigenti-

485 4318 588 4373 bus
626 4319 743 4372 suis
771 4320 918 4390 quod
949 4322 1352 4376 commiserat?

1045 4411 1279 4465 CAPUT
1315 4411 1512 4464 XXIV.

1145 4511 1409 4553 SEVERUS.

559 4586 812 4641 Vidimus
840 4586 1022 4658 plane,
1057 4593 1113 4642 et
1139 4603 1266 4642 cum
1292 4605 1357 4642 eo
1388 4589 1623 4660 egimus,
1669 4589 1716 4643 is
1745 4605 1815 4644 ne
1844 4589 1923 4644 sic
1943 4591 2076 4646 eﬁ‘e-

489 4680 644 4730 ratus
673 4676 802 4730 hinc
832 4675 1030 4740 abiret,
1077 4684 1348 4748 ponentes
1379 4677 1447 4731 ad
1480 4683 1698 4749 portam
1724 4679 1948 4745 milites,
1981 4679 2076 4750 qui

488 4779 617 4816 eum
639 4764 1007 4820 deterrerent.
1032 4766 1190 4821 Unde
1207 4766 1300 4820 ille
1316 4766 1515 4820 timore
1537 4768 1857 4838 compulsus
1876 4767 2079 4822 intror-

489 4867 586 4906 sus
605 4852 792 4918 rediit,
813 4859 981 4926 atque
1005 4860 1318 4926 prostratus
1337 4855 1408 4908 ad
1433 4855 1600 4926 pede
1621 4855 1822 4909 cecidit
1835 4855 2078 4911 suﬁ'usus

485 4941 767 5013 lacrymis.

1102 5045 1462 5090 PASCHASIUS.

561 5119 790 5174 Gaudeo
831 5134 960 5173 vere
989 5121 1133 5190 quod
1151 5122 1368 5187 recolis,
1402 5127 1459 5176 et
1480 5121 1762 5193 jucundor
1789 5121 2026 5176 nimium
2059 5139 2070 5174 :

491 5208 623 5280 quia
649 5209 719 5262 de
749 5224 859 5280 quo
881 5208 1186 5279 loquimur,
1214 5210 1558 5281 perfectioris
1578 5211 1704 5266 vitae
1741 5210 2076 5265 modestiam

488 5302 704 5356 tenens.
717 5297 1045 5369 plurimum,
1060 5303 1124 5352 ut
1145 5314 1291 5364 reor,
1310 5300 1529 5370 proﬁcit
1546 5301 1616 5355 ad
1636 5301 1890 5356 virtutes.
1924 5301 2077 5355 Bone

489 5387 518 5439 J
521 5402 639 5452 esu,
661 5392 871 5457 quanta
883 5393 1020 5442 tunc
1040 5386 1234 5442 laetitia
1252 5387 1386 5442 fuit!
1420 5389 1641 5444 Etenim
1663 5390 1823 5462 quasi
1845 5389 2076 5445 vidisses

559 5517 576 5540 ⁸
596 5509 686 5565 Sic
714 5511 921 5584 inmms.
967 5513 1154 5584 codice
1183 5512 1406 5584 legitur.
1455 5515 1668 5570 Auctor
1713 5515 1961 5572 alludere
1990 5515 2074 5571 vi-

493 5582 657 5637 detur
682 5581 751 5636 ad
765 5582 905 5640 illud
927 5581 1315 5656 Virgilianuin,
1335 5584 1478 5641 facto
1507 5600 1572 5641 ex
1600 5586 1817 5643 duobus
1841 5603 1956 5644 uno
1976 5604 2072 5643 vo-

2162 3168 2410 3241 virtutes,
2443 3189 2511 3226 ne
2533 3174 2728 3226 levitas
2759 3173 3082 3226 dissolveret
3107 3171 3331 3237 mentis,
3359 3188 3485 3242 quae
3514 3172 3756 3240 gravitas

2160 3261 2393 3314 Domino
2425 3261 2712 3314 vharitatis
2737 3259 3002 3314 offerebat
3035 3261 3326 3314 introrsus.
3356 3261 3550 3316 Miror.
3590 3268 3757 3313 il‘zthl’

2157 3355 2214 3402 et
2237 3349 2335 3415 ﬁli,
2372 3350 2504 3420 quid
2543 3349 2716 3402 velint
2742 3349 2981 3402 lasciviis
3032 3357 3087 3402 et
3129 3349 3511 3419 voluptatibus
3561 3351 3750 3401 dediti.

2156 3437 2512 3508 perfectiores
2534 3453 2783 3508 quosque
2813 3437 2917 3490 sibi
2949 3437 3261 3491 conformes
3299 3437 3442 3502 ﬁeri,
3487 3454 3620 3490 cum
3653 3439 3752 3507 ipsi

2154 3525 2340 3597 potius
2367 3526 2609 3579 transire
2639 3525 2908 3579 deberent
2937 3527 3005 3579 ad
3033 3527 3270 3580 formam
3299 3526 3529 3579 virtutis
3571 3539 3584 3572 τ
3616 3526 3753 3578 alio-

2154 3614 2289 3684 quin
2319 3614 2634 3686 adoptionis
2663 3614 2758 3667 ﬁlii
2783 3631 2894 3668 non
2926 3620 3109 3680 erunt,
3125 3615 3232 3667 nisi
3260 3614 3503 3685 praesciti
3528 3620 3585 3667 et
3612 3631 3751 3685 prae-

2155 3703 2417 3757 destinati
2433 3705 2571 3757 ﬁant
2585 3703 2896 3756 conformes
2920 3703 3182 3772 imaginis
3212 3703 3336 3755 Filii
3355 3703 3478 3756 Dei.
3503 3703 3588 3756 Ad
3613 3703 3754 3756 hanc

2153 3790 2328 3861 igitur
2357 3792 2594 3845 formam
2624 3792 2911 3861 praescitus
2943 3799 2999 3845 et
3028 3791 3464 3862 praedestinatus
3483 3791 3750 3845 Arsenius

2154 3879 2283 3949 iste,
2317 3880 2517 3933 idcirco
2549 3879 2854 3950 puerilibus
2899 3896 3012 3932 non
3055 3897 3112 3932 se
3165 3878 3406 3933 multum
3455 3879 3748 3950 coaptabat

2154 3967 2422 4022 ludicris:
2457 3969 2585 4021 licet
2624 3967 2906 4022 interdum
2951 3969 3098 4021 celsa
3141 3967 3195 4020 in
3237 3976 3398 4038 petra
3426 3974 3607 4030 stans,
3644 3967 3751 4020 rari

2155 4062 2354 4110 nantes
2380 4064 2397 4086 ⁸
2429 4073 2678 4128 quosque
2708 4074 2909 4127 pueros
2939 4057 3054 4110 suis
3099 4057 3166 4109 ad
3210 4057 3368 4110 littus
3418 4057 3755 4110 hortabatur

2153 4145 2368 4199 facetiis
2410 4145 2662 4198 cominus
2711 4149 2933 4207 venire;
2986 4145 3187 4216 quibus
3237 4145 3369 4199 licet
3411 4145 3595 4199 risum
3641 4161 3754 4198 mo-

2154 4233 2344 4288 ventia
2369 4249 2569 4303 parum
2595 4234 2822 4299 diceret,
2873 4235 3150 4303 gravitate
3193 4239 3387 4288 tamen
3422 4233 3652 4304 agebat,
3686 4254 3753 4290 ne

2089 4321 2555 4419 Ddissolveretur
2578 4323 2754 4376 virtus
2801 4329 3200 4393 argumentosa
3231 4341 3241 4374 :
3277 4323 3376 4376 sed
3418 4329 3489 4377 ut
3538 4324 3751 4378 lactans

2161 4411 2416 4476 infantia,
2440 4412 2554 4466 suis
2586 4419 2751 4466 exuta
2779 4413 3122 4483 crepundiis,
3157 4413 3406 4482 paternis
3436 4413 3650 4466 iactata
3677 4415 3752 4466 vi-

2163 4499 2428 4565 sceribus,
2447 4500 2777 4571 perfectoria
2796 4507 3105 4572 appeteret.
3123 4501 3323 4555 Nullus
3339 4507 3531 4555 tamen
3561 4519 3752 4556 eorum

2158 4589 2339 4644 vultui
2378 4589 2640 4643 credebat
2686 4589 2885 4643 risibili
2929 4607 3114 4643 coram
3139 4606 3224 4654 eo,
3258 4589 3366 4643 nisi
3389 4592 3671 4659 gravitate
3699 4610 3755 4644 se

2161 4678 2463 4749 reciperet;
2489 4679 2622 4747 quia
2635 4679 2796 4747 juxta
2816 4678 2963 4748 quod
2993 4678 3094 4732 Job
3125 4678 3203 4731 ait
3235 4697 3246 4731 :
3281 4680 3399 4732 Etsi
3444 4681 3660 4732 ridebat
3687 4683 3756 4732 ad

2158 4783 2260 4833 eos,
2293 4784 2404 4820 non
2434 4768 2719 4820 credebant
2751 4770 2816 4826 cit
2847 4769 2963 4819 Job.
2999 4781 3144 4830 xxxx,
3179 4765 3288 4832 24).
3340 4767 3624 4830 Quoniam
3655 4769 3753 4821 etsi

2159 4854 2470 4910 resolvebat
2511 4854 2846 4924 gravitatem
2885 4855 3113 4925 eloquii,
3145 4855 3237 4909 lux
3268 4856 3457 4910 vultus
3483 4858 3609 4926 ejus
3649 4873 3756 4911 nou

2159 4943 2394 4999 cadebat
2415 4945 2472 4998 in
2486 4950 2717 5008 terram,
2733 4961 2904 5013 agens
2926 4950 3142 5015 argute,
3167 4950 3230 4998 ut
3248 4943 3352 4998 sibi
3373 4945 3756 5017 colloquentes

2162 5033 2233 5087 ad
2261 5033 2534 5088 virtutum
2563 5032 2748 5086 studia
2769 5038 3116 5102 provocaret.
3138 5033 3311 5086 Porro
3342 5049 3473 5086 eum
3504 5051 3632 5088 cum
3664 5051 3757 5089 au-

2161 5121 2367 5183 dirent,
2416 5119 2808 5192 exspectabant
2859 5121 3196 5174 sententiam
3249 5123 3388 5191 ejus,
3445 5128 3502 5176 et
3555 5123 3752 5176 intenti

2156 5209 2420 5264 tacebant
2446 5210 2514 5264 ad
2545 5209 2860 5263 consilium.
2917 5209 3072 5264 Licet
3117 5209 3220 5264 Job
3248 5210 3557 5264 virtutibus
3595 5212 3755 5282 longe

2157 5298 2389 5352 inferior
2399 5303 2562 5364 esset,
2579 5297 2732 5352 auris
2762 5303 2951 5351 tamen
2970 5298 3205 5352 audiens
3226 5297 3588 5353 beatiﬁcabat
3605 5316 3750 5365 eum,

2161 5397 2217 5442 et
2235 5389 2428 5442 oculus
2459 5387 2651 5441 videns
2672 5386 3060 5442 testimonium
3082 5386 3352 5441 reddebat
3368 5387 3420 5441 ei
3443 5389 3593 5458 quod
3624 5387 3750 5442 libe‘

2157 5512 2351 5572 cabulo
2387 5533 2398 5567 :

2438 5594 2679 5658 Appurent
2709 5593 2803 5645 rari
2834 5597 3000 5644 nautes
3029 5591 3076 5642 in
3103 5590 3289 5656 gurgite
3314 5596 3470 5643 vasto.
