4000 6170
282 270 407 326 1601
911 267 1006 320 DE
1044 266 1213 320 VITA
1250 264 1517 332 WALIE,
1561 265 1693 320 SEU
1734 263 2180 319 EPITAPHIUM
2217 265 2532 326 ARSENII.
2605 301 2639 312 -
2679 270 2816 326 LIB.
2860 273 2905 331 Ι.
3405 279 3547 338 1602

276 399 456 449 rasset
485 409 789 465 pauperem
818 392 1234 458 vociferantem,
1259 398 1317 446 et
1333 391 1608 463 pupillum
1632 391 1720 444 cui
1750 389 2067 450 nonAdias
2093 390 2150 444 in
2183 397 2362 445 morte
2392 392 2609 447 femina:
2644 412 2654 446 :
2691 395 2824 466 quia
2853 399 3116 454 cernebat
3145 403 3352 470 venire,
3377 422 3542 476 quem

276 490 398 538 erat
419 483 664 553 adjutor.
684 481 1005 536 Benedictio
1028 497 1268 551 namque
1293 480 1527 551 perituri
1550 496 1718 550 super
1738 496 1866 533 eum
1950 478 2278 533 muneribus
2302 497 2464 550 posse
2494 483 2775 553 corrumpi
2807 501 2919 538 non
2949 487 3200 556 putabat.
3239 491 3341 544 His
3371 492 3546 562 igitur

274 571 551 637 veniebat,
584 569 717 641 quia
744 568 991 640 profecto
1020 586 1053 622 a
1080 585 1254 640 puero
1276 567 1502 638 justitia
1524 569 1668 622 sicut
1700 567 1867 621 vesti-
1949 568 2120 621 armis
2149 568 2400 622 omnium
2449 571 2734 624 consuevit
2775 571 3079 645 infringere
3113 584 3348 646 mentes,
3382 585 3439 634 et
3474 581 3546 635 ad

275 669 464 715 mento
487 663 573 712 est
589 656 1019 712 indutus.Unde
1044 663 1099 710 et
1126 673 1352 711 causam
1374 673 1539 727 quam
1563 655 1861 720 nesciebat,
1948 671 2079 708 suos
2131 655 2340 710 illicere
2387 657 2968 727 concupiscentiarum
3020 665 3313 736 amplexus
3368 686 3381 720 :
3435 685 3544 738 quo

273 746 701 819 diligentissime
729 745 1120 816 investigabat.
1150 745 1503 816 Quapropter
1532 762 1658 799 cum
1688 745 1868 816 paeda-
1953 741 2010 815 [ι.
2027 744 2315 814 quoniam]
2339 761 2481 815 pene
2502 761 2696 800 omnes
2721 755 3035 818 sequuntur
3055 755 3471 821 retributiones,
3490 763 3548 812 et

271 855 449 908 gogus
481 841 628 891 esset
667 835 907 905 Augusti
936 835 1172 888 Caesaris
1195 846 1218 872 ι
1250 834 1398 887 ultra
1433 833 1713 887 Penninos
1742 835 1869 902 (sic)
1950 832 2188 903 diligunt
2209 850 2461 888 munera.
2479 834 2585 888 Sed
2607 853 2730 889 cum
2749 835 2808 890 in
2827 838 2932 891 isto
2949 841 3089 894 nihil
3108 844 3177 896 ad
3199 845 3546 916 impietatem

272 927 462 996 Alpes,
486 924 620 996 quid
649 923 828 994 egerit
847 923 906 976 in
925 923 1170 992 judiciis,
1193 923 1393 992 quidve
1421 922 1478 975 in
1504 921 1867 992 dispositione
1947 922 2217 990 proﬁcere
2243 927 2449 992 posset.
2468 923 2633 976 vertit
2661 940 2719 977 se
2750 925 2820 978 ad
2847 925 3071 982 fraudes
3102 929 3246 986 facto
3275 933 3546 1004 iniquita-

274 1030 466 1067 rerum
513 1017 569 1066 et
608 1009 842 1081 justitiae
888 1010 1198 1081 disciplina,
1231 1010 1528 1064 Chremem
1558 1009 1868 1079 interroge-
1913 1007 2037 1060 'tis.
2082 1008 2185 1062 Cui
2227 1025 2356 1062 cum
2381 1009 2643 1079 jussisset
2669 1011 2868 1066 saltem
2898 1022 3116 1084 partem
3146 1019 3392 1090 aliquam
3419 1024 3548 1078 red—

273 1119 420 1159 mus,
1944 1094 2076 1149 dere
2106 1096 2174 1150 de
2212 1096 2397 1163 rebus,
2439 1115 2578 1168 quas
2625 1099 2833 1168 injuste
2883 1119 2984 1172 per
3023 1105 3212 1160 dolum
3257 1109 3548 1182 subripue-

824 1185 1062 1243 CAPUT
1098 1188 1295 1242 XXVI.
1946 1189 2072 1251 rat;
2109 1186 2291 1239 sciens
2342 1202 2402 1238 se
2455 1186 2904 1256 circumclusum,
2955 1208 3082 1246 mox
3127 1194 3338 1251 immisi
3394 1201 3548 1253 clan-

942 1289 1210 1330 CHREMES.
1950 1273 2074 1326 culo
2105 1274 2348 1345 quadam
2376 1275 2435 1327 in
2472 1275 2561 1329 via
2600 1281 2716 1330 tres
2765 1277 2834 1331 de
2878 1279 2993 1334 suis
3025 1283 3122 1352 qui
3170 1300 3295 1339 eam
3335 1289 3548 1343 occulte

343 1365 556 1419 Vereor
601 1364 834 1420 laudare
880 1365 1085 1430 virum,
1116 1382 1187 1419 ne
1235 1364 1290 1417 id
1336 1362 1659 1417 assentandi
1688 1361 1868 1432 magis
1949 1363 2313 1432 perimerent.
2367 1364 2475 1418 Sed
2506 1364 2638 1434 quia
2667 1371 2783 1420 tres
2828 1374 2991 1422 erant
3031 1370 3088 1424 in
3120 1376 3363 1444 negotio,
3396 1378 3550 1433 vide-

271 1469 442 1524 quam
485 1455 632 1526 quod
665 1454 903 1508 habeam
938 1471 1005 1508 ex
1031 1454 1145 1518 illo,
1177 1459 1234 1506 et
1259 1457 1482 1523 gratum
1512 1451 1692 1505 facere
1723 1451 1865 1504 exis-
1948 1450 2116 1504 batur
2143 1468 2254 1505 non
2291 1453 2428 1505 satis
2469 1458 2654 1506 tutum
2700 1455 2770 1507 ad
2810 1455 3115 1513 silentium.
3149 1462 3340 1518 Junxit
3369 1467 3548 1522 scelus
3593 1458 3595 1461 ’

269 1543 456 1597 timer.
481 1544 691 1598 Tamen
713 1561 778 1598 ex
797 1549 916 1598 toto
939 1560 1008 1597 ne
1038 1543 1322 1608 reticeam,
1351 1541 1532 1612 qualis
1559 1545 1869 1611 quantusve
1950 1539 2166 1601 sceleri,
2200 1557 2270 1594 ne
2300 1540 2440 1594 forte
2469 1541 2800 1612 interrogati
2825 1544 3040 1600 facinus
3069 1549 3412 1620 detegerent.
3449 1557 3548 1610 Se-

270 1632 639 1702 investigator
665 1633 919 1687 veritatis
951 1631 1137 1697 fuerit,
1165 1647 1334 1702 quam
1365 1635 1627 1684 strenuus
1658 1629 1715 1682 in
1744 1646 1926 1702 sen-n
1950 1628 2145 1698 positis
2188 1628 2354 1699 longe
2397 1628 2466 1682 ab
2514 1628 2772 1696 invicem,
2802 1631 2899 1686 uni
2931 1649 3126 1690 eorum
3161 1638 3302 1692 duos
3333 1643 3550 1699 interﬁ-

269 1721 469 1786 tentia,
503 1737 670 1792 quam
701 1721 862 1775 fortis
891 1726 1087 1775 contra
1114 1736 1366 1774 summos
1399 1719 1617 1789 judices
1655 1717 1927 1789 iniqui—”
1947 1733 2073 1771 cere
2098 1717 2286 1787 jussit,
2310 1724 2375 1772 ut
2399 1720 2521 1788 jam
2549 1721 2740 1774 nullus
2780 1729 2927 1776 esset
2954 1723 3011 1778 in
3040 1731 3334 1798 superﬁcie
3361 1739 3546 1806 terrae,

268 1809 424 1874 tatis,
454 1826 624 1880 quam
660 1809 853 1864 eﬂicax
889 1809 1114 1880 ingenio
1143 1814 1340 1863 contra
1370 1824 1465 1861 eos
1495 1807 1591 1878 qui
1620 1824 1866 1861 corrum-
1948 1808 2042 1877 qui
2062 1807 2392 1876 sanguinem
2420 1807 2773 1862 innocentem
2793 1811 2919 1865 dolo
2941 1815 3227 1882 perfusum
3249 1831 3545 1892 reseraret,

269 1903 487 1967 puntur
513 1898 840 1953 muneribus
867 1918 879 1966 ;
910 1915 1088 1952 unum
1117 1915 1146 1952 e
1177 1896 1432 1969 pluribus
1461 1897 1722 1966 pandam,
1755 1912 1864 1966 quo
1946 1895 2354 1966 parvipendens
2401 1895 2592 1960 miser,
2638 1897 2770 1967 quid
2802 1898 3023 1954 divinus
3051 1904 3262 1959 arbiter
3290 1912 3544 1979 sentiret,

270 1985 415 2040 facto
444 1987 586 2040 nihil
605 1987 854 2058 iniquius
882 1987 987 2041 hoc
1010 1987 1068 2040 in
1087 1991 1342 2057 tempore
1367 1985 1554 2038 didici.
1583 1985 1726 2038 Nam
1754 1983 1867 2037 cui-
1947 1986 2167 2035 tantum
2195 1989 2257 2036 ut
2286 1983 2598 2037 humanum
2622 1983 2900 2053 judicium
2925 1990 3202 2045 evaderet.
3238 1995 3347 2049 Sed
3374 2000 3546 2053 Arse-

272 2074 401 2128 dam
428 2075 726 2145 judiciario
771 2076 889 2129 viro
936 2076 1102 2129 vidua
1151 2074 1405 2145 quaedam
1453 2072 1672 2136 nobilis,
1709 2070 1867 2142 quasi
1948 2071 2076 2124 nius
2106 2076 2299 2124 noster
2334 2072 2434 2125 Dei
2472 2089 2771 2127 succensus
2799 2075 2916 2128 zelo
2949 2078 3142 2133 multis
3172 2097 3306 2138 usus
3347 2092 3433 2140 est
3462 2105 3548 2143 ar-

270 2163 567 2227 defensori,
593 2181 695 2218 sua
712 2180 882 2234 seque
905 2163 1207 2226 commisit,
1237 2163 1326 2215 cui
1359 2166 1416 2214 et
1441 2177 1542 2231 per
1568 2166 1874 2230 testamen:
1947 2159 2248 2229 gumentis,
2296 2176 2366 2214 ne
2418 2161 2618 2215 lateret
2663 2164 2961 2230 occultum,
2997 2169 3143 2237 quod
3186 2174 3548 2234 manifestum

269 2255 392 2304 tum
420 2251 761 2314 traditionis,
795 2251 964 2304 etiam
994 2267 1136 2321 pene
1175 2249 1470 2302 dimidium
1509 2265 1698 2302 rerum
1731 2265 1864 2302 sua-
1948 2247 2235 2302 constabat
2261 2268 2273 2302 :
2298 2266 2621 2320 quanquam
2643 2267 2745 2305 nec
2759 2253 2991 2320 judicio,
3021 2271 3122 2310 nec
3141 2261 3378 2316 testibus
3399 2282 3546 2321 com-

269 2356 399 2393 rum
428 2338 755 2408 assignavit,
794 2345 860 2392 ut
889 2344 1091 2393 caetera
1130 2338 1233 2392 sibi
1260 2343 1384 2392 tuta
1414 2341 1727 2391 manerent.
1763 2336 1863 2392 llle
1948 2336 2220 2406 prehendi
2247 2343 2499 2407 posset,a
2527 2355 2636 2408 quo
2657 2347 2802 2394 esset
2823 2341 3049 2397 factum.
3067 2345 3548 2417 Reperiturinter—

270 2443 400 2480 vero
431 2443 562 2480 mox
589 2426 786 2480 callide
815 2428 886 2480 ad
931 2426 1214 2497 integrum
1239 2427 1428 2481 omnia
1456 2427 1516 2480 in
1554 2426 1748 2480 eodem
1778 2432 1864 2479 te-
1947 2425 2081 2478 dum
2111 2430 2302 2479 tamen
2331 2442 2478 2480 unus
2513 2443 2707 2481 eorum
2729 2429 2785 2483 in
2811 2432 3103 2501 cujusdam
3129 2452 3297 2505 specu
3331 2442 3548 2498 subter-

269 2520 551 2570 stamenta
568 2516 958 2586 apprehendit,
982 2522 1038 2569 et
1055 2521 1228 2569 testes
1249 2514 1523 2568 adhibuit.
1548 2515 1708 2569 Unde
1728 2532 1866 2584 prse-
1948 2530 2120 2567 raneo
2149 2514 2422 2578 defossus,
2470 2521 2526 2569 et
2571 2517 2635 2569 ﬁt
2683 2517 2812 2571 inde
2863 2522 3185 2590 conjectura
3231 2527 3542 2588 dissimilis.

268 2604 386 2657 fata
407 2603 610 2656 mulier
633 2604 705 2657 ad
730 2620 833 2657 sua
868 2605 1072 2658 reverti
1111 2605 1300 2658 volens
1321 2605 1548 2675 suisque
1573 2604 1738 2658 rebus
1758 2604 1858 2669 uti,
1948 2603 2195 2657 Tenetur
2223 2604 2270 2657 is
2304 2605 2530 2674 quidem
2558 2623 2707 2673 reus,
2741 2607 2799 2661 in
2827 2611 2986 2679 cujus
3019 2611 3300 2670 invenitur
3327 2636 3495 2690 specu
3527 2641 3544 2679 :

271 2690 473 2744 adsunt
516 2690 878 2762 prohibentes
907 2709 976 2746 ne
1006 2693 1076 2746 ad
1131 2709 1234 2746 sua
1265 2693 1674 2762 ingrederetur,
1705 2693 1866 2762 quasi
1949 2689 2045 2744 sed
2079 2689 2410 2745 criminatur
2439 2692 2598 2758 alter,
2649 2695 2807 2764 cujus
2835 2701 3057 2766 gestum
3097 2689 3414 2773 suspicatur
3454 2709 3545 2764 in-

271 2778 551 2833 defensori
579 2796 680 2834 suo
709 2781 900 2834 omnia
926 2781 1251 2835 tradidisset
1283 2801 1293 2835 :
1329 2787 1385 2836 et
1427 2781 1567 2835 bene
1601 2783 1685 2847 (ut
1711 2781 1871 2835 aiunt
1951 2777 2185 2844 stinctu;
2241 2779 2428 2834 nullus
2471 2786 2664 2835 tamen
2713 2799 2904 2837 eorum
2956 2786 3203 2842 convinci
3250 2798 3435 2862 potest
3473 2797 3544 2852 ab

263 2869 481 2942 jocose)
519 2872 707 2926 omnia
739 2872 1006 2938 defendit,
1039 2874 1133 2942 qui
1173 2873 1478 2944 possessori
1521 2872 1656 2925 nihil
1699 2873 1869 2926 relin-
1952 2867 2160 2937 aliquo.
2182 2867 2308 2933 Qui,
2329 2873 2512 2939 putas,
2532 2870 2691 2924 dolor
2709 2875 2843 2925 tunc
2863 2875 3060 2930 eratin
3089 2885 3274 2934 mente
3303 2887 3542 2954 Arsenii,

270 2959 412 3029 quit.
439 2960 581 3014 Tum
604 2960 700 3014 illa
727 2960 921 3014 infelix
948 2961 1117 3014 vidua
1144 2962 1259 3015 suis
1286 2961 1511 3014 viduata
1541 2960 1726 3025 rebus,
1759 2961 1866 3013 im-
1895 3034 1925 3038 _
1950 2955 2112 3024 quive
2130 2957 2408 3026 gemitus?
2432 2959 2651 3024 Vidisti,
2674 2960 2909 3016 Domine
2928 2964 3079 3032 Jesu,
3097 2976 3340 3038 quantus
3354 2990 3542 3030 coram

266 3052 586 3119 peratorem
633 3049 816 3102 adiit:
860 3049 1064 3120 illeque
1093 3049 1208 3103 suis
1250 3065 1374 3102 eam
1403 3047 1625 3102 cuidam
1653 3034 2007 3118 episco-th
2060 3045 2371 3134 profuderit
2415 3063 2634 3117 preces,
2690 3057 3038 3124 quantasque
3095 3034 3390 3128 lacrymas,
3447 3065 3544 3134 qui
3639 3069 3643 3071 “

266 3152 471 3205 porum
497 3153 612 3190 una
632 3153 759 3190 cum
780 3135 1012 3207 reliquis
1036 3135 1318 3206 judicibus
1340 3141 1504 3190 terrae
1529 3135 1702 3189 sacris
1722 3151 1870 3188 com-
1951 3133 2282 3203 sanguinem
2333 3134 2471 3189 Abel
2517 3137 2657 3205 justi
2699 3138 2768 3192 de
2818 3145 2972 3196 terra
3019 3143 3356 3203 clamantem
3409 3133 3542 3208 olim

267 3226 556 3280 mendavit
583 3225 821 3297 scriptis,
851 3230 917 3279 ut
943 3241 1171 3279 causam
1202 3226 1379 3296 ipsius
1399 3225 1698 3295 diligenter
1723 3241 1869 3296 quae-
1949 3221 2231 3289 audieras,
2264 3223 2434 3277 etiam
2464 3230 2528 3278 ut
2554 3226 2754 3281 horum
2786 3244 2820 3281 a
2849 3246 2958 3300 quo
2987 3231 3146 3287 fusus
3169 3242 3332 3302 esset.
3367 3243 3548 3311 aperi-

267 3320 478 3380 rerent,
489 3315 878 3386 judiciumque
897 3320 1114 3368 rectum
1144 3320 1394 3385 agerent.
1418 3315 1528 3369 Sed
1547 3315 1681 3384 quia
1705 3315 1870 3368 decli-
1949 3326 2060 3364 res.
2084 3311 2293 3364 Contra
2321 3330 2488 3383 quem
2518 3319 2637 3368 tota
2654 3316 2908 3372 Auxonia
2934 3335 3048 3373 una
3075 3338 3203 3377 cum
3233 3327 3349 3380 suis
3378 3346 3546 3386 sena-

267 3409 502 3459 naverat
544 3404 929 3475 unusquisque
984 3409 1111 3474 post
1155 3403 1445 3457 avaritiam
1486 3419 1668 3470 suam,
1700 3419 1870 3458 causa
1948 3397 2163 3452 toribus
2203 3407 2466 3471 corrupta
2515 3403 2839 3459 muneribus
2878 3407 3169 3465 decertans
3210 3415 3428 3484 agebat,
3472 3437 3543 3474 ne

267 3493 564 3548 viduarum
585 3509 695 3548 non
716 3493 1140 3563 ingrediebatur
1166 3492 1236 3546 ad
1263 3509 1377 3546 eos.
1402 3492 1547 3545 Hinc
1574 3491 1679 3545 sibi
1704 3491 1868 3545 fabri-
1949 3487 2294 3543 inveniretur
2320 3506 2450 3544 rens
2493 3490 2564 3545 ab
2611 3509 2744 3556 unc.
2773 3495 2866 3564 qui
2915 3498 3175 3555 omnibus
3217 3505 3543 3564 notissimus

269 3587 464 3635 cantes
493 3581 866 3646 mendacium,
892 3583 1296 3653 applauserunt
1323 3596 1438 3634 una
1458 3597 1585 3635 cum
1607 3580 1862 3648 testibus,
1949 3581 2070 3630 erat
2098 3582 2289 3648 raptor
2330 3583 2387 3632 et
2417 3579 2715 3646 homicida.
2745 3583 2829 3636 Tu
2861 3590 3050 3640 autem
3089 3596 3344 3647 scrutans
3376 3598 3547 3654 corda

271 3675 334 3723 ut
363 3670 604 3741 populus
632 3687 745 3725 non
769 3670 1112 3740 intelligeret
1137 3670 1291 3736 talia,
1331 3673 1389 3724 et
1414 3670 1659 3724 universi
1689 3686 1866 3740 usque
1949 3669 2006 3718 et
2031 3682 2214 3733 ren88,
2247 3667 2414 3732 DeUS,
2461 3669 2653 3723 omnia
2681 3687 2932 3740 noveras,
2961 3679 3017 3728 et
3050 3681 3241 3734 tamen
3273 3684 3543 3742 athletam

269 3759 337 3813 ad
392 3759 707 3813 sacerdotes
752 3757 961 3812 Christi
1007 3759 1254 3812 facerent
1293 3758 1506 3812 dolum.
1550 3758 1762 3823 Quibus
1787 3758 1869 3812 ita
1948 3757 2111 3808 tuum
2145 3755 2322 3809 multo
2352 3756 2684 3812 afﬁciebaris
2718 3760 2779 3830 [Ι.
2812 3761 3112 3836 afficiebas]
3159 3770 3295 3834 zelo,
3328 3789 3431 3827 nec
3461 3776 3542 3830 illi

269 3847 528 3918 patratis,
548 3847 664 3900 suis
688 3846 786 3900 illa
812 3845 980 3900 rebus
1007 3847 1127 3917 jam
1155 3846 1400 3917 explosa,
1433 3845 1692 3900 defen'ror
1712 3846 1804 3900 ille
1834 3863 1869 3900 a
1949 3842 2371 3899 demonstrabas
2401 3847 2546 3917 quod
2594 3847 2822 3918 patebat
2849 3851 3125 3922 plurimis,
3171 3857 3269 3912 sed
3313 3877 3543 3920 suorum

270 3934 586 3989 senioribus
606 3935 796 4006 papuli
820 3936 1060 3989 relatum
1087 3935 1318 4006 accepit,
1342 3951 1413 3989 ne
1432 3934 1667 3989 ulterius
1691 3934 1760 3988 de
1780 3934 1868 3988 his
1950 3933 2332 4004 complicibus.
2374 3935 2749 3992 Moliebantur
2803 3955 2996 3996 omnes
3053 3961 3195 4014 pene
3241 3965 3417 4020 usque
3473 3955 3544 4009 ad

269 4024 390 4078 ulla
440 4039 629 4077 rerum
675 4024 1054 4078 controversia
1101 4024 1279 4078 ﬁeret.
1324 4023 1728 4077 Verumtamen
1772 4022 1871 4076 illa
1950 4038 2239 4084 unum,ne
2261 4023 2608 4080 inveniretur
2634 4043 2797 4082 reus:
2835 4029 2965 4100 quia
2993 4031 3051 4085 in
3074 4026 3186 4089 uno
3208 4037 3326 4106 jam
3355 4056 3544 4099 coram

268 4112 465 4167 multis
491 4116 690 4167 vexata
713 4112 878 4166 malis
908 4118 965 4167 et
994 4112 1380 4167 molestiarum
1412 4111 1713 4177 doloribus,
1742 4115 1871 4164 tan-
1951 4110 2211 4189 te,Deus,
2227 4118 2390 4166 erant
2409 4114 2596 4184 plures
2616 4116 2697 4170 rei
2721 4116 2873 4170 facti.
2897 4119 3133 4183 Quantis
3152 4128 3286 4179 tunc
3305 4127 3544 4187 militem

271 4203 400 4258 dem
416 4217 516 4273 per
529 4200 752 4272 Alpium
769 4217 969 4272 aspera
984 4203 1120 4272 juga
1138 4201 1414 4255 montium
1433 4201 1601 4271 longo
1618 4199 1868 4255 confecta
1947 4201 2110 4252 tuum
2138 4199 2317 4271 iniqui
2344 4201 2663 4258 lacerabant
2690 4205 2956 4273 infamiis,
2991 4211 3281 4279 quantisve
3307 4215 3544 4273 dcrode-

271 4289 493 4356 itinere,
517 4287 802 4360 repedavit
821 4289 892 4342 ad
921 4288 1150 4373 Gallias,
1178 4304 1481 4373 regemque
1500 4287 1616 4342 suis
1643 4287 1931 4373 pulsare“
1948 4285 2086 4341 bant
2113 4289 2427 4371 calumniis,
2462 4293 2623 4363 quasi
2670 4294 2821 4348 solus
2855 4312 2968 4366 pra:
2994 4299 3252 4356 omnibus
3282 4311 3429 4360 esset
3454 4307 3544 4361 in-

480 4347 491 4356 .
581 4347 600 4360 .
1136 4347 1145 4353 ν
1290 4360 1307 4365 τ,
1386 4347 1420 4359 -.
1644 4347 1663 4359 .
2266 4366 2271 4371 ,
2419 4347 2426 4354 .
2477 4347 2497 4363 ι
2855 4347 2965 4366 ιη-
3000 4347 3252 4356 ν--η-πη
3283 4347 3429 4360 ww.
3454 4347 3543 4361 ...κ

274 4372 498 4459 ξιὲῐίὺιιε
518 4377 858 4459 Coepit.Tum
882 4393 984 4432 rex
1005 4347 1546 4432 tari'tis'm‘iseriarum
1561 4347 1937 4448 gemitibusD:
1950 4377 2229 4444 credulus,
2261 4380 2413 4434 solus
2433 4381 2814 4437 innocentium
2841 4392 3039 4440 contra
3069 4388 3247 4459 legem
3276 4393 3543 4451 afﬂictorl

272 4442 850 4539 permotus,"erenio
892 4455 1085 4520 nostro
1114 4462 1240 4520 eam
1279 4466 1576 4532 commisit,
1611 4465 1706 4536 qui
1734 4471 1869 4520 tunc
1951 4465 2158 4536 Legem
2180 4467 2354 4539 igitur
2372 4470 2776 4542 proponebant,
2790 4473 2887 4543 qui
2901 4475 3179 4544 justitiam
3201 4495 3313 4535 non
3334 4488 3544 4540 metue-

273 4573 390 4610 una
415 4572 542 4610 cum
565 4556 821 4627 'Augusto
849 4554 965 4609 filio
993 4556 1116 4626 ejus
1144 4554 1214 4609 ob
1242 4554 1654 4609 institutionem
1681 4559 1737 4608 et
1762 4554 1870 4609 dis-
1949 4552 2088 4608 bant
2118 4556 2422 4629 infringere
2448 4578 2460 4613 :
2489 4560 2585 4614 sed
2617 4561 2845 4632 sanguis
2872 4562 3130 4619 innoxius
3160 4566 3229 4620 de
3254 4573 3406 4625 terra
3435 4573 3544 4627 cla-

270 4647 607 4717 positionem
628 4645 787 4716 regni
809 4661 843 4699 a
863 4649 1020 4716 patre
1038 4645 1198 4716 quasi
1217 4644 1520 4699 fidissimus
1541 4643 1872 4698 mittebatur
1951 4643 2145 4698 mabat
2171 4664 2182 4698 :
2213 4646 2381 4701 etiam
2403 4651 2460 4701 et
2488 4649 2780 4719 perempti,
2813 4651 2959 4720 quod
2983 4669 3112 4706 eum
3141 4654 3348 4724 injuste
3374 4659 3546 4714 fudis-

270 4741 329 4790 et
370 4736 734 4807 propinquus.
786 4734 966 4798 Quam
1008 4734 1103 4788 ille
1143 4734 1505 4806 praemittens,
1540 4733 1612 4788 ad
1659 4750 1761 4789 sua
1805 4739 1869 4788 ut
1949 4738 2093 4800 sent,
2122 4736 2240 4805 jam
2285 4736 2434 4808 apud
2479 4736 2686 4792 inferos
2733 4739 2939 4810 recepti
2985 4740 3364 4812 publicabant.
3399 4749 3546 4814 Quid

269 4824 482 4879 rediret
504 4823 693 4894 jussit.
723 4823 899 4878 donec
926 4823 1140 4878 veniret
1161 4823 1308 4878 idem
1331 4824 1390 4878 in
1423 4824 1624 4894 patria,
1647 4828 1711 4877 ut
1732 4828 1867 4879 tunc.
1947 4822 2153 4893 plura?
2179 4824 2348 4879 etiam
2379 4842 2572 4881 omnes
2611 4843 2870 4898 proceres
2902 4828 3095 4900 palatii
3125 4849 3274 4888 nunc
3303 4836 3539 4908 legibus,

270 4930 462 4968 coram
489 4930 614 4968 cum
642 4912 756 4967 suis
776 4929 836 4967 se
856 4916 1220 4983 praesentaret
1237 4912 1492 4967 testibus.
1523 4911 1737 4976 Quibus
1765 4929 1866 4966 au-
1949 4928 2098 4966 nunc
2127 4913 2382 4981 testibus,
2417 4931 2564 4969 nunc
2590 4933 2719 4970 vero
2749 4917 2940 4973 multis
2970 4931 3431 4992 argumentorum
3460 4929 3543 4984 in-

271 5002 425 5069 ditis,
453 5001 617 5056 Italia
645 5001 827 5056 omnis
858 5001 1214 5068 contremuit,
1255 5006 1312 5055 et
1337 5001 1410 5055 ad
1437 5017 1540 5055 sua
1577 5002 1779 5056 callida
1808 5017 1867 5056 se
1947 5001 2128 5071 geniis
2148 5002 2407 5074 agebant,
2440 5009 2505 5058 ut
2532 5005 2793 5060 eumdem
2815 5023 2972 5061 reum
2998 5010 3159 5080 quasi
3187 5012 3540 5071 innocentem

271 5091 548 5146 convertit
571 5090 783 5145 fraudis
806 5095 1170 5162 argumenta;
1210 5089 1486 5161 coepitque
1515 5090 1702 5144 moliri
1728 5089 1868 5144 insi-
1949 5089 2284 5147 dimitteret:
2301 5092 2583 5148 interdum
2597 5099 2783 5149 autem
2797 5096 3055 5167 precibus
3067 5116 3195 5156 eum
3211 5101 3537 5173 fatigabant.

344 5223 362 5246 '
389 5217 604 5292 Nempe
652 5215 936 5292 Lotharii._
954 5216 1053 5268 ﬁlii
1082 5215 1352 5292 Ludovici
1379 5215 1766 5292 imperatoris,
1796 5214 1866 5269 de
1948 5218 2011 5292 ia
2030 5221 2256 5285 negotiis
2275 5221 2349 5292 ad
2368 5223 2528 5292 regni
2544 5223 2826 5292 commoda
2843 5228 3246 5292 pertinentibus
3266 5233 3534 5286 uteretur.

273 5304 385 5359 quo
427 5284 731 5358 Eginhardi
759 5287 1003 5361 Annales
1031 5286 1102 5361 ad
1138 5302 1349 5361 annum
1377 5284 1500 5342 8:22.
1548 5287 1864 5361 Lat/iariam
1947 5287 2070 5361 Huc
2092 5284 2306 5361 Spectat
2331 5290 2388 5343 id
2420 5284 2566 5361 quod
2596 5284 2918 5348 Amalari'us
2944 5295 3004 5348 in
3036 5296 3358 5361 praefatione
3385 5284 3543 5356 Anti;-

273 5358 400 5435 ῦςνο
429 5362 613 5426 ﬁlium
641 5374 806 5435 s_uum
838 5361 900 5411 in
939 5359 1166 5435 italiam
1196 5359 1369 5422 misit,
1391 5373 1515 5435 cum
1547 5359 1866 5435 qquWa‘laf
1947 5358 2205 5428 phonarii
2232 5358 2507 5435 memorat
2553 5362 2621 5416 de
2657 5363 2943 5435 legatione
2971 5358 3144 5418 Wala:
3181 5366 3397 5424 abbatis
3427 5373 3540 5428 Ro-

275 5431 440 5484 chum
455 5429 1866 5506 monachumpropinquumsuum,[rat_remvidelicet
1947 5445 2118 5506 mam,
2143 5431 2248 5506 qui
2294 5433 2492 5506 exinde
2536 5429 2926 5506 Antiphonarii
2970 5436 3208 5506 Romani
3255 5438 3426 5498 libros
3475 5448 3536 5499 in

274 5501 578 5555 Adethardi
607 5501 835 5564 abbatis,
863 5504 912 5553 et
942 5500 1261 5578 Gerungap}
1296 5501 1868 5578 ostiariqrmnimagif
1946 5500 2264 5578 Franciam,
2293 5503 2398 5558 hoc
2439 5508 2526 5558 est
2573 5505 2634 5558 in
2671 5500 3078 5560 inonasterium
3121 5523 3306 5578 suum,
3356 5529 3535 5570 secum

275 5576 458 5626 stram
472 5586 588 5625 una
608 5573 1022 5640 misit,quorum
1045 5570 1272 5624 consilio
1283 5573 1330 5623 et
1347 5571 1405 5622 in
1429 5571 1794 5636 refamitiari,
1815 5573 1865 5622 et
1945 5571 2197 5627 abduxit.
