4000 6170
453 282 595 340 1603

453 408 578 480 Ipse
604 423 734 463 vero
764 409 933 463 nullis
961 409 1342 464 infatuabatur
1369 409 1618 465 fallaciis,
1636 410 1804 465 nullis
1823 393 2114 481 frange-A

453 495 621 552 batur
646 497 957 569 opprobriis
990 517 1002 552 :
1037 499 1133 552 sed
1180 498 1418 553 invictus
1447 498 1649 568 agebat
1682 500 2051 571 quodcunque

451 593 692 659 poterat,
718 587 763 641 si
795 602 904 658 quo
926 588 1091 641 modo
1119 589 1348 641 tandem
1373 586 1672 659 aliquando
1693 588 1897 643 veritas
1928 606 2052 642 ma-

452 676 831 730 nifestaretur.
857 677 1013 730 Tunc
1056 676 1127 730 ad
1168 676 1428 730 ultimum
1461 677 1712 730 videntes
1752 679 1874 747 ejus
1918 694 2051 731 con-

452 766 742 829 stantiam,
766 765 1078 829 decrevere,
1117 764 1264 835 quod
1291 765 1397 818 nisi
1421 765 1696 834 judicium
1724 765 1792 819 de
1815 783 1880 820 eo
1909 765 2054 819 acci-

452 860 633 926 peret,
672 854 812 907 nihil
843 853 1103 924 amplius,
1138 853 1267 906 licet
1304 854 1390 906 lex
1431 871 1532 924 pro
1572 859 1729 924 parte
1761 854 2054 908 manifesta

452 947 618 1010 esset,
663 943 721 995 in
766 942 870 996 hac
921 941 1300 996 controversia
1347 942 1610 996 tacerent.
1665 942 2055 1014 Applaudebat

453 1036 646 1086 autem
677 1031 934 1102 populus,
971 1031 1132 1101 quasi
1181 1029 1341 1083 miles
1383 1029 1590 1084 Christi
1640 1047 1742 1083 nec
1779 1029 2052 1100 judicium

452 1120 620 1173 vellet
667 1119 933 1190 recipere.
983 1118 1196 1182 Quibus
1241 1119 1333 1172 ille
1380 1117 1606 1183 auditis,
1645 1118 1808 1171 solita
1850 1118 2057 1188 repetit

454 1223 632 1274 arma,
667 1207 884 1278 sibique
907 1209 1187 1278 jejunium
1213 1207 1414 1262 indixit
1434 1214 1491 1260 et
1518 1207 1680 1260 nobis
1707 1206 1800 1278 qui
1833 1223 1958 1260 cum
1990 1223 2056 1260 eo

454 1313 698 1360 eramus,
719 1281 788 1350 ne
808 1297 969 1360 forte,
997 1302 1060 1350 ut
1084 1296 1309 1361 assolet,
1330 1296 1386 1349 in
1415 1296 1608 1349 eodem
1634 1294 1846 1365 judicio
1867 1295 2057 1365 aliqua

453 1385 607 1439 fraus
632 1385 842 1438 inimici
873 1385 1220 1456 praevaleret.
1249 1385 1445 1437 Totam
1478 1384 1652 1453 igitur
1680 1389 1902 1436 noctem
1933 1399 2056 1453 per-

1221 283 1278 340 S.
1324 285 1703 340 PASCHASII
1739 283 2101 341 RADBERTI
2137 279 2442 340 ABBATIS
2481 279 2973 340 CORBEIENSIS.

3596 283 3740 340 1604

2674 407 2909 464 CAPUT
2947 407 3171 463 XXVII.

2805 511 3066 555 SEVIBUS.

2205 586 2349 651 Quid
2389 604 2448 640 se
2487 586 2556 640 de
2599 585 2689 638 his
2717 602 2908 639 rerum
2941 586 3182 657 negotiis
3213 586 3489 640 Chremes
3519 590 3740 640 tantum

2135 681 2421 747 permovet
2437 676 2462 728 â€˜2
2503 691 2627 729 cum
2673 680 2731 728 et
2757 675 2904 747 apud
2934 692 3037 728 nos
3068 675 3278 746 degens
3317 692 3462 747 pene
3495 676 3743 746 quotidie

2135 765 2203 818 de
2230 764 2434 818 abditis
2465 764 2717 818 cordium
2759 764 3126 836 receptaculis
3156 771 3372 819 secreta
3396 764 3745 836 judiciorum

2135 853 2482 923 conjiciendo
2529 853 2897 924 protrahebat
2942 853 3012 907 ad
3066 853 3376 924 publicum,
3409 859 3476 907 ut
3507 855 3627 924 jam
3660 853 3746 906 vix

2136 947 2284 994 esset
2305 942 2397 1012 qui
2428 941 2479 994 ei
2502 959 2604 994 sua
2623 941 2802 995 celare
2823 941 3060 994 auderet
3081 941 3301 996 occulta
3325 957 3337 993 :
3369 941 3467 995 sed
3491 958 3745 1012 perscru-

2135 1029 2267 1083 tatis
2295 1029 2624 1084 delictorum
2651 1029 2926 1093 admissis,
2957 1029 3305 1084 lenissimam
3327 1027 3538 1084 Christi
3572 1029 3746 1083 medi-

2137 1119 2320 1172 cinam
2351 1135 2476 1172 mox
2505 1117 2920 1190 superponebat
2948 1119 3193 1188 aegrotis.

2797 1222 3072 1261 CHREMES.

2208 1296 2351 1349 Vere
2382 1296 2461 1349 ita
2489 1301 2592 1360 est,
2625 1300 2690 1348 ut
2717 1295 2945 1349 recolis:
2973 1295 3069 1348 sed
3099 1295 3189 1348 hic
3216 1295 3408 1366 plures
3441 1303 3623 1361 erant,
3647 1298 3741 1367 qui

2137 1400 2263 1437 cum
2295 1401 2360 1437 eo
2405 1384 2543 1436 talia
2587 1383 2978 1454 perquirerent
3018 1383 3088 1437 ad
3138 1383 3416 1438 salutem:
3454 1383 3589 1439 illuc
3612 1402 3740 1440 vero

453 1474 676 1544 vigilem
727 1474 987 1528 duximus
1037 1473 1094 1528 in
1138 1473 1389 1528 oratione
1435 1481 1743 1543 precantes,
1790 1477 1856 1525 ut
1900 1472 2054 1543 prius
2137 1473 2326 1526 nullus
2357 1479 2455 1526 aut
2500 1490 2661 1526 rarus
2703 1473 2960 1526 inventus
2990 1475 3094 1539 est,
3126 1490 3237 1526 non
3269 1469 3434 1527 modo
3475 1475 3573 1544 qui
3605 1475 3740 1528 veri-

453 1563 727 1617 Dominus
745 1563 889 1616 tanti
918 1563 1142 1615 sceleris
1169 1579 1327 1615 reum
1357 1561 1838 1631 detegeret.Mane
1865 1567 2052 1615 autem
2135 1567 2311 1614 tatem
2339 1561 2422 1614 vel
2447 1561 2726 1631 justitiam
2755 1579 2866 1615 non
2897 1566 3302 1633 corrumperet,
3339 1579 3537 1616 verum
3569 1563 3739 1617 etiam

455 1651 619 1715 facto,
654 1652 848 1704 confisi
879 1651 947 1704 de
977 1651 1078 1704 Dei
1107 1651 1314 1721 pietate
1359 1650 1731 1721 processimus
1776 1649 1936 1720 quasi
1983 1651 2054 1704 ad
2137 1650 2368 1704 exsertis
2396 1649 2638 1704 brachiis
2663 1655 2858 1704 contra
2881 1668 3011 1704 eum
3041 1651 3136 1722 qui
3165 1650 3377 1705 scelera
3417 1651 3735 1722 iniquitatis

454 1740 854 1811 spectaculum,
902 1739 998 1794 ubi
1045 1739 1226 1793 omnis
1268 1740 1504 1810 populus
1545 1740 1663 1809 jam
1695 1723 2249 1794 convenerat.Bnon
2279 1740 2625 1798 defenderet.
2676 1739 2819 1794 Hine
2860 1757 3080 1811 quoque
3128 1739 3359 1811 quidam
3404 1757 3533 1794 cum
3569 1745 3742 1795 testa-

455 1829 589 1882 Erat
610 1829 815 1900 quippe
845 1835 978 1882 tunc
1001 1845 1333 1896 magnorum
1364 1829 1542 1881 multa
1562 1828 1870 1893 insultatio,
1891 1827 1971 1881 ita
1991 1832 2055 1882 ut

455 1917 644 1988 plures
669 1917 908 1987 episc0pi
930 1916 1270 1970 ducerentur
1290 1916 1345 1969 in
1371 1917 1473 1969 hac
1502 1916 1888 1970 infestatione:
1923 1916 2056 1986 quia

453 2005 700 2076 profecto
739 2023 909 2059 causa
939 2005 1080 2058 tanti
1111 2004 1451 2058 discriminis
1481 2022 1592 2058 non
1636 2004 2055 2074 ingi'ediebatur

454 2095 526 2148 ad
559 2110 672 2148 eos.
706 2095 861 2148 Tunc
887 2111 1048 2148 verus
1075 2093 1288 2147 athleta
1315 2093 1520 2148 Christi
1547 2094 1714 2164 cmpit
1745 2094 2050 2164 impellere,

452 2185 648 2253 utjam
667 2183 940 2253 judicium
959 2189 1254 2254 pararent;
1279 2199 1517 2253 quorum
1536 2183 1749 2254 positus
1770 2183 1826 2236 in
1846 2183 2046 2246 medio,

454 2273 713 2342 expansis
756 2272 1032 2340 manibus,
1067 2289 1259 2343 preces
1306 2271 1376 2326 ad
1416 2273 1592 2326 Deum
1630 2271 1899 2326 fundebat
1925 2288 2052 2324 cum

455 2359 735 2430 lacrymis,
777 2376 848 2414 ne
905 2366 1063 2414 tanta
1121 2361 1349 2414 fatuitas
1399 2360 1595 2430 judicii
1635 2359 1802 2413 etiam
1851 2358 2053 2430 probos

455 2463 705 2518 quosque
733 2449 964 2502 maculis
997 2448 1262 2502 afficeret.
1286 2447 1498 2511 Quibus
1543 2448 1623 2501 ita
1645 2447 1884 2518 profusis
1927 2464 2052 2500 mox

453 2537 522 2591 de
571 2537 815 2604 maxilla,
865 2537 1066 2589 caelum
1121 2541 1420 2608 penetrant
1460 2555 1473 2591 :
1516 2541 1572 2590 et
1626 2535 1758 2606 quia
1805 2534 2051 2589 tribunal

453 2624 682 2681 liumani
709 2625 905 2696 judicii
939 2639 1144 2678 munUS
1173 2625 1539 2691 subverterat,
1562 2626 1828 2678 thronum
1853 2624 2051 2694 gratiae

453 2717 660 2770 Christi
691 2716 962 2770 assistunt
1007 2715 1285 2786 lacrymaz,
1318 2732 1447 2769 cum
1497 2715 1700 2786 quibus
1741 2715 1952 2785 pariter
1981 2715 2049 2768 de

453 2813 606 2860 terra
625 2804 853 2875 sanguis
881 2804 1138 2858 innoxius
1163 2802 1459 2858 clamabat.
1486 2804 1771 2874 Siquidem
1794 2803 2049 2857 internus

453 2895 681 2961 arbiter,
706 2893 865 2965 quasi
893 2893 1031 2947 Cain
1060 2910 1255 2946 rursus
1285 2897 1560 2946 vetustam
1591 2893 1886 2962 increpans
1917 2908 2048 2945 con-

2136 1834 2326 1883 menta
2356 1829 2698 1883 hereditatis
2725 1829 2960 1883 alterius
2984 1830 3182 1883 fraude
3209 1830 3528 1893 detulisset,
3572 1836 3739 1884 testes

2137 1917 2413 1982 adhibuit,
2445 1922 2502 1972 et
2539 1918 2597 1972 in
2628 1918 2868 1989 quadam
2902 1918 3076 1988 gladii
3105 1917 3269 1972 theca
3298 1935 3365 1972 ea
3403 1915 3622 1972 occulte
3651 1937 3740 1990 po-

2137 2006 2250 2060 suit
2275 2026 2286 2073 ;
2321 2006 2509 2076 sicque
2539 2006 2819 2060 causatori
2851 2023 2952 2060 suo
2982 2005 3171 2060 dolose
3201 2005 3469 2060 reddidit.
3494 2007 3595 2063 Ille
3616 2025 3738 2061 vero

2137 2094 2389 2148 nesciens
2429 2094 2560 2165 quid
2605 2094 2901 2164 acciperet,
2933 2111 3058 2148 mox
3097 2093 3308 2148 ibidem
3347 2111 3484 2149 casu
3513 2099 3739 2166 praeter-

2137 2183 2386 2246 mittens,
2410 2181 2701 2254 repetebat
2730 2183 2991 2254 paginam
3018 2183 3364 2237 haereditatis
3393 2202 3510 2238 sua:
3539 2189 3600 2238 ut
3623 2185 3740 2238 red-

2135 2272 2312 2326 deret.
2337 2272 2412 2325 At
2435 2289 2560 2325 vero
2579 2289 2608 2325 e
2631 2273 2913 2325 contrario
2935 2288 3060 2325 cum
3091 2271 3331 2326 testibus
3355 2273 3503 2326 alter
3522 2271 3740 2345 agebat,

2136 2360 2283 2430 quod
2316 2361 2366 2414 ei
2396 2361 2585 2414 omnia
2633 2361 2720 2414 sui
2765 2361 2912 2431 juris
2958 2362 3336 2416 instrumenta
3382 2362 3738 2416 reddidisset.

2137 2451 2243 2504 Sed
2267 2450 2399 2520 quia
2420 2449 2601 2503 omnis
2623 2450 3012 2504 controversiae
3036 2451 3162 2504 finis
3190 2458 3615 2504 sacramentum
3639 2459 3739 2516 est,

2128 2537 2452 2607 jurantibus
2481 2538 2595 2591 illis
2625 2538 2794 2591 miser
2837 2555 2948 2592 non
2987 2537 3185 2592 habuit
3233 2537 3368 2609 quid
3414 2543 3738 2610 repeteret:

2131 2632 2323 2680 tamen
2352 2626 2579 2680 veniens
2623 2634 2754 2680 ante
2798 2629 3176 2698 praesentiam,
3211 2629 3526 2699 querelosis
3555 2629 3744 2684 aiebat

2133 2715 2268 2786 quid
2305 2721 2526 2785 gestum
2555 2721 2702 2768 esset
2747 2713 3182 2771 vocibus.â€˜Tunc
3211 2725 3403 2771 noster
3447 2718 3743 2772 subridens

2132 2803 2422 2869 Arsenius,
2450 2804 2622 2874 jussit
2664 2803 2852 2858 venire
2899 2821 3075 2869 reum,
3110 2822 3174 2859 ac
3217 2807 3263 2859 si
3310 2807 3568 2860 conscius
3600 2813 3746 2860 esset

2134 2891 2386 2946 ordinem
2436 2892 2577 2946 tanti
2624 2893 2874 2947 criminis
2919 2913 2929 2946 :
2973 2893 3187 2958 Infelix,
3231 2895 3432 2966 inquit,
3476 2897 3741 2962 nimium,

454 2985 766 3048 scientiam,
812 2983 992 3052 coegit
1043 2982 1297 3035 conï¬teri
1355 2982 1501 3052 quod
1554 2981 1697 3034 male
1756 2980 2113 3055 tegebatur"
2136 2982 2414 3052 quomodo
2444 2983 2831 3052 hujuscemodi
2854 2982 3175 3038 calliditatis
3196 2983 3490 3055 strepham
3520 2989 3742 3040 tantam

454 3040 772 3140 occultum';
807 3077 863 3125 et
887 3040 1099 3124 corruit
1128 3086 1252 3123 mox
1276 3071 1345 3124 ad
1367 3040 1535 3140 pedes
1555 3070 1776 3123 Arsenii
1801 3040 2050 3123 turemens
2070 3040 2385 3124 Ctaliter-ve
2430 3040 2802 3142 excogitasti?
2851 3074 2926 3126 At
2978 3073 3071 3127 ille
3111 3040 3404 3128 vidensâ€˜se
3437 3075 3603 3144 quasi
3655 3075 3746 3128 de-

454 3177 519 3216 ac
546 3177 778 3232 gemens
813 3179 824 3212 :
862 3160 995 3229 quia
1017 3159 1190 3229 judex
1221 3159 1440 3212 divinus
1469 3159 1730 3212 miseram
1761 3158 2050 3212 conscien-

454 3251 592 3304 tiam
634 3249 968 3303 intrinsecus
1013 3246 1298 3318 puniebat.
1329 3247 1488 3301 Unde
1519 3264 1660 3302 novo
1700 3247 1900 3301 timore
1930 3264 2051 3318 per-

455 3339 659 3404 c'ulsus,
675 3339 841 3410 cmpit
856 3338 1026 3393 etiam
1039 3354 1233 3392 omnes
1247 3337 1779 3408 denotare,quorum
1794 3337 2051 3408 praesidio

455 3427 542 3483 est
569 3443 722 3494 usus,
754 3427 861 3482 ista
891 3433 956 3482 ut
984 3426 1220 3481 auderet
1249 3443 1262 3482 :
1295 3426 1544 3496 nihilque
1565 3425 1670 3480 sibi
1698 3443 1763 3480 ex
1793 3426 2052 3480 omnibus

455 3533 576 3590 quae
619 3517 826 3572 habere
877 3521 1117 3588 poterat,
1149 3515 1257 3570 nisi
1302 3519 1366 3570 ut
1413 3515 1650 3582 astabat,
1703 3514 2051 3570 solummodo

453 3607 808 3674 remansisse,
843 3606 1151 3678 praesertim
1181 3603 1672 3658 circumstantibus
1697 3603 1886 3658 omnia
1915 3621 2050 3657 con-

453 3697 695 3752 tulisset.
741 3695 901 3751 Unde
949 3695 1192 3767 profecto
1241 3693 1322 3747 illi
1364 3693 1620 3748 excazcati
1658 3692 2054 3764 pervertebant

449 3786 745 3856 judicium,
801 3785 1084 3838 intantum
1127 3787 1192 3838 ut
1245 3782 1543 3837 Arsenium
1596 3783 1711 3836 suis
1766 3779 2054 3837 efï¬cerent

453 3875 614 3941 odiis,
641 3885 698 3929 et
720 3873 1013 3929 taediarent
1041 3872 1260 3926 insidiis
1288 3890 1298 3925 :
1334 3872 1429 3927 sed
1456 3873 1575 3943 jam
1601 3871 1788 3926 divino
1815 3870 2050 3925 convicti

448 3963 679 4034 judicio,
704 3961 917 4017 confusi
945 3977 1139 4016 omnes
1163 3961 1497 4028 discessere;
1531 3977 1594 4015 ac
1624 3959 1794 4014 miser
1815 3961 2052 4014 clemen-

453 4058 542 4106 ter
569 4044 819 4107 redditus
849 4056 936 4105 est
965 4050 1332 4122 poenitentiae.

2134 3160 2491 3230 prehensum,
2527 3161 2738 3215 corruit
2765 3162 2833 3215 ad
2862 3162 3049 3234 pedes,
3086 3170 3142 3216 et
3177 3163 3325 3234 quod
3354 3162 3570 3218 latebat
3611 3181 3744 3236 ape-

2135 3249 2250 3303 ruit
2262 3295 2274 3307 .

2767 3355 3109 3396 ADEODATUS.

2204 3427 2280 3483 Ut
2307 3427 2484 3491 video,
2518 3427 2794 3499 sapientia
2823 3429 3136 3483 Salomonis
3159 3427 3216 3483 in
3243 3425 3351 3483 isto
3377 3428 3506 3496 fuit,
3530 3435 3588 3485 et
3618 3429 3741 3485 ideo

2133 3517 2204 3571 ad
2235 3515 2626 3588 investiganda
2656 3517 2856 3572 secreti
2885 3519 3110 3589 negotia
3139 3523 3257 3573 tam
3287 3535 3459 3590 sagax
3490 3525 3635 3578 erat.

2673 3605 2906 3662 CAPUT
2943 3607 3195 3663 XXVIII.

2757 3707 3104 3750 PASCHASIUS.

2208 3783 2364 3854 Saepe
2385 3783 2644 3854 contigit,
2667 3783 2813 3854 quod
2835 3781 3142 3839 Parmenus
3169 3785 3250 3839 ait
3269 3792 3307 3850 â¸,
3333 3792 3397 3840 ut
3423 3786 3595 3841 homo
3620 3788 3734 3858 qui-

2133 3869 2268 3925 libet
2295 3872 2621 3944 imprudens
2650 3871 2774 3944 plus
2804 3872 2936 3927 boni
2967 3873 3251 3928 interdum
3272 3875 3547 3939 nesciens,
3569 3893 3737 3947 quam

2132 3960 2289 4032 prius
2326 3961 2523 4014 'sciens
2578 3977 2828 4033 unquam
2880 3967 3037 4033 agat.
3077 3962 3185 4018 Sed
3229 3963 3320 4018 hic
3361 3973 3556 4019 noster
3602 3966 3739 4019 nihil

2132 4049 2521 4122 imprudenter
2551 4049 2664 4121 egit
2694 4068 2727 4104 a
2752 4049 3091 4122 professione
3115 4069 3238 4120 sua,
3265 4053 3362 4124 qui
3391 4069 3537 4126 sape
3567 4055 3740 4108 laten-

1081 4153 1428 4194 pascmsws.
2131 4140 2214 4193 tia
2244 4139 2360 4194 suis
2389 4139 2814 4212 comprehendit
2846 4141 3298 4211 conjecturarum
3326 4139 3561 4210 retibus,
3595 4143 3740 4214 quod

524 4229 721 4284 Infelix
751 4229 987 4284 nimium
1029 4234 1273 4299 tempus,
1306 4227 1530 4298 quando
1579 4225 1800 4298 aliquis,
1839 4227 1886 4281 si
1917 4227 2052 4298 quid
2135 4233 2189 4283 et
2219 4227 2326 4300 ipsi
2352 4244 2520 4300 quam
2545 4246 2691 4301 saepe
2715 4229 2964 4284 videmus
2991 4230 3050 4284 in
3078 4230 3453 4300 quarumdam
3476 4231 3738 4285 Fratrum

457 4318 594 4416 bene
625 4318 757 4372 velit
784 4324 884 4416 aut
907 4317 1142 4388 judicat,
1174 4333 1338 4416 nemo
1368 4315 1754 4416 obtemperare
1784 4316 2048 4416 disponit;
2069 4316 2552 4416 Ddelinquentiis.
2575 4317 2660 4372 Ab
2680 4317 2840 4416 initio
2867 4318 3016 4416 enim
3047 4335 3268 4416 semper
3286 4325 3583 4389 peccantes
3615 4337 3740 4373 um-

453 4407 551 4461 sed
582 4405 969 4478 unusquisque
1001 4421 1165 4461 suum
1195 4404 1353 4470 velle,
1393 4409 1450 4458 et
1497 4421 1610 4458 non
1642 4403 1743 4459 Dei
1787 4401 2048 4459 intendit.
2069 4401 2115 4416 "
2135 4405 2264 4460 bras
2293 4405 2521 4472 adeunt,
2560 4411 2616 4460 et
2644 4405 2896 4476 gestiunt
2925 4405 3333 4478 subterfugere,
3360 4425 3430 4462 ne
3469 4414 3739 4480 appareat

455 4496 663 4552 Omnes
691 4495 935 4567 diligunt
980 4509 1232 4560 munera,
1266 4497 1578 4563 sequuntur
1611 4492 2008 4549 retributiones
2034 4513 2048 4563 ;
2133 4493 2506 4567 culpantibus,
2533 4495 2681 4567 quod
2712 4495 2913 4550 divinis
2942 4500 3099 4567 patet
3117 4491 3456 4568 aspectibus.
3476 4491 3588 4553 Sed
3611 4497 3738 4568 quia

453 4601 610 4656 aeque
640 4584 858 4640 cunctis
898 4582 1168 4648 studium,
1213 4582 1412 4638 similis
1443 4582 1768 4654 pertinacia.
1802 4584 1924 4639 Uno
1965 4601 2055 4639 eo-
2134 4582 3487 4657 longediuItaliamingressi,eisPenninasAlpes
3503 4585 3738 4641 exsulati

453 4671 692 4744 demque
733 4671 994 4727 videntur
1037 4671 1170 4725 ludo
1198 4670 1270 4725 ad
1311 4669 1589 4725 malitiam
1628 4670 1964 4742 prospicere,
1998 4677 2056 4727 et
2135 4690 2353 4742 sumus,
2386 4673 2483 4730 ubi
2509 4691 2682 4729 aurea
2709 4673 2948 4729 vidimus
2979 4674 3243 4730 Saturnia
3270 4690 3446 4745 regna
3478 4681 3739 4748 artesque

453 4759 502 4814 si
549 4759 872 4830 hujusmodi
917 4759 1067 4816 ullus
1112 4764 1198 4815 est
1243 4759 1418 4815 lusus.
1450 4758 1595 4814 Hinc
1640 4775 1775 4815 sane
1819 4759 2055 4816 forsitan
2135 4763 2432 4835 malignas,
2464 4779 2564 4818 seu
2601 4763 2659 4818 in
2709 4762 3131 4836 quibuscunque
3169 4763 3412 4818 mundus
3441 4769 3645 4835 regnat
3685 4769 3740 4817 et

453 4864 683 4922 parvam
712 4848 1015 4904 adhibeant
1059 4850 1247 4918 ï¬dem,
1295 4849 1428 4922 quia
1473 4866 1540 4904 ex
1575 4849 1690 4905 suis
1730 4849 1928 4905 studiis
1957 4867 2054 4905 no-
2134 4852 2527 4908 meretricatur
2545 4853 2801 4908 Auxonia
2824 4869 3015 4924 cespes
3043 4871 3055 4920 ;
3089 4852 3300 4907 Gallias
3318 4853 3571 4919 tandem,
3599 4869 3737 4924 pene

453 4944 636 4994 strum
677 4938 937 5011 judicant
971 4939 1291 5006 Arsenium,
1326 4937 1488 5012 quasi
1530 4937 1671 4993 nihil
1699 4937 1852 4994 aliud
1878 4939 2055 5011 possit
2135 4939 2395 4997 omnibus
2443 4941 2707 4997 correctis
2745 4940 2933 5009 rebus,
2977 4948 3033 4997 et
3079 4941 3328 5013 Eugenio
3381 4941 3735 4997 sanctissimo

455 5044 577 5085 esse
606 5026 827 5102 aliquis,
871 5027 982 5084 nisi
1027 5029 1175 5101 quod
1220 5028 1328 5101 ipsi
1375 5033 1524 5096 sunt,
1558 5029 1871 5100 praesertim
1925 5046 2054 5085 cum
2135 5028 2448 5102 apostolicae
2477 5029 2626 5084 sedis
2673 5029 2929 5084 ordinato
2973 5028 3242 5096 antistite,
3275 5029 3332 5083 in
3365 5030 3528 5100 cujus
3568 5028 3736 5083 nimi-

455 5118 605 5191 apud
632 5135 728 5175 eos
755 5117 912 5173 nulla
941 5117 1016 5173 sit
1050 5119 1275 5186 veritas,
1327 5117 1458 5190 quia
1487 5117 1699 5173 corruit
1741 5117 1799 5172 in
1827 5118 2046 5190 plateis,
2130 5135 2255 5174 rum
2300 5117 2650 5174 ordinatione
2698 5118 3071 5190 plurimorum
3116 5117 3399 5173 laborasse
3430 5117 3657 5184 dicitur,
3689 5116 3735 5171 si

456 5213 513 5264 et
541 5209 776 5282 (equites
803 5224 916 5263 non
943 5208 1126 5279 potuit
1151 5206 1392 5278 ingredi.
1433 5207 1586 5263 Unde
1617 5205 1845 5278 sanguis
1872 5207 2052 5263 vidua;
2134 5224 2242 5280 quo
2289 5206 2455 5263 modo
2504 5223 2606 5278 per
2655 5222 2783 5262 eum
2830 5206 3091 5279 deinceps
3132 5205 3570 5278 corrigerentur,
3615 5221 3733 5278 quae

454 5314 567 5353 non
594 5297 1016 5370 ingrediebatur
1043 5296 1114 5352 ad
1152 5311 1283 5366 eos;
1323 5296 1422 5352 sed
1453 5296 1586 5369 quia
1612 5295 1879 5352 innocens
1907 5301 2047 5365 erat,
2105 5293 2229 5351 â€˜diu
2257 5294 2634 5367 negligentius
2666 5309 2701 5352 ÎµÎ¹
2729 5294 2987 5368 plurimis
3022 5295 3246 5353 fuerant
3285 5294 3609 5368 depravata,
3642 5311 3733 5350 reo

379 5375 382 5378 â´
455 5388 654 5459 praeda:
681 5387 880 5460 patuit.
2133 5383 2476 5458 grediamur.

525 5567 543 5595 â¸
569 5560 734 5636 Apud
760 5562 984 5620 Terent.
1016 5560 1076 5618 in
1104 5559 1214 5617 ï¬ne
1240 5560 1488 5634 Hecyrae.
