4000 6170
234 249 366 309 1605

797 371 1031 428 CAPUT
1063 371 1241 426 XXIX
1252 413 1263 425 .

865 473 1202 516 ADBODATUS.

297 550 570 607 Fortassis
584 566 738 622 ergo,
757 549 1039 614 Paschasi,
1059 565 1173 603 non
1192 547 1379 602 minus
1400 548 1633 613 occulte,
1653 562 1824 617 quam

234 640 422 695 callide
477 656 581 694 seu
621 638 932 709 ingeniose,
981 653 1148 708 quem
1192 637 1423 691 laudare
1475 636 1820 701 decreveras,

232 730 429 786 acriter
455 729 648 800 culpas
686 751 697 787 :
734 727 892 799 quasi
922 727 1127 781 videris
1157 743 1278 797 quae
1317 713 1519 780 detulit
1557 724 1827 779 fratribus

228 819 409 874 oblata
434 818 785 883 munuscula,
814 817 1076 871 universa
1104 831 1245 887 pene
1272 814 1475 886 quibus
1501 814 1826 868 divitiarum

228 922 432 976 genera
440 905 526 960 vel
542 909 1000 960 ornamentorum
1013 904 1256 958 mundus
1268 908 1469 974 regnat
1484 922 1496 970 ;
1521 903 1656 956 talia
1668 918 1826 956 nam-

232 1011 344 1065 que.
360 995 446 1049 vel
478 999 653 1061 tanta,
689 994 878 1066 qualia
906 993 1094 1048 nullus
1138 999 1392 1048 nostrum
1424 1010 1484 1046 se
1515 992 1716 1046 vidisse
1745 991 1821 1044 si—

229 1083 341 1137 mul
367 1089 668 1139 testamur.

869 1187 1212 1226 PASCHASIUS.

864 246 963 302 DE
999 245 1174 302 vrm
1209 244 1464 318 vum,
1505 243 1641 300 seu
1677 233 2132 299 mmmam
2164 239 2477 298 ARSENH.
2516 271 2584 285 --
2611 242 2749 298 LIB.
2792 245 2867 300 Π.

3373 243 3506 305 1606

1841 369 1940 427 Aa
1981 365 2161 433 nobis,
2192 383 2377 438 neque
2408 383 2508 439 pro
2557 368 2684 422 aliis
2715 368 3058 440 quibuslibet
3091 369 3397 440 beneflciis,
3429 372 3499 427 ab

1907 456 2187 511 extraneis
2229 457 2524 511 inhoneste
2560 457 2758 512 saltem
2794 460 3036 530 gratiam
3069 461 3375 532 requisivit,
3407 463 3506 518 sed

1907 545 2162 600 conscius
2188 545 2295 600 sibi
2336 562 2560 618 semper
2584 546 2642 600 in
2686 548 2944 604 omnibus
2983 550 3098 605 Deo
3140 551 3361 622 placere
3385 556 3506 608 stu-

1910 634 2050 689 duit.

2545 739 2892 782 PASCHASIUS.

1980 813 2067 866 Ita
2112 817 2217 879 est,
2249 813 2327 866 mi
2377 813 2570 880 frater,
2613 819 2677 868 ut
2719 816 2942 882 asseris,
2976 817 3261 871 intantum
3292 824 3356 873 ut
3383 819 3510 890 qui-

1909 899 2037 954 dam
2069 917 2134 954 ex
2180 902 2386 955 nostris
2421 919 2534 955 non
2565 903 2942 958 intellexerint
2969 910 3106 959 tunc
3141 908 3412 977 temporis
3442 923 3510 962 ea

1907 989 1988 1042 illi
2018 1005 2119 1060 pro
2149 1005 2380 1044 munere
2401 990 2552 1056 data,
2578 992 2675 1045 sed
2706 991 2865 1046 nobis
2886 1009 2920 1046 a
2938 995 3368 1065 quamplurimis
3387 1013 3510 1049 ma-

1903 1095 2165 1148 gnorum,
2200 1085 2298 1133 aut
2340 1096 2374 1132 a
2417 1097 2636 1134 summo
2678 1081 2947 1136 Pontiﬂce
2992 1082 3138 1137 sedis
3169 1084 3505 1154 apostolicae,

1907 1166 2004 1236 qui
2033 1167 2084 1221 ei
2117 1169 2534 1239 quamplurima
2563 1170 2802 1240 largitus
2833 1176 2936 1237 est,
2969 1173 3318 1228 transmissa.
3351 1173 3510 1228 Unde

299 1261 601 1333 Nunquam
626 1261 816 1332 itaque
833 1259 1163 1314 crediderim
1183 1258 1329 1330 quod
1351 1264 1467 1312 tam
1485 1258 1823 1330 suspiciosus
1906 1256 2138 1326 contigit
2185 1257 2426 1327 quadam
2475 1275 2541 1312 ex
2582 1258 2692 1325 die,
2725 1276 2852 1313 cum
2897 1260 3125 1330 quidam
3170 1278 3199 1315 e
3245 1261 3511 1317 fratribus

228 1368 346 1408 esse
373 1357 605 1422 tamque
645 1366 976 1404 nemorosus
1019 1349 1086 1422 [ι.
1119 1349 1415 1418 morosus],
1447 1349 1729 1402 intantum
1761 1353 1825 1402 ut
1909 1359 2038 1398 eum
2062 1361 2162 1414 pro
2184 1345 2392 1399 talibus
2412 1352 2467 1400 et
2489 1347 2876 1417 hujuscemodi
2903 1349 3061 1404 factis
3081 1351 3352 1414 laudaret,
3369 1351 3512 1406 alius

229 1458 295 1496 ea
324 1457 444 1513 quae
473 1439 767 1495 sinceriter
787 1439 935 1493 dicta
958 1443 1108 1504 sunt,
1127 1437 1238 1491 mei
1258 1438 1328 1491 ad
1353 1437 1690 1492 calumniam
1710 1453 1827 1490 ver-
1908 1433 2261 1504 respondisse
2288 1434 2468 1488 fertur
2493 1450 2504 1484 :
2537 1435 2682 1499 Quid
2722 1437 2791 1490 de
2823 1437 2918 1491 illo
2948 1439 3085 1492 talia
3112 1439 3169 1493 in
3207 1440 3372 1494 laude
3401 1440 3512 1495 fer-

227 1535 332 1585 tas.
356 1531 502 1584 Nam
525 1530 594 1583 de
621 1528 709 1582 his
731 1533 794 1582 tu
819 1527 962 1581 forte
987 1526 1224 1580 moveris
1250 1543 1405 1581 more
1433 1526 1820 1598 quorumdam,
1908 1521 2021 1575 tis?
2049 1538 2236 1576 nonne
2266 1522 2426 1577 nobis
2455 1541 2522 1578 ea
2554 1541 2675 1595 quae
2705 1525 2927 1591 detulit,
2970 1527 3122 1581 fuere
3157 1528 3410 1583 directa?
3442 1529 3513 1584 ad

229 1634 296 1672 ex
323 1618 526 1689 quibus
554 1618 729 1671 alium
769 1621 949 1669 notas.
980 1617 1193 1670 Tamen
1239 1615 1335 1668 illa
1379 1614 1567 1669 omnia
1594 1614 1826 1669 benedi-
1853 1625 1896 1687 Β
1916 1610 2084 1680 quod,
2113 1627 2238 1665 cum
2269 1611 2515 1678 dixisset,
2549 1613 2777 1668 risimus
2806 1615 3191 1671 omnes.Tunc
3215 1618 3359 1673 alius
3393 1637 3404 1672 :
3435 1620 3514 1674 Te

225 1707 436 1760 ctiones
470 1707 547 1776 (id
575 1711 650 1759 est
677 1705 937 1773 munera)
962 1703 1134 1758 fuisse
1165 1708 1330 1757 casta:
1359 1703 1692 1770 dilectionis,
1727 1709 1826 1757 aut
1914 1699 2055 1753 forte
2092 1699 2266 1764 decet,
2301 1700 2505 1771 inquit,
2551 1702 2657 1756 tibi
2695 1703 2828 1757 talia
2873 1709 3143 1776 tantaque
3194 1707 3511 1761 mittantur.

227 1791 496 1864 obsequia
515 1799 931 1864 magnatorum,
954 1793 1087 1864 quia
1100 1796 1431 1863 procurator
1453 1793 1609 1863 regni
1627 1798 1683 1846 et
1711 1808 1828 1845 ma-

225 1881 403 1951 gister
429 1881 786 1952 imperatoris
825 1888 965 1948 erat,
999 1880 1200 1935 debitae
1231 1879 1626 1956 venerationis,
1659 1896 1825 1934 nemo

228 1969 325 2040 qui
353 1968 588 2037 dubitet,
621 1970 755 2024 dum
785 1975 935 2025 recte
965 1970 1033 2024 de
1063 1969 1299 2040 proximi
1329 1969 1669 2022 conscientia
1703 1985 1826 2021 cen-

223 2064 366 2112 seat.
399 2059 522 2123 Qua
543 2059 791 2130 profecto
811 2057 1153 2114 conscientia
1179 2063 1336 2112 tutus
1359 2073 1546 2111 coram
1571 2057 1828 2110 omnibus

224 2147 389 2201 nobis
418 2166 430 2201 :
463 2148 600 2208 Ista.
634 2147 838 2217 inquit,
858 2146 1048 2200 omnia
1073 2162 1194 2216 quae
1218 2145 1465 2211 cernitis,
1488 2151 1604 2198 tam
1636 2161 1830 2199 secure

221 2235 348 2290 sine
369 2236 606 2305 alicujus
626 2235 945 2289 discrimine
965 2235 1198 2305 potestis
1226 2234 1494 2304 accipere,
1529 2250 1695 2304 quam
1727 2251 1828 2305 ego

222 2325 352 2378 sine
381 2323 953 2400 concupiscentiarum
974 2324 1176 2394 elogio,
1202 2324 1288 2376 vel
1309 2323 1428 2378 sine
1447 2323 1616 2377 ullius
1637 2340 1826 2378 rerum

218 2412 520 2482 dispendio
547 2411 725 2482 gratis
757 2412 873 2466 Deo
903 2417 958 2465 et
996 2410 1150 2464 vobis
1181 2412 1238 2464 in
1276 2427 1366 2464 me
1392 2410 1609 2481 suscepi
1641 2411 1830 2464 oblata

219 2513 397 2554 causa
425 2499 672 2554 honesta:
709 2500 1067 2571 acceptionis,
1098 2504 1155 2553 et
1189 2500 1402 2553 honore
1439 2500 1700 2569 Augusti,
1733 2515 1829 2553 ve-

221 2594 467 2660 straeque
496 2589 775 2644 utilitatis.
806 2589 1069 2659 Alioquin
1117 2605 1216 2659 pro
1263 2589 1351 2643 his
1389 2588 1580 2642 nullus
1619 2588 1830 2658 injuste

226 2677 441 2748 aliquid
482 2684 582 2732 aut
610 2678 921 2748 acquisivit,
954 2682 1054 2732 aut
1088 2677 1361 2748 perdidit;
1395 2694 1576 2748 neque
1605 2682 1832 2748 accepta

227 2766 317 2820 vel
336 2765 469 2819 data
494 2765 675 2820 doluit
705 2784 716 2818 :
745 2766 881 2831 imo,
903 2771 971 2820 ut
998 2782 1191 2826 verum
1221 2771 1324 2832 est,
1359 2782 1392 2819 a
1421 2765 1677 2837 plurimis
1704 2782 1831 2820 cum

231 2855 440 2909 nollem
470 2855 742 2926 accipere,
781 2854 935 2908 vobis
984 2855 1188 2909 deferri
1231 2854 1390 2926 quasi
1429 2856 1487 2908 in
1530 2855 1832 2927 eleemosy-

1909 1787 2135 1852 Misera,
2165 1788 2416 1860 inquam,
2449 1791 2614 1861 plane
2651 1791 2901 1846 humana
2947 1793 3211 1860 conditio,
3246 1813 3367 1866 quae
3397 1803 3513 1850 tam

1909 1881 1996 1930 est
2023 1875 2212 1941 hebes,
2250 1877 2456 1941 invida,
2492 1880 2577 1933 vel
2619 1880 2879 1951 ingrata;
2924 1881 3063 1935 alias
3091 1889 3280 1937 autem
3319 1901 3514 1939 eorum

1909 1965 1956 2019 is
1983 1965 2092 2018 nisi
2119 1965 2175 2018 in
2205 1966 2392 2036 aliquo
2422 1967 2749 2034 laborasset,
2803 1986 3159 2041 nequaquam
3213 1972 3292 2026 ita
3334 1974 3514 2027 fassus

1911 2059 2076 2108 esset.
2098 2054 2502 2110 Verumtamen
2532 2063 2754 2111 constat
2782 2064 3038 2113 nostrum
3065 2060 3362 2114 Arsenium
3393 2068 3516 2115 tan-

1910 2153 2032 2196 tum
2057 2147 2193 2197 tunc
2220 2145 2489 2215 temporis
2518 2146 2784 2200 dilectum
2817 2147 2989 2201 fuisse
3017 2153 3186 2220 atque
3213 2150 3510 2219 famosum,

1911 2236 2184 2303 quantum
2217 2233 2405 2286 nullus
2432 2251 2496 2288 eo
2528 2235 2585 2288 in
2615 2252 2808 2305 regno.
2843 2236 3054 2291 Idcirco
3086 2238 3290 2292 talibus
3321 2239 3514 2294 tantis-

1913 2337 2018 2391 que
2048 2321 2430 2376 oblectabatur
2478 2325 2825 2393 muneribus,
2876 2326 3157 2382 intantum
3207 2334 3272 2382 ut
3319 2329 3514 2383 nolens

1911 2415 2206 2479 cogeretur
2235 2410 2485 2481 accipere
2516 2413 2713 2481 gratis,
2756 2430 2827 2467 ne
2855 2415 3155 2469 laederetur
3187 2433 3345 2470 amor
3383 2417 3517 2471 dile-

1911 2498 2129 2552 ctionis.
2155 2499 2342 2567 Agant
2368 2499 2464 2552 alii
2485 2500 2634 2569 quod
2662 2507 2925 2572 possunt;
2960 2503 3299 2559 insidientur
3323 2510 3381 2558 et
3407 2510 3516 2559 ter-

1911 2594 2076 2642 reant
2088 2594 2360 2658 quantum
2374 2595 2635 2659 possunt;
2658 2591 2902 2645 vendant
2916 2592 3192 2662 justitiam
3208 2612 3308 2664 pro
3323 2611 3516 2649 mune-

1913 2676 2093 2744 ribus;
2146 2677 2375 2731 saeviant
2410 2677 2607 2732 fraude
2646 2680 2735 2733 vel
2779 2681 2940 2748 dolis,
2985 2687 3043 2736 et
3086 2685 3276 2738 omnia
3303 2687 3515 2740 cunctis

1914 2765 2131 2819 venalia
2146 2770 2442 2836 praestant:
2461 2767 2600 2820 nu‘lli
2617 2773 2806 2823 tamen
2823 2785 3016 2824 eorum
3031 2776 3146 2826 tam
3164 2773 3511 2844 multiplicia,

1915 2859 2144 2924 tamque
2174 2854 2475 2924 praecipua,
2506 2871 2674 2926 quam
2701 2855 2794 2910 isti
2826 2857 3177 2914 solummodo
3200 2878 3300 2932 pro
3325 2878 3514 2916 amore

232 2960 366 2999 nam
397 2943 609 3015 precati
636 2949 786 2998 sunt.
814 2943 1167 3014 Quapropter
1197 2943 1283 2997 his
1312 2944 1391 2997 ita
1419 2944 1710 3014 susceptis,
1739 2961 1834 3015 pa-
1916 2961 1981 2998 ac
2001 2943 2357 2997 veneratione
2376 2943 2553 3014 gratis
2570 2945 2965 3001 offerebantur.
2991 2947 3204 3012 Quibus
3225 2950 3303 3004 ita
3330 2951 3512 3019 dictis,

230 3039 334 3099 tet,
365 3048 498 3099 non,
527 3039 593 3087 ut
630 3033 896 3104 opinaris,
925 3050 958 3087 a
985 3049 1076 3087 me
1110 3033 1320 3088 dictum
1349 3032 1539 3101 fuisse,
1573 3033 1672 3088 sed
1699 3050 1832 3089 usus
1859 3019 1903 3080 Ο
1922 3032 2054 3104 quia
2093 3031 2322 3086 tandem
2375 3032 2442 3086 ad
2492 3033 2702 3088 Gallias
2750 3053 2945 3091 rursus
2975 3037 3184 3110 stylum
3222 3040 3514 3106 vertimus,

230 3122 424 3196 patrize
471 3128 529 3176 et
561 3123 718 3193 regni
762 3122 989 3177 delicias
1017 3127 1399 3193 pramotasse;
1444 3122 1577 3193 quia
1604 3123 1833 3178 omnino

234 3211 384 3265 hunc
398 3216 516 3266 tam
537 3211 827 3266 liberalem
845 3217 902 3266 et
915 3211 1108 3266 mundi
1127 3216 1570 3282 contemptorem
1584 3211 1642 3265 in
1661 3211 1837 3266 omni-

233 3299 340 3354 bus
368 3315 649 3367 noveram,
680 3305 746 3355 ut
787 3301 1154 3372 semetipsum
1188 3301 1350 3371 juxta
1389 3300 1612 3354 Domini
1644 3317 1833 3355 vocem

234 3388 546 3460 reliquerit.
580 3389 729 3459 Ergo
773 3389 868 3460 qui
915 3389 1280 3460 semetipsum
1320 3393 1437 3442 tam
1479 3387 1742 3460 perfecte,
1776 3394 1840 3443 ut

238 3491 432 3531 omnes
461 3478 603 3532 scire
629 3477 805 3546 licuit,
841 3478 1175 3549 dereliquit;
1229 3478 1363 3549 quid
1403 3476 1525 3543 sibi,
1559 3493 1667 3532 non
1715 3476 1838 3532 dico

237 3567 428 3638 inique
456 3573 555 3623 aut
582 3567 801 3639 cupide,
823 3583 1018 3622 verum
1044 3567 1216 3621 etiam
1239 3566 1389 3621 licite
1414 3564 1518 3620 sibi
1544 3565 1836 3636 acquirere

235 3655 461 3727 potuit?
494 3656 636 3720 Imo,
664 3661 730 3710 ut
755 3654 937 3710 fassus
966 3673 1111 3722 sum,
1145 3661 1203 3710 et
1228 3671 1318 3710 res
1348 3654 1534 3726 patuit
1560 3653 1740 3720 nobis,
1773 3671 1840 3709 ea

237 3742 422 3815 magis
451 3745 714 3815 suscepit,
739 3761 810 3799 ne
829 3744 972 3799 forte
999 3750 1099 3799 aut
1128 3744 1211 3798 illi
1235 3746 1319 3814 (ut
1337 3743 1558 3806 assolet)
1588 3743 1683 3815 qui
1705 3743 1840 3799 dare

237 3831 519 3901 volebant,
555 3833 893 3889 laederentur
922 3833 1134 3900 offensi,
1184 3839 1285 3888 aut
1329 3849 1452 3898 nos,
1486 3832 1694 3887 nostris
1742 3850 1840 3888 ex-

237 3921 430 3993 pensis
449 3938 657 3977 vacuus
677 3923 725 3977 si
745 3923 974 3989 rediret,
1003 3921 1093 3977 his
1121 3922 1348 3988 auditis,
1368 3921 1517 3994 quod
1541 3922 1843 3993 sprevisset

238 4027 364 4082 quae
393 4010 554 4067 nobis
583 4011 970 4079 mittebantur,
1004 4012 1499 4067 calumniaremur.

873 4114 1192 4157 ADEODATUS
1201 4143 1213 4156 .

309 4190 504 4246 Placet
532 4192 681 4263 quod
711 4190 1010 4262 objecerim
1039 4207 1169 4246 eum
1197 4196 1255 4245 te
1284 4191 1559 4262 culpasse,
1586 4190 1720 4263 quia
1746 4207 1842 4246 au-

237 4279 425 4334 ditum
451 4285 573 4334 erat
599 4278 668 4334 de
697 4280 786 4334 his
817 4297 938 4352 quae
965 4280 1236 4335 attulerat
1267 4297 1278 4334 :
1312 4284 1379 4334 ut
1405 4295 1600 4334 omnes
1629 4279 1840 4334 intelli-

1916 3125 2086 3177 ﬁnem
2108 3121 2236 3176 libri
2259 3139 2536 3194 ponamus
2561 3142 2570 3176 :
2595 3125 2862 3194 quoniam
2882 3142 2948 3180 ea
2969 3143 3090 3197 quae
3112 3127 3371 3200 deinceps
3389 3146 3519 3185 cum

1915 3210 2132 3282 gemitu
2163 3211 2551 3281 prosequenda
2598 3219 2749 3277 sunt,
2782 3218 2899 3267 tam
2945 3214 3069 3269 dira
3106 3220 3259 3282 sunt,
3290 3222 3520 3289 tamque

1918 3298 2210 3364 immania,
2240 3304 2305 3352 ut
2345 3298 2435 3351 vix
2464 3305 2565 3352 aut
2592 3300 2781 3354 nullus
2810 3301 2907 3371 qui
2941 3311 3128 3358 mente
3158 3305 3339 3360 valeat
3368 3323 3520 3362 com-

1920 3387 2287 3460 prehendere,
2319 3387 2451 3458 quia
2487 3387 2848 3443 formidolosa
2875 3397 3009 3445 sunt
3031 3391 3268 3447 nimium
3297 3399 3354 3448 et
3383 3411 3523 3448 con-

1920 3477 2062 3532 fusa.
2085 3476 2218 3541 Quae
2239 3492 2366 3530 cum
2392 3473 2646 3546 attigerit
2671 3477 2938 3544 calamus,
2967 3481 3220 3550 quamvis
3238 3482 3522 3553 lapideum

1920 3581 2018 3619 cor
2043 3569 2205 3635 gerat
2249 3563 2489 3635 scriptor
2517 3563 2743 3619 illarum
2773 3582 2982 3631 rerum,
3016 3568 3202 3622 nescio
3232 3568 3278 3623 si
3322 3567 3524 3624 litterae

1921 3669 2035 3724 prae
2060 3651 2322 3723 lacrymis
2346 3651 2562 3723 possint
2582 3650 2832 3718 formari,
2852 3670 2922 3707 ne
2941 3653 3244 3710 abluantur
3262 3655 3484 3712 ﬂetibus
3509 3675 3520 3711 :

1924 3748 2132 3814 quanto
2155 3739 2336 3811 magis
2360 3746 2424 3794 ut
2443 3741 2716 3796 formetur
2735 3743 3075 3798 narrationis
3095 3744 3230 3800 ordo
3242 3750 3299 3800 et
3312 3746 3522 3801 status!

1923 3831 2067 3885 Hinc
2111 3829 2464 3884 consolemur
2506 3828 2790 3885 interdum
2841 3830 3122 3906 [interim]
3169 3851 3268 3888 nos
3317 3835 3524 3905 gaudio

1923 3917 2294 3983 conscientiae,
2337 3917 2484 3989 quod
2515 3918 2684 3972 talem
2732 3935 2862 3973 eum
2901 3925 3235 3992 tantumque
3265 3921 3526 3992 cognovi-

1920 4027 2049 4064 mus
2075 4015 2131 4064 et
2172 4006 2492 4072 habuimus,
2527 4007 2596 4061 de
2639 4023 2750 4079 quo
2777 4009 3023 4079 gaudere
3052 4009 3110 4064 in
3147 4008 3386 4064 Domino
3416 4026 3528 4065 non

1923 4115 2200 4154 veremur.
2236 4097 2306 4151 Et
2334 4112 2404 4150 ne
2430 4096 2558 4151 ullis
2588 4096 2918 4166 frangamur
2943 4097 3188 4153 infamiis
3217 4098 3529 4170 praeviden-

1925 4189 2091 4244 dum:
2116 4186 2248 4260 quia
2271 4201 2422 4241 nunc
2442 4186 2500 4240 in
2521 4191 2777 4258 tempore
2801 4187 3030 4258 plurimi
3053 4188 3223 4242 etiam
3250 4187 3531 4243 honestio-

1925 4295 2017 4334 res
2047 4277 2427 4349 obloquuntur
2457 4275 2647 4345 bonos,
2681 4275 2762 4330 ita
2799 4281 2865 4331 ut
2891 4276 3084 4333 nullus
3111 4277 3260 4333 exire
3285 4276 3529 4332 intactus

233 4374 398 4440 gant,
430 4384 598 4441 quam
627 4368 873 4424 liberalis
906 4369 1093 4436 fuerit,
1119 4384 1287 4440 quam
1314 4367 1530 4424 alienus
1560 4384 1593 4422 a
1622 4367 1844 4436 saeculo,
1866 4366 2126 4440 Dpossit.

238 4473 526 4531 quamque
555 4459 765 4516 mundo
793 4458 1182 4530 mortuus,qui
1212 4473 1315 4513 nec
1343 4473 1446 4530 pro
1475 4456 1564 4512 his
1585 4456 1844 4513 omnibus

1461 4772 1753 4846 LIBER
1792 4769 2321 4846 SECUNDUS.

723 4925 1196 4990 Interlocutores
1229 4945 1244 4989 :
1277 4925 1788 5002 PASCHASIUS,
1836 4921 2330 4998 ADEODATUS,
2376 4918 3037 4982 THEOPHRASTUS.

1733 5087 2042 5108 ω

797 5191 1309 5250 INTRODUC'I‘IO.
1934 5190 2102 5260 longa
2130 5187 2240 5242 huc
2266 5185 2510 5257 illucque
2536 5183 2742 5239 diversi
2767 5182 2986 5239 itineris
3005 5181 3198 5253 fatigia
3219 5185 3274 5235 et
3303 5196 3532 5235 concur-

884 5298 1230 5340 ansonuus.
1935 5294 2030 5333 sus
2051 5275 2281 5347 ubique,
2302 5280 2428 5347 post
2451 5272 2757 5328 indefessas
2779 5274 3030 5329 omnium
3057 5285 3377 5343 pressurus;
3411 5273 3533 5323 tan-

315 5375 458 5432 Post
483 5374 811 5430 innumeras
840 5373 994 5429 intus
1029 5371 1196 5428 ofﬁcii
1227 5387 1409 5438 curas,
1442 5373 1570 5442 post
1608 5369 1850 5422 immen-
1935 5365 2062 5420 dem
2094 5365 2280 5419 divino
2318 5353 2678 5435 dispensante
2715 5362 2948 5435 judicio,
2999 5358 3204 5414 relictis
3249 5356 3527 5424 omnibus,

232 5479 339 5520 sas
390 5465 634 5520 exterius
680 5461 1109 5536 occupationum
1147 5477 1364 5530 causas,
1397 5464 1525 5532 post
1551 5455 1734 5513 varios
1763 5472 1853 5512 re-
1939 5453 2070 5526 quia
2106 5451 2230 5521 tibi,
2286 5449 2572 5521 Paschasi,
2612 5451 2834 5507 reddita
2874 5455 2958 5505 est
3000 5447 3159 5536 quies
3199 5445 3533 5536 ethlibertas

231 5570 381 5612 rum
407 5532 875 5627 negotiorumque
907 5556 1138 5609 eventus
1159 5556 1216 5609 et
1239 5550 1368 5607 vitae
1397 5547 1711 5621 dispendia,
1729 5549 1858 5618 post
1938 5541 2134 5614 animi,
2165 5539 2447 5598 recordari
2475 5544 2698 5614 oportet
2723 5537 2872 5612 quod
2900 5534 3190 5593 omisimus
3219 5532 3373 5602 olim,
3403 5549 3537 5607 qua-
