4000 6170
520 246 649 308 1607

1275 243 1329 296 S.
1376 241 1751 297 PASCHASII
1791 233 2152 294 RADBERTI
2191 234 2492 290 ABBATIS
2529 233 3025 290 CORBEIENSIS.

3655 229 3797 287 1608

500 377 666 423 tenus
693 368 952 438 deinceps
1001 366 1300 436 aliquando
1330 367 1598 438 epitaphii
1637 366 1820 421 Patris
1859 365 2094 418 formam
2113 358 2237 419 Abi
2269 359 2496 414 verbum
2527 359 2780 413 veritatis
2807 358 2984 412 libere
3012 356 3366 428 loquebatur.
3419 358 3500 412 Ex
3544 375 3658 428 quo
3707 359 3788 421 ﬁt,

503 475 566 513 ex
575 458 845 529 pleamus,
871 472 1037 527 quam
1059 455 1452 509 commendare
1474 455 1677 509 litteris
1697 455 1965 526 cmpimus
1985 453 2099 524 pri-

501 547 630 602 dem
655 567 665 601 :
693 545 943 616 alioquin
973 550 1122 598 esset
1149 545 1435 598 honestius
1459 560 1571 598 non
1598 544 1907 606 inchoasse,
1931 557 2098 611 quam

500 636 765 690 inchoata
789 651 901 688 non
929 633 1169 703 explere.

1129 735 1467 774 PASCHASIUS.

573 812 856 866 Conﬁteor
901 811 982 863 ita
1023 824 1164 870 esse,
1216 808 1292 860 mi
1338 807 1530 861 frater.
1581 809 1690 862 Sed
1737 824 1934 862 vereor
1979 811 2104 878 post

499 899 672 953 surda
699 899 823 952 vitae
853 898 1098 959 silentia,
1131 902 1258 966 post
1297 897 1506 950 omissa
1547 897 1864 950 litterarum
1893 895 2098 959 studia,

498 993 754 1056 repetere
782 987 930 1056 quod
976 991 1076 1039 aut
1103 983 1305 1037 oblivio
1336 982 1585 1047 abduxit,
1619 989 1718 1037 aut
1753 983 1949 1037 levitas
1980 999 2102 1036 mo-

499 1089 626 1126 rum
657 1075 779 1144 jam
806 1073 1001 1126 audire
1037 1070 1268 1125 fastidit.
1301 1072 1538 1141 Insuper
1564 1072 1669 1124 etsi
1699 1077 1848 1125 esset
1876 1072 1945 1124 de
1975 1071 2102 1124 tali-

497 1161 603 1216 bus
633 1169 858 1233 tempus
885 1160 1171 1231 loquendi,
1197 1159 1506 1229 praesertim
1523 1160 1640 1227 jam
1664 1159 1816 1211 nulla
1837 1165 1923 1211 est
1942 1157 2099 1222 mihi,

500 1251 606 1304 etsi
627 1250 962 1321 quandoque
982 1247 1148 1301 fuerit
1181 1247 1496 1300 litterarum
1516 1245 1777 1299 facundia
1801 1245 2102 1300 scribendi.

499 1340 712 1393 Tamen
754 1356 825 1392 ne
855 1338 1001 1408 quod
1048 1336 1337 1406 ccepimus,
1372 1335 1637 1389 infectum
1677 1335 1866 1388 veniat
1905 1336 1963 1389 in
2000 1351 2100 1405 0p-

499 1427 810 1498 probrium,
829 1425 1070 1478 inimicis
1086 1425 1142 1477 in
1159 1424 1448 1494 gaudium,
1465 1430 1518 1476 et
1534 1423 1824 1476 desidiosis
1846 1423 1902 1476 in
1923 1440 2104 1476 exem-

499 1515 675 1586 plum,
708 1513 962 1584 experiar
985 1512 1132 1582 quod
1162 1510 1427 1572 hortaris,
1453 1516 1509 1564 et
1541 1509 1824 1580 incipiam,
1857 1510 1986 1563 licet
2014 1510 2101 1564 in-

499 1602 794 1674 explebilia
811 1601 925 1656 sint
943 1606 1232 1669 gestarum
1254 1615 1442 1651 rerum
1463 1599 1710 1651 lamenta
1723 1614 1845 1668 qua:
1867 1605 2098 1651 restant.

2183 454 2485 520 antequam
2514 449 2631 502 haec
2658 448 2806 502 mala
2831 449 3006 502 totius
3033 447 3258 519 imperii
3284 453 3646 518 apparerent,
3677 464 3792 500 creo

2183 536 2564 591 brescentibus
2580 538 2701 606 jam
2724 539 2958 606 jamque
2993 536 3246 607 quotidie
3275 537 3378 590 Dei
3403 537 3560 606 justo
3577 536 3789 605 judicio

2186 627 2242 679 in
2272 626 2477 696 populo
2508 625 2741 679 diversis
2776 624 3192 678 calamitatibus
3218 630 3275 678 et
3300 625 3561 694 ﬂagellis,
3594 630 3662 678 ut
3695 625 3790 677 im-

2182 721 2411 786 perator
2430 731 2544 768 una
2572 731 2700 768 cum
2722 714 2837 768 suis
2867 713 3222 768 senatoribus
3245 719 3302 767 et
3330 713 3659 785 proceribus
3689 719 3790 766 ter-

2184 819 2260 857 rae
2281 803 2611 872 requireret,
2628 802 2760 873 quid
2783 807 2930 856 esset
2953 803 3102 873 quod
3124 802 3312 855 divina
3330 803 3601 871 majestas
3625 801 3791 854 offen-

2184 909 2246 946 sa
2269 898 2354 945 tot
2378 892 2623 960 taliaque
2646 892 2812 960 longo
2843 892 2901 944 in
2923 898 3177 961 tempore
3201 891 3308 944 isto
3329 896 3794 961 prremonstraret

2185 981 2243 1034 in
2260 981 2466 1050 pepulo
2493 999 2504 1032 ;
2526 980 2659 1050 quia
2675 981 2820 1047 jam,
2842 980 3133 1049 Scriptura
3152 985 3298 1033 teste
3322 982 3452 1044 (Ῑςιῖ.
3471 994 3666 1043 xxviii,
3689 980 3787 1044 19),

2186 1069 2304 1122 sola
2325 1069 2539 1122 vexatio
2560 1069 2907 1121 intellectum
2929 1068 3101 1121 dabat
3123 1069 3361 1122 auditui.
3383 1069 3642 1138 Tumque
3655 1085 3791 1139 prae-

2186 1157 2410 1228 cipitur,
2454 1163 2517 1210 ut
2571 1156 2776 1226 singuli
2833 1157 2902 1208 de
2950 1157 3054 1209 hoc
3093 1156 3420 1226 diligentius
3475 1162 3787 1226 quzererent

2186 1262 2364 1316 usque
2392 1244 2458 1298 ad
2491 1244 2665 1298 alium
2697 1245 2972 1298 Placitum
2994 1245 3040 1309 δ,
3071 1245 3205 1314 quid
3236 1250 3385 1298 esset
3409 1244 3470 1298 in
3498 1262 3609 1315 quo
3639 1245 3783 1299 Deus

2183 1334 2427 1388 offensus
2456 1341 2620 1397 esset,
2650 1333 2734 1386 vel
2778 1333 2980 1403 quibus
3030 1333 3240 1403 placari
3270 1340 3460 1404 posset
3499 1334 3777 1404 operibus.

2185 1423 2286 1476 His
2314 1423 2396 1476 ita
2425 1422 2650 1493 quidem
2676 1422 2871 1491 jussis,
2904 1425 3104 1475 statuit
3132 1439 3262 1475 mox
3288 1423 3558 1476 Arsenius
3595 1428 3780 1476 noster

2183 1528 2369 1564 coram
2400 1510 2576 1564 oculis
2607 1511 2876 1564 miserum
2917 1510 3127 1573 orbem,
3162 1516 3218 1564 et
3257 1512 3474 1565 divinas
3502 1513 3674 1581 leges,
3704 1513 3778 1564 si-

2185 1599 2414 1669 mulque
2442 1599 2672 1652 Patrum
2698 1599 2923 1651 decreta
2946 1617 2957 1650 :
2987 1599 3045 1651 in
3074 1599 3275 1668 quibus
3301 1600 3590 1668 conspexit
3613 1601 3776 1662 illico,

500 1669 611 1745 Sed
641 1690 771 1760 quia
799 1688 1080 1742 interdum
1111 1688 1346 1741 Severus
1375 1687 1660 1755 ingressus
1685 1693 1772 1739 est
1794 1686 1924 1739 felix
1952 1687 2096 1740 viam
2117 1669 2164 1727 B
2184 1687 2409 1756 quantis
2453 1685 2708 1740 Ecclesiae
2738 1685 2948 1739 Christi
2994 1685 3309 1756 depravata:
3351 1687 3538 1740 forent
3580 1688 3774 1751 modis,

500 1778 771 1832 universae
792 1783 976 1841 terrae,
997 1783 1053 1829 et
1074 1776 1339 1829 Chremes
1359 1775 1506 1828 inter
1526 1773 1850 1827 discrimina
1868 1779 1884 1800 "
1907 1778 2099 1826 nostra

495 1869 614 1938 jam
630 1866 900 1928 discessit,
922 1880 1144 1918 necesse
1161 1870 1245 1916 est
1265 1879 1438 1916 unum
1466 1862 1738 1931 eligamus
1754 1862 1822 1914 de
1841 1862 1928 1914 his
1945 1877 2100 1914 more

499 1960 823 2010 sanctorum
873 1955 1122 2015 Patrum,
1155 1952 1249 2021 qui
1299 1950 1587 2004 nobiscum
1631 1967 1758 2003 cum
1795 1967 1860 2003 eo
1897 1950 2100 2003 versati

497 2049 632 2098 sunt
655 2063 665 2097 :
693 2048 968 2114 quatenus
992 2058 1092 2111 per
1111 2056 1238 2093 eum
1266 2045 1322 2092 et
1351 2039 1576 2104 veritas,
1604 2039 1763 2108 quasi
1793 2037 1896 2092 sub
1918 2037 2096 2091 tribus

495 2132 752 2197 testibus,
783 2131 983 2185 melius
1010 2128 1469 2192 commendetur;
1522 2134 1580 2180 et
1615 2133 1804 2180 noster
1841 2127 2096 2197 planctus

497 2239 608 2277 non
638 2221 888 2274 diversus
910 2219 994 2271 vel
1023 2233 1255 2270 numero
1281 2216 1613 2269 inveniatur.
1639 2216 1869 2280 Idcirco,
1903 2215 2093 2275 frater,

497 2309 630 2378 quia
667 2313 827 2361 tuum
871 2306 978 2359 fuit
1005 2322 1128 2374 quae
1158 2305 1428 2374 ccepimus
1468 2304 1795 2375 reincipere,
1831 2311 1990 2358 tuum
2022 2304 2098 2356 sit

497 2401 812 2450 consortem
842 2395 898 2448 in
929 2395 1031 2447 hac
1060 2399 1220 2463 parte
1249 2393 1474 2463 eligere.

1137 2498 1454 2536 ADEODATUS
1468 2526 1480 2538 .

569 2571 832 2636 Quamvis
862 2587 994 2640 ergo
1021 2569 1207 2623 minus
1236 2569 1468 2622 idoneus
1497 2569 1602 2622 sim
1628 2569 1953 2640 praejudicio
1979 2571 2093 2623 dis-

499 2661 792 2726 cernendi;
827 2660 959 2730 quia
980 2659 1210 2712 devotus
1231 2657 1342 2712 tuis
1363 2658 1537 2711 existo
1553 2657 1748 2726 jussis,
1772 2675 1882 2711 non
1909 2658 2091 2713 abnuo

497 2750 646 2821 quod
677 2749 868 2819 exigis.
902 2749 1027 2801 Non
1056 2747 1206 2800 enim
1236 2747 1628 2816 philosophum
1670 2746 1740 2799 ad
1785 2747 2091 2803 lamentum

497 2839 605 2892 rite
635 2837 954 2908 quaerimus,
989 2837 1088 2890 sed
1117 2852 1308 2889 eorum
1349 2835 1614 2904 aliquem,
1649 2835 1809 2902 cujus
1837 2839 1937 2888 aut
1975 2851 2092 2887 me-

501 2928 682 2981 moria
712 2928 814 2998 pia:
862 2924 1282 2989 recordationis,
1313 2928 1414 2976 aut
1451 2924 1652 2976 all‘ectu
1696 2923 1765 2976 ad
1813 2923 2152 3000 lacrymasn

497 3017 816 3071 incitemur.
851 3015 1009 3068 Unde
1039 3014 1084 3066 si
1115 3012 1216 3066 tibi
1251 3012 1488 3079 videtur,
1522 3012 1650 3065 licet
1678 3011 1873 3081 glaber
1903 3013 1992 3077 sit,
2028 3030 2093 3066 ex

493 3105 752 3159 omnibus
781 3105 1055 3173 eligamus
1081 3101 1550 3171 Theophrastum.

1074 3203 1512 3243 THEOPHRASTUS.

566 3283 937 3351 Nequaquam
969 3277 1142 3349 igitur
1168 3278 1546 3348 cogitaverim,
1583 3278 1730 3348 quod
1763 3280 1920 3349 jocos
1959 3281 2091 3335 ludo

489 3370 669 3424 velitis
698 3385 902 3434 serere,
933 3374 1033 3422 aut
1050 3367 1287 3438 puerilia
1309 3367 1529 3421 sectari.

1125 3470 1464 3511 PASCHASIUS.

563 3548 692 3603 Noli
723 3548 934 3612 mirari,
960 3545 1152 3607 frater,
1176 3545 1223 3599 si
1249 3551 1305 3598 te
1336 3545 1593 3615 glabrum
1620 3547 1690 3601 ad
1717 3547 1821 3600 hoc
1840 3546 2091 3600 Adeoda-

490 3643 582 3691 tus
611 3637 798 3707 elegit,
820 3653 946 3689 cum
970 3653 1058 3689 me
1079 3635 1422 3705 decrepitum
1450 3635 1614 3705 longe
1645 3635 1742 3688 diu
1773 3635 1978 3690 talibus
1999 3634 2091 3689 ob-

490 3726 800 3780 litteratum
823 3724 1025 3778 studiis
1045 3740 1158 3778 non
1176 3723 1460 3778 omiserit:
1491 3723 1753 3794 quoniam
1775 3725 2003 3778 threnos
2034 3731 2091 3778 et

493 3815 782 3868 veritatem
805 3813 1162 3866 audientibus
1185 3813 1422 3866 maxime
1446 3811 1602 3882 probi
1633 3818 1689 3866 et
1718 3812 1858 3866 bene
1883 3813 2089 3866 conscii

492 3909 748 3957 amantes
775 3903 1168 3956 commendare
1197 3901 1419 3956 debent.
1439 3901 1570 3955 Ideo
1599 3917 1700 3955 nos
1719 3902 1829 3955 duo
1860 3901 1917 3955 in
1948 3902 2090 3956 mul-

488 3993 563 4047 tis
609 4009 904 4064 possumus
946 3993 1064 4061 jam
1112 3991 1208 4044 diu
1241 3991 1420 4044 vexati
1461 4007 1631 4061 quam
1674 3989 1814 4045 bene
1859 3990 1988 4043 ﬁliis
2035 3997 2092 4044 et

490 4082 683 4136 amicis
713 4087 935 4135 nostros
964 4079 1210 4151 pandere
1241 4081 1425 4133 ﬂetus.

998 4205 1230 4259 CAPUT
1269 4204 1572 4259 PRIMUM.

1113 4345 1453 4386 ADEODATUS.
1831 4351 1847 4364 ⁸
1935 4397 1952 4434 ³

559 4437 668 4493 Sed
697 4441 999 4507 antequam
1027 4435 1318 4489 veniamus
1347 4435 1416 4510 ad
1445 4423 1959 4518 lamentumggrogo,
1990 4431 2102 4506 lin-'

487 4527 638 4581 dices
667 4525 825 4581 nobis
854 4526 1079 4579 initium
1107 4510 2090 4595 mammas*‘i‘¥?i‘uia*ﬁauus

487 4621 572 4670 est
600 4616 723 4669 sani
751 4614 968 4686 capitis,
1001 4613 1098 4684 qui
1125 4600 1463 4668 ονθᾶἇϊίῖὶῖεᾶε
1483 4613 1610 4667 sine
1639 4613 1848 4668 offensa
1892 4613 1993 4669 Dei
2023 4615 2082 4668 in

486 4704 693 4775 populo
723 4703 1040 4774 contigisse.

1108 4805 1440 4848 PASCHASIUS
1453 4836 1465 4849 .

555 4883 785 4948 Verum,
820 4882 1064 4948 hercule,
1087 4882 1237 4953 quod
1266 4882 1381 4935 ais:
1413 4881 1511 4935 sed
1539 4882 1775 4937 necdum
1801 4884 1990 4938 omnia
2017 4884 2081 4938 li-

488 4978 576 5029 cet
602 4970 861 5027 omnibus
898 4987 1170 5033 reserare,
1216 4970 1458 5024 maxime
1488 4970 1690 5041 quibus
1719 4973 1924 5027 veritas
1954 4973 2080 5026 odio

485 5068 590 5130 est,
619 5067 678 5116 et
706 5061 916 5116 scelera
943 5061 1182 5132 placent.
1205 5057 1419 5114 Tamen
1447 5061 1553 5114 etsi
1582 5061 1769 5116 minus
1799 5061 1942 5117 bona
1968 5063 2080 5118 eis-

485 5151 614 5206 dem
633 5151 910 5222 placeant,
932 5166 1123 5204 verum
1153 5165 1266 5203 non
1296 5165 1519 5221 semper
1547 5151 1913 5206 occulendum
1945 5158 2032 5206 est
2062 5167 2075 5206 :

485 5241 619 5312 quia
646 5240 739 5294 hic
768 5241 837 5294 de
867 5255 979 5309 quo
1007 5238 1310 5309 loquimur,
1335 5239 1505 5292 etiam
1526 5240 1991 5311 exprobrantibus
2011 5241 2081 5296 si-

556 5372 574 5395 ⁸
602 5365 663 5419 Id
698 5369 784 5420 est
810 5363 961 5418 inter
987 5362 1183 5418 turbas
1213 5379 1334 5434 quae
1355 5363 1652 5420 Paschasio
1679 5365 1878 5421 abbate
1907 5367 2081 5422 conti-

525 5441 693 5490 erunt
717 5435 776 5490 in
803 5435 1144 5490 monasterio
1169 5433 1584 5502 Cdrbeiensi,de
1605 5437 1808 5508 quibus
1828 5438 1886 5493 in
1903 5437 2078 5510 ipsius

484 5454 776 5562 Paschasii
814 5505 1004 5562 Elogio
1033 5504 1277 5562 diximus
1303 5521 1490 5562 supra.

537 5505 776 5562 aschasii
814 5505 1004 5576 Elogio
1033 5505 1277 5562 diximus
1303 5521 1490 5577 supra.

2027 4315 2080 4343 Α..
2100 4301 2150 4359 D
2173 4301 2731 4346 ,ιτμξηγμνημεηψ
2762 4301 2905 4316 μων.
3019 4301 3138 4326 su...
3164 4301 3339 4344 was.“
3354 4301 3450 4340 ιςιμ
3465 4301 3640 4340 “cura

2127 4354 2385 4439 uotorum
2405 4351 2569 4422 longe
2593 4351 2691 4405 diu
2718 4352 2777 4429 in
2801 4352 3462 4432 (‘3‘hristo.quiescentiurnI
3478 4372 3665 4427 nuper
3682 4373 3784 4410 ce-

2181 1774 2552 1845 qualibusque
2600 1775 2840 1845 populus
2887 1774 3179 1828 universus
3231 1776 3544 1828 carnalium
3593 1793 3777 1829 rerum

2183 1862 2444 1932 operibus
2491 1868 2806 1932 corruptus.
2842 1864 2963 1925 Qua
3010 1863 3079 1916 de
3131 1879 3302 1916 causa
3347 1880 3579 1934 parvam
3610 1864 3779 1916 edidit

2183 1951 2502 2005 schedulam
2536 1951 2760 2021 quidem
2790 1951 2895 2004 sibi
2924 1951 2994 2004 ad
3026 1951 3376 2016 memoriam,
3406 1952 3466 2004 in
3497 1969 3610 2021 qua
3636 1953 3777 2005 litte-

2179 2039 2257 2091 ris
2287 2039 2538 2109 depinxit
2581 2040 2844 2093 universa
2875 2040 3032 2110 regni
3080 2041 3247 2109 hujus
3288 2041 3592 2094 efﬁcaciter
3629 2041 3774 2106 vitia,

2179 2127 2367 2197 sicque
2397 2128 2814 2198 circumspecte,
2849 2135 2912 2181 ut
2960 2128 3147 2181 nullus
3179 2129 3634 2182 adversariorum
3664 2147 3776 2182 om-

2180 2217 2274 2270 nia
2301 2216 2379 2270 ita
2408 2233 2518 2269 non
2548 2233 2668 2273 esse
2700 2234 2905 2286 negare
2943 2223 3148 2286 posset.
3179 2218 3314 2271 Inde
3341 2218 3413 2270 ad
3449 2218 3774 2271 comitatum

2179 2305 2420 2370 rediens,
2442 2305 2631 2359 omnia
2659 2322 2844 2359 coram
2876 2306 3126 2375 Augusto
3153 2312 3210 2358 et
3235 2323 3426 2360 coram
3457 2308 3678 2359 cunctis
3698 2324 3778 2360 ec-

2177 2393 2472 2446 clesiarum
2503 2393 2832 2463 prmsulibus
2878 2398 2935 2446 et
2963 2393 3317 2446 senatoribus
3343 2395 3640 2464 proposuit
3666 2395 3778 2448 sin-

2174 2481 2414 2551 gillatim
2443 2481 2790 2534 diversorum
2821 2481 3082 2535 ordinum
3104 2481 3305 2547 ofﬁcia,
3330 2482 3778 2535 excrescentibus

2175 2570 2358 2635 malis,
2385 2575 2442 2622 et
2487 2569 2732 2622 ostendit
2778 2574 2977 2622 cuncta
3017 2586 3138 2623 esse
3176 2576 3442 2640 corrupta
3473 2571 3560 2623 vel
3588 2571 3778 2641 depra-

2175 2663 2321 2712 vata.

2742 2802 3212 2848 THEOPHRASTUS.

2247 2925 2590 2996 Obstupesco
2637 2927 2814 2993 valde,
2855 2945 2980 2981 cum
3024 2929 3145 2997 ejus
3191 2927 3364 2980 tantis
3409 2943 3780 2996 provocamur

2176 3014 2461 3084 exemplis,
2491 3015 2639 3084 quod
2671 3032 2834 3069 nemo
2864 3022 3118 3070 nostrum
3152 3016 3247 3086 qui
3278 3016 3347 3068 ad
3380 3017 3615 3085 plenum
3641 3016 3779 3068 veri-

2175 3109 2350 3157 tatem
2379 3104 2448 3157 de
2491 3104 2586 3158 illo
2616 3106 2822 3159 audeat
2851 3107 3087 3176 posteris
3129 3123 3382 3168 narrare,
3416 3106 3549 3159 licet
3577 3106 3780 3158 audeat

2175 3193 2435 3263 detegere
2447 3201 2673 3264 peccata
2686 3197 2876 3266 populi
2895 3197 3058 3266 longe
3071 3197 3168 3250 diu
3178 3196 3558 3261 accumulata,
3573 3195 3775 3258 clades,

2173 3282 2537 3352 pestilentias,
2572 3284 2764 3352 fames,
2797 3286 3207 3356 inaequalitates
3249 3301 3469 3349 aerum,
3502 3290 3775 3338 terrores-

2171 3387 2278 3441 que
2307 3371 2477 3426 etiam
2505 3372 2802 3429 visionum.
2827 3373 3038 3438 Quibus
3068 3374 3311 3444 profecto
3343 3374 3512 3426 malis
3540 3391 3774 3444 praeces-

2169 3459 2243 3513 sit
2270 3461 2424 3531 prior
2449 3462 2740 3532 pulverum
2770 3463 2935 3516 fallax
2964 3462 3302 3525 adinventio,
3337 3462 3444 3516 sub
3477 3479 3590 3533 qua
3621 3469 3774 3516 tanta

2170 3547 2275 3601 fuit
2300 3550 2516 3604 vexatio
2545 3556 2602 3605 et
2629 3551 2944 3622 prodigium
2975 3551 3272 3608 mendacii.
3303 3555 3370 3604 ut
3397 3551 3772 3622 prudentibus

2172 3636 2404 3691 daretur
2421 3639 2676 3708 intelligi,
2699 3640 2848 3710 quod
2869 3639 3162 3693 universus
3178 3639 3326 3694 orbis
3343 3639 3414 3693 ad
3435 3640 3772 3694 tentandum

2173 3731 2320 3780 esset
2342 3727 2626 3798 expositus
2671 3727 2728 3781 in
2758 3728 3014 3782 manibus
3042 3728 3273 3782 inimici.
3308 3729 3386 3782 Ex
3415 3746 3530 3800 quo
3579 3729 3767 3800 liquet,

2173 3832 2272 3885 pro
2293 3815 2500 3870 talibus
2520 3822 2577 3870 et
2597 3817 2978 3886 hujuscemodi
2994 3817 3175 3872 causis
3193 3825 3423 3889 peccata
3445 3821 3630 3890 regni,
3652 3836 3770 3890 qum

2172 3905 2408 3958 necdum
2436 3905 2712 3976 completa
2739 3911 2890 3970 sunt,
2922 3907 3070 3977 quod
3099 3907 3350 3977 quotidie
3391 3908 3452 3962 in
3493 3911 3658 3979 pejus
3684 3925 3770 3960 cu-

2174 3995 2477 4048 mulentur.
2499 3995 2699 4064 Sicque
2716 4000 2910 4062 restat,
2924 3997 3073 4066 quod
3095 3996 3151 4050 in
3174 3997 3369 4050 multis
3390 4000 3608 4052 tactum
3629 4015 3771 4051 com-

2169 4082 2437 4154 perimus,
2470 4088 2536 4137 ut
2576 4084 2921 4138 destruatur.
2954 4085 3112 4139 Unde
3139 4085 3456 4140 timendum
3488 4104 3560 4141 ne
3593 4089 3692 4141 ﬁat
3715 4090 3768 4141 in

2169 4169 2346 4236 nobis,
2380 4171 2828 4252 quod‘i’nlmul’tis
2850 4175 2970 4243 jam
2995 4174 3257 4244 gentibus
3286 4181 3478 4230 actum
3506 4177 3768 4252 legimus.

2171 4247 2556 4346 Neqpa‘qugmt
2568 4247 2752 4338 igitur
2762 4262 2996 4316 dixerim
3019 4265 3138 4326 sine
3164 4281 3339 4344 causa,
3352 4247 3640 4340 miracula,
3652 4247 3796 4340 ,

2164 4455 2436 4523 rassae
2472 4446 2684 4523 assuta
2713 4446 2767 4494 et
2798 4442 2998 4523 ,(ιιμβιία
3025 4459 3311 4522 nunquam
3345 4449 3483 4522 sunt
3506 4445 3703 4498 audita
3739 4461 3795 4504 ειη

2164 4515 2662 4584 εὲθὶίιῖὂῖέοὶεἶὶιέιό
2680 4529 2740 4584 in
2759 4515 3015 4602 tempore
3028 4515 3113 4586 ad.
3127 4515 3402 4603 reliquias
3411 4517 3764 4588 sanctorum:

2165 4617 2299 4688 quia
2326 4618 2572 4687 omnino,
2589 4617 3162 4691 quasiingallicinio,
3175 4622 3354 4675 sancti
3379 4622 3489 4677 hoc
3517 4623 3578 4676 in
3601 4640 3769 4693 regno

2164 4706 2272 4760 huc
2302 4707 2544 4778 illucque
2574 4708 2764 4776 delati,
2797 4725 2857 4763 se
2895 4709 3130 4764 invicem
3160 4710 3481 4765 excitarunt
3509 4713 3671 4782 quasi
3701 4712 3769 4765 ad

2162 4802 2496 4850 concentum
2524 4802 2743 4852 cantus.
2764 4797 2837 4852 Ut
2863 4799 3093 4853 daretur
3111 4799 3372 4869 intelligi,
3394 4801 3548 4871 quod
3579 4807 3770 4855 nostra

2161 4885 2482 4952 inﬁdelitas,
2505 4887 2668 4956 juxta
2686 4889 3034 4959 Apostolum,
3060 4888 3116 4942 id
3141 4887 3407 4959 exigeret,
3443 4890 3581 4960 quia
3609 4893 3770 4960 signa

2163 4990 2276 5028 non
2306 4974 2582 5042 ﬁdelibus,
2624 4976 2718 5030 sed
2749 4976 3085 5043 inﬁdelibus,
3129 4978 3248 5048 ipso
3276 4984 3444 5042 teste,
3477 4979 3766 5033 verissime

2161 5064 2369 5119 dantur
2399 5084 2411 5120 :
2446 5066 2493 5119 si
2542 5083 2651 5137 quo
2682 5066 2847 5121 modo
2892 5072 3020 5137 post
3060 5065 3319 5121 tenebras
3365 5068 3638 5122 cecitatis
3674 5085 3768 5122 no-

2161 5157 2292 5208 strae
2321 5154 2392 5208 ad
2445 5171 2635 5209 veram
2678 5157 2880 5221 lucem,
2914 5171 3038 5226 quae
3081 5156 3338 5211 Christus
3385 5162 3493 5222 est,
3533 5157 3764 5211 tandem

2161 5244 2531 5314 expei'getacti
2560 5260 2938 5315 resurgamus.

2225 5368 2252 5443 If
2281 5366 2556 5443 Placitum
2583 5368 2690 5443 hoc
2715 5385 2865 5443 anno
2893 5366 2999 5443 829
3027 5368 3282 5443 habitum
3318 5370 3496 5443 fuisse
3534 5371 3663 5443 lego
3705 5373 3759 5426 in

2159 5439 2397 5510 epistola
2423 5440 2687 5512 Ludovici
2712 5441 2970 5510 Augusti,
3001 5457 3122 5512 quae
3162 5442 3408 5498 Concilio
3456 5439 3758 5498 l’arisiensi

2161 5516 2316 5565 sexto
2345 5511 2568 5582 praeﬁxa
2599 5516 2700 5567 est.
