4000 6170
276 277 411 338 1609

894 419 1238 464 ADEODAT‘US.

335 494 611 548 Fortassis
641 512 773 565 ergo
786 496 891 550 iste
907 496 1063 567 prius
1087 497 1135 553 si
1168 503 1397 552 vocatus
1423 501 1571 551 esset
1596 496 1667 549 ad
1692 495 1863 549 collo—

265 581 361 652 qui
390 582 722 651 lamentum,
756 584 917 655 quasi
947 585 1202 656 proditor
1256 603 1359 640 nos
1412 585 1716 655 detegeret,
1749 599 1863 637 non

264 670 454 724 valens
486 671 744 726 cohibere
776 672 1034 744 spiritum
1062 674 1120 728 in
1176 673 1473 745 loquendo.
1516 673 1729 727 Idcirco
1758 672 1863 726 etsi

263 775 393 814 vera
405 760 519 814 sint
536 778 657 831 qua)
676 761 986 832 tangit,suo
1005 761 1064 816 in
1084 763 1206 817 loco
1231 763 1415 818 dicere
1432 778 1545 816 non
1559 764 1857 832 exspectat.

829 863 1300 907 THEOPHRASTUS.

332 939 700 1010 Nequaquam
721 939 897 1010 igitur
924 956 1046 1010 quae
1088 940 1374 1011 proposui,
1395 939 1504 993 alio
1533 939 1591 993 in
1620 938 1740 992 loco
1770 953 1861 992 re-

261 1025 405 1080 ctius
437 1028 801 1097 proferuntur
835 1047 846 1083 :
879 1028 1146 1099 quoniam
1188 1028 1338 1082 mala
1383 1045 1507 1099 quae
1539 1044 1640 1098 per
1671 1032 1861 1097 partes

260 1120 571 1182 creverant,
602 1116 848 1186 primum
872 1117 982 1171 isto
1012 1116 1069 1171 in
1091 1120 1343 1188 tempore
1389 1116 1686 1171 feriuntur.
1726 1116 1864 1169 Cre-

261 1203 342 1257 vit
369 1203 521 1258 enim
548 1204 652 1258 hoc
674 1204 976 1276 imperium
998 1206 1280 1276 prosperis
1306 1204 1653 1259 successibus
1683 1219 1861 1274 usque

262 1291 334 1345 ad
360 1309 627 1362 prmsens,
660 1294 820 1364 quasi
849 1294 1155 1364 perfectam
1194 1298 1417 1349 aetatem
1444 1291 1808 1365 plenitudinis
1843 1310 1855 1344 :

262 1380 362 1434 sed
382 1381 517 1435 vitia
546 1398 669 1452 quae
689 1387 1010 1453 perpartes,
1041 1388 1105 1437 ut
1133 1383 1356 1447 assolet,
1389 1381 1449 1435 in
1490 1380 1861 1451 prosperitate

260 1468 561 1523 commissa
589 1475 740 1536 sunt,
768 1476 1094 1525 coacervata
1143 1471 1520 1535 inoleverant;
1548 1470 1704 1539 justo
1760 1466 1862 1522 Dei

207 1559 210 1562 ’
253 1556 618 1626 judicio,non
639 1558 830 1613 minus
861 1559 1098 1629 ﬂagellis
1129 1576 1295 1630 quam
1319 1564 1375 1613 et
1406 1558 1562 1612 novis
1591 1557 1863 1611 virtutum

260 1645 549 1700 miraculis
575 1651 909 1716 arguuntur.
932 1647 1238 1718 Propterea
1259 1646 1451 1717 igitur,
1483 1644 1541 1700 ni
1570 1644 1864 1710 fallor,isto

896 282 991 338 DE
1028 282 1193 340 VITA
1234 284 1488 352 WALAZ,
1533 283 1667 341 SEU
1707 279 2154 339 EPITAPHIUM
2188 281 2505 342 ARSENII.
2548 316 2614 327 —
2655 280 2793 341 LIB.
2833 284 2905 340 ΙΙ.

3407 284 3548 347 1610

1877 408 2077 477 Agum
2108 409 2560 476 consuetudines,
2609 408 2776 464 otlicii
2803 408 2891 463 sui
2948 408 3194 480 negotia,
3237 424 3365 467 cum
3393 417 3544 467 esset

1944 503 2363 569 praeoccupatus
2388 498 2543 553 vanis
2574 497 2762 565 rebus,
2796 497 3238 569 praetermisisse.

2574 599 2928 642 PASCHASIUS.

2016 673 2249 728 Acriora
2278 679 2429 741 sunt,
2460 675 2654 741 frater,
2687 691 2810 746 quae
2848 680 2983 729 tunc
3037 676 3256 746 prolata
3282 683 3430 744 sunt,
3473 678 3544 734 de

1948 761 2149 831 quibus
2172 779 2351 833 pauca
2378 764 2641 835 pandam.
2674 762 2770 817 Ait
2818 780 3061 835 namque
3094 765 3299 820 Cmsari
3327 785 3339 821 :
3379 783 3409 818 α
3432 767 3544 822 Ve-

1945 850 2063 916 lim,
2099 852 2550 907 reverentissime
2579 852 2887 924 imperator
2905 853 3337 922 Auguste,dicas
3354 855 3539 924 nobis,

1943 938 2056 993 tuis
2077 940 2209 1010 quid
2237 945 2323 995 est
2342 940 2490 1012 quod
2511 946 2730 995 tantum
2752 941 2994 1012 propriis
3013 941 3296 995 interdum
3332 943 3544 998 relictis

1944 1027 2243 1093 ofﬁciis,ad
2268 1028 2457 1082 divina
2485 1034 2541 1082 te
2567 1028 2948 1083 transmittis?
2993 1029 3073 1083 vel
3103 1029 3237 1100 quid
3264 1034 3351 1084 est
3389 1031 3541 1102 quod

1943 1115 2064 1182 das,
2108 1116 2333 1186 quando
2364 1116 2607 1171 honores
2634 1117 3013 1183 ecclesiarum,
3060 1116 3195 1184 imo,
3226 1122 3293 1171 ut
3337 1118 3537 1185 sentio,

1943 1220 2117 1258 onera
2145 1221 2268 1275 quae
2292 1204 2554 1275 largiris?
2583 1205 2743 1269 Quod
2763 1205 2810 1260 si
2838 1222 2927 1260 res
2971 1205 3210 1260 Domino
3232 1206 3364 1276 jure
3392 1206 3542 1262 elee-

1942 1308 2305 1364 mosynarum
2337 1293 2588 1364 legitime
2614 1298 2946 1349 consecratae
2998 1299 3147 1359 sunt,
3181 1294 3543 1350 ecclesiarum

1943 1382 2067 1450 ejus
2096 1387 2229 1435 sunt
2259 1405 2270 1438 :
2301 1381 2434 1452 quia
2460 1381 2578 1436 suis
2626 1381 2968 1452 pauperibus
3000 1387 3058 1436 et
3084 1382 3402 1453 specialiter
3436 1382 3543 1438 sibi

1944 1469 2315 1523 servientibus
2344 1470 2602 1540 legaliter
2642 1470 2787 1524 datae
2806 1475 2957 1524 sunt.
2983 1469 3042 1524 Si
3062 1475 3249 1524 autem
3281 1470 3541 1526 benedic-

1945 1557 2125 1611 tiones
2155 1562 2213 1611 et
2241 1558 2514 1629 Spiritum
2554 1564 3012 1628 sanctum,quem
3043 1558 3211 1628 digne
3237 1559 3354 1613 Deo
3381 1559 3544 1615 electi

1947 1645 2206 1716 deinceps
2222 1663 2256 1700 a
2267 1645 2506 1700 Domino
2525 1651 2583 1700 et
2597 1663 2630 1699 a
2645 1645 2819 1700 sacris
2858 1645 3199 1700 consecratis
3211 1646 3543 1717 praesulibus

261 1733 583 1789 denotanda
612 1740 669 1789 et
695 1735 1010 1807 plangenda
1031 1740 1163 1790 sunt
1185 1736 1306 1789 loco
1332 1754 1344 1789 :
1377 1740 1442 1788 ut
1468 1734 1517 1788 si
1545 1750 1657 1788 non
1677 1732 1855 1799 nobis,
1878 1755 1925 1814 Β
1944 1734 2260 1804 percepturi
2289 1739 2442 1798 sunt,
2495 1734 2829 1788 auctoritate
2885 1734 3073 1788 divina
3112 1734 3248 1789 dare
3274 1740 3331 1790 te
3360 1734 3544 1791 existi-

259 1821 463 1876 saltem
493 1822 733 1894 posteris
767 1823 995 1877 veniant
1020 1822 1379 1878 correctionis
1407 1822 1480 1876 ad
1506 1821 1820 1892 exemplum
1837 1864 1849 1876 .

898 1912 1133 1968 CAPUT
1156 1912 1230 1967 ΙΙ.

892 2008 1104 2051 ΡΛεοΗΑ
1112 2008 1247 2049 SIUS.

334 2082 420 2137 Ita
445 2099 566 2138 esse
584 2099 791 2154 negare
811 2098 924 2139 non
951 2099 1249 2154 possumus
1272 2100 1282 2134 :
1316 2087 1508 2136 tamen
1531 2096 1651 2151 qum
1670 2084 1863 2135 noster

267 2171 542 2225 Arsenius
560 2187 747 2224 coram
769 2170 1029 2225 omnibus
1050 2176 1107 2224 et
1133 2168 1367 2224 summis
1389 2168 1710 2239 proceribus
1737 2172 1859 2221 tum

260 2258 575 2329 proposuit,
599 2259 863 2312 omittere
891 2275 1004 2313 non
1027 2258 1330 2325 debemus;
1364 2257 1634 2327 quoniam
1672 2256 1780 2310 ista
1802 2260 1860 2310 et

262 2345 654 2416 hujuscemodi
684 2346 798 2401 alia
826 2363 955 2400 eum
974 2346 1054 2417 ad
1075 2347 1180 2401 hoc
1207 2346 1632 2417 impulerant,et
1645 2344 1860 2399 cunctis

260 2449 331 2486 ex
350 2433 540 2488 divina
555 2435 907 2501 auctoritate,
930 2451 995 2489 ac
1013 2435 1061 2489 si
1075 2434 1346 2490 Jeremias
1360 2434 1503 2488 alter
1519 2433 1861 2503 ostenderet,

260 2521 325 2574 in
348 2520 552 2591 quibus
574 2523 754 2576 Deum
778 2540 971 2578 omnes
1005 2524 1382 2578 oﬂ‘enderant:
1414 2528 1472 2577 et
1491 2522 1710 2576 monuit
1737 2537 1864 2576 con-

260 2612 482 2663 stanter
505 2610 796 2665 charitatis
825 2610 1025 2679 ofﬁcio,
1056 2617 1121 2666 ut
1165 2612 1316 2666 mala.
1343 2628 1464 2681 quae
1493 2611 1857 2676 admiserant,

263 2697 640 2763 destruerent,
672 2698 1011 2768 dissiparent
1059 2706 1117 2753 et
1172 2700 1505 2765 evellerent;
1547 2698 1695 2752 bona
1731 2713 1861 2751 vero

266 2784 648 2856 praetermissa
667 2785 928 2856 deinceps
956 2784 1317 2849 aedificarent,
1358 2802 1420 2839 ac
1448 2787 1768 2856 plantarent
1803 2784 1862 2838 in

262 2873 501 2943 reliquo.
539 2891 565 2926 (‹
596 2874 820 2928 Interea
849 2873 1072 2938 nostris,
1103 2874 1307 2944 inquit,
1342 2873 1543 2945 quibus
1571 2873 1861 2927 ordinibus

266 2961 481 3014 Christi
499 2966 721 3015 constat
738 2961 998 3015 Ecclesia.
1024 2962 1252 3016 Certum
1269 2962 1474 3032 quippe
1489 2962 1635 3032 quod
1675 2977 1868 3016 secun-

1943 1838 2084 1887 mas,
2118 1821 2356 1885 noveris,
2389 1820 2538 1892 quod
2582 1825 2739 1875 extra
2786 1821 2953 1875 ofﬁcii
2980 1822 3065 1875 tui
3113 1828 3198 1876 est
3227 1822 3377 1892 quod
3406 1840 3545 1894 pras-

1938 1911 2134 1964 sumis.
2168 1910 2446 1964 Caeterum
2503 1909 2837 1963 auctoritate
2880 1915 3201 1963 sanctorum
3230 1909 3465 1965 Patrum
3493 1912 3542 1966 si

1939 1998 2397 2070 circumspectius
2426 2004 2515 2052 est
2542 2013 2709 2069 agere
2726 1998 3035 2052 secundum
3054 1998 3231 2052 Deum
3260 1998 3405 2069 quod
3419 1999 3542 2070 agis

1943 2090 2001 2140 et
2025 2085 2363 2140 fructuosius
2413 2084 2563 2156 quod
2618 2084 2861 2156 largiris,
2890 2084 2971 2139 ita
3015 2085 3416 2156 temperandus
3453 2090 3541 2140 est

1942 2175 2143 2229 modus
2173 2191 2287 2229 una
2314 2190 2442 2228 cum
2473 2174 2641 2240 clero,
2679 2178 2735 2227 et
2763 2172 2923 2244 plebe
2950 2172 3146 2239 Dei,et
3163 2174 3370 2228 sanctis
3395 2189 3542 2245 pon-

1941 2263 2185 2319 tiﬁcibus
2218 2282 2230 2317 :
2264 2279 2335 2317 ne
2366 2267 2466 2316 aut
2492 2267 2555 2316 tu
2584 2261 2686 2316 tibi
2730 2267 2831 2316 tua
2887 2261 3083 2332 eligas,
3112 2260 3325 2333 tibique
3353 2261 3542 2317 divina

1942 2368 2198 2423 usurpes,
2233 2356 2334 2405 aut
2356 2350 2555 2421 vulgus
2594 2354 2811 2404 tantam
2859 2349 3122 2423 gratiam,
3152 2365 3251 2404 seu
3307 2349 3543 2421 quilibet

1942 2421 2313 2513 personarum
2367 2438 2427 2493 in
2465 2438 2652 2509 aliquo
2690 2437 2996 2492 confundat
3024 2421 3040 2491 ξ
3072 2437 3337 2508 quoniam
3365 2437 3425 2492 in
3450 2437 3542 2492 his

1942 2545 2057 2583 non
2085 2528 2194 2583 nisi
2227 2527 2417 2581 divina
2439 2526 2845 2581 consideranda
2860 2530 3010 2590 sunt,
3035 2530 3092 2579 et
3111 2527 3310 2581 salutis
3334 2530 3541 2581 nostra:

1944 2618 2299 2671 documenta.
2321 2615 2453 2670 Ideo
2463 2613 2732 2668 identitas
2751 2619 2837 2667 est
2850 2630 2993 2684 pene
3016 2617 3075 2666 et
3101 2613 3159 2667 in
3182 2613 3348 2667 rebus
3364 2614 3540 2668 eccle—

1944 2705 2156 2758 siarum
2195 2721 2206 2755 :
2242 2701 2373 2773 quia
2395 2702 2632 2756 facultas
2661 2718 2854 2755 earum
2881 2701 3023 2755 nihil
3051 2700 3204 2755 aliud
3233 2706 3335 2767 est,
3370 2717 3543 2772 quam

1944 2791 2125 2863 pretia
2149 2796 2526 2861 peccatorum.
2561 2795 2691 2843 vota
2723 2788 2995 2848 fidelium.
3028 2788 3370 2858 patrimonia
3406 2805 3543 2860 pau-

1946 2896 2164 2950 perum.
2180 2878 2393 2932 Idcirco
2410 2877 2559 2947 quod
2580 2878 2753 2931 semel
2774 2876 3024 2946 legitime
3044 2880 3428 2931 consecratum
3457 2886 3545 2932 est

1946 2967 2158 3033 Deo,in
2188 2965 2302 3020 suis
2332 2965 2605 3019 militibus
2619 2969 2676 3019 et
2712 2963 3053 3036 pauperibus
3072 2964 3143 3018 ad
3173 2980 3307 3019 usus
3327 2964 3544 3020 militiae

266 3048 405 3103 dum
434 3050 785 3120 singulorum
812 3050 997 3104 ofﬁcia
1016 3050 1390 3121 requirendus
1428 3055 1514 3104 est
1536 3051 1673 3104 ordo
1698 3049 1927 3118 disci-C
1947 3073 2062 3111 suae
2090 3054 2264 3109 libere
2291 3053 2648 3108 concedatur.
2682 3052 2903 3107 Habeat
2926 3052 3102 3122 igitur
3116 3068 3213 3107 rex
3240 3052 3545 3124 rempubli-

268 3137 457 3208 plinae,
473 3143 529 3192 et
553 3143 736 3192 status
774 3137 1131 3209 Reipublicae.
1154 3138 1314 3192 Unde
1343 3139 1587 3208 primum
1619 3138 1867 3192 conside-

265 3227 386 3281 rari
412 3232 633 3299 oportet
660 3227 813 3283 intus
859 3227 1067 3291 divina,
1113 3233 1235 3282 tum
1283 3227 1527 3282 exterius
1570 3227 1859 3281 humana:

267 3313 401 3385 quia
416 3314 611 3386 procul
629 3315 797 3370 dubio
830 3316 919 3369 his
949 3315 1168 3371 duobus
1196 3316 1369 3371 totius
1398 3314 1653 3369 Ecclesiaz
1683 3320 1866 3369 status

266 3402 699 3458 administratur
738 3404 1045 3459 ordinibus.
1078 3405 1156 3460 Ut
1206 3404 1281 3458 sit
1334 3403 1641 3475 imperator
1677 3408 1734 3457 et
1769 3419 1867 3456 rex

265 3508 369 3546 suo
389 3492 745 3563 mancipatus
756 3493 939 3547 officio
967 3514 980 3543 τ
1006 3509 1110 3547 nec
1125 3493 1310 3546 aliena
1327 3497 1506 3563 gerat,
1523 3492 1619 3546 sed
1648 3508 1716 3546 ea
1744 3508 1866 3562 quae

265 3580 353 3634 sui
361 3569 506 3650 juris
518 3585 844 3652 competunt
862 3581 1090 3652 propria
1114 3600 1127 3649 ;
1150 3597 1332 3652 neque
1359 3580 1753 3651 praetermittat
1778 3596 1863 3645 ea,

266 3669 402 3740 quia
430 3686 532 3740 pro
562 3669 651 3724 his
678 3670 941 3724 omnibus
964 3670 1204 3725 adducet
1238 3685 1368 3724 eum
1398 3669 1669 3724 Dominus
1696 3668 1755 3723 in
1779 3669 1870 3739 ju-

267 3757 433 3812 dicio.
453 3757 756 3830 Episcopus
786 3775 918 3813 vero
950 3764 1009 3813 et
1036 3759 1285 3813 ministri
1320 3758 1710 3825 Ecclesiaium,
1739 3774 1868 3829 spe-

267 3846 467 3901 cialius
505 3864 627 3918 quae
658 3847 761 3901 Dei
792 3852 948 3913 sunt,
990 3852 1176 3917 agant.
1211 3846 1424 3902 Deinde
1440 3852 1790 3901 rexrectores
1808 3846 1867 3899 in

270 3951 447 4005 regno
475 3936 617 3989 tales
646 3935 969 4002 constituat,
1003 3936 1195 4006 quales
1224 3952 1318 3990 eos
1346 3935 1616 3990 Dominus
1638 3934 1870 4011 diligen-

270 4028 364 4078 ter
381 4023 440 4076 in
469 4023 591 4094 lege
612 4022 937 4095 perquirere
964 4023 1145 4093 jubet,
1189 4030 1245 4078 et
1268 4024 1327 4079 in
1347 4023 1550 4095 quibus
1570 4040 1664 4077 rex
1685 4028 1743 4077 et
1769 4038 1870 4094 pro

274 4110 480 4183 quibus
502 4128 733 4167 securus
761 4117 1008 4178 maneat,
1040 4129 1180 4184 quos
1209 4113 1403 4183 utique
1441 4111 1643 4183 probos
1671 4112 1742 4166 ad
1778 4126 1872 4166 re-

272 4199 522 4270 gendum
548 4201 819 4272 populum
847 4205 1103 4256 sanctum
1114 4201 1216 4255 Dei
1236 4208 1293 4255 et
1311 4201 1540 4256 idoneos
1554 4205 1866 4272 cognoscat,

1946 3160 2069 3199 eam
2094 3143 2269 3198 libere
2325 3141 2383 3195 in
2440 3140 2634 3196 usibus
2687 3139 2901 3195 militiae
2952 3156 3066 3195 suae
3116 3140 3189 3194 ad
3224 3139 3547 3213 dispensan-

1947 3233 2121 3287 dum:
2163 3230 2370 3285 habeat
2420 3235 2478 3284 et
2530 3228 2787 3284 Christus
2833 3245 2924 3282 res
2965 3227 3344 3293 ecclesiarum,
3386 3227 3550 3300 quasi

1948 3320 2183 3373 alteram
2207 3316 2631 3388 rempublicam,
2666 3315 2917 3369 omnium
2943 3315 3317 3386 indigentium
3347 3320 3406 3370 et
3441 3314 3550 3371 sibi

1947 3406 2309 3463 servientium
2339 3404 2551 3469 usibus,
2581 3403 2699 3458 suis
2725 3403 3079 3457 commissam
3108 3402 3384 3458 ministris
3407 3404 3549 3458 fide-

1947 3495 2093 3550 libus
2127 3513 2139 3548 :
2175 3500 2233 3549 et
2260 3493 2366 3547 hoc
2394 3493 2469 3547 sit
2491 3491 2670 3570 .regis
2725 3490 2990 3556 ofﬁcium,
3051 3494 3118 3544 ut
3143 3489 3353 3545 talibus
3393 3504 3547 3545 com-

1949 3584 2231 3648 mittatur,
2278 3581 2374 3653 qui
2419 3587 2477 3634 et
2517 3579 2761 3634 ﬁdeliter
2786 3578 3128 3650 dispensent,
3171 3583 3230 3633 et
3264 3578 3551 3650 sapienter

1948 3671 2281 3745 provideant
2311 3687 2323 3723 :
2359 3673 2638 3741 quatenus
2688 3683 2884 3721 omnes
2925 3666 3241 3737 gloriﬁcent
3283 3667 3463 3721 Deum
3491 3671 3550 3721 et

1947 3760 2233 3832 gaudeant
2258 3758 2319 3812 in
2348 3756 2592 3822 Christo,
2626 3771 2738 3809 non
2760 3755 2947 3809 minus
2973 3771 3039 3808 ex
3066 3753 3386 3809 futurorum
3414 3770 3549 3826 pro-

1949 3848 2153 3914 missis,
2184 3863 2352 3918 quam
2374 3851 2432 3901 et
2461 3863 2527 3901 ex
2572 3843 3000 3916 praesentiarum
3053 3841 3547 3897 consolationibus.

1951 3937 2050 3992 Sin
2078 3936 2236 4002 alias,
2270 3941 2333 3989 ut
2382 3933 2686 4005 Apostolus
2722 3931 2822 3999 ait,
2857 3931 2954 4002 qui
3009 3930 3195 3985 aliena
3253 3929 3547 4002 diripiunt,

1951 4042 2188 4096 regnum
2220 4039 2333 4078 non
2382 4020 2750 4094 possidebunt
2777 4026 3053 4074 aeternum
3084 4036 3097 4072 :
3131 4023 3341 4090 quanto
3370 4018 3553 4090 magis

1952 4113 2049 4185 qui
2078 4130 2147 4168 ea
2182 4129 2306 4184 quae
2335 4110 2436 4166 Dei
2474 4114 2608 4164 sunt
2636 4114 2694 4164 et
2729 4106 3110 4175 ecclesiarum,
3145 4106 3552 4162 defraudantur

1954 4198 2357 4274 [defraudant],
2384 4199 2444 4254 in
2473 4197 2677 4269 quibus
2699 4195 2992 4267 sacrilegia
3024 4196 3091 4266 [f.
3121 4191 3430 4266 sacrilegis]
3461 4207 3549 4247 co-

274 4304 391 4342 non
418 4288 728 4343 secundum
757 4289 1012 4361 proprios
1056 4289 1251 4344 libitus
1282 4290 1377 4361 qui
1406 4290 1458 4343 ei
1499 4290 1739 4356 faveant,
1772 4287 1936 4386 sedD
1956 4289 2266 4363 pulantur?
2297 4305 2325 4341 ν

277 4376 376 4447 qui
396 4376 690 4432 avaritiam
706 4378 947 4444 oderint,
970 4382 1028 4432 et
1044 4378 1223 4433 Deum
1243 4396 1306 4433 ac
1315 4377 1595 4448 justitiam
1612 4377 1866 4448 diligant:

275 4466 438 4536 cujus
449 4465 695 4537 profecto
715 4465 958 4520 officium
1000 4472 1103 4532 est,
1127 4483 1351 4538 semper
1370 4483 1492 4538 quae
1520 4472 1673 4523 recta
1701 4471 1756 4522 et
1778 4468 1875 4538 ju-

276 4561 368 4609 sta
395 4560 529 4609 sunt
546 4554 861 4626 disponere,
886 4560 941 4609 et
964 4572 1087 4626 quae
1100 4555 1404 4627 depravata
1421 4556 1873 4628 corrigere.Alio-

277 4642 416 4714 quin
436 4648 518 4709 tu,
551 4660 668 4710 rex,
700 4642 809 4697 nisi
837 4644 1141 4698 servaveris
1172 4645 1322 4716 quod
1367 4651 1708 4717 praeceptum
1765 4650 1869 4709 est,

273 4731 475 4786 fortior
501 4730 603 4785 tibi
648 4731 927 4786 cruciatus
973 4732 1168 4800 instat,
1202 4739 1260 4788 et
1315 4732 1576 4789 omnibus
1619 4734 1679 4789 in
1708 4739 1784 4802 te,
1827 4733 1874 4788 si

278 4825 573 4875 avertatur
600 4819 768 4887 Deus,
800 4836 945 4875 unus
967 4820 1250 4876 interitus.
1285 4822 1416 4877 Ideo
1469 4820 1875 4894 providendum

275 4908 419 4964 nihil
446 4909 697 4980 negligas
728 4926 741 4964 :
775 4909 910 4980 quia
951 4910 1011 4964 in
1040 4916 1096 4965 te
1124 4927 1256 4976 uno,
1289 4911 1599 4966 secundum
1621 4911 1874 4967 Salomo-

276 4998 570 5066 nem(Sap.
596 5012 669 5064 vi,
688 4997 801 5068 26),
823 4998 999 5053 totius
1029 4998 1472 5054 stabilimentum
1495 5005 1583 5055 est
1601 5000 1760 5071 regni
1783 5018 1795 5053 :
1816 4999 1877 5054 in

276 5085 482 5140 divinis
501 5091 691 5141 autem
718 5103 789 5141 ne
818 5086 970 5142 ultra
995 5092 1052 5142 te
1079 5088 1304 5159 ingeras
1326 5105 1492 5159 quam
1523 5088 1804 5159 expediat.
1847 5106 1871 5139 ι

808 5165 813 5169 ’
898 5190 1246 5233 ADBODATUS.

349 5264 427 5319 Ut
444 5264 644 5334 sentio,
677 5280 791 5320 non
830 5266 1113 5322 immerito
1153 5272 1217 5323 tu
1271 5267 1511 5322 alterum
1559 5282 1688 5321 eum
1720 5266 1877 5320 Iere-

281 5352 461 5407 miam
490 5353 729 5421 dicebas,
766 5353 836 5409 ob
865 5357 1241 5410 constantiam
1273 5356 1403 5410 ﬁdei
1430 5361 1487 5410 et
1513 5354 1712 5409 frontis
1727 5353 1878 5408 duri-

277 5441 442 5508 tiam,
476 5442 573 5514 qui
600 5447 721 5498 tam
749 5443 1026 5500 audenter
1048 5446 1301 5516 Augusto
1330 5443 1560 5510 invexit,
1578 5449 1737 5497 tanta
1749 5459 1871 5514 qua:

280 5530 540 5599 vidimus,
572 5531 642 5587 ob
662 5531 827 5591 luxus
855 5532 1147 5601 desidiam,
1180 5549 1392 5589 necnon
1423 5537 1480 5587 et
1506 5532 1777 5603 pessimas
1793 5547 1875 5586 re-

532 5632 800 5696 Pa'raon.
848 5633 1036 5694 CXX.

2525 4388 2961 4437 THEOPHRASTUS
2969 4419 2980 4432 .

2030 4468 2192 4536 Quod
2221 4470 2267 4525 si
2294 4466 2374 4524 ita
2398 4473 2502 4535 est,
2534 4474 2600 4523 ut
2621 4467 2884 4534 asseruit,
2919 4474 2977 4521 et
3001 4465 3070 4521 de
3101 4460 3191 4522 his
3219 4461 3335 4522 ulla
3362 4458 3550 4539 provi-

1953 4558 2147 4615 dentia
2187 4558 2337 4630 apud
2377 4558 2578 4624 Deum,
2625 4555 2813 4611 nescio
2870 4554 3186 4626 principum
3228 4559 3551 4612 nostrorum

1955 4648 2081 4721 quis
2110 4648 2295 4702 salvus
2322 4663 2443 4701 esse
2470 4642 2666 4717 possit,
2682 4642 2885 4715 quibus
2912 4641 3053 4697 nihil
3076 4649 3194 4697 tam
3221 4643 3408 4699 dulcia
3432 4646 3548 4714 (sic)

1956 4741 2108 4803 sunt,
2131 4753 2299 4808 quam
2328 4734 2538 4807 prsidia
2552 4728 3189 4801 ecclesiarum,nihilque
3204 4736 3323 4787 tam
3334 4733 3546 4799 suavia,

1956 4825 2103 4880 sicut
2129 4823 2398 4896 scriptum
2420 4828 2507 4877 est
2541 4841 2553 4875 :
2586 4822 2752 4876 Panis
2794 4820 3142 4874 absconditus
3170 4824 3397 4876 suavior
3453 4826 3549 4888 est,

1957 4919 2005 4968 et
2028 4930 2183 4983 aqua:
2205 4913 2431 4980 furtiva:
2457 4911 2727 4965 dulciores
2758 4908 2937 4972 (Prov.
2967 4919 3046 4974 Ix,
3081 4906 3197 4978 17).

2560 5007 2919 5052 PASCHASIUS.

2028 5089 2257 5156 Verum,
2291 5088 2368 5142 mi
2388 5087 2583 5150 frater,
2606 5090 2664 5139 et
2680 5084 2805 5139 ideo
2819 5084 2906 5137 ira
2943 5083 3046 5140 Dei
3075 5086 3250 5140 effusa
3270 5089 3355 5138 est
3380 5096 3551 5155 super

1958 5177 2237 5250 principes
2263 5182 2502 5241 nostros,
2537 5173 2633 5245 qui
2653 5189 2842 5227 errare
2898 5172 3033 5227 facit
3064 5190 3160 5227 eos
3184 5172 3243 5226 in
3282 5170 3449 5238 invio,
3493 5176 3551 5225 et

1957 5283 2070 5321 non
2100 5267 2159 5319 in
2188 5266 2278 5319 via
2308 5279 2320 5314 :
2351 5264 2486 5318 dum
2516 5266 2574 5317 et
2599 5261 2891 5317 saeculares
2919 5261 2989 5314 ad
3027 5259 3212 5313 divina
3238 5257 3554 5329 diripienda

1957 5353 2205 5409 indebite
2222 5370 2282 5408 se
2302 5352 2583 5423 ingerunt.
2604 5349 2933 5406 Sacerdotes
2956 5364 3086 5401 vero
3116 5344 3327 5401 Christi
3354 5351 3413 5401 et
3438 5347 3547 5401 mi-

1954 5442 2116 5497 nistri
2129 5441 2322 5495 altaris
2343 5456 2457 5495 una
2477 5455 2603 5494 cum
2622 5437 2825 5493 divinis
2845 5436 2917 5490 ad
2943 5433 3219 5489 exteriora
3242 5431 3314 5488 de
3334 5432 3549 5489 intimis

1958 5548 2016 5585 se
2048 5530 2298 5601 ejiciunt,
2316 5530 2437 5600 jam
2452 5528 2599 5599 quod
2625 5527 2783 5598 pejus
2809 5528 2894 5578 est
2914 5523 3033 5577 sine
3055 5522 3266 5593 pudore
3293 5527 3347 5576 et
3372 5526 3553 5577 trans-

3238 5621 3315 5680 51
