4000 6170
484 271 551 331 16
562 272 620 331 ll

1247 263 1306 317 S.
1348 261 1723 318 PASCHASII
1759 256 2121 314 RADBERTI
2158 255 2463 310 ABBATIS
2509 254 3005 310 CORBEIENSIS.

3618 254 3764 319 1612

479 397 727 454 fundunt
747 413 761 451 :
787 392 1039 462 quamvis
1058 389 1328 462 scriptum
1362 388 1573 457 legant,
1607 384 1755 456 quod
1784 399 1947 437 nemo
1975 381 2077 435 mi-
2092 384 2145 443 Α
2159 396 2379 450 cunque
2399 379 2699 449 ligaverint
2714 378 2807 433 isti
2829 378 3011 462 sancti
3030 378 3324 449 pontiﬁces
3354 392 3531 448 super
3546 381 3764 432 terram

482 488 654 541 litans
681 462 1060 554 Deoimplicat
1076 497 1136 534 se
1172 466 1411 548 negotiis
1440 465 1798 530 saecularibus
1822 464 1895 539 (ΙῘ
1924 462 2070 554 Tim.

481 589 548 643 II,
570 575 620 633 4i
634 617 644 628 .
658 574 801 629 Hinc
815 548 1057 644 pessima
1076 554 1436 640 praesumptio
1462 563 1712 617 nascitur
1728 566 1786 614 ct
1804 548 2075 624 confusio,

482 665 615 720 hinc
634 678 803 717 vorax
832 646 1409 729 concupiscentiarum
1451 654 1700 717 ﬂamma,
1731 650 1862 703 hinc
1908 648 2080 700 virtu-

484 759 608 808 tum
638 749 923 805 evacuatio
953 754 1009 801 et
1037 743 1248 817 peccati
1288 744 1485 804 fomes,
1524 741 1657 794 dum
1689 744 1789 792 aut
1839 734 2079 790 ministri

486 830 694 897 Christi
718 826 1077 893 facultatibus
1105 849 1317 898 rerum,
1365 847 1435 884 ne
1467 828 1754 885 amittant.
1784 825 1974 891 illecti,
2008 823 2078 877 ad

484 946 554 986 ea
578 944 703 999 quae
718 914 823 982 sibi
852 941 962 981 non
994 910 1682 995 expediunt,‘expelluntur
1697 908 2083 986 [f.impellun-

482 998 626 1087 tur],
655 1021 755 1071 aut
769 1004 1061 1070 saeculares
1096 998 1678 1082 cencupiscentiarutn
1707 1002 1957 1087 succensi
1981 1018 2080 1055 aes-

481 1084 656 1171 tibus,
689 1122 810 1176 quae
839 1099 942 1158 Dci
971 1106 1123 1165 sunt,
1157 1099 1315 1171 quasi
1346 1096 1681 1152 auctoritate
1712 1084 1870 1176 regia
1894 1086 2080 1144 defen-

483 1184 552 1260 si,
583 1180 885 1247 temerario
906 1191 1035 1261 jure
1087 1170 1283 1242 contra
1337 1177 1515 1241 Deum
1568 1180 1737 1261 erecti
1787 1170 2078 1261 diripiunt.

485 1258 700 1345 Quibus
728 1268 809 1334 ita
837 1258 1022 1333 coram
1052 1294 1202 1346 rege,
1237 1281 1293 1329 et
1321 1289 1506 1328 coram
1529 1260 1735 1326 Christi
1754 1258 2082 1339 prazsulibus

484 1377 543 1426 et
559 1357 907 1443 principibus
933 1374 1098 1423 terra;
1147 1366 1218 1421 ad
1255 1356 1533 1436 liquidum
1562 1350 1856 1433 explicitis,
1894 1357 2081 1412 nullus

485 1476 681 1516 eorum
700 1446 1016 1529 abnegavit.

1115 1555 1459 1598 ADEODATUS.

474 1923 540 1972 et
560 1917 637 1973 ad
664 1926 801 1972 usus
828 1919 1233 1971 convertuntur
1257 1911 1551 1983 pessimos.

1076 2019 1313 2074 CAPUT
1369 2018 1469 2072 III.

1097 2128 1452 2180 piscantes.

548 2224 701 2291 Proh
727 2224 912 2288 dolori
947 2228 1094 2303 quod
1126 2222 1255 2285 talis
1311 2218 1561 2301 quotidie
1616 2226 1816 2281 crescit
1856 2224 2077 2279 i'nSania

475 2318 1012 2396 impraesentiarum,
1034 2320 1111 2373 ita
1129 2320 1194 2373 ut
1224 2326 1418 2372 omnes
1446 2335 1547 2389 pro
1580 2310 1789 2369 talibtxs
1816 2314 1991 2385 gestis
2022 2318 2079 2366 'et

478 2410 648 2467 dictis
669 2411 1071 2465 convertantur
1097 2408 1167 2461 ad
1199 2407 1360 2478 pejus
1389 2406 1591 2476 magis,
1612 2412 1779 2475 quam
1807 2403 1877 2456 ad
1898 2410 2079 2456 corre-

478 2490 691 2574 ptionis
719 2505 1104 2571 augmentum.
1139 2492 1281 2551 Hinc
1306 2489 1479 2568 igitur
1504 2499 1639 2549 tunc
1684 2501 1878 2548 Omnes
1902 2507 2079 2561 caspe-

478 2595 633 2656 runt,
667 2578 908 2643 maxime
937 2580 1293 2641 ecclesiastici
1329 2584 1453 2649 viri,
1497 2590 1746 2655 quaerere
1776 2585 1833 2635 et
1861 2582 2078 2635 eontra-

476 2668 681 2742 dicere,
700 2674 979 2749 quomodo
1000 2666 1161 2728 aliter
1175 2670 1419 2743 dignitas
1447 2676 1504 2726 et
1529 2663 1709 2725 honor
1720 2662 2078 2724 ecclesiarum

481 2760 631 2821 stare
648 2760 943 2837 potuisset,
959 2779 1024 2816 ac
1045 2754 1329 2817 sidecreta
1352 2762 1674 2814 sanctorum
1695 2756 1925 2812 Patrum
1957 2773 2070 2810 non

473 2844 763 2926 legissent.
795 2842 1011 2916 Quibus
1050 2850 1321 2904 Arsenius
1356 2854 1584 2902 noster:
1619 2866 1645 2899 α
1685 2844 2067 2909 Considerate,

2164 468 2337 538 ligata
2366 474 2532 522 erunt
2560 473 2618 521 et
2645 467 2703 520 in
2733 457 2907 533 carlis,
2925 465 3161 520 timendi
3182 472 3311 521 sunt
3330 472 3419 519 tot
3434 466 3765 519 anathema-

2161 550 2313 610 tismi
2362 564 2681 611 sanctorum
2738 555 2970 609 Patrum
3014 556 3109 625 qui
3137 555 3405 624 leguntur
3426 571 3529 625 pro
3558 551 3761 608 talibus

2160 634 2364 715 prolati
2396 644 2452 697 in
2482 645 2656 697 sacris
2676 636 3009 697 canonibus:
3036 641 3299 712 Quoniam
3317 658 3432 695 non
3455 641 3646 695 minus
3673 650 3759 694 eo-

2162 750 2286 786 rum
2318 726 2465 802 viget
2492 732 2814 802 auctoritas,
2833 732 3105 804 quantum
3126 720 3473 802 zestimo,qui
3484 731 3607 800 jam
3638 748 3762 785 cum

2161 814 2277 875 Deo
2298 827 2553 891 regnant.
2591 812 2824 886 Idcirco,
2853 826 2918 875 ut
2969 816 3171 886 dicitis,
3200 812 3249 873 si
3295 819 3617 890 respublica
3646 820 3761 874 sine

2163 909 2430 980 suffragio
2460 926 2649 963 rerum
2703 908 3063 963 ecclesiarum
3114 907 3420 962 subsistere
3449 925 3560 961 non
3595 909 3759 974 valet,

2164 988 2495 1067 quaerendus
2516 995 2602 1051 est
2627 988 2826 1051 modus
2843 1005 2900 1050 et
2927 988 3063 1051 ordo
3093 1013 3220 1050 cum
3251 1004 3478 1050 summa
3504 1010 3761 1050 reveren-

2159 1077 2239 1139 tia
2268 1091 2324 1139 et
2351 1076 2619 1155 religione
2653 1078 3097 1139 Christianitatis
3123 1103 3139 1140 :
3171 1085 3216 1137 si
3247 1076 3382 1155 quid
3411 1101 3529 1149 vos,
3562 1082 3761 1137 vestri-

2163 1192 2271 1246 que
2299 1174 2368 1227 ab
2398 1165 2643 1228 ecclesiis
2668 1164 2738 1227 ob
2766 1164 3145 1228 defensionem
3167 1164 3365 1243 magis,
3393 1186 3568 1243 quam
3595 1172 3763 1226 adra-

2162 1263 2355 1333 pinam
2389 1262 2639 1333 accipere
2669 1255 2919 1316 debeatis
2955 1282 2966 1315 :
2998 1279 3070 1316 ne
3117 1272 3245 1315 cum
3276 1252 3761 1315 maledictionibus

2164 1352 2222 1405 et
2248 1352 2628 1405 exsecratione
2656 1351 2976 1405 sanctorum
2998 1348 3230 1404 Patrum
3278 1350 3528 1405 itatenus
3556 1364 3762 1420 praesu-

2163 1447 2369 1494 matur.
2403 1439 2578 1493 Porro
2599 1430 2693 1493 isti
2722 1436 2900 1493 sancti
2920 1430 3231 1510 pontifices,
3264 1439 3310 1493 si
3341 1439 3477 1510 quid
3517 1437 3587 1491 ad
3631 1456 3758 1492 usus

2163 1520 2376 1583 militiae
2404 1523 2777 1583 exhibendum
2807 1534 2909 1591 est,
2934 1528 3014 1581 sic
3034 1518 3359 1581 exhibeant:
3389 1533 3447 1581 et
3467 1523 3547 1580 sic
3561 1520 3663 1579 ﬁat
3679 1544 3760 1579 ra-

2158 1882 2511 1953 Apostolum.
2539 1880 2605 1935 ut
2632 1881 2767 1943 dixi,
2799 1897 2965 1936 nemo
2993 1879 3243 1934 militans
3266 1872 3383 1935 Deo
3425 1872 3679 1951 implicat
3700 1899 3755 1935 se

2161 1970 2403 2041 negotiis
2425 1969 2802 2024 saecularibus.
2834 1968 2936 2024 Sin
2980 1966 3118 2023 alias
3144 1985 3338 2023 eorum
3385 1969 3615 2040 aliquis,
3654 1986 3752 2024 nec

2155 2076 2319 2113 verus
2351 2064 2437 2112 est
2458 2058 2835 2123 Christianus,
2868 2048 3001 2129 quia
3027 2048 3210 2112 adhuc
3231 2058 3454 2129 pompis
3484 2063 3541 2112 et
3569 2060 3752 2128 operi-

2157 2136 2262 2203 bus
2284 2137 2529 2201 deservit
2556 2137 2783 2202 diaboli.
2818 2137 2940 2210 Quo
2969 2138 3139 2214 dicto,
3170 2159 3419 2217 quzerere
3469 2154 3755 2217 coeperunt

2159 2236 2295 2308 quid
2325 2242 2513 2290 essent
2535 2250 2773 2306 pompae.
2808 2226 2908 2289 Ille
2937 2240 3128 2288 autem
3153 2254 3165 2288 :
3218 2224 3490 2289 Vestrum
3536 2242 3642 2299 est,
3671 2222 3755 2288 in-

2160 2318 2301 2395 quit,
2336 2324 2443 2378 hoc
2471 2316 2790 2388 decernere,
2823 2328 2878 2376 et
2932 2312 3115 2376 virum
3150 2323 3331 2392 magis
3376 2323 3758 2393 evangelicum

2159 2406 2441 2472 exhibere.
2470 2428 2639 2482 quam
2686 2411 2747 2465 in
2796 2400 2997 2482 quibus
3026 2411 3294 2466 saeculum
3324 2416 3527 2483 regnat
3556 2419 3617 2466 et
3638 2408 3758 2483 glo-

2158 2500 2339 2555 riatur
2354 2492 2591 2554 inhiare.
2636 2518 2663 2552 ›)

2776 2577 3011 2642 CAPUT
3030 2576 3126 2642 IV.

2724 2688 3149 2730 THEOPHRASTUS
3161 2718 3175 2732 .

2227 2752 2344 2816 Hoc
2367 2764 2573 2833 quippe
2596 2768 2699 2826 est,
2731 2770 2797 2815 ut
2822 2756 2988 2815 audio
3017 2761 3201 2816 adhuc
3222 2758 3408 2827 hodie,
3435 2760 3586 2832 quod
3605 2763 3673 2817 de
3692 2780 3756 2818 eo

2153 2841 2409 2903 nonnulli
2436 2840 2855 2902 calumniantur
2880 2868 2893 2915 ;
2918 2848 3053 2919 quia
3080 2846 3320 2902 voluerit
3368 2865 3462 2902 res
3502 2850 3761 2904 ecclesia-

470 2932 676 3015 inquit,
710 2959 833 3013 quae
864 2947 1061 2994 contra
1091 2938 1482 2992 auctoritatem
1524 2934 1767 2989 divinam
1818 2932 2071 3001 veniunt,
2152 2954 2281 2991 rum
2331 2927 2731 3001 dividerentur,
2760 2934 3097 3006 tantumque
3150 2942 3474 2989 remaneret
3506 2932 3759 2992 ecclesiis

483 3028 762 3103 quatenus
789 3046 858 3084 ea
885 3024 1059 3099 ipsius
1083 3022 1418 3080 auctoritate
1445 3016 1547 3078 Dei
1573 3022 1944 3092 corrigantur.
1968 3020 2071 3075 Ve-
2096 3034 2140 3095 ο
2161 3032 2437 3096 quantum
2459 3016 2763 3079 admodum
2794 3020 3109 3093 sufﬁceret;
3137 3032 3342 3079 caetera
3380 3042 3510 3079 vero

474 3114 608 3175 stris
632 3118 790 3173 enim
817 3117 877 3170 in
906 3110 1166 3169 manibus
1194 3112 1326 3167 sunt
1339 3115 1473 3183 jura
1502 3129 1614 3166 non
1642 3111 1828 3164 minus
1877 3110 2073 3164 huma-

475 3224 569 3274 na,
598 3210 769 3278 quam
799 3209 858 3258 et
884 3192 1091 3256 divina.
1122 3194 1280 3255 Tunc
1308 3200 1600 3254 saeculares
1646 3199 1753 3252 viri
1787 3195 1977 3253 :Licet
1996 3199 2078 3253 ita

469 3286 593 3351 sint
618 3281 827 3359 omnia,
858 3279 1141 3362 inquiunt,
1175 3286 1306 3361 quia
1336 3278 1648 3359 respublica
1702 3286 1895 3341 multis
1942 3290 2080 3341 atte-

476 3387 656 3439 nuata
683 3369 753 3436 de
782 3376 966 3435 causis
1006 3395 1108 3450 per
1153 3395 1213 3432 se
1266 3377 1519 3431 sufﬁcere
1550 3393 1661 3429 non
1690 3370 1839 3429 valet
1866 3394 1878 3442 ;
1920 3370 2079 3429 nobis

479 3488 608 3527 cum
637 3462 806 3525 rebus
836 3458 1226 3523 ecclesiasticis
1256 3473 1312 3520 et
1340 3456 1612 3519 militibus
1659 3460 1939 3535 agendum
1972 3468 2074 3527 est,

483 3574 699 3630 nosque
729 3545 994 3628 suffragio
1046 3546 1375 3608 facultatum
1407 3561 1599 3608 earum
1640 3553 1895 3624 juvandi.
1934 3553 2080 3616 Qua-

482 3652 712 3719 propter
740 3644 942 3717 pande,
972 3644 1150 3709 aiunt,
1184 3642 1331 3714 quod
1352 3642 1585 3696 moliris.
1618 3638 1802 3696 Atille
1832 3659 1844 3693 :
1882 3639 2075 3708 Miror,

482 3726 687 3806 inquit,
722 3724 856 3805 quid
906 3732 1209 3803 requiritis.
1265 3721 1403 3785 Ecce
1451 3748 1547 3784 rex
1598 3736 1806 3795 noster,
1841 3730 1906 3783 ut
1934 3746 2079 3800 sape

484 3828 774 3879 ostensum
805 3827 909 3888 est,
950 3818 1018 3875 de
1045 3814 1401 3874 facultatibus
1429 3814 1790 3873 ecclesiarum
1818 3816 1996 3872 multa
2019 3818 2077 3872 in

485 3900 603 3967 suis
618 3926 960 3980 suorumque
982 3908 1271 3980 praesumit
1300 3902 1521 3961 usib‘us:
1548 3913 1868 3961 sanctorum
1888 3909 2077 3961 autem

484 3988 718 4056 ﬁatrum
736 3988 1100 4054 anathemata
1118 3988 1298 4050 multa
1329 4002 1462 4050 sunt
1490 3996 1657 4049 nimis
1678 3994 1867 4049 divina
1886 3998 2082 4049 aucto-

486 4080 654 4144 ritate
674 4075 978 4160 prolata,ut
999 4076 1105 4157 ipsi
1121 4102 1233 4156 prae
1255 4076 1513 4139 manibus
1535 4094 1702 4155 quam
1716 4102 1860 4155 saepe
1877 4080 2085 4138 relecta

488 4168 662 4242 scitis,
692 4193 815 4247 quae
840 4175 1065 4247 penitus
1084 4164 1477 4237 condemnant,
1527 4174 1574 4227 si
1604 4191 1693 4227 res
1722 4172 2082 4227 ecclesiarum

488 4266 545 4319 vi
591 4259 696 4319 aut
740 4268 1018 4335 potestate
1062 4261 1272 4316 merint
1310 4268 1592 4333 usurpatae
1645 4258 1814 4316 ullius
1847 4262 2077 4332 judicis’.

2156 3114 2347 3169 saeculi
2376 3104 2742 3168 deservirent.

2789 3208 3152 3258 PASCaAsms.

2230 3280 2600 3360 Nequaquam
2630 3289 2806 3360 igitur
2824 3289 2905 3344 ita
2922 3296 3026 3356 est,
3055 3286 3119 3344 ut
3145 3287 3291 3345 male
3310 3284 3694 3358 sentis,sicuti
3712 3298 3767 3346 et

2159 3382 2295 3432 tunc
2323 3378 2591 3449 temporis
2629 3369 2855 3449 plurimi
2895 3395 3148 3433 sensere:
3180 3380 3315 3450 quia
3343 3372 3440 3434 ille
3466 3388 3641 3451 super
3664 3378 3765 3434 hac

2160 3483 2221 3520 re
2240 3460 2381 3520 nihil
2404 3472 2614 3521 temere
2643 3466 2959 3537 prmﬁnivit,
2993 3462 3075 3522 vel
3103 3460 3443 3539 signiﬁcavit
3473 3491 3485 3523 :
3510 3466 3613 3543 sed
3642 3460 3769 3522 hor-

2160 3560 2313 3609 tatus
2337 3562 2423 3609 est
2450 3550 2826 3620 solummodo,
2845 3555 3217 3627 quodcunque
3238 3556 3491 3611 ﬂendum
3512 3558 3767 3621 esseLsic

2162 3644 2388 3697 omnino
2412 3642 2589 3707 ﬁeret,
2621 3654 2691 3698 ne
2729 3644 2842 3698 utri
2865 3654 3063 3699 eorum
3107 3654 3210 3716 pro
3238 3643 3406 3699 rebus
3434 3644 3679 3700 terrenis
3709 3647 3766 3699 in

2160 3722 2338 3784 Deum
2359 3739 2674 3803 peccarent.
2690 3724 2849 3787 Unde
2875 3749 3003 3786 cum
3024 3750 3059 3786 a
3088 3726 3433 3805 quibuslibet
3445 3740 3767 3789 tentaretur

2160 3820 2709 3891 episcoporum,quid
2739 3821 2937 3874 exinde
2965 3820 3166 3888 vellet;
3202 3818 3345 3875 nihil
3368 3820 3580 3893 aliquis
3614 3815 3763 3876 aliud

2160 3907 2367 3962 rescire
2398 3910 2601 3979 potuit,
2631 3926 2801 3979 quam
2828 3909 2976 3980 quod
2998 3905 3257 3965 omnibus
3285 3928 3479 3965 coram
3507 3914 3764 3983 Augusto

2165 3995 2332 4050 simul
2352 3997 2507 4051 dixit.
2524 3990 2992 4052 Monasteriorum
3005 3999 3240 4064 interea,
3268 3996 3402 4053 dum
3418 4001 3541 4054 haec
3564 4008 3768 4055 tracta-

2166 4090 2381 4151 rentur,
2405 4084 2652 4140 ostendit
2706 4094 2761 4140 et
2811 4086 3162 4141 enumeravit
3197 4088 3470 4158 pericula,
3494 4105 3624 4143 cum
3648 4092 3767 4160 jam

2164 4178 2298 4227 tunc
2321 4174 2589 4245 temporis
2635 4174 2907 4230 ncnnulla
2936 4177 3057 4247 jam
3095 4194 3130 4229 a
3158 4168 3318 4230 laicis
3375 4176 3721 4232 tenebantur
3750 4197 3765 4229 :

2162 4262 2268 4316 etsi
2292 4254 2458 4315 hodie
2484 4256 2660 4317 multo
2682 4263 2869 4318 minus
2896 4263 3280 4331 inveniuntur,
3304 4272 3431 4336 qlia:
3452 4265 3523 4319 de
3540 4265 3765 4338 proprio

487 4355 797 4425 Propterea
814 4369 970 4423 rogo,
988 4352 1228 4421 cogitate
1250 4351 1296 4405 si
1314 4351 1516 4421 aliquis
1549 4351 1796 4404 ﬁdelium
1827 4367 1931 4404 sua
1952 4356 2081 4404 vota
2101 4346 2147 4405 D
2163 4359 2432 4422 regantur
2456 4352 2673 4417 ordine,
2693 4344 2794 4406 Sed
2827 4350 2961 4407 sunt
2979 4370 3079 4424 pro
3108 4360 3273 4425 pinna
3310 4354 3528 4424 peccati
3576 4350 3769 4409 omnia

489 4458 661 4514 super
685 4442 863 4495 altare
885 4439 1007 4494 Deo
1060 4438 1345 4501 detulerit,
1374 4444 1576 4510 parum
1632 4439 1941 4493 multumve
1976 4440 2076 4505 sit;

486 4518 718 4585 “veniens
737 4528 928 4583 autem
961 4525 1195 4599 quilibet
1224 4534 1438 4581 temere
1464 4527 1515 4580 vi
1541 4532 1640 4581 aut
1678 4526 1831 4581 furto
1860 4544 1927 4581 ea
1955 4545 2079 4598 qua:

488 4606 622 4673 data
640 4610 1063 4673 velconsecrata
1079 4620 1229 4682 sunt,
1246 4628 1442 4687 rapuet
1453 4615 1498 4670 it
1520 4635 1533 4683 ;
1566 4621 1733 4686 super
1771 4614 1900 4680 lhoc,
1935 4622 2080 4685 quae-

488 4692 773 4774 so,vitium
793 4706 961 4776 hujus
978 4704 1109 4758 facti
1128 4702 1395 4775 qualesit,
1420 4696 1733 4758 censeatis?
1761 4702 1868 4767 Qui
1888 4694 2074 4771 simul,

392 4796 397 4801 ’
487 4796 555 4849 ac
568 4794 615 4848 si
626 4799 768 4849 novo
787 4784 940 4848 intus
957 4790 1094 4847 tacti
1114 4786 1719 4862 oraculo,sacrilegiutn
1742 4800 1862 4846 esse
1878 4797 2078 4845 sanxe-

486 4872 808 4938 runt."h1m
837 4870 959 4940 ille:
988 4870 1172 4937 Nemo
1202 4878 1285 4951 te,
1314 4870 1519 4952 inquit,
1545 4884 1927 4951 Augustorum
1972 4878 2080 4935 cla-

484 4971 727 5037 rissime,
750 4970 937 5025 fallat:
968 4971 1105 5041 quia
1124 4960 1284 5023 valde
1303 4967 1836 5040 periculosissimum
1862 4973 1964 5035 est,
1988 4978 2078 5023 res

483 5060 658 5115 semel
682 5060 797 5114 Deo
826 5059 1069 5113 ﬁdeliter
1095 5048 1328 5124 dicatas,
1386 5046 1457 5112 ad
1509 5075 1643 5113 usus
1679 5075 1989 5130 pauperum
2020 5064 2078 5112 et

484 5150 772 5204 servorum
795 5136 919 5213 Dei,
951 5140 1222 5200 violenter
1249 5142 1604 5217 postmodum
1630 5140 1891 5217 diripere,
1920 5144 1977 5200 et
2003 5146 2074 5199 ad

483 5236 779 5292 Saeculares
806 5254 941 5291 usus
979 5239 1173 5289 contra
1196 5234 1586 5289 auctoritatem
1627 5229 1870 5289 divinam
1901 5240 2075 5289 retor-

482 5334 674 5395 quere.
690 5312 849 5389 Quod
873 5324 920 5378 si
943 5324 1248 5377 secundum
1271 5324 1608 5377 sententiam
1644 5323 1910 5386 veritatis,
1930 5329 2075 5394 quae-

2160 4450 2303 4510 pene
2342 4432 2536 4493 mundi
2561 4432 2756 4497 usibus
2794 4446 2850 4495 et
2880 4432 3082 4496 studiis
3126 4448 3400 4514 occupata
3431 4432 3519 4497 vel
3561 4440 3767 4514 depra-

2161 4533 2291 4581 vata
2322 4546 2333 4580 :
2369 4529 2501 4598 quia
2529 4536 2655 4583 cum
2710 4528 2852 4582 bene
2904 4530 3165 4601 coepisset
3192 4547 3290 4585 rex
3320 4528 3391 4585 de
3420 4522 3534 4598 his,
3567 4532 3628 4585 in
3653 4528 3765 4585 ﬁne

2159 4616 2635 4670 crebrescentibus
2663 4608 2825 4671 malis
2854 4635 2890 4671 a
2916 4616 3274 4673 saecularibus
3314 4624 3453 4674 sunt
3505 4637 3763 4691 pervasa.

2158 4694 2470 4759 identidem
2502 4710 2688 4759 autem
2720 4708 2778 4759 et
2802 4708 2939 4760 tunc
2968 4698 3277 4778 plurimum
3305 4708 3631 4763 detestatus
3658 4706 3762 4772 est,

2160 4784 2309 4863 quod
2340 4794 2688 4865 episcopatus
2710 4790 3014 4849 secundum
3027 4795 3354 4851 canonicam
3364 4793 3766 4853 auctoritatem

2158 4899 2271 4937 non
2300 4882 2407 4937 rite
2435 4880 2726 4950 darentur,
2747 4900 2930 4955 neque
2964 4880 3158 4939 electio
3179 4890 3525 4941 servaretur.
3549 4876 3766 4950 Quibus

2158 4969 2347 5042 itaque
2376 4968 2636 5039 omnibus
2681 4973 2763 5026 ita
2806 4970 2938 5027 hinc
2965 4966 3094 5028 inde
3123 4965 3386 5040 ostensis,
3415 4982 3547 5029 cum
3578 4968 3768 5029 nullus

2160 5074 2354 5113 eorum
2386 5076 2592 5131 negare
2636 5060 2843 5131 posset,
2894 5058 3042 5133 quod
3070 5062 3207 5141 ordo
3254 5054 3670 5117 ecclesiasticus
3709 5060 3768 5117 in

2156 5146 2415 5202 omnibus
2444 5155 2738 5219 corruptus
2757 5164 2869 5203 non
2897 5156 3062 5215 esset,
3088 5144 3549 5221 excogitaverunt
3571 5159 3638 5205 ut
3659 5142 3768 5205 tri-

2156 5235 2260 5289 bus
2287 5236 2344 5290 in
2374 5237 2537 5291 locis“
2558 5238 2757 5308 synodi
2808 5238 3029 5306 ﬁerent,
3070 5238 3126 5293 in
3172 5239 3376 5309 quibus
3395 5240 3469 5295 de
3494 5240 3605 5295 hoc
3632 5241 3766 5295 dili-

2155 5326 2380 5394 gentius
2401 5326 2735 5396 quaererent,
2759 5344 2872 5381 non
2908 5320 3058 5398 quod
3092 5335 3392 5400 (quantum
3424 5326 3611 5384 exitus
3636 5346 3765 5401 pro-

552 5432 713 5506 glmo
727 5429 1048 5506 quamor‘in
1079 5428 1232 5506 locis,
1265 5428 1539 5506 nimirum
1578 5432 1650 5506 in
1679 5427 2115 5506 Moguntiacensi
2149 5432 2301 5497 urbe,
2342 5434 2407 5485 in
2436 5434 2783 5487 Parisiorum
2806 5435 2961 5502 urbe,
2983 5434 3134 5504 apud
3159 5435 3506 5504 Lugdunum
3526 5439 3585 5491 et
3610 5435 3764 5506 apud

476 5488 765 5568 Tolosam:
781 5498 847 5556 ut
856 5488 1070 5570 legitur
1092 5498 1151 5553 in
1170 5488 1435 5553 Ludovici
1455 5496 1691 5570 epistola
1708 5488 1839 5555 mbx
1865 5498 2055 5554 citata.
