4000 6170
249 244 390 307 1618
879 239 974 296 DE
1008 238 1182 297 vna
1219 209 1476 306 ΨΜ,
1518 236 1653 293 SEU
1690 234 1838 292 EPI'l

1924 227 2141 287 PHIUM
2178 223 2491 280 ARSENII.
2533 251 2600 267 -
2638 222 2776 277 LIB.
2818 221 2891 277 II.
3384 223 3525 283 1614

242 371 407 441 bavit)
435 369 737 427 emendare
765 368 904 423 talia
920 366 1163 433 vellent;
1187 364 1287 420 sed
1311 368 1375 419 ut
1402 363 1522 434 regi
1555 359 1841 416 interdum
1859 358 1907 419 Α
1931 349 2383 422 magnitudinem
2402 353 2521 401 tam
2560 346 2809 441 imperii,
2836 362 2939 401 nec
2965 347 3281 441 intelligere
3308 352 3411 441 aut
3435 348 3525 441 in.

243 435 495 519 faverent
523 478 536 513 :
589 457 856 531 quoniam
895 457 1017 526 jam
1063 460 1200 510 tunc
1228 470 1296 508 ea
1316 470 1438 524 qua:
1458 456 1654 523 postea
1680 465 1845 503 mon-
1924 440 2092 505 tueri,
2123 453 2473 531 nec-capere
2524 441 2626 489 aut
2670 435 2951 531 sustinere
3005 437 3335 531 potuissent.
3363 438 3525 495 Unde

240 554 425 605 strata
472 552 626 614 sunt,
676 544 1052 600 moliebantur
1102 543 1388 610 humana;
1430 535 1636 596 idcirco
1656 535 1845 592 minus

240 642 543 710 procurata
560 641 694 692 sunt
715 635 922 690 divina.

894 754 1128 814 CAPUT
1151 757 1214 812 v.
1316 738 1325 745 ’

880 874 1235 924 ΑυΕοῡΑτυε.

313 968 488 1023 Miror
505 965 813 1031 absentem,
837 981 965 1020 cum
986 965 1108 1035 ejus
1128 964 1641 1017 commemorantur
1667 957 1834 1023 dicta,

243 1073 413 1128 quem
435 1072 549 1111 non
579 1054 927 1109 mirabamur
951 1054 1304 1125 praesentem.
1336 1051 1482 1104 Nam
1529 1064 1656 1102 cum
1693 1052 1841 1101 esset

244 1152 364 1200 tam
390 1144 641 1211 humilis,
674 1160 784 1215 quo
812 1140 1001 1198 nullus
1028 1140 1315 1205 humilior,
1336 1139 1636 1209 nullusque
1660 1136 1839 1206 magis

243 1240 505 1289 mortuus
529 1233 738 1289 mundo
770 1232 1069 1294 videretur,
1091 1225 1225 1301 quid
1246 1233 1331 1282 est
1366 1227 1516 1298 quod
1544 1230 1662 1280 tam
1691 1223 1841 1279 inter

245 1334 499 1377 summes
529 1322 911 1384 ecclesiarum,
936 1318 1239 1392 praesulum
1260 1316 1517 1371 videlicet
1545 1320 1839 1370 etsenato-

244 1425 392 1478 rum,
424 1409 698 1477 consules,
732 1410 790 1465 in
816 1414 1014 1465 senatu
1059 1418 1251 1463 coram
1293 1407 1552 1476 Augusto
1592 1402 1841 1459 consulte

243 1505 679 1571 constanterque
708 1497 1043 1572 quuebatur
1058 1502 1083 1551 7

870 1602 1237 1653 PASCHASIUS.

314 1694 442 1749 Non
473 1694 718 1766 ignoras.
743 1693 937 1760 frater,
972 1692 1121 1767 quod
1148 1693 1196 1747 is
1226 1697 1349 1747 erat
1374 1690 1499 1757 iste,
1542 1706 1710 1763 quem
1739 1706 1879 1767 neci

243 1788 430 1838 terror
458 1777 761 1848 minarum,
794 1800 897 1838 nec
922 1782 1003 1838 vis
1048 1799 1258 1847 rerum,
1292 1798 1396 1836 nec
1434 1798 1561 1851 spes
1602 1796 1843 1851 praesen-

242 1872 406 1938 tium,
432 1890 535 1927 nec
570 1878 755 1928 metus
796 1872 1135 1938 futurorum,
1163 1888 1265 1925 nec
1292 1869 1569 1941 promissa
1603 1868 1841 1922 faculta-

240 1966 387 2027 tum,
404 1967 505 2016 aut
531 1961 898 2016 interminata
916 1957 1318 2032 suppliciorum
1345 1974 1572 2027 genera,
1597 1962 1697 2010 aut
1726 1956 1851 2009 ulla

230 2042 542 2106 auctoritas
571 2057 789 2121 poterat
821 2066 1080 2104 revocare
1110 2066 1145 2101 a
1171 2046 1445 2101 charitate
1470 2043 1675 2099 Christi
1698 2060 1732 2098 a
1751 2043 1837 2097 di-

224 2130 474 2193 lectione
501 2132 696 2209 patriae
727 2145 784 2193 et
810 2134 1022 2208 pOpuli,
1056 2135 1126 2189 ab
1159 2151 1352 2189 amore
1387 2131 1751 2187 ecclesiarum
1783 2138 1841 2186 et

224 2227 345 2282 ﬁde
373 2227 748 2297 imperatoris.
766 2226 1072 2296 Propterea
1101 2220 1276 2294 igitur
1298 2216 1433 2276 talia
1461 2228 1518 2276 et
1547 2221 1841 2293 quamplu-

221 2330 319 2377 ra,
341 2313 515 2367 veluti
535 2314 680 2367 alter
697 2306 990 2377 Jeremias,
1004 2306 1837 2380 constanterloquebatur.Prae-

226 2401 432 2455 sertim
460 2407 514 2456 et
544 2398 805 2455 militiam
835 2396 1165 2455 clericorum
1222 2400 1281 2454 in
1311 2399 1539 2471 palatio,
1574 2415 1712 2470 quos
1743 2414 1836 2451 ca-

226 2490 491 2562 pellanos
511 2490 678 2560 vulgo
698 2496 917 2557 vocant,
944 2486 1076 2560 quia
1104 2486 1292 2544 nullus
1321 2492 1406 2543 est
1433 2486 1570 2542 ordo
1590 2484 1843 2542 ecclesia-

234 2578 431 2643 sticus‘,
459 2576 765 2632 denotabat
784 2578 1128 2649 plurimum:
1163 2577 1312 2649 quod
1335 2594 1447 2631 non
1462 2576 1532 2630 ob
1549 2570 1702 2630 aliud
1722 2592 1842 2629 ser-

236 2666 420 2730 viunt,
442 2656 550 2719 nisi
591 2665 661 2719 ob
697 2667 940 2719 honores
956 2664 1314 2720 ecclesiarum
1346 2670 1403 2718 et
1434 2668 1681 2735 quaestus
1707 2665 1727 2692 ¹
1746 2679 1844 2718 sae-

234 2753 371 2816 culi,
398 2769 464 2807 ac
513 2753 656 2807 lucri
699 2754 943 2819 gratiam
973 2752 1096 2807 sine
1148 2751 1478 2824 probatione
1509 2748 1837 2821 magisterii,

238 2847 412 2913 atque
442 2841 778 2896 ambitiones
808 2838 1276 2913 mundi,quorum
1306 2841 1498 2911 itaque
1526 2841 1640 2893 vita
1658 2856 1841 2910 neque

1924 538 2040 584 non
2069 527 2348 591 consules,
2377 522 2477 580 sed
2506 524 2845 578 mercatores
2899 534 2967 578 ac
3008 520 3325 582 venditores
3350 534 3525 584 tanta

1927 616 2302 689 dignitatis,et
2321 612 2740 686 perturbatam
2753 612 3119 668 ecclesiarum
3138 619 3271 670 sunt
3279 612 3521 685 dicendi,

1925 702 2021 777 qui
2042 719 2156 760 non
2185 703 2353 759 modo
2383 701 2494 757 isto
2523 705 2789 756 monente
2838 713 2953 755 non
2976 703 3399 771 consuluerunt,
3428 716 3527 760 vo-

1922 806 2050 848 rum
2082 785 2561 862 subterfugerant,
2591 792 2914 845 everterunt
2960 794 3018 844 et
3067 791 3438 861 prodiderunt
3464 794 3528 849 in

1921 881 2179 949 invicem,
2206 896 2278 936 ne
2301 887 2402 935 aut
2416 878 2556 934 talia
2598 877 3031 950 corrigerentur,
3058 883 3158 933 aut
3175 879 3348 935 etiam
3371 882 3527 937 dete-

1922 970 2073 1026 riora
2102 982 2225 1044 qute
2242 967 2630 1033 imminebant,
2646 966 3071 1022 obstarentcum
3092 968 3428 1039 potuissent.
3454 966 3526 1025 Et

1921 1056 2068 1126 ideo,
2103 1059 2266 1114 sicuti
2295 1056 2626 1113 Paschasius
2651 1048 2818 1128 paulo
2862 1056 3126 1128 superius
3159 1057 3359 1125 doluit,
3409 1068 3526 1114 non

1920 1144 2205 1202 immerito
2222 1146 2358 1202 talia
2376 1147 2753 1217 contigerunt,
2774 1145 2889 1199 imo
2916 1144 3047 1216 quia
3068 1146 3372 1202 noluerunt
3387 1148 3527 1203 red-

1922 1250 2056 1309 pere
2088 1236 2350 1308 spiritum
2370 1232 2625 1289 veritatis
2640 1234 2712 1288 ad
2739 1234 3174 1305 surreptionem,
3189 1242 3526 1307 receperunt

1923 1325 2184 1396 spiritum
2208 1323 2415 1378 erroris
2433 1322 2501 1376 ad
2524 1320 2879 1394 vertiginem.
2900 1317 3038 1377 Inde
3059 1325 3151 1377 est
3174 1324 3322 1394 quod
3340 1325 3526 1381 adhuc

1922 1411 2090 1467 hodie
2115 1424 2283 1466 nemo
2306 1409 2622 1482 principum
2673 1409 2951 1481 explicare
2986 1413 3171 1482 potest
3202 1412 3525 1484 reipublic»

1922 1503 2041 1555 vias
2061 1499 2133 1554 ad
2144 1496 2445 1570 justitiam.

2564 1653 2869 1698 Ριεοωειο
2876 1654 2925 1696 8.

1994 1780 2112 1840 Nec
2131 1781 2433 1849 immerito,
2465 1783 2598 1854 quia
2614 1799 2717 1855 pro
2754 1777 2871 1837 Deo
2892 1784 3044 1837 stare
3070 1775 3393 1848 noluerunt,
3422 1794 3527 1841 ne.

1925 1891 2033 1946 que
2063 1890 2187 1945 qua:
2207 1870 2309 1926 Dei
2329 1876 2479 1938 sunt,
2503 1871 2749 1942 primum
2783 1884 3058 1942 quaerere,
3083 1875 3151 1925 ut
3172 1869 3523 1943 corrigerent

1923 1979 2046 2034 quae
2057 1962 2175 2032 jam
2194 1956 2497 2032 depravata
2536 1963 2734 2026 erant;
2767 1960 2816 2013 si
2846 1956 2994 2013 Deus
3023 1956 3094 2013 ab
3125 1959 3204 2014 eis
3233 1961 3519 2029 recedens,

1923 2050 2215 2104 consilium
2233 2048 2430 2121 patriae
2446 2046 2768 2120 deperierit,
2792 2045 2931 2102 Iides
2961 2049 3271 2114 evanuerit,
3294 2060 3399 2121 pax
3428 2060 3526 2105 au-

1921 2137 2150 2209 fugerit,
2178 2140 2236 2192 et
2264 2137 2609 2209 prOSperitas
2634 2137 2877 2191 ullarum
2916 2146 3106 2191 rerum
3132 2134 3303 2192 hodie
3322 2131 3522 2211 despe-

1922 2236 2048 2281 rata
2067 2228 2271 2298 jaceat.
2307 2219 2433 2281 iam
2464 2242 2626 2280 rarus
2657 2226 2751 2297 qui
2780 2222 3006 2297 regibus
3044 2222 3213 2281 ﬁdem
3241 2227 3520 2296 exhibeat,

1918 2315 2107 2370 nullus
2134 2315 2333 2387 patriae
2361 2321 2462 2369 aut
2481 2311 2692 2370 civibus
2715 2313 2811 2386 qui
2840 2321 2990 2369 recte
3016 2315 3290 2381 cori‘sulat,
3334 2312 3524 2372 nullus

1924 2405 2017 2477 qui
2041 2402 2206 2458 sociis
2236 2406 2294 2457 et
2320 2402 2515 2457 amicis
2544 2401 2791 2458 debitam
2846 2402 3180 2459 charitatem
3209 2398 3520 2478 impendat.

1923 2487 2145 2547 Judices
2178 2507 2291 2544 non
2318 2488 2427 2543 nisi
2455 2490 2648 2543 venale
2677 2486 2889 2560 aliquid
2937 2500 3130 2561 agunt,
3161 2490 3401 2563 populus
3427 2490 3531 2549 im-

1923 2578 2230 2649 perialibus
2274 2595 2388 2632 non
2438 2577 2778 2649 suffragatur
2811 2574 3027 2642 ofﬁciis,
3072 2580 3374 2636 auctoritas
3410 2593 3527 2639 non

1926 2666 2077 2737 viget
2094 2668 2475 2738 praelatorum,
2501 2665 2767 2737 quoniam
2786 2663 3093 2737 imperialis
3123 2674 3181 2723 et
3206 2678 3405 2740 regum
3424 2668 3523 2726 de-

1926 2754 2097 2826 periit
2124 2773 2136 2807 :
2170 2751 2488 2826 respublica
2517 2760 2575 2808 et
2604 2750 2963 2809 ecclesiarum
3010 2754 3369 2827 pauperrima
3417 2760 3521 2827 est,

1924 2843 2059 2914 quia
2081 2838 2371 2914 praedones
2399 2860 2466 2896 ea
2495 2842 2806 2914 diripiunt:
2839 2838 3288 2914 eloquentissimi
3326 2858 3523 2903 omnes

235 2929 343 2985 sub
370 2929 567 3002 regula
582 2936 669 2985 est
697 2930 1123 2996 monachorum,
1138 2947 1320 3001 neque
1335 2927 1440 2983 sub
1454 2928 1713 2999 episcopo
1734 2926 1841 2981 mi-
1922 2930 2088 2985 multi
2117 2924 2248 2985 facti
2268 2935 2418 2997 sunt,
2447 2930 2710 3002 quoniam
2727 2938 2995 2987 evacuate
3012 2938 3099 2988 est
3116 2933 3295 2989 virtus
3315 2930 3521 3007 agendi

233 3019 367 3073 litat
395 3019 660 3074 canonice
684 3038 697 3087 ;
725 3012 1040 3092 praesertim
1068 3036 1197 3073 cum
1239 3014 1393 3072 nulla
1443 3017 1554 3071 alia
1580 3014 1841 3070 tirocinia
1856 3048 1900 3107 Ε
1928 3024 1986 3072 et
2004 3015 2289 3090 loquendi.
2312 3015 2509 3074 Nama
2528 3018 2729 3074 saeculo
2750 3020 2851 3074 has
2864 3020 2923 3074 i'u
2938 3025 3128 3092 partes
3161 3018 3303 3077 nihil
3330 3026 3517 3096 majus

234 3104 354 3189 sint
375 3106 764 3175 ecclesiarum,
808 3124 979 3179 quam
1024 3106 1127 3162 sub
1151 3104 1240 3161 his
1271 3106 1490 3161 duobus
1530 3103 1837 3159 ordinibus.
1865 3103 1898 3107 ’
1924 3106 2126 3161 scitum
2145 3112 2247 3173 est,
2272 3124 2454 3178 neque
2470 3106 2922 3179 argumentosius
2952 3104 3025 3163 ad
3054 3108 3483 3182 excogitandum
3506 3133 3520 3169 :

232 3195 440 3250 Aiebat
468 3213 712 3268 namque
733 3197 904 3259 idem,
943 3192 1093 3268 quod
1122 3202 1222 3251 aut
1267 3195 1567 3251 canonicus
1602 3193 1841 3265 quisque
1922 3194 2021 3249 sed
2041 3212 2202 3266 posse
2230 3212 2295 3249 ac
2322 3194 2464 3250 scire
2490 3202 2617 3268 post
2646 3196 3085 3269 uniuscujusque
3104 3192 3245 3254 velle
3263 3193 3520 3258 desudat.

234 3301 360 3339 esse
415 3285 660 3352 deberet,
690 3291 791 3341 aut
843 3286 1039 3353 laicus,
1096 3290 1195 3340 aut
1240 3282 1568 3339 monachus.
1605 3282 1764 3346 Quod
1791 3281 1839 3334 si
1924 3282 2156 3349 Idcirco,
2175 3292 2450 3355 quantum
2469 3285 2653 3351 credo,
2673 3285 2807 3355 quia
2838 3291 2973 3340 tunc
2992 3300 3181 3341 vocem
3200 3284 3388 3360 hujus,
3406 3286 3522 3348 into

231 3378 519 3436 neutrum,
529 3376 649 3445 jam
676 3364 779 3428 sub
800 3372 954 3429 nullo
975 3379 1324 3429 monstratur
1357 3373 1571 3436 ordine,
1598 3368 1729 3442 quia
1754 3369 1838 3422 vi—
1921 3368 2023 3425 Dei
2054 3388 2166 3425 non
2195 3371 2515 3439 audierunt,
2539 3390 2699 3427 versa
2717 3376 2803 3427 est
2841 3375 3023 3429 omnis
3051 3372 3394 3448 prosperitas
3424 3388 3523 3433 eo-

231 3461 445 3517 dentur
463 3479 584 3518 esse
601 3454 721 3517 sine
740 3461 1083 3534 capite.Quae
1107 3461 1357 3535 profecto
1377 3458 1835 3530 haeresis,quam-
1918 3476 2047 3514 rum
2069 3460 2128 3513 in
2154 3459 2520 3527 contrarium,
2545 3466 2602 3514 et
2632 3461 2928 3516 contractae
2953 3469 3086 3517 sunt
3112 3464 3259 3520 vires
3283 3483 3297 3533 ;
3341 3462 3520 3522 consi-

231 3540 316 3604 vis
344 3542 574 3607 aliunde
604 3552 711 3607 sibi
740 3553 846 3607 hoc
892 3569 1097 3606 nomen
1141 3550 1523 3615 vindicaverit,
1555 3553 1744 3603 tamen
1775 3552 1839 3601 ut
1920 3546 2057 3601 lium
2087 3546 2322 3619 aufugit,
2357 3552 2415 3602 et
2442 3546 2626 3602 omnis
2655 3549 2954 3620 sapientia,
2979 3552 3142 3621 juxta
3157 3552 3513 3624 prophetam,

230 3638 417 3695 fassus
430 3640 579 3695 idem
603 3647 705 3706 est,
723 3641 879 3696 nulla
909 3640 1021 3695 alia
1044 3641 1153 3695 isto
1191 3640 1250 3694 in
1281 3646 1533 3710 tempore
1563 3637 1722 3709 pejor
1748 3636 1838 3690 in-

227 3729 455 3783 venitur
482 3730 844 3784 ecclesiarum
893 3728 1103 3785 scabies
1135 3748 1147 3782 :
1183 3746 1306 3800 quae
1335 3728 1527 3782 omnia
1586 3724 1837 3797 ejusdem

219 3817 377 3887 jura,
412 3834 476 3873 ex
498 3836 609 3889 quo
655 3819 841 3890 coepit,
871 3819 1140 3890 corrupit,
1163 3818 1467 3883 intentum,
1501 3816 1633 3887 quia
1671 3813 1833 3870 multi

1920 3634 2185 3691 devorata
2204 3632 2477 3701 est.Quod
2504 3654 2642 3692 sane
2675 3638 2812 3710 ipse,
2838 3636 2959 3709 jam
2983 3640 3514 3713 futuraprzevidens,
3618 3638 3623 3643 ’

1910 3725 1978 3778 in
2005 3724 2202 3779 eodem
2228 3725 2440 3780 Placito
2459 3725 2547 3781 his
2576 3725 2852 3797 explicitis
2879 3726 3357 3800 praemonuit.Ubi
3385 3743 3515 3787 mox

1917 3828 2045 3867 eum
2073 3815 2372 3869 vehemens
2410 3812 2730 3878 infirmitas,
2758 3832 2928 3886 quam
2968 3816 3284 3873 lienteriam
3308 3818 3514 3876 medici

227 3921 426 3960 eorum
461 3906 648 3962 vitiosi
690 3914 872 3967 erant,
904 3913 968 3962 ut
996 3925 1030 3962 a
1068 3907 1224 3961 laicis
1254 3921 1396 3978 pene
1426 3902 1616 3960 omnia
1637 3920 1825 3958 mona-
1906 3907 2122 3968 vocant,
2155 3903 2544 3973 apprehendit,
2575 3902 2852 3975 quatenus
2881 3902 3149 3959 virtutem
3178 3906 3238 3961 in
3264 3902 3510 3963 inﬁrmi-

224 3993 459 4049 chorum
495 4001 553 4049 et
580 3997 999 4063 canonicorum,
1020 4012 1237 4050 necnon
1257 4000 1314 4051 et
1349 3992 1687 4049 feminarum
1709 4006 1825 4046 mo-
1904 3993 2023 4044 tate
2053 3991 2362 4062 perﬁceret.
2392 3991 2533 4045 Hinc
2550 4006 2772 4063 quoque
2792 3991 3055 4064 deinceps
3082 3994 3369 4063 conticuit,
3403 3994 3507 4052 do-

223 4084 478 4138 nasteria
505 4091 867 4157 occupentur,
898 4091 956 4140 et
994 4085 1108 4140 sint
1128 4082 1319 4138 omnia
1346 4081 1667 4155 depravata.
1696 4076 1823 4135 Pro-
1903 4092 2006 4133 nec
2024 4079 2419 4151 Deijudicium
2441 4097 2543 4134 nos
2572 4078 3037 4152 apprehenderet,
3071 4087 3369 4156 etpeccata
3383 4098 3507 4158 quin

219 4175 352 4243 pter
379 4187 503 4243 quae
549 4189 860 4244 nunquam.
893 4173 1026 4244 quia
1064 4171 1258 4228 futura
1284 4171 1634 4244 praeviderat,
1666 4168 1824 4224 dubi-
1898 4168 2138 4237 jamjam
2164 4168 3133 4236 consummataerant,clarescerent
3148 4172 3209 4227 in
3226 4172 3387 4239 facto,
3424 4173 3506 4230 in-

218 4258 365 4313 tavit
383 4261 721 4315 sententiam
764 4278 866 4333 pro
886 4264 1039 4316 statu
1059 4261 1238 4332 regni,
1272 4276 1375 4331 pro
1396 4260 1577 4313 salute
1606 4256 1816 4330 p0puli,
1901 4260 2124 4311 tantum
2150 4261 2231 4324 ut,
2264 4273 2387 4329 quae
2411 4256 2651 4328 agimus,
2683 4255 3035 4314 solummodo
3057 4256 3180 4331 jam
3228 4274 3343 4317 non
3370 4274 3502 4335 pec-

216 4362 324 4418 pro
352 4347 658 4404 stabilitate
712 4350 1093 4416 ecclesiarum,
1119 4356 1176 4404 et
1224 4348 1495 4419 religione
1546 4347 1699 4419 pacis
1728 4344 1815 4401 di-
1832 4368 1881 4428 D
1901 4350 2026 4399 cata
2051 4345 2184 4413 sint,
2209 4340 2309 4401 sed
2329 4361 2494 4418 poena
2517 4340 2750 4419 peccati.

213 4446 391 4507 gnam
410 4436 594 4493 dicere
612 4439 718 4494 etsi
748 4430 1090 4510 quibuslibet
1109 4434 1503 4510 displicuisset.

820 4546 1055 4601 CAPUT
1115 4545 1214 4600 VI.

835 4650 1024 4693 ADEOD
1031 4650 1170 4693 Απιε
1178 4676 1191 4690 .

289 4722 575 4788 Quantum
603 4725 773 4781 datur
796 4725 1212 4798 intelligi,tales
1242 4726 1339 4799 qui
1358 4725 1814 4795 tunc_fuere,non

212 4812 494 4878 consules,
516 4830 629 4869 non
671 4814 985 4886 pravis-ores
1005 4814 1203 4886 patria:
1238 4813 1485 4880 fuerunt,
1508 4811 1605 4868 sed
1638 4814 1812 4869 latro-

2494 4487 2734 4545 GAPUT
2764 4490 2889 4546 VII.

2462 4630 2925 4679 THEOPHRASTUS.

1965 4724 2080 4784 Cur
2103 4729 2244 4784 talia
2288 4729 2611 4796 acciderint,
2652 4732 2777 4801 jam
2807 4731 2930 4786 luce
2951 4731 3158 4788 clarius
3192 4735 3493 4794 manifesta

1894 4824 2028 4873 sunt
2052 4837 2064 4873 :
2101 4819 2199 4873 sed
2228 4820 2376 4891 quod
2407 4818 2708 4874 habuerint
2723 4819 2972 4886 initium,
2999 4837 3115 4877 non
3147 4823 3218 4878 ab
3248 4841 3312 4879 re
3342 4843 3491 4899 quae-

211 4914 316 4953 nes
346 4918 360 4954 :
394 4918 635 4972 quorum
662 4908 881 4958 mentes
898 4908 1170 4976 angustas
1189 4903 1617 4974 prmeentiarum
1629 4904 1810 4974 caligo
1891 4906 2052 4972 ritur,
2087 4907 2352 4980 quoniam
2374 4908 2505 4978 jure
2526 4913 2711 4962 actum
2735 4908 3034 4975 credimus,
3065 4916 3132 4965 ut
3156 4928 3352 4969 eorum
3372 4930 3490 4968 core

210 4989 458 5056 emicavit,
505 4992 796 5047 humilitas
822 5009 996 5064 prava
1018 4991 1265 5047 tenebris
1302 4991 1570 5063 opplevit,
1604 5009 1808 5046 concu-

1892 4996 1965 5050 da
1989 4995 2427 5063 obdurarentur,
2457 5013 2529 5051 ne
2566 4995 2830 5051 audirent
2871 4997 3051 5071 culpis
3102 5000 3480 5072 exigentibus;

208 5076 487 5147 piscentia
514 5080 773 5135 sordibus
802 5082 1121 5145 maculavit,
1163 5082 1223 5136 in
1248 5087 1489 5143 tantum,
1522 5087 1587 5135 ut
1620 5082 1807 5153 ipsum
1889 5084 2077 5139 divina
2104 5085 2245 5139 ultio
2274 5085 2634 5156 postmodum
2654 5089 2718 5139 ut
2745 5086 2989 5157 amplius
3017 5086 3078 5142 in
3107 5088 3267 5143 nobis
3293 5104 3485 5159 pecca-

206 5166 535 5224 consulatus
551 5178 778 5238 nomen,
796 5187 898 5226 seu
913 5172 1273 5243 splendorem
1296 5170 1449 5226 illius
1477 5170 1726 5237 honoris,
1751 5176 1810 5226 et
1887 5173 2105 5228 toribus
2122 5174 2280 5243 justo
2304 5172 2614 5228 desaeviret.

278 5320 307 5347 ⁸
335 5309 401 5387 ξι)
428 5311 709 5387 ήηεωράί
730 5313 964 5387 clericos
982 5314 1193 5370 aulicos
1215 5313 1515 5387 invehitur
1541 5313 1799 5387 Walatrif
1882 5318 2089 5385 palatii
2097 5316 2441 5369 diversorum
2453 5317 2821 5370 cmnobiorum
2835 5319 2942 5372 sibi
2958 5300 3277 5387 dominium
3286 5323 3481 5387 optare

202 5378 313 5433 duo

505 5399 569 5466 us
686 5385 1017 5466 «ominous
1038 5385 1263 5466 gemuit;
1285 5386 1515 5466 Wetini,
1531 5402 1706 5466 supra
1732 5386 1804 5466 ad
1883 5382 2049 5466 atque
2060 5402 2300 5466 poscere:
2322 5388 2524 5466 quibus
2544 5390 2789 5442 nuuasit
2806 5391 2927 5466 quo
2952 5403 3109 5466 cura,
3130 5382 3246 5466 nisi
3275 5382 3339 5466 at
3348 5405 3480 5466 31w

202 5465 422 5529 annum
458 5450 584 5529 8234.
603 5455 749 5511 Hinc
778 5457 971 5529 Lupus
996 5456 1171 5513 abbas
1196 5455 1575 5512 Ferrariensis
1601 5450 1661 5511 in
1687 5457 1805 5527 epi-
1884 5450 2139 5529 mare.
2156 5450 2497 5529 oppressione
2514 5472 2801 5529 servorum
2819 5450 3305 5529 peisami‘oeigut.
3338 5459 3482 5521 Con-

199 5520 325 5601 ιθιι
346 5520 420 5583 25
443 5539 459 5579 ε
486 5523 758 5582 Odorem
780 5520 941 5595 βᾶθι
958 5532 1217 5586 versatur
1254 5531 1406 5584 inter
1433 5542 1550 5594 nos,
1578 5520 1803 5582 clericos
1884 5528 1970 5583 fer
1982 5520 2483 5584 “MD-Meti
2496 5527 2728 5584 Αιιὶιυσι
2746 5526 2986 5595 abbatis.
3004 5520 3165 5584 num.
3180 5526 3273 5598 54,
3288 5520 3482 5602 supra.
