4000 6170
516 291 657 353 1615

1119 426 1485 472 ΡΑεοΒΑειυε.

591 507 637 562 0
665 506 786 562 dies
808 505 924 570 illa,
957 520 1079 576 quae
1098 519 1240 576 pene
1266 508 1504 558 mternas
1533 502 1665 557 huic
1708 500 1829 556 orbi
1855 497 2117 556 tenebras

521 595 715 652 attulit
754 599 813 650 et
852 592 1196 657 discrimina,
1228 609 1352 663 quae
1400 597 1661 663 pacatum
1710 589 2013 661 imperium
2060 593 2117 642 et

520 684 743 739 unitum
764 682 1035 738 conscidit
1061 679 1515 752 particulatimac
1532 679 1739 742 divisit,
1768 677 2115 749 germanita-

522 777 609 826 tes
640 769 867 825 violavit
907 767 1354 839 consanguineos
1398 767 1693 837 dirempsit
1717 773 1758 830 ',
1790 765 2115 819 inimicitias

522 860 731 929 ubique
754 857 1085 930 procreavit,
1115 862 1172 910 et
1213 856 1468 910 concives
1506 854 1787 926 dispersit,
1822 854 1989 908 fidem
2019 870 2114 907 ex-

521 946 865 1012 terminavit,
885 945 1218 1001 charitatem
1236 944 1456 1010 delevit,
1482 943 1741 998 ecclesias
1760 959 1981 1014 quoque
2004 941 2115 996 vio-

522 1037 661 1091 lavit
684 1041 743 1091 et
768 1036 957 1090 omnia
975 1034 1253 1105 corrupit!
1286 1033 1445 1088 Unde
1488 1032 1738 1103 quotidie
1783 1030 1967 1086 civilia
1995 1048 2117 1084 sur-

519 1131 666 1198 gunt
691 1124 855 1190 bella,
888 1129 955 1178 ut
973 1123 1054 1178 ita
1081 1124 1299 1194 loquar,
1319 1127 1376 1177 et
1397 1122 1694 1194 plusquam
1721 1120 1919 1175 civilia.
1951 1118 2120 1174 Exer-

524 1216 669 1272 citus
696 1213 873 1269 totius
900 1211 1096 1285 patria:
1142 1227 1286 1283 pene
1334 1211 1443 1265 huc
1496 1211 1738 1281 illucque
1778 1208 2112 1281 perimitur:

522 1302 840 1376 provinciae,
880 1300 1032 1373 pagi,
1062 1304 1119 1355 et
1138 1298 1305 1354 urbes
1343 1299 1552 1371 passim
1591 1298 2025 1370 depOpulantur.
2060 1296 2119 1350 Si

523 1392 622 1466 qui
639 1390 849 1447 residui
877 1395 1027 1454 sunt,
1061 1388 1183 1443 sine
1219 1386 1429 1441 viribus
1467 1386 1675 1459 ubique
1724 1391 1823 1441 aut
1874 1385 2115 1456 fugiunt,

522 1487 624 1537 aut
645 1480 939 1536 caeduntur
958 1476 1180 1548 gladiis.
1213 1476 1357 1530 Hinc
1398 1475 1647 1546 undique
1686 1491 2033 1548 paganorum
2062 1479 2120 1528 et

523 1569 771 1625 hostium
799 1566 1166 1630 incursiones,
1191 1565 1321 1619 hinc
1346 1565 1494 1636 quod
1524 1580 1690 1618 omne
1717 1565 1917 1633 vulgus
1941 1563 2121 1617 conci-

1286 289 1345 346 S.
1384 287 1763 344 PASCHASII
1800 281 2162 342 RADBERTI
2198 283 2502 339 ABBATIS
2539 282 3034 340 CORBEIENSIS.

2126 411 2173 469 Α
2196 409 2551 480 perditionis.
2591 409 2637 464 Ο
2668 409 2789 463 dies
2817 408 2932 476 illa,
2985 409 3105 464 dies
3134 407 3504 463 tenebrarum
3532 415 3591 463 et
3618 409 3809 480 caligi-

3656 285 3802 343 1616

2198 498 2314 551 nis!
2336 514 2368 551 ο
2389 498 2509 553 dies
2537 498 2892 562 exsecranda,
2918 497 3141 569 quando
3162 498 3274 551 tale
3301 503 3551 568 carptum
3577 502 3807 552 estcon-

2199 583 2416 638 silium!
2451 584 2519 638 Et
2549 583 2665 637 hzec
2695 588 2779 637 est
2800 584 2935 636 hora
2963 581 3169 636 furoris
3190 581 3312 646 Dei,
3343 582 3490 636 hora
3504 587 3713 636 nostra:
3732 583 3803 636 ad

2197 672 2497 726 vindictam
2550 671 2956 735 retributionis,
2989 671 3048 725 in
3090 687 3201 742 qua
3257 671 3439 742 aperti
3491 676 3629 725 sunt
3658 672 3799 725 oculi

2197 760 2449 815 omnium
2489 778 2616 815 cum
2635 762 2863 816 Balaam
2886 761 3064 815 ariolo
3094 779 3106 827 ;
3133 760 3230 814 ubi
3259 760 3567 814 cecidimus
3585 778 3800 823 omnes,

2197 853 2255 902 et
2276 849 2559 919 evigilavit
2582 850 2739 920 virga
2766 849 2972 904 furoris
3000 849 3129 916 Dei;
3166 847 3261 902 ubi
3291 847 3500 902 violata
3523 855 3660 903 sunt
3688 866 3806 903 om-

2198 937 2290 991 nia
2312 939 2446 1008 jura
2470 939 2679 1010 legum.

2768 1028 3003 1084 CAPUT
3055 1029 3207 1084 VIII.

2823 1132 3181 1174 ADBODATUS.

2271 1205 2420 1260 Proh
2449 1205 2635 1260 nefas!
2668 1206 2817 1277 quod
2857 1206 2917 1260 in
2972 1205 3158 1261 subito
3188 1209 3305 1260 tam
3349 1206 3640 1274 immania,
3682 1213 3799 1262 tam

2202 1294 2495 1349 horribilia
2508 1312 2731 1349 crevere
2751 1294 2806 1349 in
2821 1312 2994 1365 regno
3009 1295 3370 1362 detrimenta,
3404 1296 3535 1350 licet
3557 1314 3659 1367 per
3676 1314 3804 1368 par-

2200 1393 2290 1438 tes
2310 1390 2539 1456 peccata
2561 1389 2792 1439 coaucta
2803 1383 2857 1438 id
2871 1383 3177 1455 exegerint.
3211 1385 3374 1439 Unde
3394 1385 3643 1457 petimus
3667 1387 3800 1457 quid

2199 1475 2387 1539 fuerit,
2410 1475 2557 1545 quod
2579 1491 2775 1529 rursus
2792 1475 3062 1529 Arsenius
3100 1474 3171 1528 ad
3190 1480 3307 1529 tam
3327 1476 3627 1537 acerrima,
3656 1480 3801 1529 tam-

2202 1580 2309 1634 que
2333 1563 2647 1635 perniciosa
2665 1562 3044 1634 periculorum
3065 1580 3278 1634 genera
3301 1581 3361 1617 se
3379 1564 3663 1633 injecerit:
3696 1581 3796 1617 nec

520 1656 861 1723 ditur,villa3,
885 1654 1138 1709 civitates
1157 1653 1469 1707 innumerae
1488 1653 1960 1707 cremantur.ch
1982 1652 1993 1704 !
2017 1650 2118 1705 mi-
2133 1683 2177 1742 Β
2202 1653 2385 1724 potuit
2405 1653 2653 1707 fortassis
2666 1652 2955 1724 providere
2971 1669 3138 1724 quem
3155 1654 3323 1707 ﬁnem
3339 1653 3636 1717 haberent,
3670 1653 3795 1724 qui-

519 1762 646 1802 sera
666 1744 804 1810 dies,
839 1760 1008 1816 quam
1037 1742 1310 1796 infelicior
1350 1758 1460 1795 nox
1488 1741 1775 1812 sequitur!
1809 1740 1907 1795 sed
1961 1741 2116 1794 nulla

517 1832 793 1889 infelicior
817 1831 934 1898 illa,
967 1829 1189 1901 quando
1208 1829 1511 1884 sceleratus
1552 1830 1706 1884 Naso
1726 1830 1752 1869 δ
1775 1834 2001 1883 vocatus
2030 1835 2116 1883 est

517 1921 587 1977 ab
615 1920 861 1994 Spaniis,
888 1918 1199 1974 Amisarius
1230 1918 1343 1985 ille,
1379 1918 1473 1989 qui
1519 1922 1720 1973 cuncta
1760 1917 1990 1989 reliquit
2018 1918 2115 1972 ho-

515 2016 696 2077 nesta,
720 2008 780 2064 in
811 2008 1015 2080 quibus
1044 2013 1167 2063 erat
1209 2006 1501 2062 ordinatus
1532 2010 1592 2070 c;
1624 2012 1682 2061 et
1736 2006 2013 2061 immersit
2053 2023 2112 2061 sc

513 2099 790 2156 fatuusad
818 2097 1010 2153 omnia
1044 2095 1189 2151 caeni
1208 2095 1531 2163 volutabra;
1564 2095 1840 2166 siquidem
1860 2102 1925 2149 ut
1952 2096 2113 2149 adve-

513 2189 618 2254 nit,
640 2204 707 2242 ac
737 2186 786 2242 si
813 2186 965 2241 ferus
992 2202 1129 2257 aper
1156 2184 1357 2240 evertit
1376 2184 1666 2256 palatium,
1685 2184 1961 2239 destruxit
1977 2201 2109 2239 con-

514 2277 725 2339 silium,
757 2274 1049 2347 dissipavit
1072 2273 1263 2328 omnia
1285 2272 1519 2327 rationis
1542 2274 1701 2343 jura;
1724 2274 1981 2327 consules
1996 2289 2113 2329 om-

512 2382 632 2426 nes,
655 2364 891 2429 divinos,
925 2363 1313 2433 humanosque
1341 2361 1577 2433 expulit,
1613 2367 1671 2415 et
1694 2361 1950 2429 attrivit;
1984 2362 2113 2415 tho-

512 2470 640 2510 rum
660 2450 966 2524 occupavit,
998 2456 1167 2522 atque
1183 2450 1528 2515 factiose,ita
1554 2450 1843 2505 utinsidia:
1862 2449 2113 2504 videren-

511 2549 627 2608 tur,
661 2539 1011 2596 manifestius
1044 2539 1235 2594 omnia
1277 2538 1559 2610 pervasit;
1593 2538 1784 2609 sicque
1822 2555 2017 2602 ceecus,
2047 2544 2113 2593 ut

512 2631 653 2686 nihil
682 2629 837 2685 aliud
867 2646 989 2684 esse
1018 2633 1227 2699 posset,
1256 2644 1423 2699 quam
1446 2627 1594 2698 quod
1641 2627 1759 2698 ipse
1797 2627 2106 2689 invenerat,

509 2718 828 2792 postposuit
846 2718 1053 2781 divina,
1078 2716 1149 2771 ad
1178 2716 1428 2771 humana
1477 2732 1536 2769 se
1574 2714 1855 2769 immersit
1890 2732 1992 2785 per
2026 2714 2109 2767 fas

511 2809 797 2879 nefasque,
820 2811 1022 2861 cuncta
1036 2805 1094 2859 in
1122 2803 1307 2858 subito
1336 2802 1612 2858 convulsit
1639 2819 1703 2856 ac
1732 2803 2110 2857 commacula-

510 2896 606 2963 vit,
629 2902 687 2951 et
704 2911 928 2950 omnem
945 2893 1278 2964 dignitatem
1301 2892 1513 2963 regiam
1555 2891 1842 2945 evacuavit
1866 2910 1878 2958 ;
1900 2890 2111 2945 foedera

508 2983 771 3055 disrupit,
803 2981 1055 3038 confudit
1074 2981 1368 3045 ordinem;
1418 2985 1483 3034 ut
1510 2980 1699 3034 nullus
1736 2986 1887 3033 esset
1903 2986 2104 3045 status,

507 3072 732 3144 singula
744 3069 1094 3135 immutavit;
1117 3068 1266 3123 diem
1288 3068 1625 3123 convertitin
1648 3073 1889 3133 noctem,
1913 3086 2109 3123 rursus

510 3167 733 3217 noctem
751 3158 1118 3215 commutavit
1148 3157 1205 3211 in
1218 3157 1387 3211 diem.
1412 3157 1567 3211 Patri
1581 3155 1857 3211 abdicavit
1872 3158 2033 3220 filios,
2052 3163 2110 3212 et

508 3254 728 3321 patrem
747 3245 895 3313 filiis,
920 3244 1110 3317 sicque
1123 3243 1437 3316 tyrannidis
1454 3245 1575 3315 ejus
1595 3243 1846 3316 profecit,
1869 3251 1933 3299 ut
1950 3263 2102 3300 exce-

507 3337 665 3394 deret
684 3337 835 3392 ultra
859 3350 1071 3401 omnes,
1105 3339 1163 3388 et
1189 3332 1329 3387 nihil
1358 3333 1639 3404 integrum
1661 3333 1971 3405 reliquerit.
1987 3323 2114 3389 Ηυξ

505 3443 672 3482 nores
698 3424 916 3481 debitos
944 3422 1041 3494 qui
1070 3421 1404 3489 habuerant,
1443 3422 1802 3489 amittebant;
1855 3423 1951 3494 qui
1980 3439 2105 3477 nec-

507 3516 644 3571 dum
674 3512 924 3570 indebite
952 3512 1371 3582 qualescunque.
1416 3510 1861 3582 assequebantur
1906 3513 2105 3584 optimi

507 3603 716 3677 quique
743 3602 1012 3667 virorum,
1030 3599 1364 3672 amplissimi
1395 3605 1453 3654 et
1473 3599 1685 3654 nobiles
1698 3605 1867 3672 atque
1886 3601 2102 3672 dignis-

505 3692 656 3755 simi,
680 3693 801 3763 jam
829 3689 1223 3746 auctoritatem
1252 3688 1456 3758 agendi
1477 3689 1785 3744 omiserant
1814 3689 1877 3759 [ι.
1902 3691 2103 3745 amise-

505 3781 658 3853 rant]
684 3794 694 3828 :
728 3779 862 3851 quia
887 3778 1133 3850 profecto
1161 3776 1350 3831 nullus
1381 3776 1545 3831 aliam
1566 3783 1701 3831 tunc
1723 3779 1993 3850 temporis
2008 3780 2104 3835 ha-

2202 1740 2303 1796 bus
2322 1740 2540 1795 obviam
2569 1741 2759 1795 venire
2783 1741 2978 1807 voluit,
3007 1757 3331 1812 quaesumus
3359 1747 3426 1796 ut
3452 1742 3690 1813 aperias.

2826 1844 3189 1888 PASCHASIUS.

2265 1919 2497 1985 Verum,
2524 1919 2716 1985 frater,
2750 1919 2884 1990 quia
2920 1919 3147 1973 videbat
3191 1921 3343 1974 mala
3398 1937 3525 1992 quae
3554 1921 3796 1992 quotidie

2196 2007 2499 2078 surgebant
2539 2009 2839 2062 innumera
2868 2014 2925 2062 et
2965 2008 3242 2063 immensa
3273 2028 3285 2062 :
3320 2010 3418 2064 sed
3457 2026 3795 2081 praenoscere

2193 2113 2307 2150 non
2328 2097 2503 2152 valuit
2529 2113 2651 2168 qua:
2679 2096 2870 2152 futura
2923 2103 3086 2151 erant
3117 2115 3128 2150 :
3162 2097 3387 2169 quibus,
3421 2105 3696 2169 quantum
3733 2115 3796 2152 ex

2194 2203 2253 2240 se
2280 2185 2406 2252 fuit,
2430 2185 2653 2240 obviare
2683 2186 2875 2247 voluit,
2901 2191 2957 2239 et
2980 2185 3242 2241 resistere
3266 2203 3370 2257 pro
3416 2188 3528 2241 fide
3558 2188 3713 2257 regni
3742 2192 3796 2239 et

2193 2275 2363 2345 regis,
2380 2291 2480 2346 pro
2509 2292 2701 2329 amore
2730 2274 2925 2346 patriae
2950 2291 3015 2329 ac
3038 2275 3254 2346 populi,
3292 2292 3395 2346 pro
3419 2275 3690 2346 religione
3705 2276 3796 2329 Ec-

2194 2363 2490 2418 clesiarum
2508 2369 2564 2418 et
2588 2364 2769 2418 salute
2794 2363 3025 2418 civium:
3058 2380 3181 2434 quae
3208 2364 3403 2418 omnia
3434 2364 3695 2418 chariora
3720 2363 3797 2419 illi

2192 2458 2373 2517 erant,
2408 2470 2574 2524 quam
2607 2469 2710 2507 sua
2737 2452 2870 2506 vita.
2904 2452 3012 2507 Sed
3042 2452 3174 2523 quia
3200 2452 3261 2506 in
3318 2452 3484 2506 initio
3521 2453 3643 2507 hazc
3690 2468 3799 2507 non

2192 2541 2417 2595 fuerant
2445 2542 2668 2612 repulsa
2697 2546 2755 2596 et
2782 2541 3046 2606 refutata,
3093 2540 3271 2612 culpis
3313 2541 3675 2612 exigentibus
3702 2542 3800 2595 im-

2192 2646 2341 2700 pune
2370 2631 2443 2684 ad
2472 2631 2723 2685 omnium
2748 2631 3051 2702 perniciem
3080 2630 3447 2701 prazvaluere,
3470 2631 3552 2683 ita
3581 2637 3646 2684 ut
3683 2631 3799 2684 nul-

2190 2718 2279 2772 lus
2300 2720 2419 2787 jam
2440 2723 2587 2772 esset
2614 2719 2775 2772 fortis
2804 2736 2868 2772 ac
2913 2718 3137 2788 sapiens
3193 2719 3290 2788 qui
3352 2717 3626 2772 obviaret.
3658 2720 3795 2772 Nam

2190 2806 2340 2861 idem
2373 2823 2497 2861 cum
2517 2807 2638 2877 jam
2658 2807 2727 2861 de
2755 2823 2857 2860 sua
2884 2806 3214 2860 infirmitate
3231 2806 3797 2878 convaluisset,ccepit

2191 2895 2386 2949 audire
2407 2894 2656 2966 undique
2686 2895 2965 2965 ﬂagitiosa
2986 2901 3044 2948 et
3073 2893 3493 2957 obscenissima,
3525 2895 3719 2967 turpia
3742 2901 3797 2948 et

2191 2980 2522 3048 inhonesta;
2557 2998 2668 3036 non
2693 2982 3122 3053 qualiacunque,
3153 2981 3252 3034 sed
3282 2980 3474 3051 qualia
3502 2997 3793 3051 nunquam

2190 3070 2246 3124 in
2277 3070 2385 3124 isto
2414 3076 2606 3124 nostro
2628 3071 2821 3125 audita
2847 3076 2980 3125 sunt
3008 3070 3229 3123 sarculo.
3265 3070 3375 3123 Pro
3413 3068 3623 3140 quibus
3676 3088 3795 3141 pro-

2188 3159 2331 3213 fecto
2353 3175 2485 3213 mox
2510 3165 2791 3214 commota
2810 3166 2943 3214 sunt
2974 3159 3163 3213 omnia
3192 3158 3407 3212 viscera
3425 3158 3550 3229 ejus
3574 3159 3793 3229 pietatis

2185 3248 2407 3313 affectu,
2440 3265 2505 3302 eo
2533 3248 2679 3319 quod
2724 3255 2874 3302 esset
2922 3249 3228 3313 theatrum,
3292 3246 3616 3301 honestatis
3639 3246 3788 3310 olim,

2183 3336 2456 3408 palatium
2487 3337 2715 3404 factum,
2746 3337 2807 3391 in
2833 3354 2943 3407 quo
2973 3342 3133 3391 tanta
3154 3335 3555 3406 sortilegarum
3577 3337 3793 3407 praesti-

2184 3425 2278 3496 gia
2293 3426 2537 3480 recidiva
2549 3431 2703 3480 scatu
2712 3425 2945 3489 rierunt,
2966 3431 3177 3498 quanta
3188 3425 3248 3479 in
3268 3424 3424 3479 omni
3446 3426 3665 3479 mundo
3674 3428 3788 3495 jam

2186 3531 2298 3568 non
2319 3514 2693 3569 credebantur
2713 3532 2855 3570 esse.
2874 3516 2989 3570 Nec
3010 3513 3159 3569 enim
3191 3518 3419 3585 poterat
3432 3530 3494 3567 se
3504 3514 3789 3569 continere

2183 3618 2297 3673 prae
2317 3602 2509 3657 dolore
2531 3609 2588 3657 et
2608 3620 2799 3658 amore
2830 3620 2864 3658 a
2885 3602 3130 3669 ﬂetibus,
3152 3619 3280 3656 cum
3303 3603 3425 3657 haec
3446 3602 3579 3657 illia
3612 3602 3784 3667 bonis,

2184 3693 2505 3759 ctsummis,
2523 3709 2589 3747 ac
2615 3692 2989 3747 veracissimis
3016 3692 3107 3746 die
3148 3698 3434 3762 noctuque
3463 3692 3787 3746 nuntiaren-

2183 3785 2277 3835 tur
2301 3781 2460 3835 viris:
2485 3781 2616 3852 quia
2646 3787 2856 3852 quanto
2887 3781 3011 3852 plus
3036 3781 3339 3835 Ecclesiam
3362 3780 3579 3835 Christi
3599 3789 3654 3835 et
3682 3783 3786 3835 Au-

505 3871 631 3926 buit
653 3870 799 3925 viam
829 3866 1231 3939 expeditiorem
1245 3865 1315 3920 ad
1336 3865 1576 3921 honores
1591 3866 1915 3921 retinendos
1940 3873 1997 3925 et
2014 3886 2102 3923 ac-
2178 3874 2405 3938 gustum
2429 3886 2544 3924 una
2572 3887 2697 3924 cum
2727 3871 2935 3942 pepulo
2970 3876 3046 3923 et
3098 3869 3255 3940 prole
3303 3869 3605 3934 dilexerat,
3633 3875 3783 3925 tanto

507 3958 828 4033 quirendos,
862 3973 961 4012 seu
989 3955 1061 4010 ad
1091 3971 1159 4009 ea
1216 3970 1338 4025 quae
1384 3955 1551 4009 vellet
1597 3955 1684 4009 vel
1714 3957 2096 4027 concupierat,
2181 3957 2361 4027 magis
2404 3957 2754 4012 afficiebatur
2784 3958 3088 4013 doloribus.
3133 3956 3454 4012 Veniebant
3489 3963 3687 4012 autem
3732 3964 3783 4010 et

507 4066 678 4123 quam
707 4046 789 4101 illi
815 4044 993 4115 sequi,
1028 4049 1312 4113 quaetunc
1368 4047 1638 4114 tyrannus
1666 4043 1816 4099 Naso
1874 4047 2091 4105 mallet.
2182 4045 2348 4116 primi
2370 4047 2561 4118 palatii
2583 4064 2650 4100 ex
2679 4053 2918 4118 utroque
2947 4047 3160 4112 ordine,
3194 4046 3290 4118 qui
3326 4045 3523 4100 omnia
3560 4047 3641 4100 ita
3668 4062 3783 4100 esse

507 4131 1294 4204 Intereaconfregeratomnia
1309 4148 1437 4187 ossa
1454 4131 1727 4187 virtutum
1744 4133 1824 4187 vis
1837 4134 2095 4191 feminea.
2182 4134 2526 4201 asserebant,
2558 4136 2673 4191 imo
2701 4138 2863 4208 pejus
2890 4153 3059 4207 quam
3088 4137 3252 4207 vulgo
3282 4135 3608 4195 dicebatur.
3645 4136 3783 4190 Tum

505 4227 639 4283 Ideo
659 4224 884 4288 stultus,
920 4221 1042 4276 sine
1072 4220 1246 4276 oculis
1288 4218 1345 4275 et
1374 4237 1561 4287 sensu,
1594 4220 1664 4275 ad
1695 4222 1886 4277 omnia
1913 4241 1972 4279 se
1998 4225 2099 4279 im-
2180 4223 2297 4295 ipse
2328 4242 2429 4295 per
2470 4242 2531 4280 se
2559 4225 2769 4297 delegit
2810 4226 2948 4280 illud
2993 4225 3459 4297 qualitercunque
3486 4225 3703 4287 venire,
3740 4222 3783 4277 si

506 4309 1135 4371 merserat.Movebatur
1159 4308 1308 4364 enim
1336 4309 1457 4379 jam
1494 4310 1706 4381 vertigo
1732 4311 1904 4367 totius
1929 4313 2101 4385 impe-
2180 4313 2320 4367 forte
2334 4314 2612 4384 quivisset
2639 4315 2756 4369 suis
2785 4320 3183 4385 argumentose
3204 4313 3671 4385 persuasionibus
3691 4316 3783 4366 aut

506 4404 598 4471 rii,
619 4401 851 4459 neullus
871 4398 1187 4470 acquireret
1202 4398 1530 4468 potentiam,
1549 4414 1619 4453 ne
1643 4398 1791 4453 ullus
1804 4400 2095 4469 honorem,
2114 4385 2163 4443 Ῑ)
2179 4402 2425 4457 consiliis
2446 4403 2742 4458 subvenire
2766 4418 2777 4453 :
2800 4403 2947 4458 furia
2975 4403 3071 4456 illa
3100 4409 3165 4456 ut
3212 4403 3442 4467 rediret,
3477 4409 3783 4473 antequam

506 4511 578 4549 ne
609 4492 758 4548 ullus
784 4488 1098 4553 facultates,
1116 4486 1251 4541 .sine
1300 4486 1527 4552 scelere,
1568 4493 1667 4541 aut
1710 4488 1831 4543 sine
1859 4491 2098 4547 aliorum
2181 4491 2535 4562 perturbaret
2562 4493 2770 4559 omnia,
2795 4498 2851 4546 et
2869 4491 3235 4547 subverteret.
3252 4491 3398 4556 Quia
3426 4491 3662 4546 veniens
3676 4491 3783 4561 egit

504 4579 881 4638 damnationis
899 4576 1208 4648 dispendio.
1232 4576 1345 4630 Iste
1377 4575 1583 4647 quippe
1630 4576 1844 4632 fructus
1869 4586 1953 4633 est
1980 4580 2099 4635 infi-
2181 4580 2551 4652 quodcunque
2568 4582 2782 4653 potuit;
2818 4587 2874 4636 et
2899 4598 3025 4636 cum
3055 4582 3329 4651 Augusto,
3357 4584 3420 4634 et
3437 4597 3572 4634 cum
3592 4596 3784 4651 proce-

505 4668 750 4727 delitatis
765 4664 1276 4723 etdiscordiazldeo
1290 4664 1768 4719 consultissimum
1782 4673 2101 4741 estsemper
2181 4668 2336 4723 ribus
2356 4670 2576 4724 locutus
2601 4676 2687 4725 est
2709 4671 2857 4741 quod
2884 4670 3238 4725 intellexerat
3261 4687 3276 4736 ;
3335 4675 3394 4724 et
3421 4669 3778 4740 praemonuit,

503 4775 690 4816 serere
708 4754 1041 4829 prudentiae,
1050 4753 1304 4824 justitiae,
1334 4752 1681 4808 fortitudinis
1703 4770 1768 4809 ac
1781 4760 2099 4828 temperan-
2178 4758 2236 4814 in
2264 4760 2351 4813 his
2374 4778 2497 4831 quae
2516 4761 2744 4827 fiebant,
2778 4762 2926 4833 quod
2957 4765 3228 4817 senserat.
3275 4759 3425 4814 Nam
3477 4764 3541 4813 et
3588 4758 3780 4813 bellum

501 4850 593 4906 tia:
614 4845 849 4911 semina,
881 4849 948 4899 ut
966 4847 1178 4899 metere
1198 4842 1377 4913 possis
1395 4842 1831 4913 centuplicatum
1853 4846 2094 4903 fructum
2177 4848 2601 4917 factiosissimze,
2620 4850 2753 4921 quia
2768 4851 2923 4922 prius
2941 4850 2993 4905 ei
3009 4856 3172 4922 pater
3192 4849 3316 4919 ejus
3334 4853 3392 4902 et
3424 4847 3550 4918 ipse
3570 4846 3782 4901 amicis-

500 4936 710 4995 laboris
734 4953 747 5001 ;
780 4950 948 5005 quam
974 4930 1552 5003 concupiscentiarum
1574 4936 1631 4986 et
1654 4932 1917 4989 vitiorum
1940 4937 2097 4991 moli-
2177 4937 2303 4991 simi
2320 4938 2561 5002 fuerant,
2584 4940 2787 4994 affatus
2808 4944 2891 4994 est
2903 4939 3145 4993 fideliter
3171 4954 3301 4993 cum
3331 4937 3489 4990 omni
3510 4936 3780 4990 amicitiac

501 5029 676 5095 mina,
709 5040 775 5080 ex
804 5038 915 5094 quo
942 5022 1277 5077 remetiatur
1300 5020 1597 5093 judicium,
1632 5027 1689 5076 ct
1717 5030 1932 5079 crescat
1954 5026 2095 5082 ultio
2177 5043 2300 5082 rum
2331 5026 2617 5099 obsequio.
2651 5029 2767 5083 Nec
2802 5028 3082 5083 immerito
3127 5028 3323 5097 igitur,
3355 5041 3426 5081 eo
3464 5024 3619 5097 quod
3650 5025 3776 5080 olim

570 5184 698 5262 ’δίο
714 5183 925 5262 legitur
945 5183 1010 5262 _in
1038 5184 1248 5262 codice
1295 5201 1406 5262 ms.‘
1453 5200 1555 5256 pro
1584 5187 1988 5262 diremitteum
2011 5190 2090 5262 ad
2170 5193 2308 5246 sede
2334 5193 2530 5261 objecto
2579 5197 2787 5262 stupro,
2832 5197 3125 5262 postquam
3175 5190 3371 5262 nullus
3400 5190 3775 5262 inventast.“

498 5257 729 5314 modum
752 5255 871 5336 quo
894 5255 1162 5336 Alcuinus
1214 5256 1273 5309 in
1322 5255 1725 5327 epigrammate
1760 5259 1859 5315 163
1898 5261 2091 5316 scribit
2171 5266 2269 5333 qui
2288 5255 2456 5336 ausus
2477 5255 3027 5336 fuissetcum-armis
3041 5266 3168 5336 jam
3198 5260 3409 5336 dictam
3435 5274 3557 5312 rem
3587 5259 3771 5336 aliai-

499 5327 893 5404 ernpgerat'pro
921 5332 1158 5404 emerat.
1429 5398 1497 5404 ___
1650 5400 1660 5404 _
1907 5403 1914 5404 ί

2196 5328 2385 5389 ionerc.
2412 5327 2485 5388 Et
2507 5339 2698 5390 tamen
2740 5327 3090 5390 Bernardum
3139 5330 3458 5404 inconsulte
3472 5327 3771 5404 republica

568 5396 598 5438 ⁵
616 5396 935 5476 ῌθτηεξτάιιβ
955 5396 1056 5476 Ξίίξ
1081 5400 1168 5450 θεῖ
1194 5411 1394 5451 Inﬁrm
1429 5398 1745 5476 ῌξξρεῃίςω
1775 5403 2085 5473 praefectus,
2165 5396 2427 5469 abusum,
2459 5406 2683 5476 penitus
2720 5422 2845 5461 eam
2874 5406 3139 5476 evertisse
3176 5407 3423 5476 testatur
3440 5396 3766 5460 Nithardus,

496 5469 855 5549 Septimanie
873 5473 937 5549 et
955 5467 1168 5522 Tolosa
1191 5483 1400 5549 comes.
1430 5467 1713 5549 Willelmi
1728 5467 1970 5549 comitis
1990 5467 2088 5549 seu
2170 5467 2529 5549 quantumvis
2554 5477 2753 5549 Carolo
2789 5476 3073 5549 addictus.
3100 5475 3160 5528 in
3180 5472 3256 5526 lib
3270 5517 3282 5528 .
3300 5489 3339 5549 _i
3368 5476 3430 5526 et
3452 5485 3516 5549 ῃ.

495 5537 850 5614 ducislilius,
875 5537 1178 5614 Theganus
1224 5537 1284 5591 in
1332 5537 1472 5614 libro
1502 5540 1571 5594 de
1598 5544 1773 5614 gestis
1800 5546 2078 5613 Ludovici,
2185 5537 2206 5548 ⁸
2239 5557 2260 5583 ο
2289 5548 2351 5603 Id
2393 5553 2479 5602 est
2525 5547 2795 5603 educatus
2839 5553 2897 5602 et
2945 5546 3238 5601 institutus
3261 5543 3334 5599 ab
3368 5542 3587 5614 optimo
3611 5546 3765 5612 patre

495 5614 617 5680 cap.
648 5608 737 5676 38,
766 5612 959 5663 auctor
987 5613 1091 5670 est,
1122 5608 1321 5663 ducem
1366 5608 1713 5666 Bernardum
1759 5608 2082 5684 puriﬁcasse
2166 5617 2481 5673 Guillelmo.
