4000 6170
271 279 409 340 1617

913 281 1007 341 DE
1046 282 1211 339 VITA
1247 284 1500 355 WAL/E,
1546 289 1678 345 SEU
1716 290 2163 349 EPITAPHIUM
2199 291 2513 351 ARSENII.
2546 320 2610 331 —
2649 293 2786 350 LIB.
2829 289 2900 346 II.

3405 288 3545 348 1618

272 422 503 464 uxorem
522 417 548 448 ι
577 405 687 462 sibi
718 423 969 463 sororem
997 408 1194 479 ipsius,
1212 410 1383 464 ﬁliam
1406 410 1741 468 nobilissimi
1760 415 1865 469 viri
1882 420 1932 478 Α
1952 418 2039 471 vel
2068 416 2346 489 quomodo
2374 415 2712 470 decrevisset
2739 416 2862 470 ﬁeri
2881 416 3031 488 quod
3064 415 3399 472 moliebatur
3429 435 3442 471 :
3487 423 3547 473 et

273 508 329 554 et
353 498 898 571 magniﬁcentissimi
930 499 1183 554 duxerat.
1216 502 1375 557 Unde
1414 502 1485 556 ab
1515 503 1867 561 incunabulis

273 589 433 662 quasi
466 594 628 660 pater
646 589 794 643 circa
821 604 950 642 eum
970 588 1030 643 in
1056 589 1315 644 omnibus
1343 590 1501 662 pium
1524 593 1756 663 gerebat
1791 595 1869 649 af-

270 679 500 744 fectum,
534 692 727 731 curam
756 693 822 731 ac
859 676 1312 744 sollicitudinem,
1346 679 1471 749 plus
1499 681 1669 735 etiam
1699 698 1868 752 quam

269 767 320 822 si
348 771 512 838 pater
551 771 718 820 esset.
762 765 874 820 Sed
912 782 1041 820 cum
1080 766 1323 832 vidisset,
1366 768 1515 838 quod
1540 786 1717 824 caecus
1746 772 1867 841 jam

270 860 461 910 mente
490 855 766 909 alienatus
803 860 969 920 esset,
1005 860 1062 909 et
1088 872 1189 927 per
1207 873 1451 927 praeceps
1480 863 1695 925 rueret;
1729 859 1870 914 dixit

272 944 643 1015 quodcunque
685 944 868 1015 potuit
900 961 912 997 :
974 944 1105 998 licet
1135 946 1256 1014 jam
1294 945 1545 999 moribus
1583 949 1864 1015 elferatus,

272 1034 406 1105 quia
433 1033 560 1087 felle
580 1032 1157 1103 concupiscentiarum
1177 1033 1488 1088 inebriatus
1508 1042 1652 1099 erat,
1672 1037 1868 1091 audire

272 1123 564 1187 noluisset,
596 1122 787 1191 sicque
808 1138 937 1175 cum
963 1121 1021 1176 in
1051 1122 1206 1177 nullo
1237 1123 1506 1195 proﬁcere
1528 1142 1588 1178 se
1616 1125 1862 1192 vidisset,

270 1210 581 1283 prospectis
610 1210 871 1265 omnibus
893 1210 1087 1265 dolens
1126 1227 1191 1265 ac
1224 1228 1457 1281 gemens
1490 1213 1561 1266 ad
1592 1221 1869 1268 monaste-

270 1300 419 1356 rium
444 1300 565 1354 sine
584 1299 783 1353 etl‘ectu
813 1299 1101 1353 remeavit.
1126 1301 1303 1364 Quem
1332 1318 1476 1367 mox,
1499 1301 1630 1356 dato
1659 1303 1869 1374 parvis-

269 1389 415 1447 simo
431 1387 698 1459 temporis
727 1386 1040 1454 intervallo,
1072 1388 1247 1442 secuti
1267 1395 1400 1443 sunt
1418 1391 1539 1459 jam
1568 1392 1781 1461 expulsi
1812 1398 1870 1446 et

272 1475 479 1547 dejecti
508 1480 755 1529 rectores
776 1481 832 1529 et
858 1476 1025 1547 primi
1042 1476 1254 1546 palatii,
1284 1478 1483 1532 ﬂentes
1510 1483 1568 1531 et
1588 1478 1863 1549 lugentes,

272 1566 422 1637 quod
461 1565 532 1619 ab
559 1581 672 1619 uno
701 1564 984 1635 impudico
1025 1565 1370 1620 violarentur
1397 1568 1587 1621 omnia
1609 1570 1744 1639 jura
1778 1576 1867 1623 to-

270 1655 385 1710 tius
406 1654 653 1725 imperii,
675 1654 1018 1725 pellerentur
1033 1654 1229 1725 optimi
1252 1656 1479 1727 quique,
1505 1663 1563 1711 et
1589 1659 1867 1729 opprime-

1949 507 2097 578 quod
2120 522 2221 577 pro
2251 510 2404 559 certo
2428 505 2547 575 jam
2580 504 2676 575 qui
2706 503 2911 559 conscii
2942 511 3105 560 erant
3134 506 3301 577 hujus
3328 505 3545 561 consilii

1948 595 2084 650 talia
2101 595 2481 658 mandassent,
2499 592 2833 647 retulerunt.
2853 594 3008 648 Tunc
3036 611 3149 649 una
3167 611 3294 649 cum
3309 594 3545 649 summis

1949 682 2270 738 consulibus
2298 687 2356 736 et
2385 681 2593 735 sanctis
2624 679 2959 752 quibusdam
3007 683 3298 755 episcopis,
3331 699 3548 738 necnon

1950 778 2008 828 et
2033 790 2161 827 cum
2188 771 2425 826 summis
2452 768 2780 824 ofﬁcialibus
2803 769 2997 840 palatii
3026 771 3195 842 caepit
3218 788 3469 843 quaerere
3487 771 3549 826 in

1950 862 2059 916 fide
2090 862 2319 929 Christi,
2343 878 2413 914 ne
2446 860 2582 914 talia
2612 860 3019 931 perﬁcerentur
3036 860 3108 913 ad
3130 859 3549 916 subversionem

1949 952 2124 1006 totius
2152 950 2394 1022 imperii,
2440 948 2575 1020 quid
2622 965 2789 1019 agere
2835 948 3138 1003 debuisset.
3169 950 3325 1003 Tunc
3353 965 3550 1004 omnes

1950 1056 2064 1094 una
2088 1056 2241 1106 voce,
2256 1040 2455 1093 flentes
2488 1043 2545 1092 et
2560 1038 2859 1108 ejulantes,
2892 1037 3082 1108 magni
3105 1042 3163 1092 et
3186 1037 3549 1104 summi,cum

1951 1128 2211 1183 omnibus
2241 1129 2338 1199 qui
2369 1127 2607 1181 aderant
2632 1125 2805 1181 servis
2825 1126 2946 1192 Dei,
2964 1131 3287 1181 constanter
3315 1127 3337 1197 [
3360 1129 3548 1196 supple

1948 1217 2252 1287 dixerunt],
2289 1216 2438 1288 quod
2470 1232 2583 1270 non
2612 1220 2761 1269 esset
2787 1214 2905 1269 Deo
2929 1215 3109 1269 fidelis
3139 1221 3196 1270 et
3220 1220 3429 1271 sancta:
3457 1214 3548 1287 ip-

1949 1305 2066 1360 sius
2099 1306 2372 1370 Ecclesiae,
2405 1305 2501 1375 qui
2530 1304 2588 1358 in
2617 1304 2823 1359 talibus
2849 1303 3147 1358 subvenire
3184 1309 3374 1375 posset
3396 1304 3549 1376 peri-

1950 1395 2108 1460 culis,
2142 1410 2244 1448 ncc
2268 1394 2507 1448 fecisset.
2543 1394 2631 1448 Ita
2659 1392 2936 1465 siquidem
2975 1392 3170 1447 multis
3197 1392 3549 1447 exhortanti-

1949 1482 2070 1549 bus,
2097 1487 2324 1553 accepto
2355 1481 2611 1543 consilio,
2634 1498 2749 1535 una
2771 1498 2900 1535 cum
2929 1481 3283 1536 electissimis
3298 1486 3354 1536 et
3368 1482 3548 1536 claris

1949 1572 2107 1625 simis
2137 1571 2270 1625 viris
2291 1571 2446 1625 misit
2473 1587 2532 1625 se
2557 1586 2658 1641 pro
2688 1570 2797 1625 fide
2818 1568 3047 1636 Christi,
3070 1586 3171 1640 pro
3191 1575 3347 1624 statu
3373 1570 3551 1642 impe-

1950 1660 2041 1726 rii,
2061 1677 2162 1731 pro
2187 1676 2322 1731 pace
2353 1659 2746 1723 Ecclesiarum,
2765 1674 2866 1730 pro
2887 1674 3079 1712 amore
3106 1657 3255 1728 regis
3282 1664 3340 1713 et
3366 1659 3544 1729 regni,

268 1748 469 1797 rentur
490 1742 696 1813 ubique
726 1742 897 1796 fortes
917 1748 974 1797 et
992 1743 1287 1797 clarissimi
1307 1744 1428 1810 viri,
1450 1762 1561 1799 non
1583 1746 1733 1801 illius
1753 1748 1866 1800 vir-
1885 1726 1932 1785 Β
1953 1766 2054 1820 pro
2075 1749 2256 1803 salute
2278 1749 2523 1803 filiorum
2551 1750 2694 1818 ejus.
2718 1747 2834 1802 zelo
2855 1746 2957 1802 Dei
2976 1763 3297 1814 succensus,
3316 1747 3551 1802 nefraus

268 1837 393 1888 tute
437 1832 901 1902 constupratoris,
919 1832 1016 1886 sed
1046 1832 1172 1887 dolo
1201 1839 1257 1887 et
1273 1832 1467 1887 fraude
1488 1835 1744 1905 pessimae
1771 1836 1871 1890 de-

268 1920 560 1992 ceptionis.
591 1921 871 1975 Nuntiant
898 1926 1087 1975 autem
1129 1922 1337 1992 singuli
1367 1924 1562 1993 pejora
1588 1924 1867 1995 pessimis,

268 2015 328 2066 et
347 2025 542 2064 omnes
562 2010 855 2064 confluunt
878 2009 1008 2064 hinc
1031 2009 1159 2063 inde
1180 2010 1251 2063 ad
1271 2011 1591 2076 Arsenium,
1610 2018 1667 2065 et
1687 2012 1872 2082 requi-

266 2104 405 2153 runt
431 2098 595 2170 quasi
621 2098 691 2153 de
728 2098 883 2152 fonte
912 2098 1230 2153 consilium.
1267 2099 1367 2153 Ille
1408 2104 1599 2153 autem
1627 2116 1870 2154 mmrens

266 2204 332 2241 ac
355 2187 573 2256 lugens,
597 2191 750 2240 totus
760 2185 949 2239 animo
968 2186 1249 2255 pendebat
1259 2186 1331 2239 ad
1350 2187 1527 2241 Deum
1552 2193 1863 2258 suspectus,

266 2277 317 2330 si
345 2276 490 2329 forte
538 2274 686 2327 Deus
725 2273 784 2326 in
828 2272 1035 2326 talibus
1076 2274 1193 2328 suis
1238 2274 1561 2329 subveniret
1584 2276 1865 2347 periculis.

264 2365 543 2418 Hortatur
567 2377 762 2417 omnes
791 2361 1101 2431 sigillatim,
1132 2368 1197 2416 ut
1230 2363 1548 2418 sustineant
1588 2371 1645 2419 et
1673 2382 1870 2436 exspe-

263 2451 530 2505 ctentDei
544 2449 1068 2520 judicium.Deinde
1091 2452 1300 2522 singuli
1331 2457 1395 2506 ut
1424 2453 1659 2507 redeant
1680 2454 1751 2507 ad
1776 2471 1871 2525 pa-

263 2539 486 2603 latium,
516 2545 571 2593 et
600 2539 845 2602 videant,
875 2544 934 2593 et
958 2538 1295 2610 intelligant,
1329 2542 1703 2612 persuadeant
1728 2559 1869 2613 quo-

262 2644 375 2698 que
404 2627 641 2681 meliora
658 2627 888 2693 salutis;
921 2633 1195 2682 conentur
1223 2630 1351 2683 nisu
1382 2648 1490 2701 quo
1507 2638 1762 2702 possunt,
1779 2632 1873 2687 ob-

260 2716 415 2770 viare
446 2715 652 2771 talibus
677 2717 962 2787 tantisque
988 2716 1524 2788 perturbationibus.
1550 2720 1671 2784 Quo
1701 2720 1867 2787 facto,

1952 1838 2280 1909 praevaleret
2299 1836 2624 1902 adversarii,
2652 1842 2718 1890 ut
2733 1835 2979 1905 dignitas
2999 1841 3321 1891 servaretur
3333 1836 3549 1907 patrias,

1954 1927 2105 1980 salus
2124 1931 2379 1979 maneret
2393 1924 2622 1988 civibus,
2649 1924 2709 1977 in
2724 1939 2994 1993 magnum
3014 1924 3315 1978 discrimen
3333 1942 3348 1988 ;
3384 1929 3442 1979 et
3464 1940 3551 1978 sa-

1952 2015 2128 2068 lutem
2146 2000 2318 2067 suam
2345 2030 2446 2085 pro
2472 2012 2698 2082 justitia
2726 2018 2782 2065 et
2801 2012 2912 2065 fide
2940 2012 3172 2068 devotus
3198 2011 3269 2066 ob
3296 2012 3550 2067 omnium

1948 2099 2268 2154 libertatem
2297 2099 2504 2154 obtulit
2530 2117 2542 2151 :
2575 2097 2826 2169 alioquin
2852 2097 2900 2153 si
2928 2099 3096 2153 vellet
3122 2098 3307 2153 favere
3335 2099 3395 2153 in
3422 2113 3548 2170 par-

1948 2187 2117 2252 tibus,
2135 2186 2416 2258 acceptior
2434 2191 2583 2240 esset
2604 2184 2885 2252 omnibus,
2903 2192 2961 2241 et
2984 2186 3369 2241 honorabilior
3382 2185 3550 2240 habe-

1949 2282 2106 2330 retur
2143 2276 2439 2330 universis.
2466 2275 2575 2330 Sed
2603 2275 2652 2329 is
2676 2291 2804 2330 cum
2836 2281 2985 2329 esset
3010 2275 3171 2330 fortis
3197 2275 3407 2342 animo,
3426 2291 3551 2331 san-

1950 2365 2145 2418 ctitate
2178 2363 2498 2435 praeclarus,
2526 2363 2753 2433 justitia
2790 2364 3043 2430 vestitus,
3096 2363 3207 2418 ﬁde
3254 2363 3546 2432 solidatus,

1951 2452 2226 2505 charitate
2254 2452 2540 2516 fundatus,
2576 2452 2847 2506 virtutum
2874 2453 3049 2507 armis
3076 2452 3326 2519 indutus,
3370 2453 3551 2524 magis

1952 2541 2122 2611 elegit
2145 2541 2309 2607 mori,
2326 2558 2494 2612 quam
2521 2541 2635 2595 tale
2665 2541 2879 2595 facinus
2899 2546 2956 2595 et
2966 2547 3081 2596 tam
3099 2541 3553 2596 crudelissimum

1952 2631 2231 2685 sustinere
2260 2630 2455 2694 scelus,
2476 2628 2625 2700 quod
2654 2629 2914 2684 omnibus
2946 2636 3095 2685 esset
3120 2631 3192 2684 ad
3219 2631 3463 2697 ruinam,
3479 2630 3552 2686 ad

1956 2718 2349 2790 perditionem,
2366 2723 2424 2772 et
2444 2719 2515 2772 ad
2546 2717 2804 2787 exitium,
2825 2719 2873 2773 si
2900 2718 3301 2786 consentirent,
3326 2724 3551 2773 aeterna:

262 2805 621 2876 repelluntur
650 2804 876 2868 summi,
909 2805 1254 2875 dejiciuntur
1280 2807 1492 2873 eximii,
1517 2809 1864 2880 colliguntur
1946 2807 2349 2861 damnationis.
2380 2790 2591 2861 Idcirco
2622 2806 2763 2860 nihil
2782 2807 2902 2876 jam
2928 2807 2998 2861 de
3026 2823 3085 2861 se
3112 2807 3316 2862 timere
3359 2807 3549 2879 coepit,

262 2893 526 2965 improbi,
572 2882 924 2948 honorantur
976 2894 1282 2957 vanissimi,
1332 2902 1389 2950 et
1431 2897 1868 2953 introducantur
1946 2899 2169 2949 tantum
2191 2900 2257 2949 ut
2280 2894 2586 2966 praevenire
2605 2894 3375 2967 potuissetchristianissimis
3393 2896 3553 2967 prin-

263 2983 506 3040 scelesti.
532 2983 689 3037 Tunc
717 2982 927 3053 itaque,
958 2982 1046 3037 his
1075 2982 1156 3037 ita
1187 2986 1506 3056 compertis,
1541 2988 1870 3042 renuntiant
1948 2983 2186 3055 cipibus,
2211 2983 2543 3054 praesulibus
2565 2983 2937 3038 Ecclesiarum
2966 2988 3024 3037 et
3050 2984 3203 3038 omni
3227 2985 3453 3056 populo,
3485 3002 3553 3041 ac

261 3072 503 3127 Arsenio
532 3072 681 3126 mala
710 3071 768 3125 in
797 3072 1017 3138 saeculo,
1051 3088 1174 3143 qua:
1207 3090 1457 3144 unquam
1489 3075 1576 3129 vix
1605 3082 1738 3130 sunt
1765 3094 1869 3131 au-
1890 3080 1933 3142 ο
1955 3071 2197 3126 liberare
2228 3088 2423 3126 omnes
2444 3072 2513 3125 de
2542 3078 2659 3126 tam
2682 3072 3034 3127 atrocissimo
3054 3072 3545 3144 mortispericulo:

264 3162 404 3223 dita,
423 3166 486 3215 ut
503 3161 564 3215 in
589 3166 706 3214 tam
722 3161 966 3230 glorioso
985 3161 1223 3232 imperio
1240 3163 1424 3217 subito
1444 3164 1524 3218 sic
1543 3164 1733 3219 omnia
1751 3165 1869 3219 fue-
1950 3160 2218 3232 quoniam
2249 3159 2508 3215 omnibus
2535 3158 2698 3215 bonis
2740 3176 2887 3215 unus
2908 3159 3242 3215 imminebat
3268 3160 3551 3217 interitus.

262 3250 383 3304 rint
408 3255 748 3322 permutata.
781 3250 873 3304 Fit
900 3250 1174 3322 palatium
1206 3252 1711 3324 prostibulum,ubi
1742 3270 1868 3308 mae-

262 3339 393 3394 chia
432 3339 773 3406 dominatur,
816 3346 875 3394 et
923 3340 1148 3395 adulter
1187 3346 1423 3411 regnat:
1469 3348 1868 3397 coacervantur

262 3427 523 3493 crimina,
544 3427 915 3498 requiruntur
933 3427 1173 3483 nefanda
1204 3434 1261 3483 et
1287 3429 1553 3500 sortilega
1573 3430 1871 3484 maleﬁcio-

260 3533 393 3573 rum
425 3516 678 3571 omnium
705 3532 938 3587 genera,
973 3523 1188 3588 quanta
1234 3534 1523 3588 nunquam
1566 3519 1776 3573 credidi
1814 3519 1874 3574 in

262 3605 469 3659 saeculo
515 3605 886 3659 remansisse:
938 3606 1079 3659 nihil
1107 3606 1177 3660 de
1209 3606 1485 3661 universis
1528 3608 1871 3678 praetenuis-

266 3712 396 3751 sum
423 3697 606 3763 malis,
629 3698 927 3752 nuntiatur
947 3696 1155 3769 ubique
1183 3697 1872 3752 omnibus.Verumtamen

264 3791 354 3839 vir
375 3786 563 3856 gravis
593 3792 651 3840 et
687 3792 905 3852 cautus,
936 3802 1040 3840 nec
1068 3786 1148 3839 sic
1180 3785 1472 3840 interdum
1516 3785 1864 3852 movebatur,

264 3874 375 3929 nisi
403 3875 475 3928 ad
504 3875 799 3947 lacrymas,
831 3875 1007 3929 donec
1034 3891 1230 3929 eorum
1252 3875 1585 3946 proderetur
1603 3875 1790 3940 factio,
1815 3881 1873 3930 et

268 3965 595 4018 ﬁrmaretur
621 3965 691 4017 ab
736 3963 894 4035 ipsis,
929 3964 1026 4035 qui
1061 3969 1225 4018 erant
1270 3964 1340 4018 de
1370 3970 1485 4018 tam
1518 3964 1868 4035 pravissimis

266 4052 515 4106 consiliis
543 4052 709 4123 plane
751 4052 978 4116 conscii,
1017 4053 1166 4123 quod
1203 4053 1371 4106 vellet
1399 4053 1549 4107 idem
1588 4058 1867 4124 tyrannus

264 4140 585 4210 Augustum
614 4140 893 4211 perimere
923 4141 1065 4194 clam
1097 4141 1349 4212 quolibet
1370 4150 1551 4211 pacto,
1576 4143 1736 4213 quasi
1768 4160 1873 4197 sua

265 4229 596 4284 infirmitate
627 4228 812 4283 subito
837 4235 1094 4284 mortuus
1122 4230 1408 4285 videretur
1439 4250 1449 4284 :
1493 4232 1695 4287 deinde
1726 4232 1871 4287 ﬁlios

267 4318 412 4387 ejus,
440 4333 555 4371 una
583 4333 711 4372 cum
747 4317 973 4389 optimis
1003 4318 1161 4388 regni
1190 4318 1554 4389 principibus,
1588 4336 1867 4391 quoscun-

2578 3262 2758 3305 ADEOD
2766 3263 2902 3304 ATUS
2910 3290 2922 3304 .

2020 3338 2208 3392 Unum
2238 3337 2533 3392 debuimus
2552 3338 2846 3408 deplorare
2877 3355 2889 3390 :
2916 3337 3015 3392 sed
3036 3338 3194 3392 valde
3214 3338 3425 3393 diriora
3450 3355 3554 3395 nos

1951 3430 2159 3495 cogunt
2185 3442 2308 3497 quae
2338 3426 2714 3495 contigerunt,
2748 3425 2885 3495 quia
2912 3426 3152 3479 nimium
3182 3427 3468 3481 amariora
3494 3433 3555 3482 et

1918 3548 1925 3551 -
1955 3514 2343 3569 crudelissima
2372 3520 2522 3579 sunt,
2556 3530 2725 3585 quam
2752 3530 2874 3585 quae
2905 3513 3302 3584 proposuimus
3330 3514 3550 3569 lamen-

1954 3604 2084 3657 tari.
2127 3602 2286 3657 Unde
2328 3607 2550 3674 oportet
2598 3619 2666 3656 ea
2700 3608 2951 3656 retexere
2981 3602 3299 3673 plangentis
3328 3603 3552 3658 affectu.

1954 3692 2152 3762 Neque
2181 3691 2333 3745 enim
2365 3691 2460 3745 ille
2489 3698 2606 3745 tam
2631 3690 2980 3762 plangendus
3003 3695 3107 3754 est,
3137 3706 3307 3760 quam
3339 3691 3555 3761 jugiter

1954 3780 2065 3834 ista
2094 3780 2458 3852 deploranda.
2482 3785 2545 3833 ut
2557 3784 2845 3833 avertatur
2862 3778 2949 3845 ira
2967 3778 3068 3833 Dei
3084 3794 3119 3832 a
3138 3768 3558 3835 nobis.Verum-

1954 3874 2145 3923 tamen
2160 3869 2239 3922 sic
2252 3886 2374 3939 quae
2391 3868 2666 3934 dolemus,
2687 3866 2916 3922 fletibus
2930 3866 3376 3921 commendanda
3397 3876 3555 3935 sunt,

1953 3974 2024 4012 ne
2046 3958 2137 4011 hic
2156 3963 2349 4011 noster
2361 3957 2491 4011 ullis
2507 3956 2822 4011 involvatur
2834 3955 3279 4011 adversariorum
3298 3956 3555 4011 crimini-

1952 4046 2056 4101 bus
2081 4065 2092 4100 :
2127 4047 2232 4101 etsi
2254 4045 2774 4117 singulis,quamvis
2802 4045 3037 4099 facultas
3057 4050 3206 4099 esset
3223 4046 3548 4117 perorandi,

1952 4136 2291 4206 respondere
2321 4135 2618 4206 nequimus
2647 4151 2770 4206 quae
2794 4133 3062 4188 dicuntur
3087 4133 3159 4187 ad
3185 4133 3430 4204 singula.
3457 4134 3554 4189 Id-

1954 4225 2100 4279 circo
2137 4230 2395 4296 petamus
2425 4223 2613 4295 potius
2640 4222 2868 4296 pietatis
2894 4222 3163 4293 gratiam,
3194 4238 3367 4293 quam
3390 4222 3553 4293 inge-

1951 4330 2141 4367 ramus
2170 4313 2457 4368 interdum
2483 4311 2985 4383 reprehensionum
3012 4311 3269 4381 querelas
3304 4328 3317 4363 :
3349 4311 3553 4366 offera-

267 4422 376 4477 que
396 4405 525 4460 dolo
552 4406 709 4477 prius
742 4422 1129 4477 praeoccupare
1168 4407 1462 4477 potuisset.
1510 4408 1653 4463 Cum
1679 4415 1869 4463 autem
1889 4419 2076 4493 Dmus
2105 4402 2542 4474 praecordiorum
2574 4406 2899 4456 nostrorum
2927 4399 3169 4493 dolores,
3201 4415 3372 4471 quam
3398 4399 3553 4470 inge-

263 4495 382 4549 hazc
398 4495 736 4549 nuntiantur
754 4512 789 4549 a
810 4495 1155 4566 gravissimis
1178 4497 1621 4552 etveracissimis
1645 4498 1776 4552 viris
1791 4498 1873 4553 ita
1890 4488 1930 4493 ”
1951 4491 2031 4546 nii
2073 4491 2251 4546 nostri
2291 4492 2359 4545 ad
2404 4491 2791 4545 defensionem
2836 4490 2960 4559 ejus
3001 4488 3285 4559 suscipere
3338 4493 3549 4559 partes.

265 4584 478 4655 absque
506 4584 677 4639 dubio
704 4602 852 4653 esse;
888 4585 1063 4639 nimio
1096 4601 1333 4640 maerore
1372 4587 1680 4657 perculsus,
1718 4587 1873 4642 misit

264 4673 474 4727 iterum
500 4688 696 4728 rursus
727 4682 898 4745 atque
916 4673 1123 4728 iterum
1153 4674 1383 4728 idoneas
1412 4680 1471 4729 et
1496 4681 1703 4731 sanctae
1731 4676 1868 4730 reli-

1950 4580 2168 4634 Deinde
2196 4580 2244 4634 si
2275 4580 2461 4634 acrius
2493 4578 2706 4650 aliquid
2750 4582 3073 4633 constanter
3101 4575 3404 4646 egerimus,
3450 4582 3553 4632 aut

1952 4668 2186 4723 liberius
2217 4686 2387 4740 quam
2415 4667 2702 4733 debemus,
2736 4673 2794 4721 et
2822 4666 2929 4737 ipsi
2964 4664 3167 4732 velint;
3192 4663 3551 4720 obsecramus

262 4762 448 4834 gionis
472 4778 760 4833 personas,
793 4768 851 4816 et
872 4762 1318 4833 probatissimas,
1345 4765 1559 4819 occulte
1590 4766 1685 4836 qui
1713 4766 1867 4819 veni-
1920 4817 1924 4825 ,
1950 4763 2172 4811 tantum
2188 4757 2483 4829 imperitiae
2495 4757 2581 4810 vel
2596 4752 3042 4826 intemperantiae
3057 4752 3551 4824 ignoscant,quan-

263 4856 411 4917 rent,
444 4855 502 4905 et
525 4858 713 4905 essent
740 4851 1016 4922 tantisper
1035 4851 1181 4905 infra
1204 4851 1477 4922 palatium
1509 4853 1658 4925 apud
1688 4871 1867 4925 quos-
1950 4852 2073 4900 tum
2110 4846 2203 4917 pio
2246 4846 2425 4900 dolori
2460 4845 2547 4899 vel
2593 4843 2827 4914 justitia;-
2855 4840 3275 4896 concedendum
3321 4847 3545 4912 putant.

263 4940 416 5004 dam,
450 4939 548 5009 qui
572 4946 737 4994 erant
764 4940 1230 5010 qualitercunque
1251 4940 1309 4994 in
1337 4941 1551 4995 eisdem
1583 4942 1862 4997 consiliis:
1948 4935 2206 5005 Namque
2246 4935 2434 4989 nullus
2463 4934 2647 5003 major
2673 4948 2795 4985 esse
2823 4934 3007 5001 potest
3047 4929 3225 4996 dolor,
3255 4945 3427 5001 quam
3455 4929 3548 4985 hic

264 5044 557 5099 quousque
570 5027 704 5098 quid
715 5044 908 5083 verum
932 5028 1431 5099 esset,diligentius
1452 5036 1868 5101 perscrutaren—
1948 5030 2159 5089 noster,
2190 5023 2250 5077 in
2266 5039 2377 5094 quo
2400 5026 2593 5077 tantus
2622 5021 2791 5075 Pater
2812 5018 3066 5073 insubito
3088 5017 3342 5074 sublatus
3358 5018 3547 5086 deplo-

264 5123 378 5172 tur.
413 5116 522 5181 Qui
551 5132 679 5171 mox
710 5116 899 5171 omnia
930 5122 993 5171 ut
1020 5118 1171 5173 dicta
1208 5122 1391 5183 erant,
1432 5135 1466 5172 a
1488 5126 1707 5175 secreto
1734 5139 1863 5176 vere
1945 5103 2124 5172 Γαῖάν.
2142 5112 2427 5182 tantisque
2454 5127 2490 5165 8
2509 5109 2671 5164 malis
2682 5109 3024 5163 dilaceratur
3036 5107 3281 5162 infamiis
3298 5109 3355 5160 et
3377 5104 3540 5172 οάίίε,

262 5210 1033 5277 pertractatacompererunt,
1057 5206 1298 5278 qualiter
1319 5212 1614 5279 tyrannus,
1640 5212 1863 5281 quando
1946 5202 2042 5273 qui
2071 5201 2248 5256 multo
2277 5200 2482 5271 dignus
2509 5199 2695 5254 fuerat
2721 5214 2934 5265 amore,
2950 5196 3199 5269 quotidie
3226 5199 3284 5248 et
3301 5192 3545 5264 insequi-

336 5375 363 5403 ι
392 5365 537 5419 Hinc
567 5365 679 5419 duo
694 5365 1011 5438 colligimus
1036 5383 1232 5433 unum,
1256 5369 1479 5423 Walam
1500 5376 1630 5424 ante
1660 5370 1859 5425 initam
1942 5361 2237 5438 getberga
2265 5365 2461 5438 postea
2488 5357 2928 5438 sanctimonialis
2955 5357 3121 5438 facta,
3143 5352 3408 5438 Cabilone
3436 5353 3541 5437 do-

263 5435 439 5489 vitam
464 5423 1471 5509 monasticamvmatrimonio'ligatum
1489 5423 1661 5495 fuiSse
1704 5423 1862 5496 alte;

1951 5433 2017 5487 lio
2042 5423 2285 5498 inclusa,
2310 5431 2369 5485 in
2393 5431 2784 5509 proﬂuentem
2813 5428 3055 5509 Ararim.
3075 5427 3238 5509 jussu
3264 5423 3536 5492 Lotharii,

270 5521 422 5577 rum,
452 5522 681 5577 uxorem
705 5509 828 5577 ejus
858 5524 1110 5562 sororem
1137 5496 1310 5564 fuisse
1332 5511 1621 5576 Bernardi,
1644 5496 1859 5567 Willel-
1941 5510 2215 5575 tanquam
2243 5496 2507 5569 Veneﬁca,
2539 5502 2791 5574 proiecta
2816 5504 2920 5565 est.
2953 5503 3097 5559 ιεειθ
3122 5496 3406 5577 Thegano.

268 5575 347 5633 mi
364 5576 585 5633 comitis
601 5575 1226 5651 ﬁliam,Helinbrugam,
1239 5597 1313 5638 an
1332 5575 1675 5653 Gerbergam
1696 5601 1707 5638 :
1734 5600 1859 5656 quae
