4000 6170
477 307 617 368 ’16l9

1233 308 1290 359 S.
1333 306 1714 362 PASCHASII
1751 308 2114 363 RADBERTI
2151 307 2454 363 ABBATIS
2491 282 2986 360 CORBEIENSIS.

3613 299 3754 354 i620

475 444 588 496 tur.
610 436 676 492 In
699 451 811 506 quo
827 439 1020 491 etcum
1037 447 1147 506 quo
1160 430 1434 486 excidium
1458 431 1672 500 patriae,
1691 431 2063 490 Ecclesiarum
2084 434 2135 493 A
2156 431 2544 509 promovisset,
2577 436 2633 484 et
2663 428 2773 487 iret
2808 427 3061 481 nesciens
3089 425 3161 480 ad
3189 431 3451 492 mortem,
3486 424 3636 480 facta
3668 431 3751 478 est

475 525 808 590 eversiones,
841 522 1189 576 calamitates
1219 536 1546 592 pauperum,
1577 520 1808 578 divitum
1839 539 2064 594 oppres-

475 615 683 680 siones,
705 611 1071 666 barbarorum
1102 609 1473 674 incursiones,
1513 611 1692 664 caedes
1723 612 1892 682 vulgi,
1921 613 2064 664 bella

473 699 936 772 superbientium,
960 697 1192 754 insidias
1221 697 1629 763 universorum,
1662 703 1718 751 et
1733 700 1896 773 (quod
1911 706 2060 754 atro-

472 790 779 858 cissimum)
811 787 1153 862 perditiones
1183 785 1499 841 animarum
1545 787 1712 841 simul
1743 788 2066 842 immaniter

470 879 831 952 deploramus
857 897 870 929 :
902 875 1035 946 quia
1060 875 1154 930 illo
1185 881 1390 946 spreto,
1413 892 1537 930 cum
1568 892 1682 932 non
1709 883 1793 930 est
1821 878 2064 942 auditus,

469 967 590 1021 hzec
617 966 809 1020 omnia
836 964 1210 1035 contigerunt.
1245 963 1599 1036 Quapropter
1636 982 1791 1036 rogo,
1825 983 1894 1018 ne
1927 967 2066 1020 deﬁ-

469 1055 604 1123 cias,
637 1055 808 1110 etiam
836 1053 1004 1107 minis
1031 1052 1354 1117 insectatus,
1379 1057 1435 1105 et
1463 1052 1827 1125 blasphemiis
1851 1055 2067 1108 lacessi-

469 1150 583 1200 tus.
608 1145 677 1198 Et
704 1160 776 1198 ne
819 1143 970 1198 dicat
1016 1141 1238 1216 aliquis,
1270 1141 1327 1194 in
1357 1141 1573 1195 threnis
1609 1142 1756 1214 quod
1786 1144 1922 1200 talia
1953 1161 2066 1202 non

469 1233 586 1295 sint
638 1231 1016 1288 coacervanda
1069 1247 1250 1302 neque
1304 1230 1670 1301 replicanda:
1732 1233 1873 1286 sciat
1916 1233 2063 1303 quod

467 1322 623 1383 nullo
652 1321 712 1375 in
737 1321 856 1380 loco
897 1319 1158 1395 amplius,
1195 1318 1438 1373 maxime
1469 1321 1690 1389 quando
1720 1321 1857 1378 talia
1880 1321 2065 1376 crebe-

465 1417 630 1468 scunt
659 1411 824 1477 mala,
841 1408 1065 1480 quando
1094 1409 1299 1461 veritas
1321 1408 1631 1462 insectatur
1657 1409 1816 1476 odiis,
1841 1411 2062 1482 quando

461 1499 690 1574 justitia
728 1497 1059 1552 debellatur.
1105 1496 1194 1550 Sic
1241 1496 1432 1566 itaque
1466 1497 1738 1553 Jeremias
1789 1500 2064 1569 propheta

464 1593 592 1660 post
619 1586 1049 1659 increpationes.
1078 1590 1205 1660 post
1234 1585 1650 1660 persecutiones
1695 1592 1753 1639 et
1778 1586 2063 1660 impulsio-

465 1693 586 1741 nes,
619 1675 690 1729 ad
720 1675 969 1727 lamenta
996 1689 1055 1726 se
1083 1673 1375 1738 convertit,
1393 1680 1450 1727 et
1479 1674 1671 1728 omnia
1699 1693 1822 1747 quae
1846 1675 2062 1734 accide-

466 1768 602 1818 runt
627 1779 729 1836 pro
763 1761 1000 1829 delictis,
1033 1762 1384 1818 amarissime
1412 1763 1654 1817 deﬂevit.

1110 1850 1344 1905 CAPUT
1373 1851 1468 1906 IX.

1131 1953 1474 1995 PASCHASIUS.

533 2027 685 2083 Bene
706 2044 808 2082 nos
838 2027 1102 2094 hortaris,
1126 2027 1318 2094 frater,
1335 2027 1441 2082 nisi
1463 2033 1620 2083 tanta
1641 2035 2066 2104 essent,quanta

460 2133 840 2176 rememorare
870 2133 980 2170 non
1012 2117 1340 2184 sufﬁcimus,
1370 2133 1471 2170 nec
1500 2117 1709 2173 intueri
1743 2138 1754 2171 :
1788 2136 1898 2174 non
1936 2121 2060 2175 dico

460 2222 584 2283 quae
613 2206 747 2260 olim
778 2206 1115 2272 acciderant,
1141 2205 1237 2259 sed
1267 2205 1336 2258 de
1365 2206 1452 2260 his
1485 2212 1724 2272 tantum,
1749 2225 1813 2261 ex
1834 2225 1942 2281 quo
1957 2209 2060 2264 iste

459 2296 715 2372 impurus
744 2300 914 2368 atque
952 2294 1161 2365 impius
1209 2293 1386 2350 hostis
1435 2295 1689 2351 omnium
1720 2297 2059 2366 religionum

460 2382 728 2448 confudit,
781 2382 1134 2439 conturbavit
1162 2389 1219 2436 et
1262 2384 1545 2454 pervertit,
1597 2385 1832 2439 honesta
1871 2388 2061 2440 omnia

460 2469 717 2526 obscenis
740 2470 1083 2544 permiscuit,
1118 2476 1175 2524 et
1215 2472 1482 2542 religiosa
1517 2473 1672 2526 vanis
1706 2491 1718 2525 :
1752 2474 2053 2542 intantum,

459 2575 564 2614 nec
594 2575 769 2625 mens,
807 2576 909 2618 nec
937 2559 1154 2630 lingua,
1189 2577 1291 2619 nec
1319 2577 1440 2625 vox,
1478 2579 1600 2632 quae
1629 2579 1861 2619 narrare
1891 2571 2061 2634 queat

457 2646 621 2709 istius
646 2647 1027 2702 vecordissimi
1058 2648 1350 2703 molimina
1375 2667 1496 2720 quae
1513 2651 1698 2724 erepit,
1731 2669 1794 2705 ex
1808 2654 2059 2708 omnium

459 2737 738 2796 scelerum
789 2737 1098 2796 colluvione
1153 2738 1410 2796 vallatus.
1460 2739 1857 2796 Arbitrabatur
1908 2742 2059 2796 enim

457 2824 747 2885 diabolicis
775 2827 966 2882 omnia
990 2843 1379 2899 praeoccupare
1408 2829 1728 2899 maleﬁciis;
1767 2847 2056 2903 superare,

457 2931 570 2970 non
607 2915 858 2980 consilio,
883 2916 980 2968 sed
1015 2915 1312 2988 auspiciis;
1346 2917 1646 2990 praeripere
1677 2923 1733 2971 et
1759 2919 2010 2990 auguriis
2044 2939 2056 2974 :

457 3019 523 3057 eo
560 3002 709 3077 quod
739 3003 1180 3058 sacratissimum
1211 3006 1528 3076 Augustum
1559 3005 1639 3058 sic
1669 3006 1900 3060 haberet
1947 3007 2062 3064 suis

457 3091 718 3151 delusum
762 3091 1065 3164 prestigiis,
1104 3098 1169 3144 ut
1199 3108 1394 3146 omnes
1437 3094 1753 3164 repelleret,
1797 3112 1935 3168 quos
1960 3103 2059 3150 aut

457 3177 598 3249 ipse,
630 3183 732 3231 aut
761 3194 1003 3246 magnus
1035 3185 1197 3248 pater
1227 3182 1350 3253 ejus
1373 3180 1680 3250 imperator
1717 3184 1996 3238 nutrierat
2023 3202 2058 3238 a

459 3271 696 3330 secreto,
719 3282 755 3319 a
779 3265 1117 3338 colloquio,a
1139 3267 1521 3322 familiaritate
1533 3275 1590 3323 et
1599 3271 1850 3331 consilio.
1873 3289 1908 3326 a
1926 3274 2056 3328 ﬁdei

460 3353 588 3423 ﬁde,
613 3355 683 3409 ab
713 3355 1037 3422 honoribus,
1059 3362 1115 3410 et
1132 3357 1202 3411 ab
1219 3358 1371 3412 omni
1386 3360 1664 3413 consortio
1685 3361 1886 3430 prioris
1907 3363 2050 3418 vitae.

460 3443 566 3512 Qui
593 3443 741 3502 furia
772 3450 830 3498 et
855 3452 1052 3500 auctor
1077 3447 1323 3510 sceleris,
1349 3464 1475 3500 cum
1499 3454 1648 3506 esset
1677 3451 1930 3509 munitus
1961 3469 2054 3524 po-

458 3538 661 3594 testate
691 3535 866 3608 regia,
899 3537 1187 3611 praenituit
1214 3537 1360 3608 quod
1392 3543 1539 3595 esset
1565 3539 1704 3592 ultio
1750 3541 2057 3612 praeterito-

457 3638 588 3684 rum
627 3624 920 3690 scelerum,
953 3631 1012 3678 et
1037 3625 1444 3680 incrementum
1476 3627 1630 3682 mali.
1663 3628 1822 3682 Unde
1849 3630 2057 3686 factum

460 3716 563 3778 est,
596 3715 661 3772 ut
684 3712 743 3766 in
771 3728 949 3786 regno
977 3713 1164 3771 nullus
1203 3714 1353 3771 aliud
1385 3721 1592 3788 posset,
1625 3717 1732 3770 nisi
1759 3719 1905 3788 quod
1936 3719 2055 3792 ipse

457 3799 643 3868 vellet,
675 3806 777 3858 aut
804 3801 1115 3856 mandaret.
1142 3803 1228 3860 Ita
1266 3821 1460 3858 omnes
1497 3805 1772 3876 siquidem
1804 3810 2054 3881 Oppressi

459 3893 611 3954 sunt,
640 3889 800 3963 quasi
826 3905 890 3942 ex
921 3889 1126 3949 indicio
1157 3891 1361 3948 furoris
1386 3892 1509 3961 Dei,
1537 3909 1609 3949 ne
1646 3894 1793 3948 ullus
1822 3896 2057 3952 auderet

457 3976 722 4060 resistere
752 3977 833 4030 vel
854 3979 1133 4036 contraire
1161 3995 1171 4028 :
1196 3981 1328 4051 quia
1350 3987 1595 4054 potestas
1617 3989 1673 4037 et
1692 3985 1948 4040 voluntas
1976 3987 2053 4060 pii

457 4059 914 4135 imperatoris,ac
942 4065 990 4119 si
1018 4067 1364 4130 innocenter,
1386 4088 1511 4124 cum
1537 4072 1896 4143 spurcissimo
1912 4081 2052 4131 erat.

458 4150 619 4220 Quod
645 4151 850 4212 factum
873 4153 943 4207 ad
970 4157 1299 4212 memoriam
1318 4159 1674 4231 sempiternae
1690 4162 2055 4232 turpitudinis

457 4237 667 4294 factum
690 4246 792 4294 est.
829 4241 1292 4320 Quandoquidem
1341 4263 1467 4298 cum
1494 4248 1614 4319 jam
1652 4248 2058 4306 inchoarentur

459 4343 584 4403 quae
613 4327 825 4382 dudum
846 4337 1029 4404 ccepta
1045 4339 1226 4399 erant,
1254 4351 1376 4404 quae
1396 4335 1642 4389 inierant
1670 4339 2054 4404 consilia,cum

2145 538 2344 578 manus
2370 519 2592 574 Domini
2623 533 2793 588 super
2827 533 3054 570 omnem
3081 515 3351 587 populum
3386 533 3398 567 :
3423 513 3560 584 quia
3585 514 3749 567 simul

2145 628 2359 674 omnes,
2385 626 2448 663 ac
2477 608 2521 660 si
2549 607 2815 661 divinitus
2832 606 3028 669 coacti,
3061 609 3338 658 venerunt
3361 604 3418 657 in
3448 618 3627 657 unum
3650 618 3745 678 pro

2146 700 2254 752 ﬁde
2288 699 2437 770 regis
2467 705 2524 754 et
2542 697 2718 768 regni,
2754 712 2854 770 pro
2883 695 3065 748 salute
3092 694 3284 766 pOpuli
3313 701 3372 747 et
3404 692 3622 763 patriae,
3652 705 3745 758 pro

2150 787 2455 843 stabilitate
2471 785 2713 856 imperii,
2729 791 2784 838 et
2805 785 3047 838 ﬁliorum
3069 783 3449 846 successione;
3481 780 3748 851 quoniam

2153 876 2450 930 audierant
2483 892 2696 939 omnes,
2750 879 2807 928 et
2835 876 3227 944 compererant
3269 871 3476 940 singuli
3505 869 3578 922 de
3615 867 3748 921 locis

2150 966 2267 1020 suis
2299 981 2475 1018 unum
2498 981 2618 1017 esse
2649 963 2938 1020 interitum
2954 960 3214 1016 omnibus
3233 955 3747 1032 pmparatumllbi

2149 1072 2211 1108 ac
2240 1055 2286 1107 si
2315 1054 2580 1109 divinitus
2601 1052 2811 1106 evocati
2840 1067 2969 1105 cum
2996 1051 3163 1104 simul
3191 1054 3395 1115 essent,
3431 1047 3749 1101 retulerunt

2147 1143 2352 1213 singuli
2375 1143 2521 1198 mala
2533 1159 2654 1212 quae
2673 1138 3250 1204 audierant,nonnulli
3273 1154 3396 1208 quae
3411 1137 3670 1189 viderant
3692 1141 3748 1188 et

2146 1242 2538 1302 cognoverant,
2567 1237 2665 1284 aut
2692 1229 3066 1283 interfuerant
3092 1246 3104 1279 :
3151 1226 3353 1297 quibus
3383 1225 3634 1296 undique
3666 1224 3746 1276 ita

2147 1320 2382 1390 explosis
2412 1319 2482 1372 ad
2510 1319 2786 1389 liquidum
2808 1316 3026 1379 claruit,
3061 1315 3210 1386 quod
3243 1316 3498 1384 Augusto
3530 1317 3588 1365 et
3616 1311 3745 1364 ﬁliis

2146 1425 2257 1462 una
2279 1426 2406 1462 cum
2437 1407 2711 1462 universis
2740 1405 3080 1477 principibus
3096 1420 3270 1457 unum
3289 1402 3616 1455 immineret
3634 1401 3742 1454 exi-

2145 1497 2286 1550 tium
2319 1502 2488 1567 atque
2531 1495 2793 1548 interitus
2821 1495 2965 1548 vitae.
2997 1494 3139 1547 Nam
3168 1497 3225 1545 et
3265 1489 3543 1545 Melanius
3596 1489 3742 1541 ﬁlius

2144 1584 2380 1654 piissimi
2401 1584 2636 1639 Caesaris
2660 1600 2784 1638 cum
2802 1583 2890 1636 his
2913 1583 3279 1639 conﬂuxerat.
3309 1584 3365 1631 et
3387 1576 3741 1650 periclitaba-

2143 1679 2238 1727 tur
2257 1691 2370 1739 rex,
2389 1691 2515 1728 cum
2546 1679 2696 1727 esset
2716 1689 2829 1729 una
2843 1689 2970 1726 cum
3000 1670 3116 1724 suis
3147 1667 3440 1733 omnibus;
3471 1667 3742 1738 quiacon-

2082 1744 2128 1804 B
2147 1768 2238 1817 tra
2267 1780 2394 1818 eum
2425 1765 2535 1816 iter
2555 1767 2843 1832 arreptum
2858 1765 2981 1818 erat
2998 1759 3173 1814 inscio
3190 1763 3442 1828 patre,ut
3455 1755 3574 1826 ipse
3595 1754 3748 1825 prior

2146 1857 2273 1923 post
2302 1857 2519 1922 patrem
2549 1850 2940 1921 perimeretur.
2981 1847 3192 1903 Deinde
3215 1863 3344 1901 cum
3376 1861 3478 1918 pro
3509 1843 3598 1897 his
3628 1841 3745 1896 uni-

2145 1941 2290 1994 versi
2321 1940 2452 2010 quid
2477 1946 2731 2013 agerent,
2761 1944 3097 1994 nutarentur
3117 1952 3356 1990 maerore
3387 1933 3620 2004 perfusi,
3654 1931 3745 1985 ad-

2145 2029 2354 2082 volavit
2382 2029 2600 2082 extimis
2629 2046 2662 2082 a
2682 2028 3036 2090 custodiis,et
3055 2024 3425 2080 sacramentis
3440 2023 3540 2077 diu
3559 2023 3745 2076 deten-

2142 2123 2252 2173 tus.
2287 2135 2409 2190 quae
2441 2135 2568 2171 cum
2596 2124 2757 2188 patre
2788 2134 2854 2170 eo
2886 2116 2941 2174 in
2974 2121 3226 2185 tempore
3249 2113 3564 2184 pertulerat
3612 2112 3744 2165 Gra-

2143 2207 2425 2264 tianus.et
2454 2205 2646 2262 retulit
2666 2222 2794 2258 voce
2824 2205 3049 2276 pmpria
3077 2220 3198 2273 quae
3229 2203 3400 2265 dicta,
3420 2217 3546 2276 quae
3565 2209 3739 2272 gesta,

2145 2311 2333 2364 quaeve
2359 2294 2547 2347 futura
2564 2299 2899 2364 cognoverat
2921 2309 2934 2348 :
2955 2293 3088 2364 quia
3106 2292 3164 2345 in
3195 2292 3284 2345 his
3307 2293 3473 2360 longe
3485 2289 3584 2342 diu
3601 2305 3742 2341 com-

2143 2389 2414 2448 moratus,
2447 2383 2586 2436 nihil
2617 2383 2768 2437 aliud
2813 2384 2929 2453 jam
2965 2399 3131 2454 quam
3166 2387 3406 2434 mortem
3451 2377 3742 2432 imminere

2141 2471 2244 2524 sibi
2273 2472 2496 2524 videbat
2531 2490 2541 2523 :
2575 2472 2644 2525 ad
2677 2488 2814 2541 quos
2834 2488 2959 2524 cum
2975 2469 3228 2540 fugisset,
3253 2467 3506 2521 narravit
3533 2465 3736 2529 omnia,

2143 2577 2265 2631 qua
2281 2561 2434 2614 intus
2455 2560 2715 2614 detentus
2738 2559 3169 2613 resciverat.Ubi
3184 2559 3254 2611 de
3286 2555 3571 2610 adulterio
3591 2553 3743 2607 nulla

2142 2649 2415 2705 universis
2445 2650 2716 2704 remansit
2763 2649 3058 2714 dubitatio,
3086 2649 3154 2701 de
3179 2645 3478 2718 praestigiis
3520 2643 3742 2698 sortileo

2141 2756 2343 2810 gorum
2375 2746 2430 2794 et
2471 2738 2905 2794 divinationibus
2941 2759 2952 2794 :
2987 2744 3234 2808 tuncque
3264 2753 3364 2807 per
3389 2751 3520 2788 eum
3551 2731 3743 2786 audita

2143 2834 2295 2892 sunt,
2314 2834 2527 2900 quanta
2547 2834 2603 2882 et
2617 2829 2805 2901 qualia
2821 2845 3096 2898 nusquam
3118 2829 3236 2897 jam
3269 2822 3611 2879 remansisse
3630 2838 3744 2874 cre-

2146 2916 2574 2988 debantur,quae
2587 2924 2722 2970 tunc
2743 2934 2808 2972 ex
2831 2917 2986 2971 omni
3006 2922 3165 2988 parte
3195 2915 3348 2968 orbis
3367 2913 3439 2966 ad
3468 2911 3744 2988 palatium

2147 3006 2355 3059 coierat
2373 3006 2737 3078 [f.coierant].
2753 3023 2816 3059 ac
2834 3005 2879 3060 si
2894 3005 3271 3060 Antichristus
3281 3020 3409 3056 cum
3421 3003 3539 3055 suis
3567 2999 3744 3053 male-

2145 3094 2284 3152 ﬁciis
2315 3096 2685 3169 apparuisset.
2700 3095 2784 3149 Ad
2812 3096 3072 3150 ultimum
3093 3111 3222 3148 vero
3245 3093 3313 3146 de
3333 3108 3468 3145 nece
3487 3089 3668 3162 patris
3687 3093 3743 3140 et

2142 3183 2210 3236 de
2239 3185 2414 3240 totius
2438 3185 2658 3256 imperii
2685 3186 2859 3239 edixit
2887 3183 3266 3248 subversione,
3286 3182 3532 3252 qualiter
3556 3177 3742 3248 auspi-

2140 3272 2258 3337 ciis,
2283 3273 2554 3344 auguriis,
2574 3273 2836 3332 consiliis.
2865 3280 3034 3346 atque
3062 3272 3300 3337 insidiis,
3320 3286 3541 3324 necnon
3552 3275 3610 3322 et
3622 3285 3742 3321 om-

2136 3361 2301 3417 nibus
2332 3363 2591 3433 malignis
2613 3362 2827 3416 artibus
2849 3369 2996 3420 esset
3021 3363 3331 3434 praeﬁxum.
3357 3361 3516 3413 Tunc
3546 3373 3741 3411 omnes

2138 3449 2195 3504 hi
2221 3467 2478 3520 proceres
2507 3457 2562 3504 et
2594 3450 2690 3503 ﬁlii
2720 3451 2850 3511 duo.
2885 3451 3160 3504 Melanius
3190 3455 3248 3503 et
3276 3449 3606 3508 Gratianus,
3647 3443 3740 3514 qui

2140 3540 2392 3605 aderant,
2417 3539 2728 3594 decernunt
2741 3539 2926 3615 potius
2956 3540 3100 3595 mori
3129 3539 3332 3593 debere
3354 3553 3650 3608 eos,quam
3663 3535 3743 3587 ul-

2139 3633 2228 3682 tra
2257 3629 2374 3682 haec
2404 3645 2625 3700 quoque
2667 3630 3004 3690 consentire,
3049 3636 3114 3683 ut
3159 3646 3305 3683 unus
3335 3628 3416 3682 eis
3446 3629 3736 3681 scelestus.

2138 3718 2449 3789 ﬂagitiosus
2477 3723 2534 3771 et
2551 3723 2747 3771 auctor
2766 3719 2938 3772 totius
2968 3719 3192 3772 malitiae
3221 3717 3485 3771 omnibus
3513 3721 3660 3770 esset
3681 3716 3740 3768 in

2139 3807 2556 3870 contumeliam,
2586 3806 2646 3858 in
2673 3807 2915 3868 ruinam,
2952 3813 3009 3860 et
3045 3808 3104 3860 in
3135 3805 3500 3878 opprobrium
3539 3805 3740 3875 sempi-

2137 3900 2380 3950 ternum.
2414 3895 2572 3958 Quod
2594 3912 2727 3949 sane
2759 3896 3054 3949 consilium
3086 3900 3142 3949 et
3180 3895 3571 3949 deﬁnitionem
3607 3901 3738 3948 tunc

2135 3985 2404 4039 Arsenius
2424 4001 2552 4038 cum
2584 3985 2770 4038 divino
2790 3985 2990 4039 timore
3013 4001 3253 4039 moerens
3282 4001 3347 4038 ac
3385 3984 3588 4038 dolens
3614 4000 3740 4037 con-

2138 4071 2312 4125 sensit
2339 4091 2349 4123 :
2378 4071 2511 4142 quia
2538 4073 2753 4126 nullum
2787 4075 2908 4142 jam
2939 4074 3113 4128 alium
3143 4073 3414 4127 evadendi
3447 4073 3737 4146 ingenium

2137 4160 2384 4214 invenire
2415 4161 2598 4231 potuit
2624 4179 2639 4211 :
2673 4179 2784 4215 non
2812 4168 2876 4216 ut
2895 4164 3182 4233 Augustus
3211 4162 3450 4235 imperio
3484 4163 3739 4233 privare-

2135 4258 2248 4316 tur,
2277 4258 2376 4304 aut
2405 4252 2697 4306 inhoneste
2723 4259 3018 4323 (quantum
3050 4252 3127 4306 rei
3159 4257 3390 4306 eventus
3413 4252 3654 4316 sinebat)
3684 4252 3741 4304 in

2137 4340 2324 4412 aliquo
2352 4347 2449 4394 aut
2477 4339 2546 4393 ab
2576 4340 2764 4412 aliquo
2791 4347 3165 4408 tractaretur;
3202 4341 3298 4394 sed
3329 4346 3392 4394 ut
3419 4339 3598 4394 hostis
3628 4339 3741 4409 pel-

457 4416 568 4478 iter
589 4416 866 4492 arriperet
894 4437 989 4474 rex
1019 4427 1078 4474 et
1103 4422 1315 4491 regina,
1352 4424 1502 4476 illius
1525 4426 1840 4482 saevissimae
1857 4427 2046 4485 bestiae
2067 4421 2113 4478 D
2135 4428 2347 4485 leretur
2377 4446 2488 4481 una
2522 4447 2648 4486 cum
2679 4431 2794 4484 suis
2839 4430 3233 4502 complicibus;
3263 4436 3319 4484 et
3348 4432 3592 4484 mmchia
3619 4447 3739 4501 quae

455 4505 691 4576 ducatu;
725 4508 843 4562 ibat
865 4511 1152 4583 Augustus
1183 4513 1342 4584 quasi
1373 4513 1639 4570 innocens
1670 4531 1850 4586 agnus
1880 4519 1950 4572 ad
1975 4520 2056 4574 vi-
2135 4520 2251 4591 jam
2268 4517 2489 4591 publica
2510 4526 2649 4583 erat,
2679 4520 2734 4572 in
2758 4519 3140 4576 confusionem
3164 4519 3416 4573 omnium
3439 4537 3508 4573 ne
3526 4519 3741 4574 diutius

454 4594 713 4659 ctimam;
743 4595 859 4650 ibat
896 4597 1204 4672 imperator
1237 4617 1472 4674 magnus
1507 4609 1564 4658 et
1591 4604 1855 4673 clemens,
1890 4607 2053 4661 decc-.-
2137 4609 2432 4661 celaretur.
2467 4608 2755 4679 Sortilegae
2785 4608 2988 4662 ibidem
3013 4616 3352 4680 aggregatae,
3385 4609 3588 4675 divini,
3617 4626 3743 4663 con-

453 4688 585 4758 ptus
614 4701 646 4736 a
677 4701 789 4760 qua
817 4701 942 4740 eum
984 4688 1244 4742 Salomon
1275 4705 1468 4746 cavere
1498 4699 1809 4762 monuerat,
1834 4694 1946 4750 imo
1977 4697 2051 4749 le-

454 4770 620 4830 nonis
637 4773 887 4847 ejusdem
910 4775 1128 4833 insidiis
1134 4777 1226 4848 ,ad
1246 4784 1488 4836 mortem
1509 4798 1520 4832 :
1549 4781 1643 4852 qui
1669 4798 1780 4838 non
1812 4782 1881 4836 ob
1898 4784 2051 4838 aliud

455 4857 800 4927 servabatur,
819 4861 927 4920 nisi
957 4866 1077 4932 ejus
1104 4872 1380 4938 potestate
1402 4869 1496 4938 jus
1513 4867 2050 4941 diripereturlmpe-

451 4945 542 5020 rii,
564 4951 621 5004 et
642 4946 796 5006 fraus
823 4948 1034 5006 inimici
1063 4953 1404 5012 redundaret
1431 4955 1489 5012 in
1524 4972 1736 5012 omnes.
1762 4958 1936 5011 Nemo
1953 4959 2052 5030 igi-

451 5039 548 5088 tur
565 5041 651 5094 est
670 5035 766 5114 qui
785 5037 1166 5110 credat,nemo
1184 5043 1278 5118 qui
1294 5044 1564 5117 recogitet
1584 5053 1874 5120 quaegesta
1893 5054 2044 5114 sunt,

453 5139 576 5201 quae
596 5129 743 5192 acta,
770 5125 1013 5200 qualiter
1041 5135 1140 5182 aut
1162 5139 1396 5206 quanta:
1432 5132 1635 5188 idcirco
1664 5151 1827 5193 nemo
1848 5141 1934 5189 est
1949 5136 2044 5207 qui

449 5211 745 5284 intelligat,
782 5231 884 5268 cur
910 5221 1010 5269 aut
1039 5220 1318 5287 quomodo
1339 5223 1656 5287 acciderint,
1668 5225 1830 5294 quive
1850 5236 2043 5281 aucto-

449 5315 543 5361 res
558 5301 767 5364 fuerint
795 5304 949 5373 mali,
983 5305 1067 5360 vel
1097 5306 1191 5379 qui
1220 5305 1368 5366 boni.
1413 5312 1717 5384 Propterea
1745 5331 1937 5370 omnes
1961 5317 2042 5376 ἰη-

450 5388 572 5455 acii.
593 5391 724 5450 ωαιι
754 5399 812 5450 et
840 5393 1391 5464 pessimi.Arscnium
1411 5401 1658 5470 culpant,
1678 5403 1837 5472 quasi
1856 5405 2043 5462 incen-

447 5481 630 5532 torein
649 5481 946 5538 malorum.
970 5484 1193 5539 Interea
1210 5501 1338 5539 cum
1361 5487 1476 5541 hac
1507 5489 1588 5543 lta
1601 5494 2044 5564 aguntur,lmpe-

449 5570 623 5637 rator,
641 5583 707 5623 ac
731 5569 782 5624 si
807 5586 988 5640 agnus
1015 5572 1283 5629 innocens
1306 5575 1379 5630 ad
1405 5576 1840 5647 victimam,cum
1868 5583 2038 5640 aloco

2131 4699 2374 4767 jectores
2399 4701 2455 4748 et
2486 4696 2647 4762 muti,
2665 4713 2766 4749 nec
2795 4712 2906 4750 non
2924 4697 3314 4763 somniatores,
3338 4703 3397 4751 et.
3415 4698 3473 4752 hi
3495 4699 3593 4770 qui
3615 4703 3743 4751 exta

2135 4784 2526 4850 consulebant;
2586 4785 2671 4840 vel
2722 4785 2816 4838 alii
2851 4789 3211 4860 quamplures
3259 4790 3524 4861 malignis
3583 4791 3743 4845 insti-

2133 4869 2242 4928 tuti
2292 4873 2526 4941 artibus,
2561 4891 2594 4928 a
2622 4891 2779 4928 sacro
2807 4876 3153 4949 pellerentur
3180 4879 3388 4952 palatio
3425 4899 3436 4932 :
3493 4896 3738 4952 quorum

2133 4964 2293 5013 tanta
2349 4967 2406 5014 et
2449 4962 2584 5015 talia
2642 4969 2804 5016 erant
2857 4965 3270 5020 nefandissimae
3328 4966 3467 5023 artis
3531 4985 3738 5042 praesa-

2131 5049 2246 5125 gia,
2306 5051 2476 5105 etiam
2518 5056 2583 5105 ut
2633 5053 2904 5126 plurimos
2963 5053 3279 5114 traherent_
3308 5055 3365 5108 in
3431 5072 3731 5109 errorem:

2131 5139 2264 5210 quia
2319 5139 2654 5193 videbantur
2689 5140 2878 5196 omnia
2923 5141 3207 5197 diabolica:
3259 5143 3396 5196 artis
3457 5144 3735 5212 ﬁgmenta

2129 5227 2187 5281 in
2217 5229 2425 5282 mundo
2462 5230 2847 5300 repullulasse,
2877 5231 2933 5285 in
2965 5238 3204 5299 tantum,
3238 5250 3365 5287 cum
3394 5234 3512 5288 hac
3539 5235 3734 5288 omnia

2124 5318 2205 5373 ita
2230 5318 2423 5374 fraude
2451 5335 2552 5376 seu
2576 5319 2702 5374 dolo
2728 5320 2878 5378 circa
2902 5322 3216 5392 Augustum
3247 5330 3645 5394 agerentur,ut
3673 5324 3736 5377 in

2125 5407 2278 5462 nullo
2300 5407 2522 5478 penitus
2569 5409 2780 5463 sentire
2827 5418 3015 5480 posset
3044 5413 3293 5482 quotidie
3324 5430 3451 5484 qua
3493 5414 3728 5471 ﬁebant.

2123 5495 2388 5566 Alioquin
2405 5497 2697 5551 malitiosis
2735 5498 2842 5553 nisi
2863 5505 3008 5553 esset
3045 5507 3360 5571 praeventus
3379 5503 3620 5562 artibus.
3633 5519 3732 5558 ne-

2124 5599 2408 5656 quaquam
2419 5584 2540 5640 ﬁeri
2552 5591 2758 5658 posset,
2785 5591 2848 5642 ut
2875 5587 3232 5644 ﬁdelissimos
3253 5606 3509 5663 quosque
3529 5607 3729 5647 consu«
