4000 6170
314 212 452 272 1621
958 218 1052 273 DE
1087 218 1260 275 VITA
1299 220 1554 287 WALE,
1597 222 1731 277 SEU
1770 219 2215 277 EPITAPHIUM
2251 217 2561 274 ARSENH.
2597 247 2663 259 —
2691 218 2829 274 LIB.
2869 217 2942 273 II.
3445 215 3588 272 £699

314 338 395 394 les
414 342 473 399 et
486 340 869 396 sanctissimos
888 343 1154 413 praesules
1171 359 1284 400 non
1306 345 1546 408 audiret,
1559 346 1646 400 vel
1660 346 1975 407 crederetA
1994 361 2163 417 quam
2194 342 2434 415 populus
2461 357 2714 413 unquam
2758 343 2955 398 fecisse
3002 343 3296 399 cernitur:
3349 343 3483 415 quia
3528 348 3590 397 et

313 428 421 484 sibi
440 428 578 483 talia
614 428 997 495 narrantibus,
1022 448 1161 502 quos
1203 434 1334 487 olim
1357 451 1578 505 semper
1598 435 1654 488 in
1681 434 1911 490 consilio
1994 450 2095 504 ego
2127 433 2282 504 prior
2310 430 2509 485 admisi
2538 436 2596 484 et
2622 431 2745 495 feci,
2778 433 2966 501 qualia
2994 432 3181 486 nullus
3210 437 3341 486 ante
3368 448 3457 487 me
3489 446 3589 485 rex

313 517 608 573 habuerat.
646 519 771 573 Non
801 520 951 573 enim
981 521 1154 576 alium
1201 522 1258 576 in
1304 524 1412 576 ﬁde
1448 523 1769 595 recipiebat,
1802 524 1912 578 nisi
1992 522 2189 577 fecisse
2228 519 2531 574 invenitur.
2566 520 2631 573 Et
2676 519 2821 580 ideo,
2854 520 3055 590 inquit,
3086 521 3298 604 gratias
3328 520 3586 591 omnipo-

316 616 484 677 quem
518 606 739 661 Justina
775 608 943 663 vellet
975 626 988 663 :
1020 625 1202 682 neque
1229 611 1402 665 alium
1444 617 1542 666 aut
1569 613 1784 678 audire,
1813 618 1913 667 aut
1992 611 2134 666 tenti
2164 611 2300 666 Deo.
2327 608 2423 679 qui
2442 613 2561 662 tam
2582 608 2884 664 imminens
2917 610 3127 662 malum
3153 609 3225 663 ad
3254 613 3372 663 tam
3402 608 3593 679 paciﬁ-

314 695 547 765 diligere
594 696 834 762 valebat,
890 702 990 751 aut
1029 699 1321 765 assentire,
1355 717 1645 772 quousque
1675 701 1782 755 ista
1826 701 1911 754 vi-
1994 716 2121 753 cum
2165 698 2395 752 deduxit
2438 697 2672 750 exitum.
2723 697 2897 750 Porro
2949 696 3211 767 deinceps
3259 697 3403 751 nihil
3446 696 3581 761 tale,

312 789 578 854 guerunt,
605 784 715 839 nisi
746 801 914 855 quem
933 786 1032 839 illa
1055 786 1106 840 ei
1129 787 1187 841 in
1211 788 1319 841 ﬁde
1340 788 1768 843 commendabat
1793 807 1804 839 :
1833 793 1908 863 et,
1994 788 2137 842 nihil
2165 788 2285 841 sine
2314 790 2498 840 vestro
2527 785 2758 839 consilio
2786 801 2877 838 me
2905 790 3163 839 acturum
3188 785 3426 839 ulterius
3454 800 3589 867 pro-

316 873 466 943 quod
506 873 882 944 prodigiosius
912 881 1017 949 est,
1070 881 1133 929 ut
1177 876 1353 939 aiunt,
1397 894 1501 930 nec
1549 877 1701 931 aliud
1749 877 1908 944 velle,
1994 878 2175 931 ﬁteor.
2208 875 2512 946 Imperium
2541 889 2786 944 namque
2816 889 2850 927 a
2872 889 2982 939 me,
3009 878 3075 927 ut
3101 873 3235 927 olim
3264 872 3590 927 ordinatum

316 966 523 1032 praeter
547 977 670 1031 qum
699 962 821 1032 ipsa
848 961 1029 1016 vellet.
1056 963 1216 1017 Unde
1240 964 1469 1034 quidam
1501 965 1909 1036 episcoporum,
1996 970 2080 1019 est
2105 981 2216 1019 una
2250 964 2555 1027 vobiscum,
2590 967 2647 1017 et
2691 962 3079 1027 constitutum,
3108 961 3189 1016 ita
3229 977 3461 1016 manere
3486 961 3590 1015 de-

315 1065 444 1104 eum
473 1066 663 1104 coram
710 1066 775 1104 eo
804 1056 1056 1105 astarent
1097 1069 1291 1106 omnes
1326 1054 1592 1123 praesules
1620 1054 1827 1108 Christi
1857 1059 1913 1108 et
1995 1071 2161 1109 cerno
2190 1058 2247 1107 et
2272 1054 2414 1107 volo.
2456 1053 2704 1107 Feminae
2733 1068 2954 1122 quoque
2982 1051 3131 1115 huic,
3166 1067 3335 1122 quam
3364 1050 3589 1120 adjudi-

316 1144 547 1193 senatus
576 1139 750 1193 totius
778 1140 1021 1209 imperii,
1063 1157 1165 1194 nec
1204 1157 1317 1195 non
1343 1147 1401 1195 et
1434 1142 1615 1196 omnis
1651 1143 1909 1213 populus,
1996 1144 2184 1207 castis,
2220 1142 2353 1213 quia
2380 1158 2506 1195 mea
2534 1146 2621 1195 est
2657 1142 2714 1195 in
2756 1140 2854 1194 illa
2881 1140 3040 1199 ultio.
3068 1141 3231 1210 juxta
3261 1154 3591 1193 communes

314 1243 559 1299 eumque
582 1229 703 1298 jam
737 1235 1040 1299 arguerent
1068 1230 1346 1284 constanti
1378 1232 1487 1284 ﬁde
1516 1249 1616 1301 pro
1655 1232 1862 1285 talibus
1895 1251 1906 1285 :
1994 1234 2170 1303 leges,
2210 1231 2351 1284 sicut
2391 1230 2711 1301 depescitis,
2743 1229 2915 1283 vitam
2955 1228 3196 1283 concedo
3225 1246 3238 1280 :
3280 1228 3362 1281 ita
3395 1232 3590 1282 tamen

317 1316 462 1380 Scio,
495 1316 697 1388 inquit,
732 1318 986 1397 quamvis
1015 1319 1151 1373 talia
1190 1325 1246 1373 et
1280 1325 1438 1373 tanta
1478 1337 1598 1391 quae
1627 1320 1909 1385 dicuntur,
1992 1324 2059 1373 ut
2104 1319 2207 1373 sub
2252 1335 2409 1372 sacro
2454 1319 2729 1372 velamine
2758 1326 2783 1357 ι
2811 1318 3074 1388 deinceps
3118 1317 3321 1387 degeat
3367 1317 3499 1384 (sic),
3531 1318 3590 1369 et

314 1405 463 1459 male
508 1406 774 1476 deceptus
834 1407 919 1460 his
975 1407 1190 1462 artibus
1236 1409 1507 1463 hactenus
1555 1410 1906 1475 assensisses,
1992 1408 2382 1478 pcenitentiam
2420 1411 2598 1477 gerat.
2636 1426 2660 1458 ι
2695 1405 2908 1470 Quibus
2935 1406 3017 1460 ita
3044 1406 3274 1476 paciﬁce
3301 1405 3359 1459 in
3388 1404 3587 1458 eadem

312 1510 442 1548 cum
471 1493 561 1548 bis
589 1501 789 1549 exutus
814 1496 988 1549 fueris
1015 1497 1219 1567 quibus
1246 1497 1485 1561 vestiris,
1522 1497 1654 1567 quia
1680 1504 1737 1551 te
1767 1498 1909 1551 reci-
1993 1496 2258 1550 concione
2306 1495 2611 1566 dispositis.
2644 1495 2925 1549 relevatur
2968 1494 3027 1548 in
3068 1495 3271 1548 throno
3305 1493 3586 1563 gloriosus

311 1582 451 1654 pies,
490 1588 548 1637 et
574 1582 686 1637 eris
721 1584 966 1655 optimus
994 1584 1318 1656 imperator,
1352 1585 1499 1656 quod
1530 1602 1753 1657 semper
1780 1593 1955 1657 antei
1993 1584 2318 1653 imperator,
2352 1587 2411 1636 et
2435 1583 2673 1653 erigitur
2698 1599 2825 1636 cum
2856 1582 3136 1647 laudibus,
3167 1586 3225 1636 et
3247 1581 3508 1635 subditur
3535 1580 3588 1635 ei

312 1669 489 1725 fuisti.
1654 1656 1667 1657 ί
1926 1656 1975 1715 Β
1991 1671 2174 1725 omnis
2195 1671 2433 1742 populus
2461 1672 2520 1724 in
2543 1672 2654 1725 ﬁde
2677 1671 2920 1742 amplius
2939 1671 3138 1734 ﬁdelis,
3165 1670 3211 1724 si
3234 1675 3425 1742 posset
3443 1668 3586 1736 ﬁeri,

939 1777 1276 1815 annonarus.
1992 1776 2163 1830 quam
2213 1760 2386 1829 prius.
2437 1760 2589 1813 Talis
2633 1760 2839 1839 quippe
2885 1764 2972 1812 est
3010 1759 3315 1813 inﬁdelitas
3340 1754 3586 1824 Arsenii,

382 1850 431 1903 A
459 1848 661 1903 saeculo
691 1848 1015 1919 hujusmodi
1060 1866 1149 1903 res
1198 1854 1379 1920 gesta,
1413 1856 1686 1921 quantum
1725 1851 1905 1918 video,
1991 1848 2131 1901 falso
2169 1853 2234 1901 ut
2277 1848 2598 1918 opinantur,
2634 1847 2835 1917 quibus
2874 1863 2987 1900 non
3026 1851 3113 1901 est
3158 1847 3585 1917 prsecognitum,

316 1952 429 1991 non
453 1937 680 2015 legitur.
712 1943 779 1992 ut
805 1937 1043 2009 populus
1068 1954 1169 2009 pro
1199 1938 1451 2009 principe
1479 1945 1673 1993 contra
1703 1939 1911 2010 princi-
1994 1936 2143 2007 quod
2172 1952 2273 1990 suo
2292 1936 2531 2006 sapienti
2558 1935 2788 1989 consilio
2810 1941 3117 2007 tyrannum
3143 1934 3492 2006 praevenerit,
3514 1950 3590 1989 ne

314 2042 441 2102 pem
460 2026 540 2079 sic
557 2031 768 2095 ageret.
784 2026 915 2080 Fuit
933 2026 1104 2092 enim,
1122 2027 1360 2092 aestimo,
1378 2032 1475 2080 aut
1493 2027 1666 2081 nimia
1686 2027 1910 2081 dilectio
1994 2027 2289 2109 perﬁceret
2309 2042 2431 2096 qua:
2454 2024 2806 2090 moliebatur,
2826 2029 2893 2078 ut
2913 2024 3218 2095 perimeret
3245 2025 3587 2094 Augustum,

315 2119 639 2167 senatorum
688 2119 745 2166 et
784 2114 1088 2183 praesulum
1131 2113 1278 2167 circa
1323 2117 1641 2193 Augustum
1689 2122 1745 2169 et
1789 2118 1912 2186 ejus
1994 2116 2321 2185 prolemque
2372 2115 2495 2183 ejus
2543 2130 2764 2167 omnem
2813 2113 3214 2183 exstingueret,
3254 2116 3312 2165 et
3354 2126 3589 2167 uxorem

311 2201 548 2271 prolem,
582 2201 1016 2255 clarescentibus
1046 2202 1248 2266 causis,
1275 2202 1423 2273 quod
1452 2220 1580 2257 eum
1612 2209 1729 2257 tam
1759 2221 1905 2258 reve—

312 2292 506 2340 renter
529 2303 725 2340 rursus
750 2288 977 2357 erigunt
999 2288 1057 2342 in
1085 2305 1319 2358 regnum
1343 2309 1355 2355 ;
1389 2296 1489 2345 aut
1514 2308 1658 2345 cmca
1681 2292 1910 2345 temeri-

312 2379 421 2438 tas,
453 2374 602 2444 quod
622 2375 761 2428 talia
788 2392 1193 2453 praesumpsere
1210 2377 1379 2431 nullis
1410 2379 1774 2445 exstantibus,
1803 2380 1911 2433 nisi

311 2462 464 2531 vulgi
486 2462 874 2529 aestimatione,
899 2465 1102 2529 causis,
1124 2467 1375 2521 moechiaa
1402 2468 1911 2540 sortilogorumque

312 2554 371 2603 et
397 2550 522 2604 allis
554 2550 894 2621 quibuslibet
925 2554 1295 2624 quorumdam
1327 2555 1575 2609 offensis.
1608 2557 1765 2611 Unde
1796 2575 1910 2612 non

312 2638 453 2692 mihi
473 2639 712 2704 videtur,
740 2641 888 2711 quod
908 2659 1009 2712 pro
1033 2642 1241 2697 talibus
1259 2643 1490 2698 deberet
1510 2645 1693 2699 omnis
1713 2646 1909 2717 religio

308 2727 686 2782 ecclesiastica
705 2735 761 2783 et
789 2729 926 2783 ordo
945 2729 1116 2784 totius
1140 2731 1330 2801 populi
1349 2732 1595 2787 itatenus
1618 2734 1910 2804 insurgere

309 2820 369 2871 et
414 2818 753 2871 commoveri
802 2817 1067 2872 adversus
1111 2819 1406 2885 Caesarem,
1438 2821 1546 2874 nisi
1575 2821 1717 2877 forte
1756 2823 1907 2878 aliud

305 2904 502 2969 lateat,
526 2905 673 2975 quod
700 2906 927 2981 gravius
956 2907 1226 2964 videatur.
1254 2908 1322 2963 Et
1350 2909 1454 2963 hoc
1482 2911 1746 2984 petimus,
1778 2912 1911 2982 quia

1994 2220 2163 2274 quam
2220 2202 2524 2255 inﬁdeliter
2568 2202 3043 2272 ceinquinaverat,
3100 2201 3391 2271 acciperet.
3444 2201 3589 2257 Cum

1993 2308 2121 2363 qua,
2157 2291 2203 2344 si
2241 2291 2551 2347 cederetur.
2583 2291 2881 2360 imperium
2928 2290 3275 2361 pervaderet,
3309 2294 3367 2343 et
3393 2304 3591 2343 omnes

1992 2381 2241 2435 seniores
2269 2384 2435 2433 terra;
2457 2384 2557 2432 aut
2582 2379 2940 2444 interﬁceret,
2964 2384 3064 2434 aut
3091 2379 3239 2433 male
3258 2378 3592 2449 subjugaret

1993 2484 2323 2540 oppressos;
2377 2468 2465 2521 sin
2512 2467 2672 2530 alias,
2721 2468 2792 2521 ad
2844 2468 3173 2539 Hispaniam
3205 2484 3333 2522 cum
3364 2467 3486 2538 ipsa
3527 2483 3589 2521 se

1991 2561 2403 2627 transponeret.
2433 2556 2738 2626 Propterea
2775 2571 2908 2626 ergo
2935 2557 3088 2611 dedit
3122 2572 3182 2610 se
3212 2555 3458 2626 periculo
3486 2556 3593 2608 Ar-

1994 2646 2203 2709 senius,
2234 2650 2291 2699 et
2316 2633 2574 2700 liberavit
2600 2660 2795 2699 omnes
2821 2661 2856 2698 a
2882 2645 3029 2700 tanti
3056 2644 3282 2699 sceleris
3303 2644 3471 2698 malo.
3489 2640 3591 2696 Ni-

1990 2734 2071 2787 hil
2115 2734 2306 2805 itaque
2352 2733 2502 2787 idem
2550 2738 2746 2787 contra
2792 2734 3090 2793 Caesarem,
3125 2732 3379 2804 quamvis
3420 2731 3589 2786 aliter

1990 2823 2151 2876 inscii
2180 2822 2554 2892 malignantes
2574 2822 2857 2889 sentiant;
2888 2822 2986 2876 sed
3013 2838 3115 2893 pro
3138 2822 3357 2877 Caesare
3379 2820 3511 2875 fecit
3529 2826 3590 2875 et

1990 2911 2246 2982 imperio,
2262 2926 2362 2982 pro
2390 2910 2575 2981 patria
2593 2916 2650 2964 et
2674 2927 2775 2981 pro
2803 2909 3062 2964 omnibus
3091 2910 3398 2981 majoribus
3423 2915 3586 2978 natu,

308 2992 369 3046 in
416 2994 614 3048 eadem
664 2994 931 3049 concione
978 3001 1036 3049 et
1088 2996 1314 3066 negotio
1344 2997 1499 3052 fuisti
1523 3017 1536 3065 ;
1588 2999 1753 3070 paulo
1794 3001 1909 3054 cla-
1928 3005 1972 3066 α
1992 3017 2092 3071 pro
2122 3000 2231 3054 ﬁde
2260 3005 2318 3054 et
2340 3000 2457 3054 zelo
2487 3000 2606 3064 Dei,
2640 3015 2741 3070 pro
2765 2999 3035 3070 religione
3061 2998 3503 3054 Christianitatis
3530 3006 3591 3054 et

309 3081 429 3135 rius
457 3083 699 3153 aperias,
728 3089 794 3138 ut
821 3084 1091 3140 Arsenius
1130 3091 1325 3140 noster
1351 3086 1531 3156 magis
1571 3087 1907 3143 excusabilis

307 3170 589 3225 videatur.
1472 3160 1475 3163 I
1590 3190 1597 3195 '

940 3261 1176 3318 CAPUT
1204 3264 1276 3317 Χ.

930 3365 998 3407 ΡΑ
1005 3366 1280 3407 SCHASIUS.

377 3435 678 3501 Verum,ut
687 3436 788 3503 ais,
805 3437 864 3491 in
878 3438 1073 3492 eadem
1090 3440 1355 3494 concione
1368 3457 1457 3494 me
1471 3440 1662 3507 fuisse,
1679 3441 1903 3512 quando

304 3524 550 3578 universi
581 3519 1061 3596 principes'simul
1108 3528 1355 3599 paciﬁce,
1391 3535 1664 3601 quantum
1693 3530 1903 3584 intelli-

301 3628 436 3681 gere
462 3618 599 3668 tunc
616 3613 921 3684 potuimus,
946 3616 1257 3685 aggregati,
1278 3617 1347 3671 de
1378 3618 1465 3672 his
1490 3618 1745 3672 altercati
1770 3624 1904 3673 sunt

304 3711 503 3755 contra
529 3703 871 3772 Augustum,
905 3720 1018 3757 non
1046 3704 1233 3759 abnuo
1266 3724 1277 3758 :
1314 3706 1410 3760 sed
1436 3706 1626 3760 omnia
1658 3707 1903 3761 retinere

308 3805 430 3860 quae
477 3790 648 3849 dicta.
682 3807 872 3861 quaeve
912 3809 1182 3864 responsa
1227 3794 1359 3860 sint,
1394 3795 1621 3849 omnino
1663 3812 1899 3867 nequeo.

308 3878 428 3932 Nec
461 3878 654 3950 itaque
687 3880 914 3947 mirum,
947 3898 1073 3935 cum
1095 3888 1152 3936 et
1165 3900 1261 3937 vos
1277 3899 1344 3937 ea
1360 3900 1472 3938 non
1502 3884 1764 3949 recolitis,
1781 3902 1905 3955 quas

309 3967 369 4020 in
396 3966 551 4021 brevi
580 3968 748 4047 paulo
778 3970 1039 4040 superius
1066 3972 1485 4027 connumeravi.
1512 3973 1777 4043 Alioquin
1797 3973 1906 4028 nisi

310 4056 611 4111 immemor
637 4073 807 4122 esses,
840 4063 989 4113 certe
1037 4064 1137 4113 aut
1162 4060 1571 4129 calumniator;
1613 4078 1905 4133 nunquam

309 4161 479 4215 parva
511 4163 633 4215 qua:
676 4147 917 4201 dolenda
956 4148 1144 4214 retuli,
1179 4149 1558 4204 existimasses
1591 4168 1602 4203 :
1637 4151 1903 4222 quoniam

309 4232 451 4286 nihil
496 4234 784 4289 scelestius
833 4252 954 4289 esse
1000 4244 1206 4314 posset,
1240 4237 1287 4291 si
1337 4254 1595 4312 proceres
1638 4239 1814 4309 regni,
1847 4244 1904 4293 et

1989 3090 2169 3144 salute
2198 3088 2423 3143 civium.
2456 3087 2871 3143 Rescinduntur
2895 3104 3029 3158 ergo
3056 3104 3122 3142 eo
3153 3088 3212 3142 in
3242 3088 3388 3143 facto
3416 3089 3589 3160 paulo

1988 3183 2116 3249 post
2136 3178 2270 3247 jura
2297 3178 2485 3247 legum
2514 3177 2721 3242 omnia,
2746 3177 2935 3231 divina
2977 3176 3189 3231 scilicet
3229 3180 3286 3231 et
3313 3176 3582 3232 humana.

1990 3265 2390 3321 Occultabatur
2433 3271 2623 3319 autem
2670 3265 2847 3319 nimia
2891 3265 3064 3330 fraus,
3100 3265 3260 3335 quasi
3302 3264 3407 3320 sub
3454 3266 3587 3322 ﬁdei

1988 3355 2271 3410 schemate
2296 3360 2353 3407 et
2381 3354 2668 3407 voluntate
2699 3354 2873 3424 regia.
2898 3354 3042 3407 Hinc
3064 3354 3290 3407 hercule
3312 3358 3416 3419 est,
3436 3355 3586 3424 quod

1985 3443 2168 3497 adhuc
2210 3441 2377 3495 hodie
2414 3442 2604 3512 plures
2634 3442 2692 3495 in
2719 3430 2785 3496 eo
2815 3447 3027 3505 errant,
3060 3446 3119 3495 et
3144 3442 3342 3496 dicunt
3372 3441 3584 3496 bonum

1986 3532 2216 3595 malum,
2249 3535 2307 3584 et
2346 3530 2558 3583 malum
2589 3531 2738 3600 quod
2767 3546 2961 3584 omnes
2996 3535 3131 3584 tunc
3172 3529 3580 3595 detrectabant,

1989 3621 2216 3674 bonum.
2250 3619 2328 3672 Ex
2354 3635 2465 3689 quo
2495 3634 2629 3674 sane
2657 3620 2803 3672 malo
2843 3619 3141 3673 innumera
3179 3623 3493 3686 creverunt,
3525 3623 3585 3674 et

1987 3707 2236 3778 quotidie
2266 3707 2544 3761 atrociora
2571 3712 2830 3761 crescunt
2848 3707 3015 3763 mala.
3044 3708 3201 3761 Tunc
3228 3712 3420 3761 tamen
3450 3723 3582 3762 eum

1987 3794 2147 3864 quasi
2190 3793 2548 3848 liberatorem
2580 3794 2833 3848 omnium
2883 3809 3078 3848 omnes
3123 3794 3578 3865 magniﬁcabant,

1988 3889 2045 3936 et
2064 3882 2403 3936 extollebant
2429 3882 2635 3952 ubique
2657 3881 2934 3948 laudibus;
2967 3883 3209 3936 maxime
3237 3899 3365 3937 cum
3395 3884 3585 3939 Omear

1986 3973 2274 4040 Augustus
2303 3970 2582 4027 Honorius
2611 3970 2681 4023 ab
2705 3970 2860 4024 Italis
2881 3970 3196 4024 evocatus‘b
3223 3971 3484 4039 venisset,
3511 3988 3582 4028 eo

1989 4058 2136 4130 quod
2156 4063 2469 4113 consortem
2492 4058 2716 4129 imperii
2731 4058 3081 4114 Justinianus
3101 4058 3207 4114 sibi
3228 4060 3361 4114 olim
3383 4066 3441 4115 et
3456 4076 3582 4115 suo-

1985 4163 2262 4202 oessorem
2293 4147 2464 4201 totius
2510 4147 2845 4201 monarchite
2874 4163 3004 4201 cum
3044 4147 3330 4203 voluntate
3360 4155 3417 4203 et
3443 4164 3582 4203 cen-

1985 4253 2152 4291 sensu
2181 4236 2433 4289 omnium
2464 4252 2594 4289 eum
2636 4236 2872 4303 fecerat;
2918 4253 3085 4307 quem
3120 4252 3235 4291 una
3262 4254 3390 4292 cum
3417 4243 3580 4310 patre

309 4322 482 4375 creati
522 4324 641 4392 jam
688 4340 848 4401 reges
896 4306 1018 4391 ﬁlii,
1048 4326 1168 4379 ﬁeri
1202 4306 1589 4395 permisissent
1615 4306 1737 4399 quae
1770 4306 1968 4382 con-D
1987 4326 2248 4396 praefatus
2277 4324 2650 4378 exterminare
2678 4330 2735 4379 et
2757 4323 3080 4379 subvertere
3101 4306 3437 4390 conabatur,
3448 4343 3578 4382 eum

308 4412 622 4466 numeravi.
649 4413 808 4467 Unde
852 4430 948 4466 rex
976 4413 1035 4467 in
1082 4414 1177 4468 illa
1224 4416 1504 4480 concione,
1540 4432 1664 4470 cum
1696 4417 1902 4487 populo
1983 4414 2215 4483 reliquis
2260 4412 2527 4467 fratribus
2568 4414 2687 4467 suis
2717 4413 2943 4484 regibus
2974 4433 2987 4467 :
3020 4414 3079 4467 in
3107 4415 3265 4484 cujus
3306 4414 3578 4469 nimirum

304 4499 520 4568 gratias
548 4516 649 4570 pro
697 4500 785 4554 his
828 4501 1096 4570 referret;
1144 4504 1398 4574 quamvis
1443 4505 1502 4558 in
1545 4504 1711 4559 corde
1749 4503 1901 4557 aliud
1983 4503 2226 4557 adventu
2268 4501 2471 4555 detecti
2519 4507 2651 4556 sunt
2696 4502 2945 4573 plurimi,
2989 4508 3047 4556 et
3088 4518 3210 4573 qua
3248 4501 3579 4558 dicebantur

304 4588 584 4642 occuleret
616 4606 627 4643 :
663 4609 686 4641 ι
720 4590 831 4645 Vos
860 4590 1030 4657 enim,
1054 4591 1254 4662 inquit,
1279 4593 1504 4656 fecistis,
1539 4592 1728 4663 qualia
1756 4608 1897 4646 nun-
1983 4596 2251 4647 reserata.
2284 4590 2392 4644 Pro
2416 4606 2527 4669 quo
2555 4590 2786 4644 consilio
2811 4590 2963 4645 illius
2990 4590 3149 4644 furiis
3175 4590 3351 4645 frater
3377 4597 3418 4657 °,
3444 4592 3578 4663 quia

378 4739 405 4774 ιι
434 4730 563 4812 Vita
589 4730 858 4812 Ludovici
879 4733 964 4793 Pii
992 4733 1068 4812 ad,
1092 4750 1301 4812 annum
1330 4733 1453 4801 830,
1486 4753 1595 4806 quo
1614 4736 1743 4812 haec
1769 4752 1897 4791 con.
1975 4735 2303 4812 attonitique
2315 4747 2483 4812 porro
2507 4748 2610 4812 sua
2653 4734 2979 4812 imperator.
2998 4737 3205 4812 tempus
3234 4734 3580 4812 deligerandt'

306 4799 586 4873 tigerunt:
605 4804 673 4863 At
692 4820 815 4857 vero
836 4807 1138 4872 imperator
1152 4810 1211 4858 ut
1230 4822 1420 4863 eorum
1436 4799 1894 4875 conspirationem
1978 4806 2232 4875 poposcit
2261 4799 2468 4855 Cbnfer
2493 4799 2745 4875 Annales
2770 4799 3144 4875 Bertinignoé.
3170 4803 3233 4867 in.
3252 4804 3456 4875 quibus.
3483 4805 3578 4870 Ju-

310 4877 505 4924 contra
544 4889 624 4951 se
644 4879 693 4926 et
722 4891 965 4951 Auroram
999 4877 1451 4951 Bernafdumque
1479 4873 1901 4951 obstinatissime
1982 4875 2140 4927 ditha
2168 4873 2237 4951 ad
2284 4873 2685 4951 monasterium
2733 4880 2935 4951 sanctae
2985 4873 3343 4951 R_adegundis
3390 4876 3579 4951 Picta—

310 4946 575 5010 comperit
588 4942 1748 5015 feraliterarmatam;Bernardumquidem
1760 4951 1904 5015 fuga
1984 4961 2079 4998 vos
2107 4945 2277 4998 missa
2321 4942 2513 5009 fuisse,
2546 4949 2603 4996 et
2646 4944 2966 4998 Bernardus
3010 4942 3381 5000 Barcinonam
3423 4945 3578 4999 refu-

306 5015 567 5086 praszdio
591 5030 644 5067 se
663 5020 1001 5069 committere
1016 5020 1289 5085 permisit,
1304 5034 1530 5071 umorem
1548 5024 1735 5072 autem
1758 5022 1901 5073 Lau-
1981 5016 2133 5086 gisse
2159 5015 2439 5069 dicuntur.

308 5083 455 5135 duni
489 5100 611 5147 esse,
645 5090 693 5137 et
720 5089 782 5139 in
810 5083 1142 5140 monasterio
1172 5088 1381 5141 Sancta
1418 5090 1608 5141 Maria;
1644 5092 1902 5141 consitere
1990 5083 2010 5086 ’
2055 5086 2083 5125 h
2114 5087 2325 5155 Nempe
2351 5088 2497 5138 circa
2523 5101 2763 5139 mensem
2798 5087 3033 5149 Maium,
3064 5104 3128 5142 ex
3159 5087 3285 5142 Vita
3314 5086 3579 5140 Ludovici

310 5156 504 5229 yatttit,
532 5157 639 5225 ipse
657 5162 841 5212 autem
860 5159 1253 5229 compendium
1271 5162 1448 5229 petiit.
1475 5159 1643 5217 Addit
1671 5161 1898 5224 Auctor,
1978 5158 2098 5229 jam
2148 5157 2338 5229 citata,
2391 5172 2559 5229 qnam
2607 5162 2670 5221 tu
2715 5159 2943 5219 consule
2989 5164 3045 5223 et
3091 5158 3279 5223 confer
3304 5173 3434 5221 cum
3472 5157 3579 5221 hac

311 5174 504 5234 ventu,
532 5174 639 5225 ιρεϐ
657 5174 841 5212 autem
860 5174 1253 5225 compendium
1269 5174 1448 5287 ﬁtﬁt.
1475 5174 1643 5217 nouit
1671 5174 1898 5224 auctor,
1978 5174 2098 5281 tam
2148 5174 2338 5237 citata,
2391 5174 2559 5229 quam
2607 5174 2670 5221 tu
2715 5174 2943 5219 consule
2989 5174 3045 5223 et
3091 5174 3279 5223 center
3304 5174 3434 5221 cum

311 5223 727 5311 Judnthpostea
748 5243 846 5311 per
863 5228 1158 5309 Warinum
1189 5234 1245 5282 et
1349 5228 1633 5311 ntbertum
1652 5229 1901 5311 compul-
2025 5235 2259 5311 Istoriaz.
2351 5303 2359 5311 _
2653 5304 2662 5311 ι
2735 5298 2750 5311 .
2948 5298 3033 5311 mn
3095 5299 3120 5311 ν
3195 5298 3212 5311 ‘
3288 5297 3302 5311 .
3342 5297 3354 5311 I
3389 5297 3470 5311 In"

311 5310 433 5381 sam
460 5295 647 5381 fuisse,
673 5295 945 5381 utl'velum
972 5299 1093 5369 ipsa
1116 5306 1388 5381 sumeret1
1431 5295 1901 5381 persuaderet'que
2055 5330 2076 5355 c
2108 5296 2436 5381 Heribertus
2457 5297 2692 5381 scilicet,
2718 5298 2800 5381 de
2819 5317 2929 5381 quo
2948 5298 3074 5381 Vita
3095 5297 3357 5381 Ludgvici
3500 5297 3576 5381 ᾓςὶ

312 5364 661 5435 imperatori,
696 5374 758 5421 ut
780 5364 1008 5422 comam'
1028 5370 1316 5429 recideret.
1342 5364 1469 5432 Haec
1498 5387 1627 5431 vero
1650 5387 1776 5431 cum
1807 5364 1908 5431 im—
1988 5384 2197 5430 annum
2219 5370 2338 5441 jam
2358 5368 2571 5434 dictum
2601 5391 2612 5424 :
2644 5364 2963 5435 Heribertus
2988 5371 3258 5437 Romani:
3285 5375 3462 5439 frater
3493 5364 3578 5436 ιιι-

311 5444 571 5507 peratore
584 5445 797 5493 secreto
811 5441 1104 5507 collocuta,
1114 5445 1460 5509 permittente
1472 5445 1657 5506 illo,ut
1676 5446 1906 5495 mortem
1987 5444 2211 5500 minam
2239 5443 2533 5503 amissione
2558 5446 2829 5505 multatus
2858 5447 2933 5505 est
2968 5446 3161 5505 contra
3189 5445 3375 5503 votum
3405 5443 3490 5509 tm

313 5509 534 5561 evadere
548 5516 741 5578 posset,
765 5514 884 5579 ipsa
902 5514 1083 5565 velum
1111 5514 1220 5565 sibi
1247 5515 1417 5581 capiti
1432 5515 1814 5584 superposuit:
1843 5514 1907 5566 de
1988 5512 2230 5564 ratoris:
2260 5510 2369 5566 Odo
2399 5514 2756 5567 consobrinus
2777 5516 2934 5567 illius
2960 5514 3139 5567 armis
3157 5513 3359 5567 ablatis
3385 5509 3577 5568 exsilio
