4000 6170
408 212 548 275 1623

1166 216 1222 276 S.
1269 219 1648 276 PASCHASII
1688 214 2046 275 RADBERTI
2086 212 2390 269 ABBATIS
2430 208 2923 266 CORBEIENSIS.

3543 206 3687 263 1624

397 346 691 402 convictus
711 350 769 401 et
788 345 1071 401 confessus
1091 350 1178 400 est
1195 344 1563 411 consensisse,
1584 342 1643 398 in
1662 343 1858 398 eodem
1880 341 1998 413 pla-
2015 343 2061 400 A
2078 338 2290 393 Idcirco
2316 340 2373 390 te
2413 338 2741 406 oportuerat
2766 331 3009 404 amplius
3039 346 3131 387 me
3159 347 3261 403 pro
3286 332 3521 402 justitia
3547 349 3686 405 per-

403 435 516 490 cito
544 439 781 491 caecatus
806 440 892 489 est
915 433 1128 504 judicio
1157 433 1395 505 publico,
1420 433 1535 487 vita
1562 431 1667 487 sibi
1696 433 2001 487 clementer

335 561 345 574 .
404 540 685 579 concessa.
719 523 829 578 Sed
874 522 1009 593 quia
1056 528 1256 576 cuncta
1285 538 1408 593 quae
1437 520 1663 586 ﬁebant,
1699 537 1812 575 non
1840 525 2002 575 erant

407 629 476 667 ex
498 612 665 666 corde
709 610 1028 675 Justiniani,
1059 627 1242 681 neque
1281 627 1349 664 ex
1388 609 1597 675 animo,
1628 609 1893 680 quoniam
1930 607 2001 662 ab

407 700 625 755 aemulis
651 715 794 754 verae
822 698 953 753 ﬁdei
978 703 1035 752 et
1061 698 1297 768 justitiie
1325 697 1703 768 instigabatur
1728 703 1786 752 et
1813 696 2004 751 adula-

406 786 615 853 batur;
656 786 904 851 femineo
960 802 1158 841 rursus
1205 786 1452 841 devictus
1502 786 1789 849 instinctu,
1844 783 2004 856 quasi

408 876 588 930 multa
613 879 809 929 contra
831 891 961 929 eum
983 874 1299 941 inhonesta,
1320 891 1432 929 non
1452 891 1552 946 pro
1574 874 1683 929 ﬁde
1701 874 1846 928 facta
1871 873 2005 927 fuis-

408 968 554 1029 sent,
587 962 685 1033 qui
729 962 841 1017 nisi
886 980 946 1017 se
997 963 1067 1017 de
1098 964 1185 1017 his
1215 964 1538 1026 vindicaret,
1570 962 1711 1016 bene
1741 962 2003 1032 deinceps

403 1067 643 1123 regnare
669 1067 782 1106 non
810 1068 972 1122 posse
997 1070 1010 1119 ;
1042 1068 1347 1123 rursusque
1375 1052 1422 1106 si
1453 1051 1697 1106 ablatam
1732 1050 1837 1105 sibi
1865 1066 2003 1104 uxo-

403 1156 530 1195 rem
559 1156 672 1194 non
696 1140 973 1211 reciperet
1002 1145 1129 1211 post
1155 1141 1423 1195 velamen.
1449 1140 1683 1211 Tegitur
1718 1138 2003 1194 interdum

406 1229 609 1283 vulnus
637 1229 698 1283 in
726 1228 892 1283 corde
916 1229 1076 1284 valde
1103 1229 1369 1293 deﬁxum,
1400 1234 1678 1299 augentur
1705 1227 2003 1298 complices

405 1316 633 1383 iterum,
649 1322 713 1372 ut
730 1317 1082 1373 rescindatur
1100 1317 1420 1389 imperium.
1445 1316 1742 1383 Honorius,
1764 1316 1861 1386 qui
1882 1320 2005 1369 erat

408 1406 577 1477 longe
604 1406 703 1461 diu
730 1422 961 1461 consors
984 1422 1018 1460 a
1043 1411 1223 1477 patre,
1238 1411 1295 1460 et
1312 1405 1383 1460 ab
1402 1404 1660 1459 omnibus
1683 1410 2005 1475 procreatus

408 1495 737 1566 imperator,
760 1499 1083 1548 removetur
1109 1513 1144 1548 a
1170 1498 1468 1564 potestate,
1500 1493 1794 1565 repellitur
1819 1509 1854 1546 a
1880 1509 2007 1547 con-

405 1583 616 1649 sortio;
683 1587 1035 1636 sacramenta
1089 1583 1501 1646 universorum,
1554 1598 1677 1652 quae
1728 1581 1809 1635 illi
1861 1581 2009 1634 facta

406 1672 634 1728 fuerant
664 1708 680 1735 ,
747 1670 1082 1725 auctoritate
1156 1676 1391 1742 paterna
1451 1670 1733 1725 violantur
1781 1689 1821 1737 ;·

410 1775 633 1832 quoque
685 1763 855 1830 atque
901 1758 1097 1830 inclyti
1149 1758 1272 1825 viri,
1326 1759 1422 1830 qui
1478 1759 1691 1813 dudum
1747 1775 1848 1829 pro
1897 1759 2008 1814 ﬁde

409 1852 793 1912 certaverant,
850 1851 1157 1918 tyrannum
1216 1846 1519 1915 fugarant,
1579 1846 1897 1909 moechiam,
1953 1852 2011 1901 et

411 1938 672 1995 universa
720 1938 912 2010 turpia
966 1956 1000 1993 a
1037 1944 1340 2009 conspectu
1392 1939 1587 2010 palatii
1637 1938 2006 2010 pepulerant;

409 2027 508 2100 qui
562 2026 805 2099 patriam
857 2031 915 2081 et
971 2027 1240 2098 populum
1290 2027 1621 2093 salvarant;
1685 2027 1782 2098 qui
1840 2028 2011 2083 etiam

409 2118 751 2187 Augustum,
802 2120 868 2170 ut
911 2115 1175 2182 diximus,
1231 2122 1289 2171 et
1331 2116 1476 2170 ﬁlios
1520 2115 1865 2182 liberarant;
1916 2116 2012 2188 qui

410 2206 625 2277 seipsos
666 2221 795 2260 cum
840 2204 1019 2259 multo
1060 2204 1405 2271 discrimine,
1448 2210 1576 2276 post
1610 2205 1764 2270 talia,
1808 2205 2012 2275 quibus

412 2310 543 2350 eum
582 2294 950 2348 restituerant
990 2293 1050 2347 in
1096 2292 1301 2347 throno
1337 2292 1581 2364 imperii,
1614 2309 1729 2348 una
1754 2309 1881 2347 cum
1911 2293 2012 2347 ﬁlii

409 2382 688 2438 consortio
719 2382 777 2435 in
797 2382 927 2446 ﬁde,
951 2381 1047 2452 qui
1069 2398 1169 2452 pro
1194 2382 1303 2436 ﬁde
1330 2388 1584 2452 egerant,
1602 2381 2007 2449 subdiderunt;

411 2471 495 2526 ita
523 2478 586 2525 ut
612 2471 672 2524 in
703 2470 782 2524 eis
802 2468 941 2524 nihil
970 2469 1079 2524 nisi
1104 2470 1243 2524 ﬁdes
1261 2475 1315 2524 et
1336 2471 1542 2525 veritas
1560 2476 1877 2541 appareret.
1900 2470 2007 2525 Sed

413 2558 812 2615 insidiantibus
829 2550 993 2613 malis
1015 2558 1286 2629 quaeritur
1304 2559 1696 2630 opportunitas
1716 2559 2004 2630 temporis,

414 2654 473 2704 et
490 2649 644 2704 locus
671 2648 913 2715 electus;
946 2647 1349 2719 disperguntur
1366 2647 1630 2713 universi,
1657 2647 1753 2718 qui
1778 2646 1829 2702 ei
1857 2648 2014 2718 prius

409 2737 583 2793 ﬁdem
632 2741 925 2792 servarant
967 2754 979 2789 :
1030 2741 1260 2791 senatus
1312 2736 1619 2802 exsiliatur,
1650 2742 1709 2791 et
1762 2737 2015 2807 magnati

372 2826 379 2829 ’
416 2842 632 2892 omnes,
664 2831 834 2896 atque
862 2824 997 2879 olim
1026 2824 1339 2879 charissimi
1368 2829 1427 2879 et
1466 2825 1635 2896 primi
1675 2825 2019 2880 damnantur

412 2915 610 2988 palatii
642 2932 655 2968 :
688 2914 838 2969 inter
866 2930 1005 2985 quos
1048 2913 1221 2967 etiam
1247 2914 1520 2968 Arsenius
1554 2919 1745 2968 noster
1774 2914 2014 2985 rapitur,

2080 427 2317 481 suadere
2344 428 2560 479 certare
2597 421 2819 488 debere,
2857 437 3029 493 quam
3058 421 3146 474 vel
3189 420 3250 475 in
3273 421 3496 476 modico
3526 426 3689 493 tepe-

2083 531 2236 571 scere
2261 533 2274 581 ;
2307 513 2394 567 vel
2424 517 2621 566 contra
2650 527 2842 565 verum
2864 509 3174 581 quidpiam,
3200 510 3286 564 vel
3313 514 3515 564 contra
3537 511 3689 582 quod

2083 605 2383 659 honestum
2413 606 2517 667 est,
2546 599 2821 653 assentire
2852 600 2939 652 vel
2967 598 3243 653 conﬁteri.
3276 617 3304 652 »
3335 599 3485 653 Tum
3531 616 3639 669 ego
3671 618 3687 653 :

2083 694 2473 762 Nequaquam,
2498 689 2748 759 inquam,
2772 686 2966 741 dubito
2985 706 2997 740 :
3024 704 3206 759 neque
3225 687 3470 758 amplius
3488 688 3693 743 vellem

2084 779 2143 834 in
2173 780 2297 855 hac.
2314 787 2492 848 parte,
2525 792 2696 847 quam
2740 792 2997 829 excessus
3037 775 3287 841 verbum,
3333 782 3393 831 et
3425 792 3693 832 assensus

2084 868 2153 921 de
2180 866 2333 920 vobis
2363 865 2569 919 habere
2603 882 2615 920 :
2662 864 2794 935 quia
2823 864 2882 917 in
2912 864 3000 917 his
3027 862 3247 918 duobus
3276 864 3447 919 credo
3476 866 3692 921 amicos

2083 961 2141 1011 et
2168 972 2259 1009 me
2287 954 2538 1008 obtinere
2568 968 2749 1024 posse,
2782 968 2895 1006 non
2924 952 3106 1006 solum
3129 952 3352 1006 veniam
3380 970 3486 1024 pro
3516 955 3693 1009 offen-

2082 1045 2180 1109 sis,
2213 1060 2409 1098 verum
2437 1048 2495 1096 et
2522 1041 2850 1112 ampliorem
2894 1040 3158 1111 gratiam,
3191 1041 3436 1096 honores
3464 1060 3693 1115 quoque

2084 1132 2338 1204 proprios
2357 1138 2415 1185 et
2433 1131 2708 1200 majores;
2736 1129 2967 1199 insuper
2986 1128 3259 1199 quidquid
3278 1129 3349 1184 de
3369 1146 3436 1185 eo
3452 1136 3511 1185 et
3531 1131 3603 1184 ab
3623 1150 3692 1187 eo

2083 1220 2239 1276 vobis
2268 1218 2557 1291 placuerit.
2576 1219 2734 1273 Tunc
2753 1218 2833 1271 ita
2855 1217 2947 1271 ille
2976 1216 3373 1272 subsannando
3393 1220 3694 1289 paululum

2085 1308 2380 1364 subridens
2405 1325 2415 1359 :
2450 1327 2472 1359 ι
2497 1307 2581 1361 Tu
2609 1305 2772 1370 forte,
2790 1305 2990 1376 inquit,
3013 1322 3144 1360 eum
3166 1311 3224 1360 et
3249 1323 3449 1361 omnes
3472 1324 3570 1361 eos
3594 1311 3693 1379 qui

2088 1414 2215 1453 eum
2240 1397 2445 1462 favent,
2480 1397 2540 1449 in
2566 1401 2668 1449 tua
2684 1395 2929 1448 aestimas
2950 1395 3262 1465 potestate?
3290 1395 3565 1466 Nunquid
3587 1397 3692 1452 Dei

2083 1486 2298 1558 judicia
2325 1502 2439 1539 non
2470 1483 2861 1556 pertimescis?
2912 1482 3059 1547 Quid
3103 1483 3150 1536 si
3191 1499 3295 1553 ego
3322 1482 3463 1537 falso
3492 1488 3693 1537 contra

2089 1591 2180 1628 me
2204 1574 2491 1646 protulero
2512 1571 2851 1626 sententiam
2869 1570 3231 1625 confessionis
3250 1576 3308 1624 et
3322 1576 3518 1625 reatus
3536 1588 3693 1626 men-

1876 1671 2009 1725 boni
2024 1674 2071 1734 Β
2088 1663 2332 1727 dacium,
2354 1661 2549 1715 relicta
2563 1660 2787 1731 justitia
2804 1676 2948 1713 verae
2967 1659 3097 1713 ﬁdei
3121 1664 3178 1713 et
3199 1659 3448 1730 puritate
3472 1660 3692 1713 cordis?

2090 1752 2283 1805 Potest
2309 1750 2483 1820 igitur
2510 1749 2853 1818 contingere,
2884 1753 2950 1803 ut
2975 1747 3034 1801 in
3062 1748 3409 1801 contrarium
3441 1754 3694 1803 vertatur

2090 1839 2387 1904 sententia,
2420 1838 2608 1892 divino
2637 1837 2893 1908 exigente
2931 1836 3163 1907 judicio,
3197 1853 3367 1908 quam
3403 1842 3473 1891 tu
3500 1838 3693 1892 existi-

2091 1945 2212 1983 mas
2235 1947 2249 1996 ;
2284 1933 2341 1982 et
2359 1927 2407 1981 si
2432 1944 2534 1999 ego
2558 1943 2657 1998 pro
2677 1926 2849 1980 ullius
2875 1925 3078 1996 gratia.
3101 1929 3201 1979 aut
3229 1942 3332 1996 pro
3355 1925 3689 1992 honoribus,

2091 2017 2179 2071 vel
2229 2016 2451 2082 timore,
2493 2015 2579 2069 vel
2634 2013 2936 2079 favoribus,
2976 2013 3213 2068 veritate
3243 2014 3443 2068 relicta
3491 2014 3698 2068 falsum

2093 2110 2290 2160 contra
2312 2120 2402 2158 me
2421 2103 2612 2158 dixero
2634 2102 2861 2173 aliquod
2881 2120 2895 2169 ;
2927 2106 2984 2155 et
3003 2102 3062 2155 in
3082 2102 3171 2156 his
3189 2102 3579 2173 deprehensus
3598 2103 3701 2157 Dei

2089 2196 2244 2266 justo
2268 2198 2469 2264 agente
2487 2191 2721 2263 judicio,
2739 2191 2967 2263 proprio
2986 2189 3395 2245 condemnatus
3415 2207 3536 2255 ore,
3555 2208 3701 2245 mor-

2092 2283 2167 2337 tis
2214 2281 2554 2336 sententiam
2613 2296 2919 2351 excepero;
2960 2279 3095 2333 dum
3139 2279 3352 2334 leviora
3393 2280 3577 2334 vitare
3613 2297 3703 2335 me

2093 2388 2262 2442 rogas
2288 2370 2556 2443 pericula,
2581 2376 2639 2423 et
2656 2370 2901 2423 honores
2922 2384 3171 2439 quaerere
3192 2369 3282 2422 vel
3304 2369 3557 2439 gratiam
3579 2389 3592 2436 ;
3616 2386 3706 2423 ca-

2092 2460 2357 2521 vendum,
2391 2474 2461 2513 ne
2506 2458 2822 2512 crudeliora
2864 2457 3136 2527 excipiam
3169 2473 3181 2509 :
3216 2462 3274 2511 et
3301 2456 3439 2510 dum
3481 2462 3705 2529 tempo-

2093 2549 2240 2601 rales
2258 2547 2497 2617 injurias
2521 2545 2733 2616 fugere,
2751 2546 2833 2599 vel
2852 2545 3096 2599 honores
3113 2561 3365 2616 quaerere
3387 2562 3480 2600 me
3503 2562 3700 2617 rogas;

2093 2634 2365 2690 ineﬁ'abili
2415 2635 2777 2705 dispensante
2824 2634 3058 2704 judicio,
3091 2635 3453 2705 sempiternae
3504 2636 3709 2689 mortis

2098 2722 2521 2778 damnationem
2543 2721 2850 2792 acquiram.
2872 2721 3247 2793 Quapropter,
3271 2721 3472 2788 frater,
3494 2729 3712 2776 stemus

2099 2813 2157 2867 in
2186 2813 2276 2866 via
2314 2811 2565 2866 veritatis
2611 2811 2850 2882 ingressi
2883 2828 2895 2863 :
2928 2818 2987 2865 et
3011 2828 3171 2883 spem
3200 2811 3532 2875 habeamus,
3576 2814 3710 2884 quia

2100 2902 2216 2956 haec
2246 2917 2348 2955 nos
2374 2900 2447 2954 ad
2478 2900 2647 2954 vitam
2676 2900 3098 2970 sempiternam,
3145 2917 3269 2971 qua:
3300 2900 3565 2955 Christus
3597 2909 3704 2966 est,

409 3004 743 3076 Pontiﬁcum
787 3008 981 3057 tamen
1029 3001 1231 3064 ofﬁcio,
1280 3001 1514 3071 jubente
1545 3003 1818 3072 Augusto,
1852 3019 1916 3056 ac
1967 2990 2073 3057 siC
2096 2989 2421 3044 admittunt.
2446 2989 2647 3043 )Unde
2664 2988 2754 3042 his
2769 2989 2934 3043 dictis
2953 2988 3217 3044 confusus
3234 2989 3463 3044 silui.Et
3480 2996 3704 3045 constat

409 3109 538 3148 cum
594 3092 808 3146 honore
866 3090 1106 3160 ingenti,
1167 3090 1477 3144 exsiliatur.
1531 3090 1862 3145 Retruditur
1912 3108 2015 3146 au-

408 3186 527 3234 tem
569 3184 628 3232 et
673 3178 925 3231 elevatur
968 3177 1029 3230 in
1073 3177 1316 3247 quadam
1363 3176 1696 3247 longissimo
1732 3183 2014 3235 terrarum

411 3265 594 3338 spatio
646 3264 921 3320 altissima
982 3269 1040 3319 et
1084 3264 1401 3320 arctissima
1451 3283 1620 3338 specu
1655 3273 1673 3295 ‘
1743 3283 1854 3338 quo
1894 3269 2017 3323 nul-

411 3355 505 3411 lus
534 3359 683 3409 esset
715 3369 990 3419 accessus,
1014 3353 1201 3407 divino
1228 3360 1430 3424 agente
1452 3355 1684 3425 judicio,
1704 3356 1813 3411 nisi
1843 3374 2015 3428 ange-

413 3444 557 3498 licus
581 3462 592 3497 :
620 3442 716 3497 ubi
747 3458 876 3496 cum
902 3458 1014 3497 non
1033 3447 1160 3513 post
1186 3443 1284 3498 diu
1308 3443 1378 3497 ab
1400 3444 1655 3514 Augusto
1678 3444 1924 3500 directus
1946 3446 2016 3500 ob

414 3530 920 3588 ecclesiasticarum
969 3546 1160 3584 rerum
1207 3536 1265 3584 et
1306 3531 1743 3586 monasticarum
1791 3534 2018 3603 negotia

414 3620 800 3687 devenissem;
836 3636 1159 3690 quanquam
1178 3635 1292 3673 non
1314 3620 1435 3674 sine
1459 3620 1729 3691 periculo,
1753 3620 1823 3675 ob
1850 3637 2016 3676 suum

413 3710 687 3775 solamen,
709 3708 781 3763 ad
811 3724 942 3763 eum
967 3707 1307 3762 visitandum
1329 3708 1573 3763 escendi.
1607 3708 1714 3764 Ubi
1740 3708 1908 3769 simul
1933 3709 2016 3763 in-

415 3804 505 3854 ter
530 3797 870 3853 salsissimas
918 3795 1401 3851 abundantissime
1443 3795 1637 3867 gaudii
1666 3802 1724 3851 et
1759 3797 2018 3851 maeroris

410 3888 711 3958 lacrymas,
746 3886 958 3952 laetum,
989 3885 1095 3939 etsi
1131 3884 1342 3951 tristes,
1382 3885 1645 3940 duximus
1673 3885 1825 3940 diem
1855 3904 1866 3939 :
1904 3885 2017 3940 laeti

413 3975 641 4048 quidem
670 3975 740 4029 de
768 3980 967 4030 mutua
992 3973 1202 4028 visione
1234 3978 1293 4028 et
1322 3973 1663 4028 conscientia
1690 3991 1852 4046 pura,
1887 3973 2021 4045 quia

418 4067 479 4120 in
500 4080 565 4119 eo
587 4063 745 4118 nulla
772 4068 895 4118 erat
920 4067 1110 4117 reatus
1129 4063 1290 4134 culpa
1316 4076 1327 4110 :
1358 4062 1552 4117 tristes
1575 4079 1725 4130 vero,
1747 4062 1899 4133 quod
1918 4079 2019 4134 pro

417 4159 591 4209 tantae
616 4151 841 4206 virtutis
883 4150 1154 4206 beneﬁcio
1184 4150 1443 4206 exsilium
1470 4151 1600 4205 tulit
1634 4157 1692 4205 et
1719 4151 1931 4218 odium,
1963 4156 2022 4205 et

418 4240 733 4298 custodiam
777 4239 1037 4306 carceris,
1072 4245 1131 4294 et
1168 4239 1247 4309 inj
1257 4239 1439 4293 uriam
1483 4239 1619 4295 dirae
1659 4238 2012 4294 calamitatis.

2098 3079 2247 3151 quod
2288 3078 2348 3132 in
2395 3094 2460 3132 eo
2505 3077 2662 3131 nulla
2706 3077 3049 3132 conscientia
3076 3083 3217 3143 erat,
3246 3078 3359 3132 nisi
3387 3079 3700 3133 secundum

2096 3169 2276 3223 Deum
2305 3173 2363 3221 et
2392 3171 2619 3238 propter
2647 3168 2848 3231 Deum,
2881 3166 3031 3220 circa
3070 3168 3392 3237 Augustum
3425 3172 3491 3221 et
3533 3168 3698 3233 ﬁlios,

2096 3257 2242 3311 circa
2270 3255 2512 3327 patriam
2555 3261 2612 3309 et
2650 3255 2943 3321 Ecclesias,
2976 3254 3123 3309 circa
3168 3272 3432 3327 proceres
3475 3262 3534 3310 et
3579 3273 3699 3311 ma-

2094 3349 2315 3414 gnatos,
2349 3344 2495 3397 circa
2531 3342 2865 3414 religionem
2894 3349 2952 3398 et
2999 3344 3241 3399 salutem
3289 3345 3527 3416 populi:
3572 3347 3703 3417 quia

2097 3448 2211 3487 non
2245 3448 2349 3486 sua
2393 3431 2451 3486 in
2480 3431 2615 3495 ullo,
2646 3432 2745 3485 sed
2788 3448 2911 3502 quae
2939 3432 3144 3487 Christi
3178 3438 3360 3499 erant,
3393 3434 3700 3505 quaerebat.

2098 3520 2313 3589 Idcirco
2333 3526 2503 3585 errat,
2524 3520 2620 3591 qui
2649 3519 2959 3575 arbitratur
2978 3520 3279 3575 Arsenium
3307 3522 3367 3576 in
3388 3523 3704 3593 periculum

2098 3609 2279 3664 exsilii
2306 3610 2393 3663 vel
2418 3608 2615 3680 capitis
2642 3608 2844 3674 vocari,
2879 3609 3029 3679 quod
3074 3609 3376 3680 deliquerit
3402 3612 3466 3665 in
3492 3612 3583 3667 his
3612 3629 3705 3667 ne-

2094 3697 2263 3768 gotiis
2302 3698 2515 3768 aliquid
2542 3697 2723 3751 sciens
2750 3697 2837 3751 vel
2865 3698 3055 3752 volens
3085 3716 3097 3751 :
3132 3700 3282 3770 quod
3312 3701 3560 3770 patriam
3608 3702 3703 3755 lae-

2098 3787 2257 3853 serit,
2281 3786 2430 3857 quod
2454 3786 2812 3856 majestatem
2842 3786 3064 3857 imperii
3089 3787 3400 3857 violaverit,
3425 3790 3575 3861 quod
3595 3792 3704 3845 Au-

2097 3880 2329 3945 gustum
2358 3881 2417 3929 et
2461 3875 2607 3929 ﬁlios
2651 3875 3140 3930 exinhonoraverit
3172 3879 3310 3947 (sic),
3343 3879 3497 3948 quod
3532 3878 3701 3933 ﬁdem

2104 3964 2435 4035 corruperit,
2454 3964 2602 4035 quod
2621 3979 2815 4035 pacem
2842 3963 3519 4035 perturbaverit.Abonis
3552 3968 3700 4021 enim

2105 4058 2163 4107 et
2199 4052 2568 4124 prudentibus
2615 4068 2729 4106 non
2778 4058 3095 4117 accusatur,
3128 4050 3278 4124 quod
3331 4054 3704 4109 ecclesiastica

2096 4142 2229 4212 jura
2258 4157 2371 4195 non
2399 4141 2675 4207 dilexerit,
2708 4141 2859 4212 regis
2887 4140 3127 4213 gloriam
3159 4147 3216 4196 et
3241 4142 3469 4214 imperii
3498 4143 3701 4214 ampli-

2099 4229 2355 4285 tudinem
2396 4246 2510 4284 non
2553 4231 2824 4284 amaverit
2856 4249 2868 4284 :
2905 4231 3004 4285 sed
3045 4231 3179 4302 quia
3205 4231 3449 4286 nimium
3478 4248 3547 4286 ea
3574 4232 3704 4287 dili-

421 4331 565 4387 Cum
595 4346 706 4401 quo
735 4345 864 4383 cum
895 4344 1094 4393 essem,
1116 4328 1267 4383 inter
1284 4327 1470 4382 dulcia
1496 4344 1802 4398 amaraque
1825 4311 2081 4396 “3;me
2098 4318 2281 4390 gendo
2326 4319 2385 4372 in
2416 4318 2604 4390 aliquo
2651 4319 2969 4390 deliquerit.
3002 4320 3307 4391 Propterea
3346 4321 3551 4375 merito
3590 4338 3703 4376 non

418 4418 571 4473 volui
599 4417 651 4472 ei
679 4415 1039 4489 persuadere,
1064 4420 1130 4469 ut
1155 4414 1215 4468 in
1238 4414 1425 4485 aliquo
1458 4431 1519 4469 se
1550 4414 1849 4469 excessisse
1886 4415 2023 4469 fate-

418 4513 596 4575 retur,
621 4512 680 4562 et
705 4506 987 4576 deinceps,
1012 4520 1136 4575 quae
1155 4504 1444 4574 Augustus
1465 4504 1649 4570 vellet,
1674 4504 1733 4557 in
1762 4503 2022 4558 omnibus

422 4595 698 4651 assentire
723 4611 735 4647 :
769 4594 816 4649 si
847 4609 958 4664 quo
981 4592 1148 4646 modo
1173 4607 1289 4646 una
1314 4607 1443 4647 cum
1462 4590 1800 4662 quibusdam
1829 4592 2023 4646 amicis

423 4698 592 4754 agere.
637 4682 957 4753 quivissem,
989 4686 1055 4735 ut
1098 4681 1157 4734 in
1199 4680 1444 4751 gratiam
1491 4680 1737 4747 rediret;
1790 4681 1937 4752 quod
1967 4686 2025 4735 et

425 4773 612 4828 Cmsar
624 4771 763 4825 satis
782 4769 1031 4843 optabat,
1047 4770 1094 4823 si
1109 4770 1160 4824 ei
1174 4770 1526 4824 solummodo
1541 4769 1930 4824 consensisset.
1940 4770 2023 4824 Ad

404 4859 575 4934 quod
603 4859 753 4913 idem
782 4877 794 4912 :
830 4877 858 4912 α
887 4858 1065 4913 Miror
1088 4864 1163 4924 te,
1192 4859 1397 4930 inquit,
1419 4859 1467 4912 si
1495 4858 1566 4912 de
1591 4874 1719 4913 mea
1744 4858 1804 4912 in
1834 4858 2022 4928 aliquo

426 4948 651 5006 dubitas
680 4947 1040 5015 conscientia,
1075 4947 1170 5019 qui
1197 4948 1337 5002 nihil
1367 4947 1507 5001 mihi
1540 4947 1610 5001 de
1638 4946 1728 5001 his
1757 4947 2016 5017 negotiis,

425 5054 528 5111 pro
555 5035 758 5109 quibus
786 5035 999 5107 culpor,
1033 5036 1214 5107 magis
1244 5052 1413 5107 quam
1439 5035 1544 5090 tibi
1592 5051 1717 5090 sum
1745 5034 2019 5090 conscius.

2101 4423 2232 4462 reus
2275 4408 2482 4462 citatur
2528 4406 2868 4482 [accusatur]
2900 4409 3303 4464 malevolentiae
3342 4410 3403 4463 in
3444 4411 3533 4464 his
3581 4427 3703 4465 om-

2104 4495 2287 4563 nibus,
2329 4497 2427 4551 sed
2455 4513 2586 4552 reus
2616 4497 2834 4552 virtutis
2858 4516 2872 4565 ;
2905 4497 3171 4569 quoniam
3202 4497 3351 4553 beati
3380 4500 3483 4570 qui
3509 4516 3706 4571 perse-

2104 4585 2386 4639 cutionem
2414 4586 2709 4657 patiuntur
2737 4593 2967 4658 propter
2988 4585 3287 4656 justitiam.
3324 4586 3579 4643 Vocatur
3603 4605 3703 4642 au-

2104 4679 2219 4728 tem
2243 4675 2373 4744 jure
2418 4690 2592 4728 novus
2621 4675 2895 4729 virtutum
2939 4674 3128 4741 homo,
3175 4674 3271 4746 qui
3322 4676 3705 4747 perniciosum

2106 4762 2317 4817 fraudis
2340 4768 2397 4817 et
2425 4763 2539 4817 doli
2566 4763 2827 4817 restinxit
2853 4763 3131 4817 insaniam
3163 4769 3220 4817 et
3258 4762 3553 4831 furorem;
3588 4767 3707 4820 Ca3-

2106 4869 2287 4907 sarem
2315 4852 2573 4908 liberavit
2594 4870 2628 4907 a
2657 4858 2855 4920 morte,
2874 4852 3019 4907 ﬁlios
3046 4869 3080 4907 a
3109 4853 3447 4924 perditione,
3466 4871 3706 4925 regnum

2105 4947 2163 4996 et
2188 4942 2490 5013 imperium
2516 4942 2587 4997 ab
2625 4943 2910 4997 invasione
2937 4942 3186 5013 tyranni.
3224 4944 3275 4997 A
3301 4943 3518 5014 palatio
3546 4961 3710 4999 nam-

2104 5046 2213 5101 que
2227 5031 2372 5086 sacri
2392 5031 2619 5103 imperii
2638 5031 2856 5103 pepulit
2872 5047 3067 5086 omnes
3082 5029 3555 5099 abominationes,
3578 5049 3712 5087 moe-

427 5219 762 5286 deportatus,
789 5221 1058 5285 tanquam
1090 5230 1279 5269 eorum
1303 5230 1423 5283 qua:
1454 5215 1799 5286 Bernardocit
1827 5216 2030 5286 reginae
2112 5212 2291 5286 sancti
2313 5212 2442 5286 Viti
2457 5211 2697 5286 infra,_e_t
2718 5209 2865 5281 apud
2886 5209 3226 5286 Nithardum
3250 5210 3309 5286 in
3334 5210 3705 5286 historiaglib.

429 5281 1111 5343 Mclamabantur‘conscii
1127 5291 1177 5339 et
1204 5281 1465 5352 fautores.
1494 5285 1643 5355 Lege
1672 5284 1933 5339 Nithardi
1961 5285 2029 5338 li-
2112 5297 2151 5337 ι.
2184 5284 2249 5337 In
2277 5283 2392 5336 vita
2419 5282 2685 5336 Ludovici
2711 5281 2950 5355 Augusti
2980 5287 3203 5355 tantum
3240 5281 3451 5355 dicitur
3490 5284 3708 5338 Walach

431 5358 601 5413 brum
627 5364 685 5412 et
706 5358 951 5411 Annales
980 5355 1356 5410 Bertinianos.

499 5435 518 5458 '
558 5428 628 5483 Et
654 5428 880 5499 quidem
910 5426 982 5481 ad
1018 5428 1203 5499 lacum
1232 5426 1578 5499 Lemanum,
1594 5426 1741 5482 infra
1771 5425 2015 5499 cap._12,

429 5499 610 5569 Walae
650 5495 831 5555 exsilii
875 5497 1086 5554 mentio
1131 5502 1217 5553 est
1262 5497 1322 5558 in
1364 5495 1506 5558 libro
1549 5497 1618 5553 de
1653 5495 2021 5553 translatione

2111 5355 2275 5407 abba:
2292 5357 2483 5421 jussus
2510 5355 2584 5407 ad
2608 5354 3005 5406 monasterium
3029 5352 3211 5406 redire
3240 5353 3497 5419 Gorbeiae,
3528 5356 3709 5425 ibique

2102 5427 2437 5493 regulariter
2467 5425 2745 5479 obversari
2750 5468 2763 5482 .
