4000 6170
325 290 460 349 1625

957 296 1255 390 DE.VITA
1287 298 1545 365 WALzE,
1588 299 1720 356 SEU
1759 299 1911 356 ΕΡΙΊ

1995 300 2204 355 ’HIUM
2242 298 2554 355 ARSENII.
2592 329 2655 340 —
2685 299 2823 354 LIB.
2867 299 2939 353 ΙΙ.

3440 296 3466 350 1
3478 295 3581 350 626

323 413 507 469 chiam
542 415 776 486 fugavit,
810 417 1104 487 sortilegas
1143 419 1428 473 damnavit
1474 436 1761 490 personas,
1807 422 1910 475 ho-
1933 421 2120 481 Alunt
2143 427 2200 476 et
2227 423 2538 492 intelligere
2559 422 2584 474 ’ἲ
2622 420 2932 492 praesertim
2978 435 3104 473 cum
3147 425 3205 473 et
3231 419 3338 490 ipsi
3371 419 3582 474 eisdem

322 509 597 558 nestatem
627 505 911 569 restituit;
945 512 1162 576 patrem
1181 509 1330 571 ﬁliis,
1359 513 1416 562 et
1445 509 1589 563 ﬁlios
1617 511 1764 580 patri
1783 511 1912 564 red-

322 591 482 657 didit,
504 595 884 648 monarchiam
917 601 1050 648 tunc
1079 595 1160 648 ire
1189 596 1247 650 in
1279 602 1468 667 partes
1497 614 1606 652 non
1637 599 1909 668 permisit,

323 688 674 736 sacramenta
700 683 814 736 ﬁlio
838 685 1091 753 Augusto
1114 684 1257 738 facta
1274 685 1481 739 violare
1501 687 1695 740 vetuit.
1713 688 1916 742 Omnia

322 769 529 839 quippe
572 770 717 824 bona
763 788 985 826 servare
1031 773 1224 836 voluit,
1266 781 1322 826 et
1361 775 1511 827 mala
1539 775 1798 844 dejicere,
1850 793 1915 829 ac

319 863 633 926 proterere:
661 867 939 930 quatenus
959 865 1142 914 tutam
1166 863 1590 932 ettranquillam
1605 865 1915 918 secundum

320 944 505 1000 Deum
535 949 705 1002 vitam
739 965 932 1003 omnes
979 950 1259 1016 viverent;
1310 951 1506 1005 electio
1551 968 1673 1022 quae
1709 953 1914 1006 solem-

318 1035 471 1089 niter
500 1036 640 1090 facta
672 1038 856 1091 fuerat
881 1038 937 1092 in
969 1038 1082 1092 ﬁlio
1111 1056 1146 1092 a
1172 1045 1331 1110 patre
1361 1046 1418 1093 et
1445 1039 1514 1093 ab
1543 1041 1833 1107 omnibus;
1859 1045 1917 1094 et

319 1126 666 1179 consecratio
695 1126 1023 1196 imperialis,
1057 1128 1372 1198 apostolica:
1406 1129 1553 1182 sedis
1583 1131 1914 1184 auctoritate

319 1214 563 1278 ﬁrmata,
596 1214 923 1269 inconcussa
952 1222 1224 1280 maneret,
1258 1216 1328 1270 ob
1354 1217 1507 1287 pacis
1536 1219 1909 1285 concordiam,

319 1304 392 1359 ob
421 1306 761 1360 monarchize
790 1308 1112 1362 ﬁrmitatem
1140 1315 1196 1362 et
1213 1308 1558 1379 principatus
1579 1310 1822 1376 laudem,
1843 1311 1912 1365 ob

317 1392 589 1446 honorem
613 1402 670 1448 et
684 1395 921 1464 gloriam
947 1397 1278 1450 Christianae
1296 1396 1600 1466 religionis,
1627 1413 1750 1467 quae
1771 1413 1911 1467 pene

315 1481 435 1550 jam
464 1481 670 1552 ubique
690 1499 723 1536 a
750 1485 976 1553 perﬁdis
997 1491 1054 1539 et
1084 1485 1326 1538 inimicis
1357 1491 1499 1538 tanti
1530 1485 1772 1538 nominis
1787 1503 1914 1539 con-

319 1570 590 1636 culcatur,
623 1572 912 1641 afﬂigitur,
942 1579 998 1627 et
1028 1573 1478 1632 tenetur.Voluit
1511 1574 1659 1627 enim
1683 1574 1770 1627 sui
1789 1590 1915 1628 con-

1994 517 2268 565 vexantur
2295 511 2474 574 malis,
2516 527 2617 564 nec
2643 511 2835 563 volunt
2863 508 3306 563 animadvertere
3330 524 3432 562 nec
3462 522 3585 561 sen-

1994 598 2121 663 tire,
2153 599 2301 652 unde
2330 599 2412 652 vel
2447 615 2478 652 a
2510 614 2619 668 quo
2650 597 2765 650 haec
2794 602 2985 650 exorta
3015 597 3147 661 sint,
3180 612 3214 649 a
3236 595 3438 666 quibus
3453 611 3584 666 pro-

1995 693 2202 752 creata,
2227 687 2311 739 vel
2341 703 2370 740 a
2399 703 2508 757 quo
2536 685 2750 739 nutrita
2775 691 2832 738 et
2859 691 3169 755 propagata
3199 702 3209 736 :
3246 684 3379 754 quia
3407 683 3454 737 si
3479 684 3586 737 hu-

1991 776 2084 844 jus
2113 775 2367 829 auditum
2398 782 2545 828 esset
2573 773 2888 836 consilium,
2918 773 3083 841 longe
3103 772 3255 826 aliud
3275 773 3420 826 foret
3439 772 3587 842 quod

1997 863 2254 918 omnibus
2283 864 2598 934 profuisset,
2619 868 2676 915 et
2703 861 2962 915 omnibus
2995 860 3158 914 hodie
3187 861 3450 930 placeret.
3478 859 3588 914 Sed

1996 968 2066 1005 ne
2096 953 2419 1022 praevaleret
2436 951 2664 1005 consilio
2686 955 2880 1003 contra
2899 948 3129 1003 insidias
3154 948 3588 1017 malignantium

1996 1046 2347 1111 oppugnator
2375 1041 2674 1103 malorum,
2705 1044 2899 1093 contra
2940 1037 3330 1108 improbitates
3363 1035 3586 1105 iniquo-

1997 1147 2139 1193 rum,
2174 1129 2286 1182 imo
2319 1135 2516 1183 contra
2543 1129 2841 1199 ipsumque
2869 1129 3206 1196 Augustum,
3255 1125 3352 1196 qui
3392 1130 3588 1178 contra

1995 1219 2156 1281 ﬁliOS,
2187 1225 2382 1272 contra
2411 1217 2727 1288 imperium,
2762 1221 2957 1269 contra
2985 1214 3246 1285 patriam,
3278 1218 3475 1267 contra
3501 1229 3586 1266 sa-

1994 1308 2168 1360 lutem
2202 1306 2410 1377 pepuli,
2433 1312 2499 1360 ut
2519 1305 2878 1358 manifestum
2897 1309 2978 1357 est
3009 1302 3259 1373 quotidie
3287 1306 3586 1372 potestate,

1994 1394 2318 1460 honoribus,
2351 1395 2593 1464 ingenio,
2627 1400 2746 1447 arte
2776 1410 2887 1463 qua
2908 1397 3146 1462 poterat,
3179 1391 3372 1456 armis,
3394 1389 3586 1444 multi-

1993 1483 2187 1537 tudine
2220 1482 2837 1552 militumdecertabat;
2863 1482 3174 1552 expellitur,
3201 1480 3481 1550 dejicitur,
3499 1495 3588 1532 ex-

1995 1571 2118 1624 silio
2149 1572 2523 1642 mancipatur,
2571 1571 2844 1641 religatur
2871 1567 3225 1640 [relegatur],
3267 1574 3331 1622 ut
3359 1568 3583 1633 asseris,

320 1656 430 1711 silii
457 1659 749 1728 vigilantia
772 1661 1080 1731 providere,
1118 1669 1236 1716 tam
1258 1663 1566 1731 gloriosum
1597 1680 1833 1732 regnum
1855 1668 1978 1753 etB
2000 1661 2273 1714 altissima
2319 1661 2376 1714 in
2413 1676 2580 1731 specu
2608 1679 2620 1725 ;
2669 1676 2740 1713 ne
2780 1659 2880 1712 ulli
2923 1659 3245 1712 mortalium
3279 1658 3397 1727 jam
3438 1657 3590 1710 ultra

323 1746 863 1802 Christianissimum
879 1766 950 1803 ne
965 1750 1308 1804 divideretur
1324 1750 1378 1804 in
1394 1744 1976 1821 partes:quoniam,."
1996 1749 2290 1802 consilium
2321 1750 2519 1802 salutis
2547 1748 2835 1818 porrigere
2866 1752 3071 1817 posset,
3127 1746 3275 1816 quod
3314 1744 3588 1799 voluntati

315 1835 477 1904 juxta
505 1837 806 1891 Salvatoris
837 1855 1043 1903 vocem,
1079 1856 1244 1894 omne
1289 1856 1527 1909 regnum
1569 1839 1626 1892 in
1667 1839 1911 1910 seipsum

318 1923 559 1978 divisum
608 1926 951 1982 desolabitur
978 1929 1198 1993 (Matth.
1245 1943 1344 1992 xu,
1379 1929 1464 1992 25)
1503 1946 1514 1979 :
1551 1927 1699 1997 quod
1745 1928 1910 1980 hodie

316 2027 512 2066 omnes
537 2013 741 2068 factum
772 2016 910 2069 satis
954 2017 1226 2080 dolemus,
1261 2014 1562 2069 momentis
1590 2015 1826 2084 singulis
1855 2021 1913 2068 et

316 2101 656 2170 plangimus.
683 2103 876 2157 Voluit
894 2105 1238 2172 juramenta,
1263 2109 1327 2156 ut
1347 2103 1608 2167 diximus,
1624 2119 1746 2173 quae
1766 2103 1911 2158 facta

315 2187 542 2242 fuerant
562 2190 808 2243 Honorio
827 2198 844 2219 ⁸
865 2197 918 2244 et
951 2191 1089 2244 ﬁdes
1113 2191 1389 2261 promissa
1416 2191 1636 2260 integra
1657 2208 1910 2246 servare-

314 2281 430 2341 tur,
453 2293 522 2329 ne
543 2277 714 2330 tantis
728 2278 965 2348 populus
986 2279 1277 2332 universus
1291 2279 1606 2332 fuscaretur
1625 2280 1904 2350 perjuriis.

316 2364 508 2417 Voluit
546 2371 610 2418 ut
636 2365 824 2419 unitas
854 2371 910 2418 et
935 2366 1178 2435 dignitas
1200 2367 1376 2420 totius
1406 2367 1627 2437 imperii
1656 2374 1913 2423 maneret

316 2451 386 2503 ob
418 2451 793 2505 defensionem
824 2453 1019 2523 patria:
1043 2460 1101 2507 et
1117 2454 1475 2508 ecclesiarum
1498 2453 1907 2522 liberationem,

315 2538 384 2592 ob
413 2539 797 2609 integritatem
829 2557 1037 2605 rerum,
1070 2548 1128 2594 et
1153 2542 1630 2613 dispensationem
1679 2543 1910 2598 faculta-

315 2631 437 2680 tum
468 2629 829 2682 ecclesiarum
865 2645 1046 2684 :nunc
1070 2637 1280 2695 autem,
1313 2638 1377 2684 ut
1406 2631 1909 2695 cernimus,omnia

314 2722 446 2768 sunt
474 2715 771 2770 immutata
798 2718 885 2771 vel
906 2718 1251 2788 perturbata.
1273 2720 1628 2790 Quapropter
1653 2721 1908 2774 advertat

314 2803 550 2873 quilibet
576 2804 854 2872 inimicus,
889 2812 945 2860 et
971 2807 1266 2876 intelligat,
1299 2825 1467 2878 quam
1497 2809 1781 2879 praeclaris
1799 2811 1906 2862 Ar-

312 2893 504 2946 senius
542 2898 776 2946 ornatur
802 2893 1138 2960 virtutibus;
1172 2909 1338 2965 quam
1375 2896 1774 2966 multiplicibus
1807 2913 1907 2968 pro

310 2981 536 3052 justitia
567 2982 994 3035 commendatur
1027 2982 1364 3036 testimoniis
1391 2997 1404 3032 :
1443 3001 1608 3054 quem
1639 3002 1751 3039 non
1779 2985 1906 3040 boni

1994 1837 2249 1907 pessimae
2278 1836 2502 1890 obviare
2532 1841 2735 1906 posset.
2774 1835 3051 1898 Quoniam
3081 1850 3191 1886 non
3241 1831 3591 1902 praecedebat

1992 1926 2270 1996 sapientia
2288 1926 2372 1978 vel
2403 1924 2716 1982 consilium,
2748 1928 2814 1976 ut
2840 1923 3098 1976 voluntas
3129 1921 3272 1974 bona
3289 1922 3588 1974 duceretur

1993 2013 2062 2067 ad
2093 2030 2365 2084 prospera
2383 2018 2438 2066 et
2459 2012 2709 2066 salubria
2732 2029 2742 2063 :
2777 2010 2875 2064 sed
2894 2010 3129 2080 przeibat
3145 2009 3382 2063 intentio
3402 2023 3584 2079 pravae

1993 2101 2321 2167 voluntatis;
2350 2106 2407 2154 et
2434 2099 2708 2170 agebatur
2728 2098 2955 2163 astutia,
2988 2097 3214 2168 ingenio
3237 2103 3294 2151 et
3310 2102 3587 2167 potestate

1992 2188 2202 2260 iniqua,
2229 2206 2298 2243 ne
2320 2189 2672 2259 frangeretur
2693 2187 2865 2242 semel
2884 2185 3194 2242 deliberata
3211 2185 3510 2240 crudelitas
3531 2190 3587 2238 et

1991 2283 2173 2348 caepta
2200 2279 2483 2335 voluntas.

2604 2367 2836 2422 CAPUT
2873 2369 2969 2422 XI.

2607 2469 2973 2512 PASCHASIUS.

2062 2545 2496 2610 Animadvertis,
2531 2545 2723 2610 frater,
2756 2561 2922 2598 vorax
2949 2543 3192 2598 incendii
3218 2545 3445 2597 flamma
3474 2560 3585 2614 quo

1989 2633 2178 2686 veniat
2205 2651 2216 2685 :
2251 2633 2384 2703 quia
2401 2633 2509 2686 nisi
2541 2639 2686 2686 esset
2719 2632 3060 2703 quibuslibet
3091 2631 3386 2702 praestigiis
3427 2647 3585 2684 mens

1990 2721 2135 2774 male
2164 2720 2376 2786 delusa,
2408 2726 2465 2774 et
2491 2719 2841 2773 inﬂammata
2859 2724 3125 2789 potestas,
3139 2723 3465 2772 conservata
3494 2735 3584 2772 vo-

1990 2809 2177 2862 luntas
2202 2809 2425 2874 invicta,
2457 2809 2709 2862 ﬁdelium
2739 2809 2878 2862 ﬁdes
2907 2824 3034 2860 cum
3081 2808 3234 2862 omni
3264 2807 3580 2861 reverentia

1989 2898 2220 2951 humilis
2248 2904 2305 2951 et
2328 2897 2526 2951 devota
2554 2915 2568 2961 ;
2594 2913 2948 2968 nequaquam
2979 2912 3145 2966 agere
3173 2896 3450 2966 potuisset
3469 2902 3585 2949 tam

1988 2987 2298 3058 perniciose
2323 2993 2518 3040 contra
2547 3003 2707 3040 suam
2733 2992 2791 3040 et
2805 2987 3054 3040 omnium
3085 2986 3344 3050 salutem,
3378 2985 3584 3054 partim

313 3076 372 3124 et
398 3070 558 3141 probi
582 3071 686 3124 viri
715 3071 1025 3125 dilacerant
1052 3073 1136 3125 vel
1178 3072 1482 3139 infamant;
1519 3075 1614 3128 sed
1647 3081 1910 3130 nocentes
1932 3081 1972 3138 C
1992 3076 2468 3148 persuasionibus,
2501 3077 2704 3147 partim
2755 3081 3029 3148 potestate
3071 3082 3129 3130 et
3175 3074 3441 3144 ingeniis.
3476 3071 3587 3127 Sed

313 3165 371 3212 et
400 3159 633 3229 maligni
663 3159 748 3212 vel
773 3159 1287 3224 inscii,rumoribus
1309 3162 1914 3232 decepti,insectantur

314 3247 456 3300 odiis
483 3267 495 3301 :
528 3264 694 3318 quem
717 3247 1110 3301 honestissima
1131 3255 1189 3302 et
1209 3250 1525 3304 lautissima
1543 3250 1746 3320 ubique
1767 3268 1912 3305 com-

311 3336 580 3389 mendant
619 3340 764 3398 acta,
796 3341 854 3389 et
880 3342 1225 3406 protestetur
1254 3339 1385 3392 vita.
1439 3339 1650 3393 Idcirco
1683 3339 1778 3410 qui
1813 3357 1910 3394 cu-

312 3424 476 3495 piunt
505 3426 626 3494 ejus
658 3425 954 3478 detrahere
984 3425 1174 3489 vitam,
1222 3433 1279 3480 et
1315 3427 1650 3481 imminuere
1693 3428 1907 3495 laudes,

312 3514 524 3584 seipsos
560 3520 824 3568 accusant
851 3515 999 3584 quod
1054 3523 1154 3569 aut
1203 3533 1315 3569 non
1365 3516 1612 3570 habeant
1660 3533 1906 3578 sensum,

312 3607 463 3656 certe
487 3607 587 3655 aut
604 3601 890 3656 noluerint
920 3603 1221 3658 virtutibus
1248 3605 1557 3668 decertare,
1592 3605 1910 3658 adulatores

313 3690 512 3756 effecti,
530 3706 601 3744 ne
621 3691 756 3744 talia
788 3707 910 3762 quae
932 3692 1250 3762 plangimus
1279 3692 1632 3760 devenirent;
1658 3693 1909 3764 alioquin

310 3778 548 3848 gloriam
582 3795 830 3850 quaerere
860 3786 917 3834 et
945 3781 1202 3846 honores,
1236 3797 1441 3835 vanum
1465 3787 1568 3846 est,
1603 3782 1724 3835 sine
1753 3783 1910 3836 labo-

311 3867 467 3922 ribus
496 3874 554 3922 et
581 3867 804 3923 virtute.
841 3869 1001 3922 Unde
1030 3869 1234 3923 habeat
1271 3876 1462 3924 noster
1488 3871 1758 3924 Arsenius
1792 3871 1911 3925 lau-

312 3957 460 4015 dem.
487 3957 622 4026 quia
641 3957 760 4027 ipse
790 3973 904 4011 una
928 3974 1054 4011 cum
1084 3958 1292 4012 Christi
1310 3959 1497 4028 gratia
1522 3965 1744 4013 aaternae
1782 3960 1909 4015 vitae

313 4045 649 4115 conquisivit
677 4046 955 4112 honores;
1012 4045 1218 4100 habeat
1257 4047 1465 4100 famam
1512 4055 1569 4101 et
1605 4049 1904 4118 praeconia,

313 4135 446 4205 quia
467 4135 588 4205 jam
618 4134 669 4188 ei
698 4139 824 4205 post
846 4134 1323 4201 inhonorationes,
1359 4140 1486 4206 post
1525 4137 1720 4191 exsilia
1743 4137 1910 4192 datur

313 4223 429 4298 vita
450 4230 508 4277 et
529 4223 945 4278 immortalitas.

934 4325 1288 4368 ADEODATUS.

387 4400 731 4471 Obstupesco
761 4400 917 4467 satis,
951 4417 1053 4454 nec
1087 4400 1353 4454 admirari
1399 4417 1543 4471 queo
1585 4403 1786 4468 virum,
1818 4405 1913 4473 qui

315 4488 487 4542 tantis
505 4494 562 4542 et
581 4487 892 4541 manifestis
912 4489 1193 4542 attollitur
1207 4489 1526 4558 praeconiis;
1545 4490 1640 4560 qui
1660 4491 1912 4544 omnium

316 4594 411 4630 ore
441 4576 739 4643 laudatur;
769 4576 838 4630 de
869 4593 979 4646 quo
1009 4577 1232 4630 conscia
1279 4583 1366 4630 est
1410 4578 1593 4630 omnis
1639 4577 1908 4645 Ecclesia,

315 4665 498 4719 omnis
546 4666 806 4736 pepulus,
852 4665 999 4735 quod
1036 4665 1187 4718 mala
1232 4682 1356 4736 qua:
1403 4671 1540 4719 tunc
1569 4666 1830 4736 vigebant
1859 4675 1915 4721 et

313 4751 844 4823 augmentabantur,
859 4769 1080 4823 semper
1099 4769 1198 4806 suo
1209 4753 1490 4823 depulerit
1508 4754 1742 4808 consilio
1761 4774 1774 4821 ;
1798 4757 1915 4824 glo-

313 4841 459 4895 riam
490 4841 612 4910 regi
642 4847 699 4894 et
735 4841 1034 4910 imperium
1065 4857 1129 4894 ac
1160 4841 1291 4894 ﬁliis
1321 4843 1657 4907 servaverit;
1710 4843 1914 4896 tantis-

314 4946 423 5000 que
455 4929 679 4983 obviare
708 4930 872 4982 malis
911 4929 1168 4993 voluerit,
1201 4945 1271 4982 ne
1300 4930 1682 4999 provenirent,
1709 4931 1913 5001 quibus

312 5015 672 5072 nunc‘omnis
701 5018 963 5083 Ecclesia,
997 5018 1181 5071 omnis
1209 5019 1467 5088 populus,
1495 5020 1676 5072 omnis
1697 5026 1833 5074 aetas
1857 5026 1914 5074 et

313 5107 450 5161 ordo
475 5107 688 5177 patitur
717 5111 775 5160 et
803 5106 1034 5176 plangit.
1069 5106 1213 5170 Quid
1245 5112 1348 5173 est,
1381 5107 1529 5176 quod
1580 5107 1789 5162 sentire
1819 5125 1915 5162 no-

387 5275 404 5297 ⁸
430 5265 999 5322 Lothariumimperii
1021 5271 1334 5320 consortem
1353 5266 1571 5320 dixerat
1596 5267 1908 5322 Ludovicus

314 5340 797 5409 Augustusanno
844 5334 973 5409 817,
1022 5336 1192 5409 idque
1233 5339 1419 5409 Romae
1461 5355 1560 5409 per
1589 5339 1914 5405 Paschalem

315 5407 636 5462 conﬁrmari
678 5407 893 5460 curavit
915 5417 1062 5460 anno
1095 5407 1219 5469 8‘23,
1250 5408 1396 5462 datis
1428 5407 1528 5469 pro
1572 5425 1728 5462 more
1772 5426 1914 5463 novo

315 5478 644 5549 imperatori
664 5478 1048 5549 sacramentis.
1070 5479 1173 5535 Adi
1184 5479 1388 5534 librum
1408 5478 1477 5534 de
1499 5479 1630 5533 Vita
1651 5480 1915 5537 Ludovici

317 5548 426 5616 Pii,
458 5549 839 5623 Eginhardum
871 5553 928 5603 et
951 5548 1111 5604 alios.

1995 3165 2128 3234 quia
2150 3166 2288 3219 ﬁdes
2315 3181 2509 3219 eorum
2539 3165 2644 3219 fuit
2671 3166 3007 3219 intemerata
3032 3170 3089 3218 et
3107 3162 3583 3223 incontaminata;

1993 3254 2090 3322 qui
2124 3253 2255 3306 boni
2277 3261 2454 3318 erant,
2487 3254 2665 3308 nimia
2691 3254 2908 3325 decepti
2928 3252 3259 3316 reverentia,
3284 3251 3588 3305 noluerunt

1992 3341 2264 3410 injuriose
2302 3343 2580 3395 contraire
2630 3342 2701 3395 ad
2733 3342 2979 3412 primum
3012 3359 3022 3393 :
3055 3341 3179 3394 ideo
3227 3341 3590 3394 incurrerunt

1995 3429 2372 3482 damnationis
2395 3431 2712 3492 discrimen,
2734 3436 2787 3484 et
2817 3431 2963 3483 facta
2993 3435 3078 3482 est
3101 3429 3265 3482 ruina
3294 3445 3436 3498 pene
3465 3445 3587 3482 om-

1992 3518 2150 3570 nium
2180 3533 2311 3570 una.
2355 3517 2512 3571 Unde
2544 3517 2870 3582 identidem,
2922 3533 3049 3570 cum
3099 3522 3247 3569 esset
3291 3516 3349 3569 in
3388 3516 3586 3569 eadem

1992 3622 2180 3676 specu,
2211 3605 2514 3676 plurimum
2543 3606 2612 3658 de
2644 3622 2702 3659 se
2728 3605 3040 3668 laetabatur,
3064 3604 3211 3674 quod
3242 3621 3342 3674 pro
3366 3603 3588 3673 justitia

1996 3693 2260 3763 injuriam
2295 3698 2583 3764 pateretur
2615 3711 2628 3748 :
2661 3694 2757 3747 sed
2786 3692 3009 3747 dolebat
3046 3709 3144 3762 pro
3175 3692 3438 3762 periculis
3461 3708 3585 3762 quae

1999 3782 2291 3836 imminere
2299 3783 2650 3853 jamjamque
2681 3781 2919 3836 videbat.
2943 3780 3177 3835 Dolebat
3196 3780 3342 3851 quod
3369 3779 3500 3833 boni
3529 3786 3587 3833 et

1993 3871 2189 3940 optimi
2213 3871 2687 3942 oppugnabantur
2701 3890 2713 3937 ;
2729 3870 2833 3924 viri
2845 3869 3306 3933 innocentissimi,
3323 3873 3380 3922 et
3395 3868 3588 3922 ﬁdeles

1992 3960 2201 4030 quique
2226 3960 2625 4031 premebantur
2653 3967 2710 4014 et
2737 3959 3248 4018 exhonorabantur.
3277 3955 3588 4011 tradeban-

1990 4053 2194 4118 turque
2224 4048 2451 4111 exsiliis,
2483 4048 2816 4114 carceribus,
2866 4055 2924 4101 et
2969 4046 3202 4100 diversis
3250 4045 3586 4115 injuriarum

1990 4136 2219 4207 fatigiis.
2251 4137 2356 4201 Qui
2384 4154 2510 4191 cum
2540 4154 2680 4208 pene
2709 4137 2857 4190 inter
2885 4135 3062 4190 nubes
3092 4136 3196 4189 iste
3227 4135 3474 4188 elevatus
3503 4131 3585 4185 vi-

1991 4232 2108 4279 tam
2134 4231 2326 4295 ageret
2351 4227 2640 4296 (quantum
2673 4224 3002 4278 mortalibus
3020 4225 3103 4277 fas
3125 4227 3228 4293 est)
3249 4222 3584 4292 angelicam,

1928 4331 2107 4409 I)non
2144 4314 2279 4368 satis
2305 4320 2428 4368 tuta
2457 4314 2575 4368 visa
2604 4320 2690 4367 est
2709 4315 2963 4383 Augusto
2989 4319 3046 4366 et
3075 4313 3211 4378 suis,
3242 4310 3584 4365 fautoribus-

1997 4420 2105 4473 que
2139 4403 2398 4468 Justinze,
2433 4419 2557 4473 qua:
2596 4403 2841 4456 redierat
2865 4402 2923 4455 in
2963 4401 3303 4471 conjugium,
3337 4401 3458 4468 ejus
3487 4415 3586 4452 cu-

1995 4491 2194 4555 stodia,
2229 4498 2457 4562 propter
2501 4491 2831 4555 Honorium,
2868 4490 2964 4560 qui
2997 4490 3107 4542 illis
3151 4489 3209 4542 in
3250 4488 3501 4559 partibus
3531 4495 3588 4543 et

1994 4579 2114 4650 ipse
2134 4581 2377 4649 rejectus
2403 4596 2498 4632 rex
2527 4595 2560 4632 a
2580 4579 2856 4632 consortio
2877 4578 3099 4648 imperii
3123 4576 3466 4631 morabatur.
3481 4578 3588 4631 Ve-

1995 4669 2264 4722 rebantur
2293 4668 2441 4721 enim
2472 4685 2542 4721 ne
2571 4668 2862 4721 consilium
2887 4667 3084 4720 salutis
3114 4667 3275 4720 daret
3301 4666 3482 4720 eidem
3501 4667 3586 4719 vel

1995 4755 2355 4826 primoribus,
2387 4771 2486 4824 per
2506 4755 2654 4824 quod
2683 4753 2950 4823 iniquitas
2977 4754 3350 4822 frangeretur,
3382 4755 3440 4804 et
3467 4768 3587 4804 ces-

1995 4851 2335 4916 saretcoepta
2355 4843 2651 4898 virtutibus
2666 4848 2926 4913 superata
2947 4842 3268 4896 crudelitas.
3285 4842 3589 4911 Pr0pterea

1997 4948 2163 5003 quam
2194 4932 2304 4985 cito
2325 4931 2624 5002 deponitur
2646 4931 2714 4984 de
2729 4946 2897 5001 specu
2919 4930 3202 5000 praecelsa,
3227 4935 3285 4983 et
3301 4934 3586 4998 transpor-

1994 5026 2148 5073 tatur
2176 5020 2246 5072 ad
2277 5020 2486 5072 Herum
2506 5020 2530 5058 ι)
2554 5019 2699 5071 infra
2730 5019 3012 5072 Oceanum
3040 5018 3302 5081 insulam,
3335 5017 3586 5071 omnium

1995 5115 2272 5163 terrarum
2304 5109 2562 5162 ultimam
2595 5124 2606 5158 :
2643 5107 2690 5159 si
2721 5107 2999 5177 quomodo
3021 5124 3152 5161 cum
3178 5107 3341 5161 beato
3371 5107 3584 5158 Joanne

2063 5267 2090 5308 ι)
2120 5269 2198 5322 De
2218 5269 2322 5321 hac
2362 5267 2545 5322 insula
2573 5267 2785 5321 dictum
2825 5273 2909 5320 est
2952 5267 3009 5320 in
3041 5266 3170 5318 Vita
3198 5264 3377 5318 sancti
3404 5263 3577 5317 Adal-

1997 5340 2178 5401 hardi,
2213 5339 2307 5409 qui
2339 5339 2542 5392 ibidem
2573 5339 2854 5408 relegatus
2883 5337 3017 5409 vixit
3039 5351 3214 5389 annos
3245 5340 3458 5409 septem
3485 5353 3497 5399 ;
3527 5339 3583 5409 et

1996 5405 2492 5535 iFntlegiusjdicetur,
2523 5410 2619 5465 ubi
2649 5405 2717 5464 de
2741 5407 3106 5464 translatione
3135 5406 3382 5475 corporis
3404 5405 3582 5461 sancti

2043 5499 2056 5535 ι
2085 5499 2102 5535 ι
2145 5489 2267 5536 ertl.
