4000 6170
416 279 561 342 ηὲτ

1171 287 1227 341 3.
1270 286 1648 342 PASCHASII
1686 286 2048 344 RADBEH'I‘I
2086 289 2390 346 ΑΒΜ-ηε
2428 287 2923 346 ΟΟΒΒΕΙΕΝΘῙΞ.

3545 289 3694 347 ιδὲσ

417 409 772 471 solummodo
802 425 924 480 qua
944 411 1132 466 divina
1148 416 1281 466 sunt
1298 416 1510 475 cernat,
1544 425 1648 472 nec
1673 411 1857 466 valeat
1891 411 2006 466 bu~
2023 415 2075 474 Α
2092 416 2324 470 consilia
2343 433 2355 468 :
2381 416 2644 486 quoniam
2665 416 2936 469 innocens
2961 421 3019 469 et
3045 415 3292 486 optimus
3304 427 3420 470 non
3438 413 3514 468 ob
3531 414 3689 468 aliud

416 513 586 552 mana
609 499 934 569 contingere
962 516 1150 567 sensu,
1179 501 1265 555 vel
1293 500 1732 571 recuperationis
1754 501 1852 555 ulli
1882 517 2006 572 por-

418 587 601 658 rigere
628 587 815 650 verba.

976 692 1444 736 THEOPHRASTUS.

485 771 770 834 Quantum
801 778 990 826 mente
1019 772 1289 842 concipio.
1323 773 1613 826 calamitas
1642 774 1797 827 illata
1818 773 1936 826 viro
1953 779 2012 828 et

416 860 672 914 exsilium
702 861 821 914 sine
850 862 987 931 lege,
1023 862 1142 915 sine
1164 862 1396 932 judicio,
1427 864 1546 917 sine
1575 865 1885 934 culpa,imo
1906 881 2006 935 pro

415 947 542 1011 ﬁde,
577 963 677 1017 pro
703 947 1043 1014 defensione,
1075 965 1180 1020 pro
1205 951 1444 1019 justitia,
1471 969 1579 1005 non
1611 969 1772 1022 pcena
1793 951 2003 1022 peccati

412 1041 515 1097 est,
547 1037 644 1089 sed
674 1038 1014 1106 praeconium
1046 1038 1262 1092 laudis:
1298 1040 1428 1110 quin
1456 1057 1566 1094 non
1598 1041 1881 1094 imminuit
1897 1041 2006 1094 cla-

412 1123 619 1177 rissimi
643 1125 884 1180 nominis
901 1127 1366 1195 gloriam,verum
1397 1130 1563 1182 etiam
1598 1130 1913 1190 illustravit,
1949 1134 2006 1182 et

413 1213 704 1267 honestam
727 1213 933 1285 ubique
949 1217 1198 1286 aspergit
1220 1217 1443 1274 f‘amam.
1463 1219 1605 1274 Nam
1630 1219 1675 1272 si
1698 1219 1822 1289 quis
1845 1218 2007 1271 hodie

413 1301 544 1356 illuc
573 1304 789 1356 venerit
818 1304 910 1358 ubi
943 1305 1064 1362 fuit.
1105 1307 1308 1360 sentiet
1340 1308 1703 1361 odoramenta
1739 1308 2008 1362 virtutum

416 1406 542 1460 quae
571 1392 827 1462 reliquit:
855 1394 1117 1464 quoniam
1149 1395 1330 1448 omnis
1354 1396 1468 1448 vita
1497 1398 1617 1465 ejus
1648 1397 1810 1466 plena
1832 1397 2012 1466 gravi-

417 1480 570 1544 tatis,
621 1481 787 1550 plena
827 1482 1088 1552 operibus
1129 1482 1307 1538 bonis.
1349 1484 1514 1554 plena
1542 1485 1828 1550 religionis
1859 1485 2004 1539 iuit:

416 1567 542 1621 ideo
572 1569 623 1622 ei
655 1570 874 1624 laudem
905 1571 1110 1641 ubique
1140 1572 1208 1624 ad
1251 1573 1647 1642 sempiternam
1680 1575 2008 1628 memoriam

2087 504 2166 558 sic
2187 504 2508 571 vexabatur,
2532 505 2638 558 nisi
2659 521 2728 558 ne
2754 505 3059 559 contrahet
3076 505 3236 558 bonis
3248 503 3498 557 consiliis
3517 503 3692 574 pessi-

2087 610 2208 648 mos
2238 599 2488 648 conatus.
2527 593 2784 662 Agebant
2811 609 2964 662 ergo,
2997 593 3144 663 quod
3174 609 3368 645 omnes
3397 592 3536 645 olim
3569 608 3693 662 per-

2092 683 2185 736 fidi
2213 689 2406 736 contra
2435 688 2656 736 sanctos
2686 698 2981 735 exercuere
3016 700 3027 733 ε
3061 681 3210 734 unde
3241 688 3298 734 et
3328 681 3436 734 iste
3482 680 3692 734 similia

2092 773 2342 842 pertulit,
2375 788 2717 842 oompassus,
2746 777 2811 824 ut
2829 775 3214 840 conregnaret.

2145 852 2150 862 ’
2705 873 3060 916 ΑυΕουΑτυε.

2158 950 2204 1003 Ο
2228 950 2544 1020 prodigiosa
2570 950 2808 1003 intentio
2839 956 2895 1002 et
2930 948 3201 1002 nefanda!
3250 947 3386 1011 Quis
3434 963 3690 1017 unquam

2086 1039 2300 1092 audivit
2332 1046 2395 1092 ut
2450 1039 2653 1109 aliquis
2705 1055 2799 1092 eos
2849 1038 3031 1091 odiret
3073 1053 3309 1107 quorum
3354 1036 3590 1089 consilio
3631 1041 3693 1088 et

2089 1128 2437 1197 providentia
2457 1133 2771 1180 reservatus
2793 1131 2941 1180 esset
2955 1127 3024 1179 ad
3044 1127 3236 1188 vitam,
3262 1127 3460 1195 suique
3491 1142 3556 1178 ac
3586 1141 3693 1178 sua

2091 1233 2284 1270 eorum
2313 1217 2526 1270 salvata
2552 1217 2660 1270 fide
2691 1222 2746 1269 et
2776 1216 2982 1270 auxilio
3004 1215 3130 1268 ?vel
3154 1217 3278 1285 quis
3299 1215 3377 1267 ita
3396 1215 3605 1284 sapuit,
3625 1218 3694 1266 ut

2093 1305 2216 1358 illos
2249 1305 2507 1375 diligeret
2543 1305 2612 1362 ad
2650 1320 2979 1358 consensum
3025 1304 3119 1374 qui
3169 1305 3355 1356 hostes
3395 1303 3482 1356 sui
3523 1307 3695 1355 erant

2092 1410 2453 1464 suorumque.
2488 1410 2725 1464 quorum
2763 1393 3118 1447 contumeliae
3154 1392 3555 1462 spurcitiarum
3588 1392 3694 1443 ho-

2094 1489 2370 1536 nestatem
2402 1485 2523 1552 ejus
2553 1499 2775 1535 omnem
2808 1498 2908 1534 suo
2947 1482 3153 1534 scelere
3199 1481 3520 1536 fadarant?
3566 1481 3696 1533 Heu

2095 1588 2261 1641 quam
2294 1588 2446 1624 nova
2475 1570 2833 1624 obscenitatis
2853 1570 3156 1630 dementia,
3188 1569 3281 1622 ubi
3306 1569 3493 1622 omnia
3523 1570 3694 1621 vitio-

415 1659 684 1726 temporis
726 1674 989 1727 pressura
1029 1661 1110 1714 vel
1156 1660 1443 1713 tribulatio
1478 1666 1823 1731 prOpagavit.
1870 1665 2013 1728 Quia
2094 1677 2216 1712 rum
2248 1661 2392 1714 ostia
2411 1660 2767 1730 aperiuntur!
2797 1659 3019 1729 quando
3047 1658 3286 1723 Justina,
3316 1659 3419 1710 etsi
3451 1658 3689 1727 polluta,

419 1745 521 1800 etsi
555 1746 854 1816 optabilius
873 1753 956 1800 est
969 1764 1192 1804 cursum
1220 1749 1347 1803 vita:
1371 1751 1641 1805 coniicere
1671 1751 1790 1804 sine
1821 1736 2074 1805 doloreB
2094 1749 2363 1818 recipitur
2388 1768 2398 1801 :
2433 1749 2578 1818 quod
2609 1765 2719 1800 non
2745 1748 3064 1816 corrigitur,
3113 1763 3293 1816 neque
3337 1747 3504 1799 datur
3535 1747 3694 1798 locus

419 1839 477 1888 et
497 1835 617 1888 sine
641 1835 867 1904 injuria,
897 1841 1085 1890 tamen
1115 1837 1182 1890 ad
1212 1837 1649 1892 immortalitatis
1685 1841 1924 1909 gloriam
1957 1847 2014 1895 et
2093 1837 2302 1900 timori,
2337 1843 2400 1890 ut
2419 1837 2751 1906 corrigatur.
2794 1837 2953 1890 Unde
2983 1836 3113 1888 huic
3145 1840 3420 1905 parantur
3447 1835 3691 1897 insidiae,

417 1922 658 1976 n'uctum
687 1928 907 1977 aeternae
933 1924 1317 1980 retributionis
1347 1928 1470 1997 plus
1499 1929 1658 1982 affert
1694 1931 1906 1999 praemii
1937 1930 2012 1984 la-
2094 1932 2151 1978 et
2179 1932 2497 1980 removetur
2521 1926 2590 1978 de
2617 1926 2738 1978 loco
2769 1926 2836 1977 ad
2869 1925 3048 1978 locum
3077 1943 3087 1976 :
3115 1924 3379 1994 quoniam
3399 1924 3554 1976 vitiis
3577 1922 3695 1976 ubi-

417 2009 520 2064 bor
547 2011 622 2081 pii
648 2013 989 2076 certaminis,
1014 2013 1214 2083 quibus
1246 2015 1432 2068 nullus
1447 2021 1533 2068 est
1551 2016 1694 2076 finis,
1713 2034 1878 2086 quam
1913 2019 2011 2070 de-
2095 2032 2202 2086 que
2233 2015 2464 2068 virtutes
2503 2014 2823 2084 displicent;
2865 2029 2966 2066 nec
2994 2014 3130 2066 satis
3168 2018 3289 2065 tute
3319 2013 3631 2066 creduntur
3657 2027 3695 2064 α

414 2100 582 2153 licata
610 2101 787 2170 quies.
823 2101 1124 2172 Propterea
1159 2103 1307 2156 idem
1355 2120 1576 2174 semper
1614 2105 1771 2158 fortis
1803 2112 1859 2158 et
1886 2123 2014 2159 con-
2094 2104 2323 2166 vitiosis,
2356 2104 2488 2158 dum
2530 2103 2729 2156 alicubi
2778 2119 2898 2155 esse
2953 2102 3274 2155 creduntur.
3332 2101 3546 2154 Idcirco
3587 2101 3695 2153 virs

419 2193 573 2241 stans
604 2189 660 2242 in
691 2191 843 2244 omni
895 2191 1107 2262 optima
1152 2194 1370 2246 ratione
1414 2200 1471 2246 et
1515 2193 1704 2247 labore
1747 2195 1837 2264 pio
1884 2195 2006 2258 fuit,
2092 2194 2230 2247 tutis
2281 2194 2366 2245 vir
2398 2233 2411 2256 ,
2463 2191 2736 2244 castitatis
2803 2196 3020 2246 amator
3052 2231 3064 2254 ,
3111 2185 3346 2259 j‘ustitize
3408 2189 3687 2251 defensor,

417 2293 640 2348 semper
656 2285 980 2332 mansuetus
997 2287 1051 2333 et
1073 2281 1321 2350 patiens;
1355 2289 1582 2352 paratus
1612 2283 1861 2352 excipere
1883 2301 2010 2337 cum
2093 2282 2315 2351 ejicitur
2363 2282 2471 2336 huc
2527 2281 2770 2349 illucque
2809 2279 2930 2332 sine
2977 2278 3213 2332 testibus
3243 2297 3253 2329 :
3289 2279 3424 2348 quia
3469 2277 3693 2348 publica

421 2367 573 2418 omni
602 2367 892 2420 devotione
921 2369 1188 2438 quidquid
1224 2372 1399 2423 virtus
1441 2371 1625 2423 divina
1655 2372 2006 2424 decrevisset.
2093 2375 2215 2422 erat
2245 2371 2365 2439 ejus
2393 2369 2588 2432 virtus,
2623 2369 2743 2420 sine
2763 2367 2995 2436 judicio,
3031 2367 3150 2419 sine
3170 2367 3423 2430 crimine,
3448 2367 3571 2419 sine
3596 2383 3691 2418 au-

421 2454 545 2506 Non
568 2455 715 2507 enim
740 2456 994 2508 exsilium
1026 2457 1148 2520 sibi,
1183 2457 1276 2510 ubi
1308 2459 1388 2510 vel
1418 2458 1510 2511 ubi
1533 2475 1658 2512 cum
1691 2467 1852 2522 esset,
1879 2461 2012 2529 quia
2093 2457 2322 2520 dientia,
2360 2463 2416 2509 et
2443 2457 2564 2510 sine
2603 2457 2828 2509 scelere.
2867 2456 3219 2525 Quapropter
3259 2455 3422 2507 velim
3471 2453 3543 2506 ad
3576 2455 3690 2506 He-

419 2556 546 2594 cum
577 2542 692 2595 Deo
733 2549 872 2608 erat,
906 2545 1002 2597 sed
1034 2545 1271 2614 patriam
1301 2546 1624 2616 deputabat.
1663 2548 1797 2600 Erat
1839 2548 2013 2616 igitur
2093 2562 2217 2597 rum
2253 2545 2600 2615 deportatus,
2629 2545 2883 2599 ultimam
2923 2548 3201 2596 terrarum
3255 2543 3520 2607 insulam,
3555 2541 3690 2612 quid

417 2629 472 2684 in
496 2632 788 2686 omni-loco
813 2649 939 2688 cum
966 2633 1230 2704 Apotolo
1251 2633 1428 2688 bonus
1445 2635 1583 2687 odor
1611 2636 1724 2688 Deo
1759 2654 1769 2687 :
1804 2642 1858 2688 et
1886 2637 2010 2689 ideo

421 2720 490 2773 ad
520 2720 726 2774 famam
758 2728 812 2775 et
839 2722 1077 2790 gloriam
1107 2723 1284 2777 sancti
1330 2723 1573 2776 nominis
1623 2725 1730 2778 huc
1769 2725 2010 2794 illucque

415 2809 834 2880 deportabatur.

1036 2913 1391 2956 PABGHMIIUS.

489 2987 576 3041 Ita
603 2993 690 3042 est
716 2993 782 3042 ut
809 2988 1012 3042 asseris
1043 3004 1058 3042 :
1090 2994 1147 3042 et
1173 2989 1296 3042 ideo
1326 3006 1436 3043 non
1468 2991 1713 3044 exsulem
1754 3007 1881 3044 eum
1910 3009 2011 3063 ap.

2092 2634 2270 2702 egerit
2296 2634 2529 2704 pandas.

2683 2754 2915 2814 CAPUT
2955 2756 3081 2818 XII.

2714 2892 3076 2936 PABCHASIUB.

2163 2987 2367 3041 Fateor
2393 2988 2576 3057 plane,
2610 2987 2755 3056 quod
2787 2991 3040 3039 aromata
3066 2986 3266 3049 solent,
3287 2985 3436 3056 quod
3466 2986 3523 3038 in
3556 3001 3695 3055 prae.

419 3077 630 3146 pellare
661 3077 808 3139 licet,
844 3077 938 3130 sed
971 3093 1065 3130 eos
1095 3078 1189 3147 qui
1233 3093 1358 3132 eum
1401 3079 1654 3132 exsulare
1702 3049 2241 3149 cogebant;cdicta
2259 3049 2427 3147 specu
2460 3095 2471 3128 :
2506 3049 2780 3146 nisiquod
2802 3074 2876 3128 ibi
2895 3075 3093 3128 caelum
3119 3080 3175 3127 et
3197 3049 3480 3128 Perininas
3499 3049 3688 3144 Alpes,

418 3166 680 3233 quoniam
711 3165 814 3234 ipsi
846 3166 902 3217 in
933 3179 1266 3235 quocunque
1294 3166 1412 3218 loco
1451 3172 1654 3232 essent,
1688 3169 2012 3223 exsulaban-

419 3258 514 3306 tur
537 3269 570 3305 a
595 3269 672 3316 se,
705 3267 736 3305 a
766 3269 952 3316 sensu,
985 3270 1020 3306 a
1047 3253 1296 3318 oonsilio,
1345 3269 1471 3307 cum
1515 3271 1738 3310 omnem
1768 3258 2010 3327 patriam

421 3339 630 3394 civibus
653 3346 708 3394 et
728 3341 955 3411 optimis
975 3341 1125 3395 curis
1151 3342 1212 3412 [ι.
1237 3342 1367 3396 viris
1387 3345 1640 3413 vacuam]
1669 3345 2012 3399 simillimam

427 3430 618 3483 exsilio
660 3431 776 3485 suis
821 3431 1123 3484 sceleribus
1171 3431 1495 3486 reddebant.
1541 3434 1685 3498 Quid
1729 3440 1813 3488 est
1864 3437 2013 3490 enim

417 3519 574 3573 exsul
603 3519 784 3590 ipsum
822 3536 923 3590 per
941 3536 1000 3574 se
1021 3536 1222 3574 nomen
1236 3521 1261 3572 ?
1281 3522 1615 3576 calamitatis
1636 3523 1829 3594 utique
1850 3541 2015 3594 poena

419 3614 476 3661 et
504 3608 896 3678 turpitudinis.
931 3609 1168 3669 Quando
1191 3609 1364 3678 igitur
1407 3617 1496 3664 est
1531 3613 1742 3682 turpe?
1777 3614 2008 3679 Revera,

417 3712 542 3751 cum
577 3703 662 3750 est
692 3713 855 3767 paena
883 3697 1111 3768 peccati.
1142 3699 1344 3769 Opinio
1383 3705 1469 3752 est
1494 3701 1663 3754 etiam
1694 3701 2004 3767 hominum,

417 3785 580 3838 sicuti
596 3785 744 3849 huic,
758 3802 882 3838 cum
914 3795 999 3838 est
1028 3803 1192 3856 poena
1211 3787 1419 3856 injuste
1439 3789 1711 3842 damnati.
1736 3790 1887 3843 Alias
1913 3806 2010 3844 au-

415 3881 529 3928 tem
556 3873 646 3926 hic
674 3891 787 3927 non
815 3874 870 3927 in
902 3880 1126 3944 peccato
1155 3891 1256 3928 suo
1285 3893 1486 3930 nomen
1513 3877 1643 3931 tulit
1681 3879 1876 3944 exsilii,
1911 3880 2006 3933 sed

415 3963 638 4016 decreto
664 3963 891 4032 injusto,
918 3965 1070 4033 juste
1110 3964 1224 4017 Deo
1254 3971 1473 4035 agente.
1508 3967 1653 4030 Quia
1696 3983 1860 4021 nemo
1887 3974 2004 4022 tam

415 4051 647 4104 insanus
700 4058 906 4112 mente,
939 4052 1033 4121 qui
1061 4059 1346 4121 peccatum
1404 4053 1553 4108 dicat
1600 4071 1765 4124 agere
1814 4064 2003 4111 sancto

413 4140 663 4202 consilio,
698 4155 798 4209 pro
819 4140 948 4198 fide.
982 4156 1081 4210 pro
1104 4141 1216 4194 vita
1238 4143 1491 4207 Caesaris,
1525 4160 1625 4213 pro
1655 4145 1782 4197 filiis
1810 4151 1866 4198 et
1894 4145 2002 4198 im-

414 4229 588 4298 perio,
620 4244 721 4298 pro
745 4228 924 4281 salute
951 4229 1162 4298 populi,
1199 4235 1256 4283 et
1299 4231 1604 4285 salvatione
1646 4233 1854 4302 patrlze,
1901 4251 2001 4304 pro

407 4317 630 4386 justitia
660 4322 716 4370 et
753 4316 965 4386 legibus
999 4320 1400 4387 Augustorum,
1447 4336 1547 4390 pro
1597 4321 1901 4375 stabilitate
1946 4329 2002 4376 et

2093 3181 2194 3218 nec
2224 3181 2335 3218 non
2369 3165 2686 3219 Limanium
2734 3166 2916 3218 lacum
2965 3163 3272 3217 cernebat:
3301 3164 3391 3216 hic
3432 3179 3566 3217 vero
3609 3180 3695 3216 so-

2094 3255 2378 3308 lummodo
2399 3270 2552 3308 mare
2573 3255 2916 3324 coelumque;
2949 3254 3037 3306 hic
3067 3259 3253 3306 autem
3281 3258 3340 3306 et
3357 3251 3492 3306 illuc
3512 3253 3691 3306 Deum

2096 3342 2472 3398 meditabatur
2512 3343 2569 3396 in
2613 3349 2821 3406 mente,
2853 3358 3041 3395 secum
3074 3342 3441 3411 semetipsum
3471 3357 3696 3411 semper

2096 3431 2198 3485 sibi
2221 3438 2550 3502 praesentem
2595 3431 2824 3485 ferebat.
2861 3430 3138 3484 Cernebat
3157 3437 3370 3494 autem,
3389 3431 3554 3499 juxta
3583 3431 3694 3484 Da-

2094 3521 2204 3586 vid,
2237 3521 2522 3574 mirabiles
2563 3521 2831 3574 elationes
2869 3520 3057 3584 maris,
3106 3518 3372 3572 cernebat
3413 3526 3605 3572 mente
3634 3520 3693 3572 in

2095 3611 2224 3663 altis
2253 3611 2572 3663 Dominum.
2607 3610 2753 3678 Ergo
2783 3609 3172 3662 considerabat
3185 3614 3338 3660 rotas
3356 3613 3413 3660 et
3435 3607 3693 3660 volubili-

2088 3705 2254 3764 tates,
2287 3699 2488 3768 quibus
2511 3699 2749 3752 vertitur
2767 3699 3028 3751 saeculum
3055 3717 3067 3764 ;
3100 3714 3159 3750 se
3192 3703 3382 3750 autem
3407 3697 3694 3767 gaudebat

2089 3788 2145 3840 in
2177 3787 2354 3841 solido
2383 3786 2817 3851 constabilitum,
2853 3791 2909 3839 et
2955 3785 3457 3856 congratulabatur
3511 3787 3692 3856 pluri-

2090 3890 2264 3939 mum,
2298 3876 2456 3946 quasi
2482 3875 2538 3928 in
2567 3875 2828 3946 paradiso
2859 3875 3185 3928 deliciarum
3217 3891 3332 3945 pre
3361 3875 3691 3928 amoenitate

2090 3965 2260 4018 nimia
2287 3965 2624 4018 constitutus
2655 3983 2666 4015 :
2702 3981 2767 4017 eo
2797 3965 2944 4034 quod
2976 3965 3245 4017 evasisset
3291 3964 3362 4016 de
3412 3963 3691 4034 profundo

2088 4054 2419 4122 iniquitatis,
2453 4053 2547 4106 ubi
2596 4053 2980 4106 indesinenter
3020 4053 3239 4106 elevant
3287 4053 3525 4106 flumina
3584 4050 3685 4104 sibi

2085 4141 2578 4212 compugnantium
2611 4143 2811 4194 fluctus
2839 4158 3017 4212 usque
3044 4141 3111 4194 ad
3131 4141 3355 4204 ccelum,
3379 4140 3451 4193 ab
3479 4141 3680 4211 impul~

2085 4230 2240 4283 sione
2269 4231 2605 4294 daemonum,
2640 4246 2741 4282 nec
2769 4236 2959 4283 tamen
2988 4230 3249 4299 operiunt
3275 4237 3459 4283 terras
3494 4248 3504 4280 :
3541 4246 3681 4299 quo-

2084 4335 2207 4372 rum
2232 4320 2433 4370 ﬂuctus
2449 4324 2506 4370 et
2526 4319 2813 4382 elationes,
2844 4319 2990 4371 sicut
3015 4335 3180 4371 nemo
3203 4319 3296 4388 qui
3319 4318 3679 4370 dinumerare

411 4405 629 4459 unitate
653 4405 828 4476 regni,
863 4406 1124 4476 pacisque
1167 4407 1480 4468 concordia,
1532 4426 1629 4478 pro
1674 4410 1998 4480 depulsione
2017 4404 2062 4461 D
2081 4407 2274 4477 possit,
2309 4407 2388 4460 ita
2418 4407 2669 4476 potentia
2696 4407 2894 4459 divinae
2924 4406 3358 4476 dispensationis
3389 4422 3558 4458 nemo
3585 4405 3678 4476 qui

410 4496 671 4550 vitiorum
693 4501 751 4549 et
777 4495 1277 4555 abominationum,
1309 4513 1408 4566 pro
1433 4497 1726 4561 adulterio,
1749 4499 1893 4568 quod
1926 4500 2006 4552 ul-

410 4585 612 4638 timum
641 4589 744 4649 est,
792 4590 848 4637 et
876 4600 977 4654 pro
1007 4585 1347 4638 contumelia
1371 4584 1542 4637 totius
1569 4586 1810 4655 imperii.
1852 4588 2005 4640 Adeo

409 4672 582 4741 igitur
610 4688 774 4725 nemo
802 4673 1067 4736 furiosus,
1102 4689 1268 4724 nemo
1295 4672 1542 4737 insanus,
1575 4689 1851 4743 nemoque
1889 4681 2006 4727 tam

413 4760 724 4830 imperitus,
760 4761 857 4831 qui
898 4761 1081 4814 felices
1110 4778 1203 4814 eos
1240 4768 1464 4815 censeat
1492 4762 1576 4814 vei
1607 4767 1878 4826 sensatos,
1912 4762 2008 4832 qui

413 4849 547 4902 talia
575 4855 784 4903 contrar
798 4851 1215 4916 conscientiam,
1257 4856 1452 4903 contra
1481 4851 1719 4904 salutem
1750 4852 2002 4904 omnium

413 4937 559 4991 facta
587 4938 838 5002 laudant,
861 4945 917 4992 et
945 4940 1092 4992 hunc
1114 4940 1451 5010 vituperant.
1487 4939 1656 5003 Quasi
1679 4957 1790 4992 non
1820 4939 2005 4993 felices

412 5027 622 5081 fuerint
656 5027 714 5080 hi
743 5043 956 5090 omnes,
985 5029 1080 5097 qui
1103 5045 1203 5098 pro
1218 5029 1441 5097 justitia
1478 5029 1834 5098 agonizantes
1865 5029 2005 5082 tales

417 5115 1153 5185 sustinueruntinjuriarum
1174 5118 1487 5187 triumphos
1509 5136 1518 5149 θ
1544 5118 1612 5170 de
1633 5133 1870 5187 quorum
1892 5133 2005 5170 om-

412 5207 569 5262 nium
591 5207 825 5275 collegio
847 5206 1055 5260 eiectus
1077 5212 1161 5258 est
1181 5222 1281 5258 suo
1302 5206 1356 5258 in
1378 5207 1765 5278 temporeiste,
1782 5207 1876 5276 qui
1909 5223 2008 5276 pro

412 5293 628 5351 eximiis
653 5293 937 5351 beneficiis
968 5298 1024 5348 et
1049 5293 1378 5356 innumeris,
1419 5294 1884 5350 contumeliarum
1918 5296 2012 5346 ho~

410 5398 579 5442 nores
596 5384 925 5454 perciperet.
949 5382 1092 5438 iiinc
1117 5381 1290 5438 etiam
1322 5399 1461 5436 novo
1480 5399 1688 5452 genere
1703 5383 1771 5440 ad
1797 5383 2010 5442 Herum

415 5471 965 5540 magnificentissime
981 5473 1285 5524 honoratus
1312 5471 1380 5523 ad
1395 5473 1758 5525 exsulandum
1787 5471 2012 5525 deduci.

415 5564 530 5625 tur,
560 5564 702 5612 teste
721 5560 1062 5614 conscientia
1081 5576 1295 5627 eorum,
1322 5553 1418 5631 qui
1449 5560 1585 5613 talia
1614 5559 2010 5614 ministrabant

2088 4495 2504 4565 apprehendere
2551 4500 2735 4564 queat.
2795 4495 2953 4548 Unde
2988 4495 3166 4547 fidelis
3213 4495 3450 4564 quisque
3487 4494 3683 4547 audiat

2090 4601 2274 4637 vocem
2301 4583 2522 4636 Domini
2542 4599 2668 4636 cum
2690 4583 2924 4635 Arsenio
2944 4584 3180 4636 dicentis
3198 4584 3337 4636 mari
3359 4589 3417 4636 ct
3436 4584 3637 4637 szeculo
3664 4600 3678 4634 :

2088 4673 2276 4741 Usque
2307 4671 2414 4724 huc
2437 4671 2645 4739 venies,
2677 4677 2733 4724 et
2782 4671 2872 4723 hic
2895 4670 3211 4740 confringes
3254 4676 3542 4725 tumentes
3586 4673 3685 4724 flu-

2089 4767 2210 4814 ctus
2239 4767 2384 4814 tuos.
2418 4761 2570 4814 Alias
2601 4767 2810 4825 autem,
2842 4761 2947 4814 nisi
2975 4761 3063 4814 his
3095 4762 3366 4814 solidatus
3397 4769 3544 4814 esset
3558 4777 3685 4830 pro-

2085 4849 2459 4912 missionibus,
2494 4855 2549 4902 et
2577 4849 2842 4902 fundatus
2870 4866 3037 4919 super
3055 4851 3277 4902 firmam
3310 4855 3562 4919 petram;
3595 4849 3682 4901 in-

2086 4944 2174 4991 ter
2199 4944 2285 4991 tot
2310 4938 2593 4990 volumina
2619 4938 2977 5007 injuriarum,
3006 4939 3318 4991 collisiones
3349 4945 3405 4990 et
3436 4938 3685 5008 fragores

2087 5027 2483 5084 tentationum.
2509 5032 2623 5079 tam
2645 5027 2948 5079 immobilis
2969 5034 3024 5079 et
3044 5027 3410 5080 inconcussus
3429 5043 3539 5080 non
3568 5043 3690 5097 per-

2091 5122 2361 5168 maneret.
2377 5114 2607 5168 Ubinon
2619 5116 2734 5174 diu.
2753 5116 2890 5184 proh
2914 5115 3070 5168 nefas
3088 5115 3098 5167 ε
3115 5131 3240 5168 cum
3261 5114 3426 5168 beato
3447 5116 3682 5178 Joanne,

2092 5205 2195 5256 etsi
2239 5203 2488 5267 inferior,
2535 5220 2661 5256 cum
2691 5203 3059 5256 exsultatione
3099 5210 3155 5255 et
3181 5204 3475 5262 alacritate
3503 5203 3685 5256 cordis

2092 5292 2278 5348 divina
2315 5308 2540 5348 cernere
2583 5291 2740 5345 licuit
2796 5292 3083 5364 mysteria,
3125 5286 3314 5349 tamcn
3358 5291 3687 5362 quantispel‘

2086 5381 2438 5451 jucunditate
2452 5383 2689 5436 refectus
2701 5385 2920 5436 aeternae
2931 5385 3148 5439 contem
3157 5379 3438 5450 plationis,
3458 5380 3596 5449 reliq
3605 5379 3686 5438 uit

2090 5470 2299 5524 bonum
2325 5469 2636 5540 exemplum
2666 5468 2951 5534 fratribus,
2974 5476 3032 5522 et
3051 5470 3288 5539 posteris
3313 5470 3522 5523 famam
3552 5484 3685 5522 ean-

2092 5565 2192 5612 ctze
2221 5558 2527 5629 religionis.
2557 5558 2626 5612 Et
2653 5558 2785 5628 quia
2814 5557 2968 5612 nullo
2993 5558 3051 5611 in
3089 5558 3205 5612 loco
3248 5559 3385 5612 satis
3416 5557 3677 5623 creditur,
