4000 6170
350 235 492 297 ιω

986 240 1082 296 DE
1117 239 1288 300 ἮΤΔ
1325 240 1582 309 WALE,
1623 241 1761 300 seu
1798 243 1935 301 ΕΡῙἿ

2021 243 2247 303 PHIUM
2281 243 2598 305 ARIENIL.
2632 273 2696 294 αν·
2726 245 2863 307 LII.
2904 247 2977 301 ΙΙ.

3475 247 3621 307 1830

333 362 484 433 quod
509 362 765 418 timidius
791 362 1158 422 formidatur:
1189 363 1393 422 idcirco
1415 379 1517 426 nso
1544 365 1636 423 hic
1655 371 1810 424 ostra
1835 383 1928 424 ιον
1943 370 1993 431 Α
2012 373 2337 426 nostrarum
2378 367 2613 432 insidiae,
2645 384 2770 438 quae
2803 367 2874 427 ad
2902 372 3120 428 tantam
3144 368 3390 428 civilium
3417 367 3615 429 debes-

332 451 471 518 lum,
505 468 571 506 ac
599 452 644 507 si
674 457 834 507 extra
875 453 1164 518 mundum,
1196 460 1448 510 retrusus
1477 471 1809 525 permanere
1838 472 1931 526 pce

333 540 506 607 titur;
534 557 664 594 nam
685 548 743 595 et
759 541 1001 596 Joannes
1031 543 1088 596 in
1113 559 1335 597 carcere
1365 544 1634 613 religatus
1663 545 1930 615 pertime-

333 629 526 684 scitur.
557 629 715 684 Unde
747 636 804 684 et
843 631 1066 686 Justina
1096 632 1216 700 jam
1250 631 1431 692 enixa,
1463 648 1589 686 cum
1624 634 1693 688 ad
1735 634 1931 701 conju~

329 718 488 788 gium
531 719 770 774 redisset
812 720 1088 774 velamine
1127 721 1468 786 conculcata,
1505 721 1792 791 requisivit
1820 737 1932 790 quo

327 807 477 860 idem
507 812 674 871 esset,
708 824 874 878 quem
895 809 1049 862 nullo
1079 809 1136 862 in
1165 809 1285 862 loco
1315 810 1514 875 vivere,
1542 815 1814 880 quantum
1845 827 1932 864 ar-

327 895 526 962 bitror,
559 897 841 950 voluisset.
887 897 996 951 Sed
1027 903 1084 952 et
1121 898 1342 952 invidus
1375 899 1624 952 omnium
1656 899 1928 953 bonorum

327 984 602 1052 diabolus,
649 985 847 1039 invidit
875 986 1091 1041 diutius
1129 1003 1260 1042 eum
1303 987 1411 1042 frui
1452 987 1624 1041 tantis
1655 987 1927 1040 virtutum

2011 457 2330 512 cbationem
2374 455 2684 526 perduxere
2728 457 3147 526 pacatissimum
3190 459 3455 528 regnum!
3504 459 3614 516 Sed

2011 544 2138 600 felix
2164 545 2232 598 de
2250 561 2361 614 quo
2372 543 2582 614 ubique
2604 550 2761 600 tanta
2783 544 3054 600 virtutum
3076 546 3424 615 respergitur
3442 547 3611 610 fama,

2013 634 2154 688 Puto
2185 633 2331 702 quod
2358 633 2513 690 nulla
2542 633 2616 686 sit
2644 632 2818 702 regio,
2842 633 3057 688 nullum
3088 639 3369 690 terrarum
3400 641 3616 696 nostrae

2012 737 2137 777 rum
2167 721 2366 785 solum,
2401 721 2571 781 etiam
2601 721 2927 778 ultimarum
2961 739 2973 787 ι
3007 737 3119 778 non
3142 729 3365 792 pontus,
3401 739 3509 780 non
3534 723 3611 780 inv

2013 810 2166 873 sules,
2194 826 2304 868 non
2325 810 2517 868 littora
2541 829 2554 875 ;
2583 827 2695 864 non
2724 810 2894 872 locus,
2921 825 3033 864 non
3080 809 3298 872 domus,
3345 828 3456 865 non
3487 811 3618 868 civi-

2019 907 2121 963 tas,
2155 899 2210 952 in
2243 916 2353 969 qua
2383 916 2492 956 non
2528 905 2745 954 exstent
2779 900 2947 968 hujus
2971 899 3073 952 viri
3104 899 3286 954 laudis
3315 902 3611 970 praeconia,

2014 993 2071 1042 et
2091 987 2186 1042 ubi
2209 1005 2321 1042 non
2353 995 2616 1045 maneant
2650 989 2928 1058 impressa
2953 988 3091 1042 casti
3124 988 3339 1047 consilii
3359 989 3612 1058 vestigia,

327 1073 746 1128 oblectamentis
783 1093 794 1127 :
835 1076 969 1146 quia
1001 1076 1154 1130 nullo
1197 1076 1403 1130 inloco
1450 1094 1570 1130 esse
1620 1082 1843 1145 poterat
1873 1077 1929 1129 in

326 1163 434 1216 hac
462 1163 576 1217 vita
613 1164 852 1227 mortali,
891 1181 1001 1234 quo
1033 1165 1211 1234 magis
1249 1165 1659 1232 delectaretur;
1692 1166 1816 1226 ideo
1845 1182 1930 1220 re~

2019 1093 2140 1146 qua;
2199 1077 2412 1130 cunctis
2460 1077 2720 1146 prmstitit
2769 1094 2896 1130 cum
2947 1076 3261 1136 incredibili
3315 1077 3614 1146 gravitate,

2015 1165 2236 1227 virtute,
2271 1170 2440 1235 atque
2485 1165 2819 1230 constantia,
2854 1170 2910 1220 et
2957 1165 3202 1235 puritate
3248 1165 3450 1220 cordis.
3486 1165 3620 1226 Erat

329 1256 587 1306 movetur
613 1268 647 1305 a
669 1257 788 1307 tam
808 1253 1187 1312 amoenissima
1212 1253 1541 1308 deliciarum
1571 1255 1710 1308 loco.
2012 1252 2163 1306 enim
2199 1252 2258 1310 in
2291 1267 2356 1305 eo
2406 1253 2702 1321 integritas
2745 1253 2969 1316 mentis,
3003 1253 3198 1321 religio
3241 1258 3454 1316 sancta,
3485 1252 3616 1308 dili-

927 1376 1160 1432 CAPUT
1182 1377 1334 1430 xm.
2013 1339 2204 1432 gentia
2235 1357 2447 1432 rerum,
2466 1341 2787 1432 moderatio
2818 1341 3108 1432 virtutum,
3138 1341 3339 1432 quibus
3369 1341 3616 1432 auctori:-

1275 1415 1334 1438 μ’
2015 1433 2101 1481 tas
2131 1429 2189 1481 in
2228 1445 2293 1484 eo
2335 1429 2640 1499 plurimum
2686 1429 3201 1488 commendabatur.
3232 1429 3462 1494 Idcirco,
3519 1427 3618 1491 ubi

954 1513 1298 1561 Διδεοωτυβ·
2013 1517 2100 1570 vel
2127 1516 2242 1582 ubi,
2275 1518 2437 1586 quasi
2468 1517 2706 1572 eximius
2729 1517 3101 1572 venerabatur
3120 1523 3408 1588 patronus,
3431 1523 3491 1574 et
3517 1517 3622 1572 du-

405 1605 601 1669 Quaeso
630 1606 842 1676 pandas
871 1605 1032 1662 nobis
1059 1607 1196 1678 quid
1221 1608 1410 1668 fuerit.
1439 1607 1574 1678 quia
1597 1609 1716 1678 jam
1746 1608 1933 1664 nullus
2015 1605 2246 1665 cabatur
2277 1627 2288 1662 :
2324 1605 2456 1675 quia
2482 1605 2541 1660 in
2571 1622 2766 1662 eorum
2797 1606 2968 1664 etiam
2997 1607 3338 1664 conscientia
3382 1622 3620 1665 venere...

333 1695 509 1748 tutior
536 1694 819 1778 invenitur
861 1695 1033 1760 locus,
1067 1712 1250 1766 neque
1299 1698 1588 1761 remotior,
1623 1697 1771 1767 quod
1803 1693 2142 1782 indeBbilis
2186 1700 2309 1748 erat
2345 1711 2446 1764 pro
2505 1694 2628 1752 vitae
2683 1694 2885 1753 merito
2935 1699 2992 1748 et
3039 1695 3262 1760 virtute,
3311 1711 3347 1752 a
3394 1694 3619 1765 quibus,

333 1783 646 1852 expellitur,
683 1782 777 1837 ubi
830 1785 1018 1840 nullus
1047 1801 1304 1840 accessus
1348 1785 1640 1844 hominum
1688 1786 1926 1853 videtur,
2016 1788 2290 1853 quantum
2336 1783 2395 1838 in
2452 1782 2589 1852 ipsis
2647 1783 2772 1844 fuit,
2818 1783 3010 1842 exsilio
3057 1783 3449 1842 damnabatur.
3509 1784 3622 1844 Sed

332 1888 514 1942 neque
554 1889 822 1935 recessus.
855 1873 964 1930 nisi
1001 1874 1166 1944 longo
1216 1874 1387 1928 maris
1416 1874 1657 1944 navigio.
1692 1875 1837 1929 Nam
1877 1880 1932 1930 et
2015 1871 2242 1928 omnino
2263 1871 2344 1924 illi
2376 1887 2487 1924 non
2517 1876 2639 1924 erat
2667 1871 2947 1936 exsilium,
2974 1871 3088 1929 imo
3111 1877 3478 1940 augmentum
3507 1888 3623 1926 me-

330 1959 538 2015 ibidem
565 1962 699 2016 olim
727 1963 1034 2017 Antonium
1058 1973 1084 2003 ι
1109 1963 1354 2032 positum
1381 1963 1550 2017 fuisse
1579 1962 1648 2017 ob
1681 1962 1933 2016 firmissi-
2015 1960 2252 2018 ritorum
2287 1976 2298 2014 :
2335 1958 2484 2028 quia,
2509 1959 2653 2012 sicut
2677 1959 2734 2014 in
2765 1959 2980 2028 psalmo
3010 1959 3250 2024 canitur,
3284 1960 3467 2016 eundo
3497 1959 3618 2020 ibat

334 2065 486 2106 mam
515 2056 734 2106 constat
765 2051 1097 2105 custodiam.
1133 2051 1292 2104 Unde
1321 2057 1380 2105 et
1414 2051 1521 2104 iste
1563 2050 1633 2106 ab
1671 2051 1929 2106 omnibus

332 2137 636 2206 plurimum
652 2138 966 2200 amabatur,
980 2138 1112 2192 licet
1123 2139 1240 2192 suis
1259 2138 1394 2192 satis
1411 2138 1748 2206 jamdudum
1770 2138 1930 2194 bonis

335 2231 391 2278 et
419 2224 700 2282 beneﬁciis
724 2234 1030 2280 amaretur.
1055 2227 1159 2289 Qui
1192 2226 1438 2302 profecto
1453 2228 1729 2282 Antonius
1756 2227 1932 2281 multa

335 2313 604 2366 virtutum
635 2313 890 2383 deposita
934 2315 1009 2368 ibi
1047 2315 1294 2385 reliquit,
1336 2305 1485 2386 apud
1516 2315 1695 2370 Deum
1735 2316 1934 2370 merita

334 2403 764 2466 commendavit,
798 2411 856 2458 et
893 2422 1082 2459 secum
1131 2405 1338 2475 ubique
1367 2410 1622 2459 aromata
1662 2406 1933 2460 virtutum

335 2490 596 2559 portavit.

965 2596 1310 2635 PASCHASIUE.

406 2667 567 2730 Quod
618 2668 949 2738 interrogas,
1027 2671 1208 2740 qualis
1274 2670 1489 2725 occasio
1534 2670 1723 2732 fuerit,
1779 2671 1935 2740 prius

338 2755 577 2822 ostendi,
608 2757 831 2826 qualem
861 2762 920 2810 et
965 2758 1208 2812 Joannes
1251 2756 1447 2813 habuit
1495 2757 1554 2813 in
1603 2774 1841 2822 carcere,
1874 2763 1936 2812 ut

338 2841 602 2897 feriretur
625 2843 838 2912 gladio.
867 2844 1078 2898 Tamen
1109 2844 1382 2901 Melanius
1412 2860 1507 2902 rex
1531 2843 1642 2899 illis
1673 2850 1793 2899 erat
1819 2845 1936 2898 affi-

2013 2048 2081 2103 de
2103 2048 2221 2104 loco
2251 2047 2320 2100 ad
2352 2048 2556 2112 locum,
2593 2047 2868 2104 mittendo
2897 2049 3116 2104 semina
3135 2065 3238 2104 sua
3266 2050 3427 2114 (Psal.
3454 2064 3613 2113 ωηεν,

2012 2134 2084 2198 6).
2112 2135 2327 2205 Ubique
2354 2135 2698 2194 confessores
2733 2136 2940 2190 Christi
2965 2137 3364 2194 intercessores
3394 2135 3616 2203 habuit;

2016 2224 2222 2294 ubique
2267 2240 2462 2282 eorum
2501 2225 2753 2294 exempla
2792 2225 3197 2282 exhortationis
3222 2225 3408 2295 gratia
3448 2225 3555 2282 sibi
3583 2240 3620 2279 a

2015 2313 2130 2366 Deo
2163 2312 2410 2382 praestita
2440 2312 2686 2378 invenit;
2722 2313 2927 2382 ubique
2972 2319 3029 2366 et
3057 2314 3175 2384 ipse
3205 2313 3487 2374 confessor
3514 2331 3618 2370 sua

2016 2402 2269 2472 reliquit;
2303 2407 2361 2454 et
2388 2403 2792 2458 monachorum
2813 2410 3110 2467 catervam,
3141 2404 3289 2464 inter
3320 2419 3458 2474 quos
3486 2403 3613 2469 fuit,

2016 2507 2205 2546 secum
2259 2489 2470 2546 habuit.
2509 2507 2747 2560 quorum
2807 2492 3296 2548 commendaretur
3335 2491 3613 2562 precibus,

2018 2579 2296 2638 foveretur
2319 2579 2551 2642 solatiis,
2573 2585 2629 2634 et
2657 2579 3000 2635 solemnibus
3023 2581 3363 2638 muloeretur
3383 2580 3612 2646 officiis;

2018 2682 2157 2739 quos
2182 2674 2240 2722 et
2268 2668 2388 2737 ipse
2416 2667 2532 2724 suis
2561 2667 2872 2726 instruebat
2901 2669 3185 2738 exemplis,
3219 2668 3619 2724 exhortabatur

2019 2755 2278 2820 oraculis,
2311 2755 2679 2824 praestruebat
2721 2756 2984 2814 consiliis.
3020 2757 3178 2810 Unde
3220 2756 3404 2814 adhuc
3451 2755 3617 2812 hodie

2020 2844 2074 2898 in
2105 2845 2316 2899 eisdem
2342 2844 2494 2909 locis,
2525 2861 2860 2915 quocunque
2883 2845 3006 2909 fuit,
3032 2844 3335 2914 plurimum
3361 2843 3616 2914 diligitur

338 2930 427 2985 nis
451 2930 510 2986 in
529 2931 801 3000 partibus,
823 2948 992 3001 super
1015 2948 1179 3002 quem
1206 2948 1406 2988 manus
1437 2933 1660 2990 mittere
1683 2933 1935 2988 decreve-
1970 2998 1997 3003 _
2018 2939 2075 2990 et
2096 2939 2355 3000 amatur;
2386 2933 2720 3003 praedicatur
2747 2935 2968 3003 quoque
2994 2939 3052 2988 et
3073 2932 3499 2992 commendatur
3527 2931 3617 2988 in~

339 3024 486 3076 rant.
517 2998 600 3074 Ne
619 3019 847 3076 consilio
870 2998 1182 3091 juver—etur,
1208 3021 1490 3090 provisum
1509 3027 1613 3086 est,
1633 3021 1764 3091 quia
1788 3021 1937 3076 idem
1961 2998 2002 3054 Ο
2021 3029 2322 3084 cessenter,
2343 2998 2515 3078 etiam
2547 3021 2616 3074 ab
2647 3021 2734 3076 his
2750 3021 2846 3091 qui
2871 3038 3001 3080 eum
3031 3037 3143 3078 non
3174 3021 3446 3085 viderunt,
3481 3037 3616 3090 qua-

339 3107 532 3163 multis
558 3106 873 3163 cmcabatur
897 3106 1104 3177 peccati
1134 3106 1368 3162 actibus.
1404 3107 1522 3160 Hac
1547 3107 1756 3178 quippe
1785 3124 1940 3164 occa-

337 3195 515 3261 sione,
546 3195 797 3266 quamvis
822 3211 951 3251 cum
993 3195 1225 3259 honore,
1259 3195 1393 3264 quia
1417 3195 1790 3254 venerabatur
1818 3212 1936 3251 mea

338 3283 482 3352 ritis,
512 3289 569 3337 et
593 3283 894 3340 timebatur
929 3282 1212 3349 oonsuliis;
1247 3283 1527 3340 relevetur
1572 3299 1700 3342 cum
1729 3283 1938 3351 injuria

339 3371 553 3435 elsilio,
583 3377 640 3428 et
663 3371 992 3442 deportatur
1013 3371 1435 3434 officiosissime,
1466 3372 1624 3441 quasi
1645 3372 1936 3428 incensum
2004 3436 2013 3447 ,

338 3459 698 3522 odoriferam,
721 3477 822 3532 per
840 3460 1054 3516 medias
1084 3459 1294 3514 Gallias
1320 3459 1390 3517 ad
1406 3458 1786 3517 Germaniam.
1811 3459 1936 3528 Ipse

339 3565 471 3608 vero
497 3564 718 3619 semper
755 3549 961 3619 ubique
1011 3564 1200 3604 secum
1231 3547 1473 3618 patriam
1511 3547 1724 3604 ferebat
1755 3564 1767 3598 :
1804 3546 1935 3616 quis

337 3637 543 3708 ubique
571 3645 756 3699 notus.
792 3637 995 3706 ubique
1031 3637 1285 3699 dilectus,
1319 3635 1526 3706 ubique
1575 3635 1646 3692 ab
1677 3634 1936 3692 omnibus

339 3733 549 3796 quanto
578 3726 947 3789 innocentior,
981 3732 1139 3782 tanto
1165 3725 1390 3784 cbarius
1419 3723 1733 3783 amabatur.
1769 3723 1936 3792 Equi...

339 3816 468 3872 dem
493 3817 614 3886 jam
647 3815 969 3886 perfunctus
982 3814 1408 3878 tentationibus,
1433 3813 1647 3870 nullam
1667 3813 1797 3875 vim,
1818 3813 1939 3872 nul-

340 3905 456 3964 lum
488 3905 772 3963 metuebat
821 3903 1122 3974 imperium
1154 3922 1166 3956 :
1207 3903 1313 3960 etsi
1357 3903 1594 3958 necdum
1621 3902 1940 3972 expleverat

341 3994 559 4052 animos
586 3993 1052 4056 adversariorum,
1085 4008 1268 4062 neque
1319 3991 1637 4061 placaverat
1663 3991 1793 4044 odia
1829 3990 1939 4046 im—

341 4083 674 4154 proborum;
709 4087 1060 4138 saturaverat
1098 4086 1287 4138 tamen
1331 4080 1607 4150 tantisper
1647 4078 1938 4150 perﬁdiam

342 4179 400 4228 et
427 4173 606 4228 scelus
634 4169 1279 4246 proditorum;quamvis
1300 4185 1410 4224 non
1431 4169 1501 4224 ad
1533 4169 1781 4238 plenum,
1807 4167 1940 4238 quia

343 4260 653 4317 reluctabat
681 4259 1104 4329 [reluctabatur]
1134 4257 1323 4314 animo
1379 4257 1527 4327 quod
1559 4257 1837 4312 volebant.
1873 4257 1940 4315 Et

343 4351 469 4409 ideo
507 4350 709 4405 timore
735 4347 1139 4409 efﬁciebantur,
1172 4363 1242 4402 ne
1269 4345 1428 4400 bonis
1456 4345 1778 4403 subveniret
1804 4361 1937 4402 con-

2019 3117 2187 3170 tenus
2205 3111 2328 3180 ejus
2355 3126 2578 3180 semper
2606 3109 2758 3168 fama
2784 3110 2968 3180 vigeat
2995 3116 3052 3164 et
3077 3109 3369 3180 prmoonia.

2607 3268 2840 3329 CAPUT
2860 3269 3004 3329 XIV.

2647 3420 2997 3465 PASCHASIUS.

2087 3530 2488 3588 Verumtamen
2545 3530 2602 3586 in
2680 3531 2897 3595 eodem,
2956 3531 3028 3590 ad
3083 3530 3232 3602 quod
3285 3531 3615 3606 pervenerat

2021 3619 2444 3684 monasterium,
2468 3635 2579 3676 non
2609 3619 2706 3678 diu
2733 3635 2926 3679 rursus
2965 3619 3121 3677 licuit
3158 3632 3507 3690 permanere.
3539 3631 3611 3673 ne

2019 3707 2160 3766 forte
2183 3708 2452 3764 Gratiano
2476 3707 2585 3766 illis
2628 3707 2685 3767 in
2736 3707 2988 3782 partibus
3020 3708 3349 3767 misceretur
3384 3704 3616 3764 consilio

2021 3797 2103 3854 vel
2129 3796 2404 3866 colloquio
2436 3816 2447 3851 :
2481 3796 2745 3870 quoniam
2793 3797 2913 3868 ipse
2944 3797 3149 3866 ubique
3185 3795 3334 3854 idem
3365 3799 3526 3861 erat;
3559 3798 3616 3852 et

2020 3885 2327 3944 secundum
2357 3886 2532 3943 Deum
2565 3901 2688 3956 qua:
2727 3886 2900 3944 semel
2940 3886 3077 3942 velle
3107 3883 3310 3944 debere
3339 3881 3616 3942 delibera-

2019 3980 2191 4036 verat,
2225 3972 2644 4042 intatigabiliter
2671 3958 2916 4037 tenebat,
2948 3990 3018 4027 ne
3054 3973 3229 4032 virtus
3270 3970 3443 4031 animi
3487 3970 3615 4028 ullis

2019 4063 2374 4130 frangeretur
2403 4061 2786 4114 molestiarum
2833 4061 3072 4132 injuriis.
3112 4060 3256 4124 Quid
3302 4059 3502 4130 plura?
3533 4074 3617 4112 re-

2021 4151 2246 4204 ducitur
2301 4150 2370 4202 ad
2424 4150 2712 4220 proprium
2760 4150 2968 4204 eisdem
3013 4150 3262 4220 privatus
3311 4146 3615 4202 honoribus

2021 4237 2354 4297 cmnobium,
2387 4239 2516 4308 quia
2546 4237 2916 4296 venerabatur
2941 4238 3164 4308 ubique,
3201 4254 3271 4292 ne
3299 4238 3482 4290 locum
3512 4236 3616 4288 ha-

2021 4326 2178 4386 beret
2201 4332 2398 4385 contra
2422 4326 2761 4384 voluntatem
2778 4327 2949 4384 semel
2974 4327 3230 4397 illapsam
3251 4325 3472 4396 agendi.
3495 4324 3618 4392 Qua

343 4388 469 4409 μιυυ
509 4388 708 4405 ωηωιυ
735 4388 1139 4409 ...μωνυηηνκη
1172 4388 1242 4402 ..ν
1272 4388 1428 4400 -....._
1456 4388 1778 4403 "mm..."
1805 4388 1937 4402 νυ...
3075 4388 3090 4397 ,
3285 4388 3318 4396 -
3520 4388 3528 4392 _

340 4439 498 4502 siliis,
529 4445 588 4494 et
612 4437 764 4492 fraus
795 4437 1014 4490 detecta
1035 4435 1332 4505 deperiret.
1356 4435 1480 4490 Non
1501 4434 1653 4491 enim
1677 4433 1728 4492 ei
1751 4388 2089 4491 hostesDde
2117 4431 2303 4505 οξιυδδς
2335 4431 2462 4505 Qum
2491 4414 2747 4480 Γθάὶδεεῐν
2779 4431 2890 4505 mm
2935 4416 3120 4474 minus
3154 4430 3413 4505 maerore.
3445 4427 3614 4505 quam

339 4533 502 4580 erant
549 4528 671 4596 jam
721 4525 966 4595 expulso,
1019 4523 1116 4578 sed
1168 4522 1485 4586 virtutibus,
1542 4539 1681 4591 quas
1730 4521 1936 4591 ubique

338 4615 597 4672 amittere
642 4631 752 4670 non
785 4612 1018 4675 valebat,
1054 4611 1152 4670 Dei
1175 4617 1502 4680 Protegente
1532 4611 1758 4664 auxilio.
1791 4611 1937 4674 Quid

338 4705 536 4775 plura?
579 4703 809 4774 reliquit
848 4701 1247 4760 monachorum
1287 4700 1594 4758 alvearium
1639 4699 1937 4758 virtutibus

337 4793 722 4851 melliﬂeatum
753 4810 766 4858 ;
797 4796 854 4846 et
883 4807 1007 4845 ecce
1036 4806 1163 4844 cum
1191 4788 1399 4857 gaudio
1430 4805 1642 4853 rursus,
1676 4787 1770 4848 ubi
1815 4805 1937 4859 per.

335 4881 560 4940 ducitur
587 4881 658 4937 ad
682 4879 1062 4943 Germaniam,
1097 4877 1499 4936 monachorum
1524 4877 1726 4932 chorus
1753 4877 1778 4921 h
1805 4893 1935 4936 eum

334 4971 585 5041 suscipit,
619 4985 816 5024 rursus
860 4968 1246 5038 episcoporum
1299 4965 1506 5025 ducatu
1553 4965 1625 5020 ad
1676 4965 1938 5023 eumdem

337 5061 525 5117 locum
551 5065 607 5114 et
625 5057 912 5122 abbatum,
929 5053 1182 5126 quamvis
1196 5053 1511 5119 inhoneste,
1528 5053 1937 5123 quodammodo

341 5150 692 5207 honestatur.

907 5227 1352 5271 THEOPHRASTUS.

413 5308 460 5362 Ο
481 5307 688 5360 misera
715 5310 911 5359 nostra
937 5309 1194 5373 tempora
1220 5302 1232 5354 l
1261 5318 1293 5354 ο
1325 5301 1510 5355 stulta
1539 5300 1947 5356 discordiarum

415 5459 440 5488 ι
478 5449 538 5502 Id
569 5452 655 5501 est
681 5445 1062 5500 Adalhardum
1087 5443 1263 5498 Wale
1290 5442 1541 5511 fratrem,
1571 5443 1656 5502 uti
1686 5441 1942 5512 superius

345 5521 556 5574 dictum
586 5535 645 5572 in
676 5519 798 5574 eius
831 5517 983 5573 Vita.

418 5590 444 5631 ι)
473 5593 560 5644 An
584 5581 876 5645 Fuldensis
913 5585 1286 5642 monasterii?
1313 5585 1480 5640 Nulla
1518 5587 1639 5655 ejus
1683 5581 1766 5637 rei
1795 5582 1943 5652 apud

2018 4504 2225 4582 gaudio
2254 4503 2447 4562 suliusi
2468 4520 2661 4560 sumus
2696 4521 2706 4555 :
2752 4504 2883 4582 quia
2923 4505 3050 4560 hinc
3091 4504 3291 4568 moesti,
3327 4501 3474 4576 quod
3512 4516 3614 4558 suo

2022 4591 2344 4662 privabz.tur
2369 4591 2582 4660 ofﬁcio;
2615 4591 2744 4646 hinc
2774 4608 2901 4648 vero
2933 4591 3064 4655 laeti,
3090 4590 3237 4662 quod
3257 4605 3385 4648 eum
3414 4589 3615 4646 saltem

2018 4681 2206 4741 videre
2237 4681 2655 4746 meruissemus,
2690 4679 3091 4752 nobiscumque
3122 4678 3326 4737 habere
3346 4677 3614 4737 licuisset.

2017 4769 2122 4828 Ubi
2148 4786 2276 4827 cum
2306 4773 2516 4845 quanta
2542 4769 2859 4826 humilitate
2890 4768 2942 4824 ei
2965 4767 3308 4838 subjectione
3328 4766 3614 4826 interdum

2019 4858 2290 4928 [interim]
2311 4858 2497 4922 fuerit,
2530 4872 2700 4930 quam
2729 4855 2961 4912 devotus
2977 4861 3034 4911 et
3056 4861 3285 4926 paratus
3308 4855 3376 4912 ad
3399 4853 3607 4917 omnia.

2019 4947 2184 5006 credo
2207 4946 2354 5022 quod
2384 4963 2418 5005 a
2447 4945 2714 5002 memoria
2734 4960 2844 5002 non
2875 4943 3171 5006 delabitur,
3199 4943 3416 5004 Etenim
3446 4941 3612 5012 paulo

2020 5042 2163 5113 post,
2182 5034 2434 5104 quamvis
2465 5033 2652 5093 multis
2671 5032 2941 5100 fatigatus
2962 5032 3296 5104 injuriarum
3322 5028 3610 5092 molestiis.

2019 5124 2366 5182 advenerunt
2392 5121 2547 5181 missi
2579 5121 2867 5190 apostolici
2885 5126 2923 5186 υ,
2959 5135 3269 5192 regumque
3293 5118 3535 5176 ﬁliorum
3557 5122 3615 5178 et

2018 5212 2322 5276 seniorum,
2359 5209 2506 5280 quod
2555 5226 2747 5262 omnes
2786 5210 2954 5262 simul
3002 5226 3126 5262 cum
3158 5207 3353 5259 eodem
3383 5205 3614 5258 sanctis-

2028 5299 2169 5352 simo
2213 5297 2586 5354 advenissent.
2621 5311 2723 5366 pro
2763 5313 2896 5367 pace
2918 5302 2975 5349 et
3001 5295 3236 5358 unitate,
3280 5308 3382 5363 pro
3427 5291 3618 5346 indui.

2023 5445 2256 5499 veteres,
2291 5438 2438 5507 quod
2470 5437 2660 5502 sciam,
2687 5438 2974 5492 memoris.

2094 5523 2116 5550 ο
2136 5510 2197 5563 id
2228 5503 2434 5563 factum
2464 5525 2612 5563 anno
2641 5508 2763 5574 833,
2789 5525 2898 5579 quo
2937 5506 3240 5576 Gregorius
3267 5505 3422 5579 Rapa
3450 5503 3616 5579 IV__i_n

2026 5580 2268 5635 Galliam
2297 5580 2451 5636 vcnit
2487 5580 2639 5651 pacis
2666 5575 3032 5634 reformandae
3057 5575 3248 5633 causa.
3287 5577 3431 5631 Hinc
3451 5575 3614 5629 colli-
