4000 6170
286 274 295 277 ’
390 288 575 348 1631.

1160 296 1221 352 S.
1258 296 1637 352 PASCHASII
1676 293 2036 351 RADBERTI
2074 292 2381 348 ABBATIS
2422 290 2915 348 CORBEIENSIS.

3519 278 3672 340 1632

383 418 575 487 gentia
601 424 659 473 et
683 419 1063 473 satisfactione
1090 420 1267 490 patris
1297 439 1309 474 :
1344 427 1411 475 ut
1440 421 1662 475 veniam
1706 419 2463 491 impetra-Acompleantur.
2496 417 2621 481 Qua
2647 418 2717 471 de
2745 432 2934 484 causa,
2966 416 3055 471 cui
3083 431 3197 469 non
3224 414 3357 468 licet
3388 412 3512 467 sine
3538 413 3673 482 jus-

382 514 511 561 rent
537 508 874 562 auctoritate
902 508 1205 574 Pontificis,
1232 514 1289 563 et
1314 509 1625 563 salvaretur
1652 510 1973 581 imperium.

385 594 492 659 Qui
512 596 837 651 detulerunt
864 596 1128 668 epistolas
1156 612 1222 651 ex
1252 598 1405 651 omni
1427 598 1759 652 auctoritate
1787 598 1975 652 divina

383 684 545 737 valde
562 685 845 755 gravidas,
862 691 919 739 et
934 685 1261 756 pmcipiunt
1277 703 1404 740 cum
1419 687 1571 741 omni
1596 688 1664 741 ad
1665 688 1971 757 juratione,

383 773 637 841 quamvis
658 790 758 844 pro
777 774 865 827 his
892 773 1084 827 multis
1105 776 1223 844 jam
1252 791 1569 847 perpessus,
1589 783 1655 830 ut
1673 776 1729 830 in
1760 777 1978 847 adjuto-

382 859 531 914 rium
587 861 793 915 summi
835 861 1106 917 antistitis
1161 863 1377 919 obviam
1429 863 1662 919 veniret.
1712 865 1871 929 Quod
1928 864 1977 918 si

382 953 574 1017 nollet,
608 954 903 1021 jusserunt
956 954 1195 1024 Augusti
1244 955 1296 1008 vi
1336 973 1464 1011 eum
1525 956 1800 1012 abducere
1847 972 1976 1010 cum

381 1039 535 1095 omni
564 1046 756 1094 tamen
777 1042 988 1097 honore
1017 1049 1075 1097 et
1100 1046 1432 1100 reverentia.
1455 1046 1614 1111 Quod
1643 1062 1769 1100 cum
1794 1044 1978 1099 audis-

378 1145 566 1184 semus
590 1146 804 1195 omnes,
836 1131 1228 1202 pertimuimus
1260 1134 1436 1199 valde,
1472 1135 1711 1189 maxime
1735 1134 1868 1205 quia
1895 1140 1977 1187 to-

378 1224 503 1272 tum
549 1235 584 1272 a
621 1219 893 1274 militibus
920 1227 1176 1276 nostrum
1226 1223 1606 1294 occupabatur
1639 1222 1975 1277 coenobium.

377 1303 494 1358 Nos
524 1310 718 1359 tamen
744 1305 990 1377 primum
1021 1306 1407 1363 nesciebamus
1437 1309 1572 1380 quid
1606 1308 1711 1363 sibi
1742 1309 1970 1368 vellent.

376 1392 537 1447 Unde
550 1395 860 1464 plurimum
870 1396 1213 1467 expavimus,
1226 1403 1285 1451 et
1295 1398 1649 1468 quaesivimus
1661 1397 1796 1469 quid
1810 1403 1975 1452 esset.

376 1481 521 1536 Tum
547 1481 627 1536 illi
656 1483 737 1536 rei
767 1484 1059 1538 veritatem
1080 1486 1422 1556 pandentes;
1447 1487 1544 1541 sed
1563 1486 1716 1541 idem
1737 1486 1820 1541 ire
1850 1503 1978 1541 cum

304 1606 307 1609 »
377 1570 459 1624 eis
487 1572 776 1626 recusavit.
813 1574 887 1626 At
912 1572 993 1626 illi
1014 1572 1070 1626 in
1101 1590 1203 1628 nos
1224 1574 1503 1629 irruentes
1527 1575 1806 1638 dicebant,
1829 1576 1977 1646 quod

2058 507 2213 561 sione
2237 506 2455 561 abbatis
2471 504 2756 576 quidpiam
2773 521 2962 576 agere,
2984 502 3412 575 providendum,
3437 501 3487 554 si
3506 500 3673 554 licuit

2057 596 2127 650 ad
2152 602 2268 649 tam
2294 594 2532 665 grandia
2560 600 2618 648 et
2638 593 2856 648 incerta
2884 594 3005 648 sine
3034 588 3487 661 transgressione
3516 588 3670 642 insi-

2055 686 2160 740 lire
2193 704 2206 739 :
2238 685 2371 756 quia
2417 683 2952 755 periculosissimum
3002 687 3090 736 est
3126 679 3453 751 quempiam
3498 694 3671 732 suum

2057 775 2376 844 relinquere
2398 772 2767 843 propositum,
2786 778 2845 826 et
2862 771 2933 825 ad
2954 787 3022 825 ea
3051 786 3173 841 qua:
3202 784 3317 822 non
3338 766 3668 837 expediunt,

2058 878 2239 933 neque
2260 877 2362 916 suo
2380 866 2699 931 congruunt
2720 859 2922 925 otlicio,
2938 857 3350 915 inconsiderate
3369 871 3433 909 se
3463 854 3669 909 admit-

2058 956 2176 1004 tere
2194 958 2231 1003 ³.

2686 1053 3042 1096 PASOHASIUS.

2129 1126 2433 1183 Multorum
2462 1144 2564 1182 vox
2582 1128 2693 1181 ista
2719 1134 2839 1183 est:
2873 1128 2971 1182 sed
2999 1143 3194 1182 eorum
3215 1126 3313 1197 qui
3341 1141 3456 1180 non
3484 1130 3668 1179 atten—

2061 1217 2205 1272 dunt
2231 1217 2390 1287 cujus
2428 1216 2718 1287 dignitatis
2749 1221 2899 1270 esset
2942 1215 3068 1281 iste,
3108 1216 3196 1269 vel
3245 1214 3483 1270 ordinis.
3516 1214 3665 1268 Nam

2061 1311 2360 1377 postquam
2381 1305 2593 1359 electus
2611 1304 2681 1359 ab
2709 1304 2970 1359 omnibus
3000 1310 3085 1358 est
3106 1310 3320 1376 pastor,
3341 1308 3401 1357 et
3430 1302 3664 1357 rectoris

2062 1395 2306 1449 ofﬁcium
2326 1400 2552 1448 vocatus
2579 1410 2614 1447 a
2639 1394 2755 1447 Deo
2783 1393 3047 1464 suscepit,
3081 1400 3144 1446 ut
3189 1392 3495 1456 credimus,
3527 1407 3663 1445 con—

2062 1483 2308 1537 siliarius
2336 1482 2511 1538 totius
2548 1482 2767 1553 imperii
2797 1498 2912 1535 una
2937 1498 3063 1535 cum
3095 1482 3312 1536 caeteris
3353 1479 3665 1550 praelectis

2059 1571 2416 1636 constitutus,
2448 1571 2618 1625 etiam
2658 1571 2716 1624 in
2748 1571 2857 1625 fide
2879 1588 2945 1625 ac
2981 1570 3215 1625 consilio
3238 1569 3475 1639 reliquis
3502 1575 3667 1621 ante-

375 1659 424 1712 si
473 1659 638 1713 aliter
693 1676 805 1713 non
854 1667 1102 1730 possent,
1152 1662 1204 1716 vi
1253 1679 1384 1717 eum
1426 1664 1647 1718 auferre
1685 1664 1973 1719 deberent.
2058 1661 2303 1732 positus;
2337 1660 2486 1732 quod
2514 1666 2572 1714 et
2598 1665 2767 1713 antea
2795 1661 2918 1730 jam
2943 1665 3067 1714 erat
3093 1659 3265 1713 etiam
3297 1673 3471 1728 quam
3513 1655 3665 1709 idem

375 1746 590 1810 Quibus
618 1747 865 1818 profecto
901 1748 1085 1815 dictis,
1120 1750 1248 1804 hinc
1286 1751 1418 1805 inde
1446 1752 1604 1805 valde
1643 1768 1882 1807 maerore
1911 1769 1976 1807 ac
1996 1737 2203 1803 Besset
2220 1749 2463 1804 electus:
2502 1748 2635 1819 quia
2664 1765 2765 1819 pro
2785 1764 3011 1818 genere,
3029 1764 3131 1819 pro
3162 1747 3284 1801 vita
3315 1746 3541 1810 merito,
3564 1761 3667 1815 pro

375 1841 592 1889 terrore
613 1836 1013 1903 alficiebamur,
1048 1839 1317 1910 quoniam
1346 1841 1588 1896 multum
1619 1840 1778 1894 nobis
1798 1848 1856 1895 et
1892 1841 1972 1896 illi
2055 1837 2426 1903 institutione,
2449 1852 2618 1907 quam
2640 1843 2966 1908 perceperat
2986 1853 3129 1908 pene
3157 1835 3228 1890 ab
3248 1836 3483 1889 ineunte
3498 1840 3685 1889 aetatel

373 1924 587 1997 pariter
605 1926 935 1981 imminebat
954 1928 1286 1999 periculum,
1313 1929 1514 1994 facere,
1534 1935 1638 1984 aut
1657 1946 1767 1984 non
1790 1930 1973 1985 facere
2053 1926 2201 1980 infra
2226 1932 2483 1980 senatum
2512 1933 2570 1981 et
2595 1926 2875 1997 sapientes
2902 1925 3061 1995 regni
3084 1944 3097 1991 ;
3121 1941 3223 1996 pro
3245 1924 3453 1978 mentis
3476 1924 3667 1977 efﬁca-

2055 2014 2141 2069 cia
2163 2020 2222 2069 et
2257 2014 2548 2070 nobilitate
2582 2031 2778 2069 sensus
2815 2014 3123 2085 plurimum
3169 2012 3241 2067 ab
3268 2011 3536 2067 omnibus
3566 2028 3667 2066 au-

2056 2103 2334 2168 diebatur,
2368 2109 2427 2158 et
2451 2103 2875 2158 venerabatura
2893 2101 3145 2172 singulis.
3173 2101 3389 2157 Idcirco
3420 2101 3519 2171 qui
3541 2103 3665 2170 jam

2056 2208 2183 2246 cum
2210 2198 2359 2246 esset
2385 2191 2650 2263 praelatus
2695 2208 2810 2246 una
2852 2208 2981 2246 cum
3023 2192 3240 2246 caeteris
3295 2191 3663 2245 ecclesiarum

2056 2279 2397 2351 pastoribus,
2424 2286 2510 2334 est
2539 2281 2829 2334 ordinatus
2854 2285 3082 2334 senator
3111 2296 3237 2334 cum
3262 2280 3477 2335 eisdem
3502 2280 3663 2350 ipsis,

2057 2377 2114 2422 et
2141 2384 2267 2423 cum
2289 2368 2414 2422 aliis
2435 2368 2778 2439 quibuslibet
2795 2368 2989 2439 palatii
3004 2369 3089 2423 vel
3115 2369 3271 2438 regni
3284 2369 3665 2431 senatoribus,

2058 2462 2122 2510 ut
2147 2457 2443 2511 consilium
2473 2457 2637 2511 daret
2677 2457 2747 2511 de
2778 2457 3042 2527 singulis;
3075 2473 3188 2511 non
3232 2458 3373 2511 mihi
3421 2457 3663 2522 videtur,

375 2012 525 2083 quod
550 2012 856 2082 rogabant:
882 2014 1286 2087 siquidempro
1315 2016 1508 2070 multis
1531 2018 1655 2087 ejus
1680 2018 1799 2087 jam
1829 2018 1972 2089 peri-

374 2101 513 2155 culis
542 2102 779 2157 nimium
815 2103 1221 2171 tristabamur;
1253 2110 1310 2158 et
1339 2105 1473 2175 quia
1518 2106 1576 2159 in
1612 2106 1767 2160 nullo
1819 2107 1974 2177 prius

352 2189 706 2261 profecerat,
766 2208 837 2246 ne
900 2208 1096 2247 rursus
1152 2198 1449 2263 repeteret,
1527 2194 1969 2250 deterrebamur.

372 2277 787 2334 Ostendebatur
803 2296 993 2335 coram
1009 2282 1333 2343 auctoritas,
1348 2288 1403 2335 et
1429 2282 1743 2351 legebatur,
1765 2284 1974 2337 summi

371 2368 669 2437 pontificis,
696 2386 794 2439 pro
816 2386 969 2439 pace,
1005 2386 1105 2440 pro
1144 2371 1595 2425 reconciliatione
1626 2372 1801 2441 patris
1827 2378 1885 2425 et
1907 2374 1973 2425 fl-

368 2453 593 2521 liorum,
623 2457 935 2527 principum
977 2464 1035 2511 et
1062 2459 1369 2522 seniorum,
1407 2475 1507 2530 pro
1531 2465 1683 2513 statu
1713 2460 1974 2513 ecclesia-

370 2559 518 2610 rum,
554 2561 653 2615 pro
682 2544 1022 2599 adunatione
1050 2547 1241 2617 populi
1267 2554 1321 2601 et
1351 2548 1657 2601 salvatione
1675 2549 1847 2603 totius
1872 2548 1976 2602 im-

371 2632 533 2704 perii.
567 2634 741 2688 Erant
757 2640 946 2688 autem
976 2641 1034 2689 et
1061 2635 1157 2689 alii
1187 2652 1252 2689 ex
1273 2642 1433 2706 parte
1477 2636 1720 2691 filiorum
1752 2653 1853 2707 pro
1893 2637 1975 2691 eis

374 2727 638 2791 rogantes
689 2738 839 2787 eum,
882 2728 947 2776 ut
992 2723 1102 2776 illis
1140 2724 1257 2777 suis
1312 2730 1662 2778 succurreret
1702 2725 1968 2790 consiliis,

374 2810 470 2881 qui
494 2811 614 2880 jam
645 2826 746 2881 pro
768 2810 848 2864 eis
875 2810 1051 2865 multa
1081 2811 1420 2882 pertulisset,
1440 2828 1511 2865 ne
1540 2828 1634 2866 eos
1659 2811 1716 2866 in
1746 2813 1857 2866 fine
1882 2813 1975 2866 de-

369 2905 584 2953 sereret
634 2898 994 2953 discriminis.
1026 2900 1407 2954 Nuntiabatur
1449 2907 1507 2954 et
1554 2900 1732 2955 virtus
1765 2901 1971 2965 divina,

2058 2545 2204 2613 quod
2234 2545 2354 2599 sine
2384 2545 2630 2616 periculo
2660 2546 2747 2599 sui
2782 2545 3209 2616 praetermittere
3254 2553 3463 2616 posset,
3505 2547 3665 2617 prius

2056 2648 2127 2686 ne
2153 2633 2448 2688 consilium
2476 2634 2546 2687 de
2566 2634 2655 2687 his
2686 2634 2963 2688 inveniret
2989 2650 3112 2705 quae
3140 2636 3662 2700 annumeravimus,

2056 2720 2113 2774 in
2151 2721 2355 2791 quibus
2390 2738 2538 2776 unus
2592 2722 2845 2777 omnium
2899 2722 3147 2793 profecto
3190 2723 3528 2778 imminebat
3574 2725 3664 2778 in-

2056 2810 2278 2865 teritus.
2320 2810 2587 2881 Alioquin
2633 2812 2821 2866 nullus
2872 2812 3275 2866 monachorum
3328 2815 3514 2882 major
3577 2814 3665 2867 vel

2056 2899 2301 2952 sanctior
2350 2900 2584 2965 Joanne,
2638 2900 2735 2972 qui
2770 2900 2898 2954 ideo
2947 2900 3252 2955 decollatus
3288 2906 3378 2955 est
3417 2920 3428 2954 :
3469 2903 3663 2956 nullus

372 3003 494 3058 quae
520 2992 861 3058 praeruptam
886 2987 1033 3041 viam
1060 2982 1287 3059 Alpium
1338 2988 1716 3043 Penninarum
1751 2988 1972 3043 obviam
1993 3010 2038 3071 ρ
2056 2988 2337 3058 acceptior
2364 2988 2504 3054 Elia,
2531 2989 2720 3043 nullus
2745 2989 3064 3060 religiosior
3091 2989 3294 3055 Eliseo,
3316 3006 3418 3044 seu
3444 2991 3664 3045 caeteris

367 3092 556 3130 coram
611 3082 965 3130 sacrosancto
1022 3077 1433 3147 complanasset
1482 3077 1806 3148 apostolico,
1849 3094 1974 3147 quas

370 3163 630 3218 obstrusa
656 3164 849 3217 multis
874 3163 1056 3217 fuerat
1085 3165 1431 3233 argumentis
1448 3205 1463 3231 ,
1491 3182 1562 3219 ne
1600 3166 1749 3219 ultra
1775 3167 1845 3221 de
1865 3166 1974 3221 illis

369 3251 428 3304 in
459 3249 712 3320 partibus
752 3250 902 3304 ullus
930 3250 1173 3321 amplius
1203 3250 1309 3305 huc
1339 3254 1607 3307 transiret
1648 3254 1923 3309 exercitus
1955 3271 1970 3305 ε

372 3352 496 3406 qua:
519 3337 688 3402 ultro,
718 3344 783 3392 ut
811 3337 1004 3403 fertur,
1036 3345 1234 3409 aperta
1260 3346 1346 3394 est
1367 3340 1466 3395 eis.
1492 3341 1707 3406 Quibus
1735 3343 1817 3397 ita
1840 3359 1972 3413 pro-

369 3425 518 3490 latis,
541 3430 599 3479 et
624 3426 751 3480 aliis
780 3427 1090 3482 innumeris
1143 3428 1324 3494 dictis,
1366 3430 1635 3501 cmpimus
1688 3432 1972 3486 exhortari

374 3530 524 3579 eum,
574 3520 638 3569 ut
692 3514 945 3569 obediret
973 3533 1074 3587 pro
1122 3533 1256 3588 pace
1288 3534 1511 3573 summo
1550 3520 1651 3573 Dei
1699 3520 1968 3591 pontifici,

368 3602 591 3656 etiamsi
602 3619 731 3657 eum
747 3604 890 3657 mori
903 3621 1029 3658 cum
1042 3607 1471 3675 eocontingeret
1487 3622 1499 3657 :
1516 3608 1782 3679 quoniam
1798 3609 1973 3663 multa

366 3696 471 3755 est,
503 3691 809 3762 inquimus,
835 3694 1158 3761 auctoritas,
1184 3711 1296 3765 qua
1316 3696 1565 3763 vocaris;
1600 3697 1779 3750 multa
1800 3698 1970 3750 etiam

369 3780 672 3834 necessitas
702 3786 759 3834 et
784 3782 1027 3851 justitia,
1078 3790 1180 3853 pro
1225 3800 1337 3854 qua
1382 3784 1613 3838 vocaris.
1643 3786 1757 3839 Nec
1788 3785 1972 3839 minor

367 3868 557 3939 itaque
595 3868 934 3936 obedientia,
966 3870 1070 3925 sub
1117 3888 1228 3942 qua
1278 3873 1510 3927 devotus
1555 3873 1671 3928 Deo
1714 3874 1875 3928 bonis
1914 3881 1972 3929 et

368 3956 575 4011 sanctis
602 3956 829 4011 obedire
878 3959 1140 4028 congruit
1178 3960 1324 4014 tanti
1370 3961 1668 4031 pontificis,
1705 3979 1818 4018 una
1845 3979 1971 4017 cum

370 4042 589 4098 caeteris
616 4043 824 4098 sanctis
851 4044 954 4099 Dei
985 4045 1263 4114 fidelibus,
1281 4048 1473 4117 jussis.

983 4169 1217 4225 CAPUT
1245 4171 1364 4227 XV.

994 4307 1336 4350 ADEODATUS.

436 4397 553 4453 Hoc
605 4404 692 4452 est
748 4399 898 4470 quod
954 4401 1118 4455 multi
1170 4402 1606 4469 calumniantur,
1640 4406 1801 4476 quasi
1857 4423 1970 4461 non

365 4488 679 4558 oportuerit
706 4487 776 4541 de
808 4488 896 4543 his
923 4505 1052 4543 eum
1080 4490 1231 4544 ultra
1267 4507 1485 4557 curare,
1534 4510 1716 4564 neque
1763 4494 1969 4550 talibus

365 4592 425 4629 se
454 4576 763 4631 admiscere
790 4577 1052 4648 negotiis.
1093 4579 1233 4632 Cum
1264 4580 1492 4635 omnino
1523 4581 1765 4652 Spiritus
1789 4585 1969 4640 sancti

369 4664 564 4731 gratiae
590 4666 746 4719 nulla
768 4666 1079 4736 priescribit
1096 4668 1401 4722 auctoritas
1414 4670 1715 4739 cujuslibet
1732 4673 1937 4741 regulae
1954 4692 1967 4741 ;

368 4750 484 4803 imo
536 4759 739 4807 cuncta
785 4755 992 4809 Christi
1023 4755 1309 4827 dispensat
1346 4759 1712 4828 providentia,
1763 4759 1971 4830 singuli

372 4844 645 4910 quantum
667 4841 723 4894 in
746 4842 998 4912 singulis,
1017 4845 1104 4898 vel
1124 4847 1402 4916 quomodo
1431 4847 1734 4917 proficiant
1751 4848 1965 4902 ofﬁciis.

372 4926 660 4998 Siquidem
712 4932 1179 4987 considerandum
1219 4935 1353 5005 quid
1408 4935 1648 5006 quisque
1698 4942 1849 5006 agat,
1883 4939 1969 4990 vel

371 5016 652 5088 quomodo
671 5021 726 5071 et
742 5015 857 5070 ubi.
881 5019 1044 5082 Quia,
1061 5023 1205 5077 sicut
1219 5024 1275 5077 in
1293 5024 1489 5077 eadem
1504 5025 1711 5095 legitur
1728 5025 1966 5096 Regula,

372 5104 619 5159 claustra
655 5111 790 5159 sunt
833 5108 1158 5161 monasterii
1206 5111 1477 5166 virtutum
1513 5113 1889 5168 instrumenta
1915 5122 1973 5169 et

374 5191 650 5248 bonorum
669 5209 921 5266 operum,
947 5210 1057 5264 quo
1078 5196 1403 5267 diligentius
1432 5202 1620 5256 omnia
1638 5203 1971 5274 regulariter

373 5334 529 5416 gitur
555 5335 779 5416 Walam
808 5335 1064 5416 exsilium
1086 5352 1312 5407 passum
1342 5356 1461 5395 esse
1492 5342 1562 5396 ab
1586 5360 1735 5399 anno
1761 5343 1870 5401 830
1910 5346 1968 5399 in

373 5404 431 5478 id
458 5404 575 5478 fere
599 5412 843 5478 tempus,
868 5423 978 5478 quo
1021 5404 1141 5477 jam
1171 5416 1459 5464 revocatus
1487 5422 1624 5468 erat.
1672 5416 1836 5470 Certe
1867 5416 1969 5470 Ni-

374 5475 611 5549 thardus
627 5475 850 5549 jn'lib.
884 5475 928 5542 ἱ,
962 5475 1083 5549 ipso
1112 5495 1260 5533 anno
1308 5490 1626 5539 revocatum
1672 5486 1971 5541 Walanam

374 5545 585 5611 scribit,
624 5545 1004 5605 Elizachareni
1032 5550 1204 5605 etiam
1256 5550 1517 5611 abbatem
1551 5556 1965 5623 Centulensem,

2056 3077 2265 3130 sanctis
2285 3082 2343 3130 et
2362 3077 2668 3148 prophetis,
2687 3077 2781 3148 qui
2803 3078 3043 3132 viriliter
3056 3077 3283 3148 regibus
3304 3080 3667 3148 restiterunt,

2055 3170 2114 3218 et
2144 3182 2242 3236 pro
2270 3166 2493 3235 justitia
2520 3166 2883 3220 decertarunt
2909 3182 3087 3237 usque
3119 3167 3191 3221 ad
3220 3173 3482 3222 mortem.
3515 3169 3662 3222 Nam

2055 3254 2350 3308 Zacharias
2388 3254 2512 3308 ideo
2542 3260 2883 3325 peremptus,
2912 3255 3087 3309 Isaias
3112 3261 3351 3319 secatus,
3382 3257 3662 3311 Jeremias

2055 3343 2113 3397 in
2134 3344 2317 3397 lacum
2337 3343 2630 3397 demersus
2654 3361 2667 3396 :
2703 3344 2802 3398 sed
2834 3343 2938 3397 iste
2964 3344 3128 3414 longe
3148 3343 3381 3399 inferior
3406 3345 3467 3399 in
3489 3363 3663 3417 specu

2054 3432 2331 3486 altissima
2384 3438 2470 3487 est
2498 3432 2732 3486 levatus.
2770 3433 2936 3487 Errat
2964 3432 3139 3503 igitur
3173 3434 3496 3505 quicunque
3525 3435 3667 3489 dicit

2054 3521 2203 3590 quod
2233 3537 2333 3591 pro
2356 3520 2579 3591 justitia
2608 3537 2719 3574 non
2750 3520 3008 3575 debuerit
3051 3528 3222 3589 stare,
3254 3539 3356 3593 pro
3395 3524 3507 3577 ﬁde
3550 3540 3663 3578 non

2058 3609 2345 3663 decertare
2386 3615 2583 3664 contra
2610 3614 2697 3663 tot
2724 3610 2873 3663 mala
2889 3610 3139 3682 taliaque
3164 3628 3287 3681 quae
3313 3612 3659 3678 occiderunt,

2054 3714 2165 3752 non
2195 3697 2472 3763 debuerit,
2504 3698 2638 3769 quia
2674 3698 2846 3753 armis
2874 3715 2986 3753 non
3037 3699 3258 3765 licebat,
3292 3701 3497 3755 saltem
3526 3718 3665 3756 con-

2053 3786 2197 3852 silio,
2247 3787 2652 3852 exhortatione,
2712 3787 3173 3858 persuasionibus
3206 3805 3317 3842 non
3371 3790 3659 3845 resistere.

2053 3875 2187 3939 Quae
2219 3876 2465 3946 profecto
2520 3877 2670 3929 mala
2717 3876 2977 3931 omnibus
3014 3882 3150 3931 tunc
3197 3883 3254 3931 et
3300 3878 3568 3949 deinceps
3603 3880 3664 3933 in

2055 3965 2354 4019 manifesto
2385 3971 2658 4020 venerunt
2686 3966 2903 4036 majora
2930 3972 2987 4020 et
3007 3967 3306 4029 atrociora,
3330 3984 3502 4038 quam
3534 3986 3661 4038 qua:

2055 4059 2248 4107 noster
2266 4055 2446 4125 stylus
2469 4054 2695 4108 fluendo
2724 4055 2985 4126 prosequi
3014 4056 3148 4109 velit
3167 4063 3268 4110 aut
3294 4057 3474 4127 possit
3529 4058 3661 4112 Ideo

2057 4143 2376 4213 quicunque
2406 4160 2473 4197 ea
2491 4142 2807 4197 dissimulat
2837 4160 2897 4197 se
2929 4144 3091 4209 scire,
3118 4145 3306 4215 qualia
3335 4151 3661 4217 quantaque

2056 4228 2284 4296 fuerint,
2316 4231 2402 4284 vel
2441 4247 2611 4301 quam
2651 4232 2897 4302 pessima
2925 4248 3048 4303 qua:
3074 4232 3144 4286 de
3174 4233 3261 4287 his
3287 4240 3412 4287 orta
3441 4241 3575 4288 sunt
3601 4242 3661 4288 et

1990 4325 2411 4395 Dpermanent,
2447 4320 2678 4373 omnino
2733 4326 2833 4374 aut
2859 4320 3080 4391 desipit,
3128 4328 3229 4375 aut
3255 4322 3486 4377 insanit.
3527 4324 3661 4377 Pro-

2053 4412 2249 4478 pterea
2280 4424 2447 4462 nemo
2477 4408 2602 4461 sani
2641 4408 2839 4479 capitis
2869 4410 2966 4480 qui
3013 4409 3159 4463 hunc
3209 4410 3485 4464 infamare
3517 4412 3654 4476 vult,

2051 4497 2200 4566 quod
2229 4495 2366 4549 talia
2393 4497 2641 4567 sapienti
2671 4514 2775 4551 suo
2810 4498 3045 4551 consilio
3071 4498 3310 4553 voluerit
3351 4500 3654 4554 contraire.

2631 4601 3070 4644 THEOPHRASTUS.

2125 4673 2370 4727 Mirabar
2397 4674 2656 4741 nimium,
2674 4681 2733 4729 et
2763 4675 3041 4730 mirantur
3068 4676 3297 4747 plurimi
3325 4678 3459 4749 quid
3487 4687 3654 4744 esset,

2051 4762 2199 4832 quod
2228 4779 2329 4833 pro
2378 4769 2536 4817 tanto
2564 4763 2817 4834 imperio,
2851 4781 2953 4836 pro
2998 4772 3159 4820 tanta
3189 4767 3464 4837 dignitate
3497 4771 3658 4839 regni

2051 4856 2109 4904 et
2127 4851 2507 4917 ecclesiarum,
2541 4868 2900 4923 nequaquam
2926 4854 3063 4908 satis
3088 4855 3253 4909 multi
3276 4856 3545 4926 praesules
3571 4859 3659 4911 vel

2051 4946 2338 4993 senatores
2378 4940 2509 4994 forti
2553 4946 2611 4994 et
2647 4958 2853 5011 magno
2882 4943 3068 4997 animo
3112 4944 3525 5009 invenirentur,
3561 4949 3659 5017 qui

2053 5028 2328 5082 auderent
2349 5045 2408 5082 se
2441 5035 2498 5083 et
2537 5030 2779 5084 salutem
2810 5048 2971 5085 suam
3017 5032 3077 5085 in
3105 5032 3409 5087 discrimen
3454 5034 3661 5091 olferre

2054 5132 2154 5186 pro
2182 5120 2336 5170 statu
2360 5118 2535 5172 totius
2564 5118 2803 5189 imperii,
2836 5136 2937 5190 pro
2977 5122 3263 5175 communi
3303 5123 3505 5177 salute.
3538 5126 3662 5180 Hoc

2051 5211 2305 5275 tempore
2330 5206 2568 5261 miretur
2618 5208 2804 5278 potius
2835 5208 3073 5278 quilibet
3099 5216 3376 5278 nostrum,
3404 5212 3453 5266 si
3485 5230 3659 5284 quem

2049 5345 2395 5469 Mattfridum,
2428 5353 2789 5420 caeterosque,
2821 5349 2917 5420 qui
2935 5350 2994 5404 in
3023 5352 3280 5410 exsilium
3301 5354 3512 5410 retrusi
3532 5353 3658 5410 fue~

2051 5432 2153 5469 ran
2189 5456 2200 5469 .

2051 5432 2200 5470 rant.

2125 5494 2143 5517 ⁸
2169 5486 2307 5543 Vide
2327 5489 2555 5560 Regule
2579 5490 2637 5545 S.
2667 5490 2956 5550 Benedicti
2987 5509 3108 5571 cap.
3131 5493 3183 5553 4.
