4000 6170
364 258 507 319 4633
1003 260 1097 316 DE
1132 259 1303 317 VITA
1338 260 1600 329 WALIE,
1642 260 1776 316 SEU
1813 258 2263 316 EPITAPHIUM
2293 263 2607 319 ABSENII.
2639 293 2706 308 -
2735 265 2872 322 LIB.
2913 267 2988 322 II.
3442 344 3454 359 ο
3495 269 3633 328 1634

365 382 574 437 bonum
604 388 662 438 et
705 382 909 440 fortem
933 385 1114 443 virum
1143 386 1362 440 viderit.
1391 401 1559 456 quam
1586 384 1635 438 si
1666 380 1833 455 quem
1857 384 2142 445 autADei
2165 393 2548 457 assumpserat
2562 387 2841 456 laborem;
2865 389 2911 444 si
2937 388 3081 444 forte
3107 405 3235 445 cum
3255 406 3321 446 eo
3344 406 3541 463 pacem
3570 393 3631 448 in

362 471 649 537 timidum,
676 478 776 528 aut
794 472 900 527 sibi
929 474 1115 545 potius
1137 491 1305 545 quam
1330 472 1669 545 reipublice,
1702 473 1835 544 quia
1863 477 1962 528 aut
2041 489 2216 544 regno
2260 475 2558 530 restituere
2596 483 2803 546 posset,
2846 483 2904 532 et
2949 477 3253 533 discordias
3312 495 3622 537 removere.

364 561 521 615 nulla
579 567 679 616 aut
744 562 1076 633 parvissima
1129 568 1232 629 est,
1298 562 1712 628 consulentem;
1768 562 1959 631 itaque
2041 561 2395 634 Quapropter
2421 564 2754 619 detrahendi
2783 567 2972 620 nullus
3001 572 3087 621 est
3113 567 3288 636 locus,
3306 568 3422 622 imo
3450 570 3635 640 major

364 666 547 720 neque
568 650 833 717 ecclesiis,
866 668 1049 722 noque
1079 652 1308 722 populo,
1324 650 1460 721 quia
1479 650 1708 704 omnino
1732 667 1845 705 non
1875 655 1961 705 est
2041 657 2189 705 esset
2226 653 2604 723 reprehensio,
2637 653 2685 706 si
2733 653 3019 708 desereret
3063 660 3233 710 tanta:
3279 656 3631 712 auctoritatis

363 738 459 809 qui
509 739 734 804 audeat,
776 740 861 793 vel
890 740 985 810 qui
1032 739 1310 809 corrigere
1358 756 1480 810 quae
1531 725 1960 809 depravatae-el
2035 739 2345 807 jussionem
2377 758 2479 810 pro
2501 741 3016 796 ulliusdiscriminis
3038 744 3328 813 praesentis
3346 744 3472 801 vitae
3489 746 3634 816 peri-

362 842 623 896 perversa
652 833 802 893 sunt,
826 828 1017 898 possit.
1047 828 1193 882 Nam
1220 832 1286 881 ut
1323 828 1651 881 omittamus
1676 827 1746 881 de
1770 827 1960 881 unius-
2041 828 2164 881 culo
2191 845 2202 880 :
2234 829 2500 898 quoniam
2529 829 2863 884 laudabilius
2891 835 2978 884 est
3005 830 3145 885 bene
3177 833 3339 894 mori,
3363 835 3449 888 vel
3477 835 3631 905 peri-

361 916 634 987 cujusque
661 932 794 971 casu
819 916 1123 985 recordari,
1142 932 1256 970 uno
1278 920 1506 986 aspectu
1534 916 1742 970 intueri
1767 932 1960 986 possu-
2039 915 2221 969 clitari
2252 933 2378 971 cum
2408 917 2571 971 bonis
2600 923 2657 972 et
2689 918 2934 989 optimis,
2959 935 3128 989 quam
3152 920 3302 974 male
3315 921 3514 988 vivere,
3534 928 3634 977 aut

361 1019 490 1057 mus
533 1020 628 1057 eos
657 1003 753 1073 qui
783 1019 909 1058 cum
938 1002 1188 1068 consilio,
1213 1003 1301 1057 vel
1337 1019 1465 1058 cum
1492 1002 1654 1057 bonis
1697 1002 1958 1057 omnibus
2039 1004 2355 1058 consentire
2373 1022 2501 1059 cum
2532 1006 2808 1077 pessimis.
2827 1007 2995 1061 Aliud
3015 1008 3220 1079 quippe
3249 1024 3414 1079 pinna
3433 1010 3633 1080 judicii

359 1096 496 1146 tunc
521 1092 793 1162 temporis
821 1091 1152 1163 dignitatem
1201 1091 1438 1162 regiam,
1468 1096 1525 1145 et
1571 1091 1950 1157 ecclesiarum,
2037 1096 2141 1155 est,
2179 1092 2333 1146 aliud
2387 1110 2518 1148 vero
2574 1099 2942 1165 augmentum
2990 1096 3222 1166 peccati.
3251 1097 3321 1151 Et
3363 1097 3488 1152 ideo
3516 1114 3631 1154 non

360 1179 626 1234 afflictam
651 1185 705 1234 et
726 1179 1123 1250 dejectam,vel
1138 1184 1559 1250 constupratam
1587 1180 1949 1245 reerexerint,
2035 1179 2365 1247 inconsulte,
2386 1187 2451 1236 ut
2480 1182 2657 1249 aiunt,
2686 1200 2868 1255 neque
2890 1191 3083 1239 contra
3112 1186 3462 1257 propositum
3482 1204 3628 1242 vera:

360 1273 419 1323 et
446 1286 481 1323 a
508 1268 799 1323 latrocinio
827 1269 1131 1323 domestico
1151 1268 1540 1335 liberaverint;
1566 1269 1827 1339 deinceps
1858 1285 1954 1322 eos

358 1364 608 1423 maestos,
636 1357 1025 1423 exhonoratos,
1053 1357 1306 1411 inﬁdeles
1331 1356 1699 1426 adjudicatos,
1734 1362 1792 1410 et
1828 1373 1954 1410 reos

358 1446 560 1518 capite,
608 1446 776 1507 fama,
800 1445 1114 1500 carceribus
1138 1452 1194 1499 et
1230 1445 1423 1500 exsilio
1454 1463 1468 1500 :
1500 1461 1596 1500 eos
1635 1451 1825 1499 autem
1857 1445 1953 1516 qui

361 1535 551 1590 omnia
578 1534 767 1589 divina
795 1540 853 1588 et
886 1536 1135 1588 humana
1157 1534 1457 1599 violarunt,
1500 1540 1788 1599 vexarunt,
1831 1549 1954 1605 per-

359 1624 680 1689 turbarunt,
726 1629 1050 1678 everterunt
1112 1623 1228 1677 suis
1305 1623 1536 1694 rapinis,
1591 1639 1704 1677 non
1774 1623 1954 1677 solum

2035 1269 2320 1339 religionis
2349 1288 2544 1326 rursus
2588 1271 2739 1326 idem
2787 1273 3022 1327 tradidit
3052 1290 3110 1328 se
3139 1274 3446 1330 discrimini
3480 1293 3491 1328 :
3524 1276 3626 1331 sed

2032 1357 2194 1410 valde
2223 1357 2696 1413 officiosissimum
2724 1365 2782 1414 et
2834 1360 3191 1416 laudabiliter
3218 1379 3279 1416 se
3318 1362 3539 1431 obtulit,
3573 1370 3634 1419 et

2034 1444 2283 1499 medium
2305 1463 2405 1516 pro
2426 1447 2720 1518 utriusque
2746 1448 3018 1519 partibus,
3043 1450 3089 1504 si
3111 1450 3454 1522 reciperetur
3473 1470 3631 1524 asque

2036 1532 2105 1586 ab
2135 1533 2429 1600 omnibus;
2458 1551 2640 1605 neque
2661 1535 2777 1589 suis
2805 1536 3073 1590 deterreri
3095 1543 3315 1608 poterat
3339 1541 3627 1611 periculis,

2038 1622 2133 1692 qui
2160 1639 2218 1676 se
2262 1623 2549 1677 multoties
2577 1623 2889 1693 ingesserat
2915 1642 3016 1695 pro
3046 1626 3263 1681 alienis.
3290 1629 3450 1683 Unde
3470 1630 3632 1685 dein-
3686 1623 3703 1639 ”

361 1714 705 1767 exsultantes
755 1719 812 1767 et
863 1713 1037 1776 laetos,
1090 1711 1422 1766 fortissimos
1488 1716 1657 1782 atque
1713 1711 1953 1783 optimos
1974 1692 2163 1780 Bceps
2192 1710 2552 1765 Paschasium
2598 1692 3026 1783 prosequamur,
3051 1714 3147 1784 qui
3186 1731 3310 1769 cum
3345 1733 3411 1771 eo
3443 1734 3631 1773 comes

361 1803 379 1872 [
403 1804 446 1871 Γ.
480 1801 753 1874 opimos].
804 1802 1108 1856 honoratos
1168 1800 1473 1855 honoribus
1534 1805 1592 1854 et
1648 1800 1949 1870 gloriosos;

359 1908 553 1946 verum
579 1891 821 1963 inclytis,
845 1895 902 1944 et
921 1889 1287 1960 sapientibus,
1310 1895 1480 1960 atque
1508 1889 1740 1942 honeste
1764 1888 1951 1942 zelan-

356 1980 508 2035 tibus
537 1980 770 2035 insidias
801 1979 980 2033 moliri
1011 1984 1068 2032 et
1088 1978 1368 2050 pericula;
1401 1977 1591 2046 sicque
1625 1976 1694 2029 de
1726 1992 1785 2030 se
1812 1976 1952 2030 nihil

358 2069 579 2124 timere.
615 2070 679 2124 In
710 2068 1129 2139 quonimirum
1187 2066 1410 2135 negotio
1456 2082 1585 2119 cum
1616 2066 1798 2119 multa
1841 2064 1955 2118 sint

364 2157 597 2227 indigna
626 2163 683 2210 et
709 2154 1094 2216 detestabilia;
1122 2154 1262 2207 nihil
1290 2154 1477 2207 minus
1506 2158 1696 2206 tamen
1729 2152 1954 2224 perhor-

362 2244 649 2310 rescenda,
692 2243 837 2312 quod
870 2244 991 2313 jam
1036 2258 1150 2296 non
1184 2258 1284 2313 per
1331 2242 1578 2295 latrones
1622 2245 1679 2295 et
1723 2257 1951 2312 rapaces

359 2338 602 2397 tantum,
635 2336 803 2401 atque
846 2335 1094 2401 egestate
1122 2329 1418 2393 confectos,
1450 2329 1950 2384 facinorosissimos

360 2437 630 2492 quosque,
663 2436 763 2474 seu
799 2437 900 2474 suo
940 2419 1187 2490 perditos
1228 2420 1465 2483 scelere;
1501 2435 1696 2473 verum
1740 2423 1797 2473 et
1849 2435 1950 2489 per

358 2510 600 2580 optimos
637 2508 732 2580 qui
758 2508 981 2563 fuerant
1004 2508 1139 2562 olim
1181 2508 1343 2573 viros,
1367 2524 1467 2579 per
1508 2507 1737 2562 eximios
1762 2512 1950 2561 aucto-

357 2599 527 2653 ritate
581 2597 887 2668 religionis,
926 2613 1029 2669 per
1071 2596 1338 2671 sublimes
1389 2595 1680 2650 nobilitate
1737 2597 1942 2661 carnis,

357 2687 606 2758 pericula
635 2686 830 2740 mortis
860 2691 917 2739 et
970 2685 1386 2756 degradationis
1416 2684 1780 2747 calamitates
1810 2685 1949 2739 infe-

359 2779 581 2840 runtur,
609 2791 643 2828 a
672 2773 873 2844 quibus
892 2776 1064 2827 etiam
1089 2774 1297 2844 rapinae
1325 2778 1383 2827 et
1402 2773 1792 2844 oppressiones
1812 2773 1949 2828 infe-

358 2868 593 2929 runtur;
629 2856 761 2933 quia
797 2864 917 2932 jam
964 2877 1106 2932 pene
1150 2862 1356 2925 nullus,
1385 2862 1480 2932 qui
1517 2861 1634 2915 suis
1670 2862 1948 2932 justisque

360 2952 652 3023 stipendiis
691 2950 860 3005 ducat
898 2955 1024 3021 post
1069 2966 1131 3003 se
1175 2949 1400 3016 milites,
1432 2949 1529 3003 sed
1557 2950 1628 3003 de
1655 2950 1867 3020 rapinis
1894 2956 1951 3004 et

2034 1798 2140 1850 fuit
2172 1798 2495 1864 irremotus,
2526 1815 2690 1869 quem
2736 1801 2924 1854 nullus
2953 1801 3239 1858 deterrere
3284 1805 3466 1875 potuit
3494 1822 3633 1877 prae-

2034 1885 2209 1939 sentis
2238 1886 2362 1940 vita:
2392 1902 2572 1948 casus,
2606 1903 2677 1940 ne
2702 1892 3032 1957 sequeretur
3061 1907 3227 1960 quem
3253 1900 3541 1947 amaverat
3567 1895 3628 1949 in

2035 1974 2276 2040 Christo,
2307 1990 2472 2044 quem
2501 1974 2712 2028 imitari
2736 1983 3131 2046 proposuerat;
3161 1994 3289 2032 cum
3320 1996 3430 2050 quo
3455 1981 3629 2036 etiam

2034 2060 2175 2115 bene
2206 2061 2458 2116 conscius
2478 2062 2547 2115 de
2571 2079 2636 2116 eo
2659 2062 2803 2117 mori
2822 2068 3047 2133 optarat
3064 2081 3166 2136 pro
3195 2066 3305 2120 fide
3322 2067 3548 2135 Christi,
3576 2069 3625 2126 si

2035 2154 2258 2220 tempus
2283 2150 2606 2205 immineret
2628 2150 2990 2210 discriminis.

2612 2275 2845 2331 CAPUT
2896 2274 3040 2330 XVI.

2652 2415 2905 2457 PASCHASI
2911 2418 2993 2458 US.

2100 2504 2301 2559 Fateor
2347 2506 2531 2577 plane,
2564 2524 2900 2578 quocunque
2929 2509 3131 2565 affectu
3178 2510 3235 2566 id
3276 2512 3431 2568 dicas
3473 2516 3623 2586 quod

2029 2593 2184 2659 dicis,
2217 2594 2349 2664 quia
2377 2594 2457 2647 ita
2483 2600 2569 2649 est
2597 2602 2661 2649 ut
2688 2596 2847 2651 dicis.
2881 2597 3042 2660 Quod
3087 2599 3223 2653 satis
3254 2600 3455 2670 probat
3490 2604 3620 2668 iter,

2030 2682 2177 2753 quod
2225 2683 2572 2752 suscepimus
2615 2683 2767 2737 inter
2798 2684 3013 2738 medias
3051 2687 3442 2743 concursiones
3484 2689 3625 2744 insi-

2029 2771 2328 2835 diantium,
2389 2770 2537 2825 inter
2584 2771 2835 2841 legiones
2882 2772 2992 2825 huc
3033 2772 3277 2844 illucque
3322 2775 3418 2846 qui
3462 2776 3625 2833 nobis

2030 2858 2470 2913 adversabantur
2489 2859 2960 2912 discurrentium:
2992 2860 3142 2915 inter
3158 2878 3316 2932 quos,
3349 2864 3526 2919 donec
3552 2866 3625 2920 ad

2030 2948 2312 3015 Augustos
2341 2962 2501 3016 reges
2529 2953 2587 3000 et
2613 2947 2682 3000 ad
2715 2949 2900 3017 ipsum
2930 2964 3149 3002 sacrum
3186 2952 3508 3021 pontificem
3535 2970 3626 3008 ve-

357 3040 636 3095 violentiis
671 3058 683 3092 :
726 3038 873 3110 quod
923 3039 1072 3092 Naso
1115 3038 1209 3091 ille
1261 3037 1651 3108 spurcissimus
1696 3026 2236 3101 omniuanimus,
2265 3035 2401 3088 satis
2430 3035 2897 3106 periculosissime
2953 3054 3174 3109 semper
3218 3055 3346 3094 cum
3374 3045 3530 3096 metu
3557 3060 3624 3097 ac

355 3130 574 3201 primus
593 3128 801 3192 docuit,
831 3131 885 3181 et
911 3127 981 3180 ad
1002 3128 1172 3180 finem
1201 3137 1225 3164 ι
1246 3142 1423 3197 usque
1446 3142 1667 3197 semper
1692 3125 1947 3197 publicus

354 3218 542 3290 prme
571 3217 722 3272 vixit.
747 3217 908 3271 Nunc
927 3231 1056 3269 vero
1086 3220 1145 3269 et
1174 3214 1286 3277 isti,
1312 3220 1519 3284 quanto
1544 3220 1679 3269 sunt
1705 3215 1946 3285 amplius

355 3306 667 3361 latronibus
696 3303 1016 3376 constipati,
1036 3308 1195 3357 tanto
1221 3302 1582 3374 potentiores,
1608 3318 1679 3357 ne
1708 3304 1854 3358 ullus
1875 3304 1948 3358 ad

356 3395 582 3466 rapinas
598 3394 677 3448 eis
697 3393 1060 3448 contradicat.
1093 3392 1201 3446 Sed
1234 3391 1488 3463 quamvis
1516 3391 1719 3445 militia
1738 3409 1947 3462 augea-

355 3489 452 3538 tur
478 3500 579 3555 pro
604 3482 831 3544 talibus,
859 3497 1022 3535 nemo
1052 3484 1245 3535 tamen
1274 3496 1489 3545 eorum,
1530 3480 1639 3535 nisi
1681 3481 1752 3535 ad
1790 3481 1948 3534 civile

358 3573 591 3639 malum,
622 3572 767 3626 vires
814 3570 1019 3624 habere
1061 3569 1302 3623 videtur.
1330 3568 1537 3623 Idcirco
1584 3585 1687 3623 nec
1715 3569 1943 3636 mirum,

358 3661 406 3715 si
432 3661 535 3716 iste
565 3665 791 3714 vocatus
818 3676 853 3713 a
906 3674 1125 3713 summo
1181 3655 1433 3710 antistite
1477 3656 1684 3711 talibus
1722 3661 1945 3711 contra-

357 3750 579 3814 dixerit,
633 3748 728 3819 qui
757 3748 1003 3819 primum
1046 3745 1277 3817 optabat
1317 3744 1489 3799 deleri
1539 3745 1607 3799 de
1637 3744 1779 3799 libro
1823 3745 1945 3800 vitae

358 3855 487 3895 cum
518 3838 696 3910 Moysi
741 3852 842 3907 pro
871 3836 1075 3907 p0pulo
1107 3835 1226 3901 Dei,
1271 3850 1372 3905 pro
1408 3835 1662 3904 Augusto
1692 3839 1749 3888 et
1780 3833 1941 3901 ﬁliis;

358 3946 461 3983 nec
486 3944 597 3983 non
626 3932 684 3981 et
706 3942 833 3980 cum
858 3925 1031 3979 Paulo
1050 3940 1152 3995 pro
1172 3922 1437 3977 fratribus
1464 3926 1522 3976 et
1538 3922 1784 3976 ecclesiis
1809 3938 1944 3976 ana-

357 4019 549 4073 thema
578 4016 721 4073 fieri.

975 4114 1317 4161 ADEODATUS.

426 4198 542 4252 Nec
569 4195 777 4250 mirum
821 4194 1029 4265 itaque,
1062 4193 1235 4248 tantis
1262 4192 1530 4263 fatigatus
1564 4190 1790 4256 exsiliis,
1822 4195 1944 4245 tan-

355 4286 541 4357 tisque
581 4284 900 4339 sordidatus
934 4281 1181 4336 infamiis
1219 4282 1266 4335 si
1302 4281 1511 4335 restitit
1540 4280 1610 4334 ad
1658 4279 1940 4351 primum:

2028 3128 2273 3178 tremore
2318 3123 2667 3188 incessimus,
2717 3124 2980 3179 timentes
3030 3143 3100 3180 ne
3149 3143 3262 3181 non
3317 3129 3504 3184 venire
3548 3132 3622 3186 ad

2029 3212 2367 3266 destinatum
2415 3212 2664 3267 licuisset
2692 3230 2704 3264 ;
2738 3213 2874 3284 quia
2916 3214 3164 3280 omnino,
3197 3216 3245 3270 si
3272 3223 3624 3289 compertum

2029 3307 2195 3368 esset,
2222 3301 2430 3355 arctior
2459 3317 2562 3355 nos
2589 3302 2898 3372 susciperet
2921 3304 3176 3358 custodia
3212 3321 3379 3375 quam
3410 3307 3544 3362 olim
3571 3308 3624 3363 ei

2030 3395 2178 3443 esset
2203 3389 2362 3442 illata
2395 3408 2406 3441 :
2443 3389 2577 3459 quia
2622 3395 2745 3442 erat
2770 3406 2898 3443 cum
2945 3392 3199 3461 Augusto
3228 3394 3451 3449 Justina
3490 3402 3624 3451 tunc

2028 3477 2316 3548 temporis,
2351 3493 2474 3548 quae
2522 3476 2780 3530 movebat
2818 3477 2994 3532 totius
3042 3481 3380 3535 monarchiae
3426 3499 3623 3538 rursus

2030 3572 2269 3637 sceptra,
2326 3563 2644 3619 concitabat
2695 3565 2897 3619 fluctus
2937 3570 2994 3619 et
3040 3567 3240 3634 maria,
3299 3567 3624 3640 impellebat

2027 3660 2238 3719 ventos,
2263 3658 2322 3708 et
2346 3653 2516 3707 corda
2545 3652 2790 3706 virorum
2827 3654 2898 3707 ad
2928 3653 3117 3708 omnia
3152 3671 3275 3725 quae
3303 3657 3470 3712 vellet
3495 3675 3624 3714 con-

2026 3741 2278 3796 vertebat
2303 3759 2315 3793 :
2348 3758 2382 3795 a
2401 3756 2516 3811 qua
2544 3739 2674 3809 quia
2702 3755 2878 3793 unum
2910 3740 3210 3809 ejecerant,
3243 3742 3314 3797 de
3341 3760 3451 3814 quo
3480 3746 3623 3800 dixi-

2026 3849 2171 3897 mus,
2196 3828 2698 3901 ﬂagitiosissimum
2723 3827 2770 3893 δ,
2800 3828 2897 3881 alii
2925 3829 3243 3884 serviebant
3266 3830 3622 3889 facinorosis-

2027 3920 2175 3974 simi.
2204 3920 2319 3973 Nos
2352 3923 2561 3982 autem,
2595 3915 2727 3986 quia
2766 3915 3068 3982 declinare,
3098 3917 3206 3971 nisi
3232 3918 3382 3973 inter
3409 3922 3621 3977 medias

2028 4024 2222 4063 eorum
2249 4007 2503 4061 cohortes
2528 4005 2758 4069 iremus,
2787 4020 2899 4058 non
2922 4004 3228 4075 potuimus,
3255 4024 3358 4079 per
3376 4011 3622 4067 medium

2027 4100 2354 4170 protegente
2391 4094 2506 4149 Deo
2560 4109 2826 4164 prospere
2875 4093 3231 4163 pervenimus
3279 4115 3291 4149 :
3346 4096 3440 4151 ubi
3489 4116 3619 4154 cum

2023 4174 2385 4250 venissemus,
2417 4198 2547 4236 cum
2593 4181 2766 4235 nimio
2809 4181 3052 4251 suscepti
3095 4198 3291 4238 sumus
3336 4185 3543 4255 gaudio
3587 4203 3622 4241 a

2027 4272 2270 4344 regibus,
2304 4288 2339 4325 a
2385 4268 2745 4341 principibus,
2770 4274 2828 4323 et
2871 4268 2941 4322 ab
2970 4269 3122 4324 omni
3150 4273 3375 4342 populo.
3409 4275 3621 4330 Deinde

357 4356 505 4447 quia,
541 4374 684 4428 sicut
712 4372 951 4426 vidimus
973 4376 1030 4425 et
1047 4370 1431 4440 cognovimus,
1460 4368 1569 4422 nisi
1594 4367 1664 4422 ab
1687 4367 1945 4422 omnibus
1962 4379 2011 4438 D
2030 4361 2201 4417 oblati
2231 4358 2583 4415 sanctissimo
2609 4357 2888 4424 Pontiﬁci,
2911 4356 3048 4413 satis
3077 4360 3473 4417 venerabiliter
3489 4379 3619 4419 cum

357 4464 517 4519 nobis
544 4462 816 4517 violenter
836 4464 1146 4531 cogeretur,
1166 4464 1223 4513 et
1241 4462 1400 4512 tanta
1419 4456 1723 4512 auctoritas
1743 4456 1949 4510 summi

358 4551 635 4623 pontiﬁcis
663 4566 789 4605 eum
822 4566 934 4604 non
955 4553 1253 4619 premeret,
1279 4548 1400 4617 jam
1415 4545 1649 4601 ulterius
1665 4545 1806 4599 nihil
1834 4545 1947 4600 tale

357 4641 700 4695 assentisset.
719 4640 879 4693 Nunc
894 4654 1024 4691 vero
1040 4654 1074 4691 a
1089 4635 1355 4691 fratribus
1373 4635 1663 4706 impulsus,
1678 4651 1711 4688 a
1726 4650 1947 4689 summo

357 4729 619 4799 pontiﬁce
636 4744 762 4783 cum
778 4725 1226 4797 adjurationibus
1241 4730 1488 4790 vocatus,
1510 4741 1545 4777 a
1560 4723 1689 4777 ﬁliis
1706 4723 1947 4794 Augusti

356 4818 583 4890 regibus
614 4817 970 4888 imploratus;
1014 4831 1049 4869 a
1085 4815 1291 4886 populo
1339 4819 1395 4868 et
1444 4811 1791 4885 praesulibus,
1820 4828 1948 4866 cum

355 4905 559 4978 quibus
589 4904 721 4959 olim
751 4904 934 4958 fuerat
959 4902 1017 4956 in
1046 4917 1218 4956 causa
1238 4902 1406 4972 hujus
1434 4899 1664 4965 exordii,
1687 4899 1950 4969 depreca-

352 5000 465 5061 tus,
482 5011 585 5066 pro
608 4991 904 5048 concordia
922 4996 980 5045 et
1000 5007 1135 5062 pace
1162 4989 1390 5043 tandem
1409 4988 1627 5044 censuit
1646 4986 1945 5058 aliquando

354 5089 579 5140 coactus
625 5082 757 5135 illuc
785 5080 992 5146 venire,
1026 5094 1358 5149 summoque
1408 5076 1647 5132 antistiti
1694 5074 1940 5143 obedire,

352 5190 525 5245 seque
550 5172 632 5226 illi
661 5170 1019 5241 conjungere,
1054 5168 1149 5240 qui
1175 5172 1398 5223 tantum
1429 5182 1530 5238 pro
1557 5164 1709 5220 omni
1736 5164 1943 5237 pepulo

426 5326 451 5355 ε
479 5313 750 5371 Bernardi
780 5314 948 5368 ﬁnem
978 5312 1294 5383 caedemque
1321 5310 1393 5365 ad
1418 5325 1631 5383 annum
1667 5304 1776 5365 844
1803 5305 1939 5383 refe:

353 5391 491 5467 runt
517 5385 766 5467 Annales
800 5384 1128 5467 Bertiniani.
1164 5379 1306 5438 Hinc
1350 5386 1508 5467 patet
1535 5381 1702 5467 longe
1732 5384 1858 5450 post
1879 5379 1937 5433 id

354 5465 467 5514 tem
511 5474 577 5512 us
602 5456 872 5526 scriptum
898 5471 1019 5510 esse
1041 5456 1186 5508 hunc
1214 5450 1519 5507 secundum
1548 5450 1773 5505 librum.

425 5529 453 5569 δ
472 5475 764 5591 ῗκῐεεοηθηι
791 5526 1005 5580 scilicet
1026 5542 1125 5579 seu
1144 5524 1512 5589 Bernardum,
1546 5522 1641 5591 qui
1663 5521 1722 5575 in
1753 5519 1936 5591 Septif

356 5600 604 5655 maniam
632 5613 692 5652 se
711 5597 940 5668 recepit,
970 5601 1113 5651 teste
1139 5594 1413 5650 Nithardo
1439 5594 1497 5649 in
1523 5590 1618 5647 lib.
1651 5605 1688 5657 ι,
1711 5590 1935 5659 tametsi

2030 4467 2235 4521 magna
2273 4448 2561 4503 alacritate
2590 4463 2692 4501 nos
2719 4447 2938 4517 excepit
2966 4470 2980 4502 :
3023 4447 3155 4518 quia
3182 4450 3536 4506 cruciabatur
3562 4459 3621 4508 et

2028 4540 2149 4611 ipse
2178 4538 2366 4593 animo
2388 4553 2489 4608 pro
2516 4536 2724 4591 talibus
2753 4552 2878 4606 quae
2905 4541 3210 4606 repererat,
3245 4539 3434 4608 qualia
3469 4557 3617 4597 nun-

2030 4645 2197 4700 quam
2239 4626 2396 4698 prius
2441 4625 2667 4680 credere
2716 4623 3009 4694 potuisset.
3045 4624 3385 4681 Terrebatur
3426 4635 3617 4686 autem

2033 4717 2201 4788 (quod
2222 4716 2378 4769 valde
2396 4713 2698 4768 dolendum
2724 4715 2822 4780 est)
2848 4711 2918 4765 ab
2942 4713 3216 4782 Augusto,
3247 4719 3305 4769 et
3341 4715 3411 4770 ab
3440 4720 3619 4774 omni-

2030 4805 2134 4860 bus
2162 4804 2295 4869 suis,
2333 4803 2504 4858 etiam
2531 4800 2601 4855 ab
2641 4790 2937 4872 episcopis,
2956 4800 3052 4871 qui
3080 4800 3185 4855 sibi
3219 4803 3399 4873 pridie
3446 4824 3616 4878 quam

2029 4893 2373 4948 venissemus
2392 4891 2615 4944 dextras
2634 4887 2920 4951 dederant,
2948 4889 3097 4959 quod
3115 4891 3411 4948 unanimes
3430 4901 3616 4950 essent

2028 4983 2099 5038 ad
2142 4979 2516 5035 resistendum
2546 4977 2635 5030 his
2666 4975 2762 5046 qui
2792 4992 2858 5030 ex
2904 4976 3135 5033 adverso
3180 4986 3361 5045 erant,
3392 4983 3614 5052 regibus

2027 5070 2176 5134 ﬁliis,
2202 5065 2545 5141 principibus
2574 5069 2632 5119 et
2650 5064 2854 5136 populo
2879 5082 2890 5117 :
2919 5064 3151 5138 insuper
3177 5067 3615 5126 consiliabantur

2027 5160 2334 5223 firmantes,
2361 5154 2502 5226 proh
2524 5152 2711 5207 dolor!
2754 5153 2905 5223 quod
2933 5155 3193 5210 eumdem
3218 5157 3606 5234 apostolicum,

2023 5319 2170 5359 anno
2196 5297 2303 5358 834
2338 5298 2396 5355 in
2425 5296 2725 5371 pristinum
2755 5295 2992 5369 gradum
3035 5297 3217 5371 redire
3245 5305 3477 5355 conatus
3502 5308 3609 5368 est,

2019 5374 2291 5446 ejiciendo
2339 5370 2661 5446 Guntbaldo
2701 5370 3097 5446 monacboqui
3126 5386 3250 5424 cum
3284 5373 3520 5427 multum
3548 5374 3605 5429 in

2018 5439 2373 5500 réstitutione
2404 5441 2668 5498 Ludovici
2715 5440 2951 5510 Augusti
2969 5439 3307 5510 laborasset,
3338 5446 3609 5498 secundus

2020 5519 2083 5596 in
2105 5516 2336 5596 imperio
2356 5530 2462 5596 esse
2484 5515 2708 5596 volebat.
2733 5512 2786 5596 Is
2807 5508 3125 5596 caenqbiiHS.
3149 5512 3399 5567 Medardi
3418 5529 3609 5569 mona-

2019 5588 2156 5642 chus
2180 5581 2312 5651 l‘uit,
2345 5589 2410 5640 ut
2433 5601 2498 5638 ex
2529 5581 2801 5639 Nithardo
2830 5581 3185 5651 intelligitur.
