4000 6170
1121 269 1180 322 S:
1219 264 1598 322 PASCHASII
1634 261 1996 321 RADBERTI
2031 259 2341 322 ΔΒΒΑΤΙΒ
2377 257 2878 320 GORBEIENSIS.

3484 260 3638 321 1686

366 398 502 468 quia
552 411 666 450 non
713 399 940 448 vocatus
995 397 1242 455 venerat,
1272 391 1554 461 deponere
1583 401 1608 427 ι
1665 387 1955 443 deberent.
1976 388 2022 448 Α
2044 391 2353 455 utrumque
2377 391 2661 439 servatum
2687 384 3044 455 providenter
3059 392 3229 452 esset,
3263 391 3494 442 tantum
3524 403 3651 442 Inu-

369 486 505 539 Erat
520 485 668 538 enim
691 484 767 537 ibi
794 483 1031 544 Phasur,
1065 486 1119 534 et
1139 480 1339 550 reliqui
1362 479 1557 550 eadem
1589 494 1715 532 eum
1745 477 1964 530 Justina

367 575 693 628 sentientes.
722 570 936 634 Quibus
955 569 1179 632 auditis,
1203 567 1448 638 pontifex
1475 566 1778 637 plurimum
1800 565 1964 618 mira-

365 662 549 725 batur,
586 677 651 714 ac
677 659 992 713 verebatur.
1024 657 1181 710 Unde
1212 662 1271 709 et
1313 657 1365 709 ei
1409 656 1663 708 dedimus
1694 653 1964 708 nonnulla

373 757 696 804 sanctorum
727 749 956 802 Patrum
977 745 1309 799 auctoritate
1333 746 1574 806 ﬁrmata,
1593 743 1963 814 praedecesso-

366 854 605 908 rumque
635 852 864 891 suorum
885 834 1224 904 conscripta,
1245 833 1450 904 quibus
1475 832 1663 886 nullus
1690 829 1966 884 contradi-

364 937 494 978 cere
541 925 717 994 possit
747 923 895 992 quod
938 923 1061 991 ejus
1117 927 1265 974 esset
1310 926 1579 990 potestas,
1605 919 1718 972 imo
1766 917 1866 972 Dei
1908 922 1966 970 et

367 1011 514 1065 beati
545 1012 694 1065 Petri
718 1011 975 1081 apostoli,
1008 1026 1223 1080 suaque
1252 1009 1576 1073 auctoritas,
1602 1007 1702 1071 ire,
1737 1006 1964 1059 mittere

364 1099 437 1152 ad
463 1115 658 1152 omnes
681 1103 880 1167 gentes
910 1115 1010 1167 pro
1042 1099 1150 1151 fide
1180 1098 1388 1152 Christi
1436 1104 1492 1150 et
1536 1113 1670 1167 pace
1701 1095 1965 1149 ecclesia-

366 1203 515 1249 rum,
540 1204 640 1257 pro
661 1187 1054 1256 praedicatione
1079 1186 1359 1255 Evangelii
1387 1193 1445 1239 et
1473 1184 1778 1239 assertione
1818 1183 1964 1236 veri-

373 1276 510 1328 tatis
543 1293 553 1326 :
589 1281 647 1328 et
673 1276 733 1328 in
771 1292 836 1328 eo
893 1279 1040 1327 esset
1080 1275 1261 1328 omnis
1293 1274 1597 1327 auctoritas
1637 1271 1785 1325 beati
1815 1271 1965 1325 Petri

366 1363 645 1417 excellens
664 1370 722 1416 et
744 1369 990 1433 potestas
1010 1363 1150 1428 viva,
1171 1381 1204 1416 a
1230 1380 1338 1433 quo
1373 1367 1656 1432 oporteret
1676 1361 1965 1414 universos

363 1452 623 1520 judicari,
666 1452 747 1505 ita
802 1459 866 1505 ut
918 1452 1036 1521 ipse
1079 1469 1113 1504 a
1157 1452 1380 1504 nemine
1423 1449 1762 1520 judicandus
1791 1453 1955 1502 esset.

369 1540 583 1603 Quibus
603 1541 848 1611 profecto
873 1540 1114 1609 scriptis,
1140 1545 1435 1609 gratanter
1464 1537 1696 1608 accepit,
1728 1542 1786 1590 et
1808 1537 1964 1590 valde

363 1628 712 1682 confortatus
737 1634 842 1682 est.

935 1729 1389 1768 THEOPHRASTUS.

441 1803 673 1867 Qualem
694 1807 958 1873 putamus
976 1805 1293 1872 Augustum
1317 1813 1449 1856 tunc
1469 1803 1660 1866 fuisse,
1675 1805 1963 1874 qualemve

365 1892 668 1956 Justinam,
718 1908 840 1961 quae
887 1908 987 1944 suo
1035 1897 1170 1944 tunc
1224 1897 1424 1944 cuncta
1478 1891 1730 1945 vertebat
1783 1897 1958 1955 nutu;

366 1981 672 2050 qualesque
695 1980 991 2050 principes,
1012 1981 1236 2049 quando
1259 1981 1400 2033 tales
1431 1981 1642 2033 inventi
1665 1987 1797 2033 sunt
1821 1996 1963 2050 prie-

365 2070 520 2122 sules
560 2068 788 2133 Christi,
819 2075 882 2122 ut
923 2069 1067 2122 sicut
1101 2069 1181 2121 illi
1238 2069 1295 2121 in
1341 2069 1606 2128 humana,
1641 2069 1721 2122 ita
1751 2075 1807 2121 et
1859 2069 1964 2138 ipsi

369 2163 772 2228 consurgerent
794 2157 852 2210 in
882 2157 1064 2210 divina
1089 2158 1099 2209 l
1125 2156 1486 2209 Ventilabant
1512 2157 1661 2209 enim
1697 2155 1812 2209 suis
1841 2172 1965 2210 eor-

369 2246 552 2311 nibus,
579 2252 641 2299 ut
678 2245 811 2298 olim
841 2245 1362 2315 pseudoprophetaa,
1394 2245 1451 2297 in
1482 2262 1706 2297 omnem
1738 2251 1965 2297 ventum

366 2335 656 2404 populum,
683 2339 739 2386 et
767 2333 1134 2402 insurgebant
1161 2341 1355 2386 contra
1375 2339 1543 2403 caput
1565 2333 1736 2385 totius
1754 2332 1964 2386 Christi

371 2421 647 2486 Ecclesiae,
681 2438 749 2474 ne
804 2438 997 2490 pacem
1042 2422 1214 2473 ferret
1260 2421 1407 2474 inter
1456 2429 1673 2491 patrem
1711 2428 1766 2474 et
1797 2421 1961 2485 ﬁlios,

365 2508 516 2563 inter
543 2511 859 2578 Augustum
889 2514 946 2561 et
995 2509 1290 2578 principes,
1325 2525 1395 2561 ne
1444 2509 1958 2573 reconciliarentur,

370 2597 466 2668 qui
499 2597 752 2668 dispersi,
774 2602 834 2650 et
881 2597 1142 2658 exsiliati,
1173 2603 1342 2666 atque
1388 2596 1719 2650 dehonorati
1752 2597 1961 2666 injuste

369 2691 560 2751 erant;
595 2702 664 2739 ne
692 2703 797 2756 pax
829 2685 1158 2738 redderetur
1185 2685 1449 2749 ecclesiis,
1475 2702 1544 2738 ne
1573 2691 1784 2738 statuta
1813 2685 1959 2755 prio-

368 2791 495 2828 rum
515 2780 852 2844 temporum,
872 2777 930 2825 et
945 2772 1121 2826 divisa
1148 2773 1297 2826 inter
1317 2773 1461 2826 ﬁlios
1477 2789 1649 2842 regna
1669 2780 1962 2827 manerent

373 2863 704 2916 inconcussa
733 2868 790 2916 et
819 2861 1148 2914 indiscussa.
1183 2862 1312 2914 Haec
1347 2867 1527 2924 erant,
1563 2862 1695 2931 quia
1741 2862 1961 2916 Justina

372 2951 452 3004 sic
490 2951 871 3004 inﬂammabat
909 2950 1095 3003 studia
1124 2966 1339 3009 eorum,
1373 2966 1552 3017 neque
1580 2949 1815 3020 principi
1832 2965 1962 3003 con-

2044 473 2160 528 lum
2191 489 2301 527 non
2324 474 2672 527 secrevisset.
2689 475 2903 528 Tamen
2932 479 2995 527 ut
3023 474 3342 529 elueeseant
3367 492 3494 546 qua
3522 492 3651 545 pro—

2043 562 2719 633 posui,commemoranda
2729 569 2862 616 sunt
2872 561 3132 632 Capitula
3147 561 3196 629 δ,
3213 581 3338 634 qua;
3353 566 3649 633 Augustus

2044 657 2204 720 pater
2226 651 2383 720 quasi
2414 668 2516 721 pro
2547 651 2777 720 querela
2803 650 2930 704 ﬁliis
2980 650 3204 717 direxit,
3226 658 3291 706 ut
3323 651 3654 707 enuntiaret

2043 739 2178 809 quid
2204 745 2400 792 contra
2430 740 2761 809 requireret.

2117 827 2371 882 Primum
2402 828 2767 882 rememorari
2813 845 2910 882 eos
2939 835 3148 895 monet,
3195 829 3344 900 quod
3390 829 3494 884 ﬁlii
3524 831 3650 899 ejus

2045 915 2178 980 sint,
2199 923 2258 970 et
2281 916 2398 986 ipse
2426 931 2522 970 eos
2542 917 2655 970 Deo
2679 923 2910 970 auctore
2927 917 3207 987 genuerit.

2115 1004 2199 1058 Ad
2245 1003 2392 1074 quod
2429 1005 2579 1074 ipsi:
2630 1023 2657 1058 ι
2687 1005 2911 1059 Gratias
2959 1006 3335 1075 omnipotenti
3378 1007 3520 1071 Deo,
3555 1006 3646 1060 in—

2047 1092 2266 1162 quiunt,
2300 1093 2415 1162 qui,
2449 1093 2597 1162 quod
2629 1108 2823 1147 verum
2852 1099 2956 1158 est,
2989 1094 3059 1147 de
3087 1093 3249 1148 nobis
3278 1094 3414 1148 talia
3435 1095 3648 1166 recogi-

2045 1187 2167 1234 tare
2196 1181 2349 1234 vobis
2376 1181 2652 1236 concessit
2677 1201 2686 1232 :
2715 1188 2773 1235 et
2796 1182 2930 1252 quia
2955 1199 3068 1236 non
3094 1182 3276 1236 solum
3308 1184 3644 1252 recogitate,

2044 1287 2240 1323 verum
2295 1271 2464 1324 etiam
2514 1271 2780 1324 mandare
2828 1271 3044 1340 dignati
3097 1272 3255 1326 estis.
3299 1273 3418 1325 Nos
3468 1273 3642 1337 enim,

2047 1359 2556 1428 praecellentissime
2583 1361 2986 1428 Augustorum,
3040 1360 3099 1412 in
3151 1360 3265 1414 vita
3320 1360 3465 1414 nihil
3519 1367 3649 1430 post

2045 1447 2224 1501 Deum
2249 1448 2492 1508 charius.
2522 1462 2689 1518 quam
2717 1465 2810 1501 vos
2829 1448 3266 1502 sacratissimum
3297 1449 3643 1518 genitorem;

2047 1536 2185 1588 nihil
2229 1535 2534 1605 gloriosius
2574 1536 2944 1606 possidemus,
2978 1553 3148 1606 quam
3179 1537 3314 1607 quia
3343 1538 3514 1590 vestri
3546 1538 3648 1591 filii

2044 1641 2339 1678 censemur
2369 1631 2426 1678 et
2455 1639 2681 1690 sumus;
2715 1625 2854 1678 nihil
2885 1625 3240 1696 locupletius,
3273 1626 3414 1679 nihil
3443 1626 3642 1690 ditius,

1978 1695 2026 1755 Β
2047 1712 2297 1782 nihilque
2323 1712 2482 1767 nobis
2506 1713 2955 1782 magniﬁcentius
2979 1695 3050 1766 ad
3082 1714 3339 1780 honores,
3365 1715 3439 1768 ad
3467 1715 3653 1768 excel-

2046 1801 2276 1854 lentiam
2306 1808 2362 1855 et
2383 1801 2737 1870 dignitatem,
2765 1802 2834 1854 ad
2867 1801 3087 1856 laudem
3118 1803 3361 1857 nominis
3382 1809 3441 1856 et
3465 1803 3655 1873 splen-

2045 1888 2238 1941 dorem
2279 1889 2490 1957 glorim.
2537 1888 2765 1952 Idcirco,
2791 1888 3212 1957 gloriosissime,
3241 1889 3501 1944 venimus
3543 1891 3654 1944 hu-

2044 1977 2207 2030 miles
2257 1982 2316 2030 et
2362 1977 2565 2039 devoti,
2618 1977 2848 2042 subditi,
2897 1983 2962 2030 ut
3008 1977 3186 2042 decet,
3254 1984 3312 2032 et
3360 1979 3648 2048 subjecti:

2044 2070 2264 2119 tantum
2297 2065 2561 2135 dignetur
2589 2065 2766 2135 pietas
2813 2071 3000 2119 vestra
3049 2072 3106 2119 et
3143 2069 3520 2122 mansuetudo
3553 2084 3646 2122 re-

2046 2154 2293 2224 cogitare
2338 2155 2408 2209 de
2465 2154 2643 2219 nobis,
2699 2171 2768 2207 ne
2821 2155 3260 2209 condemnemur
3307 2156 3548 2226 injuste,
3585 2174 3656 2210 ne

2045 2241 2371 2297 abdicemur
2433 2243 2553 2297 sine
2606 2243 2859 2308 crimine,
2913 2260 2983 2297 ne
3043 2245 3464 2298 exheredemur
3529 2245 3654 2298 sine

2046 2331 2228 2402 culpa.
2262 2333 2387 2386 Non
2418 2332 2568 2386 enim
2614 2331 2961 2401 insurgimus
2997 2339 3196 2386 contra
3245 2350 3362 2398 vos,
3395 2333 3546 2387 sicut
3575 2334 3655 2386 lo-

2047 2426 2298 2489 quuntur
2326 2427 2383 2475 et
2426 2427 2691 2474 accusant
2727 2435 2848 2486 nos,
2873 2420 2970 2490 qui
3017 2437 3118 2474 nos
3149 2421 3388 2492 perdere
3435 2421 3654 2476 inimici

2045 2509 2356 2563 moliuntur
2389 2527 2399 2561 :
2434 2509 2531 2563 sed
2561 2513 2840 2581 supplices
2881 2510 3124 2574 veniam,
3149 2509 3568 2582 indulgentiam
3596 2517 3654 2564 et

2047 2597 2487 2652 misericordiam
2512 2599 2880 2668 postulamus.
2919 2618 2942 2648 »

2115 2685 2328 2738 Deinde
2341 2685 2398 2738 in
2410 2686 2518 2738 alio
2536 2687 2781 2756 capitulo
2802 2703 2813 2739 :
2835 2706 2856 2737 ι
2880 2672 3242 2746 Mementote,
3255 2687 3645 2757 inquit,etiam

2047 2773 2195 2841 quod
2252 2774 2362 2828 mei
2413 2775 2607 2828 vasalli
2663 2775 2816 2840 estis.
2848 2775 3100 2844 mihique
3146 2791 3276 2829 cum
3314 2776 3646 2844 juramento

2046 2861 2214 2915 ﬁdem
2245 2863 2530 2916 ﬁrmastis.
2568 2883 2592 2913 ι

2113 2950 2198 3003 Ad
2222 2951 2369 3021 quod
2386 2963 2579 3005 rursus
2599 2951 2774 3005 idem:
2799 2972 2819 3002 ι
2849 2951 3019 3016 Bene,
3033 2951 3320 3021 inquiunt,
3339 2952 3642 3006 recolimus

366 3040 495 3094 Silia
523 3057 588 3093 ex
620 3040 784 3093 corde
807 3045 908 3092 aut
926 3056 990 3092 ex
1018 3039 1206 3091 animo
1235 3038 1446 3091 dabant
1471 3057 1482 3091 :
1507 3038 1603 3092 sed
1629 3039 1964 3093 assentando
1983 3044 2026 3104 ί]
2047 3038 2127 3092 ita
2155 3055 2278 3091 esse
2298 3037 2381 3091 uti
2421 3038 2731 3120 mandastis
2761 3057 2773 3091 :
2818 3039 3078 3109 quoniam
3111 3046 3169 3092 et
3196 3056 3230 3092 a
3256 3047 3481 3104 natura,
3516 3046 3573 3094 et
3609 3058 3644 3095 a

365 3133 426 3181 et
471 3128 752 3182 adulando
797 3143 898 3197 pro
959 3126 1256 3189 favoribus,
1298 3127 1614 3191 veritatem,
1653 3127 1956 3195 justitiam,

372 3231 569 3285 pacem
599 3231 665 3268 ac
695 3213 1050 3266 concordiam
1075 3213 1484 3277 conculcantes,
1509 3220 1706 3267 contra
1741 3230 1836 3267 eos
1865 3215 1961 3285 qui

365 3320 468 3372 pro
498 3303 586 3356 his
615 3303 902 3355 decertare
931 3301 1281 3365 videbantur,
1313 3318 1412 3371 pro
1442 3301 1650 3355 viribus
1676 3319 1958 3373 repugna-

366 3389 519 3444 bant.
549 3391 951 3444 Verumtamen
972 3406 1140 3459 quam
1158 3390 1437 3459 justitiam
1461 3389 1758 3444 habuerint
1785 3392 1880 3444 ﬁlii
1904 3398 1962 3445 et

363 3481 623 3552 populus,
655 3479 789 3550 quia
811 3479 941 3532 hinc
979 3479 1108 3532 inde
1156 3479 1262 3532 sibi
1316 3479 1551 3532 invicem
1600 3481 1958 3534 adversantes

363 3575 527 3640 pater
556 3567 892 3622 moliebatur
920 3568 976 3620 in
1008 3568 1170 3631 ﬁlios,
1206 3573 1264 3620 et
1303 3567 1401 3620 ﬁlii
1434 3569 1846 3622 consurrexisse
1877 3569 1957 3621 vi-

363 3659 572 3712 dentur
590 3663 788 3710 contra
838 3656 1086 3720 Patrem,
1118 3661 1286 3725 atque
1315 3655 1438 3709 ideo
1487 3655 1700 3709 inimici
1727 3673 1950 3710 omnes:

363 3745 501 3816 quia
523 3744 850 3810 interfuisti,
877 3760 1143 3813 rogamus
1167 3744 1388 3814 aperias
1411 3743 1589 3798 nobis.

934 3862 1168 3921 CAPUT
1215 3865 1386 3920 XVII.

981 4005 1329 4044 PASCHASIL'S.

433 4097 670 4152 Justitize
700 4101 887 4167 partes
913 4102 1136 4150 constat
1184 4095 1314 4166 quia
1366 4096 1612 4165 plurima
1639 4102 1793 4154 sunt.
1825 4099 1953 4152 Alia

357 4185 636 4254 siquidem
671 4185 994 4254 estjustitia
1020 4184 1178 4254 regni
1210 4185 1329 4249 Dei,
1360 4185 1476 4238 alia
1502 4185 1657 4254 regni
1692 4187 1901 4240 terreni
1930 4202 1947 4242 :

355 4273 470 4326 alia
493 4273 640 4326 inter
659 4279 921 4343 parentes
940 4279 996 4326 et
1012 4273 1206 4344 propin
1215 4288 1369 4342 quos,
1397 4273 1507 4326 alia
1528 4273 1676 4326 inter
1695 4280 1952 4329 externos

2043 3126 2354 3197 promissis,
2373 3126 2518 3180 etab
2538 3127 2692 3180 omni
2713 3143 2839 3180 vere
2860 3127 2988 3182 ﬁdei
3018 3134 3371 3181 sacramento
3391 3129 3640 3198 profecto

2043 3215 2235 3268 ﬁdeles
2285 3231 2498 3269 sumus.
2541 3215 2699 3269 Unde
2752 3215 2895 3269 sicut
2950 3232 3239 3286 nunquam
3282 3216 3638 3270 deseruimus

2041 3303 2256 3356 militiai
2302 3309 2498 3357 vestra:
2543 3303 2890 3368 servitutem,
2943 3304 3022 3356 ita
3062 3304 3239 3357 donec
3295 3304 3529 3375 spiritus
3582 3305 3640 3357 in

2041 3391 2201 3444 nobis
2229 3397 2504 3460 superest,
2535 3407 2825 3461 nunquam
2866 3391 3181 3444 desertores
3212 3391 3426 3446 erimus
3458 3410 3470 3444 :
3505 3393 3638 3463 quia

2041 3480 2200 3533 nobis
2226 3479 2407 3549 gloria
2431 3485 2632 3545 vestra,
2653 3480 2831 3532 honor
2851 3491 2908 3532 et
2936 3480 3280 3550 prosperitas
3297 3481 3524 3534 charior
3553 3486 3639 3533 est

2042 3585 2208 3638 quam
2241 3569 2355 3621 vita
2379 3574 2590 3622 nostra.
2616 3569 2686 3621 Et
2705 3567 2828 3621 ideo
2859 3584 2970 3621 non
3009 3575 3203 3622 contra
3231 3585 3327 3622 vos
3360 3569 3628 3634 venimus,

2039 3657 2135 3711 sed
2167 3674 2266 3727 pro
2287 3656 2439 3710 vobis
2466 3657 2524 3710 in
2551 3656 2810 3710 omnibus
2839 3656 3020 3726 parati
3051 3671 3279 3710 sumus:
3314 3663 3540 3711 tantum
3572 3667 3632 3712 ut

2038 3746 2280 3814 gratiam
2311 3744 2605 3815 pristinam
2637 3751 2694 3798 et
2748 3744 3192 3798 misericordiam
3239 3745 3627 3817 impetremus.

2040 3835 2233 3904 Neque
2256 3839 2454 3887 contra
2472 3849 2585 3896 vos,
2610 3833 2712 3886 hos
2743 3832 2838 3902 qui
2869 3832 3156 3886 nobiscum
3187 3840 3336 3898 sunt,
3371 3835 3631 3889 conduxi-

2039 3939 2196 3975 mus:
2220 3921 2317 3975 sed
2347 3921 2499 3990 quia,
2530 3927 2596 3974 ut
2624 3921 2912 3986 docuerat,
2942 3917 3270 3991 simpliciter
3298 3911 3488 3977 venire
3519 3939 3629 3977 non

2037 4011 2332 4074 audemus,
2374 4025 2473 4079 pro
2505 4009 2591 4061 his
2634 4009 2729 4078 qui
2786 4008 2945 4061 nobis
2985 4009 3347 4076 insidiantur,
3382 4011 3625 4066 volentes

2037 4116 2139 4153 nos
2165 4099 2420 4168 perdere,
2446 4105 2503 4150 et
2522 4097 2819 4167 imperium
2847 4098 3038 4167 gloriae
3069 4105 3265 4152 vestrm
3287 4106 3621 4168 pervertere,

2036 4189 2205 4242 etiam
2227 4186 2478 4240 animum
2508 4192 2754 4239 vestrum
2775 4186 3196 4240 serenissimum
3219 4187 3376 4258 pium
3404 4195 3461 4242 et
3475 4206 3624 4242 man-

2033 4282 2277 4341 suetum,
2310 4292 2343 4328 a
2362 4280 2568 4328 natura
2592 4291 2827 4328 summie
2852 4263 3246 4345 generositatis
3267 4273 3432 4330 bonis
3451 4278 3624 4332 omni-

353 4367 416 4415 et
437 4361 652 4415 alienos
681 4361 980 4426 intentum,
1015 4367 1153 4431 quot
1196 4366 1331 4414 sunt
1379 4362 1532 4429 leges
1562 4367 1618 4415 et
1649 4369 1952 4418 consuetu-
1971 4351 2134 4418 Dbus
2152 4364 2447 4434 repletum,
2463 4367 2520 4416 et
2534 4363 2742 4416 Christi
2762 4363 2950 4432 gratia
2964 4363 3330 4428 illustratum,
3349 4374 3622 4419 conantur

353 4449 517 4504 dines
531 4451 811 4520 gentium,
843 4455 928 4503 tot
955 4451 1214 4503 dicantur
1240 4466 1307 4502 ex
1342 4465 1445 4502 usu
1467 4449 1702 4528 justitiae
1737 4457 1944 4520 partes.

356 4538 666 4610 Propterea
711 4556 780 4592 ex
832 4539 954 4607 lege
985 4538 1103 4602 Dei,
1134 4554 1245 4591 non
1285 4537 1469 4591 minus
1513 4554 1682 4607 quam
1712 4555 1777 4592 ex
1825 4541 1946 4610 lege

355 4627 570 4696 patrie,
583 4628 654 4681 de
674 4628 798 4681 istis
809 4627 1152 4696 colligendus
1173 4633 1259 4679 est
1279 4626 1478 4678 modus
1501 4627 1754 4695 justitiaa,
1771 4629 1945 4682 etiam

355 4719 416 4768 et
455 4731 524 4768 ex
552 4716 675 4784 lege
721 4723 936 4769 naturae
962 4731 974 4764 :
1006 4718 1157 4785 quia,
1187 4715 1334 4769 sicut
1365 4714 1636 4784 scriptum
1683 4723 1790 4784 est,
1821 4717 1939 4777 ﬁlii,

352 4802 577 4856 obedite
597 4805 680 4856 vel
708 4805 920 4859 deferte
949 4803 1291 4874 parentibus,
1327 4803 1408 4856 ita
1449 4808 1504 4856 et
1533 4810 1738 4873 patres,
1771 4806 1944 4860 nolite

350 4892 425 4945 ad
478 4891 828 4946 iracundiam
884 4907 1185 4962 provocare
1236 4891 1382 4946 ﬁlios
1427 4898 1658 4946 vestros.
1691 4894 1852 4956 Quod
1897 4895 1944 4949 si

425 5044 449 5072 ι
480 5031 627 5086 Alibi
657 5033 824 5102 hujus
854 5033 1306 5087 comminationis
1323 5034 1533 5087 mentio
1557 5033 1728 5098 nulla,
1761 5033 1807 5087 si
1831 5051 1941 5088 non

351 5103 533 5161 fallor.
581 5103 791 5158 Auctor
829 5104 1053 5173 'quidem
1089 5105 1228 5158 Vita:
1283 5103 1543 5158 Ludovici
1574 5105 1658 5158 Pii
1700 5109 1943 5158 testatur

349 5177 635 5245 episcopos
682 5173 883 5245 quibus
935 5175 1180 5244 pontifex
1225 5175 1695 5229 interminabatur
1729 5191 1940 5229 excom-

349 5246 808 5310 municationem,
836 5250 885 5299 si
915 5249 1013 5313 qui
1053 5247 1412 5298 z'nobedicntes
1455 5253 1624 5299 essent
1654 5264 1763 5299 sua:
1792 5251 1936 5314 ﬁlio-

348 5333 586 5384 rumque
601 5320 952 5386 imperatoris
963 5320 1460 5385 totunbati,respon
1468 5317 1615 5371 disse
1637 5335 1648 5369 :
1663 5321 1716 5370 si
1730 5333 1938 5371 cacum-

2028 4452 2366 4508 conturbare
2407 4457 2465 4504 et
2516 4467 2876 4522 corrumpere
2929 4457 3124 4505 contra
3165 4469 3268 4506 nos
3317 4459 3374 4506 et
3429 4460 3621 4508 contra

2029 4543 2222 4598 ﬁdeles
2275 4557 2543 4611 quosque,
2596 4557 2662 4594 ac
2707 4547 3028 4610 permutare
3074 4542 3133 4594 in
3183 4543 3620 4598 amaritudinem

2027 4637 2242 4684 naturae
2270 4628 2466 4682 aliena).
2497 4647 2509 4682 :
2545 4629 2678 4700 quia
2697 4629 2836 4683 nihil
2863 4625 3018 4684 aliud
3051 4630 3185 4684 olim
3217 4639 3474 4703 egerunt,
3511 4632 3616 4686 nisi

2023 4718 2198 4772 etiam
2227 4722 2291 4771 ut
2318 4733 2414 4770 vos
2441 4717 2802 4787 perimerent.
2837 4718 3044 4772 Contra
3075 4736 3198 4790 quae
3235 4720 3316 4773 sic
3364 4711 3615 4776 venimus

2023 4806 2096 4859 ad
2134 4811 2374 4858 vestram
2419 4805 2795 4872 clementiam,
2829 4810 2893 4859 ut
2919 4811 2977 4859 et
3020 4805 3129 4876 ipsi
3173 4806 3527 4878 detegantur,
3561 4810 3614 4860 et

2026 4894 2264 4948 thronus
2279 4892 2500 4963 imperii
2521 4893 2689 4947 vestri
2710 4898 2767 4946 et
2788 4895 3074 4964 inajestas,
3097 4911 3293 4948 eorum
3310 4885 3613 4949 clarescen-

2023 5031 2245 5100 dixisse,
2281 5034 2619 5104 pontiﬁcem,
2641 5034 2750 5106 nisi
2775 5035 3082 5088 secundum
3100 5035 3449 5090 voluntatem
3469 5036 3610 5106 ipso-

2022 5119 2150 5158 rum
2180 5107 2439 5169 venisset,
2459 5111 2572 5159 non
2601 5105 2926 5159 habiturum
2941 5107 3201 5160 ecclesias
3219 5121 3354 5161 suos
3378 5105 3608 5161 eoden-

2021 5181 2236 5241 taneas,
2265 5177 2363 5230 sed
2386 5177 2666 5230 intentum
2705 5176 3034 5241 contrarias,
3069 5182 3130 5230 ut
3163 5179 3309 5233 nihil
3333 5181 3488 5243 mihi,
3519 5178 3605 5231 in-

2022 5249 2161 5317 quit,
2193 5251 2253 5300 in
2283 5251 2472 5300 vestris
2518 5249 2797 5314 parochiis
2825 5263 2983 5314 agerc
3011 5252 3089 5300 vel
3121 5249 3405 5316 disponere
3428 5253 3598 5312 liceat,

2021 5335 2118 5371 nec
2143 5321 2459 5386 quempiam
2489 5322 2964 5372 emcommum'wre
3011 5320 3157 5382 vobis
3205 5321 3595 5386 obsistentibus.

348 5383 742 5460 munianturizs
768 5389 1074 5460 adveniret,
1101 5383 1610 5460 monzrnang'cum
1640 5389 1834 5460 acim.
1869 5388 1938 5443 Et
2017 5391 2097 5460 At
2116 5383 2189 5443 de
2216 5383 2670 5460 interminatione
2695 5387 3062 5460 depositionis
3089 5387 3246 5460 nulla
3266 5383 3513 5460 querela.

346 5457 654 5530 Gregorius
681 5458 812 5530 ipse
829 5459 888 5510 in
920 5457 1178 5530 epistola
1200 5456 1271 5509 ad
1299 5455 1592 5526 praedictus
1619 5458 1928 5530 episcopos,

2087 5458 2114 5530 ιγ
2169 5461 2298 5514 Haec
2332 5458 2591 5530 Capitula
2638 5453 2826 5527 nemo,
2865 5459 2926 5514 ni
2969 5453 3150 5527 fallor,
3193 5453 3466 5516 hactenus
3515 5477 3598 5514 re-

345 5540 469 5597 qua
501 5527 652 5582 inter
676 5527 1065 5598 manus
1088 5527 1246 5580 edita
1289 5532 1393 5594 est,
1424 5527 1933 5600 concludimus“
2013 5529 2162 5586 tulit.
