4000 6170
300 211 438 275 1687

932 210 1028 267 DE
1062 211 1235 268 VITA
1268 211 1523 279 WLLE.
1562 210 1698 267 SEU
1735 210 1903 266 EPIT.

1989 207 2183 265 ’HIUM
2218 207 2532 271 ΔΗΒΕΝΠ.
2567 230 2632 251 ιι*
2661 210 2799 271 ιιι.
2844 214 2917 269 II.

3419 217 3559 278 1638

296 336 448 392 tibus
512 336 713 409 culpis,
766 337 1071 393 admodum
1121 336 1422 407 gloriosius
1475 335 1839 391 confirmetur
1869 333 2191 404 :Apliciter
2237 335 2299 389 in
2320 350 2491 391 causa
2514 336 2619 393 Dei
2665 342 2725 393 et
2757 342 2954 395 nostra
2979 339 3268 398 humiliter
3289 343 3560 417 deproma-

296 440 512 496 nosque
534 425 960 480 reconciliemur
977 425 1049 478 ad
1070 423 1307 486 veniam,
1323 423 1419 493 qui
1438 422 1499 477 in
1519 422 1691 488 nullo,
1718 437 1891 492 quan-

298 519 422 568 tum
478 512 539 567 in
585 513 746 568 nobis
782 522 886 578 est,
924 529 1177 584 unquam
1230 512 1463 567 volendo
1511 510 1891 566 contraximus

301 602 543 672 culpam.
581 622 608 656 ι

370 690 603 745 Addidit
622 708 843 763 quoque
868 710 878 742 :
905 709 933 743 α
965 691 1118 746 Scire
1146 707 1261 757 vos,
1288 690 1492 761 inquit,
1516 692 1739 760 oportet
1758 688 1892 759 quia

299 779 466 850 longe
483 779 579 834 diu
608 780 989 835 defensionem
1015 780 1162 834 sedis
1187 770 1503 851 apostolica:
1535 776 1892 832 devotissime

300 869 538 940 suscepi,
569 869 823 940 quamvis
842 885 991 923 nunc
1006 867 1253 922 indebite
1283 867 1565 939 usurpetis
1585 870 1779 921 contra
1804 882 1893 919 me

296 951 460 1023 illud,
484 962 547 1012 ut
566 957 872 1012 excludatis
893 974 982 1011 me
1004 957 1074 1012 ab
1100 942 1488 1027 hujuscemodi
1518 955 1720 1021 officio,
1745 954 1895 1025 quod

301 1046 553 1117 quandiu
579 1041 859 1112 advixero,
889 1045 1320 1117 praetermittere
1341 1061 1451 1100 non
1483 1061 1644 1115 queo.
1686 1063 1709 1096 ι

372 1135 533 1191 Unde
561 1135 843 1189 Honorius
865 1151 979 1189 una
1000 1151 1125 1189 cum
1146 1134 1412 1188 fratribus
1443 1153 1454 1187 :
1494 1153 1519 1185 (ί
1551 1132 1888 1205 Perpendat,

303 1222 401 1288 ait,
434 1222 752 1279 sublimitas
796 1229 1000 1291 vestra,
1030 1229 1087 1278 et
1115 1223 1397 1278 recordari
1436 1222 1718 1292 dignetur,
1744 1222 1895 1299 quod

304 1328 463 1383 aeque
519 1329 610 1375 me
664 1312 1128 1383 praestantissima
1180 1311 1239 1365 in
1270 1310 1495 1365 Christo
1546 1310 1898 1381 providentia

303 1392 489 1455 vestra
517 1401 799 1473 suscipere
828 1402 960 1455 fecit
1004 1400 1149 1455 hanc
1177 1416 1369 1455 curam
1412 1405 1472 1454 et
1516 1399 1898 1453 defensionem

303 1488 484 1561 ipsius
550 1491 914 1560 permaxime,
993 1495 1434 1558 ceterarumque
1512 1487 1895 1551 ecclesiarum,

307 1577 532 1648 quando
554 1594 644 1631 me
656 1584 969 1632 consortem
983 1577 1158 1630 totius
1178 1575 1401 1646 imperii
1425 1575 1695 1629 celsitudo
1718 1579 1901 1628 vestra

1969 438 2117 478 mur.
2152 441 2177 475 ι

2043 512 2253 566 Iterum
2274 513 2787 585 Augustusinquit:
2826 534 2853 567 α
2882 518 3097 588 Injuste
3113 520 3410 591 Igisquod
3420 522 3563 579 ﬁlios

1968 606 2215 665 nostros,
2231 600 2433 655 fratres
2444 607 2590 669 tuos,
2610 609 2799 658 tecum
2822 606 3048 674 retines,
3066 612 3128 662 et
3144 623 3241 664 eos
3254 615 3454 664 contra
3470 622 3564 665 me

1970 686 2261 758 insurgere
2286 688 2440 745 facis.
2472 708 2501 744 υ

2048 797 2071 828 ι
2097 777 2275 843 Absit,
2298 778 2463 845 absit,
2486 780 2768 837 Honorius
2786 781 2989 853 inquit,
3015 784 3093 838 mi
3113 786 3360 854 domine,
3386 788 3566 859 siquié

1974 864 2103 920 dem
2131 867 2267 937 quia
2292 867 2471 937 fugati
2499 875 2662 923 erant
2687 874 2745 923 et
2767 870 2984 940 abjecti,
3010 872 3286 945 longeque
3314 888 3571 945 persecu-

1974 954 2221 1010 tionibus
2249 956 2481 1026 expulsi,
2523 958 2597 1011 ad
2621 964 2862 1013 vestram
2890 976 2987 1014 eos
3015 961 3371 1015 clementiam
3398 963 3569 1017 redub

1973 1058 2101 1097 cere
2128 1043 2364 1106 decrevi,
2395 1052 2600 1115 rogans
2625 1047 2954 1118 suppliciter
2979 1048 3243 1119 dignetur
3254 1056 3453 1105 sancta
3478 1065 3575 1122 pa-

1974 1132 2210 1187 ternitas
2235 1138 2421 1187 vestra
2450 1135 2758 1205 recogitare
2784 1136 2920 1207 quia
2944 1138 3114 1192 vestri
3139 1152 3333 1193 sumus
3350 1137 3471 1205 lilii,
3500 1148 3573 1194 ne

1975 1236 2078 1274 nos
2106 1220 2228 1275 sine
2248 1221 2412 1292 culpa
2431 1222 2709 1291 abdicare,
2747 1225 2835 1279 vel
2851 1226 3084 1296 perdere
3101 1226 3366 1297 dignetur
3390 1230 3569 1298 maje-

1977 1314 2093 1363 stas
2121 1313 2319 1364 vestra:
2353 1311 2470 1369 imo
2504 1318 2728 1366 moveat
2770 1313 2983 1368 viscera
3010 1315 3236 1385 pietatis
3262 1321 3459 1371 mtm
3483 1316 3570 1370 af-

1977 1398 2153 1453 fectus
2182 1400 2385 1463 carnis,
2420 1405 2477 1453 et
2521 1400 2746 1469 justitia
2796 1417 2912 1455 non
2948 1402 3138 1456 minus
3163 1403 3307 1473 legis
3331 1412 3568 1467 neutra,

1981 1503 2149 1561 quam
2180 1493 2238 1542 et
2265 1488 2403 1558 legis
2421 1488 2522 1542 Dei
2555 1508 2569 1554 ;
2600 1490 2891 1559 nostrique
2917 1491 3172 1544 misereri
3202 1492 3568 1561 dignemini.»

2051 1577 2207 1630 Tunc
2234 1577 2306 1630 ad
2336 1577 2631 1649 ultimum:
2678 1596 2704 1629 ‹‹
2757 1578 3039 1651 Vassallos
3078 1592 3320 1649 quoque,
3363 1579 3567 1651 inquit,

305 1636 421 1720 una
448 1682 575 1719 cum
603 1666 890 1720 voluntate
918 1665 1109 1736 populi
1137 1636 1429 1718 constituit
1471 1663 1529 1717 in
1558 1663 1711 1718 omni
1741 1636 1963 1734 pote-B
1982 1671 2203 1718 nostros
2240 1642 2485 1720 indebita
2540 1665 2819 1736 recepisti,
2850 1650 3030 1720 et'em
3055 1636 3242 1721 tecum
3272 1636 3501 1723 retines.

307 1758 453 1808 state
508 1760 566 1808 et
614 1754 847 1821 honore,
897 1753 955 1807 in
993 1752 1145 1807 omni
1191 1751 1599 1823 conscriptione
1628 1762 1653 1790 ⁸
1683 1757 1741 1805 et
1793 1766 1899 1805 nu-

305 1843 590 1912 mismate,
616 1842 677 1897 in
730 1843 885 1897 omni
936 1841 1320 1913 dispositione,
1352 1846 1535 1896 vestro
1574 1845 1900 1894 conservato

310 1932 523 1986 honore
540 1938 597 1987 et
612 1932 1257 2003 providentia.Equidem
1271 1936 1328 1985 et
1340 1931 1412 1984 ad
1432 1930 1684 1984 eamdem
1707 1929 1900 1984 sedem

310 2021 618 2075 clementer
645 2037 734 2076 me
764 2026 949 2075 vestra
970 2019 1279 2090 imperialis
1307 2018 1594 2072 eximietas
1624 2016 1779 2071 misit
1831 2017 1901 2070 ad

306 2109 757 2163 confirmandum
783 2109 842 2161 in
890 2124 979 2162 me
1018 2107 1287 2178 quidquid
1314 2106 1408 2176 pia
1434 2106 1684 2173 dignatio
1717 2110 1903 2159 vestra

314 2196 656 2262 decreverat,
684 2202 750 2249 ut
785 2212 967 2250 essem
1011 2195 1194 2249 socius
1223 2203 1282 2248 et
1306 2210 1534 2248 consors
1564 2210 1677 2249 non
1716 2194 1905 2249 minus

315 2284 757 2339 sanctiﬁcatione
803 2300 974 2354 quam
1020 2288 1298 2353 potestate
1350 2288 1408 2337 et
1447 2283 1692 2337 nomine.
1744 2282 1905 2337 Unde

314 2371 450 2443 quia
475 2388 661 2426 coram
689 2378 883 2426 sancto
912 2372 1110 2437 altare,
1136 2376 1195 2425 et
1221 2387 1410 2425 coram
1438 2377 1633 2425 sancto
1670 2385 1901 2441 corpore

312 2460 495 2514 beatri
522 2461 673 2515 Petri
700 2460 971 2532 principis
999 2460 1400 2531 apostolorum.
1416 2477 1455 2513 a
1478 2475 1697 2514 summo
1723 2459 1903 2530 ponti-

316 2550 439 2614 fice,
470 2554 655 2602 vestro
697 2566 763 2602 ex
810 2565 1085 2603 consensu
1132 2554 1187 2602 et
1224 2548 1528 2608 voluntate.
1560 2547 1906 2602 benedictio-

315 2652 465 2700 nem,
501 2637 771 2691 honorem
794 2642 852 2690 et
879 2654 1085 2691 nomen
1122 2636 1341 2707 suscepi
1378 2636 1685 2707 imperialis
1713 2622 1901 2701 cilicii,

308 2723 545 2794 insuper
555 2725 874 2779 diademata
885 2726 1084 2796 capitis
1100 2725 1417 2795 etgladium
1434 2725 1502 2778 ad
1520 2724 1902 2779 defensionem

310 2802 488 2882 ipsius
516 2813 771 2867 Ecclesiae
801 2819 859 2866 et
909 2813 1133 2883 imperii
1163 2813 1355 2879 vestri;
1407 2830 1572 2868 nemo
1615 2813 1900 2868 vobiscum

311 2900 511 2973 magis,
537 2900 630 2971 qui
648 2917 773 2954 eam
795 2917 964 2970 quam
986 2918 1089 2970 ego
1108 2902 1405 2955 defendere
1424 2902 1558 2956 velit
1570 2902 1898 2956 autdebeat.

2054 1753 2366 1806 Honcrius:
2420 1772 2447 1803 ι
2493 1754 2620 1807 Non
2648 1754 2859 1823 itaque,
2890 1755 3032 1808 sciat
3053 1755 3337 1811 beatitudo
3366 1762 3570 1823 vestra,

1981 1840 2063 1893 ita
2087 1845 2177 1893 est
2200 1859 2212 1892 :
2246 1841 2343 1894 sed
2369 1856 2497 1894 cum
2529 1846 2720 1894 essent
2745 1847 2804 1894 et
2831 1841 2939 1911 ipsi
2958 1843 3217 1912 dispersi,
3246 1844 3446 1914 fugati,
3472 1850 3578 1898 aut

1978 1926 2040 1981 in
2062 1928 2329 1982 custodiis
2349 1942 2408 1981 et
2428 1928 2636 1982 exsiliis
2660 1928 2890 1993 detenti,
2914 1929 3171 1984 fecerunt
3190 1932 3263 1985 ad
3290 1935 3477 1996 nos,et
3496 1932 3576 1987 ad

1982 2016 2154 2071 istum
2183 2016 2410 2072 beatum
2437 2016 2748 2075 antistitem
2772 2018 3113 2088 conﬂigium,
3168 2026 3443 2090 quatenus
3471 2038 3574 2092 pro

1983 2104 2094 2159 illis
2121 2106 2272 2175 apud
2298 2110 2539 2160 vestram
2567 2105 2987 2160 serenissimam
3022 2107 3381 2163 clementiam
3401 2109 3574 2163 inter-

1985 2192 2164 2260 cedat.
2203 2209 2275 2249 ne
2300 2194 2508 2263 injuste
2530 2194 2889 2261 damnentur,
2920 2195 3018 2265 qui
3044 2212 3146 2265 pro
3175 2196 3284 2250 fide
3310 2201 3496 2252 vestra
3519 2201 3579 2251 et

1978 2282 2203 2351 iustitia
2228 2282 2579 2344 exstiterunt,
2601 2299 2673 2337 ne
2692 2282 2846 2337 fraus
2864 2284 3264 2353 pmvaleret‘et
3282 2285 3445 2340 dolus
3463 2300 3577 2340 see-

1985 2371 2435 2426 lestissimorum.
2484 2372 2602 2426 Hoc
2653 2387 2878 2442 semper
2904 2373 3091 2427 audivi
3117 2373 3178 2428 in
3205 2380 3389 2429 vestro
3417 2391 3578 2429 sacro

1988 2460 2242 2526 concilio,
2292 2466 2349 2514 et
2390 2460 2453 2515 in
2480 2460 2918 2515 clarissimorum
2947 2466 3148 2516 senatu
3175 2462 3442 2527 virorum,
3472 2464 3578 2517 hoc

1984 2557 2212 2619 semper
2235 2549 2296 2604 in
2321 2549 2521 2603 vestris
2548 2548 2843 2618 recognovi
2887 2548 3065 2611 factis,
3097 2551 3203 2604 hoc
3224 2567 3263 2604 a
3288 2550 3444 2605 vobis
3480 2565 3581 2605 au—

1982 2637 2118 2699 divi.
2141 2637 2248 2692 hoc
2269 2636 2512 2707 legimus
2538 2637 2597 2691 in
2620 2637 2799 2707 gestis
2818 2637 3201 2708 antiquorum,
3234 2639 3406 2693 fortes
3430 2638 3579 2693 viros

1984 2729 2042 2779 et
2067 2725 2426 2793 clarissimos,
2454 2742 2521 2779 ac
2549 2725 2695 2780 bene
2716 2726 2947 2780 meritos
2975 2727 3239 2782 honorari
3267 2727 3445 2797 magis
3490 2728 3585 2781 de-

1983 2811 2197 2877 bere,et
2218 2813 2405 2883 gloria
2418 2812 2688 2867 illustrari
2713 2829 2882 2883 quam
2902 2814 3105 2884 depelli
3124 2833 3141 2880 ;
3157 2814 3251 2885 qui
3279 2828 3580 2885 pravorum

1983 2900 2277 2955 hominum
2305 2901 2551 2971 impetus
2575 2906 2632 2955 et
2659 2906 2893 2955 conatus
2919 2902 3146 2971 provide
3169 2908 3577 2972 represserunt;

310 2988 385 3043 Et
413 2989 545 3059 quia
572 2989 759 3043 audivi
789 2989 938 3059 quod
977 2989 1204 3059 plurimi
1233 2989 1575 3046 insidiantur
1600 2990 1748 3055 huic,
1781 2985 1962 3047 ma-G
1983 2989 2080 3059 qui
2109 2989 2566 3059 auctor-itemqui
2586 2990 2821 3060 fide,qui
2843 2990 3281 3061 constantia,qui
3298 2991 3581 3061 magnitu-

309 3077 577 3132 nifestum
607 3093 731 3132 esse
759 3077 1017 3131 omnibus
1046 3078 1189 3144 volo,
1225 3078 1373 3148 quod
1400 3078 1454 3132 ei
1473 3079 1594 3133 sine
1620 3094 1712 3133 me
1739 3095 1905 3132 nemo

312 3164 554 3231 nocebit,
578 3181 746 3236 quem
787 3181 892 3234 pro
916 3180 1051 3235 pace
1079 3171 1138 3218 et
1180 3165 1478 3219 concordia
1497 3166 1735 3219 conduxi
1759 3166 1905 3220 vica-

312 3252 464 3306 rium
484 3244 635 3306 beati
666 3253 839 3320 Petri,
871 3253 944 3307 ad
974 3252 1145 3307 vestri
1174 3253 1641 3311 reconciliandam
1670 3254 1905 3308 serenis-

313 3341 515 3395 simam
539 3341 716 3395 animi
736 3341 1025 3412 pietatem.
1060 3361 1086 3393 »

385 3430 672 3485 Mandavit
685 3446 928 3501 namque
942 3429 1222 3498 gloriosus
1238 3431 1426 3484 Caesar
1443 3445 1657 3497 rursus,
1683 3446 1794 3485 non
1809 3432 1905 3500 ju-

315 3518 467 3568 stum
490 3531 610 3568 esse
632 3514 780 3585 quod
791 3513 1051 3568 eumdem
1064 3515 1431 3585 apostolicum
1444 3515 1516 3569 ad
1526 3531 1584 3568 se
1596 3514 1784 3569 venire
1806 3515 1907 3570 mi-

314 3604 468 3657 nime
495 3603 903 3675 permitterent.
919 3603 1082 3674 eique
1105 3604 1222 3657 vias
1244 3604 1498 3657 veniendi
1518 3604 1903 3674 prohiberent.

386 3693 473 3746 Ad
502 3693 649 3763 quod
673 3693 955 3746 Honorius
982 3709 995 3744 :
1032 3712 1053 3742 ι
1078 3693 1448 3763 Nequaquam
1464 3693 1654 3762 igitur,
1670 3693 1907 3747 serenis-

317 3780 479 3845 sime,
507 3776 622 3834 vias
652 3781 703 3835 ei
735 3780 1122 3851 prohibuimus
1163 3782 1441 3847 veniendi,
1464 3782 1562 3835 sed
1604 3782 1907 3836 auxiliante

317 3869 434 3923 Deo
461 3868 854 3935 reseravimus,
883 3885 1009 3922 cum
1036 3874 1225 3922 essent
1243 3871 1406 3938 jussu
1429 3874 1610 3924 vestro
1638 3870 1907 3947 obstrusae

316 3957 468 4011 inter
495 3957 782 4027 angustias
809 3957 1037 4027 Alpium
1089 3964 1145 4010 et
1174 3963 1491 4028 praeruptae,
1524 3957 1604 4012 ita
1634 3964 1699 4013 ut
1742 3974 1908 4012 nemo

321 4041 647 4095 mortalium
678 4040 850 4094 libere
878 4042 1119 4095 transire
1148 4047 1355 4112 posset,
1372 4042 1550 4096 donec
1579 4042 1783 4096 virtute
1810 4042 1910 4096 Dei

322 4134 627 4199 nostroque
658 4128 847 4183 labore
890 4129 1256 4200 complanatae
1283 4135 1450 4184 sunt:
1481 4131 1563 4185 ita
1604 4137 1669 4184 ut
1706 4147 1910 4201 queam

322 4216 507 4272 dicere
535 4234 663 4272 cum
691 4217 990 4288 propheta,
1018 4217 1167 4287 quod
1196 4217 1353 4272 facte
1382 4218 1496 4272 sint
1523 4235 1703 4289 prava
1734 4219 1790 4272 in
1822 4219 1909 4273 di-

1988 3077 2117 3132 dine
2146 3077 2323 3131 animi
2351 3083 2409 3131 et
2420 3077 2667 3132 consiliis
2696 3077 3083 3132 insidiantium
3106 3079 3352 3134 audaciae
3364 3079 3584 3134 restite-

1987 3170 2151 3220 runt:
2183 3181 2377 3220 eorum
2403 3165 2616 3220 scilicet
2652 3165 2964 3231 hominum,
2996 3166 3094 3236 qui
3118 3166 3348 3221 levitate
3395 3183 3498 3221 sua
3524 3172 3582 3222 et

1985 3253 2230 3323 pernicie
2257 3258 2505 3309 vestrum
2533 3271 2664 3308 cum
2687 3254 2841 3308 omni
2862 3254 3220 3323 improbitate
3235 3255 3586 3310 foedavemnt

1986 3341 2305 3411 imperium.
2348 3341 2500 3404 Quos
2537 3341 2672 3411 quia
2708 3340 2801 3394 isti
2845 3340 3181 3395 detexerunt
3204 3349 3264 3396 et
3290 3341 3575 3411 fugarunt,

1986 3429 2300 3484 honorandi
2320 3434 2510 3483 essent
2543 3434 2601 3482 et
2620 3427 2973 3498 gloriﬁcandi
3000 3429 3188 3498 potius
3214 3444 3387 3498 quam
3414 3445 3453 3482 a
3479 3445 3580 3499 pe-

1988 3516 2387 3573 stilentissimis
2418 3515 2549 3570 viris
2577 3515 2913 3570 criminandi
2936 3533 2950 3568 :
2974 3516 3105 3585 quia
3127 3520 3185 3569 et
3200 3515 3309 3585 ipsi
3337 3514 3583 3586 primum

1988 3605 2187 3660 vestris
2234 3609 2365 3659 sunt
2415 3603 2648 3658 enutriti
2677 3603 3007 3674 disciplinis,
3060 3603 3369 3673 vestrisque
3396 3603 3581 3658 edocti

1986 3693 2252 3759 consiliis,
2280 3698 2462 3746 vestra
2492 3691 2777 3746 sublimati
2805 3691 3097 3761 dignitate,
3121 3696 3179 3745 et
3200 3690 3464 3746 illustrati
3485 3692 3582 3746 ho-

1988 3782 2241 3844 noribus,
2269 3797 2491 3851 semper
2518 3778 2695 3834 habiti
2708 3785 2844 3833 sunt
2860 3778 3030 3849 primi
3058 3784 3115 3832 et
3140 3778 3335 3832 eximii
3364 3777 3579 3848 palatii,

1989 3871 2148 3926 Unde
2190 3869 2513 3924 censuimus
2560 3884 2653 3923 eos
2703 3868 2968 3921 reducere
2988 3867 3061 3921 ad
3092 3871 3333 3920 vestram
3362 3866 3582 3921 miseri-

1989 3959 2373 4013 cordissimam
2385 3955 2987 4028 pietatem,vestrisque
3008 3959 3407 4025 reprzesentare
3427 3966 3583 4025 aspe-

1992 4046 2172 4102 ctibus
2202 4066 2215 4099 :
2246 4052 2305 4100 et
2331 4046 2457 4100 ideo
2485 4062 2598 4099 non
2623 4043 2892 4098 debemus
2919 4042 3188 4097 oii‘ensam
3228 4043 3578 4108 contrahere,

1990 4135 2041 4190 si
2066 4152 2209 4206 quos
2225 4135 2379 4189 fraus
2405 4134 2763 4188 factiosorum
2800 4131 3065 4202 perdidit,
3110 4130 3306 4186 vestris
3328 4130 3583 4186 restitui-

1992 4236 2119 4279 m‘us
2137 4230 2197 4280 et
2223 4222 2647 4279 reconciliamus
2664 4220 3025 4292 profectibus.
3058 4240 3082 4271 ω

321 4311 523 4369 rectas,
546 4311 604 4359 et
630 4286 840 4376 asperis
861 4306 920 4359 in
950 4286 1065 4359 vias
1106 4306 1335 4376 planas:
1372 4290 1443 4359 ad
1487 4286 1589 4361 hoc
1616 4307 1823 4378 quippe
1850 4286 1976 4362 utD
2066 4314 2195 4368 Haec
2221 4312 2496 4383 siquidem
2526 4317 2613 4365 est
2640 4286 2861 4364 alterna
2891 4308 3203 4375 altercatio,
3231 4308 3316 4364 he
3340 4307 3581 4378 querela!

321 4396 394 4449 ad
420 4398 514 4449 Vos
541 4402 658 4449 tam
688 4394 782 4447 ille
804 4410 971 4464 quam
988 4398 1054 4471 et
1071 4410 1174 4447 nos
1202 4394 1545 4448 devotissimi
1572 4395 1907 4462 veniremus,

322 4500 491 4555 quem
521 4483 767 4554 profecto
797 4474 945 4559 hunc
982 4482 1109 4536 ideo
1138 4482 1387 4536 laborem
1414 4500 1701 4538 assumere
1732 4479 1911 4554 coegi-

321 4589 471 4638 mus,
521 4577 585 4626 ut
631 4572 751 4643 ipse
780 4570 936 4625 vobis
960 4587 1215 4624 summus
1241 4570 1575 4626 intercessor
1602 4572 1724 4625 vice
1762 4571 1910 4626 beati

320 4661 478 4716 Petri
507 4665 846 4727 occurreret,
860 4660 1021 4730 cujus
1045 4665 1293 4730 potestas
1320 4660 1379 4713 in
1404 4676 1470 4714 eo
1490 4648 1624 4713 vivit
1651 4664 1709 4714 et
1725 4665 1914 4714 aucto-

320 4750 462 4804 ritas
482 4749 716 4805 excellit.
747 4751 1054 4819 Propterea
1081 4764 1195 4801 non
1218 4748 1600 4819 prohibemus,
1635 4752 1700 4802 ut
1727 4749 1914 4820 culpa-

315 4854 464 4906 mur,
483 4838 583 4892 sed
606 4838 1013 4892 officiosissime
1030 4835 1377 4905 exhibemus,
1392 4853 1559 4907 quem
1579 4836 1760 4892 auditi
1780 4853 1908 4909 sup-

390 4987 410 5009 ⁸
437 4978 772 5049 Agobardus
790 4976 1181 5048 Lugdunensis
1201 4977 1494 5048 episcopus
1511 4975 1572 5031 in
1601 4973 1774 5031 ﬂebili
1796 4977 1910 5048 epi-

318 5052 464 5105 stola
482 5050 553 5103 ad
584 5050 926 5104 Ludovicum
952 5050 1268 5117 Augustum
1294 5062 1306 5095 :
1340 5050 1407 5102 In
1421 5064 1672 5117 processu
1701 5064 1910 5116 quoque

323 5123 601 5189 temporis,
644 5124 1064 5189 quotiescunque
1093 5124 1191 5172 aut
1240 5135 1560 5188 quocunque
1598 5121 1911 5187 imperiales

323 5197 519 5247 littera:
539 5192 1223 5265 mitterenturmmborum
1252 5194 1652 5265 imperatorum
1680 5192 1911 5265 nomina

321 5260 675 5317 continebant
696 5279 709 5315 :
732 5254 919 5329 postea
944 5263 1067 5323 pero
1087 5254 1304 5312 ‘mulata
1329 5254 1628 5325 'volunta'te,
1652 5262 1911 5315 convulsa

319 5339 451 5387 sunt
478 5337 706 5389 statuta.
737 5337 787 5385 ct
805 5333 869 5384 de
898 5333 1098 5385 litteris
1130 5345 1328 5383 nomen
1358 5334 1623 5383 omissum
1652 5335 1746 5383 est.

393 5402 422 5443 ι)
450 5404 787 5471 Hincmarus
808 5402 1152 5471 Rhemorum
1172 5400 1464 5471 episcopus
1492 5392 1815 5471 inlepistola
1841 5392 1905 5459 '41

316 5467 393 5549 ad
405 5464 713 5549 Adams
724 5458 776 5528 11
792 5489 803 5525 =
820 5458 888 5527 Et
898 5467 1162 5549 9qude
1176 5458 1473 5549 (ῗθῗερφῖτέξ
1485 5458 1771 5549 uirides
1783 5458 1913 5549 ςμυί

322 5547 596 5613 Lathan‘o,
614 5548 777 5614 patre
789 5549 887 5598 suo
903 5536 1268 5613 iapugnan‘te,
1279 5536 1350 5597 ῗῆ
1366 5536 1665 5597 rituum
1676 5536 1845 5611 sinit,
1862 5549 1914 5599 et

1992 4402 2065 4457 ad
2110 4401 2344 4456 invicem
2370 4419 2385 4457 :
2425 4401 2542 4455 hinc
2564 4398 2874 4471 propositio
2900 4403 3155 4469 paterna,
3184 4402 3247 4452 et
3291 4396 3581 4467 responsio

1992 4489 2403 4545 ﬁliorum.Cum
2428 4504 2531 4542 nec
2549 4487 2629 4541 sic
2656 4488 2835 4541 ullum
2864 4501 3156 4539 assensum
3190 4483 3442 4540 obtinere
3460 4483 3584 4554 qui-

1993 4576 2202 4630 vissent
2225 4576 2419 4642 veniae,
2442 4575 2688 4629 mittitur
2712 4579 2942 4629 sanctus
2969 4578 3025 4627 et
3051 4587 3303 4626 summus
3332 4571 3586 4642 pontifex

1993 4663 2344 4730 intercessor,
2378 4663 2617 4717 vicarius
2645 4661 2795 4716 beati
2819 4660 2972 4715 Pet-ri
2999 4678 3013 4713 :
3048 4659 3143 4730 qui
3173 4676 3301 4713 cum
3336 4659 3585 4714 venisset

1991 4752 2148 4807 nullo
2174 4758 2466 4822 susceptus
2482 4756 2569 4805 est
2596 4746 2845 4804 honoreb
2876 4747 3150 4818 condigne
3173 4763 3186 4798 :
3208 4752 3401 4802 mea
3428 4763 3583 4801 more

1988 4856 2089 4895 suo
2112 4841 2246 4895 data
2258 4824 2969 4908 benedictione,proposuit
2981 4851 3087 4906 pro
3106 4834 3313 4907 quibus
3332 4840 3581 4891 venerat.

1984 4996 2098 5050 par
2113 4978 2294 5049 postea
2326 4976 2386 5033 in
2406 4976 2679 5050 Francia,
2702 4976 2765 5050 ut
2778 4980 2941 5031 ahle'a
2962 4984 3073 5031 non
3087 4974 3220 5046 Ταῦ,
3254 4980 3303 5031 ei
3315 4976 3422 5046 ipse
3435 4974 3579 5044 papa

1984 5046 2130 5105 cuni
2158 5053 2262 5105 tali
2293 5051 2517 5112 honore,
2544 5047 2695 5103 situt
2726 5046 3001 5114 decuerat,
3032 5054 3080 5101 ei
3102 5050 3196 5102 sui
3229 5052 3579 5101 auferatur“

1986 5124 2500 5189 .Ibceruntﬂimam
2520 5135 2632 5173 non
2661 5121 2847 5173 καίει.
2868 5118 2944 5173 Et
2962 5125 3153 5173 micon
3176 5116 3577 5189 nummatus

1991 5186 2249 5262 citroque
2277 5192 2411 5246 data
2443 5190 2615 5262 fuisse
2644 5195 2887 5262 testatur
2912 5190 3207 5262 Theganus
3247 5188 3306 5240 in
3331 5201 3454 5262 sap.
3486 5186 3577 5251 ω,

1990 5256 2138 5331 Lege
2150 5256 2450 5331 epistolam
2470 5260 2752 5331 Agobardi
2772 5261 2842 5314 de
2858 5256 3272 5331 comparatione
3288 5256 3582 5331 utriusque

1990 5327 2298 5402 regiininis.
2321 5333 2501 5402 Locus
2522 5327 2958 5402 ubiuLudovicus
2984 5327 3112 5397 cum
3144 5328 3276 5381 filiis
3298 5327 3576 5383 convenit.

1991 5396 2173 5472 dictus
2219 5396 2305 5457 est
2333 5396 2567 5472 Damus
2594 5396 2887 5469 Hendacii,
2922 5396 3074 5455 inter
3104 5401 3504 5469 Argentariam
3526 5403 3582 5453 et

1986 5458 2279 5543 datiuum,
2306 5489 2377 5529 es
