4000 6170
489 271 624 331 1639

1257 267 1317 322 S.
1357 265 1735 322 PASCHASII
1772 264 2140 322 RADBERTI
2176 264 2480 320 ABBATIS
2519 259 3010 320 CORBEIENSIS.

3614 258 3763 321 1640

489 397 592 451 Cui
622 397 932 467 imperator
959 393 1143 464 inquit
1167 410 1178 444 :
1208 413 1230 441 ιι
1260 393 1375 447 Nos
1405 392 1530 445 ideo
1563 395 1620 444 te
1648 406 1804 444 more
1825 390 2084 459 antiquo-
2101 391 2154 450 Α
2173 394 2388 444 terrore
2412 388 2514 443 Dei
2542 389 2795 443 concussi
2822 405 2887 441 ac
2909 385 3221 442 tremefacti
3263 401 3478 440 omnes.
3508 385 3664 441 Unde
3702 386 3764 439 in

487 501 614 538 rum
644 499 860 553 regum,
915 487 1104 533 sancte
1152 480 1422 550 pontifex,
1456 494 1566 532 non
1597 478 1932 548 suscipimus
1958 492 2084 530 cum

487 566 710 637 hymnis
739 571 797 618 et
812 563 1090 624 laudibus,
1120 562 1341 631 alioque
1362 561 1653 630 dignitatis
1667 566 1780 614 tua:
1796 566 1853 614 et
1871 560 2088 629 religio-

487 655 576 708 nis
605 655 836 719 honore,
869 652 1001 722 quia
1021 656 1084 704 tu
1105 667 1215 703 non
1237 650 1316 703 sic
1346 649 1565 710 venisti,
1598 649 1742 703 sicut
1760 649 1844 702 tui
1874 647 2087 719 prede-

490 760 735 798 cessores
763 742 832 794 ad
862 746 1082 794 nostros
1112 739 1290 792 vocati
1314 739 1501 792 venire
1529 743 1883 791 consuerant.
1921 757 1945 788 »
1980 736 2083 790 Cui

487 833 581 886 ille
607 850 661 884 :«
687 832 818 892 Nos,
844 829 1044 898 inquit,
1081 826 1218 880 bene
1241 826 1457 880 venisse
1478 828 1638 890 scias,
1676 826 1806 896 quia
1829 843 1928 896 pro
1951 841 2083 895 pace

490 920 743 973 venimus
775 923 833 971 et
876 916 1190 974 concordia.
1241 932 1408 986 quam
1439 922 1633 968 auctor
1661 915 1858 968 salutis
1878 919 2084 968 nostra:

489 1007 650 1062 nobis
679 1005 934 1076 reliquit;
963 1011 1020 1059 et
1067 1004 1205 1057 mihi
1253 1003 1604 1074 praedicanda
1631 1002 1902 1056 universis
1931 1018 2086 1055 com-

490 1096 665 1150 missa
695 1101 797 1160 est,
827 1100 884 1147 et
911 1092 1243 1163 proferenda
1275 1090 1551 1144 omnibus.
1591 1090 1819 1150 Idcirco,
1841 1090 2087 1159 impera-

491 1191 598 1247 tor,
652 1184 700 1238 si
745 1200 847 1236 nos
877 1187 934 1235 et
960 1198 1154 1252 pacem
1187 1180 1393 1234 Christi
1423 1180 1590 1248 digne
1636 1177 1966 1249 susceperis,
1997 1193 2088 1230 re-

494 1261 744 1344 quiescet
771 1272 830 1325 in
859 1270 1011 1324 vobis
1037 1270 1180 1340 ipsa,
1205 1285 1305 1322 nec
1332 1285 1443 1322 non
1481 1267 1540 1320 in
1570 1283 1745 1336 regno
1774 1271 1973 1319 vestro:
2003 1265 2090 1318 sin

495 1367 685 1416 autem
713 1377 816 1431 pax
847 1357 1054 1412 Christi
1084 1358 1154 1410 ad
1189 1373 1290 1410 nos
1330 1360 1662 1420 revertetur,
1685 1353 1769 1407 uti
1795 1352 2009 1423 legistis
2030 1352 2089 1405 in

490 1449 813 1519 Evangelio,
845 1454 902 1501 et
928 1445 1216 1501 nobiscum
1249 1445 1375 1499 erit.
1414 1464 1436 1494 ι

1070 1550 1500 1589 THEOPHRASTUS.

563 1629 712 1682 Proh
741 1627 899 1680 dolor
929 1627 939 1677 l
976 1623 1109 1694 quid
1139 1622 1452 1691 contigerit,
1485 1620 1632 1691 quod
1661 1623 1778 1672 tam
1793 1617 2093 1688 religiosis-

495 1718 670 1770 simus
700 1721 758 1769 et
800 1713 1193 1767 devotissimus
1236 1711 1546 1780 imperator
1575 1725 1686 1778 pra:
1707 1707 1966 1760 omnibus
1993 1705 2088 1775 qui

495 1811 626 1858 ante
655 1821 715 1858 se
740 1804 985 1864 fuerunt,
1019 1801 1097 1853 sic
1125 1799 1453 1868 insipienter
1499 1803 1558 1850 et
1603 1796 1912 1849 inconsulte
1951 1793 2085 1863 egit,

497 1911 601 1948 nec
629 1893 900 1945 honorem
938 1891 1052 1943 Deo
1073 1888 1246 1951 dedit,
1278 1903 1380 1939 nec
1410 1885 1572 1938 beato
1602 1885 1768 1938 Petro
1814 1883 2085 1954 apostolo.

493 1982 662 2047 Mala,
693 1981 945 2050 inquam,
980 1983 1037 2030 et
1065 1976 1308 2046 pessima
1336 1974 1541 2028 mentis
1566 1973 1865 2026 obstinatio
1894 1988 1958 2025 ac
1984 1970 2091 2024 du-

494 2075 629 2129 ritia
656 2073 838 2127 cordis
872 2071 1058 2136 mala;
1110 2075 1167 2121 et
1194 2067 1483 2138 persuasio
1512 2067 1772 2130 feminea,
1807 2082 1929 2135 quae
1976 2063 2091 2134 pri-

496 2181 650 2218 mum
682 2160 901 2232 decepit
917 2164 1226 2230 parentem,
1253 2157 1368 2210 haec
1388 2156 1606 2208 ethunc
1633 2155 1780 2208 male
1809 2153 2092 2223 decepisse

497 2250 860 2322 cognoscitur
889 2247 1037 2318 quod
1068 2245 1341 2299 dolemus.
1359 2244 1427 2297 Et
1454 2243 1578 2296 ideo
1599 2248 1769 2296 tantae
1789 2241 2093 2295 auctorita-

499 2343 574 2394 tis
613 2346 671 2394 et
718 2335 1030 2392 sanctitatis
1077 2335 1258 2387 virum
1308 2331 1623 2403 plangimus
1654 2331 1832 2384 multa
1858 2330 2094 2399 caligine

505 2445 780 2500 pressum,
801 2442 913 2479 non
945 2423 1297 2477 recordatum
1321 2422 1467 2491 quod
1493 2421 1713 2474 Veritas
1734 2420 1839 2472 ait:
1874 2421 1980 2486 Qui
2007 2435 2095 2472 vos

502 2519 715 2585 recipit,
757 2531 840 2567 me
879 2516 1072 2580 recipit
1113 2530 1126 2575 ;
1189 2516 1236 2564 et
1290 2513 1389 2577 qui
1429 2525 1519 2562 eos
1568 2511 1746 2572 audit,
1791 2525 1875 2560 me
1935 2509 2094 2560 audit

502 2606 712 2670 (Matth.
745 2621 798 2668 x,
831 2599 943 2669 40).
982 2600 1136 2654 Heu!
1187 2615 1308 2669 quae
1338 2603 1396 2651 et
1423 2597 1604 2666 qualis
1641 2603 1776 2650 tunc
1804 2596 1909 2649 fuit
1937 2594 2097 2648 fasci-

500 2693 653 2748 natio
681 2698 739 2746 et
768 2690 973 2744 mentis
995 2688 1308 2747 obcaecatio,
1341 2703 1464 2756 quae
1500 2686 1672 2738 talem
1700 2691 1757 2738 et
1782 2689 2003 2737 tantum
2022 2683 2100 2735 vi-

505 2782 808 2847 rum,inter
825 2785 912 2833 tot
929 2777 1270 2832 tentationes
1293 2781 1349 2828 et
1369 2774 1632 2844 pericula,
1655 2774 1804 2826 inter
1832 2778 1917 2826 tot
1935 2788 2097 2825 scan-

506 2871 634 2924 dala
654 2870 731 2922 sic
752 2869 991 2938 decepit,
1015 2871 1080 2919 ut
1107 2879 1396 2933 nunquam
1425 2861 1670 2915 revocari
1703 2859 1966 2931 potuerit,
1997 2875 2097 2912 ne-

505 2975 613 3029 que
639 2957 769 3010 ullis
808 2954 1020 3009 mederi
1049 2952 1461 3022 Scripturarum
1491 2956 1810 3003 sanctarum
1830 2947 2094 3001 consiliis.

2108 1669 2154 1728 B

2167 479 2361 532 eadem
2374 482 2536 532 nocte
2548 478 2900 547 reliquerunt
2910 477 3225 546 Augustum
3240 474 3364 528 sine
3376 474 3512 529 ulliu
3521 474 3766 546 s(quam-

2167 573 2288 621 tum
2319 567 2526 620 rescire
2571 566 2749 637 potui)
2781 564 3143 635 persuasione
3162 570 3182 592 ‘
3212 569 3313 617 aut
3340 563 3760 626 exhortatione;

2170 656 2541 725 adieruntque
2563 671 2776 719 omnes,
2800 670 2834 706 a
2863 653 3098 706 minimo
3125 668 3306 721 usque
3331 652 3403 704 ad
3433 651 3758 714 maximum,

2165 743 2497 807 Honorium,
2513 743 2741 812 suisque
2757 741 2954 796 castris
2982 758 3041 794 se
3051 742 3380 810 junxerunt,
3404 746 3461 793 et
3486 755 3762 810 apparue-

2166 838 2300 886 runt
2325 832 2383 885 in
2413 847 2578 884 mane
2607 831 2858 884 omnium
2889 845 3084 884 eorum
3115 828 3264 882 circa
3284 844 3410 882 eum
3442 829 3550 880 ﬁxa
3584 834 3760 881 tento—

2165 921 2251 974 ria
2274 945 2286 974 :
2313 921 2394 973 ita
2419 925 2483 973 ut
2502 919 2708 988 singuli
2735 919 2987 972 dicerent
3014 935 3048 970 a
3076 923 3236 988 parte
3266 917 3508 970 filiorum
3534 921 3587 970 et
3618 933 3756 986 pon-

2165 1008 2368 1062 tiﬁcis:
2402 1007 2650 1061 Manub!
2682 1007 2828 1077 quod
2877 1007 3302 1076 interpretatur,
3339 1004 3470 1075 quid
3503 1010 3589 1058 est
3617 1004 3760 1058 hoc?

2170 1097 2315 1160 Quia
2329 1097 2556 1150 omnino
2575 1095 2952 1149 nescientibus
2963 1094 3177 1148 cunctis
3189 1093 3347 1146 valde
3365 1092 3621 1146 mirabile
3633 1093 3754 1156 fuit,

2171 1185 2266 1255 qui
2288 1184 2464 1254 pridie
2485 1190 2601 1238 tam
2630 1184 2801 1237 fortes
2823 1189 2985 1236 erant
3023 1188 3077 1235 et
3115 1186 3460 1245 constantes,
3489 1181 3681 1234 conﬁsi
3703 1180 3758 1234 in

2172 1274 2554 1334 multitudine,
2589 1273 2643 1325 in
2666 1272 2954 1342 promissis
2979 1270 3249 1335 omnium,
3275 1270 3334 1323 in
3361 1269 3591 1323 consilio
3621 1285 3758 1339 pon-

2171 1363 2385 1416 tiﬁcum
2407 1367 2464 1415 et
2482 1365 2826 1426 senatorum,
2841 1361 2898 1413 in
2921 1359 3256 1413 auctoritate
3275 1363 3530 1428 paterna.
3550 1357 3606 1410 in
3632 1373 3759 1427 pro-

2174 1449 2532 1504 missionibus
2583 1448 3010 1519 multiplicibus;
3045 1448 3191 1518 quod
3221 1453 3337 1500 tam
3368 1444 3762 1516 permutabiles

2173 1539 2387 1593 inventi
2415 1543 2547 1592 sunt
2567 1544 2623 1591 et
2643 1537 2870 1601 inﬁrmi,
2891 1541 2954 1589 ut
2981 1536 3101 1589 sine
3118 1535 3378 1589 consultu
3397 1539 3454 1586 et
3471 1535 3594 1587 sine
3625 1534 3763 1588 aesti-

2173 1629 2418 1681 matione
2443 1627 2699 1696 alicujus,
2719 1627 2994 1680 Cmsarem
3011 1625 3193 1678 solum
3222 1625 3610 1694 relinquerent
3638 1639 3760 1676 cum

2171 1716 2392 1769 Justina
2434 1731 2570 1769 sua:
2592 1720 2648 1768 et
2672 1715 2742 1767 ad
2767 1713 2962 1775 ﬁlium,
2981 1720 3176 1766 contra
3201 1729 3368 1782 quem
3399 1717 3687 1773 venerant,
3709 1718 3764 1763 et

2171 1805 2484 1868 ﬁrmarant,
2525 1802 2905 1863 circumcirca,
2929 1801 3096 1876 quasi
3155 1801 3293 1871 pulli
3337 1799 3440 1854 sub
3479 1801 3616 1864 alas,
3650 1804 3764 1851 tota

2173 1892 2230 1945 in
2262 1898 2422 1945 nocte
2452 1892 2836 1958 convolarent;
2869 1897 2927 1944 et
2956 1907 3123 1943 mane.
3161 1893 3346 1943 castra
3372 1888 3589 1953 metati,
3622 1904 3765 1940 unus

2174 1981 2412 2051 populus
2441 1986 2754 2051 appareret.
2780 1979 2939 2034 Unde
2962 1979 3121 2032 valde
3147 1978 3392 2031 diluculo
3413 1977 3484 2029 ad
3505 1976 3765 2030 eumdem

2173 2070 2493 2140 pontiﬁcem
2523 2069 2774 2122 venimus
2802 2084 2902 2138 pro
2933 2066 3222 2131 miraculo,
3257 2066 3406 2136 quod
3437 2065 3718 2118 acciderat
3748 2083 3760 2118 :

2175 2164 2233 2211 et
2259 2175 2383 2210 ecce
2411 2157 2469 2210 in
2494 2157 2678 2211 medio
2723 2173 2868 2210 unus
2898 2156 3280 2209 Romanorum
3311 2154 3655 2219 exclamans,
3689 2153 3765 2206 ait

2175 2262 2305 2300 voce
2334 2245 2586 2299 canentis
2618 2263 2629 2296 :
2665 2246 2893 2298 Dextera
2936 2244 3166 2296 Domini
3215 2245 3346 2310 fecit
3392 2247 3681 2304 virtutem,
3713 2249 3768 2294 et

2175 2339 2374 2388 caetera
2395 2350 2517 2404 qua:
2548 2337 2878 2402 sequuntur.
2901 2331 3058 2384 Tunc
3080 2329 3150 2383 ab
3177 2331 3374 2384 eodem
3405 2335 3600 2384 sancto
3629 2329 3759 2394 viro,

2177 2429 2233 2475 et
2271 2421 2340 2475 ab
2371 2420 2629 2475 omnibus
2660 2421 2755 2490 qui
2807 2425 3205 2484 convenerant,
3238 2419 3629 2488 adjudicatum
3667 2424 3762 2480 est,

2178 2509 2307 2579 quia
2319 2509 2619 2579 imperium
2635 2513 2750 2562 tam
2769 2507 3097 2578 praeclarum
3113 2512 3170 2560 et
3181 2507 3494 2577 gloriosum
3513 2508 3584 2561 de
3601 2523 3763 2560 manu

2177 2597 2353 2668 patris
2388 2597 2684 2660 ceciderat,
2712 2602 2778 2650 ut
2799 2599 3086 2668 Augustus
3131 2596 3434 2659 Honorius,
3462 2596 3558 2666 qui
3595 2596 3765 2648 haeres

2179 2691 2318 2750 erat,
2343 2686 2513 2739 etiam
2540 2701 2766 2740 consors
2797 2685 2975 2739 factus
3005 2692 3063 2739 et
3091 2690 3415 2756 procreatus
3462 2702 3497 2737 a
3532 2688 3688 2754 patre
3714 2689 3766 2736 et

2179 2774 2248 2827 ab
2272 2773 2550 2839 omnibus,
2579 2790 2709 2828 eum
2767 2775 3057 2840 relevaret,
3092 2779 3148 2827 et
3178 2773 3472 2842 acciperet.
3508 2771 3767 2842 Alioquin

2179 2862 2286 2915 nisi
2305 2862 2544 2924 fecisset,
2563 2862 2824 2916 dixerunt
2843 2879 3037 2916 omnes
3057 2862 3202 2932 quod
3218 2861 3323 2915 sibi
3343 2861 3608 2929 eligerent
3625 2875 3765 2911 una-

2183 2951 2429 3014 nimiter,
2447 2950 2541 3021 qui
2557 2951 2639 3004 eis
2660 2951 2927 3004 auxilium
2948 2956 3005 3004 et
3028 2950 3407 3004 defensionem
3426 2949 3613 3000 ferret.
3628 2947 3768 3010 Qui-

506 3019 612 3110 ρυί
658 3045 905 3116 quotidie
935 3042 1083 3095 visus
1113 3019 1198 3093 est
1225 3039 1481 3092 meditari
1503 3038 1558 3090 in
1590 3039 1711 3106 lege
1742 3036 1861 3100 Dei,
1893 3043 1949 3088 et
1979 3019 2156 3088 tamC
2181 3038 2284 3093 bus
2315 3019 2480 3092 dictis
2533 3040 2816 3092 consensit
2853 3039 3152 3102 Ilonorius,
3203 3044 3261 3091 et
3290 3037 3555 3106 suscepit,
3585 3035 3767 3088 nescio

504 3136 670 3204 longe
687 3150 720 3186 a
740 3134 861 3202 lege
879 3147 1019 3183 verae
1039 3128 1353 3182 dilectionis
1382 3127 1642 3179 indurato
1669 3125 1832 3178 corde
1849 3123 2093 3176 recessit.

507 3221 770 3290 Alioquin
817 3219 962 3270 ﬁlios
1010 3231 1300 3284 nunquam
1341 3221 1456 3266 tam
1504 3213 1866 3284 pertinaciter
1906 3219 2100 3265 contra

509 3309 838 3363 mandatum
860 3306 931 3359 ad
944 3303 1287 3358 iracundiam
1310 3307 1684 3373 provocasset,
1700 3317 1988 3370 nunquam
2005 3317 2098 3354 eos

509 3397 697 3467 gladio
727 3394 916 3449 hostili
963 3393 1248 3446 abdicatos
1276 3397 1391 3445 tam
1421 3391 1744 3460 frequenter
1770 3395 1824 3443 et
1855 3389 2099 3442 crudeli-

507 3492 598 3540 ter
623 3485 910 3539 insecutus
948 3487 1125 3536 esset:
1159 3497 1284 3534 cum
1308 3480 1412 3550 ipsi
1430 3480 1571 3534 nihil
1590 3485 1784 3532 contra
1809 3495 1939 3531 eum
1968 3477 2100 3530 mali

511 3576 731 3639 vellent,
765 3573 872 3627 nisi
910 3589 976 3626 ea
1004 3577 1068 3625 ut
1103 3571 1428 3624 inconcussa
1470 3572 1782 3631 manerent,
1817 3583 1939 3636 quae
1983 3566 2102 3636 ipse

513 3665 759 3735 primum
793 3668 851 3715 et
888 3660 1125 3732 p0pulus
1155 3659 1446 3712 universus
1475 3656 1820 3719 ordinarant,
1863 3660 1918 3708 et
1951 3656 2104 3724 jura-

507 3759 697 3806 mento
743 3752 1055 3804 ﬁrmarant.
1093 3748 1250 3811 Quod
1281 3746 1329 3799 si
1371 3750 1470 3798 aut
1499 3745 1894 3816 p0pulum,aut
1915 3743 2100 3796 Eccle-

507 3841 648 3894 siam
678 3838 886 3892 Christi
927 3837 1033 3890 sibi
1060 3854 1093 3889 a
1121 3837 1236 3890 Deo
1265 3834 1640 3896 commissam,
1665 3840 1813 3885 certe
1835 3837 1934 3884 aut
1951 3847 2099 3883 rem-

506 3928 789 3999 publicam
839 3925 1098 3994 diligeret
1139 3934 1238 3976 aut
1279 3926 1625 3992 procuraret,
1667 3936 1954 3990 nunquam
1999 3934 2100 3988 pro

508 4017 676 4071 unius
727 4014 946 4068 femina:
997 4013 1283 4066 voluntate
1325 4011 1409 4064 vel
1458 4008 1914 4080 persuasionibus
1943 4012 2102 4060 tanta

505 4105 825 4160 admisisset
849 4103 998 4155 mala
1025 4101 1083 4154 in
1109 4116 1280 4169 regno
1301 4116 1424 4169 qua:
1455 4099 1922 4166 acciderunt,quae
1951 4111 2099 4149 nun-

508 4210 676 4264 quam
696 4191 948 4246 fortassis
985 4191 1043 4242 in
1079 4194 1412 4259 perpetuum
1453 4203 1564 4240 non
1591 4184 1835 4255 ingenio,
1867 4200 1980 4238 non
1995 4183 2101 4236 vir-

2181 3144 2290 3198 quo
2315 3127 2543 3197 judicio,
2579 3132 2798 3196 patrem
2851 3128 3058 3180 ducens
3100 3142 3309 3190 secum,
3343 3126 3518 3179 totius
3546 3140 3767 3177 monar-

2180 3216 2364 3270 chiam
2393 3215 2634 3285 imperii.
2661 3215 2795 3278 Quae
2824 3232 2950 3269 cum
2971 3215 3255 3279 vidissem,
3291 3213 3643 3284 interpellavi
3674 3229 3767 3283 pro

2181 3305 2268 3359 his
2286 3305 2606 3369 Arsenium,
2632 3321 2696 3358 ac
2719 3305 2853 3370 dixi,
2878 3305 3027 3376 quod
3057 3305 3267 3358 malum
3324 3303 3463 3355 mihi
3492 3302 3772 3356 videretur

2179 3400 2298 3446 tam
2326 3392 2557 3446 fortuita
2585 3409 2675 3446 res
2693 3393 2812 3447 sine
2842 3393 3041 3463 majori
3071 3392 3301 3447 consilio
3333 3396 3390 3444 et
3415 3391 3770 3444 ordinatione

2181 3481 2538 3552 diligentiori,
2566 3487 2788 3535 tantum
2817 3481 3116 3552 imperium
3140 3481 3198 3534 in
3227 3480 3414 3535 subita
3440 3477 3773 3551 permutari,

2185 3570 2281 3640 qui
2305 3576 2426 3623 erat
2454 3585 2682 3623 consors
2715 3569 2895 3622 factus
2926 3570 2983 3622 in
3012 3569 3139 3633 ﬁde,
3175 3577 3238 3622 ut
3258 3585 3385 3622 mox
3414 3584 3642 3621 omnem
3665 3582 3774 3619 mo-

2183 3659 2469 3711 narchiam
2499 3675 2564 3711 ex
2594 3675 2724 3711 casu
2770 3657 2944 3727 patris
2971 3656 3077 3710 sibi
3110 3657 3472 3711 evindicaret.
3513 3657 3601 3709 Ad
3631 3655 3774 3725 quod

2183 3746 2330 3799 idem
2357 3764 2367 3798 :
2403 3767 2425 3796 α
2461 3745 2729 3799 Nostrum
2758 3746 2883 3812 fuit,
2924 3746 3126 3816 inquit,
3154 3745 3263 3799 huc
3292 3745 3502 3807 venire,
3526 3761 3630 3814 pro
3657 3759 3773 3797 om-

2181 3833 2345 3888 nibus
2396 3833 2542 3887 bona
2591 3835 2875 3888 voluntate
2923 3833 3133 3901 labore,
3185 3834 3449 3904 pacisque
3476 3832 3769 3886 consilium

2181 3923 2335 3988 dare,
2363 3922 2694 3976 intestinum
2727 3921 2951 3986 bellum,
2983 3923 3130 3992 quod
3169 3921 3521 3986 imminebat,
3559 3921 3771 3974 sedare.

2181 4012 2343 4065 Nunc
2374 4015 2581 4075 autem,
2614 4009 2758 4064 sicut
2793 4026 2958 4064 nemo
2989 4027 3090 4064 nos
3123 4010 3307 4076 audit,
3335 4010 3415 4063 ita
3452 4025 3623 4063 nemo
3653 4025 3771 4078 quae

2182 4099 2477 4153 didicimus
2506 4099 2602 4169 qui
2631 4099 2886 4152 attendat
2910 4115 2921 4150 :
2953 4098 3086 4169 quia
3115 4105 3408 4157 omnes,ut
3432 4097 3639 4167 legisti,
3676 4102 3770 4150 aut

2181 4193 2461 4254 metuunt,
2482 4194 2581 4242 aut
2609 4189 2857 4258 cupiunt,
2883 4197 2981 4242 aut
3006 4188 3274 4258 gaudent,
3299 4193 3400 4241 aut
3425 4187 3635 4240 dolent.
3655 4187 3770 4239 Me-

505 4287 628 4336 tute
665 4279 976 4343 hominum,
1011 4294 1123 4330 non
1163 4276 1413 4340 consilio,
1443 4291 1554 4328 non
1595 4273 1842 4344 potentia
1868 4273 2102 4341 alicujus
2129 4282 2351 4348 1\tuunt
2376 4276 2590 4347 pridem
2621 4277 2768 4348 quod
2799 4277 3021 4337 accidit.
3054 4293 3123 4330 ne
3153 4293 3350 4330 rursus
3373 4275 3524 4346 quod
3567 4275 3771 4328 factum

510 4369 826 4424 cessabunt.
863 4368 1086 4422 Interea
1136 4365 1269 4434 quia
1297 4364 1537 4417 multum
1563 4363 2105 4431 dolemus.rogamus
2134 4363 2289 4430 "est,
2313 4365 2642 4419 vindicetur.
2676 4365 2922 4435 Cupiunt
2943 4372 3134 4419 autem
3155 4382 3373 4430 omnes,
3395 4369 3453 4417 et
3471 4363 3774 4434 unusquis-

512 4459 647 4530 quid
676 4472 929 4512 summus
959 4453 1206 4526 pontifex
1226 4469 1353 4506 cum
1380 4469 1446 4506 eo
1471 4451 1668 4522 egerit,
1698 4451 1784 4504 vel
1815 4449 1949 4520 quid
1967 4449 2106 4503 obti-
2186 4470 2296 4524 que
2309 4469 2523 4520 eorum,
2542 4453 2674 4507 dum
2697 4458 2919 4524 tempus
2939 4460 3040 4520 est,
3059 4455 3130 4508 ad
3153 4471 3221 4508 ea
3244 4471 3368 4524 quae
3386 4452 3604 4514 habuit,
3625 4452 3774 4505 ociUS

509 4546 712 4612 nuerit,
738 4544 970 4616 pandas.

1081 4634 1314 4688 CAPUT
1336 4631 1534 4687 XVIII.

1134 4735 1396 4776 PASCHASI
1404 4738 1484 4774 US.

586 4813 744 4877 Quod
755 4831 900 4885 saepe
908 4810 1339 4883 legistis,legati,
1361 4825 1472 4863 non
1484 4809 1786 4879 impetrata
1800 4806 2107 4879 pace,unde

515 4907 802 4965 venerant,
826 4903 1062 4955 rediere:
1083 4901 1163 4954 ita
1183 4899 1355 4952 etiste
1385 4898 1504 4951 sine
1535 4899 1752 4962 ell‘ectu,
1783 4897 1901 4950 sine
1929 4896 2107 4950 hono-

514 5008 593 5058 re,
637 4996 695 5045 ct
723 4990 843 5043 sine
887 4990 1072 5043 fructu
1114 4987 1258 5041 tanti
1303 4986 1510 5041 laboris
1538 5002 1826 5056 regressus
1857 4989 1960 5039 est.
1997 4985 2108 5038 Ve-

515 5086 837 5134 rumtamen
883 5083 1010 5148 post
1053 5076 1202 5129 diem
1241 5092 1352 5146 qua
1378 5075 1561 5141 rediit,
1603 5073 1919 5144 insequenti
1948 5079 2108 5127 nocte

515 5170 662 5224 facta
681 5174 768 5223 est
779 5183 979 5222 manus
1000 5163 1223 5218 Domini
1241 5181 1410 5235 super
1433 5180 1653 5218 omnem
1672 5163 1936 5233 populum
1954 5164 2106 5233 justo

519 5257 619 5310 Dei
649 5255 878 5326 judicio,
906 5259 964 5308 et
989 5253 1301 5307 immutatae
1340 5259 1471 5306 sunt
1492 5260 1707 5307 mentes
1735 5251 2106 5321 singulorum,

595 5405 612 5470 έ
642 5397 939 5470 Theganus
965 5404 1162 5470 tamen
1179 5395 1259 5451 ait
1277 5394 1330 5450 id
1349 5396 1881 5470 communiconsilio
1902 5396 2110 5470 factum

522 5468 716 5536 fuisse,
750 5468 808 5523 et
857 5476 1054 5524 auctor
1101 5469 1240 5521 Vita:
1285 5469 1543 5522 Ludovici
1585 5469 1670 5521 Pii
1699 5469 1902 5539 partim
1929 5469 2108 5534 donis,

2185 4543 2524 4614 pertingere;
2546 4541 2629 4596 vel
2647 4559 2770 4612 qua:
2784 4543 3036 4596 nundum
3058 4542 3256 4597 habuit
3270 4541 3614 4612 acquirere.»
3634 4541 3779 4594 Gau-

2188 4632 2324 4686 dent
2335 4647 2464 4683 vero
2481 4647 2580 4700 pro
2599 4630 2680 4684 eis
2694 4630 2762 4683 de
2786 4630 3086 4684 honoribus
3123 4631 3360 4689 avidius,
3378 4636 3434 4683 et
3459 4628 3771 4682 exsultant:

2189 4719 2321 4789 quia
2349 4734 2452 4772 sua
2481 4735 2675 4772 omnes
2707 4726 2983 4789 quaerunt,
3030 4720 3191 4790 pauci
3239 4735 3361 4790 qua;
3399 4718 3502 4772 Dei
3539 4723 3692 4779 sunt,
3724 4719 3778 4768 et

2188 4808 2364 4862 utilia.
2386 4808 2530 4877 Ergo
2550 4808 2742 4861 dolent
2765 4808 2987 4879 reliqui,
3011 4809 3106 4878 qui
3127 4809 3330 4862 timent
3350 4805 3612 4878 perdere:
3646 4820 3778 4874 quo-

2188 4913 2317 4950 rum
2344 4895 2577 4949 audacia
2596 4896 2679 4949 vel
2700 4896 2947 4950 consiliis
2975 4897 3112 4950 talia
3131 4897 3316 4951 Caesar
3340 4898 3625 4964 Augustus
3649 4908 3776 4946 con-

2191 4991 2281 5040 tra
2309 4984 2452 5038 ﬁlios
2481 4984 2674 5053 gessit.

2769 5075 3011 5134 CAPUT
3049 5077 3197 5132 XIX.

2812 5179 3155 5221 ADEODATUS.

2261 5253 2545 5317 Quantum
2575 5254 2845 5326 intelligo,
2881 5262 2938 5309 et
2980 5251 3291 5324 isti-potius
3322 5249 3474 5306 milvi
3527 5250 3769 5315 fuerunt,

2193 5397 2336 5451 ﬁlios
2361 5396 2644 5452 Ludovici.

2266 5475 2283 5496 '
2312 5470 2459 5538 Lege
2487 5469 2717 5534 Man/iu,
2750 5468 2883 5532 Quae
2911 5468 3015 5522 fuit
3047 5483 3148 5523 vox
3193 5467 3434 5522 ﬁliorum
3467 5461 3632 5519 Israel
3660 5461 3768 5513 viso

523 5539 730 5608 partim
769 5540 1059 5610 promissis
1091 5545 1148 5593 et
1200 5539 1366 5592 minis
1417 5539 1684 5609 populum
1701 5538 2013 5593 defluxisse
2044 5539 2113 5593 ad
2195 5539 2440 5610 primum
2472 5555 2694 5605 manna,
2724 5539 2895 5593 Exodi
2924 5557 3043 5611 cap.
3068 5554 3175 5607 xvi,
3211 5555 3351 5592 vers.
3389 5538 3473 5590 l5.
