4000 6170
267 255 388 312 1641
888 264 980 318 DE
1018 263 1187 318 VITA
1223 261 1476 327 WALIE,
1521 262 1651 318 SEU
1692 261 1897 317 EPITA

1985 263 2136 319 IIUM
2177 265 2489 322 ARSENII.
2535 296 2598 309 -
2640 268 2773 322 LIB.
2820 268 2889 322 II.
3382 267 3516 323 1642

260 399 428 468 quam
459 388 731 452 consules,
758 389 853 460 qui
882 389 1023 444 nihil
1064 389 1216 443 aliud
1242 404 1409 459 quam
1443 387 1511 441 de
1542 386 1912 446 honoribusA
1931 402 2066 442 num
2091 389 2331 461 imperii.
2365 390 2731 444 Concitantur
2759 389 2890 444 hinc
2944 391 3073 444 inde
3116 391 3436 458 seditiones,
3461 397 3519 445 et

256 472 499 544 propriis
550 474 807 532 arbitrati
837 485 970 533 sunt
1019 484 1284 545 statuere,
1335 476 1719 548 unusquisque
1745 475 1849 530 sibi
1932 485 2215 546 augentur
2235 479 2580 546 discrimina,
2603 477 2662 532 in
2683 484 2904 534 tantum
2925 483 2988 534 ut
3008 479 3162 534 nulla
3195 479 3268 533 sit
3293 481 3518 549 domus,

259 571 469 634 quanto
481 568 722 638 amplius
740 585 936 640 rapere
955 568 1253 641 potuisset:
1277 583 1405 622 cum
1425 565 1695 621 deberent
1707 567 1847 637 jam,
1932 566 2088 621 nulla
2115 567 2326 630 civitas,
2358 568 2688 638 nullumque
2704 567 3093 638 municipium,
3112 567 3304 624 nullus.
3321 585 3515 638 pagus,

261 653 394 723 quia
422 656 699 711 ceciderat
724 658 1025 730 imperium
1054 658 1123 712 de
1171 674 1341 712 manu
1379 656 1574 728 patris,
1605 656 1851 727 cogitare
1933 661 1991 708 et
2019 657 2173 710 nulla
2191 657 2490 728 provincia,
2510 657 2568 711 in
2592 671 2703 728 qua
2731 672 2844 710 non
2881 661 3080 726 regnet
3107 656 3376 712 hactenus
3405 657 3522 712 dis-

1934 745 2140 799 cordia.
2168 747 2276 800 Sed
2308 753 2439 801 tunc
2467 745 2708 800 vicissim
2741 746 2958 814 majora
2987 744 3340 814 augebantur
3379 747 3526 817 peri-

1934 833 2079 899 cula,
2113 851 2401 905 quousque
2444 836 2732 904 Augustus
2781 839 2942 904 pater
2989 833 3419 889 resuscitaretur
3467 834 3525 888 in

1935 923 2066 978 sede
2094 923 2271 993 regni,
2307 929 2364 978 et
2388 923 2536 978 ﬁlius
2565 924 2884 994 pelleretur.

259 747 430 812 atque
448 745 774 816 perquirere
799 763 927 801 cum
948 747 1143 802 eodem
1165 746 1444 817 pontiﬁce,
1459 762 1570 800 una
1593 761 1720 799 cum
1745 745 1853 799 Ho-

257 831 420 886 norio
450 839 507 888 et
533 833 820 902 fratribus,
848 853 948 891 cur
1001 836 1262 890 ceciderit
1288 853 1299 889 :
1335 835 1536 890 deinde
1593 835 1758 889 simul
1787 850 1855 888 ea

260 921 560 992 corrigere,
580 940 644 977 ac
669 925 914 990 ﬁrmare,
939 930 996 980 et
1014 924 1390 994 constabilire,
1412 924 1690 996 quomodo
1701 923 1854 978 dein-

260 1025 392 1080 ceps
420 1012 641 1066 unitum
672 1019 729 1090 et
758 1014 1152 1069 inconcussum
1181 1018 1453 1071 maneret.
1477 1013 1652 1067 Multa
1685 1011 1855 1083 siqui-

261 1097 390 1152 dem
417 1101 766 1172 providentia
794 1103 1006 1174 primos
1035 1111 1092 1158 et
1118 1119 1388 1167 summos,
1420 1101 1707 1172 multoque
1721 1117 1855 1155 con-

263 1187 386 1242 silio
416 1189 709 1260 invigilare
739 1197 1083 1263 oportuerat,
1117 1208 1188 1246 ne
1239 1191 1553 1263 respublica
1583 1195 1639 1244 et
1674 1195 1858 1244 status

262 1277 440 1331 totius
459 1277 682 1349 imperii
703 1281 1000 1352 collapsus,
1025 1298 1219 1336 rursus
1232 1279 1674 1352 perdiscordiam
1698 1295 1858 1350 repe-

265 1366 405 1420 riret
428 1384 438 1418 :
473 1369 735 1438 quoniam
769 1370 957 1425 nullus
982 1370 1386 1424 discordiarum
1413 1369 1555 1423 alius
1583 1369 1725 1422 solet
1740 1384 1859 1422 esse

267 1455 452 1509 exitus
473 1456 622 1510 inter
632 1459 811 1513 claros
833 1465 888 1513 et
909 1465 1165 1530 potentes
1201 1459 1364 1525 viros,
1390 1458 1500 1512 nisi
1519 1464 1620 1512 aut
1638 1457 1862 1511 univer-

271 1561 368 1598 sus
385 1543 668 1611 interitus,
685 1553 784 1602 aut
803 1548 1026 1602 victoris
1047 1548 1388 1613 dominatus,
1406 1552 1462 1601 et
1480 1546 1639 1617 regni
1669 1561 1868 1600 rursus

2542 1047 2775 1102 CAPUT
2811 1047 2930 1102 XX.

2564 1185 2921 1229 PASCHASIUS.

2014 1280 2134 1332 Non
2168 1279 2358 1348 itaque
2379 1279 2574 1349 pulsus
2601 1285 2707 1345 est,
2732 1285 2793 1334 ut
2810 1279 3033 1346 asseris,
3053 1295 3235 1352 neque
3255 1284 3373 1333 tam
3392 1279 3530 1333 insi-

1945 1369 2163 1438 pienter
2191 1367 2324 1436 egit,
2347 1374 2412 1422 ut
2439 1372 2502 1421 tu
2522 1368 2771 1438 plangis:
2798 1368 3063 1438 quoniam
3081 1384 3318 1438 regnum
3338 1369 3399 1422 in
3424 1368 3533 1422 im-

1947 1456 2166 1528 perium
2206 1456 2369 1527 ,quod
2396 1456 2692 1524 ceciderat,
2727 1457 3032 1512 comitante
3057 1473 3246 1512 secum
3277 1459 3534 1528 Augusto

1949 1552 2108 1617 patre
2151 1545 2438 1611 sustinuit,
2479 1552 2537 1600 et
2560 1547 2802 1600 servavit
2826 1566 2836 1600 :
2863 1563 3046 1617 neque
3069 1547 3129 1600 in
3159 1562 3224 1601 eo
3253 1545 3543 1616 quidpiam

272 1633 482 1701 unitas,
521 1635 806 1708 pacisque,
839 1653 903 1691 ac
923 1638 1230 1692 concordiae
1274 1636 1573 1708 reparatio.
1602 1635 1710 1690 Sed
1739 1634 1871 1705 quia
1887 1703 1926 1708 _
1952 1635 2198 1701 admisit,
2220 1635 2327 1688 nisi
2349 1634 2498 1705 quod
2516 1635 2810 1690 universus
2831 1641 3062 1690 senatus
3081 1635 3264 1706 coegit
3291 1639 3349 1689 et
3375 1649 3548 1706 popu-

273 1739 377 1776 ncc
399 1723 506 1778 iste
522 1703 787 1780 consulte
836 1726 1228 1780 constabilitur
1266 1703 1356 1780 in_
1379 1725 1539 1790 solio,
1569 1741 1672 1779 nec
1699 1703 1934 1777 victorB
1958 1726 2063 1791 lus,
2079 1724 2138 1777 in
2155 1703 2449 1794 potestatis
2463 1724 2775 1794 privatione
2797 1729 2854 1778 et
2867 1724 3081 1794 judicio
3101 1703 3426 1794 prazsulum,
3450 1703 3551 1793 qui

277 1811 652 1879 dominatum,
685 1815 818 1886 quia
845 1832 910 1870 ex
929 1816 1033 1870 Dei
1055 1814 1268 1886 judicio
1310 1819 1472 1886 pater
1501 1813 1719 1878 cecidit,
1743 1828 1872 1867 cum

279 1899 402 1955 Deo
429 1903 649 1968 tenuit;
685 1920 867 1974 neque
898 1921 1022 1974 pax,
1054 1905 1187 1958 dum
1221 1904 1427 1974 singuli
1460 1919 1560 1957 sua
1593 1905 1870 1973 quaerunt,

277 1989 350 2044 ad
379 1991 609 2062 plenum
628 1993 974 2046 restituitur:
1005 1999 1062 2046 et
1082 1993 1206 2046 ideo
1228 2008 1466 2062 regnum
1491 1992 1697 2043 iterum
1715 1989 1877 2059 depe-

281 2079 379 2134 riit
405 2079 464 2133 in
493 2097 663 2134 manu
686 2081 786 2134 ﬁlii
813 2086 870 2134 et
895 2080 1184 2146 relabitur,
1200 2080 1388 2150 sicque
1409 2077 1729 2133 alternatim
1742 2078 1877 2131 dum

283 2172 484 2222 neuter
515 2184 709 2222 eorum
740 2169 1032 2222 sinceriter
1059 2185 1244 2222 coram
1259 2169 1374 2222 Deo
1396 2167 1621 2233 incedit,
1645 2166 1878 2220 labefac-

285 2261 467 2309 tatum
499 2255 679 2309 adhuc
710 2256 875 2309 hodie
896 2257 1050 2326 jacet
1078 2263 1134 2310 et
1161 2256 1418 2310 divisum.
1448 2257 1638 2310 Manet
1658 2271 1878 2326 quoque

286 2342 585 2397 obscurum
618 2344 808 2398 odium
837 2345 987 2399 inter
1027 2346 1247 2411 fratres,
1278 2350 1446 2416 atque
1478 2345 1535 2399 in
1565 2343 1881 2416 pectoribus

287 2431 518 2486 insitum
536 2431 735 2486 vulnus
751 2433 1000 2504 penitus,
1018 2432 1337 2487 etinustum
1367 2433 1571 2486 animis
1592 2432 1882 2486 hominum

289 2510 763 2591 amplissimorum
789 2540 799 2574 :
835 2539 936 2593 pro
968 2520 1168 2593 quibus
1210 2520 1594 2576 indesinenter
1623 2521 1692 2575 ad
1722 2521 1883 2593 pejus

289 2609 472 2663 tendit
501 2610 836 2682 respublica,
872 2616 929 2664 et
983 2611 1298 2666 collabitur.
1335 2610 1679 2676 Quaeruntur
1734 2627 1884 2664 occa-

293 2697 500 2760 siones,
531 2699 738 2770 singuli
764 2705 822 2754 et
868 2705 1189 2771 exspectant
1231 2705 1454 2771 tempus
1486 2719 1496 2752 :
1533 2700 1665 2771 quia
1689 2699 1889 2753 cecidit

291 2787 595 2843 auctoritas
627 2805 845 2858 regum,
883 2806 1005 2859 qua)
1035 2789 1248 2855 deceat,
1275 2793 1331 2842 et
1359 2787 1619 2860 expediat
1646 2788 1718 2842 ad
1747 2787 1890 2858 regi-

289 2894 438 2943 men,
469 2881 526 2931 et
549 2893 853 2931 consensus
883 2877 1134 2930 omnium
1163 2877 1412 2931 divulsus
1442 2875 1684 2930 habetur
1696 2881 1752 2930 et
1775 2875 1890 2929 dis-

1955 1829 2084 1867 cum
2114 1811 2216 1866 sub
2245 1811 2576 1881 paenitentia
2594 1812 2951 1882 redegerunt.
2972 1812 3101 1866 Hac
3122 1812 3311 1866 omnia
3323 1811 3550 1881 quidem

1955 1901 2224 1956 Arsenius
2247 1905 2433 1954 noster
2452 1917 2566 1954 una
2587 1916 2715 1956 cum
2738 1900 2840 1955 Dei
2865 1901 3052 1970 gratia
3080 1899 3449 1971 temperabat,
3480 1914 3552 1953 ne

1956 1997 2086 2044 utra
2099 2006 2292 2044 eorum
2317 1989 2515 2060 parsin
2535 1989 2712 2044 altero
2724 1989 3004 2043 crudelius
3015 2005 3182 2060 quam
3202 1993 3403 2043 natura
3420 1987 3556 2042 sinit

1960 2086 2060 2134 aut
2070 2078 2358 2134 scelestius
2371 2096 2471 2149 pro
2483 2083 2640 2133 tanto
2652 2078 2974 2132 discrimine
2985 2082 3197 2148 ageret.
3206 2077 3313 2133 Sed
3325 2094 3453 2132 cum
3466 2092 3555 2131 vo-

1963 2187 2061 2224 rax
2079 2170 2308 2223 flamma
2327 2167 2726 2223 discordiaram
2739 2167 2981 2238 amplius
3001 2167 3236 2232 saeviret,
3271 2183 3373 2222 nec
3395 2170 3557 2238 pater

1961 2261 2248 2328 Augustus
2269 2257 2325 2311 in
2341 2257 2529 2327 aliquo
2541 2257 2896 2328 acquiescens
2918 2262 3116 2328 sponte
3135 2256 3517 2311 emollesceret
3540 2275 3553 2321 ;

1963 2364 2034 2402 ne
2049 2346 2192 2400 forte
2212 2345 2574 2417 parricidium
2596 2345 2933 2416 proveniret,
2955 2345 3089 2400 fecit
3107 2362 3208 2400 suo
3227 2349 3419 2400 sancto
3433 2360 3562 2399 con-

1966 2436 2109 2500 silio,
2142 2437 2429 2506 Augustus
2452 2435 2599 2489 ﬁlius
2643 2434 2836 2488 relicto
2888 2439 3049 2504 patre
3077 2450 3272 2490 rursus
3318 2433 3377 2488 in
3421 2434 3562 2488 solio

1967 2524 2403 2596 imperii,petita
2428 2519 2609 2589 venia,
2637 2539 2764 2577 cum
2797 2522 2914 2577 suis
2943 2523 3204 2578 omnibus
3219 2524 3315 2594 qui
3338 2539 3466 2578 cum
3498 2539 3563 2577 eo

1969 2618 2388 2678 consenserant,
2409 2612 2554 2666 liber
2569 2618 2632 2666 ut
2658 2611 2840 2666 abiret
2865 2629 2876 2666 :
2912 2611 3046 2683 quia
3074 2612 3206 2666 hinc
3231 2611 3361 2666 inde
3398 2627 3566 2682 super

1970 2719 2195 2758 omnem
2216 2701 2484 2773 populum
2503 2700 2658 2756 furor
2676 2701 2778 2755 Dei
2808 2700 3017 2756 eﬁusus
3038 2700 3390 2756 eﬁerbuerat.
3422 2701 3567 2755 Nam

1972 2792 2280 2846 secundum
2313 2789 2416 2845 Job
2443 2789 2613 2860 (11,6),
2637 2789 2998 2845 tabernacula
3036 2788 3398 2844 abundabant
3425 2805 3569 2860 prae-

1974 2881 2184 2935 donum
2215 2897 2281 2933 ex
2311 2879 2566 2950 utrisque
2586 2878 2860 2950 partibus,
2877 2879 3122 2950 quisatis
3145 2878 3412 2933 audacter
3439 2895 3571 2948 pro-

296 2971 516 3038 ruptus.
544 2965 841 3019 Perierunt
857 2965 1088 3035 judicia,
1112 2970 1375 3035 rectaque
1397 2965 1647 3018 consilia.
1680 2965 1892 3018 Suﬁra-
1921 3031 1956 3039 _
1977 2968 2250 3023 vocabant
2295 2968 2410 3022 suis
2458 2969 2643 3038 pravis
2669 2967 2930 3039 operibus
2973 2969 3172 3023 Deum.
3205 2968 3275 3021 Et
3302 2967 3428 3021 ideo
3451 2967 3573 3037 jam

293 3056 388 3126 gia
414 3071 659 3125 namque
692 3055 936 3108 virorum
988 3061 1388 3108 coacervantur
1421 3073 1430 3108 :
1467 3053 1563 3108 sed
1593 3031 1959 3107 effeminatio
1988 3058 2174 3112 minus
2194 3057 2465 3111 Arsenius
2485 3057 2601 3111 suis
2619 3056 2945 3128 proﬁciebat
2961 3056 3410 3110 consiliis.Erant
3429 3056 3579 3110 enim

295 3143 504 3198 viribus
525 3159 637 3197 non
659 3141 976 3214 proﬁciunt,
1033 3143 1092 3196 in
1123 3147 1348 3197 tantum
1379 3148 1442 3196 ut
1468 3143 1554 3194 vix
1583 3141 1901 3194 inveniatur

294 3234 398 3299 vir,
425 3233 519 3304 qui
544 3249 603 3286 se
633 3249 732 3304 pro
762 3231 957 3302 patria:
981 3232 1161 3286 salute
1192 3237 1458 3302 opponat,
1491 3237 1588 3284 aut
1639 3247 1739 3301 pro
1769 3229 1901 3283 civi-

297 3323 402 3377 bus
426 3323 622 3376 oil'erat
642 3338 700 3375 se
721 3321 1002 3392 periculis.
1028 3321 1239 3375 Idcirco
1271 3322 1434 3390 juxta
1482 3318 1747 3373 Veritatis
1782 3336 1903 3373 sen-

298 3409 814 3477 tentiam,divisum
836 3425 1074 3479 regnum
1101 3408 1349 3479 quotidie
1366 3408 1669 3473 desolatur,
1704 3414 1760 3462 et
1788 3424 1904 3461 cor-

300 3500 586 3572 rumpitur
609 3518 619 3552 :
649 3497 913 3570 quoniam
935 3497 1031 3552 ubi
1052 3515 1163 3551 non
1182 3502 1266 3551 est
1282 3497 1645 3568 gubernator,
1665 3497 1903 3568 populus

303 3589 536 3645 corruit.
562 3588 1009 3642 Gubernatorem
1041 3593 1230 3641 autem
1243 3587 1420 3640 Deum
1454 3587 1583 3640 hinc
1603 3587 1733 3640 inde
1761 3586 1905 3640 ami-

303 3683 504 3734 serunt
528 3677 760 3747 singuli,
781 3677 1004 3748 quando
1034 3678 1162 3730 ﬁcto
1191 3677 1340 3730 inter
1366 3675 1694 3730 discrimina
1722 3675 1906 3746 requi-

303 3768 526 3822 sierunt
554 3767 740 3821 corde.
771 3765 930 3820 Unde
955 3782 1082 3819 cum
1111 3765 1354 3836 quadam
1377 3765 1468 3818 die
1497 3765 1665 3836 primi
1697 3772 1753 3818 et
1780 3781 1907 3819 con-

305 3857 458 3912 sules
482 3855 677 3928 palatii
694 3855 963 3910 secretius
985 3854 1330 3921 insisterent,
1352 3871 1416 3908 ac
1430 3854 1727 3925 vigilarent
1750 3874 1762 3922 ;
1781 3870 1908 3908 cum

304 3949 563 4017 Augusto
596 3945 711 3999 ﬁlio
762 3950 943 3998 totum
971 3943 1075 3998 sibi
1105 3943 1415 3998 diviserunt
1444 3943 1764 4015 imperium,
1800 3960 1911 3998 non

305 4034 664 4090 attendentes
682 4030 1048 4104 praerogativa
1073 4034 1194 4100 (sic)
1212 4037 1527 4102 parentum,
1544 4049 1647 4086 nec
1666 4048 1913 4102 coaequa-

307 4125 499 4178 litates
531 4138 892 4192 magnorum,
923 4137 1036 4175 non
1059 4120 1584 4175 innumerositatem
1614 4120 1908 4185 nobilium,

307 4230 425 4269 non
442 4212 584 4267 bene
605 4211 934 4265 meritorum
961 4214 1111 4263 retro
1140 4210 1408 4275 ﬁdelium,
1423 4226 1533 4264 non
1552 4209 1912 4264 ecclesiarum

313 4301 482 4376 (quod
509 4302 691 4372 majus
714 4305 817 4369 est)
843 4299 1200 4369 dignitatem,
1218 4315 1329 4353 non
1356 4299 1456 4353 Dei
1473 4316 1538 4352 ex
1563 4299 1728 4353 corde
1755 4316 1914 4353 reve-

311 4391 578 4448 rentiam.
603 4389 762 4454 Quod
792 4405 918 4443 cum
944 4387 1129 4442 subito
1159 4388 1367 4442 factum
1399 4394 1564 4454 esset,
1596 4387 1918 4461 supervenit

315 4479 608 4536 Arsenius.
633 4480 708 4533 At
737 4477 817 4531 illi
839 4476 1072 4542 cOnfusi,
1102 4477 1234 4548 quia
1265 4477 1492 4543 conscii,
1526 4476 1852 4531 obtulerunt
1868 4477 1918 4530 ei

319 4567 733 4624 distributionis
754 4571 950 4633 sortes,
999 4565 1047 4620 si
1079 4565 1368 4638 quidpiam
1387 4571 1544 4642 esset
1567 4563 1714 4636 quod
1736 4566 1925 4636 displi-

320 4676 448 4715 cere
465 4651 766 4732 ‘potuisset.
791 4657 934 4710 Tum
960 4656 1072 4721 ille,
1091 4661 1155 4710 ut
1175 4661 1296 4710 erat
1331 4672 1500 4727 sagax
1521 4656 1579 4709 in
1600 4655 1881 4726 responsis
1909 4674 1919 4708 :

327 4769 353 4801 (ί
385 4749 611 4814 Totum,
644 4745 846 4817 inquit,
872 4744 1015 4799 bene
1041 4745 1373 4816 dispositum
1390 4750 1492 4809 est,
1514 4745 1622 4799 nisi
1644 4745 1791 4816 quod
1811 4745 1926 4798 Deo

327 4834 418 4893 sui
442 4835 590 4908 juris
618 4835 757 4890 nihil
783 4833 1108 4905 reliquistis,
1142 4850 1322 4906 neque
1349 4835 1496 4906 quod
1515 4833 1675 4888 bonis
1709 4834 1928 4905 placeat

329 4925 653 4982 ordinastis.
689 4943 715 4976 »
768 4922 982 4988 Quibus
1033 4922 1114 4977 ita
1157 4923 1353 4992 illatis,
1408 4923 1586 4995 magis
1638 4923 1929 4994 magisque

337 5013 664 5072 contristari
695 5012 862 5085 erepit
908 5012 1176 5084 quoniam
1207 5028 1348 5083 pene
1378 5011 1435 5067 in
1492 5012 1648 5067 nullo
1675 5013 1797 5082 jam
1829 5027 1930 5066 au-

333 5104 612 5169 diebatur,
659 5117 930 5158 cacorum
960 5100 1267 5172 cupiditate
1323 5107 1638 5172 superatus.
1675 5101 1833 5156 Unde
1859 5101 1937 5154 fa-

336 5201 491 5250 ctum
504 5190 914 5259 est,momentis
926 5189 1161 5261 singulis
1177 5189 1329 5260 regia
1345 5196 1590 5261 potestas
1606 5189 1938 5245 labefactata

337 5284 526 5356 potius
576 5281 874 5352 deperiret,
927 5295 1096 5350 quam
1143 5284 1434 5334 cresceret.
1486 5281 1940 5351 Augmentantur

341 5373 572 5438 scelera,
598 5371 986 5424 inﬂammatur
1014 5386 1210 5424 rursus
1255 5368 1552 5435 discordia,
1586 5369 1939 5424 concitantur

335 5461 547 5536 jurgia,
569 5459 899 5515 nutriuntur
911 5458 1126 5514 insidia
1146 5477 1156 5513 :
1182 5458 1532 5514 reanimatur
1545 5461 1830 5529 Augustus
1846 5475 1942 5530 pa-

342 5560 432 5610 ter
456 5549 717 5625 plurimis
748 5548 1189 5618 exhortantibus,
1204 5548 1444 5606 recreari
1464 5547 1666 5604 debere
1691 5547 1760 5604 ad
1783 5548 1940 5606 thro-

593 5653 870 5739 ΡΑτιιοι.
919 5650 1076 5712 CXX
1093 5691 1108 5712 .

1985 3147 2128 3200 ostia
2155 3145 2732 3216 concupiscentiarum
2763 3144 2971 3215 ubique
3027 3149 3243 3216 aperta,
3290 3149 3347 3197 et
3374 3144 3577 3198 conﬁa-

1983 3240 2144 3304 grata
2159 3234 2460 3303 cupiditas.
2482 3234 2692 3288 Idcirco
2713 3234 3075 3305 suspendium
3099 3233 3286 3303 elegit,
3310 3233 3379 3287 de
3395 3232 3580 3287 medio

1986 3339 2181 3376 eorum
2197 3329 2261 3376 ut
2282 3322 2568 3376 recederet
2597 3341 2608 3374 :
2642 3322 2773 3392 quia
2795 3338 2924 3376 cum
2950 3323 3100 3376 Deus
3125 3322 3316 3376 omnia
3334 3321 3580 3375 dedisset

1985 3412 2043 3466 in
2075 3411 2336 3466 manibus
2366 3427 2580 3477 eorum,
2611 3427 2776 3465 nemo
2830 3417 3023 3465 tamen
3068 3411 3247 3465 Deum
3296 3426 3363 3465 ex
3415 3409 3580 3463 corde

1989 3501 2290 3572 quaerebat,
2324 3499 2474 3570 apud
2506 3516 2671 3570 quem
2717 3505 2804 3555 est
2855 3499 3133 3571 sapientia
3160 3504 3217 3553 et
3271 3495 3578 3552 fortitudo:

1990 3591 2110 3661 ipse
2131 3591 2357 3660 quidem
2373 3588 2542 3643 habet
2568 3589 2862 3643 consilium
2887 3593 2944 3642 et
2961 3586 3408 3658 intelligentiam.
3424 3585 3584 3642 Unde

1990 3679 2430 3750 liquidoconstat
2449 3678 2599 3749 quod
2628 3695 2794 3749 quem
2823 3678 2941 3749 ipse
2983 3677 3339 3747 omnipotens
3371 3676 3586 3730 destru-

1991 3768 2152 3833 xerit,
2171 3785 2337 3822 nemo
2358 3773 2442 3822 est
2462 3768 2557 3838 qui
2579 3767 2813 3821 aediﬁcet
2836 3787 2848 3835 ;
2878 3783 3045 3837 quem
3060 3764 3586 3828 concluserit,nemo

1993 3862 2078 3911 est
2099 3857 2517 3928 quiaperiat.Et
2537 3857 2678 3920 ideo,
2717 3856 2851 3926 quia
2869 3855 2971 3910 hos
2991 3855 3312 3909 alternatim
3331 3854 3586 3908 destrue-

1994 3946 2090 4000 bat
2119 3963 2258 4016 quos
2288 3951 2560 4012 erexerat,
2594 3951 2650 3999 et
2685 3944 3000 4015 reerigebat
3047 3961 3184 4014 quos
3215 3941 3584 4007 concluserat,

1994 4036 2193 4090 maluit
2219 4033 2516 4089 abscedere
2547 4033 2704 4099 liber,
2730 4051 2898 4105 quam
2926 4033 3074 4088 inter
3101 4050 3196 4087 eos
3222 4047 3451 4086 manere
3479 4047 3592 4084 ser-

1993 4143 2093 4180 vus
2143 4125 2374 4197 peccati.
2438 4122 2845 4178 Considerabat
2876 4122 3024 4176 enim
3079 4124 3198 4192 jam
3229 4120 3589 4193 stupefactus,

1996 4215 2144 4286 quod
2166 4213 2435 4268 fortitudo
2454 4213 2697 4267 hominis
2718 4217 2773 4266 et
2795 4212 3021 4282 ingenia
3038 4211 3191 4265 nulla
3211 4216 3414 4276 essent,
3446 4207 3595 4280 quod

1998 4303 2272 4375 sapientia
2304 4303 2481 4373 magis
2503 4301 2740 4357 stultitia
2763 4306 2913 4356 recte
2942 4300 3260 4364 videretur;
3295 4302 3595 4364 nam,teste

2002 4394 2290 4464 Scriptura
2319 4394 2457 4458 (Job.
2488 4407 2584 4456 κη,
2615 4388 2719 4458 16),
2743 4389 3113 4460 decipientem
3143 4394 3201 4442 et
3229 4406 3359 4442 eum
3382 4386 3477 4458 qui
3497 4387 3595 4441 dc-

2005 4482 2227 4553 cipitur,
2262 4481 2377 4552 ipse
2409 4481 2578 4534 novit.
2606 4480 2911 4550 PrOpterca
2938 4495 3064 4532 cum
3093 4477 3323 4530 vidisset
3351 4477 3598 4530 diversos

2007 4571 2163 4625 dolos
2190 4574 2247 4623 et
2275 4569 2500 4624 fraudes
2528 4569 2659 4622 hinc
2688 4568 2817 4621 inde
2861 4583 3258 4637 compugnare,
3289 4565 3418 4620 fecit
3449 4571 3512 4619 ut
3541 4565 3602 4618 ﬁ-

2009 4662 2116 4714 lius
2147 4660 2291 4731 patri
2322 4659 2583 4725 deferret,
2613 4664 2669 4712 et
2699 4674 2824 4711 cum
2854 4673 2954 4710 suo
2985 4654 3230 4710 exercitu
3254 4655 3460 4710 illaesus
3481 4653 3604 4708 abi-

2010 4754 2128 4816 ret;
2150 4766 2213 4802 ac
2235 4753 2394 4819 pater
2410 4764 2536 4801 cum
2576 4746 2664 4800 his
2682 4744 2918 4816 quicum
2937 4761 3002 4798 eo
3040 4743 3265 4808 vellent,
3280 4743 3337 4798 in
3368 4743 3604 4815 imperio

2010 4842 2350 4902 remaneret,
2385 4837 2466 4890 ita
2495 4840 2558 4889 ut
2586 4835 2816 4888 daretur
2865 4831 3126 4886 omnibus
3179 4832 3416 4904 intelligi
3458 4831 3605 4903 quod

2010 4929 2134 5000 ipse
2165 4927 2238 4982 sit
2266 4943 2361 4981 rex
2388 4925 2541 4980 solus
2569 4923 2945 4994 omnipotens,
2979 4921 3074 4992 qui
3101 4922 3332 4978 adducit
3356 4919 3606 4976 consilia-

2015 5017 2127 5072 rios
2147 5017 2205 5070 in
2228 5015 2461 5070 stultum
2489 5014 2677 5076 ﬁnem,
2701 5017 2759 5066 et
2782 5011 3002 5082 judices
3040 5011 3100 5066 in
3128 5018 3413 5082 stuporem
3449 5026 3459 5062 :
3493 5007 3607 5062 bal-

2019 5113 2172 5160 teum
2189 5119 2409 5175 quoque
2429 5117 2625 5172 regum
2641 5100 2977 5164 dissolvit,et
2998 5099 3286 5172 praecingit
3303 5098 3434 5150 fune
3446 5110 3608 5149 renes

2021 5209 2234 5258 eorum,
2261 5191 2406 5262 quod
2430 5191 2559 5245 huic
2578 5205 2712 5244 sane
2729 5189 3030 5260 contigisse
3063 5187 3318 5241 vidimus.
3351 5181 3459 5238 Sed
3481 5183 3613 5253 quia

2021 5289 2222 5338 neutra
2241 5298 2369 5352 pars
2391 5295 2586 5334 eorum
2611 5297 2676 5333 ex
2705 5284 2824 5334 toto
2860 5279 3026 5349 digne
3045 5277 3218 5330 Deum
3258 5271 3611 5342 requisierat,

2021 5371 2261 5426 vicissim
2292 5369 2523 5425 alternis
2569 5369 2919 5424 successibus
2962 5367 3400 5427 commutantur,
3433 5367 3490 5416 et
3521 5361 3620 5415 ﬁa-

2021 5462 2265 5531 gellatur
2282 5461 2520 5532 populus
2545 5477 2556 5513 :
2579 5465 2644 5514 ut
2675 5459 2991 5527 intelligant
3004 5469 3199 5508 omnes
3229 5452 3377 5525 quod
3402 5452 3521 5522 ipse
3549 5450 3622 5504 sit

2022 5552 2192 5621 Deus,
2226 5550 2321 5623 qui
2350 5549 2580 5606 adducit
2609 5539 2921 5605 sacerdotes
2963 5542 3251 5615 inglorios,
3286 5546 3344 5597 et
3379 5540 3621 5613 optima-

3307 5642 3384 5701 52
