4000 6170
518 265 655 355 1β43

1286 268 1343 319 S.
1386 262 1759 316 PASCIIASII
1801 256 2161 316 RADBERTI
2200 256 2501 312 ABBATIS
2540 258 3031 313 CORBEIENSIS.

3647 267 3783 322 1644

511 396 596 444 tes
645 390 986 461 supplantat.
1023 388 1286 459 Alioquin
1314 403 1625 458 nunquam,
1674 388 1781 441 nisi
1819 404 2011 442 eorum
2041 385 2172 443 exA
2191 383 2452 449 Luxovio,
2480 384 2627 437 hunc
2643 400 2840 437 rursus
2861 388 2983 452 (pro
3004 384 3155 447 item;
3192 386 3561 442 coaediﬁcavit
3588 390 3794 451 locum.

512 478 882 550 culpis,tanta
896 484 1043 533 esset
1068 477 1285 531 vexatio
1303 480 1361 530 et
1382 475 1633 530 confusio
1667 476 2111 532 omnium.Com-

513 571 793 622 mutatum
824 583 1067 638 namque
1101 570 1224 620 erat
1252 564 1463 619 labium
1490 564 1797 629 veracium,
1828 570 1885 619 et
1921 564 2109 619 ablata

513 656 768 711 doctrina
795 671 1013 711 senum.
1047 655 1351 725 Propterea
1378 654 1530 709 solus
1578 654 1686 709 iste
1742 671 1855 709 non
1885 659 2108 726 poterat

508 746 629 815 jam
650 750 844 799 contra
867 759 1081 807 omnes,
1120 742 1228 796 nisi
1248 747 1470 797 tantum
1501 743 1649 814 quod
1681 744 1796 814 egit
1828 761 1840 796 :
1875 760 1946 797 ne
1971 749 2107 798 tunc

511 849 702 887 rerum
726 837 957 887 eventus
997 831 1057 886 in
1086 832 1250 902 pejus
1278 830 1584 897 deveniret,
1639 832 1791 902 quod
1817 831 1947 886 hinc
1975 831 2105 887 inde

510 921 738 993 plurimi
762 919 1159 975 hortabantur:
1194 920 1458 991 quoniam
1472 920 1646 975 effusa
1673 926 1797 975 erat
1821 922 2105 975 contentio

510 1025 576 1063 ac
604 1008 886 1080 despectio
911 1025 1081 1080 super
1100 1008 1399 1080 principes.
1425 1008 1534 1064 Sed
1548 1009 1697 1080 quod
1717 1014 1854 1064 tunc
1870 1009 2105 1073 obstitit,

510 1098 655 1169 proh
670 1098 831 1152 dolor
850 1097 875 1150 Ῥ
894 1104 1090 1168 postea
1113 1098 1322 1152 factum
1351 1096 1613 1165 vidimus,
1630 1114 1699 1152 ne
1713 1098 1876 1153 civile
1897 1097 2108 1153 bellum

508 1186 656 1242 inter
683 1202 778 1241 eos
808 1191 1083 1257 surgeret.
1111 1185 1516 1242 Verumtamen
1547 1186 1639 1241 hic
1683 1191 1875 1242 noster
1920 1188 2106 1259 potius

508 1276 672 1342 mori,
708 1291 879 1346 quam
933 1275 1047 1329 tale
1099 1274 1312 1345 aliquid
1354 1275 1651 1342 assentire,
1684 1282 1782 1335 aut
1834 1276 2105 1330 interesse

506 1365 689 1419 vellet.
720 1365 864 1419 Hinc
892 1363 1172 1436 persuasit
1196 1363 1343 1419 ﬁlius
1374 1369 1440 1418 ut
1481 1364 1805 1419 abscederet
1834 1381 1949 1419 una
1976 1381 2103 1419 cum

505 1454 623 1509 suis
641 1452 925 1520 omnibus;
955 1458 1014 1507 et
1042 1458 1204 1523 pater
1222 1453 1357 1507 olim
1387 1453 1534 1507 male
1562 1458 1800 1508 tractato
1827 1454 2106 1524 potiretur

506 1542 759 1612 imperio,
812 1540 1267 1612 quandoquidem
1317 1540 1485 1606 Deus,
1526 1541 1658 1611 quia
1685 1541 1981 1595 indurarat
2008 1558 2105 1596 cor

504 1632 628 1701 ejus
645 1631 743 1701 qui
770 1634 1081 1684 commutat
1105 1629 1273 1683 corda
1319 1629 1636 1700 principum
1667 1636 1849 1696 terrae,
1876 1637 1933 1685 et
1959 1631 2104 1685 deci-

2193 476 2250 525 et
2265 471 2489 543 praefuit
2508 471 2584 526 ibi
2606 471 2799 527 multis
2833 472 3101 528 fratribus
3138 473 3503 531 laudabiliter
3520 495 3698 550 usque
3727 482 3797 535 ad

2193 562 2359 615 ﬁnem
2384 561 2529 616 vitae.
2544 562 2667 615 Non
2687 561 2837 615 enim
2857 562 3133 617 talentum
3148 563 3253 618 sibi
3272 565 3554 620 creditum
3573 567 3799 623 abscon-

2187 648 2822 705 dereinterramdebuit
2848 661 2892 717 6,
2926 651 3022 705 sed
3051 669 3283 724 erogare
3335 654 3628 723 fratribus,
3652 658 3799 729 quod

2190 737 2414 793 beatum
2446 738 2812 794 Benedictum
2842 745 2900 793 et
2927 740 3067 795 alios
3123 744 3575 814 quamplurimas
3604 746 3799 801 fecisse

2188 826 2450 897 legimus.
2483 828 2854 899 Nequaquam
2882 828 3059 899 igitur
3081 830 3269 885 minus
3295 832 3520 887 videtur
3547 851 3678 889 eum
3706 836 3800 889 de-

2189 914 2432 971 fendisse
2472 916 2541 971 ab
2590 916 2863 983 hostibus,
2896 922 2954 971 et
3003 917 3425 989 religiosissime
3454 922 3664 978 rexisse
3691 924 3797 980 sub

2190 1011 2388 1059 sancta
2407 1006 2642 1077 Regula,
2662 1012 2720 1061 et
2740 1012 3135 1077 augmentasse
3148 1008 3578 1078 studiosissime;
3596 1012 3655 1065 in
3674 1012 3799 1084 ipsa

2189 1094 2498 1165 eademque
2512 1095 2852 1167 professione
2864 1112 3035 1167 quam
3049 1097 3296 1167 primum
3312 1098 3453 1153 illud
3474 1099 3771 1156 inchoasse
3784 1146 3791 1155 ,

2189 1183 2446 1255 Namque
2471 1183 2530 1238 in
2552 1200 2653 1238 suo
2687 1184 2819 1256 quia
2866 1201 2979 1239 non
3030 1186 3166 1240 satis
3204 1203 3265 1241 se
3312 1187 3551 1243 credidit
3604 1190 3794 1260 quiete

2193 1271 2373 1327 vivere
2399 1288 2581 1344 posse,
2616 1289 2798 1344 neque
2825 1273 2883 1327 in
2911 1273 3095 1329 ofﬁcio
3139 1275 3430 1345 regiminis
3480 1279 3789 1348 proﬁcere;

2189 1360 2355 1414 credo
2392 1361 2540 1432 quod
2571 1361 2760 1415 nullus
2787 1377 2937 1416 sanae
2965 1362 3171 1416 mentis
3217 1379 3349 1418 eum
3379 1366 3791 1437 reprehendere

2186 1449 2336 1514 velit,
2386 1450 2431 1503 si
2456 1450 2523 1503 ad
2560 1450 2806 1521 quietem
2835 1456 2893 1505 et
2914 1452 2986 1505 ad
3015 1450 3177 1506 utilia
3202 1453 3363 1507 valde
3393 1453 3662 1510 fratribus
3686 1457 3791 1512 sub

2187 1538 2382 1592 eadem
2412 1538 2682 1609 religione
2735 1556 2795 1593 se
2840 1540 3096 1607 contulit,
3130 1541 3390 1612 plurimis
3423 1544 3786 1614 profuturus:

2186 1627 2282 1697 qui
2312 1628 2498 1681 nescio
2528 1627 2576 1681 si
2596 1643 2657 1681 se
2687 1628 2903 1682 salvare
2959 1635 3147 1699 posset
3190 1628 3480 1686 nobiscum
3526 1632 3679 1688 inter
3704 1640 3793 1690 tot

503 1718 589 1789 pit
618 1735 733 1781 eos,
766 1724 831 1772 ut
857 1718 1067 1772 frustra
1085 1717 1348 1773 incedant
1368 1734 1469 1789 per
1486 1718 1728 1785 invium;
1762 1720 1884 1790 ejus
1918 1724 2099 1775 totum
2120 1735 2167 1796 Β
2185 1716 2530 1783 discrimina,
2565 1716 2660 1770 ubi
2685 1717 2805 1787 jam
2837 1717 2993 1771 nulla
3025 1718 3180 1785 ﬁdes,
3202 1718 3288 1773 vel
3315 1720 3401 1774 vix
3421 1738 3552 1776 rara
3578 1722 3792 1778 inveni-

503 1807 784 1861 commisit
796 1807 1026 1877 judicio.
1052 1823 1123 1861 ne
1177 1806 1391 1877 aliquid
1420 1807 1569 1878 quod
1612 1808 1902 1862 scelestius
1929 1816 2096 1877 esset,

501 1896 824 1967 proveniret
850 1896 999 1951 inter
1027 1912 1146 1951 eos.
1177 1896 1313 1950 Erat
1355 1896 1505 1950 enim
1529 1896 1691 1951 triste
1727 1902 1862 1952 tunc
1888 1897 2095 1966 videre,

501 1985 679 2058 culpis
700 1984 1067 2056 exigentibus,
1098 1984 1248 2055 quod
1293 1984 1397 2039 Job
1441 1984 1555 2039 ait:
1588 1988 1899 2055 Palpabunt
1935 1991 2097 2056 quasi

499 2079 563 2129 in
594 2076 848 2141 tenebris,
874 2079 921 2128 et
946 2089 1058 2128 non
1087 2076 1149 2127 in
1175 2077 1327 2138 luce,-
1361 2079 1409 2127 ει
1438 2090 1629 2129 errare
1644 2090 1727 2129 eos
1752 2076 1916 2143 fam‘et
1938 2079 2100 2146 quasi

498 2165 697 2218 ebrios:
728 2166 995 2233 quoniam
1021 2166 1133 2232 ipse
1156 2166 1302 2217 solus
1324 2168 1420 2229 est,
1451 2165 1610 2232 cujus
1659 2180 1816 2218 nemo
1850 2171 2094 2220 avertere

490 2258 662 2322 potest
691 2255 1112 2321 cogitationem;
1141 2253 1235 2306 sed
1261 2253 1426 2319 faciet
1455 2268 1787 2321 quacunque
1833 2257 2087 2320 voluerit,

493 2357 590 2394 suo
608 2344 762 2409 justo
780 2341 997 2409 judicio
1027 2341 1162 2402 (Job.
1187 2353 1281 2406 xu,
1298 2339 1411 2410 25).
1437 2339 1571 2403 Qua:
1588 2340 1858 2395 nimirum
1874 2342 2091 2412 judicia

492 2429 853 2483 considerans
881 2429 972 2482 hic
1000 2433 1193 2482 noster
1220 2444 1343 2499 quae
1375 2428 1715 2498 acciderant,
1741 2447 1864 2501 quae
1911 2432 2093 2501 quoti-

492 2517 582 2572 die
603 2517 813 2572 ﬁebant
844 2519 1055 2589 pejora,
1081 2523 1138 2572 et
1153 2516 1535 2587 augebantur;
1568 2518 1773 2572 idcirco
1793 2519 1923 2573 licet
1941 2537 2085 2588 sero,

490 2606 745 2678 prmvidit
792 2606 1000 2673 futura,
1034 2622 1157 2677 qum
1216 2606 1346 2660 hinc
1396 2606 1527 2661 inde
1582 2607 1652 2660 ad
1701 2624 1946 2679 praesens
1969 2610 2089 2679 jam

2182 1810 2294 1872 tur,
2316 1805 2557 1859 maxime
2588 1805 2739 1860 inter
2763 1822 2877 1873 eos,
2909 1806 3005 1878 qui
3031 1808 3239 1862 summi
3266 1825 3389 1864 esse
3421 1811 3679 1883 cupiunt,
3702 1813 3791 1868 vel

2179 1893 2481 1949 videntur:
2516 1894 2664 1949 inter
2686 1911 2843 1965 quos,
2892 1895 3134 1951 honores
3187 1904 3550 1954 contemnere
3600 1901 3788 1956 saeculi

2179 2000 2279 2055 pro
2309 1983 2597 2054 religione,
2623 1983 2847 2055 ignavia
2874 1989 3131 2055 putatur.

2744 2109 2979 2164 CAPUT
3017 2110 3198 2168 XXII.

2782 2249 3147 2293 ADEODATUS.

2245 2360 2514 2414 Novimus
2536 2359 2655 2413 haec
2672 2359 2879 2427 omnia,
2912 2360 3194 2431 quomodo
3219 2370 3586 2420 conversatus
3603 2367 3678 2421 sit
3698 2368 3781 2422 in-

2173 2454 2260 2502 ter
2281 2465 2406 2502 eos:
2428 2454 2485 2502 et
2511 2449 2558 2502 si
2589 2449 2830 2503 honores
2861 2454 3219 2505 contemnere
3247 2452 3505 2508 criminis
3523 2461 3630 2521 est,
3646 2473 3779 2527 pau-

2172 2543 2448 2608 pertatem
2473 2537 2681 2592 Christi
2710 2554 2921 2604 amare,
2953 2537 3651 2613 imprudentiajudicatur.
3669 2546 3775 2601 Sed

2174 2626 2441 2695 quoniam
2473 2632 2623 2680 retro
2651 2643 2773 2698 quae
2818 2632 2980 2698 gesta
3028 2634 3178 2694 sunt,
3213 2646 3336 2699 quae
3385 2633 3764 2704 contigerunt,

487 2696 766 2767 completa
794 2700 1121 2751 cernuntur.
1170 2695 1329 2750 Unde
1372 2694 1542 2765 elegit
1572 2696 1750 2767 magis
1798 2698 2085 2769 aufugere,

2188 2715 2982 2781 Paschasii,doluimus,rerum
2995 2716 3319 2772 discrimina
3337 2726 3395 2773 et
3410 2722 3595 2777 varios
3616 2740 3777 2778 even-

486 2801 655 2857 ‘luam
672 2801 799 2839 cum
811 2785 999 2880 βίίίλυο
1014 2801 1209 2880 θοιξιξῐη
1232 2800 1542 2880 Γίῖπιεξηθιξθ·
1562 2786 1705 2839 Nam
1722 2792 1883 2880 Pater
1912 2787 2089 2842 νοῘυίί
2168 2809 2260 2858 tus
2290 2804 2640 2872 deflevimus,
2672 2805 3013 2859 tentationes
3034 2820 3255 2878 quoque
3283 2811 3690 2880 recensuimus,
3717 2818 3775 2868 et

485 2890 634 2968 eum:
668 2890 769 2968 _m0
809 2878 972 2968 ῐθεῒέθς
1008 2872 1249 2927 millium
1278 2872 1557 2968 nisth
1576 2887 1765 2968 39_°u_m
1786 2877 1923 2968 ίυτξο
1950 2890 2078 2968 cui“
2164 2893 2319 2947 varia
2347 2910 2644 2947 causarum
2673 2893 2899 2963 negotia
2928 2894 3258 2965 plangentes
3290 2900 3768 2968 enumeravimus;

485 2962 638 3016 omni
668 2962 961 3060 δίξηθεωξθ
989 2960 1388 3060 θίητθνεξτθηίίθ
1433 2960 1638 3060 simum
1693 2961 1922 3060 δρηξηξίε
1950 2963 2081 3016 reti’
2104 3054 2138 3060 _
2161 2998 2314 3036 nunc
2335 2988 2507 3036 restat
2519 2982 2590 3035 ad
2603 2983 2771 3035 ﬁnem
2800 2982 3358 3055 intendere,ejusque
3379 2985 3614 3052 obitum,
3635 2960 3772 3060 quia

484 3067 638 3147 nere,
671 3051 844 3147 etiam
876 3052 924 3147 si
975 3051 1143 3147 vellet
1182 3051 1570 3147 jurarusntum
1601 3066 1636 3103 8
1657 3050 1775 3104 ευὶε
1800 3051 2140 3147 ξὶίξθωίιιιθϐ
2164 3077 2464 3142 praesentes
2492 3087 2604 3125 non
2633 3071 2869 3139 fuimus,
2900 3088 3003 3126 nec
3032 3072 3101 3126 ad
3131 3074 3394 3129 excubias
3421 3078 3563 3147 ejus,
3580 3082 3639 3131 et
3652 3050 3770 3133 cir-

484 3140 667 3235 facere
702 3140 971 3235 ideinde“
998 3140 1293 3235 Augustus
1340 3138 1490 3191 ﬁlius
1532 3153 1720 3235 secum
1768 3137 2070 3235 abducere.
2255 3160 2538 3215 tumulum
2565 3137 2973 3232 lacrymas'pm
3000 3160 3234 3217 ﬂoribus
3273 3137 3624 3235 εραιοείῖηιιές
3655 3168 3770 3221 sa]-

483 3228 887 3321 Ῡθνυωυῗοωθη
916 3227 1010 3321 in?
1041 3232 1310 3321 “mirum
1338 3242 1534 3321 ῗξπαω
1551 3226 1953 3321 ,δυάίθηενμίωο
1966 3229 2077 3285 τοῖ’·
2161 3253 2278 3303 tem
2309 3249 2473 3319 longe
2503 3255 2629 3321 post
2658 3226 2919 3303 absentes
2946 3248 3206 3320 precibus
3225 3226 3463 3308 Domino
3491 3226 3773 3311 commen-

483 3317 619 3372 titer
639 3317 926 3383 resistens,
958 3316 1028 3370 ab
1056 3315 1309 3387 utrisque
1338 3315 1611 3383 discessit,
1662 3317 2080 3390 pennigeroque

2188 3338 2366 3392 lemus
2391 3315 2649 3409 :‘no-sque
2679 3338 2813 3409 quia
2850 3315 2969 3392 dies
3001 3341 3060 3407 (ι.
3095 3339 3268 3408 diem)
3310 3342 3617 3414 sepultura;
3646 3346 3769 3416 ejus

482 3423 680 3478 gressu
706 3406 930 3462 Italiam
958 3406 1269 3477 ingressus,
1299 3403 1449 3459 infra
1488 3404 1801 3460 coenobium
1829 3417 1873 3474 ι,
1903 3409 2082 3463 sancti

2188 3426 2526 3495 nescivimus;
2558 3426 2645 3481 vel
2656 3425 2806 3481 diem
2822 3427 3290 3497 anniversarium,
3314 3430 3451 3485 dum
3475 3434 3592 3487 vita
3602 3433 3766 3489 nobis

484 3496 815 3553 Columbani
844 3513 903 3551 se
930 3495 1144 3567 recepit
1174 3513 1185 3547 :
1223 3494 1374 3566 quod
1395 3510 1531 3548 sane
1558 3494 1872 3550 coenobium
1898 3513 1969 3551 ne
1991 3497 2080 3551 in-

2188 3521 2371 3582 nanet,
2405 3517 3083 3581 commemoremur.Quae
3120 3518 3369 3589 profecto
3395 3520 3537 3588 dies,
3562 3524 3768 3580 futurae

482 3584 779 3682 νδάθτεξῖιιτ
821 3602 856 3639 ³
879 3582 1217 3682 ι’ἒιΡίξξξίδυξν
1250 3587 1546 3682 ιξίξξθῗθτει
1573 3584 1763 3682 “mli?
1788 3591 1922 3682 εξωί
1949 3603 2081 3657 Pel“
2124 3636 2129 3645 ι
2163 3604 2369 3675 quietis
2388 3609 2473 3659 est
2484 3604 2751 3659 nostrain
2772 3610 2962 3660 mente
2975 3582 3480 3678 repraesentatian
3501 3582 3615 3682 qua
3631 3612 3769 3667 vivit

481 3690 631 3766 Y8”:
665 3673 802 3745 iPSis
828 3672 1147 3766 Ρθίεῖξιίίδῑξε
1168 3670 1734 3766 _fr?t’ib}1_3__s“3°epit
1776 3674 1846 3766 af!
1874 3691 2077 3747 νεεεη-
2162 3670 2260 3765 qui
2282 3698 2539 3749 mortuus
2559 3698 2819 3765 putatur;
2848 3670 3084 3766 ejusque
3105 3670 3767 3757 memorim’couimenda-

481 3762 648 3830 dum;
680 3768 739 3817 et
767 3762 1018 3834 quandiu
1057 3761 1285 3828 advixit,
1304 3759 1567 3816 nobiliter
1594 3778 1659 3817 ac
1687 3763 1915 3833 paciﬁce
1946 3780 2077 3820 cum

2188 3759 2240 3837 io
2258 3784 2525 3849 declarat,
2535 3759 2684 3855 quod
2696 3759 2896 3838 melior
2915 3759 3012 3839 est
3018 3784 3138 3840 dies
3157 3786 3377 3855 mortis,
3393 3789 3620 3858 quando
3640 3807 3767 3862 per-

446 3904 455 3911 ,
484 3851 580 3921 (id)
607 3851 767 3906 rexit.

2188 3878 2390 3927 petuam
2424 3871 2712 3944 ingressus
2764 3877 2851 3928 est
2875 3873 3068 3942 vitam,
3102 3891 3273 3945 quam
3302 3874 3423 3931 dies
3449 3851 3764 3935 nativitatis

1075 3938 1308 3995 CAPUT
1336 3939 1484 3995 ΧΧΙ·
2160 3938 2301 4030 ejus,
2326 3938 2548 4032 quando
2561 3966 2626 4016 ut
2639 3960 2822 4016 vivere
2831 3961 3014 4033 coepit,
3031 3938 3159 4017 mox
3168 3963 3338 4019 morti
3348 3964 3621 4023 obnoxius
3631 3966 3760 4025 fuit.

1057 4059 1528 4103 THEOPHRASTUS.

549 4155 694 4211 Hinc
721 4159 808 4209 est
827 4152 976 4225 quod
1004 4153 1168 4208 multi
1198 4170 1328 4208 eum
1346 4153 1756 4226 reprehendere
1777 4160 2073 4225 conantur,

481 4246 615 4316 quia
641 4260 807 4299 suum
834 4243 893 4297 in
930 4259 1040 4314 quo
1057 4242 1340 4314 professus
1366 4249 1424 4298 et
1448 4243 1657 4298 electus
1686 4250 1791 4312 est,
1816 4245 2071 4317 reliquit;
2231 4242 2303 4312 ῗῗ

479 4298 751 4401 etaliud,
786 4298 967 4405 quasi;
1002 4298 1306 4404 cupiditate
1359 4332 1577 4399 ductus,
1631 4298 1882 4403 (ιυοιίιδθί
2156 4299 2256 4406 {iri
2283 4298 2655 4399 iubent-rete
2658 4315 2805 4406 x313,
2829 4305 2895 4354 ut
2915 4305 3174 4402 nosujml
3195 4302 3397 4406 dm
3413 4322 3528 4361 non
3552 4306 3760 4406 luget-1-

476 4424 787 4496 praeripuit.
812 4421 1088 4477 Fortassis
1112 4438 1245 4492 ergo
1275 4421 1570 4490 religiosus
1596 4428 1875 4489 esset,aut
1893 4424 1951 4478 in
1970 4441 2073 4480 suo
2091 4411 2139 4473 Ι)
2158 4389 2338 4496 durib:
2661 4393 3147 4496 Pf’immffus
3180 4400 3473 4496 Peccatum
3509 4412 3668 4452 mors
3700 4400 3761 4453 in

475 4529 826 4586 permanere,
849 4512 1017 4584 paulo
1050 4515 1182 4564 ante
1221 4509 1371 4581 quod
1412 4509 1592 4565 fassus
1624 4528 1684 4565 es
1736 4513 1964 4584 paciﬁca
1994 4514 2073 4568 fa-

2193 4494 2350 4532 mnes
2379 4478 2634 4533 homines
2660 4479 3008 4550 pertransiit,
3034 4480 3115 4535 ita
3143 4486 3200 4535 et
3227 4498 3331 4553 per
3352 4499 3531 4538 unum
3557 4501 3762 4542 resur-

474 4568 600 4657 cere
629 4601 877 4674 potuisse
901 4620 912 4654 :
942 4605 1043 4655 aut
1070 4600 1130 4653 in
1162 4598 1359 4653 eodem
1407 4599 1529 4654 sine
1581 4601 1875 4671 regiminis
1902 4619 2071 4659 onere
2153 4573 2324 4674 rem?
2690 4568 3025 4674 δξξδξξυθω
3055 4585 3259 4674 (fama?
3279 4587 3373 4643 qm
3386 4589 3480 4643 Ριθ
3499 4589 3765 4674 momin-

474 4655 972 4747 subsistere.vEsset
993 4689 1199 4761 quippe
1218 4687 1278 4742 in
1305 4704 1417 4744 uno
1447 4655 1781 4745 eorumuvoti
1802 4655 2069 4764 adimple:
2150 4663 2277 4764 “,1er
2293 4655 2814 4764 βθδίένξνξωίίξξ
2830 4656 2967 4764 id”
2983 4657 3116 4729 quia
3137 4664 3423 4764 θυοξονθω
3452 4665 3761 4764 1101111351-

474 4780 576 4847 tio,
601 4780 661 4835 in
690 4780 867 4836 altero
887 4795 1018 4836 vero
1055 4777 1391 4833 humilitatis
1418 4795 1547 4833 cum
1578 4778 1743 4835 laude
1767 4750 2063 4838 exsecutio.
2148 4762 2337 4851 gum}?
2368 4762 2631 4851 _ge.ne_ns’
2689 4751 2975 4851 auctori?
3028 4763 3149 4848 ,non
3184 4750 3435 4851 valem‘fs
3502 4752 3761 4827 “fugere

2150 4835 2379 4891 mortis:
2412 4841 2469 4890 et
2490 4836 2538 4890 si
2560 4851 2691 4891 eum
2724 4851 2839 4891 non
2876 4835 3192 4908 effugimus,
3226 4855 3331 4894 nec
3351 4839 3529 4897 vitare
3547 4858 3761 4914 possu-

1092 4915 1460 4961 PASOHASIUS.

2188 4942 2275 4980 1118
2306 4924 2454 4996 quod
2489 4941 2787 4981 commune
2816 4924 3079 4981 omnibus
3124 4932 3247 4996 est;
3280 4928 3547 4986 indecens
3572 4937 3666 4988 est
3692 4940 3761 4990 ut

540 5014 709 5072 Forte
755 5029 869 5069 non
912 5011 1097 5083 legisti
1130 5012 1318 5066 Vitam
1357 5015 1415 5065 et
1439 5010 1613 5064 Actus
1637 5009 1887 5083 ejusdem
1917 5014 2065 5071 beati
2147 5015 2510 5086 desperemus
2553 5014 2625 5070 de
2677 5014 2809 5082 vita,
2870 5030 2993 5087 quae
3045 5014 3106 5070 in
3164 5015 3389 5074 Christo
3456 5025 3561 5086 est,
3611 5037 3759 5093 quo.

470 5105 821 5174 Columbani,
839 5104 936 5175 qui
961 5101 1223 5175 expulsus
1267 5100 1383 5156 zelo
1416 5099 1708 5170 cujusdam
1727 5101 1949 5159 feminae
1972 5105 2000 5145 δ
2030 5123 2066 5161 a
2146 5105 2302 5160 niam
2328 5108 2448 5177 ipse
2467 5120 2615 5160 unus
2643 5109 2840 5160 auctor
2888 5103 3015 5159 vitae
3066 5110 3124 5160 et
3169 5108 3596 5166 resurrectionis
3639 5118 3753 5169 est.

2783 4098 3149 4144 PABCHASIUB.

2229 4210 2378 4265 Bene
2394 4225 2496 4265 nos
2516 4209 2781 4278 hortaris,
2803 4210 2994 4277 frater,
3015 4210 3111 4282 qui
3141 4213 3267 4284 ejus
3296 4215 3514 4271 obitum
3533 4218 3612 4272 sic
3623 4218 3763 4275 ado-

538 5267 561 5292 ο
583 5251 856 5308 Bobiense
885 5249 1112 5323 scilicet,
1135 5250 1296 5318 cujus
1321 5245 1649 5323 monasterii
1658 5246 1945 5323 catalogus
1964 5249 2059 5323 ab-
2141 5254 2296 5323 patet
2321 5265 2387 5302 ex
2415 5247 2566 5323 actis
2586 5248 2645 5302 S.
2673 5246 3026 5323 Columbam.

465 5324 660 5380 batum
689 5322 1249 5395 exstatimperfectus
1278 5323 1425 5393 apud
1454 5318 1752 5395 Ughellum
1791 5318 1859 5372 in
1879 5321 2056 5395 Italia;
2141 5318 2161 5323 ⁷
2208 5321 2423 5395 sTotus
2443 5320 2534 5395 hic
2553 5318 2706 5373 locus
2727 5318 2887 5395 valde
2905 5319 3203 5395 intricatus
3246 5326 3304 5376 et
3338 5321 3609 5395 obscurus
3632 5331 3749 5395 est,

466 5414 636 5451 sacrae
652 5404 852 5459 tomos,
877 5389 1082 5448 omisso
1104 5393 1285 5455 Wala,
1311 5389 1405 5463 qui
1426 5389 1539 5447 non
1555 5389 1733 5463 solido
1764 5406 1911 5444 anno
1933 5392 2053 5447 loco
2136 5392 2233 5463 qui
2262 5390 2445 5463 prima
2481 5391 2663 5463 fronte
2719 5390 3065 5444 Columbano
3093 5391 3424 5448 tribuendus
3470 5395 3702 5452 videtur
3731 5389 3749 5455 ξ

504 5467 717 5534 raefuit;
751 5473 808 5520 et
863 5465 1051 5520 Ebone
1106 5461 1448 5518 Rhemorum
1494 5461 1926 5533 archiepiscopo,
1961 5465 2052 5519 cui
2133 5461 2357 5518 tametsi
2377 5461 2648 5516 attentius
2670 5478 2791 5516 rem
2814 5463 3148 5534 eXpendenti
3178 5465 3535 5535 perspicuum
3563 5466 3651 5534 ﬁt,
3673 5468 3751 5524 ab

461 5485 580 5593 haec
606 5537 834 5593 abbatia
862 5535 1159 5590 commissa
1206 5541 1310 5593 est.
1366 5539 1612 5589 testante
1641 5532 1961 5588 Frodoardo
1989 5535 2050 5591 in
2132 5535 2237 5590 hoc
2266 5535 2405 5593 loco,
2434 5539 2535 5588 aut
2560 5537 2711 5588 certe
2733 5548 2769 5587 a
2795 5541 3066 5593 sequente
3112 5534 3360 5593 periodo.
3402 5552 3742 5593 sermonem

503 5555 580 5594 uec
606 5532 834 5593 abbatis
862 5535 1175 5606 commissa_
1206 5541 1310 5602 est,
1366 5539 1612 5606 testante
1641 5532 1961 5588 Frodoardo
1989 5535 2050 5591 in
2132 5535 2237 5590 hoc
2266 5535 2535 5606 loco,aut
2560 5537 2711 5588 certe
2733 5548 2769 5606 a
2795 5532 3066 5606 sequente
3111 5532 3360 5606 periodo,
3402 5532 3742 5602 sermonem

459 5606 1091 5691 msmynghemensh
1117 5604 1216 5691 lib.
1239 5621 1298 5691 ξι,
1326 5622 1452 5691 gap.
1481 5604 1572 5664 20.
1764 5690 1767 5691 ν
1798 5675 1836 5691 γ’
2044 5684 2053 5691 ⁸
2145 5623 2268 5664 esse
2295 5606 2364 5664 de
2384 5605 2569 5677 Wala,
2596 5621 2715 5666 non
2735 5604 2807 5664 de
2832 5603 3199 5691 Columbano.

530 5681 558 5723 ι)
616 5675 1002 5741 Βωῑιθοὶιϋὰὶε
1056 5676 1284 5751 scilicet,
1325 5675 1668 5737 Francorum
1719 5675 1947 5751 reginae,
1997 5684 2061 5737 ut
