4000 6170
277 269 393 324 lbi?)

885 271 972 324 DE
1012 269 1172 324 VITA
1218 269 1469 336 WAL/E,
1515 269 1645 323 SEU
1690 263 2132 321 EPITAPHIUM
2171 259 2484 316 ARSENII.
2531 291 2592 300 —
2635 261 2768 314 LIB.
2812 260 2882 314 II.

3381 259 3398 316 1
3410 260 3511 314 646

265 398 334 451 Ac
362 411 460 466 per
488 395 592 450 hoc
622 395 768 450 sicut
793 411 893 466 per
911 411 1088 449 unum
1109 411 1277 460 mors,
1304 394 1386 448 ita
1405 393 1744 448 credendum
1766 407 1852 445 ve-
1866 389 2252 460 Aexpleturus
2277 393 2409 442 ante
2432 391 2789 456 conspectum
2811 385 3005 445 aeterni
3027 386 3213 457 Regis,
3239 391 3296 439 et
3314 401 3414 456 pro
3439 363 3528 440 la-i

265 485 492 552 rissime,
525 485 672 556 quod
705 490 762 538 et
791 501 890 555 per
917 501 1097 538 unum
1139 485 1331 539 Jesum
1367 483 1653 538 Christum
1693 481 1840 548 vita;

266 663 384 717 vita.
421 662 652 727 Idcirco,
695 661 1064 725 dilectissimi,
1092 662 1210 716 dies
1239 661 1422 716 obitus
1453 661 1634 715 Patris
1672 659 1850 714 nostri

264 751 440 822 potius
461 752 580 805 dies
593 751 714 806 vitae
737 755 824 805 est
847 768 1014 822 quam
1055 751 1268 814 mortis,
1295 751 1518 820 quando
1554 751 1849 821 sempiter-

267 857 388 894 nam
417 841 562 894 hanc
593 856 692 910 per
711 845 950 894 mortem
972 839 1200 894 intravit
1222 840 1414 894 vitam.
1438 840 1581 894 Hinc
1610 855 1710 893 nos
1733 854 1853 892 ma-

265 930 344 1000 gis
371 930 644 984 consolari
671 930 833 984 decet
861 947 1030 1001 quam
1073 931 1358 1001 plangere,
1391 931 1524 1001 quia
1552 947 1704 984 mors
1741 931 1851 983 ista

269 1035 392 1073 usus
416 1019 666 1073 omnium
689 1025 798 1073 est:
816 1035 918 1072 nec
940 1019 1208 1073 debemus
1237 1019 1442 1073 durum
1471 1025 1670 1090 putare
1695 1018 1850 1090 quid-

269 1109 393 1178 quid
421 1108 809 1163 universorum
851 1115 955 1162 est.
1009 1109 1166 1163 Unde
1187 1125 1289 1162 nec
1328 1109 1569 1179 lugenda
1599 1114 1701 1175 est,
1735 1108 1851 1180 pri-

271 1213 416 1252 mum
445 1197 579 1268 quia
606 1197 922 1251 communis
951 1202 1036 1252 est
1073 1203 1130 1251 et
1153 1198 1368 1252 cunctis
1395 1198 1630 1252 debetur
1655 1217 1667 1265 ;
1696 1197 1858 1252 dein-

269 1286 332 1340 de
359 1286 488 1357 quia
517 1302 618 1340 nos
645 1286 716 1340 ab
771 1286 1028 1341 omnibus
1071 1287 1259 1342 saeculi
1286 1287 1549 1341 mrumnis
1579 1286 1814 1340 absolvit
1841 1306 1852 1353 ;

1927 476 2152 531 boribus
2174 474 2415 546 gratiam
2447 479 2774 544 accepturus
2798 491 2809 525 :
2837 473 2917 527 ita
2945 479 3009 528 ut
3033 474 3299 529 Arsenius
3330 481 3520 530 noster

267 579 317 628 et
342 590 451 628 non
480 573 883 644 qualiscunque
926 573 1054 637 vita,
1099 573 1196 627 sed
1223 572 1388 627 beata
1417 577 1471 626 et
1502 571 1848 642 sempiterna
1928 567 1978 621 ei
2025 565 2251 630 diceret,
2303 563 2472 618 etiam
2518 567 2822 632 antequam
2869 561 3083 616 febrem
3128 574 3152 600 ι

3207 563 3521 620 incurreret

1931 655 2147 720 mortis,
2180 653 2326 725 quod
2357 652 2524 724 paulo
2571 655 2699 722 post
2743 650 2872 704 hinc
2919 652 3102 706 iturus
3143 670 3245 724 per
3282 660 3522 708 mortem

1933 749 2098 801 esset.
2122 743 2207 806 Et,
2231 747 2296 796 ut
2316 741 2434 812 ipse
2467 739 2732 812 praefatus
2753 739 3065 810 intelligere
3091 742 3278 812 potuit
3308 742 3520 814 episco-

1932 849 2056 901 pus,
2088 831 2325 885 alacrior
2366 831 2424 884 in
2467 847 2564 900 spe
2610 829 2872 900 deinceps
2903 829 3055 893 vixit,
3101 836 3158 883 et
3186 831 3436 886 securior
3462 831 3523 885 in

1932 920 2082 975 febre
2122 937 2234 974 non
2264 919 2360 974 diu
2402 919 2708 974 laboravit:
2759 935 2871 988 qua
2905 924 3194 990 correptus
3236 919 3529 974 sollicitior

1931 1026 2032 1081 pro
2053 1011 2306 1080 Augusto
2334 1009 2690 1079 imperatore,
2723 1007 2871 1079 apud
2911 1024 3079 1079 quem
3120 1016 3254 1062 tunc
3304 1007 3526 1078 agebat,

1935 1115 2105 1169 quam
2134 1115 2234 1169 pro
2260 1115 2320 1152 se
2344 1104 2498 1152 erat:
2541 1114 2612 1152 ne
2641 1099 2782 1152 forte
2813 1097 2963 1168 quod
3013 1113 3194 1168 nuper
3222 1097 3369 1168 patri
3399 1113 3530 1169 pro—

1940 1187 2190 1253 miserat,
2244 1186 2529 1240 omitteret
2577 1186 2866 1240 occasione
2921 1191 3182 1256 accepta:
3231 1187 3362 1257 quia
3412 1187 3532 1257 ipse

1938 1279 2184 1333 febribus
2214 1278 2536 1334 vexabatur.
2560 1280 2624 1334 In
2663 1296 2771 1350 quo
2803 1284 2958 1351 patet
2985 1280 3115 1350 quia
3139 1281 3378 1336 invictus
3405 1297 3535 1352 per-

269 1381 544 1446 postremo
603 1377 736 1446 quia
786 1376 999 1447 species
1029 1377 1212 1430 somni
1240 1383 1344 1442 est,
1394 1376 1529 1430 dum
1567 1376 1637 1430 ab
1695 1376 1858 1429 istius
1940 1368 2150 1422 mansit
2184 1367 2242 1422 in
2281 1368 2410 1432 ﬁde,
2453 1375 2510 1422 et
2538 1368 2596 1421 in
2625 1368 2897 1422 charitate
2927 1369 3177 1435 devotus,
3211 1387 3308 1440 spe
3345 1385 3537 1424 conso-

270 1464 459 1518 mundi
489 1463 776 1518 laboribus
805 1482 904 1519 seu
943 1465 1092 1520 curis
1123 1482 1224 1520 nos
1255 1465 1473 1531 liberat,
1507 1471 1566 1519 et
1613 1465 1859 1535 quietem
1941 1458 2092 1510 latus
2121 1473 2235 1510 sua?
2266 1456 2593 1510 Vocationis-
2629 1457 2750 1520 QUO
2779 1457 3025 1526 Pl‘OfectO
3054 1458 3260 1528 tripliCi
3290 1457 3537 1512 funiculo

269 1560 390 1625 post
404 1553 660 1608 miserias
693 1561 751 1607 et
778 1554 998 1609 dolores
1036 1556 1326 1625 praesentis
1351 1555 1474 1608 vitae
1514 1558 1762 1624 praestat.
1797 1553 1866 1606 Et
1948 1545 2216 1615 religatus
2237 1545 2626 1610 adChristum,
2651 1561 2884 1599 securus
2905 1546 3154 1599 animam
3181 1547 3317 1600 coelo
3347 1547 3539 1601 reddi-

270 1644 388 1698 ideo
413 1643 573 1698 nobis
601 1660 791 1698 annua
817 1643 932 1698 hazc
955 1644 1073 1698 dies
1081 1646 1207 1714 jure
1233 1644 1481 1714 vigorem
1494 1641 1695 1696 tribuit
1715 1641 1862 1706 ﬁdei,
1888 1711 1919 1714 Α
1948 1634 2102 1687 ditb:
2137 1635 2296 1704 cujus
2324 1633 2714 1704 corpusculum
2735 1634 2795 1688 in
2823 1632 3049 1688 basilica
3080 1651 3192 1705 qua
3216 1635 3412 1689 beatus
3442 1637 3544 1689 Co-

270 1750 421 1804 spem
451 1733 549 1787 dat
574 1732 952 1804 perveniendi,
987 1737 1044 1786 et
1072 1711 1402 1787 eharitatem
1437 1732 1683 1786 refundit
1710 1747 1867 1784 amo-
1888 1711 1929 1769 Β
1951 1721 2249 1776 lumbanus
2295 1722 2612 1792 requiescit,
2665 1724 2736 1777 ad
2766 1724 2914 1778 latus
2943 1729 3094 1777 terra
3137 1724 3399 1794 suscepit.
3431 1723 3547 1777 Nec

274 1823 362 1876 ris.
388 1822 566 1886 Quem
597 1824 746 1877 enim
777 1839 889 1876 non
919 1823 1133 1876 soletur
1187 1821 1611 1876 resurrectionis
1638 1820 1869 1892 gratia?

273 1929 434 1983 quem
465 1929 575 1966 non
623 1913 882 1967 sustollat
921 1929 1064 1984 spes,
1101 1917 1158 1966 et
1189 1928 1298 1966 non
1326 1910 1650 1965 corroboret
1677 1926 1867 1981 perve-

273 2001 458 2056 niendi
473 2001 699 2055 ﬁducia?
714 2017 879 2072 quem
905 2019 1018 2056 non
1031 2001 1298 2056 accendat
1317 1999 1580 2065 Charitas,
1609 2004 1667 2052 et
1697 2015 1865 2070 quem

273 2106 380 2145 non
411 2091 650 2145 viviﬁcet
675 2095 879 2164 tantus
904 2109 1064 2146 amor
1106 2089 1361 2154 interius,
1398 2089 1495 2160 qui
1549 2088 1771 2143 nonnisi
1800 2089 1870 2142 de

275 2179 480 2249 Spiritu
527 2185 718 2234 sancto
770 2180 1053 2234 nascitur?
1095 2179 1337 2251 Propter
1379 2179 1526 2250 quod
1556 2178 1660 2232 etsi
1688 2177 1871 2232 varios

274 2268 645 2322 accidentium
675 2285 836 2323 casus
868 2274 926 2322 et
955 2269 1312 2323 miseriarum
1358 2267 1578 2322 labores
1603 2268 1872 2321 hactenus

275 2355 800 2423 dcﬁevimus,restat
820 2373 969 2411 nunc
991 2365 1234 2411 mentem
1251 2357 1381 2410 illuc
1408 2356 1668 2426 dirigere,
1701 2355 1874 2408 diem-

278 2461 381 2515 que
409 2445 564 2499 illam
606 2446 942 2517 conspicere,
975 2446 1034 2500 in
1063 2463 1176 2517 qua
1215 2447 1364 2500 Deus
1395 2445 1563 2510 vivit;
1603 2443 1874 2498 intentio-

277 2550 399 2588 nem
428 2540 677 2588 nostram
705 2541 830 2606 post
857 2552 987 2590 eum
1023 2534 1318 2588 refundere
1347 2553 1358 2587 :
1405 2533 1536 2605 quia
1566 2533 1761 2586 melior
1792 2537 1877 2586 est

276 2622 391 2677 dies
422 2623 536 2690 illa,
571 2625 822 2694 quamvis
852 2641 966 2679 una
986 2630 1043 2678 et
1061 2623 1384 2694 singularis,
1418 2623 1475 2676 in
1495 2622 1656 2676 atriis
1681 2621 1874 2675 Domi-

276 2710 747 2781 ni,supermillia;
774 2713 854 2766 ita
882 2719 946 2768 ut
977 2729 1089 2766 non
1119 2712 1255 2766 totis
1283 2710 1539 2766 sensibus
1560 2711 1878 2781 deﬁgamur

277 2799 334 2852 in
360 2799 606 2864 Patrem,
631 2816 700 2854 ne
723 2800 956 2872 obrepat
975 2801 1243 2855 maestitia
1263 2817 1458 2856 rursus
1479 2817 1579 2871 pro
1597 2799 1873 2864 absentia,

280 2887 385 2941 Sed
416 2905 486 2942 ne
515 2889 730 2943 exsules
759 2890 935 2945 simus
961 2895 1131 2945 tantae
1154 2890 1378 2961 pietatis
1408 2895 1466 2943 et
1486 2889 1682 2960 gratim
1711 2889 1780 2943 ab
1810 2906 1876 2944 eo

279 2993 444 3046 quem
470 2977 754 3048 diligimus
784 2998 797 3046 ;
823 2985 1010 3034 mente
1039 2996 1165 3034 cum
1195 2995 1326 3033 eum
1354 2978 1688 3034 commorari
1717 2995 1875 3050 opor-

1950 1812 2124 1881 igitur
2141 1810 2209 1864 ab
2222 1827 2281 1864 re
2306 1804 2514 1866 factum
2530 1811 2881 1868 crediderim.
2901 1817 2966 1866 ut
2983 1811 3194 1882 pariter
3209 1829 3322 1866 una
3342 1811 3543 1867 domus

1950 1901 2210 1964 ambiret,
2248 1918 2470 1972 unaque
2500 1901 2756 1955 vicinitas
2781 1901 3081 1972 sepulturae
3109 1902 3546 1969 commendaret,

1950 2009 2088 2064 quos
2100 2008 2214 2046 una
2228 1992 2424 2061 religio
2437 1991 2806 2062 tenuit,tequa
2815 2007 2957 2062 pene
2969 1991 3204 2045 tentatio
3216 2008 3249 2045 a
3261 1991 3374 2046 suis
3389 1992 3550 2063 quasi

1951 2081 2280 2152 peregrinos
2292 2080 2504 2152 expulit
2515 2079 3054 2149 sedibus,etltaliam
3067 2080 3556 2151 fugavit.Fuerunt

1954 2170 2104 2225 enim
2127 2170 2335 2240 reginas
2357 2186 2468 2224 non
2488 2169 2699 2240 dispari
2715 2170 2984 2240 nequitia,
3018 2187 3140 2240 quze
3171 2170 3274 2223 hoc
3303 2170 3554 2224 fecerunt

1955 2257 2214 2323 dummon
2228 2275 2338 2312 uno
2349 2258 2406 2311 in
2419 2263 2670 2328 tempore
2683 2257 2779 2312 sed
2791 2255 2894 2311 sub
2907 2274 3018 2311 uno
3031 2257 3336 2329 impietatis
3347 2257 3555 2312 scelere

1956 2347 2267 2416 conjunctae
2281 2351 2339 2400 et
2355 2347 2684 2400 consociata;
2705 2365 2716 2400 :
2744 2363 2868 2416 quae
2890 2363 2989 2417 pro
3011 2345 3286 2400 consimili
3306 2347 3422 2401 zelo
3442 2362 3557 2401 non

1956 2436 2197 2490 ferentes
2225 2441 2447 2490 sanctos
2477 2436 2624 2490 viros
2645 2452 2840 2490 earum
2879 2435 3229 2490 consimilem
3260 2436 3560 2507 reprehen-

1957 2525 2088 2578 dere
2143 2525 2452 2595 nequitiam
2489 2525 2790 2579 nefandam
2835 2525 2991 2589 satis,
3041 2541 3220 2595 neque
3271 2525 3330 2580 in
3369 2525 3558 2596 aliquo

1957 2616 2270 2681 contraire;
2318 2613 2523 2668 idcirco
2553 2619 2857 2684 coegerunt
2883 2613 3010 2667 dolo
3058 2619 3115 2667 et
3140 2613 3431 2669 fraudibus
3463 2631 3559 2669 eos

1958 2702 2298 2766 insidiando,
2351 2708 2415 2756 ut
2456 2702 2664 2756 relictis
2693 2702 2750 2756 in
2783 2702 2983 2773 quibus
3014 2709 3290 2774 praeerant
3315 2703 3557 2775 propriis

1959 2791 2563 2856 coenobiis,Auxoniam
2589 2796 2863 2862 peterent.
2887 2791 3010 2854 Qua
3029 2801 3053 2830 °
3072 2793 3298 2847 demum
3313 2809 3555 2864 quorum

1959 2897 2072 2935 una
2100 2880 2207 2934 fuit
2235 2881 2600 2945 conversatio,
2631 2880 2735 2934 etsi
2765 2897 2965 2951 parum
2993 2881 3186 2952 dispar
3213 2899 3382 2936 causa
3406 2900 3418 2949 ;
3439 2898 3555 2937 una

1958 2969 2174 3040 religio,
2207 2985 2430 3040 unaque
2457 2967 2588 3038 fuga
2603 2968 2936 3023 insidiarum
2965 2969 3204 3024 duarum
3229 2970 3550 3037 mulierum;

280 3029 379 3130 tlet,
1895 3029 1939 3090 ί)
1960 3029 2250 3114 unavesset
2275 3029 2434 3129 quies
2462 3029 2668 3112 laboris
2699 3063 2756 3112 et
2781 3059 3072 3130 sepultura
3101 3059 3332 3114 funeris.
3366 3059 3465 3114 Ille
3485 3029 3557 3114 si:-

282 3153 548 3208 invitatus
573 3155 742 3223 venit,
775 3161 832 3210 et
860 3156 978 3228 ipse
1007 3157 1078 3211 ad
1108 3174 1176 3212 ea
1202 3174 1330 3212 cum
1353 3156 1560 3226 gaudio
1591 3155 1866 3212 introivit.

849 3277 1314 3322 THEOPHRASTUS.

351 3369 498 3434 Quid
518 3370 692 3440 igitur
706 3375 792 3426 est
802 3372 950 3442 quod
965 3372 1262 3426 invitatum
1275 3388 1401 3426 eum
1427 3371 1589 3427 dicis?
1607 3371 1653 3426 N
1663 3371 1874 3442 unquid

279 3474 392 3513 non
442 3475 637 3514 omnes
685 3459 905 3514 invitati
951 3467 1100 3526 sunt,
1135 3461 1232 3532 qui
1263 3460 1746 3532 regenerationem
1776 3475 1877 3530 per

280 3547 453 3601 ﬁdem
469 3555 834 3620 susceperunt
860 3549 1156 3620 baptismi?
1171 3551 1380 3605 Omnes
1392 3549 1619 3621 quidem
1636 3549 1706 3602 ad
1718 3565 1872 3603 eam-

277 3636 409 3690 dem
438 3637 920 3694 immortalitatem
943 3646 1077 3694 sunt
1103 3640 1302 3706 vocati,
1334 3645 1391 3694 et
1411 3638 1536 3693 ideo
1569 3637 1873 3693 absurdum

279 3730 368 3780 est
394 3725 544 3780 hunc
568 3728 730 3798 quasi
754 3735 1040 3784 mortuum
1071 3729 1393 3801 deplorare:
1429 3727 1681 3799 quamvis
1706 3726 1874 3781 etiam

277 3815 516 3870 stultum
529 3817 603 3871 sit
630 3817 687 3870 id
716 3818 1012 3889 specialius
1033 3819 1258 3886 deﬂere,
1276 3818 1424 3890 quod
1441 3817 1584 3872 scias
1612 3815 1872 3870 omnibus

273 3905 665 3977 prescriptum
691 3924 832 3970 esse.
865 3907 998 3979 quia
1032 3908 1136 3963 hoc
1165 3913 1250 3962 est
1269 3907 1520 3962 animum
1550 3922 1718 3978 super
1747 3921 1874 3960 con-

273 3993 552 4049 ditionem
581 3996 864 4063 extollere,
896 3997 1080 4067 legem
1123 3996 1318 4052 mortis
1367 4012 1723 4050 communem
1761 4011 1873 4049 non

271 4083 545 4154 recipere,
595 4091 810 4142 natura;
847 4085 1188 4140 consortium
1228 4100 1506 4152 recusare,
1548 4100 1872 4140 mensuram

269 4171 460 4228 carnis
505 4173 741 4229 nescire.
775 4174 835 4231 Si
857 4181 1047 4230 autem
1076 4175 1202 4242 iste,
1240 4180 1305 4230 ut
1332 4174 1434 4240 ais,
1455 4175 1526 4229 ad
1558 4174 1702 4228 hanc
1726 4172 1871 4228 invi-

264 4265 427 4316 tatus
453 4261 625 4329 venit,
657 4269 721 4318 ut
744 4265 932 4320 volens
957 4281 1081 4319 eam
1101 4264 1428 4335 susciperet,
1453 4279 1680 4318 causam
1703 4279 1871 4334 expo-

266 4349 518 4421 nisjusti
547 4350 835 4421 debitoris,
867 4353 962 4426 qui
984 4353 1133 4426 quod
1161 4353 1344 4421 debet,
1378 4357 1575 4424 sponte
1605 4345 1968 4426 occurrit,

267 4444 507 4508 paratus
536 4441 771 4498 reddere
799 4443 947 4515 quod
975 4442 1160 4499 debet.

843 4551 1076 4607 CAPUT
1101 4552 1298 4609 XXIII.

893 4674 1218 4718 PASGHASIUS
1227 4701 1240 4714 .

340 4761 716 4838 Nequaquam
742 4767 917 4838 igitur
943 4769 1064 4823 sine
1089 4785 1258 4824 causa
1297 4769 1592 4825 invitatum
1621 4784 1750 4826 eum
1780 4785 1868 4824 ve-

261 4845 422 4900 nisse
452 4846 602 4900 dixi:
650 4847 781 4918 quia
821 4848 1064 4920 quodam
1113 4855 1304 4904 sancto
1358 4854 1627 4905 narrante
1659 4849 1863 4914 faudivi

259 4925 550 4998 episcopo,
584 4933 885 4999 antequam
915 4928 1036 4985 dies
1065 4927 1250 4985 obitus
1277 4931 1399 5002 ejus
1426 4931 1864 5003 appropinquas-

257 5020 374 5083 set,
410 5031 525 5071 non
555 5016 740 5072 solum
765 5018 960 5086 semel,
985 5035 1180 5076 verum
1204 5025 1263 5074 et
1289 5020 1532 5076 secundo
1561 5037 1662 5092 per
1685 5020 1866 5074 visum

257 5108 527 5160 vocatum
553 5103 724 5161 fuisse
743 5111 802 5162 et
816 5106 1133 5176 invitatum,
1165 5107 1327 5180 quasi
1346 5108 1683 5178 legationem
1706 5123 1868 5164 suam

335 5240 362 5268 α
395 5229 571 5284 Luem
599 5237 762 5305 vocat
788 5238 985 5305 auctor
1007 5231 1148 5288 Vitae
1176 5233 1438 5288 Ludovici
1455 5234 1558 5298 Pii,
1592 5240 1656 5289 ut
1687 5233 1864 5305 signi-

256 5301 470 5376 ﬁcaret
514 5317 641 5356 eam
677 5303 734 5376 in
765 5303 1039 5376 plurimos
1071 5305 1331 5360 saeviisse.
1363 5306 1508 5360 Sane
1535 5301 1862 5376 febrem'ap-

256 5321 470 5354 ncaret
514 5321 641 5356 eam
677 5321 734 5356 in
807 5321 1039 5358 iunmos
1071 5321 1331 5360 saevusse.
1363 5321 1508 5360 Sane
1535 5321 1747 5360 reorem
1770 5323 1862 5376 ap-

253 5371 446 5448 pellat
463 5387 636 5448 agens
664 5373 746 5448 Vde
765 5321 941 5429 R’Vala
967 5381 1025 5429 et
1051 5376 1336 5444 Lothario,
1369 5393 1536 5448 quem
1562 5377 1730 5431 febris
1758 5377 1866 5430 ista

255 5445 782 5517 έεοιμιολάέλίοίεῃε,
817 5451 1010 5517 multo
1059 5453 1292 5517 tempore
1320 5445 1582 5516 languere
1607 5449 1752 5515 fecit.
1787 5449 1865 5500 De

252 5512 541 5590 Lothario
568 5515 898 5590 Paschasius
906 5516 1001 5590 Aidi
1007 5512 1180 5590 psum"
1198 5512 1500 5574 attestatur
1516 5512 1683 5589 paulo
1698 5517 1863 5590 infra.

339 5584 371 5664 ξ’
418 5584 640 5644 Walam
687 5603 836 5646 anno
862 5587 970 5648 835
995 5584 1200 5650 ébiisse
1226 5591 1403 5650 tradit
1436 5584 1582 5668 saepe
1608 5589 1868 5648 laudatus

1958 3148 2187 3220 quidem
2215 3152 2279 3202 ut
2306 3152 2534 3201 sanctus
2561 3146 2846 3202 confessor
2885 3147 3094 3202 Christi
3125 3147 3426 3203 virtutibus
3451 3165 3552 3220 ap-

1955 3237 2223 3309 probatus
2268 3255 2282 3304 ;
2339 3237 2446 3290 iste
2475 3241 2540 3290 ut
2568 3237 2616 3306 ej
2627 3253 2690 3291 us
2719 3237 3054 3308 pedisequus
3082 3237 3300 3292 meritis
3328 3237 3555 3293 fulcire-

1955 3332 2068 3391 tur,
2093 3325 2589 3379 commendaretur
2607 3325 2920 3395 praeconiis,
2961 3332 3018 3380 et
3045 3327 3411 3382 auxiliaretur
3434 3344 3558 3398 pre-

1956 3413 2132 3468 cibus.
2174 3413 2290 3467 Nec
2341 3412 2516 3483 igitur
2559 3412 2771 3484 absque
2812 3414 3166 3485 providentia
3214 3416 3316 3469 Dei
3342 3416 3556 3471 factum

1957 3501 2252 3573 credo,qui
2273 3518 2374 3573 pro
2400 3502 2527 3567 ﬁde,
2571 3519 2673 3573 pro
2707 3503 2822 3556 zelo
2855 3503 2976 3568 Dei,
3005 3519 3107 3574 pro
3127 3504 3418 3574 religione,
3452 3521 3554 3575 pro

1955 3592 2218 3662 aequitate
2242 3590 2443 3661 judicii
2472 3595 2642 3662 atque
2667 3591 2978 3646 intentione
3004 3591 3272 3646 virtutum
3283 3609 3342 3648 se
3361 3592 3556 3649 discri-

1957 3679 2097 3734 mini
2127 3678 2315 3734 obvios
2337 3680 2684 3745 obtulerunt,
2704 3680 2852 3751 quod
2872 3696 2984 3734 uno
3007 3680 3069 3734 in
3095 3680 3214 3735 loco
3244 3682 3414 3738 ﬁnem
3431 3700 3554 3755 per-

1956 3775 2227 3840 ceperunt
2266 3768 2491 3824 laboris.
2541 3769 2612 3823 Et
2639 3768 2764 3823 ideo
2787 3768 3045 3824 dubitare
3073 3786 3187 3824 non
3215 3771 3363 3838 licet,
3399 3773 3551 3843 quod

1955 3859 2124 3913 Pater
2166 3858 2426 3928 egregius
2472 3875 2599 3913 cum
2629 3862 2820 3913 sancto
2850 3857 3162 3913 confessore
3193 3845 3293 3914 Dei
3321 3867 3550 3932 togatus

1955 3947 2271 4018 requiescat
2288 3947 2346 4000 in
2361 3951 2571 4000 aeterna
2588 3947 2801 4018 requie,
2829 3946 2925 4017 qui
2957 3947 3081 4017 pari
3105 3950 3360 4020 exemplo
3393 3951 3551 4005 exsul

1953 4037 2150 4108 pulsus
2195 4040 2280 4090 est
2305 4035 2374 4090 de
2402 4035 2651 4090 coenobio
2681 4051 2803 4101 suo,
2835 4035 3086 4106 dejectus
3115 4053 3150 4091 a
3178 4037 3365 4109 patria
3394 4043 3454 4093 et
3477 4038 3550 4092 ab

1955 4125 2137 4181 ofﬁcio
2165 4124 2453 4197 regiminis
2477 4140 2489 4174 :
2519 4130 2582 4180 ut
2607 4141 2848 4198 quorum
2875 4124 2983 4180 fuit
3009 4142 3123 4182 una
3149 4127 3406 4196 tentatio,
3431 4143 3550 4183 una

1955 4232 2049 4270 eos
2076 4215 2321 4270 refoveat
2347 4214 2653 4270 consolatio
2683 4213 2888 4286 quietis
2917 4214 2975 4270 in
2995 4221 3208 4271 aeterna
3235 4233 3337 4288 pro
3373 4217 3550 4287 quali-

1954 4309 2071 4360 tate
2091 4305 2439 4371 meritorum,
2456 4309 2514 4359 et
2532 4309 2766 4360 exornet
2776 4304 2996 4360 alterna
3021 4305 3308 4377 proportio
3313 4305 3549 4376 justitize

1953 4394 2012 4450 in
2040 4394 2197 4449 coelo.

2022 4483 2182 4539 Unde
2209 4488 2430 4555 oportet
2458 4499 2559 4555 pro
2586 4486 2748 4538 tanta
2775 4499 2874 4556 spe
2890 4498 2993 4538 nos
3009 4483 3080 4539 ad
3095 4484 3333 4539 invicem
3355 4499 3549 4540 conso«

1952 4573 2055 4627 lari
2079 4573 2283 4644 potius,
2318 4589 2488 4645 quam
2515 4571 2740 4628 dolere:
2789 4572 2922 4644 quia
2948 4572 3272 4629 maestitiam
3305 4573 3449 4630 tanti
3465 4574 3550 4630 lu-

1949 4667 2071 4717 ctus
2121 4679 2233 4718 non
2273 4663 2455 4719 solum
2499 4661 2706 4717 ﬁducia
2745 4660 3109 4718 beatitudinis
3155 4665 3278 4734 ejus
3306 4663 3541 4730 lenivit;

1949 4768 2142 4806 verum
2167 4758 2388 4824 tempus
2417 4750 2776 4816 oblitteravit,
2809 4756 2867 4805 et
2897 4751 3039 4806 ratio
3069 4752 3292 4820 devicit,
3327 4769 3548 4810 necnon

1949 4847 2005 4897 et
2032 4841 2333 4914 prudentia
2350 4842 2470 4912 jam
2494 4840 2628 4895 olim
2648 4840 2946 4911 mitigavit.
2982 4840 3098 4894 Etsi
3127 4841 3442 4912 planximus
3457 4843 3550 4913 ju-

1945 4949 2027 4999 re,
2057 4932 2192 4986 dum
2222 4930 2402 4985 varias
2433 4931 2554 5000 ejus
2583 4929 2911 4984 deﬂevimus
2931 4929 3315 5003 impulsiones,
3343 4937 3400 4987 et
3428 4937 3550 4987 ten-

1947 5023 2188 5077 tationes
2219 5019 2551 5090 multiplices
2579 5019 3078 5086 dinumeravimus,
3123 5038 3285 5076 casus
3324 5036 3549 5091 quoque

1948 5110 2326 5183 exposuimus;
2342 5109 2500 5163 decet
2520 5125 2622 5163 nos
2633 5108 2897 5180 deinceps
2912 5111 3034 5181 jam
3056 5108 3434 5180 congratulari
3463 5109 3544 5163 illi

1945 5241 2140 5290 auctor
2169 5235 2304 5290 Vitae
2319 5232 2579 5288 Ludovici
2607 5233 2712 5300 Pii,
2738 5235 2898 5305 cujus
2921 5233 3170 5305 auctoris
3184 5229 3358 5305 verba
3377 5232 3547 5305 retuli

1943 5307 2290 5378 superiusiin
2312 5301 3080 5378 Oibservationibus'praeviis,
3117 5301 3213 5358 ubi
3227 5302 3295 5356 de
3307 5302 3398 5357 die
3427 5302 3547 5356 obi-

1944 5376 2038 5433 tus
2069 5377 2319 5447 ejusdem
2351 5376 2527 5430 Walae
2555 5383 2743 5432 actum
2769 5384 2870 5430 est.

2014 5465 2040 5496 α
2073 5442 2135 5503 Id
2167 5453 2252 5502 est
2280 5448 2338 5502 in
2366 5448 2644 5515 Auxonia,
2675 5463 2775 5502 seu
2793 5447 2852 5499 in
2879 5443 3060 5515 Italia,
3083 5442 3177 5497 ubi
3206 5460 3318 5498 uno
3346 5445 3406 5500 in
3427 5443 3546 5501 loco

1947 5519 2114 5576 ambo
2134 5519 2445 5576 conversati
2473 5514 2636 5594 sunt,
2658 5517 2758 5576 etsi
2776 5531 2876 5592 pro
2901 5514 3111 5588 dispari
3140 5531 3330 5573 causa.
