4000 6170
402 221 537 280 1647
580 168 584 173 ’
1164 210 1220 261 s.
1263 201 1635 258 PASCIIASII
1679 198 2035 254 RADBERTI
2075 199 2377 254 ABBATIS
2420 198 2911 254 concussas.
3528 206 3693 257 μηδ

397 354 452 405 et
478 346 683 420 gaudio
713 343 947 399 refoveri
1002 352 1103 409 pro
1132 334 1304 395 luctu,
1338 325 1533 383 laetitia
1557 323 1717 379 bona:
1749 323 1867 420 spei
1894 340 1985 377 re-
1997 327 2049 383 Α
2066 323 2206 378 Ecce
2236 343 2525 397 poenarum
2554 341 2783 420 general,
2817 340 2942 420 οξηη
2986 323 3420 392 maledicimr‘et
3442 328 3501 381 in
3536 345 3692 398 Ope-

395 412 574 493 creari
604 450 706 507 pro
733 444 990 489 mmrore,
1039 430 1097 478 et
1123 418 1493 477 exsultatione
1520 414 1673 468 intus
1700 412 1857 467 indui
1886 429 1986 483 pro
2068 413 2223 468 ribus
2250 416 2372 485 ejus
2394 414 2567 485 spinae
2595 419 2652 467 et
2675 412 2870 467 tribuli
2897 414 3323 482 germinantur:
3349 432 3473 486 qua:
3492 415 3695 486 spinae

393 501 625 583 tristitia
654 539 753 591 ;eo
769 518 918 590 quod
945 531 1045 587 pro
1062 517 1214 567 certo
1243 502 1609 573 scimus,quia
1629 501 1800 591 Pater
1826 517 1987 570 egre-
2069 510 2126 558 et
2152 504 2344 558 tribuli
2391 504 2622 558 verbum
2650 503 2926 591 sull‘ocant
2950 502 3073 556 vitae
3098 521 3110 570 ;
3146 520 3310 557 curas
3351 521 3590 575 quoque
3622 522 3693 559 ac

392 616 522 687 gius
548 589 766 683 corpori
788 589 1109 679 supervivit.
1133 598 1241 663 Qui
1270 597 1401 651 licet
1422 592 1623 648 absens
1651 589 1871 687 {uerita
1891 605 1987 643 no-
2067 593 2468 687 sollicitudines
2486 596 2780 687 generant,
2805 590 3007 661 quibus
3021 600 3255 687 necatur
3272 599 3332 687 et
3348 594 3696 687 excluditur

391 678 497 769 bis,
547 678 770 773 quando
799 678 958 760 obiit,
989 705 1233 764 praesens
1269 692 1462 741 tamen
1496 687 1616 773 est:
1654 679 1791 773 quia
1834 678 1892 732 in
1919 695 1986 773 eo
2068 680 2223 773 cibus
2376 681 2447 735 de
2479 681 2617 773 caelo
2648 680 2829 773 venit:
2856 696 2970 749 quo
2985 678 3117 733 vivit
3135 681 3318 773 omnis
3348 682 3690 773 homo,hqui

394 793 491 865 qui
528 768 735 860 ubique
781 791 884 849 est,
916 783 1080 836 beate
1106 776 1262 832 vivit.
1293 776 1439 829 Nam
1476 769 1745 865 depositis
1773 768 1986 865 proprii
2068 769 2183 865 Ceo
2209 769 2344 865 vivit
2364 774 2467 865 ;.et
2484 768 2793 865 includitur
2828 784 3119 865 mors,qua
3138 769 3328 822 anima
3364 771 3692 865 poenaliter

390 856 587 937 sensus
635 856 825 932 anima
867 873 989 944 ejus
1031 865 1316 940 repagulis
1344 860 1619 935 expedita,
1655 860 1774 930 jam
1803 856 1980 911 libero
2062 858 2226 912 vivat.
2257 858 2417 913 Unde
2445 874 2480 911 a
2505 857 2598 928 pio
2632 857 2869 911 Domino
2900 873 3051 910 mors
3100 857 3208 911 ista
3255 875 3357 928 pro
3409 860 3681 914 remedio

386 971 569 1027 cernit
595 966 813 1027 obtutu,
845 978 971 1034 qua:
1011 963 1142 1013 ante
1164 956 1274 1010 sita
1304 954 1364 1008 in
1393 965 1625 1022 corpore
1652 947 1841 1002 videre
1869 962 1982 1000 non
2062 948 2196 1003 data
2224 953 2328 1013 est,
2345 947 2505 1017 quasi
2534 946 2660 1001 ﬁnis
2683 946 2979 1001 malorum.
3004 946 3147 1000 Hinc
3162 963 3387 1018 quoque
3401 948 3544 1003 Adae
3558 965 3685 1004 non

386 1062 627 1131 poterat.
647 1055 707 1110 Si
735 1052 887 1109 enim
915 1045 1242 1104 dormienda
1271 1042 1461 1097 anima
1484 1040 1557 1095 ad
1585 1037 1786 1093 altiora
1812 1052 1872 1090 se
1893 1051 1982 1089 su-
2062 1036 2299 1091 dicitur:
2333 1036 2478 1100 Quia
2502 1035 2709 1090 audisti
2735 1052 2926 1089 vocem
2969 1035 3157 1089 uxoris
3186 1042 3317 1101 tuae,
3364 1038 3683 1093 reverteris

383 1120 573 1219 brigit,
600 1140 978 1214 velutsepulta
998 1138 1057 1192 in
1076 1149 1327 1207 corpore,
1343 1136 1401 1186 et
1414 1120 1705 1184 renuntiat
1719 1141 1979 1219 nonnun-
2063 1125 2118 1180 in
2151 1132 2361 1180 terram
2387 1144 2400 1193 ;
2430 1126 2550 1180 haec
2570 1125 2721 1219 enim
2750 1124 2799 1178 si
2825 1124 3073 1219 dirisset,
3103 1131 3248 1179 esset
3268 1127 3510 1197 pmnalis
3540 1144 3681 1181 sen-

387 1213 557 1309 quam
594 1213 1032 1305 corporiirerum
1079 1223 1395 1279 absentium
1451 1216 1752 1309 vel_eti_am
1792 1214 1981 1269 cmles-
2062 1216 2259 1281 tentia,
2292 1214 2882 1309 quemadmodum-est
2907 1213 3036 1309 illa:
3087 1216 3378 1269 Maledicta
3419 1222 3584 1309 terra
3612 1220 3678 1270 in

386 1301 526 1381 tium
554 1301 832 1388 visiones;
879 1320 1090 1389 quanto
1132 1311 1312 1383 magis
1360 1325 1489 1364 cum
1518 1306 1775 1362 absoluta
1803 1309 1888 1358 est
1911 1320 1979 1358 ω·
2063 1320 2216 1373 opere
2247 1309 2361 1369 tuo,
2395 1309 2452 1357 et
2478 1308 2697 1357 caetera.
2734 1302 2917 1357 Habes
2941 1301 3115 1373 igitur
3140 1308 3380 1357 mortem
3435 1306 3672 1361 anima}.

385 1412 601 1469 rumnis
625 1409 834 1475 seculi,
864 1413 922 1462 et
945 1410 1066 1460 tota
1102 1402 1237 1456 vivit
1264 1400 1324 1454 in
1356 1396 1615 1459 Domino,
1648 1392 1745 1465 qui
1771 1391 1980 1463 ubique
2064 1400 2392 1464 peccatum;
2441 1392 2614 1447 habes
2645 1398 2702 1446 et
2756 1408 3001 1463 poenam,
3033 1408 3155 1462 quae
3192 1409 3326 1446 vera
3354 1409 3509 1448 mors
3536 1395 3675 1464 jure

382 1504 537 1569 vivit,
561 1507 618 1557 et
639 1499 848 1570 ubique
876 1494 1069 1551 omnia
1091 1489 1335 1561 complet
1363 1492 1420 1542 et
1442 1484 1632 1555 regit?
1676 1483 1796 1537 Non
1816 1480 1978 1570 enim
2064 1487 2293 1538 vocatur
2319 1501 2331 1550 ;
2381 1481 2553 1536 habes
2607 1487 2665 1536 et
2706 1486 2967 1547 mortem,
2999 1497 3123 1551 qua:
3153 1482 3333 1551 magis
3364 1499 3675 1553 poenarum

382 1568 589 1647 alicubi
615 1568 782 1659 longe
812 1582 1203 1657 peregrinatus
1230 1583 1318 1632 est
1343 1577 1512 1632 Pater
1534 1576 1744 1637 noster,
1770 1569 1877 1625 nisi
1906 1568 1977 1623 ad
2005 1646 2043 1659 ﬂ
2062 1577 2383 1626 nostrarum
2412 1571 2539 1625 ﬁnis
2570 1576 2657 1625 est
2692 1576 2751 1624 et
2776 1570 3107 1635 remedium,
3138 1587 3249 1641 qua
3274 1588 3475 1626 cursus
3493 1573 3676 1642 hujus

382 1697 531 1746 eum,
558 1680 649 1734 cui
692 1646 750 1731 et
781 1646 840 1729 in
869 1646 979 1744 quo
1026 1669 1181 1734 vixit,
1223 1665 1319 1737 qui
1344 1663 1552 1734 ubique
1581 1662 1641 1715 in
1667 1676 1727 1715 se
1778 1664 1882 1725 est,
1921 1662 1979 1712 et
1997 1646 2270 1714 Bvitzead
2288 1661 2482 1715 horam
2504 1660 2842 1731 prmeiditur.
2872 1660 3014 1713 Hinc
3043 1676 3175 1730 ergo
3220 1677 3373 1715 mors
3389 1661 3525 1727 ista,
3558 1678 3677 1733 qua

380 1769 589 1839 ubique
633 1765 785 1819 vivit.
827 1761 920 1817 Ad
962 1760 1069 1814 hoc
1102 1756 1307 1828 quippe
1344 1750 1594 1824 quotidie
1633 1748 1980 1839 moriebatur
2064 1755 2320 1804 mortuus
2345 1756 2431 1804 est
2459 1749 2769 1815 Abraham,
2797 1754 3054 1803 mortuus
3078 1755 3164 1803 est
3188 1755 3247 1803 et
3274 1751 3448 1805 Pater
3474 1756 3681 1806 noster

382 1838 515 1913 cum
539 1854 826 1927 Apostolo,
862 1855 927 1905 ut
967 1846 1267 1921 perfectius
1294 1843 1505 1897 viveret
1528 1841 1644 1895 Deo
1670 1857 1683 1905 ;
1732 1838 1883 1909 quia,
1916 1843 1978 1892 ut

2063 1857 2174 1912 qua
2200 1841 2478 1896 morimur
2499 1857 2715 1905 omnes,
2749 1857 2862 1895 non
2892 1841 3072 1894 solum
3103 1841 3439 1896 malumnon
3461 1850 3673 1908 est,ve-

382 1943 699 2019 philosophi
722 1942 933 2005 dicunt,
959 1933 1230 2008 sapientis
1248 1932 1351 1986 Viri
1372 1927 1802 2019 Vit8,meditflti9
1832 1942 1979 2019 mor:
2060 1946 2186 1984 rum
2219 1931 2388 1984 etiam
2419 1930 2628 1984 bonum
2644 1936 2747 1984 est.
2783 1930 2852 1984 Et
2880 1930 3004 2019 ideo
3026 1930 3193 1984 etiam
3211 1929 3408 1984 beatus
3428 1931 3677 1986 Ambro-

379 2014 456 2090 tis
502 2014 622 2090 est:
649 2028 1035 2088 Meditabatur
1071 2030 1260 2080 autem
1308 2019 1600 2092 pervenire
1636 2017 1707 2071 ad
1737 2016 1792 2070 id
1831 2014 1980 2086 quod
2062 2019 2180 2074 sius
2205 2020 2275 2073 de
2304 2020 2457 2074 Bono
2486 2019 2686 2072 mortis
2714 2019 2892 2073 edidit
2918 2018 3122 2073 librum
3151 2019 3288 2073 satis
3309 2036 3677 2090 pernecessa-

326 2095 339 2107 .
381 2126 688 2197 perfectum
713 2125 818 2186 est,
851 2115 1074 2189 quando
1096 2112 1340 2168 revelata
1366 2108 1526 2174 facie,
1550 2123 1663 2197 non
1698 2123 1763 2160 ex
1798 2110 1977 2197 parte,
2063 2108 2228 2162 rium.
2262 2108 2622 2197 Quapropter
2649 2107 2697 2161 si
2738 2107 3054 2178 planximus
3084 2108 3142 2161 in
3172 2107 3327 2162 obitu
3370 2110 3517 2163 ιωηί
3560 2110 3677 2163 pa-

382 2193 566 2284 neque
588 2211 646 2266 in
672 2208 974 2278 anigmate
1001 2203 1086 2258 vel
1115 2202 1173 2256 in
1211 2197 1430 2263 umbra,
1483 2196 1581 2251 sed
1623 2195 1681 2249 in
1724 2193 1976 2257 veritate,
2064 2196 2185 2261 tris,
2217 2196 2400 2251 varios
2432 2213 2620 2251 rerum
2666 2212 2937 2251 maerores
2965 2203 3022 2251 et
3052 2198 3175 2267 ejus
3225 2197 3446 2252 labores
3492 2199 3677 2269 pluri-

384 2282 555 2374 prout
594 2305 699 2365 est,
729 2292 1041 2368 speculanti
1069 2293 1369 2362 appareret
1396 2292 1606 2341 aeterna
1642 2284 1780 2338 visio
1807 2282 1983 2336 mani—
2065 2302 2205 2351 mos,
2238 2286 2586 2357 gaudeamus
2616 2302 2745 2340 cum
2794 2303 2879 2353 eo,
2934 2286 3068 2356 quia
3110 2286 3161 2339 ei
3190 2286 3373 2341 vivere
3405 2288 3676 2342 Christus

380 2371 701 2460 ἐπαφιοά
719 2382 1228 2457 impraesentiarum
1254 2393 1376 2433 esse
1412 2391 1527 2430 non
1555 2378 1796 2445 poterat,
1827 2371 1979 2442 quia,
2064 2374 2172 2429 fuit
2200 2380 2257 2429 et
2286 2376 2428 2430 mori
2452 2376 2690 2429 lucrum.
2725 2375 3176 2429 Commoriamur
3204 2382 3391 2429 autem
3427 2394 3563 2430 cum
3583 2394 3670 2443 eo,

376 2482 542 2551 juxta
566 2475 918 2549 Apostolum,
952 2467 1457 2541 impraesentiarum
1481 2480 1548 2517 ex
1575 2468 1736 2534 parte
1754 2460 1978 2551 scimus.

2074 2468 2142 2517 ut
2162 2464 2414 2517 vivamus
2436 2463 2493 2517 in
2516 2464 2737 2517 Christo
2751 2480 2877 2518 cum
2899 2480 2964 2517 eo
2983 2483 2995 2531 ;
3014 2464 3293 2519 discamus
3314 2466 3673 2536 quotidianis

382 2550 441 2624 et
470 2582 537 2624 ex
564 2572 725 2639 parte
753 2562 1170 2635 prophetamus.
1195 2557 1337 2611 Cum
1358 2559 1546 2609 autem
1577 2551 1895 2623 pervenerit
1923 2550 1983 2603 in
2066 2552 2263 2607 usibus
2287 2553 2430 2606 mori
2460 2553 2680 2619 saaculo,
2709 2558 2775 2607 ut
2801 2569 3164 2623 segregemur
3189 2570 3223 2608 a
3252 2561 3507 2619 came,et
3536 2562 3670 2610 mn-

381 2657 543 2714 nobis
592 2653 742 2726 quod
783 2652 841 2707 in
890 2667 956 2705 ca
984 2649 1099 2703 vita
1144 2646 1452 2718 perfectum
1484 2648 1590 2705 est,
1622 2639 1983 2695 evacuabitur
2066 2658 2236 2712 quam
2290 2642 2350 2696 in
2397 2642 2535 2696 cmlo
2580 2642 2945 2696 meditatione
2972 2642 3241 2697 vivamus.
3276 2644 3671 2715 Suscipiamus

384 2746 534 2819 (ιιιοά
562 2762 628 2800 ex
651 2748 813 2816 Part8
840 2758 853 2805 ;
887 2745 944 2794 et
960 2738 1070 2792 erit
1082 2742 1217 2791 tunc
1239 2729 1726 2806 perfectum,quod
1748 2744 1896 2819 nunc
1916 2744 1981 2819 ex
2067 2730 2350 2785 interdum
2385 2731 2688 2802 imaginem
2719 2732 2938 2796 mortis,
2980 2748 3052 2785 ne
3096 2749 3260 2803 poena
3302 2750 3403 2787 nos
3435 2734 3672 2788 invadat

383 2816 544 2909 parte
571 2838 659 2889 est
688 2834 734 2893 (Ι
762 2832 884 2888 Cor.
914 2826 1116 2895 xm,9).
1148 2825 1294 2878 Nam
1322 2837 1488 2877 nemo
1518 2819 1806 2909 festinaret
1831 2816 1902 2870 ad
1924 2817 1985 2870 ὃ·
2067 2820 2296 2873 mortis:
2338 2826 2403 2874 ut
2457 2838 2557 2891 per
2612 2820 2823 2874 bonum
2853 2821 3049 2875 mortis
3078 2822 3149 2875 ad
3188 2821 3353 2875 vitam
3384 2823 3670 2894 possimus

383 2906 515 2981 nem
546 2924 655 2979 ﬁde
677 2921 922 2976 conﬁsus
943 2917 1001 2971 in
1018 2911 1391 2976 Domino,nisi
1422 2910 1547 2963 vitae
1564 2908 1728 2962 istius
1764 2906 1985 2975 fugeret
2065 2909 2384 2979 pertingere
2413 2909 2901 2979 sempiternam,in
2923 2926 3033 2980 qua
3058 2927 3209 2964 mors
3221 2912 3340 2980 jam
3370 2912 3513 2965 ultra
3544 2928 3670 2965 non

382 3010 888 3072 incommoditates,
921 3021 1023 3077 pro
1053 3002 1254 3075 quibus
1273 2999 1445 3056 David
1466 2997 1682 3070 plangit
1693 2996 1883 3050 dicens
1909 2994 1979 3049 ad
1998 3002 2042 3062 C
2066 2998 2380 3069 erit,ncquc
2396 2998 2911 3053 luctus.Moriamur
2938 3005 3127 3053 autem
3158 3005 3340 3053 morte
3353 3001 3667 3070 justorum,

382 3105 580 3159 Deum:
606 3102 733 3156 Ecce
753 3100 866 3153 dics
882 3111 1020 3150 meo:
1040 3098 1243 3147 vetere:
1248 3092 1482 3159 posuisti
1498 3102 1687 3141 coram
1700 3091 1765 3150 te,
1795 3090 1843 3139 et
1858 3086 1981 3138 sub-

383 3193 651 3246 stantiam
680 3202 859 3241 meam
892 3189 1160 3250 tanquam
1209 3179 1455 3232 nihilum
1487 3181 1614 3229 ante
1643 3178 1723 3240 te;
1755 3189 1978 3226 rerum-

388 3285 573 3334 tamcn
598 3278 862 3331 universa
909 3272 1149 3334 vanitas,
1190 3268 1372 3321 omnis
1415 3266 1573 3319 homo
1598 3265 1781 3317 vivens
1811 3264 1973 3332 (Psal.

384 3383 603 3433 xxxvm,
639 3365 714 3433 6).
740 3364 809 3419 Et
821 3361 947 3417 ideo
964 3359 1088 3423 iste,
1122 3358 1344 3421 fratres,
1371 3359 1665 3427 postquam
1693 3351 1972 3422 cognovit,

386 3463 682 3531 postquam
699 3450 915 3517 didicit,
940 3463 1232 3519 nunquam
1261 3449 1513 3500 moratus
1551 3448 1637 3496 est
1657 3442 1850 3511 fugere
1881 3456 1977 3494 vo-

384 3549 663 3602 luntatem
706 3558 887 3607 suam,
928 3553 1111 3608 neque
1144 3534 1319 3590 voluit
1366 3533 1425 3587 in
1456 3531 1656 3586 saeculo
1684 3546 1825 3584 vane
1852 3545 1979 3582 con-

384 3636 623 3701 turbari,
660 3647 840 3703 neque
886 3643 1116 3700 sperare
1162 3626 1221 3679 in
1249 3623 1463 3678 incerto
1492 3619 1846 3674 divitiarum:
1880 3617 1979 3671 sed

388 3724 633 3798 speravit
668 3722 728 3778 in
776 3721 891 3775 Deo
938 3717 1076 3780 vivo,
1110 3714 1180 3768 ad
1225 3727 1393 3783 quem
1437 3708 1720 3798 pervenit;
1761 3711 1827 3798 et
1852 3706 1979 3798 ideo

388 3795 523 3871 dum
554 3817 790 3868 mortem
816 3805 1066 3879 gustavit
1091 3800 1359 3873 corporis,
1393 3799 1565 3853 vitam
1587 3796 1818 3861 invenit,
1845 3795 1979 3866 quia

386 3920 499 3959 non
528 3902 772 3974 primam
795 3897 997 3953 anima:
1018 3892 1251 3948 incurrit
1282 3894 1541 3944 mortem.
1577 3885 1805 3957 Triplici
1826 3900 1980 3939 nam-

389 4008 497 4065 que
518 3990 684 4046 modo
709 4003 857 4043 mors
892 3983 1100 4039 dicitur
1123 4000 1135 4049 ;
1160 3996 1272 4035 uno
1294 3995 1422 4033 cum
1446 3976 1719 4031 morimur
1752 3979 1978 4045 peccato

387 4063 445 4137 et
471 4080 705 4136 vivimus
734 4077 847 4132 Deo
871 4092 885 4141 ;
914 4073 1024 4128 alio
1055 4086 1183 4125 cum
1205 4082 1499 4140 peccamus
1527 4066 1598 4120 ad
1621 4070 1880 4129 mortem,
1911 4063 1981 4116 de

388 4188 501 4243 qua
517 4168 725 4224 dicitur
750 4184 762 4220 :
792 4166 1001 4219 Anima
1037 4177 1155 4229 qua:
1178 4159 1497 4228 peccaverit,
1548 4158 1666 4223 ipsa
1708 4156 1982 4207 morietur

389 4258 602 4330 (Ezech.
636 4268 787 4310 xvm.
820 4250 871 4321 4)
901 4270 914 4318 ;
945 4248 1113 4305 tertio
1143 4253 1230 4301 est
1255 4247 1381 4301 vitae
1398 4245 1566 4315 hujus
1586 4257 1980 4312 excessus,qua

2062 3092 2126 3141 ut
2151 3103 2278 3141 cum
2301 3088 2408 3141 illis
2437 3088 2685 3142 vivamus
2715 3106 2727 3150 ;
2753 3088 3067 3142 moriamur
3090 3094 3145 3142 et
3177 3094 3357 3144 morte
3386 3091 3530 3144 tanti
3567 3091 3672 3145 Pa-

2062 3177 2183 3242 tris,
2216 3176 2350 3247 quia
2375 3176 2515 3247 ipse.
2540 3182 2604 3231 ut
2631 3177 2931 3241 credimus,
2949 3179 3069 3246 jam
3094 3177 3255 3232 beate
3273 3179 3424 3244 vivit,
3453 3186 3515 3232 ut
3537 3197 3672 3235 cum

2062 3282 2127 3319 eo
2157 3270 2213 3319 et
2242 3282 2345 3319 nos
2373 3266 2556 3319 vivere
2586 3266 2895 3320 valeamus:
2931 3266 3079 3337 quod
3121 3267 3241 3338 ipse
3281 3284 3505 3338 semper
3534 3285 3672 3323 ora-

2060 3354 2156 3421 vit,
2184 3360 2241 3407 et
2269 3354 2475 3408 docuit.
2511 3354 2827 3409 Oil‘eramus
2854 3354 2914 3408 in
2942 3353 3104 3410 nobis
3130 3362 3257 3409 vota
3286 3356 3545 3426 ejusdem
3566 3359 3675 3412 Pa-

2063 3443 2183 3507 tris,
2215 3442 2345 3513 quia
2374 3443 2490 3514 ipse
2537 3460 2638 3498 nos
2688 3444 2802 3498 Deo
2831 3443 2977 3498 vovit
3020 3450 3077 3497 et
3103 3442 3323 3510 obtulit,
3357 3461 3421 3499 ac
3449 3446 3499 3500 si
3530 3446 3673 3501 hos-

2060 3532 2218 3596 tiam,
2252 3532 2491 3586 maxime
2523 3531 2723 3586 fratres
2744 3538 2995 3596 nostros,.
3013 3531 3353 3587 oblationem
3380 3550 3587 3589 novam
3613 3537 3670 3589 in

2061 3621 2415 3689 sacriﬁcium,
2450 3638 2589 3692 quos
2620 3621 2858 3675 Domino
2897 3622 3191 3676 dedicavit.
3230 3623 3305 3676 At
3333 3639 3448 3677 non
3477 3625 3670 3680 solum

2062 3726 2202 3779 quos
2234 3710 2354 3781 ipse
2382 3710 2627 3765 instituit
2653 3716 2710 3765 et
2737 3711 2979 3781 collegit.
3004 3711 3103 3764 sed
3132 3717 3189 3765 et
3216 3727 3312 3765 eos
3340 3712 3670 3784 quicunque

2060 3798 2237 3853 futuri
2262 3806 2393 3853 sunt
2417 3799 2621 3853 ibidem
2647 3799 2717 3854 ad
2733 3801 2988 3853 eamdem
3019 3799 3452 3865 institutionem,
3489 3818 3670 3871 quam

2061 3890 2179 3959 ipso
2207 3889 2444 3943 Domino
2467 3888 2743 3943 dedicavit
2770 3908 2781 3943 :
2810 3889 2905 3960 qui
2942 3905 3054 3943 non
3080 3890 3262 3943 solum
3304 3889 3409 3944 sibi
3440 3890 3584 3944 vixit
3613 3897 3673 3945 et

2062 3980 2197 4046 Deo,
2241 3996 2433 4033 verum
2492 3978 2750 4032 omnibus
2804 3978 2963 4032 nobis
3009 3977 3141 4031 vixit
3164 3978 3234 4033 ad
3260 3979 3584 4049 exemplum
3612 3986 3671 4034 et

2062 4068 2395 4131 doctrinam,
2428 4074 2491 4121 ut
2519 4085 2619 4121 nos
2650 4068 2876 4122 doceret
2904 4067 3086 4121 vivere
3116 4067 3250 4121 Deo.
3283 4068 3354 4121 Et
3379 4067 3507 4121 ideo
3537 4070 3669 4139 ejus

2062 4156 2243 4210 vivere
2276 4155 2436 4210 nobis
2465 4156 2689 4228 profuit,
2712 4156 2801 4211 cui
2822 4172 2948 4210 cum
2978 4156 3246 4227 Apostolo
3266 4156 3408 4210 mori
3435 4156 3666 4213 lucrum

2060 4246 2183 4301 fuit.
2220 4246 2361 4299 Hinc
2391 4246 2668 4317 supplices
2687 4262 2997 4311 exoremus,
3036 4250 3101 4298 ut
3128 4245 3385 4300 Christus
3415 4244 3513 4315 qui
3542 4245 3667 4302 Deo

386 4319 643 4403 mortuus
674 4350 761 4399 est
788 4319 961 4397 etiam
989 4338 1281 4402 Christus;
1330 4342 1391 4389 et
1434 4333 1618 4388 omnis
1658 4319 2214 4403 quicunqueDPatri
2243 4336 2561 4385 sanctorum
2592 4331 2753 4384 offert
2782 4335 2926 4396 vota,
2961 4329 3079 4401 ipse
3105 4330 3163 4382 in
3202 4328 3363 4384 nobis
3393 4346 3494 4400 pro
3533 4332 3666 4403 ejus

383 4438 558 4493 vitam
584 4431 896 4507 gustaverit
923 4431 1109 4493 istam,
1149 4426 1440 4491 morietur,
1470 4440 1541 4478 ne
1567 4424 1719 4477 ultra
1749 4438 1978 4493 peccare
2059 4426 2361 4489 augmento
2392 4419 2721 4473 meritorum
2761 4436 2866 4473 sua
2900 4418 3151 4472 conferat
3178 4417 3345 4485 dona,
3387 4435 3511 4488 quae
3550 4419 3668 4473 lar-

383 4524 750 4600 possit..Unde
770 4538 885 4578 una
911 4516 1182 4592 spiritalis
1210 4521 1458 4581 vocatur,
1478 4513 1658 4567 altera
1681 4512 1973 4578 naturalis,
2056 4510 2184 4580 gius
2209 4509 2278 4563 ad
2300 4509 2584 4563 cumulum
2606 4507 2878 4562 mercedis
2900 4508 3021 4579 ejus
3042 4507 3348 4600 offerantur
3360 4507 3663 4600 i)eo_l_3atri

380 4590 552 4671 tertia
580 4590 803 4686 quoque
841 4590 1094 4682 pmnalis.
1130 4604 1239 4661 Sed
1288 4621 1411 4676 quae
1438 4601 1713 4657 naturalis
1732 4602 1852 4671 jam
1880 4615 1977 4654 vo-
2060 4615 2159 4671 pro
2187 4615 2271 4663 eo,
2300 4603 2364 4652 ut
2392 4597 2561 4651 simul
2590 4602 2781 4652 nostra
2804 4603 2974 4686 atque
3003 4597 3126 4686 ejus
3251 4595 3411 4650 nobis
3441 4595 3663 4686 oblatio

382 4712 562 4769 catur,
597 4684 863 4774 “quamvis
893 4696 1229 4771 quibusdam
1260 4692 1496 4765 poenalis
1521 4691 1795 4755 videatur,
1860 4706 1973 4743 non
2055 4704 2157 4758 per
2202 4687 2487 4741 Christum
2544 4691 2774 4757 accepta
2800 4686 2876 4739 sit
2902 4685 2959 4738 in
2990 4684 3326 4739 sacriﬁcium
3356 4684 3665 4755 sempiter-

381 4810 508 4849 eam
538 4808 638 4864 pro
666 4807 837 4861 poena
866 4785 1119 4844 Dominis
1144 4783 1317 4851 dedit,
1342 4787 1407 4837 ut
1434 4780 1543 4852 ipsi
1572 4780 1765 4834 volunt
1793 4779 1889 4849 qui
1904 4779 1974 4832 de
2058 4793 2223 4831 num:
2255 4781 2533 4850 quatenus
2561 4791 2800 4845 quorum
2830 4774 2889 4829 in
2932 4779 3289 4830 sacramento
3313 4790 3486 4841 sacrae
3518 4790 3663 4829 con-

379 4884 525 4939 bono
549 4863 750 4935 mortis
773 4880 1118 4949 scripserunt
1142 4873 1330 4937 libros,
1355 4872 1455 4927 sed
1484 4887 1585 4942 pro
1614 4868 1860 4924 remedio
1882 4868 1976 4923 da~
2056 4865 2313 4922 fessionis
2351 4882 2465 4921 una
2504 4864 2611 4920 fuit
2653 4863 2940 4935 professio,
2990 4879 3106 4918 una
3133 4863 3210 4917 sit
3229 4866 3287 4917 et
3314 4869 3538 4918 aeternae
3569 4880 3660 4917 re-

378 4979 492 5028 tam
518 4971 733 5037 dicunt,
753 4967 1016 5039 quoniam
1028 4965 1162 5021 Adae
1185 4962 1337 5018 aliud
1367 4959 1755 5033 priescriptum
1785 4964 1872 5012 est
1895 4958 1967 5012 ad
2051 4953 2459 5010 munerationis
2486 4952 2843 5025 participatio
2870 4952 2928 5006 in
2956 4951 3182 5022 gaudio.

374 5078 618 5136 penam,
639 5066 696 5115 et
723 5056 875 5112 aliud
904 5055 976 5109 ad
993 5054 1326 5110 remedium.
1356 5053 1501 5107 Nam
1528 5066 1628 5121 pro
1658 5064 1823 5120 pmna
1841 5064 1970 5102 cum
2141 5135 2158 5136 ἰ
2266 5134 2279 5136 _
2591 5051 2852 5136 _CAPUT
2890 5051 3077 5136 x_x1v.

371 5129 576 5211 dicitur
600 5169 612 5205 :
638 5151 781 5218 Quia
795 5147 1005 5201 audisti
1028 5159 1205 5197 vocem
1224 5144 1415 5197 uxoris
1436 5145 1541 5195 tum
1559 5142 1853 5208 plusquam
1866 5154 1967 5203 me,
2125 5134 2286 5198 Quod
2316 5138 2506 5188 autem
2539 5132 2611 5186 ad
2641 5138 2864 5187 internae
2895 5132 3020 5191 vitm
3046 5131 3256 5202 gaudia
3284 5130 3550 5201 angelicis
3578 5129 3655 5185 sit

370 5249 420 5297 et
456 5239 808 5296 manducaui
844 5236 907 5289 de
935 5250 1039 5302 quo
1055 5246 1411 5300 pracepcram
1452 5246 1517 5283 nc
1558 5228 1942 5292 manducares,
2053 5224 2172 5295 ipse
2205 5225 2528 5295 deportatus
2569 5222 2861 5288 manibus,
2893 5221 3200 5277 venerabili
3240 5221 3518 5277 referente
3546 5218 3654 5274 Er-

368 5331 831 5387 maledictatcrra
852 5328 913 5379 in
930 5338 1082 5393 opere
1104 5326 1215 5385 tuo,
1238 5335 1337 5372 seu
1362 5326 1580 5384 caetera,
1602 5318 1767 5372 donec
1792 5332 1968 5371 rcvcr—
2047 5313 2341 5384 mengardi
2372 5312 2566 5383 regina
2607 5312 2837 5367 omnino
2874 5312 3251 5384 cognovimus.
3297 5310 3433 5375 Quae
3475 5324 3652 5380 quam

370 5424 510 5478 tari:
550 5424 614 5475 in
661 5426 894 5486 terram,
933 5417 996 5470 de
1032 5429 1141 5483 qua
1175 5414 1425 5478 sumptus
1460 5426 1510 5462 es
1545 5408 1698 5477 (Gen.
1730 5423 1815 5474 In,
1845 5408 1959 5478 17).
2047 5420 2194 5475 saepe
2249 5403 2356 5475 piae
2412 5401 2816 5457 recordationis
2851 5403 3052 5458 alfectu
3084 5400 3327 5467 aiebat',
3384 5400 3443 5452 in
3492 5398 3650 5452 exitu

433 5555 460 5588 α
498 5545 602 5608 His
646 5542 829 5600 verbis
879 5541 1017 5599 satis
1038 5537 1228 5597 innuit
1253 5537 1448 5592 auctor
1488 5533 1637 5589 hunc
1681 5533 1889 5592 librum
1915 5533 2186 5607 scriptum
2232 5544 2355 5589 esse
2382 5533 2509 5602 post
2554 5534 2796 5588 mortem
2842 5526 3241 5601 Ermengardis
3285 5524 3499 5598 reginae
3545 5539 3650 5581 seu
