4000 6170
292 285 433 346 1649

1229 292 1453 348 INDEX
1496 295 1573 349 IN
1611 293 1994 351 PASCHASII
2036 290 2406 348 COMMENT.
2448 290 2632 345 BIBL.

3423 284 3561 347 1650

289 414 434 469 tanti
461 414 583 480 viri,
619 422 675 472 et
702 417 763 472 in
789 418 927 474 hora
955 417 1140 473 obitus
1177 419 1269 488 eju
1320 420 1541 475 misisse
1577 438 1635 476 se
1674 438 1774 493 per
1802 421 1888 476 di-
1903 420 1956 483 A
1973 424 2031 474 et
2067 418 2158 473 die
2185 417 2380 472 eadem
2406 432 2535 471 eum
2547 414 2729 470 obisse
2748 415 2808 471 in
2822 432 2933 488 qua
2946 414 3128 488 ipsum
3149 414 3334 487 angeli
3350 415 3562 472 detule-

290 517 454 556 versa
481 504 657 559 Italiae
681 505 821 571 loca,
853 510 917 559 ut
936 505 1141 576 singuli
1174 504 1318 560 beati
1358 508 1461 562 viri
1492 510 1738 564 animam
1768 527 1891 581 pre-

290 590 447 645 cibus
466 592 703 648 Domino
726 595 1203 658 commendarent.
1222 596 1375 650 Inter
1391 614 1531 668 quae,
1557 600 1703 669 quod
1727 599 1888 654 mise-

289 678 365 734 rit
391 680 560 735 etiam
602 682 672 736 ad
720 683 1123 738 monasterium
1161 702 1327 739 suum
1364 687 1526 741 valde
1573 688 1881 759 egregium,

290 770 438 840 quod
492 776 577 825 est
623 771 769 825 infra
825 773 1039 827 moenia
1088 773 1263 828 Brixae
1292 781 1310 803 ³
1354 775 1593 830 civitatis
1647 778 1884 832 Domino

289 858 626 925 dedicatum,
656 861 871 915 distans
894 878 927 915 a
947 862 1138 916 Ticino
1159 862 1333 918 ferme
1354 865 1729 936 quadraginta
1756 867 1883 921 mil-

288 946 455 1010 libus,
492 949 550 1002 in
598 966 707 1020 quo
759 951 1269 1006 sanctimonialium
1318 954 1617 1009 multitudo
1649 955 1887 1011 Domino

286 1036 612 1103 famulatur,
647 1038 910 1093 similiter
935 1041 1015 1094 eis
1046 1041 1370 1112 praecipiens
1410 1043 1664 1098 obnixius
1703 1051 1759 1099 et
1787 1045 1885 1099 ob-

287 1141 529 1191 secrans,
564 1132 629 1181 ut
653 1127 876 1182 beatam
926 1130 1177 1183 animam
1233 1131 1331 1184 viri
1376 1132 1477 1186 Dei
1518 1133 1739 1188 Christo
1769 1135 1884 1189 Deo

283 1214 542 1284 precibus
571 1218 1046 1271 commendarent.
1061 1218 1144 1271 Ad
1169 1220 1314 1290 quod
1338 1221 1705 1292 municipium
1726 1223 1883 1277 missi

281 1318 409 1357 cum
439 1305 824 1375 pervenissent
844 1306 1060 1373 directi,
1080 1308 1414 1363 invenerunt
1428 1311 1651 1364 easdem
1673 1311 1880 1366 Christi

280 1391 518 1447 famulas
549 1394 617 1448 de
647 1394 800 1449 obitu
826 1396 1041 1466 praefati
1073 1396 1173 1450 viri
1196 1399 1314 1467 jam
1343 1403 1765 1468 pertractantes,
1800 1409 1882 1454 at-

280 1497 388 1552 que
404 1482 600 1537 horam
623 1489 679 1538 et
694 1489 917 1555 tempus
939 1486 1119 1539 exitus
1141 1487 1263 1556 ejus
1289 1488 1565 1557 prsescias,
1586 1489 1878 1559 loquentes

278 1570 349 1624 ad
396 1570 651 1625 invicem.
707 1572 972 1644 Tuncque
1019 1575 1239 1628 reiectis
1282 1575 1455 1630 sacris
1499 1576 1701 1631 litteris
1739 1595 1878 1649 quas

278 1658 473 1729 regina
503 1660 754 1725 miserat,
781 1661 1118 1717 invenerunt
1146 1664 1336 1717 omnia
1365 1664 1433 1717 de
1459 1681 1544 1730 eo,
1581 1670 1643 1719 ut
1668 1666 1777 1721 illis
1807 1665 1877 1721 ab

1970 514 2099 562 rant
2127 524 2255 562 cum
2281 505 2558 560 laudibus.
2593 505 2750 559 Unde
2778 508 2998 559 constat
3028 521 3232 559 verum
3262 521 3383 559 esse
3411 505 3563 576 quod

1971 598 2258 669 Scriptura
2276 602 2543 650 testatur:
2564 596 2754 648 Beatus
2773 597 2863 647 vir
2877 596 2975 662 qui
2986 596 3176 660 suffert
3189 596 3565 663 tentationem,

1969 690 2234 756 quoniam
2263 703 2389 740 cum
2414 685 2677 753 probatus
2704 684 2898 750 fuerit,
2919 685 3143 750 accipiet
3163 697 3422 736 coronam
3446 685 3564 735 vitae

1970 780 2099 845 (Jac.
2129 790 2166 841 ι,
2208 774 2316 842 12).
2353 775 2422 828 Et
2449 778 2514 827 ut
2562 773 2679 826 haec
2726 771 2805 824 ita
2852 786 2973 823 esse
3016 770 3314 823 manifesta
3342 770 3562 835 ﬂerent,

1967 864 2253 919 verissimo
2277 863 2458 917 relatu
2485 862 2555 916 ab
2585 859 2845 914 omnibus
2865 858 3195 912 mandatum
3217 863 3304 912 est
3333 858 3560 929 reginae,

1970 955 2118 1025 quod
2148 955 2272 1008 duae
2300 950 2694 1007 tantummodo
2722 949 2840 1005 haec
2867 947 3005 1002 talia
3029 952 3087 1001 et
3122 944 3425 1001 inetl'abilia
3453 947 3563 1002 alia

1968 1043 2275 1097 audissent.

2038 1132 2146 1186 Sed
2166 1131 2308 1185 forte
2348 1129 2419 1183 ad
2442 1129 2559 1183 haec
2589 1126 2937 1199 sycophanta
2965 1123 3200 1197 quilibet
3241 1122 3561 1178 incredulus

1965 1221 2215 1275 dicturus
2245 1224 2347 1284 est,
2379 1219 2559 1272 virum
2588 1215 2761 1271 tantis
2789 1214 3101 1287 expositum
3133 1211 3560 1278 tentationibus,

1965 1315 2022 1364 et
2040 1311 2318 1380 jactatum
2347 1307 2642 1379 pressuris,
2676 1305 2811 1359 talia
2840 1321 2949 1358 non
2994 1302 3390 1375 promeruisse,
3423 1318 3564 1373 prae-

1963 1399 2158 1453 sertim
2201 1414 2327 1451 cum
2363 1397 2482 1468 ipse
2524 1395 2698 1466 judex
2745 1393 3022 1471 Christus,
3064 1393 3157 1463 qui
3204 1390 3458 1463 exposuit
3505 1395 3562 1446 et

1961 1487 2233 1558 probavit,
2263 1484 2560 1557 probatum
2588 1489 2799 1548 autem,
2830 1488 2895 1537 ut
2921 1481 3221 1547 credimus,
3238 1496 3560 1535 remunera-

1962 1577 2059 1642 vit,
2079 1576 2223 1630 sicut
2241 1574 2500 1647 promisit
2518 1573 2575 1627 in
2598 1572 2918 1643 Evangelia,
2951 1570 3176 1624 dicens:
3214 1571 3377 1638 Euge,
3409 1584 3557 1623 serve

1964 1668 2093 1720 bone
2123 1670 2170 1719 et
2202 1667 2397 1732 ﬁdelis,
2450 1666 2585 1733 quia
2616 1665 2679 1715 in
2721 1677 2902 1730 pauca
2940 1660 3104 1728 fuisti
3145 1659 3336 1725 fidelis,
3384 1673 3557 1726 supra

277 1747 492 1817 angelis
522 1748 867 1805 declaratum
885 1751 1085 1805 fuerat.
1111 1753 1253 1807 Nam
1275 1753 1767 1808 exstiterantinter
1783 1773 1940 1833 easB
1960 1758 2141 1808 multa
2171 1759 2218 1807 te
2246 1756 2600 1816 constituam,
2634 1753 2790 1805 intra
2818 1752 2879 1802 in
2911 1749 3184 1816 gaudium
3214 1747 3433 1800 domini
3471 1748 3558 1799 tui

276 1835 399 1890 duae
432 1837 820 1893 sacratissima:
847 1840 1110 1910 virgines,
1144 1857 1267 1912 quae
1297 1841 1412 1896 haec
1441 1843 1631 1896 omnia
1660 1843 1791 1911 illis,
1814 1850 1878 1899 ut

276 1924 667 1995 praedixerant,
699 1928 1071 1995 testabantur,
1103 1946 1168 1983 eo
1202 1931 1349 2001 quod
1379 1931 1876 1987 audissentchoros

276 2014 575 2083 angelicos,
625 2016 681 2069 in
729 2017 951 2083 coelum,
1011 2019 1173 2088 quasi
1222 2035 1324 2089 per
1361 2019 1619 2073 eumdem
1667 2020 1872 2085 locum,

274 2102 523 2156 animam
553 2102 701 2158 beati
733 2105 833 2158 viri
859 2106 1192 2159 deferentes.
1243 2107 1328 2159 Ad
1373 2108 1533 2176 cujus
1580 2109 1876 2179 exsequias

273 2189 421 2244 inter
448 2198 649 2245 caetera
678 2193 949 2263 hymnum
990 2196 1050 2247 Tc
1078 2196 1250 2248 Deum
1273 2196 1585 2260 laudamus,
1623 2202 1668 2250 te
1696 2199 1878 2252 Domi-

277 2295 413 2331 num
440 2283 783 2346 conﬁtemur,
819 2282 1049 2335 alternis
1078 2282 1301 2337 vocibus
1327 2300 1482 2338 more
1503 2285 1874 2342 ecclesiastico

277 2366 676 2434 decantabant,
698 2374 753 2423 et
776 2370 1255 2441 symphonizando
1283 2372 1433 2426 beati
1463 2373 1565 2427 viri
1584 2375 1874 2446 exsequias

279 2454 370 2524 pio
398 2457 637 2511 Domino
657 2458 1141 2513 commendabant.
1165 2461 1314 2523 Quas
1340 2477 1466 2515 cum
1497 2463 1622 2517 duas
1651 2469 1873 2520 tantum

276 2543 441 2613 longe
467 2545 563 2599 diu
592 2546 785 2601 laudes
814 2548 1193 2618 intenderent,
1224 2549 1452 2605 demum
1499 2560 1874 2610 convocarunt

277 2632 521 2703 reliquas
550 2651 762 2703 omnes,
791 2642 855 2690 ut
893 2643 948 2690 et
992 2638 1126 2708 ipsae
1177 2638 1401 2693 easdem
1433 2640 1694 2695 audirent
1726 2661 1736 2695 :
1771 2644 1870 2698 sed

276 2722 488 2776 nemini
536 2740 726 2778 earum
783 2725 1087 2781 admodum
1144 2743 1467 2782 concessum
1515 2734 1617 2795 est,
1661 2730 1720 2785 ni
1759 2731 1870 2787 illis

276 2810 493 2866 duabus
535 2813 907 2880 solummodo,
942 2820 1003 2869 ut
1036 2820 1207 2870 testes
1254 2817 1554 2872 existerent
1581 2819 1859 2880 veritatis.

276 2899 506 2966 Quibus,
523 2905 587 2955 ut
605 2901 738 2968 dixi,
759 2902 1451 2972 italoquentibus,relectis
1472 2908 1646 2963 sacris
1666 2909 1869 2965 litteris

277 3004 415 3058 quas
442 2989 660 3060 praefati
689 2990 1007 3045 detulerant
1034 2993 1325 3061 veredarii,
1367 2994 1701 3051 invenerunt
1728 2999 1869 3053 hora

274 3128 663 3255 isrgpegatricii,
708 3133 964 3203 conjugis
994 3135 1244 3190 Lotharii
1271 3137 1533 3207 Augusti,
1567 3155 1690 3209 quae
1719 3156 1867 3196 anno

451 3219 620 3255 ecessr
656 3243 667 3255 .

451 3204 667 3256 ecessit.

344 3273 499 3352 aﬂSic,
517 3281 754 3352 veteres,
774 3279 838 3328 ut
866 3275 1113 3352 Riculqu
1137 3277 1552 3352 suessionensis
1582 3279 1873 3352 episcopus

272 3340 328 3419 i_n
354 3344 787 3419 Constitutionis
813 3362 933 3419 cap.
968 3348 1056 3419 19.
1090 3365 1152 3401 ex
1184 3349 1454 3418 Gregorio
1486 3340 1709 3419 Magno.
1753 3340 1871 3407 Nos

273 3413 516 3468 Brixiam
550 3416 806 3470 dicimus.
830 3413 1027 3471 Brixiae
1047 3413 1451 3474 monasterium
1473 3413 1652 3475 sancti
1677 3423 1868 3478 Salva-

271 3485 730 3560 torisetsanctae
741 3486 901 3560 Julia:
918 3488 1134 3543 celebre
1148 3491 1265 3560 jam
1286 3495 1405 3544 tum
1427 3498 1566 3555 erat,
1593 3492 1663 3546 ab
1691 3495 1861 3560 Ansa,

269 3554 545 3630 Desiderii
575 3559 1070 3630 Langobardorum
1102 3554 1250 3630 regis
1276 3578 1463 3627 uxore,
1496 3554 1859 3619 aediﬁcatuan

271 3627 868 3705 quod‘l‘lermingarda:
899 3631 1054 3705 uxori
1078 3627 1215 3697 suas,
1249 3638 1305 3686 et
1344 3640 1470 3703 post
1512 3635 1689 3705 ipsius
1722 3653 1866 3690 mor-

270 3703 384 3750 tem
410 3698 575 3752 Gislae
605 3698 733 3753 ﬁliae
746 3703 1194 3756 commendatum
1220 3698 1550 3759 esse'voluit'
1568 3707 1864 3761 Lotharius

268 3768 578 3841 Augustus,
605 3772 735 3824 dato
774 3772 1078 3841 diplomate
1113 3775 1257 3841 quod
1309 3780 1488 3828 exstat
1528 3776 1585 3829 in
1630 3777 1861 3832 Bullarii

269 3838 586 3916 Uasinensis
633 3848 784 3916 tomo
815 3838 885 3916 ll,
920 3860 1051 3913 pag.
1083 3838 1180 3916 ‘25;
1242 3851 1297 3899 et
1336 3862 1462 3916 pag.
1512 3846 1578 3903 33
1624 3848 1864 3903 habetur

266 3909 708 3990 aliudﬂliudovici
730 3915 790 3990 II.
810 3909 1289 3990 imp-oratorispro
1316 3909 1695 3990 anniversario
1717 3921 1861 3990 ejus-

266 3981 390 4056 dem
421 3982 584 4038 Gisia:
618 3984 825 4038 sororis
855 3981 987 4049 suae,
1033 3981 1280 4056 ejusdem
1312 3988 1417 4040 loci
1449 3981 1764 4045 abbatissae:
1795 3992 1857 4045 In

265 4053 461 4127 eodem
494 4056 832 4110 monasterio
862 4053 1212 4127 Engilbi-rga,
1244 4057 1420 4127 ipsius
1451 4060 1711 4114 Ludovici
1733 4078 1857 4116 con-

259 4123 378 4193 jux,
414 4131 634 4179 mortuo
668 4130 782 4180 viro
814 4144 914 4181 suo
944 4123 1383 4182 sanctimonialis
1413 4130 1610 4184 affecta
1641 4138 1746 4186 est.

336 4194 361 4233 ι)
384 4194 629 4251 Paucula
654 4198 788 4259 haec,
821 4215 942 4269 quae
974 4199 1253 4268 punctulis
1284 4206 1477 4254 notata
1519 4203 1701 4265 omisi,
1735 4220 1855 4257 om-

264 4264 395 4319 nino
423 4284 647 4341 corrosa
676 4264 1019 4341 exciderunt,
1053 4287 1153 4323 nec
1182 4287 1317 4323 sane
1346 4272 1534 4341 magni
1573 4264 1705 4327 sunt
1740 4291 1856 4328 mo-

1962 1844 2176 1907 (Matth.
2209 1859 2328 1906 xxv,
2361 1840 2452 1909 21)
2480 1859 2491 1893 :
2523 1840 2610 1893 fac
2637 1855 2771 1909 ergo
2797 1838 2936 1891 falsa
2957 1853 3078 1890 esse
3109 1851 3231 1906 quae
3260 1835 3401 1897 dico,
3426 1850 3556 1888 cum

1958 1932 2072 1986 sint
2088 1946 2310 1985 vera....
2335 1946 2457 2000 quae
2479 1929 2548 1983 de
2577 1944 2642 1982 eo
2672 1933 2822 1981 retro
2843 1930 3164 1979 narrantur.
3188 1923 3398 1978 Idcirco
3426 1936 3556 1993 pro-

1958 2018 2093 2090 priis
2117 2017 2398 2088 justisque
2429 2056 2465 2069 ..
2494 2020 2582 2070 est
2600 2033 2635 2069 a
2652 2015 2787 2077 Deo,
2803 2019 3024 2069 aeterna;
3041 2012 3165 2067 vitae
3184 2010 3416 2083 praemia
3430 2025 3555 2082 per-

1958 2108 2235 2178 cepisse...
2267 2122 2368 2177 pro
2397 2121 2462 2158 eo
2495 2121 2562 2158 ex
2591 2103 2890 2174 Evangelio
2910 2102 3186 2157 dicentem
3216 2100 3436 2170 (Matth.
3460 2115 3547 2165 xx,

1956 2194 2042 2266 23)
2078 2214 2088 2248 :
2122 2194 2335 2262 Amice,
2367 2210 2481 2248 non
2509 2192 2650 2247 facio
2679 2192 2781 2247 tibi
2811 2191 3148 2262 injuriam...
3172 2188 3350 2260 gratis
3377 2187 3546 2242 dono.

1956 2285 2155 2339 Nonne
2202 2291 2260 2338 et
2294 2288 2357 2338 tu
2402 2281 2708 2337 convenisti
2760 2297 2981 2335 mecum
3029 2295 3095 2333 ex
3145 2277 3374 2334 denario
3423 2276 3550 2330 vitae

1956 2372 2218 2428 aeternae?
2269 2374 2471 2427 Annon
2496 2371 2629 2426 licet
2653 2369 2791 2424 mihi
2821 2369 3003 2424 facere
3041 2368 3191 2439 quod
3218 2368 3342 2420 volo
3356 2366 3381 2419 '2
3419 2381 3552 2437 quo-

1955 2463 2108 2517 niam
2122 2479 2234 2516 non
2252 2462 2362 2516 nisi
2380 2461 2559 2532 gratis
2578 2460 2747 2515 alicui
2766 2458 2974 2529 aliquid
2999 2456 3244 2530 rependo
3255 2453 3546 2522 mercedis,

1956 2552 2089 2623 quia
2119 2568 2222 2622 ego
2257 2551 2437 2605 bonus
2473 2566 2618 2604 sum.
2650 2551 2738 2603 An
2775 2548 2967 2603 oculus
3002 2552 3133 2602 tuus
3168 2560 3413 2616 nequam
3444 2548 3548 2610 est,

1955 2642 2103 2712 quod
2131 2640 2309 2711 gratis
2338 2640 2668 2711 impendo...
2707 2638 2847 2693 nulli
2894 2636 3002 2690 nisi
3051 2635 3245 2706 quia...
3276 2649 3343 2687 ex
3381 2648 3551 2704 opere

1951 2732 2086 2785 Deo.
2112 2730 2291 2797 Unde,
2318 2746 2527 2802 quaeso,
2558 2728 2737 2799 gratis
2765 2742 2999 2797 agamus
3030 2724 3164 2791 Deo,
3198 2724 3419 2789 fratres,
3451 2720 3550 2793 qui

1950 2820 2079 2874 huic
2127 2820 2237 2874 ista
2283 2818 2572 2885 concessit,
2609 2823 2668 2872 et
2713 2815 2874 2871 nobis
2923 2830 2981 2870 se
3021 2812 3298 2886 promisit,
3331 2811 3468 2866 talia
3495 2810 3548 2865 ei

1950 2909 2290 2980 praestitisse.
2304 2953 2315 2965 .
2327 2907 2416 2963 ,δη

1911 3120 1933 3146 ³
1950 3141 2268 3197 Radbertus
2292 3139 2606 3213 superiores
2634 3139 2703 3193 de
2730 3137 2908 3213 Walae
2950 3135 3141 3213 gestis_
3170 3133 3341 3213 libros
3380 3132 3544 3199 duos,

1950 3218 2015 3265 ut
2037 3213 2197 3267 initio
2227 3205 2555 3288 pgaemonui,
2576 3209 2883 3288 inscripsit,
2915 3205 3044 3288 eum
3076 3206 3147 3260 ad
3173 3205 3401 3288 modum
3436 3221 3548 3288 quo

1955 3283 2132 3337 Ursus
2170 3280 2308 3337 SIR
2358 3284 2418 3336 E.
2451 3280 2843 3345 subdiaconus,
2877 3280 3000 3333 e'us
3028 3280 3300 3347 temporis
3328 3282 3542 3343 auctor,

1955 3353 2146 3403 Basilii
2177 3352 2369 3403 Magni
2394 3353 2732 3403 Eprmpmuu
2758 3296 3003 3403 appellat
3039 3349 3351 3402 orationem
3379 3348 3542 3402 fune-

1955 3353 2146 3429 _Basilii
2177 3352 2369 3429 Magni
2394 3353 2739 3429 Epimpuwu
2758 3348 3022 3429 appellat_
3039 3349 3351 3429 orationem
3379 3348 3545 3402 fune-

1952 3422 2106 3500 brem
2134 3419 2301 3500 quam
2336 3423 2405 3476 de
2426 3439 2499 3500 _eo
2512 3422 2749 3500 scripsit
2789 3419 3101 3500 pregorius‘
3126 3419 3539 3500 Naaianz'enus...

1949 3495 2127 3549 Locus
2150 3488 2395 3549 habetur
2423 3494 2481 3548 in
2512 3488 2655 3547 Ursi'
2669 3488 2993 3563 praefatione
3035 3490 3107 3563 ad
3135 3490 3323 3543 Vitam
3350 3488 3544 3563 Basilii

1946 3565 2333 3637 Amphilochia
2356 3560 2687 3635 ascriptum,
2711 3563 2800 3616 his
2817 3561 3001 3637 verbis
3025 3560 3201 3637 :._S‘_ane
3231 3561 3543 3637 notandum

1948 3644 2021 3690 est
2044 3633 2174 3714 quia
2189 3654 2315 3714 cum
2328 3633 2559 3714 quidam
2576 3639 2769 3714 legunt
2788 3637 2849 3687 in
2871 3633 2955 3687 his
2965 3634 3177 3714 actibus
3190 3635 3540 3714 quasaactus

1946 3702 2356 3777 Amphilochius
2384 3709 2625 3775 scripsit,
2659 3707 2986 3773 discrepassc
3028 3707 3328 3777 autum_ant
3355 3703 3426 3756 ab
3452 3702 3539 3755 his

1947 3773 2064 3846 qua}
2099 3784 2321 3832 sanctus
2348 3773 2644 3845 Gregorius
2669 3778 3065 3853 Nazianzenus
3098 3776 3169 3853 in
3202 3773 3543 3853 ΕριξξτΑῐδΗιο

1943 3845 2109 3917 hujus
2140 3853 2333 3918 magni
2351 3852 2465 3902 viri
2483 3852 2886 3902 commemorat.
2903 3846 3082 3910 Quem
3098 3845 3278 3898 locum
3300 3845 3381 3897 ita
3391 3859 3538 3898 com-

1944 3917 2242 3974 mentatur’
2272 3919 2637 3974 Rosweidus:
2689 3938 2711 3970 ι
2763 3917 2956 3973 Basilii
3015 3918 3378 3979 EPITAPHIUM,
3435 3931 3536 3970 seu

1943 3992 2120 4046 oratio
2151 3990 2418 4067 funebris,
2449 4008 2484 4067 ἓ
2511 3990 2780 4067 Gregorio
2810 3988 3158 4067 Nazianaeno
3196 3986 3530 4067 conscripta,

1942 4063 2180 4132 habetur
2208 4068 2359 4116 torno
2387 4064 2411 4117 Ι
2444 4059 2692 4132 Operam
2728 4059 2989 4132 Gregorii
3026 4059 3380 4121 Nazianzeni,
3413 4073 3535 4132 ora-

1940 4135 2092 4214 tione
2121 4131 2209 4214 τὶς).
2243 4134 2396 4214 Idem
2428 4128 2649 4204 quoque
2676 4128 3422 4214 Epitaphium‘set'l'carm'en
3450 4128 3534 4185 fu-

1940 4204 2110 4258 nebre
2139 4204 2207 4258 de
2236 4201 2777 4274 eodem—composuit
2806 4201 2861 4265 »ζ
2878 4207 2984 4257 etc.
3016 4202 3106 4257 Sic
3133 4201 3310 4274 Walaa
3342 4201 3533 4274 Epriu-

1939 4290 2110 4329 PHIUM
2138 4275 2454 4329 Radbertus
2476 4272 2633 4329 vocat
2664 4291 2831 4329 suum
2858 4274 3033 4345 ipsius
3051 4274 3119 4328 de
3147 4273 3313 4327 Wala
3341 4272 3531 4345 lauda-

262 4337 457 4417 menti.
495 4340 572 4417 _In
607 4340 716 4417 line
750 4340 1018 4417 hic_unus
1063 4347 1291 4417 tantum
1331 4337 1549 4417 vers'us_
1567 4344 1742 4417 deest,
1770 4347 1853 4417 in
1937 4346 2141 4399 torium
2174 4364 2335 4417 opus,
2367 4346 2515 4416 quod
2555 4345 2746 4400 statim
2778 4345 2847 4400 ab
2876 4337 2999 4417 ejus
3028 4354 3228 4412 morte,
3261 4344 3529 4399 orationis

264 4423 373 4477 quo
392 4408 597 4463 desinit
622 4410 821 4465 WALsa.
844 4412 1210 4466 Erimpmum.
1238 4412 1328 4467 Sic
1345 4414 1495 4467 enim
1518 4408 1847 4469 Paschasius
1872 4436 1922 4496 D
1939 4417 2189 4471 funebris
2209 4408 2344 4485 vice,
2368 4408 2667 4488 aggressus
2692 4423 2802 4475 est.

1618 4714 2181 4844 INDEX

760 4915 1177 4988 RERUM
1262 4916 1396 4988 ET
1483 4918 2158 4991 VEBBORUM
2250 4916 3019 4994 NOTABILIUM

807 5091 1308 5148 EXPOSITIONIS
1347 5092 1420 5149 IN
1463 5096 1754 5161 MATTH.,
1796 5099 1872 5154 IN
1910 5098 2111 5165 PSAL,
2149 5098 2321 5153 XLIV
2360 5098 2448 5152 ET
2487 5097 2563 5152 IN
2601 5095 2958 5153 THRENOS:

659 5324 1016 5405 (Revocalur
1058 5323 1268 5385 Lector
1309 5325 1392 5387 ad
1431 5346 1704 5389 numeros
1746 5328 2034 5389 crassiori
2069 5328 2412 5390 charactere
2456 5328 2517 5389 in
2563 5337 2727 5390 textu
2772 5329 3123 5412 expressos.)

719 5563 786 5632 Α⁸
826 5625 858 5632 __
962 5630 966 5632 _
1414 5567 1537 5632 Abel
1564 5566 1612 5616 in
1632 5567 1792 5632 ﬁgura
1812 5569 1995 5632 Christi
2022 5567 2226 5632 occisus,
2252 5567 2361 5619 820.

1415 5629 1951 5705 »δρίυςιιίειςεοειαιιτςξ-
2013 5692 2022 5703 .
2165 5692 2174 5705 .

1415 5692 1717 5743 Abominatio
1740 5692 2068 5757 desolationis,
2094 5692 2209 5759 quid
2235 5693 2343 5744 989.

273 5623 544 5691 Athrggiati
573 5625 674 5675 dies
706 5625 788 5688 qui
812 5625 1052 5686 dicantur,
1075 5632 1121 5677 et
1146 5641 1269 5691 qua-

214 5686 341 5748 liter,
361 5686 469 5739 993.

2555 5570 2793 5619 Abraham
2817 5566 2931 5631 quid
2966 5566 3225 5631 significat,
3251 5568 3330 5631 65,
3355 5568 3435 5627 66,
3470 5569 3551 5620 67.

2492 5633 2734 5682 Abraham
2772 5628 2856 5694 cur
2899 5628 2949 5677 in
2985 5628 3227 5694 principio
3269 5628 3556 5694 genealogia

2493 5644 2734 5682 Abi-annm
2772 5644 2856 5680 cur
2899 5644 2949 5677 In
3023 5644 3142 5679 nnc:
3182 5644 3227 5679 ιο
3269 5644 3556 5694 genealogm

2493 5693 2683 5747 Christi
2728 5692 2948 5755 ponitur,
3098 5646 3339 5744 Abraham
3382 5708 3465 5745 cur
3499 5695 3556 5745 do
