4182 6446
247 455 3617 484 ﬂ

1640 639 1815 682 ANNO
1853 637 2092 680 DOMINI
2132 636 2244 679 MV.

1435 832 2458 1006 ANONYMI

421 1171 1077 1369 VITA
1215 1164 1398 1373 S.
1526 1162 2094 1368 NILI
2223 1161 3454 1370 JUNIORIS

938 1513 1259 1577 ABBATIS
1298 1512 1626 1577 CRYPTzE
1668 1509 2050 1576 FERRATE
2093 1509 2178 1574 IN
2221 1506 2428 1571 AGRO
2471 1506 2926 1571 TUSCULANO

1202 1770 2058 1870 COMMENTARIUS
2161 1769 2670 1861 PRIEVIUS

657 1939 842 2020 (Acta
877 1939 1272 2003 Sanctorum
1303 1940 1634 2020 Bolland.,
1671 1938 2022 2023 Septembr.
2055 1942 2208 2004 tom.
2243 1939 2381 2018 VII,
2412 1936 2492 2002 ad
2523 1936 2693 2003 diem
2722 1935 2823 2018 26,
2857 1953 3002 2018 pag.
3035 1935 3207 2020 279.)

471 2194 720 2257 Νοιίιία
756 2196 1047 2259 locorum
1080 2219 1093 2260 :
1137 2197 1273 2262 Vilia
1299 2198 1531 2262 Sancti
1557 2200 1801 2281 scripta
1830 2217 1872 2260 α
1904 2219 1916 2260 t

2001 2202 2446 2277 item-pomum
2481 2215 2494 2258 :
2529 2195 2674 2274 ejus
2702 2196 3125 2258 chri‘onotaxis
3156 2195 3412 2278 aliqua.

330 2407 382 2467 t.
410 2405 695 2464 Sanctum
728 2405 929 2466 Nilum
963 2405 1235 2467 abbatem
1287 2407 1554 2488 nomino,
1593 2415 1650 2468 et
1681 2406 1902 2488 Cryptte

250 2489 498 2554 Ferratae
535 2492 766 2562 nuntio,
803 2501 1080 2575 tanquam
1116 2495 1404 2557 siibidem
1438 2496 1595 2558 diem
1623 2496 1897 2559 obiisset:

247 2580 523 2641 nsitatum
579 2581 650 2641 ab
702 2581 834 2644 aliis
883 2602 1106 2644 morem
1157 2585 1374 2666 potius,
1427 2604 1602 2666 quam
1634 2595 1900 2647 nostrum

242 2671 595 2749 scrupulose
625 2679 886 2734 secutus.
937 2671 1315 2734 Prmlaturam
1365 2674 1717 2736 abbalialem
1752 2691 1906 2737 sem-

245 2777 349 2837 per
378 2758 466 2820 sic
501 2759 822 2820 declinavit
865 2769 1126 2832 sanctus,
1171 2771 1226 2820 ut
1263 2771 1461 2824 tamen
1493 2780 1732 2842 semper
1761 2763 1904 2823 sub-

241 2847 394 2907 ditos
439 2855 501 2909 et
550 2865 840 2929 sequaces
888 2851 1215 2911 monachos
1265 2852 1553 2930 plurimos
1583 2851 1902 2930 habuerit.

245 2936 404 2996 Obiit
431 2943 636 2998 autem
695 2937 753 2998 in
803 2938 1168 2999 monasterio
1217 2937 1279 3001 S.
1335 2939 1598 3018 Agathze,
1651 2940 1906 3002 distante

245 3025 419 3086 tertio
447 3024 746 3086 milliaria
772 3026 1411 3106 Cryptte-Ferratensi,
1445 3028 1516 3089 ad
1551 3028 1708 3109 quod
1740 3047 1908 3097 sacra

244 3114 374 3192 ejus
403 3113 651 3175 cimelia
685 3116 961 3176 translata
985 3116 1173 3192 fuere,
1209 3117 1451 3197 ubique,
1477 3125 1540 3178 ut
1571 3118 1748 3198 primi
1781 3119 1909 3197 ejus

245 3201 494 3265 abbatis:
526 3202 884 3276 fundatoris,
913 3204 1209 3285 praecipuo
1245 3206 1472 3269 honore
1495 3207 1654 3268 culta
1684 3215 1742 3268 et
1763 3223 1908 3286 pro-

243 3290 417 3370 digiis
466 3311 502 3352 a
534 3291 662 3354 Deo
715 3292 1007 3355 illustrata
1048 3294 1239 3356 fuere.
1286 3293 1578 3356 Baronius
1627 3294 1699 3356 ad
1750 3297 1910 3358 hunc

237 3380 398 3441 diem
430 3381 514 3442 26
549 3379 926 3462 Septembris
958 3381 1017 3443 S.
1055 3383 1253 3444 Nilum
1288 3384 1368 3445 ita
1413 3385 1643 3445 nuntiat
1684 3383 1746 3446 in
1784 3384 1909 3446 Ro-

240 3489 417 3531 mano
452 3471 910 3550 Martyrologio:
976 3491 1006 3532 ‹
1059 3473 1125 3535 In
1157 3491 1297 3551 agro
1328 3472 1661 3536 Tusculano
1696 3477 1760 3538 B.
1794 3473 1912 3536 Nili

234 3559 498 3636 abbatis,
539 3559 876 3621 fundatoris
899 3561 1243 3622 monasterii
1264 3563 1490 3643 Cryptze
1513 3566 1766 3626 Ferrata)
1795 3582 1914 3625 ma-

236 3668 364 3728 gna:
388 3648 734 3711 sanctitatis
766 3648 899 3710 viri.
956 3675 982 3705 »
1021 3651 1268 3712 Frustra
1292 3651 1478 3712 sancti
1507 3670 1724 3714 nomen
1756 3651 1912 3732 apud

238 3737 686 3819 martyrologos
733 3737 1015 3799 classicos
1047 3757 1276 3820 quaeras
1309 3759 1441 3802 cum
1488 3741 1606 3802 illis
1637 3741 1915 3802 omnibus

236 3828 313 3888 sit
365 3827 706 3907 posterior,
756 3833 960 3906 utpote
1005 3836 1230 3890 tantum
1274 3828 1442 3890 initio
1493 3830 1694 3892 saeculi
1737 3847 1795 3893 x1
1840 3829 1914 3891 ad

236 3934 500 3996 superos
551 3917 896 3979 translatus.
950 3915 1148 3982 Wion.
1203 3920 1536 3992 Menardus,
1585 3918 1914 3997 Dorganius

235 4005 400 4066 fastis
447 4005 648 4066 sacris
709 4005 1236 4067 Benedictinorum
1287 4006 1578 4068 insertum
1643 4009 1908 4070 habent:

234 4095 398 4171 quia,
451 4092 699 4155 etiamsi
760 4111 878 4153 non
937 4095 1114 4156 fuerit
1175 4096 1505 4157 monachus
1559 4096 1788 4157 ordinis
1847 4093 1910 4158 S.

236 4181 589 4252 Benedicti,
609 4181 712 4242 sed
737 4180 800 4244 S.
824 4181 1045 4258 Basilii,
1067 4206 1090 4239 α
1127 4184 1450 4258 diutamen,
1483 4185 1917 4266 iuquitMenar—

237 4270 351 4332 dus
383 4271 449 4331 in
502 4269 1070 4348 Observationibus,
1125 4274 1406 4336 habitavit
1457 4276 1516 4336 in
1552 4277 1915 4337 monasterio

1983 2422 2073 2466 me
2129 2420 2288 2485 pars.
2341 2401 2562 2466 Civitas
2602 2402 2687 2465 ibi
2732 2403 3092 2486 episcopalis
3134 2411 3247 2482 est,
3297 2425 3476 2488 quam
3517 2407 3654 2472 Itali

1987 2493 2291 2568 Frascati,
2321 2492 2585 2573 indeque
2615 2493 2985 2556 recentiores
3015 2495 3256 2574 quidam
3287 2498 3648 2559 Frascatam

1986 2581 2188 2643 Latine
2219 2580 2553 2662 appellant:
2600 2581 2778 2644 distat
2830 2583 2900 2645 12
2949 2582 3302 2646 milliaribus
3333 2584 3406 2647 ab
3456 2583 3646 2664 Urbe,

1985 2672 2474 2752 contenduntque
2501 2670 2768 2752 plurimi,
2801 2673 3016 2735 eodem
3047 2673 3178 2735 loco
3205 2682 3376 2738 vetus
3409 2673 3652 2738 Tuscu-

1985 2761 2107 2823 lum
2140 2761 2347 2835 fuisse,
2383 2777 2415 2820 a
2445 2760 2603 2838 quod
2643 2760 2870 2822 vicinus
2899 2779 3040 2840 ager
3068 2761 3263 2824 adhuc
3293 2782 3516 2826 nomen
3551 2783 3654 2828 re-

1988 2851 2151 2911 tinet.
2189 2848 2332 2911 Inde
2361 2847 2436 2910 ad
2469 2849 2786 2910 meridiem
2833 2867 2952 2910 uno
2997 2850 3240 2914 circiter
3272 2851 3514 2915 milliari
3538 2854 3651 2916 de-

1987 2937 2369 3013 clinantibus,
2403 2936 2502 2998 ubi
2536 2937 2674 2998 olim
2709 2937 2935 3001 Luculli
2977 2939 3112 3002 villa
3161 2939 3272 3004 fuit.
3323 2941 3398 3002 ad
3437 2961 3648 3023 aquam

1988 3029 2296 3102 Crabram,
2322 3026 2834 3089 occurritcelebre
2851 3028 3218 3110 coenobium,
3237 3030 3395 3111 quod
3426 3030 3489 3094 S.
3522 3031 3654 3095 Nilo

1987 3126 2188 3179 nostro
2213 3115 2447 3176 initium
2473 3133 2644 3177 suum
2677 3124 2734 3177 et
2765 3115 3148 3196 splendorem
3180 3119 3398 3184 debet:
3438 3120 3654 3184 Grotta

1995 3206 2046 3267 F
2049 3214 2257 3268 errata
2269 3203 2341 3265 ab
2357 3203 2678 3283 indigenis,
2702 3222 2736 3265 a
2762 3205 2981 3266 Latinis
3002 3225 3140 3268 vero
3177 3210 3409 3288 Crypta
3427 3209 3658 3273 Ferra-

1993 3304 2056 3357 ια
2075 3294 2382 3356 vocitatur.
2399 3291 2670 3354 Nominis
2683 3293 2974 3371 originem
2991 3295 3408 3358 deducuntalii
3428 3316 3654 3379 aspecu

1991 3403 2168 3465 quem
2202 3381 2544 3443 incolebant
2576 3382 2875 3457 monachi,
2903 3383 3122 3463 quique
3154 3386 3367 3447 ferreis
3412 3387 3656 3449 clathris

1993 3471 2401 3544 claudebatur,
2435 3479 2497 3530 ut
2528 3471 2929 3532 contendunt:
2963 3491 2996 3532 a
3023 3472 3168 3534 ferri
3197 3473 3425 3535 ibidem
3461 3475 3656 3538 abun-

1992 3562 2194 3623 dantia
2225 3558 2496 3620 derivant
2526 3558 2648 3618 alii.
2697 3558 3026 3621 Kircherus
3076 3561 3138 3621 in
3188 3562 3353 3624 Latio
3403 3562 3661 3644 Cryptae-

1992 3647 2366 3712 Ferratensis
2395 3646 2646 3707 abbatiae
2683 3647 2926 3708 exordia
2974 3647 3411 3712 Bartholomzeo
3443 3649 3503 3713 S.
3540 3651 3660 3713 Nili

1995 3737 2288 3818 discipulo
2321 3735 2600 3798 ascribit:
2649 3734 2818 3796 illum
2845 3737 3116 3816 sequitur
3142 3738 3351 3800 Piazza
3391 3739 3455 3801 in
3485 3740 3658 3802 Hier-

1994 3827 2200 3890 archia
2228 3823 2651 3889 Cardinalitia:
2686 3832 2743 3886 at
2765 3824 2920 3886 infra
2947 3825 3307 3908 videbimus,
3341 3845 3658 3909 perperam

1995 3917 2054 3977 id
2121 3915 2274 3995 ﬁeri,
2326 3914 2700 3994 primumque
2743 3913 2903 3976 illius
2945 3923 3250 3978 auctorem
3309 3916 3658 3978 habendum

1996 4023 2127 4067 esse
2158 4015 2429 4066 sanctum
2466 4011 2756 4079 nostrum,
2788 4003 2862 4064 de
2901 4022 3020 4085 quo
3073 4023 3261 4085 pauca
3309 4005 3659 4088 admodum,

1998 4101 2056 4155 et
2112 4093 2162 4154 si
2230 4091 2639 4153 chronotaxim
2697 4109 3070 4173 examenque
3133 4103 3662 4157 monumentorum

1996 4201 2100 4244 seu
2130 4181 2278 4244 Vita:
2310 4179 2640 4261 exceperis,
2677 4181 2839 4242 nulla
2879 4181 3004 4243 fere
3037 4181 3136 4244 hic
3167 4201 3424 4262 operose
3455 4183 3665 4248 discu-

1997 4273 2204 4338 tienda
2248 4278 2404 4332 sunt.
2452 4268 2620 4341 Quod
2665 4288 2842 4350 porro
2893 4270 2965 4332 ad
3013 4269 3078 4333 S.
3129 4271 3250 4334 Nili
3306 4271 3494 4350 Vitas,
3558 4291 3664 4336 seu

239 4359 299 4422 S.
341 4358 651 4423 Bonifacii
681 4367 738 4422 et
767 4360 963 4423 Alexii
1001 4361 1228 4439 Romae,
1279 4364 1435 4444 quod
1479 4373 1566 4426 est
1596 4365 1825 4426 ordinis
1851 4363 1914 4426 S.
2000 4361 2194 4443 potius
2222 4358 2415 4421 Vitam
2447 4366 2696 4438 spectat,
2730 4359 2924 4420 omnis
2947 4359 3072 4423 fere
3097 4361 3414 4423 ditlicultas
3447 4362 3508 4424 in
3535 4363 3668 4442 ejus

239 4449 598 4512 Benedicti.
656 4474 683 4503 ι)
732 4448 919 4520 Quam
954 4449 1057 4511 diu
1112 4451 1334 4514 ibidem
1381 4454 1574 4531 egerit
1619 4452 1678 4516 S.
1726 4452 1916 4528 Nilus,
2001 4459 2241 4511 auctore
2273 4447 2680 4524 investigando
2713 4447 2824 4509 sita
2849 4457 2976 4512 est:
3015 4449 3322 4512 leviusculi
3367 4453 3530 4512 enim
3564 4469 3667 4512 er-

236 4539 296 4600 in
321 4541 606 4601 decursu
638 4537 991 4602 videbimus:
1025 4539 1264 4603 interim
1294 4541 1631 4622 dispiciant,
1667 4561 1918 4623 quorum
2001 4558 2170 4600 rores
2200 4537 2374 4599 facile
2403 4536 2678 4617 scriptori
2705 4545 2990 4617 poterunt
3034 4538 3359 4619 indulgeri,
3411 4539 3462 4600 si
3489 4540 3667 4602 modo

239 4628 526 4704 interest,
603 4646 678 4688 an
724 4627 846 4689 haec
900 4628 1050 4690 ratio
1103 4629 1180 4691 sit
1228 4631 1553 4708 sufﬁciens,
1589 4641 1654 4694 ut
1682 4645 1923 4694 sanctus
2005 4629 2134 4707 ejus
2166 4627 2314 4688 ﬁdes
2341 4626 2734 4687 etauctoritas
2764 4626 3010 4688 aliunde
3043 4627 3414 4708 probabitur.
3461 4627 3521 4690 S.
3550 4627 3670 4691 Nili

241 4719 376 4800 quis
408 4715 905 4797 ordinicuipiam
939 4720 1292 4782 ascribatur.
1329 4720 1638 4782 Ferrarius
1669 4722 1729 4782 in
1748 4719 1923 4783 Cata-
2004 4717 2141 4780 Vita
2171 4713 2525 4796 primigenia
2569 4713 2771 4778 Graeca
2823 4725 2934 4792 est,
2984 4737 3052 4778 ex
3100 4737 3313 4800 eaque,
3365 4718 3428 4779 ni
3472 4717 3668 4792 fallor,

239 4807 378 4885 logo
433 4814 796 4868 sanctorum
836 4803 1020 4868 Italia
1065 4807 1306 4870 uberius
1351 4809 1425 4872 de
1478 4813 1541 4874 S.
1601 4811 1736 4874 Nilo
1781 4811 1924 4889 agit,
2008 4805 2206 4880 unica,
2242 4803 2598 4885 prodierunt
2647 4804 2793 4868 Viue
2837 4805 3060 4868 Latinae
3109 4825 3216 4888 pro
3261 4806 3668 4888 interpretum

242 4897 658 4968 contrahens,
689 4912 821 4976 quae
862 4895 1020 4977 apud
1050 4896 1370 4960 Baronium
1402 4900 1464 4961 in
1496 4899 1827 4961 Annalibus
1856 4898 1928 4960 ad

242 5004 479 5047 annum
513 4984 648 5048 976
679 4991 737 5045 et
765 4983 906 5045 alibi
938 5004 1142 5066 sparsa
1171 4987 1412 5066 legerat.
1447 4987 1711 5050 Junioris
1741 5007 1930 5067 agno-

242 5095 386 5138 men
422 5073 693 5137 sortitus
725 5081 813 5134 est
839 5083 1082 5136 sanctus
1125 5076 1310 5139 abbas
1355 5077 1760 5139 distinctionis
1793 5095 1932 5155 ergo

243 5185 379 5225 cum
414 5164 628 5225 altero
657 5161 1016 5243 homonymo
1049 5163 1112 5227 S.
1145 5164 1276 5228 Nilo
1306 5166 1513 5228 itidem
1549 5165 1778 5241 Grzeco,
1833 5163 1935 5247 qui

242 5251 599 5316 Theodosii
615 5248 879 5312 Junioris
899 5253 1294 5334 temporibus,
1317 5255 1644 5317 honoribus
1669 5263 1728 5317 et
1749 5253 1937 5316 titulis

243 5341 560 5420 excussis,
581 5341 1538 5424 monasteriumConstantinopoli
1554 5361 1787 5406 summa
1801 5362 1936 5406 cum

245 5431 432 5496 laude
465 5428 943 5492 administravit.
977 5430 1063 5493 De
1095 5431 1196 5493 illo
1226 5431 1497 5494 doctrina
1529 5441 1589 5495 et
1619 5436 1934 5495 sanctitate

243 5521 486 5586 celebri
538 5519 843 5597 agendum
891 5521 1091 5583 veniet
1121 5521 1194 5583 ad
1244 5522 1404 5587 diem
1457 5525 1529 5586 12
1558 5521 1931 5598 Novembris,

243 5631 363 5694 quo
401 5613 694 5675 Romano
724 5606 1151 5688 Martyrologio
1184 5610 1512 5693 inscriptus
1543 5611 1781 5692 legitur.

332 5703 397 5765 2.
437 5698 555 5762 Est
587 5715 762 5777 porro
794 5695 1168 5761 Tusculanus
1208 5719 1368 5780 ager,
1430 5699 1533 5761 ubi
1583 5701 1842 5762 decessit
1871 5699 1933 5764 S.

257 5791 458 5867 Nilus,
497 5786 777 5851 Romano
809 5786 1161 5866 proximus:
1192 5787 1313 5852 imo
1343 5789 1679 5870 Campaniae
1709 5785 1938 5854 Roma-

593 5894 871 5962 ΡΑπιοι.
904 5896 1019 5962 Gn.
1051 5896 1233 5964 CXX.

2012 4895 2292 4956 methodo
2320 4893 2553 4954 diversa
2592 4901 2896 4975 utcunque
2944 4895 3102 4958 inter
3129 4915 3195 4957 se
3225 4895 3667 4976 discrepantes.

2011 4985 2172 5045 illam
2221 4982 2482 5059 assignat
2529 4981 2820 5045 Baronius
2871 4983 2932 5043 in
2962 4983 3292 5046 Annalibus
3335 4984 3408 5046 ad
3451 5003 3673 5046 annum

2013 5072 2234 5136 Christi
2265 5072 2406 5152 976,
2434 5088 2599 5132 num.
2634 5073 2673 5130 2
2706 5073 2764 5132 in
2792 5073 3036 5152 antiquo
3085 5073 3292 5135 codice
3324 5072 3676 5136 monasterii

2014 5161 2239 5242 Cryptw
2289 5161 2546 5223 Ferrataa
2576 5179 2610 5221 a
2660 5160 2851 5222 sancti
2898 5161 3192 5242 discipulo
3235 5162 3623 5242 compositam
3658 5182 3675 5240 ;

2016 5250 2288 5313 eamdem
2341 5248 2584 5311 Barrius
2631 5249 2708 5312 de
2766 5249 3130 5332 Antiquitate
3184 5251 3470 5315 Calabriae
3498 5250 3606 5315 lib.
3638 5267 3679 5313 ν

2017 5358 2086 5402 ac
2127 5337 2387 5418 denique
2445 5337 2759 5401 Ferrarius
2812 5338 2876 5400 in
2932 5340 3336 5404 Annotatioue
3392 5340 3677 5422 appellat.

2017 5427 2338 5491 Videamus
2413 5444 2615 5507 porro,
2665 5446 2742 5490 an
2798 5446 2937 5490 vere
2990 5447 3108 5492 una
3156 5429 3489 5511 eademque
3549 5430 3685 5496 Vita

2017 5517 2218 5581 Graeca
2263 5517 2360 5591 sit,
2394 5517 2552 5578 unde
2584 5516 2837 5580 diversae
2866 5519 3173 5581 versiones
3202 5521 3480 5602 profectae
3517 5526 3681 5583 sunt.

2100 5607 2159 5671 3.
2195 5604 2481 5667 Baronius
2516 5605 2791 5668 laudatus
2822 5610 2904 5669 ita
2933 5608 3234 5690 loquitur:
3301 5636 3326 5666 κ
3377 5612 3559 5689 Cujus
3595 5607 3683 5691 (S.

2019 5697 2156 5767 Nili)
2185 5704 2493 5775 resgestas
2523 5694 2726 5758 Graace
2757 5698 3127 5781 conscriptas
3154 5697 3228 5761 ab
3245 5699 3376 5778 ejus
3393 5698 3688 5780 discipulo

2023 5785 2307 5850 Latinitas
2340 5785 2627 5850 hactenus
2675 5806 2982 5870 nunquam
3033 5789 3199 5854 vidit.
3250 5787 3364 5862 Qui
3412 5788 3580 5868 prius
3618 5805 3690 5850 ex

3180 5895 3207 5959 Ι
