  <div class='ocr_page' id='page_1' title='image "/cluster/home/n/w/nwhite01/storage/ocr_20150623/120/coo.31924054870245/013.png"; bbox 0 0 4182 6412; ppageno 0'>
   <div class='ocr_carea' id='block_1_1' title="bbox 513 384 576 456">
    <p class='ocr_par' dir='ltr' id='par_1_1' title="bbox 513 384 576 456">
     <span class='ocr_line' id='line_1_1' title="bbox 513 384 576 456; baseline -0.032 0"><span class='ocrx_word' id='word_1_1' title='bbox 513 384 576 456; x_wconf 83' lang='lat' dir='ltr'><strong>il</strong></span> 
     </span>
    </p>
   </div>
   <div class='ocr_carea' id='block_1_2' title="bbox 502 520 2156 608">
    <p class='ocr_par' dir='ltr' id='par_1_2' title="bbox 502 520 2156 608">
     <span class='ocr_line' id='line_1_2' title="bbox 502 520 2156 608; baseline -0.005 -19"><span class='ocrx_word' id='word_1_2' title='bbox 502 522 744 608; x_wconf 87' lang='lat' dir='ltr'><strong>antiquo</strong></span> <span class='ocrx_word' id='word_1_3' title='bbox 794 522 1003 587; x_wconf 87' lang='lat' dir='ltr'><strong>codice</strong></span> <span class='ocrx_word' id='word_1_4' title='bbox 1052 520 1398 586; x_wconf 83' lang='lat' dir='ltr'><strong>monasterii</strong></span> <span class='ocrx_word' id='word_1_5' title='bbox 1450 522 1678 605; x_wconf 77' lang='lat' dir='ltr'><strong>Cryptae</strong></span> <span class='ocrx_word' id='word_1_6' title='bbox 1721 522 1981 585; x_wconf 83' lang='lat' dir='ltr'><strong>Ferratae</strong></span> <span class='ocrx_word' id='word_1_7' title='bbox 2030 528 2156 582; x_wconf 91' lang='lat' dir='ltr'><strong>tra-</strong></span> 
     </span>
    </p>
   </div>
   <div class='ocr_carea' id='block_1_3' title="bbox 501 609 2156 695">
    <p class='ocr_par' dir='ltr' id='par_1_3' title="bbox 501 609 2156 695">
     <span class='ocr_line' id='line_1_3' title="bbox 501 609 2156 695; baseline -0.004 -17"><span class='ocrx_word' id='word_1_8' title='bbox 501 614 655 678; x_wconf 91' lang='lat' dir='ltr'><strong>didit</strong></span> <span class='ocrx_word' id='word_1_9' title='bbox 685 613 1005 695; x_wconf 87' lang='lat' dir='ltr'><strong>Lalinitati,</strong></span> <span class='ocrx_word' id='word_1_10' title='bbox 1038 612 1145 674; x_wconf 82' lang='lat' dir='ltr'><strong>fuit</strong></span> <span class='ocrx_word' id='word_1_11' title='bbox 1175 620 1381 675; x_wconf 81' lang='lat' dir='ltr'><strong>noster</strong></span> <span class='ocrx_word' id='word_1_12' title='bbox 1407 611 1735 675; x_wconf 86' lang='lat' dir='ltr'><strong>Federicus</strong></span> <span class='ocrx_word' id='word_1_13' title='bbox 1760 609 1996 685; x_wconf 87' lang='lat' dir='ltr'><strong>Metius,</strong></span> <span class='ocrx_word' id='word_1_14' title='bbox 2028 609 2156 690; x_wconf 90' lang='lat' dir='ltr'><strong>epi-</strong></span> 
     </span>
    </p>
   </div>
   <div class='ocr_carea' id='block_1_4' title="bbox 501 698 2153 786">
    <p class='ocr_par' dir='ltr' id='par_1_4' title="bbox 501 698 2153 786">
     <span class='ocr_line' id='line_1_4' title="bbox 501 698 2153 786; baseline -0.005 -19"><span class='ocrx_word' id='word_1_15' title='bbox 501 723 719 786; x_wconf 89' lang='lat' dir='ltr'><strong>scopus</strong></span> <span class='ocrx_word' id='word_1_16' title='bbox 749 702 1229 773; x_wconf 79' lang='lat' dir='ltr'><strong>Tliermularum,</strong></span> <span class='ocrx_word' id='word_1_17' title='bbox 1265 719 1299 764; x_wconf 85' lang='lat' dir='ltr'><strong>a</strong></span> <span class='ocrx_word' id='word_1_18' title='bbox 1348 721 1464 782; x_wconf 92' lang='lat' dir='ltr'><strong>quo</strong></span> <span class='ocrx_word' id='word_1_19' title='bbox 1492 719 1598 780; x_wconf 88' lang='lat' dir='ltr'><strong>ego</strong></span> <span class='ocrx_word' id='word_1_20' title='bbox 1643 700 1875 782; x_wconf 91' lang='lat' dir='ltr'><strong>primus</strong></span> <span class='ocrx_word' id='word_1_21' title='bbox 1922 698 2153 779; x_wconf 86' lang='lat' dir='ltr'><strong>accepi,</strong></span> 
     </span>
    </p>
   </div>
   <div class='ocr_carea' id='block_1_5' title="bbox 503 787 2157 870">
    <p class='ocr_par' dir='ltr' id='par_1_5' title="bbox 503 787 2157 870">
     <span class='ocr_line' id='line_1_5' title="bbox 503 787 2157 870; baseline -0.004 -15"><span class='ocrx_word' id='word_1_22' title='bbox 503 801 563 855; x_wconf 90' lang='lat' dir='ltr'><strong>et</strong></span> <span class='ocrx_word' id='word_1_23' title='bbox 606 792 868 855; x_wconf 91' lang='lat' dir='ltr'><strong>nonnula</strong></span> <span class='ocrx_word' id='word_1_24' title='bbox 917 810 987 853; x_wconf 83' lang='lat' dir='ltr'><strong>ex</strong></span> <span class='ocrx_word' id='word_1_25' title='bbox 1033 790 1121 854; x_wconf 92' lang='lat' dir='ltr'><strong>eis</strong></span> <span class='ocrx_word' id='word_1_26' title='bbox 1168 808 1273 870; x_wconf 91' lang='lat' dir='ltr'><strong>pro</strong></span> <span class='ocrx_word' id='word_1_27' title='bbox 1325 789 1558 851; x_wconf 80' lang='lat' dir='ltr'><strong>ratione</strong></span> <span class='ocrx_word' id='word_1_28' title='bbox 1608 787 1894 868; x_wconf 91' lang='lat' dir='ltr'><strong>temporis</strong></span> <span class='ocrx_word' id='word_1_29' title='bbox 1938 787 2157 848; x_wconf 91' lang='lat' dir='ltr'><strong>nostris</strong></span> 
     </span>
    </p>
   </div>
   <div class='ocr_carea' id='block_1_6' title="bbox 502 875 2150 962">
    <p class='ocr_par' dir='ltr' id='par_1_6' title="bbox 502 875 2150 962">
     <span class='ocr_line' id='line_1_6' title="bbox 502 875 2150 962; baseline -0.005 -17"><span class='ocrx_word' id='word_1_30' title='bbox 502 882 835 946; x_wconf 84' lang='lat' dir='ltr'><strong>Annalibus</strong></span> <span class='ocrx_word' id='word_1_31' title='bbox 850 888 1182 962; x_wconf 89' lang='lat' dir='ltr'><strong>opportuna</strong></span> <span class='ocrx_word' id='word_1_32' title='bbox 1207 878 1522 941; x_wconf 87' lang='lat' dir='ltr'><strong>occasione</strong></span> <span class='ocrx_word' id='word_1_33' title='bbox 1551 877 1848 940; x_wconf 79' lang='lat' dir='ltr'><strong>contexui.</strong></span> <span class='ocrx_word' id='word_1_34' title='bbox 1878 902 1905 934; x_wconf 69' lang='grc' dir='ltr'><strong>ι)</strong></span> <span class='ocrx_word' id='word_1_35' title='bbox 1932 875 2150 940; x_wconf 84' lang='lat' dir='ltr'><strong>Eadem</strong></span> 
     </span>
    </p>
   </div>
   <div class='ocr_carea' id='block_1_7' title="bbox 500 964 2151 1035">
    <p class='ocr_par' dir='ltr' id='par_1_7' title="bbox 500 964 2151 1035">
     <span class='ocr_line' id='line_1_7' title="bbox 500 964 2151 1035; baseline -0.005 -1"><span class='ocrx_word' id='word_1_36' title='bbox 500 972 605 1035; x_wconf 90' lang='lat' dir='ltr'><strong>illa</strong></span> <span class='ocrx_word' id='word_1_37' title='bbox 622 969 979 1035; x_wconf 89' lang='lat' dir='ltr'><strong>combinavit</strong></span> <span class='ocrx_word' id='word_1_38' title='bbox 1012 987 1078 1030; x_wconf 85' lang='lat' dir='ltr'><strong>ex</strong></span> <span class='ocrx_word' id='word_1_39' title='bbox 1110 967 1366 1030; x_wconf 89' lang='lat' dir='ltr'><strong>Baronio</strong></span> <span class='ocrx_word' id='word_1_40' title='bbox 1390 964 1599 1029; x_wconf 88' lang='lat' dir='ltr'><strong>Surius</strong></span> <span class='ocrx_word' id='word_1_41' title='bbox 1627 973 1685 1028; x_wconf 88' lang='lat' dir='ltr'><strong>et</strong></span> <span class='ocrx_word' id='word_1_42' title='bbox 1715 965 1788 1028; x_wconf 91' lang='lat' dir='ltr'><strong>ad</strong></span> <span class='ocrx_word' id='word_1_43' title='bbox 1819 964 2151 1028; x_wconf 85' lang='lat' dir='ltr'><strong>huncdiem</strong></span> 
     </span>
    </p>
   </div>
   <div class='ocr_carea' id='block_1_8' title="bbox 503 1052 2153 1123">
    <p class='ocr_par' dir='ltr' id='par_1_8' title="bbox 503 1052 2153 1123">
     <span class='ocr_line' id='line_1_8' title="bbox 503 1052 2153 1123; baseline -0.006 0"><span class='ocrx_word' id='word_1_44' title='bbox 503 1057 845 1123; x_wconf 86' lang='lat' dir='ltr'><strong>collectioni</strong></span> <span class='ocrx_word' id='word_1_45' title='bbox 916 1074 1039 1119; x_wconf 68' lang='lat' dir='ltr'><strong>suae</strong></span> <span class='ocrx_word' id='word_1_46' title='bbox 1106 1055 1377 1117; x_wconf 88' lang='lat' dir='ltr'><strong>inseruit.</strong></span> <span class='ocrx_word' id='word_1_47' title='bbox 1457 1053 1808 1118; x_wconf 90' lang='lat' dir='ltr'><strong>Versionem</strong></span> <span class='ocrx_word' id='word_1_48' title='bbox 1889 1052 2048 1116; x_wconf 81' lang='lat' dir='ltr'><strong>Metii</strong></span> <span class='ocrx_word' id='word_1_49' title='bbox 2120 1072 2153 1114; x_wconf 94' lang='lat' dir='ltr'><strong>a</strong></span> 
     </span>
    </p>
   </div>
   <div class='ocr_carea' id='block_1_9' title="bbox 503 1142 2150 1217">
    <p class='ocr_par' dir='ltr' id='par_1_9' title="bbox 503 1142 2150 1217">
     <span class='ocr_line' id='line_1_9' title="bbox 503 1142 2150 1217; baseline -0.006 -5"><span class='ocrx_word' id='word_1_50' title='bbox 503 1147 790 1212; x_wconf 81' lang='lat' dir='ltr'><strong>Martenio</strong></span> <span class='ocrx_word' id='word_1_51' title='bbox 855 1145 1110 1209; x_wconf 83' lang='lat' dir='ltr'><strong>inferius</strong></span> <span class='ocrx_word' id='word_1_52' title='bbox 1174 1143 1493 1217; x_wconf 88' lang='lat' dir='ltr'><strong>laudando,</strong></span> <span class='ocrx_word' id='word_1_53' title='bbox 1568 1142 1653 1206; x_wconf 88' lang='lat' dir='ltr'><strong>uti</strong></span> <span class='ocrx_word' id='word_1_54' title='bbox 1726 1151 1784 1205; x_wconf 92' lang='lat' dir='ltr'><strong>et</strong></span> <span class='ocrx_word' id='word_1_55' title='bbox 1846 1162 1879 1204; x_wconf 89' lang='lat' dir='ltr'><strong>a</strong></span> <span class='ocrx_word' id='word_1_56' title='bbox 1932 1142 2150 1206; x_wconf 84' lang='lat' dir='ltr'><strong>Jacobo</strong></span> 
     </span>
    </p>
   </div>
   <div class='ocr_carea' id='block_1_10' title="bbox 504 1231 2151 1313">
    <p class='ocr_par' dir='ltr' id='par_1_10' title="bbox 504 1231 2151 1313">
     <span class='ocr_line' id='line_1_10' title="bbox 504 1231 2151 1313; baseline -0.005 -11"><span class='ocrx_word' id='word_1_57' title='bbox 504 1234 879 1309; x_wconf 84' lang='lat' dir='ltr'><strong>Sciommari,</strong></span> <span class='ocrx_word' id='word_1_58' title='bbox 913 1233 1139 1297; x_wconf 85' lang='lat' dir='ltr'><strong>ordinis</strong></span> <span class='ocrx_word' id='word_1_59' title='bbox 1189 1231 1251 1296; x_wconf 91' lang='lat' dir='ltr'><strong>S.</strong></span> <span class='ocrx_word' id='word_1_60' title='bbox 1306 1232 1506 1295; x_wconf 88' lang='lat' dir='ltr'><strong>Basilii</strong></span> <span class='ocrx_word' id='word_1_61' title='bbox 1552 1238 1614 1294; x_wconf 87' lang='lat' dir='ltr'><strong>et</strong></span> <span class='ocrx_word' id='word_1_62' title='bbox 1641 1233 1867 1313; x_wconf 77' lang='lat' dir='ltr'><strong>Cryptae</strong></span> <span class='ocrx_word' id='word_1_63' title='bbox 1892 1231 2151 1294; x_wconf 69' lang='lat' dir='ltr'><strong>Ferrafaa</strong></span> 
     </span>
    </p>
   </div>
   <div class='ocr_carea' id='block_1_11' title="bbox 507 1319 2148 1405">
    <p class='ocr_par' dir='ltr' id='par_1_11' title="bbox 507 1319 2148 1405">
     <span class='ocr_line' id='line_1_11' title="bbox 507 1319 2148 1405; baseline -0.006 -15"><span class='ocrx_word' id='word_1_64' title='bbox 507 1327 797 1390; x_wconf 81' lang='lat' dir='ltr'><strong>monacho</strong></span> <span class='ocrx_word' id='word_1_65' title='bbox 840 1324 903 1386; x_wconf 91' lang='lat' dir='ltr'><strong>in</strong></span> <span class='ocrx_word' id='word_1_66' title='bbox 949 1321 1114 1385; x_wconf 90' lang='lat' dir='ltr'><strong>Notis</strong></span> <span class='ocrx_word' id='word_1_67' title='bbox 1155 1321 1226 1383; x_wconf 90' lang='lat' dir='ltr'><strong>ad</strong></span> <span class='ocrx_word' id='word_1_68' title='bbox 1276 1320 1471 1384; x_wconf 83' lang='lat' dir='ltr'><strong>Vitam</strong></span> <span class='ocrx_word' id='word_1_69' title='bbox 1524 1319 1586 1383; x_wconf 92' lang='lat' dir='ltr'><strong>S.</strong></span> <span class='ocrx_word' id='word_1_70' title='bbox 1635 1320 2050 1405; x_wconf 66' lang='lat' dir='ltr'><strong>Bartholomaei</strong></span> <span class='ocrx_word' id='word_1_71' title='bbox 2077 1320 2148 1381; x_wconf 90' lang='lat' dir='ltr'><strong>ab</strong></span> 
     </span>
    </p>
   </div>
   <div class='ocr_carea' id='block_1_12' title="bbox 504 1409 2147 1497">
    <p class='ocr_par' dir='ltr' id='par_1_12' title="bbox 504 1409 2147 1497">
     <span class='ocr_line' id='line_1_12' title="bbox 504 1409 2147 1497; baseline -0.005 -18"><span class='ocrx_word' id='word_1_72' title='bbox 504 1417 634 1497; x_wconf 89' lang='lat' dir='ltr'><strong>ipso</strong></span> <span class='ocrx_word' id='word_1_73' title='bbox 662 1413 864 1477; x_wconf 91' lang='lat' dir='ltr'><strong>Italice</strong></span> <span class='ocrx_word' id='word_1_74' title='bbox 894 1412 1140 1483; x_wconf 87' lang='lat' dir='ltr'><strong>editam,</strong></span> <span class='ocrx_word' id='word_1_75' title='bbox 1185 1410 1424 1491; x_wconf 86' lang='lat' dir='ltr'><strong>reperio</strong></span> <span class='ocrx_word' id='word_1_76' title='bbox 1455 1410 1832 1489; x_wconf 86' lang='lat' dir='ltr'><strong>assignatam,</strong></span> <span class='ocrx_word' id='word_1_77' title='bbox 1868 1409 1973 1471; x_wconf 90' lang='lat' dir='ltr'><strong>sed</strong></span> <span class='ocrx_word' id='word_1_78' title='bbox 2008 1427 2147 1489; x_wconf 60' lang='lat' dir='ltr'><strong>pra:-</strong></span> 
     </span>
    </p>
   </div>
   <div class='ocr_carea' id='block_1_13' title="bbox 504 1497 2155 1585">
    <p class='ocr_par' dir='ltr' id='par_1_13' title="bbox 504 1497 2155 1585">
     <span class='ocr_line' id='line_1_13' title="bbox 504 1497 2155 1585; baseline -0.007 -17"><span class='ocrx_word' id='word_1_79' title='bbox 504 1514 595 1568; x_wconf 91' lang='lat' dir='ltr'><strong>ter</strong></span> <span class='ocrx_word' id='word_1_80' title='bbox 624 1522 695 1567; x_wconf 90' lang='lat' dir='ltr'><strong>ea</strong></span> <span class='ocrx_word' id='word_1_81' title='bbox 721 1520 851 1585; x_wconf 73' lang='lat' dir='ltr'><strong>quae</strong></span> <span class='ocrx_word' id='word_1_82' title='bbox 891 1499 1017 1563; x_wconf 88' lang='lat' dir='ltr'><strong>suis</strong></span> <span class='ocrx_word' id='word_1_83' title='bbox 1043 1498 1376 1563; x_wconf 85' lang='lat' dir='ltr'><strong>Annalibus</strong></span> <span class='ocrx_word' id='word_1_84' title='bbox 1405 1498 1658 1560; x_wconf 87' lang='lat' dir='ltr'><strong>inseruit</strong></span> <span class='ocrx_word' id='word_1_85' title='bbox 1688 1497 1998 1579; x_wconf 91' lang='lat' dir='ltr'><strong>Baronius,</strong></span> <span class='ocrx_word' id='word_1_86' title='bbox 2041 1497 2155 1558; x_wconf 89' lang='lat' dir='ltr'><strong>alia</strong></span> 
     </span>
    </p>
   </div>
   <div class='ocr_carea' id='block_1_14' title="bbox 501 1586 2151 1664">
    <p class='ocr_par' dir='ltr' id='par_1_14' title="bbox 501 1586 2151 1664">
     <span class='ocr_line' id='line_1_14' title="bbox 501 1586 2151 1664; baseline -0.006 -8"><span class='ocrx_word' id='word_1_87' title='bbox 501 1612 622 1656; x_wconf 87' lang='lat' dir='ltr'><strong>non</strong></span> <span class='ocrx_word' id='word_1_88' title='bbox 652 1589 890 1654; x_wconf 85' lang='lat' dir='ltr'><strong>invenio</strong></span> <span class='ocrx_word' id='word_1_89' title='bbox 927 1610 945 1662; x_wconf 86' lang='lat'><strong>;</strong></span> <span class='ocrx_word' id='word_1_90' title='bbox 991 1588 1152 1649; x_wconf 84' lang='lat' dir='ltr'><strong>unde</strong></span> <span class='ocrx_word' id='word_1_91' title='bbox 1198 1586 1431 1664; x_wconf 83' lang='lat' dir='ltr'><strong>dubito,</strong></span> <span class='ocrx_word' id='word_1_92' title='bbox 1478 1606 1552 1649; x_wconf 92' lang='lat' dir='ltr'><strong>an</strong></span> <span class='ocrx_word' id='word_1_93' title='bbox 1603 1586 1940 1649; x_wconf 74' lang='lat' dir='ltr'><strong>versionem</strong></span> <span class='ocrx_word' id='word_1_94' title='bbox 1985 1604 2151 1647; x_wconf 89' lang='lat' dir='ltr'><strong>suam</strong></span> 
     </span>
    </p>
   </div>
   <div class='ocr_carea' id='block_1_15' title="bbox 502 1675 2155 1764">
    <p class='ocr_par' dir='ltr' id='par_1_15' title="bbox 502 1675 2155 1764">
     <span class='ocr_line' id='line_1_15' title="bbox 502 1675 2155 1764; baseline -0.005 -19"><span class='ocrx_word' id='word_1_95' title='bbox 502 1680 653 1764; x_wconf 81' lang='lat' dir='ltr'><strong>typis</strong></span> <span class='ocrx_word' id='word_1_96' title='bbox 681 1678 938 1743; x_wconf 88' lang='lat' dir='ltr'><strong>ediderit</strong></span> <span class='ocrx_word' id='word_1_97' title='bbox 964 1677 1294 1764; x_wconf 12' lang='lat' dir='ltr'><strong>Metius,iet</strong></span> <span class='ocrx_word' id='word_1_98' title='bbox 1322 1694 1441 1737; x_wconf 90' lang='lat' dir='ltr'><strong>non</strong></span> <span class='ocrx_word' id='word_1_99' title='bbox 1475 1676 1651 1764; x_wconf 80' lang='lat' dir='ltr'><strong>fuerit</strong></span> <span class='ocrx_word' id='word_1_100' title='bbox 1682 1677 1873 1764; x_wconf 82' lang='lat' dir='ltr'><strong>potius</strong></span> <span class='ocrx_word' id='word_1_101' title='bbox 1920 1675 1982 1737; x_wconf 92' lang='lat' dir='ltr'><strong>in</strong></span> <span class='ocrx_word' id='word_1_102' title='bbox 2038 1676 2155 1764; x_wconf 84' lang='lat' dir='ltr'><strong>Ba-</strong></span> 
     </span>
    </p>
   </div>
   <div class='ocr_carea' id='block_1_16' title="bbox 502 1762 2158 1847">
    <p class='ocr_par' dir='ltr' id='par_1_16' title="bbox 502 1762 2158 1847">
     <span class='ocr_line' id='line_1_16' title="bbox 502 1762 2158 1847; baseline -0.005 -14"><span class='ocrx_word' id='word_1_103' title='bbox 502 1762 660 1833; x_wconf 78' lang='lat' dir='ltr'><strong>ronii</strong></span> <span class='ocrx_word' id='word_1_104' title='bbox 687 1768 871 1831; x_wconf 91' lang='lat' dir='ltr'><strong>solius</strong></span> <span class='ocrx_word' id='word_1_105' title='bbox 891 1765 1135 1847; x_wconf 83' lang='lat' dir='ltr'><strong>gratiam</strong></span> <span class='ocrx_word' id='word_1_106' title='bbox 1157 1763 1464 1825; x_wconf 90' lang='lat' dir='ltr'><strong>adornata.</strong></span> <span class='ocrx_word' id='word_1_107' title='bbox 1484 1762 1784 1846; x_wconf 88' lang='lat' dir='ltr'><strong>Quidquid</strong></span> <span class='ocrx_word' id='word_1_108' title='bbox 1816 1763 1911 1839; x_wconf 87' lang='lat' dir='ltr'><strong>sit,</strong></span> <span class='ocrx_word' id='word_1_109' title='bbox 1946 1782 2076 1845; x_wconf 64' lang='lat' dir='ltr'><strong>qua;</strong></span> <span class='ocrx_word' id='word_1_110' title='bbox 2107 1763 2158 1825; x_wconf 92' lang='lat' dir='ltr'><strong>is</strong></span> 
     </span>
    </p>
   </div>
   <div class='ocr_carea' id='block_1_17' title="bbox 502 1851 2158 1921">
    <p class='ocr_par' dir='ltr' id='par_1_17' title="bbox 502 1851 2158 1921">
     <span class='ocr_line' id='line_1_17' title="bbox 502 1851 2158 1921; baseline -0.004 0"><span class='ocrx_word' id='word_1_111' title='bbox 502 1858 680 1921; x_wconf 86' lang='lat' dir='ltr'><strong>nobis</strong></span> <span class='ocrx_word' id='word_1_112' title='bbox 709 1876 776 1919; x_wconf 85' lang='lat' dir='ltr'><strong>ex</strong></span> <span class='ocrx_word' id='word_1_113' title='bbox 825 1854 1102 1919; x_wconf 88' lang='lat' dir='ltr'><strong>versione</strong></span> <span class='ocrx_word' id='word_1_114' title='bbox 1144 1852 1246 1914; x_wconf 88' lang='lat' dir='ltr'><strong>illa</strong></span> <span class='ocrx_word' id='word_1_115' title='bbox 1289 1852 1755 1914; x_wconf 83' lang='lat' dir='ltr'><strong>subministravit</strong></span> <span class='ocrx_word' id='word_1_116' title='bbox 1801 1851 2037 1915; x_wconf 83' lang='lat' dir='ltr'><strong>abunde</strong></span> <span class='ocrx_word' id='word_1_117' title='bbox 2084 1852 2158 1915; x_wconf 90' lang='lat' dir='ltr'><strong>ad</strong></span> 
     </span>
    </p>
   </div>
   <div class='ocr_carea' id='block_1_18' title="bbox 502 1941 2159 2027">
    <p class='ocr_par' dir='ltr' id='par_1_18' title="bbox 502 1941 2159 2027">
     <span class='ocr_line' id='line_1_18' title="bbox 502 1941 2159 2027; baseline -0.004 -16"><span class='ocrx_word' id='word_1_118' title='bbox 502 1966 630 2011; x_wconf 91' lang='lat' dir='ltr'><strong>rem</strong></span> <span class='ocrx_word' id='word_1_119' title='bbox 673 1952 1023 2027; x_wconf 68' lang='lat' dir='ltr'><strong>prmsentem</strong></span> <span class='ocrx_word' id='word_1_120' title='bbox 1055 1949 1255 2003; x_wconf 82' lang='lat' dir='ltr'><strong>erunt.</strong></span> <span class='ocrx_word' id='word_1_121' title='bbox 1288 1941 1638 2003; x_wconf 87' lang='lat' dir='ltr'><strong>Edmundus</strong></span> <span class='ocrx_word' id='word_1_122' title='bbox 1664 1945 1927 2005; x_wconf 83' lang='lat' dir='ltr'><strong>Martene</strong></span> <span class='ocrx_word' id='word_1_123' title='bbox 1958 1942 2159 2006; x_wconf 84' lang='lat' dir='ltr'><strong>Colle-</strong></span> 
     </span>
    </p>
   </div>
   <div class='ocr_carea' id='block_1_19' title="bbox 507 2029 2159 2111">
    <p class='ocr_par' dir='ltr' id='par_1_19' title="bbox 507 2029 2159 2111">
     <span class='ocr_line' id='line_1_19' title="bbox 507 2029 2159 2111; baseline -0.005 -12"><span class='ocrx_word' id='word_1_124' title='bbox 507 2036 721 2099; x_wconf 77' lang='lat' dir='ltr'><strong>ctionis</strong></span> <span class='ocrx_word' id='word_1_125' title='bbox 747 2042 1018 2097; x_wconf 78' lang='lat' dir='ltr'><strong>veterum</strong></span> <span class='ocrx_word' id='word_1_126' title='bbox 1044 2029 1403 2111; x_wconf 73' lang='lat' dir='ltr'><strong>scriptorum</strong></span> <span class='ocrx_word' id='word_1_127' title='bbox 1431 2037 1576 2093; x_wconf 91' lang='lat' dir='ltr'><strong>tom.</strong></span> <span class='ocrx_word' id='word_1_128' title='bbox 1609 2029 1709 2106; x_wconf 90' lang='lat' dir='ltr'><strong>VI,</strong></span> <span class='ocrx_word' id='word_1_129' title='bbox 1744 2031 1859 2093; x_wconf 90' lang='lat' dir='ltr'><strong>col.</strong></span> <span class='ocrx_word' id='word_1_130' title='bbox 1885 2031 2024 2111; x_wconf 82' lang='lat'><strong>887,</strong></span> <span class='ocrx_word' id='word_1_131' title='bbox 2051 2031 2159 2092; x_wconf 83' lang='lat' dir='ltr'><strong>Vi—</strong></span> 
     </span>
    </p>
   </div>
   <div class='ocr_carea' id='block_1_20' title="bbox 501 2117 2159 2194">
    <p class='ocr_par' dir='ltr' id='par_1_20' title="bbox 501 2117 2159 2194">
     <span class='ocr_line' id='line_1_20' title="bbox 501 2117 2159 2194; baseline -0.003 -6"><span class='ocrx_word' id='word_1_132' title='bbox 501 2142 620 2188; x_wconf 83' lang='lat' dir='ltr'><strong>tam</strong></span> <span class='ocrx_word' id='word_1_133' title='bbox 681 2126 742 2187; x_wconf 80' lang='lat' dir='ltr'><strong>S.</strong></span> <span class='ocrx_word' id='word_1_134' title='bbox 795 2120 909 2184; x_wconf 89' lang='lat' dir='ltr'><strong>Nili</strong></span> <span class='ocrx_word' id='word_1_135' title='bbox 956 2118 1225 2181; x_wconf 80' lang='lat' dir='ltr'><strong>inseruit.</strong></span> <span class='ocrx_word' id='word_1_136' title='bbox 1279 2119 1469 2194; x_wconf 88' lang='lat' dir='ltr'><strong>Illam,</strong></span> <span class='ocrx_word' id='word_1_137' title='bbox 1518 2128 1582 2180; x_wconf 90' lang='lat' dir='ltr'><strong>ut</strong></span> <span class='ocrx_word' id='word_1_138' title='bbox 1623 2121 1684 2180; x_wconf 93' lang='lat' dir='ltr'><strong>in</strong></span> <span class='ocrx_word' id='word_1_139' title='bbox 1730 2117 2159 2183; x_wconf 89' lang='lat' dir='ltr'><strong>Observatione</strong></span> 
     </span>
    </p>
   </div>
   <div class='ocr_carea' id='block_1_21' title="bbox 498 2209 2160 2302">
    <p class='ocr_par' dir='ltr' id='par_1_21' title="bbox 498 2209 2160 2302">
     <span class='ocr_line' id='line_1_21' title="bbox 498 2209 2160 2302; baseline -0.003 -25"><span class='ocrx_word' id='word_1_140' title='bbox 498 2214 721 2302; x_wconf 53' lang='lat' dir='ltr'><strong>praevia</strong></span> <span class='ocrx_word' id='word_1_141' title='bbox 742 2217 971 2302; x_wconf 74' lang='lat' dir='ltr'><strong>monet,</strong></span> <span class='ocrx_word' id='word_1_142' title='bbox 1000 2209 1171 2302; x_wconf 79' lang='lat' dir='ltr'><strong>vertit</strong></span> <span class='ocrx_word' id='word_1_143' title='bbox 1202 2227 1270 2269; x_wconf 86' lang='lat' dir='ltr'><strong>ex</strong></span> <span class='ocrx_word' id='word_1_144' title='bbox 1301 2210 1508 2302; x_wconf 77' lang='lat' dir='ltr'><strong>Graeco</strong></span> <span class='ocrx_word' id='word_1_145' title='bbox 1541 2209 1862 2302; x_wconf 78' lang='lat' dir='ltr'><strong>cardinalis</strong></span> <span class='ocrx_word' id='word_1_146' title='bbox 1884 2211 2160 2285; x_wconf 90' lang='lat' dir='ltr'><strong>Sirletus,</strong></span> 
     </span>
    </p>
   </div>
   <div class='ocr_carea' id='block_1_22' title="bbox 499 2297 2166 2382">
    <p class='ocr_par' dir='ltr' id='par_1_22' title="bbox 499 2297 2166 2382">
     <span class='ocr_line' id='line_1_22' title="bbox 499 2297 2166 2382; baseline -0.005 -11"><span class='ocrx_word' id='word_1_147' title='bbox 499 2297 888 2382; x_wconf 78' lang='lat' dir='ltr'><strong>Latinamque</strong></span> <span class='ocrx_word' id='word_1_148' title='bbox 919 2298 1048 2379; x_wconf 90' lang='lat' dir='ltr'><strong>ejus</strong></span> <span class='ocrx_word' id='word_1_149' title='bbox 1079 2297 1627 2377; x_wconf 87' lang='lat' dir='ltr'><strong>interpretationem</strong></span> <span class='ocrx_word' id='word_1_150' title='bbox 1661 2298 1825 2360; x_wconf 92' lang='lat' dir='ltr'><strong>illam</strong></span> <span class='ocrx_word' id='word_1_151' title='bbox 1862 2310 2166 2381; x_wconf 84' lang='lat' dir='ltr'><strong>repererat</strong></span> 
     </span>
    </p>
   </div>
   <div class='ocr_carea' id='block_1_23' title="bbox 502 2383 2168 2459">
    <p class='ocr_par' dir='ltr' id='par_1_23' title="bbox 502 2383 2168 2459">
     <span class='ocr_line' id='line_1_23' title="bbox 502 2383 2168 2459; baseline -0.006 0"><span class='ocrx_word' id='word_1_152' title='bbox 502 2396 646 2459; x_wconf 92' lang='lat' dir='ltr'><strong>olim</strong></span> <span class='ocrx_word' id='word_1_153' title='bbox 681 2392 750 2453; x_wconf 91' lang='lat' dir='ltr'><strong>in</strong></span> <span class='ocrx_word' id='word_1_154' title='bbox 781 2387 987 2450; x_wconf 88' lang='lat' dir='ltr'><strong>codice</strong></span> <span class='ocrx_word' id='word_1_155' title='bbox 1012 2386 1300 2447; x_wconf 89' lang='lat' dir='ltr'><strong>Vaticano</strong></span> <span class='ocrx_word' id='word_1_156' title='bbox 1346 2383 1609 2448; x_wconf 87' lang='lat' dir='ltr'><strong>Joannes</strong></span> <span class='ocrx_word' id='word_1_157' title='bbox 1644 2386 1960 2450; x_wconf 90' lang='lat' dir='ltr'><strong>Durandus</strong></span> <span class='ocrx_word' id='word_1_158' title='bbox 1990 2408 2168 2452; x_wconf 85' lang='lat' dir='ltr'><strong>accn-</strong></span> 
     </span>
    </p>
   </div>
   <div class='ocr_carea' id='block_1_24' title="bbox 502 2473 2166 2564">
    <p class='ocr_par' dir='ltr' id='par_1_24' title="bbox 502 2473 2166 2564">
     <span class='ocr_line' id='line_1_24' title="bbox 502 2473 2166 2564; baseline -0.007 -16"><span class='ocrx_word' id='word_1_159' title='bbox 502 2494 749 2564; x_wconf 85' lang='lat' dir='ltr'><strong>rateque</strong></span> <span class='ocrx_word' id='word_1_160' title='bbox 794 2473 1598 2564; x_wconf 73' lang='lat' dir='ltr'><strong>descriptamtransmiserat</strong></span> <span class='ocrx_word' id='word_1_161' title='bbox 1628 2476 1698 2538; x_wconf 90' lang='lat' dir='ltr'><strong>ad</strong></span> <span class='ocrx_word' id='word_1_162' title='bbox 1731 2476 2166 2552; x_wconf 84' lang='lat' dir='ltr'><strong>Mabillonium,</strong></span> 
     </span>
    </p>
   </div>
   <div class='ocr_carea' id='block_1_25' title="bbox 504 2561 2168 2645">
    <p class='ocr_par' dir='ltr' id='par_1_25' title="bbox 504 2561 2168 2645">
     <span class='ocr_line' id='line_1_25' title="bbox 504 2561 2168 2645; baseline -0.006 -8"><span class='ocrx_word' id='word_1_163' title='bbox 504 2561 681 2638; x_wconf 83' lang='lat' dir='ltr'><strong>etiam</strong></span> <span class='ocrx_word' id='word_1_164' title='bbox 704 2561 1199 2630; x_wconf 88' lang='lat' dir='ltr'><strong>AdriauiValesii</strong></span> <span class='ocrx_word' id='word_1_165' title='bbox 1225 2563 1455 2642; x_wconf 88' lang='lat' dir='ltr'><strong>judicio</strong></span> <span class='ocrx_word' id='word_1_166' title='bbox 1490 2563 1624 2626; x_wconf 88' lang='lat' dir='ltr'><strong>luce</strong></span> <span class='ocrx_word' id='word_1_167' title='bbox 1658 2564 1898 2645; x_wconf 90' lang='lat' dir='ltr'><strong>publica</strong></span> <span class='ocrx_word' id='word_1_168' title='bbox 1929 2566 2168 2643; x_wconf 84' lang='lat' dir='ltr'><strong>dignam</strong></span> 
     </span>
    </p>
   </div>
   <div class='ocr_carea' id='block_1_26' title="bbox 508 2651 2171 2741">
    <p class='ocr_par' dir='ltr' id='par_1_26' title="bbox 508 2651 2171 2741">
     <span class='ocr_line' id='line_1_26' title="bbox 508 2651 2171 2741; baseline -0.006 -16"><span class='ocrx_word' id='word_1_169' title='bbox 508 2677 761 2741; x_wconf 87' lang='lat' dir='ltr'><strong>moxque</strong></span> <span class='ocrx_word' id='word_1_170' title='bbox 792 2652 1110 2741; x_wconf 85' lang='lat' dir='ltr'><strong>edendam,</strong></span> <span class='ocrx_word' id='word_1_171' title='bbox 1144 2651 1258 2713; x_wconf 90' lang='lat' dir='ltr'><strong>nisi</strong></span> <span class='ocrx_word' id='word_1_172' title='bbox 1287 2652 1448 2741; x_wconf 85' lang='lat' dir='ltr'><strong>varia</strong></span> <span class='ocrx_word' id='word_1_173' title='bbox 1476 2652 2171 2735; x_wconf 84' lang='lat' dir='ltr'><strong>stndiaimpedivissent,</strong></span> 
     </span>
    </p>
   </div>
   <div class='ocr_carea' id='block_1_27' title="bbox 507 2739 2174 2816">
    <p class='ocr_par' dir='ltr' id='par_1_27' title="bbox 507 2739 2174 2816">
     <span class='ocr_line' id='line_1_27' title="bbox 507 2739 2174 2816; baseline -0.004 -1"><span class='ocrx_word' id='word_1_174' title='bbox 507 2739 843 2816; x_wconf 89' lang='lat' dir='ltr'><strong>Versiomis</strong></span> <span class='ocrx_word' id='word_1_175' title='bbox 891 2740 1227 2805; x_wconf 77' lang='lat' dir='ltr'><strong>Sirletianae</strong></span> <span class='ocrx_word' id='word_1_176' title='bbox 1285 2739 1462 2801; x_wconf 89' lang='lat' dir='ltr'><strong>etiam</strong></span> <span class='ocrx_word' id='word_1_177' title='bbox 1522 2742 1795 2804; x_wconf 90' lang='lat' dir='ltr'><strong>meminit</strong></span> <span class='ocrx_word' id='word_1_178' title='bbox 1843 2743 2174 2808; x_wconf 89' lang='lat' dir='ltr'><strong>laudandus</strong></span> 
     </span>
    </p>
   </div>
   <div class='ocr_carea' id='block_1_28' title="bbox 506 2829 2171 2920">
    <p class='ocr_par' dir='ltr' id='par_1_28' title="bbox 506 2829 2171 2920">
     <span class='ocr_line' id='line_1_28' title="bbox 506 2829 2171 2920; baseline -0.003 -19"><span class='ocrx_word' id='word_1_179' title='bbox 506 2856 665 2920; x_wconf 61' lang='lat' dir='ltr'><strong>saepe</strong></span> <span class='ocrx_word' id='word_1_180' title='bbox 697 2829 1143 2920; x_wconf 75' lang='lat' dir='ltr'><strong>Sciommarius,</strong></span> <span class='ocrx_word' id='word_1_181' title='bbox 1165 2829 1430 2920; x_wconf 38' lang='lat' dir='ltr'><strong>~ejusque</strong></span> <span class='ocrx_word' id='word_1_182' title='bbox 1461 2831 1787 2920; x_wconf 73' lang='lat' dir='ltr'><strong>exemplar.</strong></span> <span class='ocrx_word' id='word_1_183' title='bbox 1823 2851 1935 2893; x_wconf 89' lang='lat' dir='ltr'><strong>ms.</strong></span> <span class='ocrx_word' id='word_1_184' title='bbox 1971 2844 2029 2896; x_wconf 90' lang='lat' dir='ltr'><strong>et</strong></span> <span class='ocrx_word' id='word_1_185' title='bbox 2064 2854 2171 2897; x_wconf 93' lang='lat' dir='ltr'><strong>nos</strong></span> 
     </span>
    </p>
   </div>
   <div class='ocr_carea' id='block_1_29' title="bbox 502 2915 2166 2992">
    <p class='ocr_par' dir='ltr' id='par_1_29' title="bbox 502 2915 2166 2992">
     <span class='ocr_line' id='line_1_29' title="bbox 502 2915 2166 2992; baseline -0.004 0"><span class='ocrx_word' id='word_1_186' title='bbox 502 2915 794 2992; x_wconf 82' lang='lat' dir='ltr'><strong>habemus</strong></span> <span class='ocrx_word' id='word_1_187' title='bbox 826 2940 892 2983; x_wconf 81' lang='lat' dir='ltr'><strong>ex</strong></span> <span class='ocrx_word' id='word_1_188' title='bbox 939 2917 1323 2981; x_wconf 73' lang='lat' dir='ltr'><strong>Bibliothecae</strong></span> <span class='ocrx_word' id='word_1_189' title='bbox 1374 2915 1670 2980; x_wconf 64' lang='lat' dir='ltr'><strong>Vaticanae</strong></span> <span class='ocrx_word' id='word_1_190' title='bbox 1725 2921 1858 2983; x_wconf 88' lang='lat' dir='ltr'><strong>cod.</strong></span> <span class='ocrx_word' id='word_1_191' title='bbox 1911 2940 2018 2983; x_wconf 93' lang='lat' dir='ltr'><strong>ms.</strong></span> <span class='ocrx_word' id='word_1_192' title='bbox 2056 2923 2166 2985; x_wconf 91' lang='lat' dir='ltr'><strong>sub</strong></span> 
     </span>
    </p>
   </div>
   <div class='ocr_carea' id='block_1_30' title="bbox 504 3006 2159 3092">
    <p class='ocr_par' dir='ltr' id='par_1_30' title="bbox 504 3006 2159 3092">
     <span class='ocr_line' id='line_1_30' title="bbox 504 3006 2159 3092; baseline -0.004 -12"><span class='ocrx_word' id='word_1_193' title='bbox 504 3034 673 3080; x_wconf 92' lang='lat' dir='ltr'><strong>num.</strong></span> <span class='ocrx_word' id='word_1_194' title='bbox 710 3006 1010 3089; x_wconf 75' lang='grc' dir='ltr'><strong>6151,ᾳυί</strong></span> <span class='ocrx_word' id='word_1_195' title='bbox 1024 3006 1183 3068; x_wconf 91' lang='lat' dir='ltr'><strong>idem</strong></span> <span class='ocrx_word' id='word_1_196' title='bbox 1205 3014 1313 3086; x_wconf 89' lang='lat' dir='ltr'><strong>est,</strong></span> <span class='ocrx_word' id='word_1_197' title='bbox 1337 3006 1496 3068; x_wconf 91' lang='lat' dir='ltr'><strong>unde</strong></span> <span class='ocrx_word' id='word_1_198' title='bbox 1524 3026 1694 3069; x_wconf 92' lang='lat' dir='ltr'><strong>suum</strong></span> <span class='ocrx_word' id='word_1_199' title='bbox 1733 3012 2159 3092; x_wconf 89' lang='lat' dir='ltr'><strong>apographum,</strong></span> 
     </span>
    </p>
   </div>
   <div class='ocr_carea' id='block_1_31' title="bbox 508 3094 2162 3187">
    <p class='ocr_par' dir='ltr' id='par_1_31' title="bbox 508 3094 2162 3187">
     <span class='ocr_line' id='line_1_31' title="bbox 508 3094 2162 3187; baseline -0.002 -20"><span class='ocrx_word' id='word_1_200' title='bbox 508 3103 669 3187; x_wconf 91' lang='lat' dir='ltr'><strong>quod</strong></span> <span class='ocrx_word' id='word_1_201' title='bbox 699 3118 832 3165; x_wconf 91' lang='lat' dir='ltr'><strong>cum</strong></span> <span class='ocrx_word' id='word_1_202' title='bbox 885 3104 1097 3187; x_wconf 74' lang='lat' dir='ltr'><strong>nostro</strong></span> <span class='ocrx_word' id='word_1_203' title='bbox 1134 3094 1214 3187; x_wconf 80' lang='lat' dir='ltr'><strong>ad</strong></span> <span class='ocrx_word' id='word_1_204' title='bbox 1252 3095 1454 3187; x_wconf 83' lang='lat' dir='ltr'><strong>apices</strong></span> <span class='ocrx_word' id='word_1_205' title='bbox 1506 3096 1804 3174; x_wconf 87' lang='lat' dir='ltr'><strong>convenit,</strong></span> <span class='ocrx_word' id='word_1_206' title='bbox 1837 3099 2162 3164; x_wconf 87' lang='lat' dir='ltr'><strong>adornasse</strong></span> 
     </span>
    </p>
   </div>
   <div class='ocr_carea' id='block_1_32' title="bbox 512 3183 1504 3266">
    <p class='ocr_par' dir='ltr' id='par_1_32' title="bbox 512 3183 1504 3266">
     <span class='ocr_line' id='line_1_32' title="bbox 512 3183 1504 3266; baseline -0.012 -9"><span class='ocrx_word' id='word_1_207' title='bbox 512 3183 886 3266; x_wconf 70' lang='lat' dir='ltr'><strong>Durandum,</strong></span> <span class='ocrx_word' id='word_1_208' title='bbox 922 3184 1130 3251; x_wconf 81' lang='lat' dir='ltr'><strong>scribit</strong></span> <span class='ocrx_word' id='word_1_209' title='bbox 1159 3183 1504 3249; x_wconf 87' lang='lat' dir='ltr'><strong>Martenius.</strong></span> 
     </span>
    </p>
   </div>
   <div class='ocr_carea' id='block_1_33' title="bbox 584 3394 2155 3479">
    <p class='ocr_par' dir='ltr' id='par_1_33' title="bbox 584 3394 2155 3479">
     <span class='ocr_line' id='line_1_33' title="bbox 584 3394 2155 3479; baseline -0.002 -15"><span class='ocrx_word' id='word_1_210' title='bbox 584 3402 643 3464; x_wconf 79' lang='grc'>4.</span> <span class='ocrx_word' id='word_1_211' title='bbox 669 3397 902 3479; x_wconf 87' lang='lat' dir='ltr'><strong>Adjecit</strong></span> <span class='ocrx_word' id='word_1_212' title='bbox 934 3403 1133 3457; x_wconf 90' lang='lat' dir='ltr'><strong>nostro</strong></span> <span class='ocrx_word' id='word_1_213' title='bbox 1169 3394 1629 3477; x_wconf 77' lang='lat' dir='ltr'><strong>l‘apebrochius,</strong></span> <span class='ocrx_word' id='word_1_214' title='bbox 1668 3397 1969 3479; x_wconf 86' lang='lat' dir='ltr'><strong>exemplar</strong></span> <span class='ocrx_word' id='word_1_215' title='bbox 1994 3396 2155 3462; x_wconf 65' lang='lat' dir='ltr'><strong>Grae-</strong></span> 
     </span>
    </p>
   </div>
   <div class='ocr_carea' id='block_1_34' title="bbox 504 3484 2147 3565">
    <p class='ocr_par' dir='ltr' id='par_1_34' title="bbox 504 3484 2147 3565">
     <span class='ocr_line' id='line_1_34' title="bbox 504 3484 2147 3565; baseline -0.004 -11"><span class='ocrx_word' id='word_1_216' title='bbox 504 3510 638 3554; x_wconf 91' lang='lat' dir='ltr'><strong>cum</strong></span> <span class='ocrx_word' id='word_1_217' title='bbox 692 3488 910 3549; x_wconf 81' lang='lat' dir='ltr'><strong>vidisse</strong></span> <span class='ocrx_word' id='word_1_218' title='bbox 956 3504 1021 3547; x_wconf 79' lang='lat' dir='ltr'><strong>se</strong></span> <span class='ocrx_word' id='word_1_219' title='bbox 1070 3485 1127 3546; x_wconf 90' lang='lat' dir='ltr'><strong>in</strong></span> <span class='ocrx_word' id='word_1_220' title='bbox 1180 3485 1406 3565; x_wconf 80' lang='lat' dir='ltr'><strong>Cryptae</strong></span> <span class='ocrx_word' id='word_1_221' title='bbox 1451 3484 1706 3547; x_wconf 74' lang='lat' dir='ltr'><strong>Ferratm</strong></span> <span class='ocrx_word' id='word_1_222' title='bbox 1764 3487 2147 3563; x_wconf 84' lang='lat' dir='ltr'><strong>monasterio,</strong></span> 
     </span>
    </p>
   </div>
   <div class='ocr_carea' id='block_1_35' title="bbox 503 3572 2151 3657">
    <p class='ocr_par' dir='ltr' id='par_1_35' title="bbox 503 3572 2151 3657">
     <span class='ocr_line' id='line_1_35' title="bbox 503 3572 2151 3657; baseline -0.003 -15"><span class='ocrx_word' id='word_1_223' title='bbox 503 3576 922 3657; x_wconf 85' lang='lat' dir='ltr'><strong>consuluitque</strong></span> <span class='ocrx_word' id='word_1_224' title='bbox 954 3592 1151 3636; x_wconf 65' lang='lat' dir='ltr'><strong>eiram</strong></span> <span class='ocrx_word' id='word_1_225' title='bbox 1193 3572 1520 3635; x_wconf 81' lang='lat' dir='ltr'><strong>Romanum</strong></span> <span class='ocrx_word' id='word_1_226' title='bbox 1554 3574 1847 3655; x_wconf 87' lang='lat' dir='ltr'><strong>codicem,</strong></span> <span class='ocrx_word' id='word_1_227' title='bbox 1879 3575 1949 3637; x_wconf 93' lang='lat' dir='ltr'><strong>ad</strong></span> <span class='ocrx_word' id='word_1_228' title='bbox 1975 3594 2151 3656; x_wconf 87' lang='lat' dir='ltr'><strong>quem</strong></span> 
     </span>
    </p>
   </div>
   <div class='ocr_carea' id='block_1_36' title="bbox 502 3661 2155 3749">
    <p class='ocr_par' dir='ltr' id='par_1_36' title="bbox 502 3661 2155 3749">
     <span class='ocr_line' id='line_1_36' title="bbox 502 3661 2155 3749; baseline -0.002 -19"><span class='ocrx_word' id='word_1_229' title='bbox 502 3665 726 3749; x_wconf 89' lang='lat' dir='ltr'><strong>aliquid</strong></span> <span class='ocrx_word' id='word_1_230' title='bbox 758 3662 1115 3739; x_wconf 74' lang='lat' dir='ltr'><strong>observavit,</strong></span> <span class='ocrx_word' id='word_1_231' title='bbox 1166 3669 1231 3722; x_wconf 89' lang='lat' dir='ltr'><strong>ut</strong></span> <span class='ocrx_word' id='word_1_232' title='bbox 1276 3662 1431 3722; x_wconf 42' lang='lat' dir='ltr'><strong>infla</strong></span> <span class='ocrx_word' id='word_1_233' title='bbox 1474 3661 1830 3725; x_wconf 86' lang='lat' dir='ltr'><strong>videbimus.</strong></span> <span class='ocrx_word' id='word_1_234' title='bbox 1884 3663 2155 3746; x_wconf 89' lang='lat' dir='ltr'><strong>Denique</strong></span> 
     </span>
    </p>
   </div>
   <div class='ocr_carea' id='block_1_37' title="bbox 498 3750 2154 3832">
    <p class='ocr_par' dir='ltr' id='par_1_37' title="bbox 498 3750 2154 3832">
     <span class='ocr_line' id='line_1_37' title="bbox 498 3750 2154 3832; baseline -0.004 -11"><span class='ocrx_word' id='word_1_235' title='bbox 498 3757 762 3821; x_wconf 81' lang='lat' dir='ltr'><strong>Joannes</strong></span> <span class='ocrx_word' id='word_1_236' title='bbox 814 3751 1118 3815; x_wconf 68' lang='lat' dir='ltr'><strong>Matthaaus</strong></span> <span class='ocrx_word' id='word_1_237' title='bbox 1182 3750 1588 3831; x_wconf 73' lang='lat' dir='ltr'><strong>Caryopliilus,</strong></span> <span class='ocrx_word' id='word_1_238' title='bbox 1662 3750 2154 3832; x_wconf 84' lang='lat' dir='ltr'><strong>archiepiscOpus</strong></span> 
     </span>
    </p>
   </div>
   <div class='ocr_carea' id='block_1_38' title="bbox 503 3838 2155 3922">
    <p class='ocr_par' dir='ltr' id='par_1_38' title="bbox 503 3838 2155 3922">
     <span class='ocr_line' id='line_1_38' title="bbox 503 3838 2155 3922; baseline -0.004 -13"><span class='ocrx_word' id='word_1_239' title='bbox 503 3841 854 3908; x_wconf 87' lang='lat' dir='ltr'><strong>Iconiensis.</strong></span> <span class='ocrx_word' id='word_1_240' title='bbox 882 3838 1165 3922; x_wconf 69' lang='lat' dir='ltr'><strong>praeteriti</strong></span> <span class='ocrx_word' id='word_1_241' title='bbox 1187 3839 1384 3900; x_wconf 65' lang='lat' dir='ltr'><strong>sazculi</strong></span> <span class='ocrx_word' id='word_1_242' title='bbox 1405 3840 1571 3899; x_wconf 90' lang='lat' dir='ltr'><strong>initio</strong></span> <span class='ocrx_word' id='word_1_243' title='bbox 1595 3839 1797 3901; x_wconf 89' lang='lat' dir='ltr'><strong>Latine</strong></span> <span class='ocrx_word' id='word_1_244' title='bbox 1828 3840 2155 3903; x_wconf 87' lang='lat' dir='ltr'><strong>vertituna—</strong></span> 
     </span>
    </p>
   </div>
   <div class='ocr_carea' id='block_1_39' title="bbox 503 3926 2149 4016">
    <p class='ocr_par' dir='ltr' id='par_1_39' title="bbox 503 3926 2149 4016">
     <span class='ocr_line' id='line_1_39' title="bbox 503 3926 2149 4016; baseline -0.003 -20"><span class='ocrx_word' id='word_1_245' title='bbox 503 3952 618 4016; x_wconf 91' lang='lat' dir='ltr'><strong>que</strong></span> <span class='ocrx_word' id='word_1_246' title='bbox 675 3951 807 3993; x_wconf 91' lang='lat' dir='ltr'><strong>cum</strong></span> <span class='ocrx_word' id='word_1_247' title='bbox 854 3938 1014 3991; x_wconf 83' lang='lat' dir='ltr'><strong>textu</strong></span> <span class='ocrx_word' id='word_1_248' title='bbox 1065 3926 1268 4016; x_wconf 69' lang='lat' dir='ltr'><strong>Graeco</strong></span> <span class='ocrx_word' id='word_1_249' title='bbox 1326 3945 1394 3989; x_wconf 81' lang='lat' dir='ltr'><strong>ex</strong></span> <span class='ocrx_word' id='word_1_250' title='bbox 1454 3928 1679 4008; x_wconf 72' lang='lat' dir='ltr'><strong>Cryplae</strong></span> <span class='ocrx_word' id='word_1_251' title='bbox 1736 3929 1994 3991; x_wconf 69' lang='lat' dir='ltr'><strong>Ferratze</strong></span> <span class='ocrx_word' id='word_1_252' title='bbox 2038 3948 2149 3991; x_wconf 91' lang='lat' dir='ltr'><strong>ms.</strong></span> 
     </span>
    </p>
   </div>
   <div class='ocr_carea' id='block_1_40' title="bbox 501 4014 2152 4097">
    <p class='ocr_par' dir='ltr' id='par_1_40' title="bbox 501 4014 2152 4097">
     <span class='ocr_line' id='line_1_40' title="bbox 501 4014 2152 4097; baseline -0.003 -12"><span class='ocrx_word' id='word_1_253' title='bbox 501 4014 788 4085; x_wconf 77' lang='lat' dir='ltr'><strong>Romanis</strong></span> <span class='ocrx_word' id='word_1_254' title='bbox 832 4017 1096 4079; x_wconf 68' lang='lat' dir='ltr'><strong>Zannrtti</strong></span> <span class='ocrx_word' id='word_1_255' title='bbox 1150 4014 1299 4097; x_wconf 85' lang='lat' dir='ltr'><strong>typis</strong></span> <span class='ocrx_word' id='word_1_256' title='bbox 1340 4034 1494 4076; x_wconf 90' lang='lat' dir='ltr'><strong>anno</strong></span> <span class='ocrx_word' id='word_1_257' title='bbox 1544 4017 1691 4078; x_wconf 75' lang='grc'><strong>1624</strong></span> <span class='ocrx_word' id='word_1_258' title='bbox 1742 4016 1929 4079; x_wconf 90' lang='lat' dir='ltr'><strong>edidit</strong></span> <span class='ocrx_word' id='word_1_259' title='bbox 1958 4016 2152 4081; x_wconf 91' lang='lat' dir='ltr'><strong>Vitam</strong></span> 
     </span>
    </p>
   </div>
   <div class='ocr_carea' id='block_1_41' title="bbox 503 4104 2155 4190">
    <p class='ocr_par' dir='ltr' id='par_1_41' title="bbox 503 4104 2155 4190">
     <span class='ocr_line' id='line_1_41' title="bbox 503 4104 2155 4190; baseline -0.002 -16"><span class='ocrx_word' id='word_1_260' title='bbox 503 4110 567 4175; x_wconf 89' lang='lat' dir='ltr'><strong>S.</strong></span> <span class='ocrx_word' id='word_1_261' title='bbox 630 4108 772 4190; x_wconf 84' lang='lat' dir='ltr'><strong>Nili,</strong></span> <span class='ocrx_word' id='word_1_262' title='bbox 819 4124 993 4188; x_wconf 90' lang='lat' dir='ltr'><strong>quam</strong></span> <span class='ocrx_word' id='word_1_263' title='bbox 1043 4105 1312 4187; x_wconf 89' lang='lat' dir='ltr'><strong>queritur</strong></span> <span class='ocrx_word' id='word_1_264' title='bbox 1358 4122 1546 4185; x_wconf 90' lang='lat' dir='ltr'><strong>usque</strong></span> <span class='ocrx_word' id='word_1_265' title='bbox 1602 4113 1724 4166; x_wconf 92' lang='lat' dir='ltr'><strong>tum</strong></span> <span class='ocrx_word' id='word_1_266' title='bbox 1782 4104 1842 4167; x_wconf 90' lang='lat' dir='ltr'><strong>in</strong></span> <span class='ocrx_word' id='word_1_267' title='bbox 1890 4107 2155 4170; x_wconf 90' lang='lat' dir='ltr'><strong>tenebris</strong></span> 
     </span>
    </p>
   </div>
   <div class='ocr_carea' id='block_1_42' title="bbox 498 4194 2153 4280">
    <p class='ocr_par' dir='ltr' id='par_1_42' title="bbox 498 4194 2153 4280">
     <span class='ocr_line' id='line_1_42' title="bbox 498 4194 2153 4280; baseline -0.002 -17"><span class='ocrx_word' id='word_1_268' title='bbox 498 4198 827 4263; x_wconf 84' lang='lat' dir='ltr'><strong>delituisse.</strong></span> <span class='ocrx_word' id='word_1_269' title='bbox 859 4194 1196 4276; x_wconf 83' lang='lat' dir='ltr'><strong>Caryophili</strong></span> <span class='ocrx_word' id='word_1_270' title='bbox 1225 4194 1535 4273; x_wconf 80' lang='lat' dir='ltr'><strong>diligentia</strong></span> <span class='ocrx_word' id='word_1_271' title='bbox 1563 4201 1622 4255; x_wconf 92' lang='lat' dir='ltr'><strong>et</strong></span> <span class='ocrx_word' id='word_1_272' title='bbox 1647 4194 1708 4255; x_wconf 92' lang='lat' dir='ltr'><strong>in</strong></span> <span class='ocrx_word' id='word_1_273' title='bbox 1740 4195 1960 4258; x_wconf 90' lang='lat' dir='ltr'><strong>Latinis</strong></span> <span class='ocrx_word' id='word_1_274' title='bbox 1988 4216 2153 4280; x_wconf 66' lang='lat' dir='ltr'><strong>aeque</strong></span> 
     </span>
    </p>
   </div>
   <div class='ocr_carea' id='block_1_43' title="bbox 498 4281 2153 4367">
    <p class='ocr_par' dir='ltr' id='par_1_43' title="bbox 498 4281 2153 4367">
     <span class='ocr_line' id='line_1_43' title="bbox 498 4281 2153 4367; baseline -0.001 -17"><span class='ocrx_word' id='word_1_275' title='bbox 498 4309 569 4351; x_wconf 86' lang='lat' dir='ltr'><strong>ac</strong></span> <span class='ocrx_word' id='word_1_276' title='bbox 598 4285 817 4352; x_wconf 85' lang='lat' dir='ltr'><strong>Graecis</strong></span> <span class='ocrx_word' id='word_1_277' title='bbox 866 4284 1076 4367; x_wconf 90' lang='lat' dir='ltr'><strong>peritia</strong></span> <span class='ocrx_word' id='word_1_278' title='bbox 1108 4282 1254 4344; x_wconf 90' lang='lat' dir='ltr'><strong>nihil</strong></span> <span class='ocrx_word' id='word_1_279' title='bbox 1298 4282 1455 4343; x_wconf 88' lang='lat' dir='ltr'><strong>circa</strong></span> <span class='ocrx_word' id='word_1_280' title='bbox 1483 4281 1675 4344; x_wconf 86' lang='lat' dir='ltr'><strong>Vitam</strong></span> <span class='ocrx_word' id='word_1_281' title='bbox 1711 4284 2005 4364; x_wconf 63' lang='lat' dir='ltr'><strong>praefatam</strong></span> <span class='ocrx_word' id='word_1_282' title='bbox 2040 4288 2153 4349; x_wconf 90' lang='lat' dir='ltr'><strong>de-</strong></span> 
     </span>
    </p>
   </div>
   <div class='ocr_carea' id='block_1_44' title="bbox 500 4370 2149 4453">
    <p class='ocr_par' dir='ltr' id='par_1_44' title="bbox 500 4370 2149 4453">
     <span class='ocr_line' id='line_1_44' title="bbox 500 4370 2149 4453; baseline -0.002 -12"><span class='ocrx_word' id='word_1_283' title='bbox 500 4377 822 4441; x_wconf 89' lang='lat' dir='ltr'><strong>sideratum</strong></span> <span class='ocrx_word' id='word_1_284' title='bbox 884 4372 1188 4453; x_wconf 85' lang='lat' dir='ltr'><strong>relinquit,</strong></span> <span class='ocrx_word' id='word_1_285' title='bbox 1251 4379 1462 4451; x_wconf 61' lang='lat' dir='ltr'><strong>praeter</strong></span> <span class='ocrx_word' id='word_1_286' title='bbox 1509 4370 1733 4433; x_wconf 79' lang='lat' dir='ltr'><strong>hiatum</strong></span> <span class='ocrx_word' id='word_1_287' title='bbox 1785 4374 2026 4436; x_wconf 89' lang='lat' dir='ltr'><strong>unicum</strong></span> <span class='ocrx_word' id='word_1_288' title='bbox 2089 4375 2149 4438; x_wconf 91' lang='lat' dir='ltr'><strong>in</strong></span> 
     </span>
    </p>
   </div>
   <div class='ocr_carea' id='block_1_45' title="bbox 498 4460 2147 4548">
    <p class='ocr_par' dir='ltr' id='par_1_45' title="bbox 498 4460 2147 4548">
     <span class='ocr_line' id='line_1_45' title="bbox 498 4460 2147 4548; baseline -0.002 -18"><span class='ocrx_word' id='word_1_289' title='bbox 498 4465 689 4548; x_wconf 88' lang='lat' dir='ltr'><strong>capite</strong></span> <span class='ocrx_word' id='word_1_290' title='bbox 718 4465 777 4526; x_wconf 66' lang='lat'><strong>9.</strong></span> <span class='ocrx_word' id='word_1_291' title='bbox 834 4461 889 4523; x_wconf 90' lang='lat' dir='ltr'><strong>Is</strong></span> <span class='ocrx_word' id='word_1_292' title='bbox 939 4460 1085 4523; x_wconf 88' lang='lat' dir='ltr'><strong>mihi</strong></span> <span class='ocrx_word' id='word_1_293' title='bbox 1125 4461 1371 4522; x_wconf 88' lang='lat' dir='ltr'><strong>dubium</strong></span> <span class='ocrx_word' id='word_1_294' title='bbox 1429 4460 1654 4540; x_wconf 85' lang='lat' dir='ltr'><strong>injecit,</strong></span> <span class='ocrx_word' id='word_1_295' title='bbox 1708 4480 1777 4522; x_wconf 89' lang='lat' dir='ltr'><strong>an</strong></span> <span class='ocrx_word' id='word_1_296' title='bbox 1821 4462 2029 4526; x_wconf 85' lang='lat' dir='ltr'><strong>saltem</strong></span> <span class='ocrx_word' id='word_1_297' title='bbox 2079 4484 2147 4526; x_wconf 81' lang='lat' dir='ltr'><strong>ex</strong></span> 
     </span>
    </p>
   </div>
   <div class='ocr_carea' id='block_1_46' title="bbox 497 4549 2147 4631">
    <p class='ocr_par' dir='ltr' id='par_1_46' title="bbox 497 4549 2147 4631">
     <span class='ocr_line' id='line_1_46' title="bbox 497 4549 2147 4631; baseline -0.002 -12"><span class='ocrx_word' id='word_1_298' title='bbox 497 4558 706 4619; x_wconf 89' lang='lat' dir='ltr'><strong>eodem</strong></span> <span class='ocrx_word' id='word_1_299' title='bbox 722 4549 1687 4631; x_wconf 73' lang='lat' dir='ltr'><strong>CryptaeFerratensismonasterii</strong></span> <span class='ocrx_word' id='word_1_300' title='bbox 1709 4552 1915 4613; x_wconf 83' lang='lat' dir='ltr'><strong>codice</strong></span> <span class='ocrx_word' id='word_1_301' title='bbox 1946 4550 2147 4616; x_wconf 91' lang='lat' dir='ltr'><strong>Sirleti</strong></span> 
     </span>
    </p>
   </div>
   <div class='ocr_carea' id='block_1_47' title="bbox 491 4638 2144 4727">
    <p class='ocr_par' dir='ltr' id='par_1_47' title="bbox 491 4638 2144 4727">
     <span class='ocr_line' id='line_1_47' title="bbox 491 4638 2144 4727; baseline -0.001 -21"><span class='ocrx_word' id='word_1_302' title='bbox 491 4644 684 4708; x_wconf 91' lang='lat' dir='ltr'><strong>versio</strong></span> <span class='ocrx_word' id='word_1_303' title='bbox 703 4644 967 4727; x_wconf 84' lang='lat' dir='ltr'><strong>profecta</strong></span> <span class='ocrx_word' id='word_1_304' title='bbox 985 4640 1082 4721; x_wconf 89' lang='lat' dir='ltr'><strong>sit,</strong></span> <span class='ocrx_word' id='word_1_305' title='bbox 1111 4658 1242 4701; x_wconf 92' lang='lat' dir='ltr'><strong>cum</strong></span> <span class='ocrx_word' id='word_1_306' title='bbox 1267 4638 1326 4699; x_wconf 93' lang='lat' dir='ltr'><strong>in</strong></span> <span class='ocrx_word' id='word_1_307' title='bbox 1352 4638 1685 4720; x_wconf 79' lang='lat' dir='ltr'><strong>Caryophili</strong></span> <span class='ocrx_word' id='word_1_308' title='bbox 1714 4648 1866 4702; x_wconf 87' lang='lat' dir='ltr'><strong>textu</strong></span> <span class='ocrx_word' id='word_1_309' title='bbox 1900 4641 2144 4719; x_wconf 90' lang='lat' dir='ltr'><strong>omissa,</strong></span> 
     </span>
    </p>
   </div>
   <div class='ocr_carea' id='block_1_48' title="bbox 490 4728 2139 4814">
    <p class='ocr_par' dir='ltr' id='par_1_48' title="bbox 490 4728 2139 4814">
     <span class='ocr_line' id='line_1_48' title="bbox 490 4728 2139 4814; baseline -0.001 -17"><span class='ocrx_word' id='word_1_310' title='bbox 490 4735 637 4797; x_wconf 88' lang='lat' dir='ltr'><strong>duas</strong></span> <span class='ocrx_word' id='word_1_311' title='bbox 668 4736 793 4797; x_wconf 87' lang='lat' dir='ltr'><strong>fere</strong></span> <span class='ocrx_word' id='word_1_312' title='bbox 823 4731 1131 4795; x_wconf 90' lang='lat' dir='ltr'><strong>columnas</strong></span> <span class='ocrx_word' id='word_1_313' title='bbox 1160 4728 1219 4789; x_wconf 92' lang='lat' dir='ltr'><strong>in</strong></span> <span class='ocrx_word' id='word_1_314' title='bbox 1250 4729 1515 4805; x_wconf 85' lang='lat' dir='ltr'><strong>Martenii</strong></span> <span class='ocrx_word' id='word_1_315' title='bbox 1549 4729 1807 4792; x_wconf 87' lang='lat' dir='ltr'><strong>editione</strong></span> <span class='ocrx_word' id='word_1_316' title='bbox 1834 4732 2139 4814; x_wconf 84' lang='lat' dir='ltr'><strong>impleant.</strong></span> 
     </span>
    </p>
   </div>
   <div class='ocr_carea' id='block_1_49' title="bbox 492 4818 2145 4902">
    <p class='ocr_par' dir='ltr' id='par_1_49' title="bbox 492 4818 2145 4902">
     <span class='ocr_line' id='line_1_49' title="bbox 492 4818 2145 4902; baseline -0.001 -16"><span class='ocrx_word' id='word_1_317' title='bbox 492 4824 564 4887; x_wconf 68' lang='lat' dir='ltr'><strong>At</strong></span> <span class='ocrx_word' id='word_1_318' title='bbox 595 4842 830 4885; x_wconf 87' lang='lat' dir='ltr'><strong>summo</strong></span> <span class='ocrx_word' id='word_1_319' title='bbox 861 4819 1001 4883; x_wconf 89' lang='lat' dir='ltr'><strong>alibi</strong></span> <span class='ocrx_word' id='word_1_320' title='bbox 1036 4822 1252 4898; x_wconf 82' lang='lat' dir='ltr'><strong>passim</strong></span> <span class='ocrx_word' id='word_1_321' title='bbox 1285 4818 1672 4880; x_wconf 85' lang='lat' dir='ltr'><strong>consonantia</strong></span> <span class='ocrx_word' id='word_1_322' title='bbox 1697 4821 1926 4900; x_wconf 89' lang='lat' dir='ltr'><strong>peperit</strong></span> <span class='ocrx_word' id='word_1_323' title='bbox 1954 4823 2145 4902; x_wconf 89' lang='lat' dir='ltr'><strong>suspi-</strong></span> 
     </span>
    </p>
   </div>
   <div class='ocr_carea' id='block_1_50' title="bbox 487 4908 2141 4989">
    <p class='ocr_par' dir='ltr' id='par_1_50' title="bbox 487 4908 2141 4989">
     <span class='ocr_line' id='line_1_50' title="bbox 487 4908 2141 4989; baseline 0.001 -16"><span class='ocrx_word' id='word_1_324' title='bbox 487 4912 742 4988; x_wconf 90' lang='lat' dir='ltr'><strong>cionem,</strong></span> <span class='ocrx_word' id='word_1_325' title='bbox 792 4929 868 4973; x_wconf 88' lang='lat' dir='ltr'><strong>ne</strong></span> <span class='ocrx_word' id='word_1_326' title='bbox 917 4910 1066 4973; x_wconf 86' lang='lat' dir='ltr'><strong>forte</strong></span> <span class='ocrx_word' id='word_1_327' title='bbox 1116 4916 1421 4989; x_wconf 84' lang='lat' dir='ltr'><strong>postquam</strong></span> <span class='ocrx_word' id='word_1_328' title='bbox 1455 4908 1723 4969; x_wconf 86' lang='lat' dir='ltr'><strong>codicem</strong></span> <span class='ocrx_word' id='word_1_329' title='bbox 1759 4911 2141 4974; x_wconf 75' lang='lat' dir='ltr'><strong>consuluerat</strong></span> 
     </span>
    </p>
   </div>
   <div class='ocr_carea' id='block_1_51' title="bbox 488 4997 2139 5076">
    <p class='ocr_par' dir='ltr' id='par_1_51' title="bbox 488 4997 2139 5076">
     <span class='ocr_line' id='line_1_51' title="bbox 488 4997 2139 5076; baseline 0 -13"><span class='ocrx_word' id='word_1_330' title='bbox 488 4999 761 5072; x_wconf 88' lang='lat' dir='ltr'><strong>Sirletus,</strong></span> <span class='ocrx_word' id='word_1_331' title='bbox 810 5001 1016 5063; x_wconf 79' lang='lat' dir='ltr'><strong>folium</strong></span> <span class='ocrx_word' id='word_1_332' title='bbox 1065 5018 1134 5061; x_wconf 79' lang='lat' dir='ltr'><strong>ex</strong></span> <span class='ocrx_word' id='word_1_333' title='bbox 1181 5017 1277 5072; x_wconf 91' lang='lat' dir='ltr'><strong>eo,</strong></span> <span class='ocrx_word' id='word_1_334' title='bbox 1325 4997 1412 5058; x_wconf 90' lang='lat' dir='ltr'><strong>vel</strong></span> <span class='ocrx_word' id='word_1_335' title='bbox 1459 4998 1815 5076; x_wconf 79' lang='lat' dir='ltr'><strong>negligentia</strong></span> <span class='ocrx_word' id='word_1_336' title='bbox 1875 5000 1966 5061; x_wconf 89' lang='lat' dir='ltr'><strong>vel</strong></span> <span class='ocrx_word' id='word_1_337' title='bbox 2023 5001 2139 5063; x_wconf 90' lang='lat' dir='ltr'><strong>alio</strong></span> 
     </span>
    </p>
   </div>
   <div class='ocr_carea' id='block_1_52' title="bbox 484 5086 2135 5169">
    <p class='ocr_par' dir='ltr' id='par_1_52' title="bbox 484 5086 2135 5169">
     <span class='ocr_line' id='line_1_52' title="bbox 484 5086 2135 5169; baseline -0.001 -17"><span class='ocrx_word' id='word_1_338' title='bbox 484 5108 623 5152; x_wconf 90' lang='lat' dir='ltr'><strong>casu</strong></span> <span class='ocrx_word' id='word_1_339' title='bbox 671 5090 932 5169; x_wconf 88' lang='lat' dir='ltr'><strong>perierit.</strong></span> <span class='ocrx_word' id='word_1_340' title='bbox 970 5088 1265 5169; x_wconf 87' lang='lat' dir='ltr'><strong>Quidquid</strong></span> <span class='ocrx_word' id='word_1_341' title='bbox 1294 5086 1389 5161; x_wconf 89' lang='lat' dir='ltr'><strong>sit,</strong></span> <span class='ocrx_word' id='word_1_342' title='bbox 1438 5106 1570 5148; x_wconf 89' lang='lat' dir='ltr'><strong>cum</strong></span> <span class='ocrx_word' id='word_1_343' title='bbox 1619 5095 1836 5149; x_wconf 79' lang='lat' dir='ltr'><strong>textum</strong></span> <span class='ocrx_word' id='word_1_344' title='bbox 1870 5087 2135 5151; x_wconf 75' lang='lat' dir='ltr'><strong>Grmcum</strong></span> 
     </span>
    </p>
   </div>
   <div class='ocr_carea' id='block_1_53' title="bbox 484 5175 2135 5259">
    <p class='ocr_par' dir='ltr' id='par_1_53' title="bbox 484 5175 2135 5259">
     <span class='ocr_line' id='line_1_53' title="bbox 484 5175 2135 5259; baseline -0.001 -19"><span class='ocrx_word' id='word_1_345' title='bbox 484 5177 740 5240; x_wconf 91' lang='lat' dir='ltr'><strong>ediderit</strong></span> <span class='ocrx_word' id='word_1_346' title='bbox 783 5178 1169 5259; x_wconf 83' lang='lat' dir='ltr'><strong>Caryophilus</strong></span> <span class='ocrx_word' id='word_1_347' title='bbox 1218 5183 1540 5254; x_wconf 84' lang='lat' dir='ltr'><strong>exactaque</strong></span> <span class='ocrx_word' id='word_1_348' title='bbox 1565 5175 1833 5238; x_wconf 87' lang='lat' dir='ltr'><strong>videatur</strong></span> <span class='ocrx_word' id='word_1_349' title='bbox 1863 5178 1991 5257; x_wconf 89' lang='lat' dir='ltr'><strong>ejus</strong></span> <span class='ocrx_word' id='word_1_350' title='bbox 2036 5178 2135 5239; x_wconf 71' lang='lat' dir='ltr'><strong>in~</strong></span> 
     </span>
    </p>
   </div>
   <div class='ocr_carea' id='block_1_54' title="bbox 482 5264 2137 5347">
    <p class='ocr_par' dir='ltr' id='par_1_54' title="bbox 482 5264 2137 5347">
     <span class='ocr_line' id='line_1_54' title="bbox 482 5264 2137 5347; baseline 0.001 -20"><span class='ocrx_word' id='word_1_351' title='bbox 482 5266 849 5347; x_wconf 88' lang='lat' dir='ltr'><strong>terpretatio,</strong></span> <span class='ocrx_word' id='word_1_352' title='bbox 885 5267 1079 5327; x_wconf 81' lang='lat' dir='ltr'><strong>Vitam</strong></span> <span class='ocrx_word' id='word_1_353' title='bbox 1116 5285 1185 5329; x_wconf 89' lang='lat' dir='ltr'><strong>ex</strong></span> <span class='ocrx_word' id='word_1_354' title='bbox 1221 5264 1321 5327; x_wconf 92' lang='lat' dir='ltr'><strong>illo</strong></span> <span class='ocrx_word' id='word_1_355' title='bbox 1354 5267 1522 5327; x_wconf 86' lang='lat' dir='ltr'><strong>edam</strong></span> <span class='ocrx_word' id='word_1_356' title='bbox 1556 5283 1570 5328; x_wconf 92' lang='lat'><strong>:</strong></span> <span class='ocrx_word' id='word_1_357' title='bbox 1608 5273 1668 5327; x_wconf 88' lang='lat' dir='ltr'><strong>et</strong></span> <span class='ocrx_word' id='word_1_358' title='bbox 1693 5285 1764 5326; x_wconf 85' lang='lat' dir='ltr'><strong>ne</strong></span> <span class='ocrx_word' id='word_1_359' title='bbox 1782 5267 1919 5345; x_wconf 88' lang='lat' dir='ltr'><strong>quid</strong></span> <span class='ocrx_word' id='word_1_360' title='bbox 1950 5269 2137 5330; x_wconf 84' lang='lat' dir='ltr'><strong>lector</strong></span> 
     </span>
    </p>
   </div>
   <div class='ocr_carea' id='block_1_55' title="bbox 480 5354 2132 5436">
    <p class='ocr_par' dir='ltr' id='par_1_55' title="bbox 480 5354 2132 5436">
     <span class='ocr_line' id='line_1_55' title="bbox 480 5354 2132 5436; baseline 0.002 -20"><span class='ocrx_word' id='word_1_361' title='bbox 480 5354 781 5417; x_wconf 88' lang='lat' dir='ltr'><strong>desideret</strong></span> <span class='ocrx_word' id='word_1_362' title='bbox 828 5356 1174 5436; x_wconf 85' lang='lat' dir='ltr'><strong>hiatumque</strong></span> <span class='ocrx_word' id='word_1_363' title='bbox 1218 5354 1496 5435; x_wconf 91' lang='lat' dir='ltr'><strong>supplere</strong></span> <span class='ocrx_word' id='word_1_364' title='bbox 1550 5356 1760 5436; x_wconf 89' lang='lat' dir='ltr'><strong>possit,</strong></span> <span class='ocrx_word' id='word_1_365' title='bbox 1823 5358 2013 5417; x_wconf 90' lang='lat' dir='ltr'><strong>locum</strong></span> <span class='ocrx_word' id='word_1_366' title='bbox 2062 5376 2132 5420; x_wconf 83' lang='lat' dir='ltr'><strong>ex</strong></span> 
     </span>
    </p>
   </div>
   <div class='ocr_carea' id='block_1_56' title="bbox 480 5440 2133 5524">
    <p class='ocr_par' dir='ltr' id='par_1_56' title="bbox 480 5440 2133 5524">
     <span class='ocr_line' id='line_1_56' title="bbox 480 5440 2133 5524; baseline 0.001 -18"><span class='ocrx_word' id='word_1_367' title='bbox 480 5440 677 5506; x_wconf 90' lang='lat' dir='ltr'><strong>Sirleti</strong></span> <span class='ocrx_word' id='word_1_368' title='bbox 725 5445 999 5507; x_wconf 86' lang='lat' dir='ltr'><strong>versione</strong></span> <span class='ocrx_word' id='word_1_369' title='bbox 1050 5443 1224 5506; x_wconf 93' lang='lat' dir='ltr'><strong>dabo.</strong></span> <span class='ocrx_word' id='word_1_370' title='bbox 1275 5443 1359 5505; x_wconf 91' lang='lat' dir='ltr'><strong>De</strong></span> <span class='ocrx_word' id='word_1_371' title='bbox 1421 5444 1743 5524; x_wconf 79' lang='lat' dir='ltr'><strong>biograplio</strong></span> <span class='ocrx_word' id='word_1_372' title='bbox 1788 5443 1873 5506; x_wconf 91' lang='lat' dir='ltr'><strong>sic</strong></span> <span class='ocrx_word' id='word_1_373' title='bbox 1924 5445 2133 5507; x_wconf 90' lang='lat' dir='ltr'><strong>scribit</strong></span> 
     </span>
    </p>
   </div>
   <div class='ocr_carea' id='block_1_57' title="bbox 477 5531 2125 5615">
    <p class='ocr_par' dir='ltr' id='par_1_57' title="bbox 477 5531 2125 5615">
     <span class='ocr_line' id='line_1_57' title="bbox 477 5531 2125 5615; baseline 0.003 -20"><span class='ocrx_word' id='word_1_374' title='bbox 477 5531 864 5615; x_wconf 80' lang='lat' dir='ltr'><strong>Caryophilus</strong></span> <span class='ocrx_word' id='word_1_375' title='bbox 883 5540 1012 5613; x_wconf 92' lang='lat' dir='ltr'><strong>post</strong></span> <span class='ocrx_word' id='word_1_376' title='bbox 1041 5533 1275 5596; x_wconf 91' lang='lat' dir='ltr'><strong>initium</strong></span> <span class='ocrx_word' id='word_1_377' title='bbox 1311 5534 1675 5596; x_wconf 80' lang='lat' dir='ltr'><strong>Praefationis</strong></span> <span class='ocrx_word' id='word_1_378' title='bbox 1703 5533 1775 5595; x_wconf 90' lang='lat' dir='ltr'><strong>ad</strong></span> <span class='ocrx_word' id='word_1_379' title='bbox 1807 5535 2125 5600; x_wconf 91' lang='lat' dir='ltr'><strong>lectorem:</strong></span> 
     </span>
    </p>
   </div>
   <div class='ocr_carea' id='block_1_58' title="bbox 476 5622 2125 5704">
    <p class='ocr_par' dir='ltr' id='par_1_58' title="bbox 476 5622 2125 5704">
     <span class='ocr_line' id='line_1_58' title="bbox 476 5622 2125 5704; baseline 0.001 -19"><span class='ocrx_word' id='word_1_380' title='bbox 476 5644 501 5678; x_wconf 77' lang='grc' dir='ltr'><strong><em>α</em></strong></span> <span class='ocrx_word' id='word_1_381' title='bbox 552 5622 829 5686; x_wconf 87' lang='lat' dir='ltr'><strong>Monachi</strong></span> <span class='ocrx_word' id='word_1_382' title='bbox 859 5622 1052 5685; x_wconf 87' lang='lat' dir='ltr'><strong>Vitam</strong></span> <span class='ocrx_word' id='word_1_383' title='bbox 1087 5623 1411 5685; x_wconf 90' lang='lat' dir='ltr'><strong>monachus</strong></span> <span class='ocrx_word' id='word_1_384' title='bbox 1462 5623 1691 5699; x_wconf 88' lang='lat' dir='ltr'><strong>scribit,</strong></span> <span class='ocrx_word' id='word_1_385' title='bbox 1729 5624 1997 5704; x_wconf 82' lang='lat' dir='ltr'><strong>magistri</strong></span> <span class='ocrx_word' id='word_1_386' title='bbox 2028 5625 2125 5686; x_wconf 85' lang='lat' dir='ltr'><strong>di-</strong></span> 
     </span>
    </p>
   </div>
   <div class='ocr_carea' id='block_1_59' title="bbox 472 5709 2122 5794">
    <p class='ocr_par' dir='ltr' id='par_1_59' title="bbox 472 5709 2122 5794">
     <span class='ocr_line' id='line_1_59' title="bbox 472 5709 2122 5794; baseline 0.002 -21"><span class='ocrx_word' id='word_1_387' title='bbox 472 5709 760 5791; x_wconf 81' lang='lat' dir='ltr'><strong>scipulus.</strong></span> <span class='ocrx_word' id='word_1_388' title='bbox 793 5710 940 5786; x_wconf 87' lang='lat' dir='ltr'><strong>Quis</strong></span> <span class='ocrx_word' id='word_1_389' title='bbox 987 5716 1187 5774; x_wconf 90' lang='lat' dir='ltr'><strong>tamen</strong></span> <span class='ocrx_word' id='word_1_390' title='bbox 1234 5710 1336 5773; x_wconf 91' lang='lat' dir='ltr'><strong>ille</strong></span> <span class='ocrx_word' id='word_1_391' title='bbox 1383 5711 1586 5787; x_wconf 82' lang='lat' dir='ltr'><strong>fuerit,</strong></span> <span class='ocrx_word' id='word_1_392' title='bbox 1619 5731 1737 5775; x_wconf 92' lang='lat' dir='ltr'><strong>non</strong></span> <span class='ocrx_word' id='word_1_393' title='bbox 1772 5713 1944 5794; x_wconf 92' lang='lat' dir='ltr'><strong>plane</strong></span> <span class='ocrx_word' id='word_1_394' title='bbox 1973 5734 2122 5777; x_wconf 91' lang='lat' dir='ltr'><strong>con-</strong></span> 
     </span>
    </p>
   </div>
   <div class='ocr_carea' id='block_1_60' title="bbox 2021 383 2382 453">
    <p class='ocr_par' dir='ltr' id='par_1_60' title="bbox 2021 383 2382 453">
     <span class='ocr_line' id='line_1_60' title="bbox 2021 383 2382 453; baseline 0.003 -2"><span class='ocrx_word' id='word_1_395' title='bbox 2021 383 2382 453; x_wconf 81' lang='grc' dir='ltr'><strong>ΑΝΟΝΥΜῙ</strong></span> 
     </span>
    </p>
   </div>
   <div class='ocr_carea' id='block_1_61' title="bbox 3829 390 3904 455">
    <p class='ocr_par' dir='ltr' id='par_1_61' title="bbox 3829 390 3904 455">
     <span class='ocr_line' id='line_1_61' title="bbox 3829 390 3904 455; baseline 0 0"><span class='ocrx_word' id='word_1_396' title='bbox 3829 390 3904 455; x_wconf 62' lang='grc'><strong>42</strong></span> 
     </span>
    </p>
   </div>
   <div class='ocr_carea' id='block_1_62' title="bbox 2247 521 3896 607">
    <p class='ocr_par' dir='ltr' id='par_1_62' title="bbox 2247 521 3896 607">
     <span class='ocr_line' id='line_1_62' title="bbox 2247 521 3896 607; baseline 0.005 -24"><span class='ocrx_word' id='word_1_397' title='bbox 2247 521 2427 585; x_wconf 89' lang='lat' dir='ltr'><strong>etiam</strong></span> <span class='ocrx_word' id='word_1_398' title='bbox 2483 531 2757 586; x_wconf 87' lang='lat' dir='ltr'><strong>asserunt</strong></span> <span class='ocrx_word' id='word_1_399' title='bbox 2819 523 3007 587; x_wconf 90' lang='lat' dir='ltr'><strong>virum</strong></span> <span class='ocrx_word' id='word_1_400' title='bbox 3068 535 3124 588; x_wconf 89' lang='lat' dir='ltr'><strong>et</strong></span> <span class='ocrx_word' id='word_1_401' title='bbox 3183 525 3377 607; x_wconf 89' lang='lat' dir='ltr'><strong>ipsum</strong></span> <span class='ocrx_word' id='word_1_402' title='bbox 3435 525 3896 594; x_wconf 80' lang='lat' dir='ltr'><strong>sanctissimum.</strong></span> 
     </span>
    </p>
   </div>
   <div class='ocr_carea' id='block_1_63' title="bbox 2244 612 3894 696">
    <p class='ocr_par' dir='ltr' id='par_1_63' title="bbox 2244 612 3894 696">
     <span class='ocr_line' id='line_1_63' title="bbox 2244 612 3894 696; baseline -0.002 -22"><span class='ocrx_word' id='word_1_403' title='bbox 2244 612 2362 674; x_wconf 90' lang='lat' dir='ltr'><strong>Nili</strong></span> <span class='ocrx_word' id='word_1_404' title='bbox 2387 612 2574 675; x_wconf 86' lang='lat' dir='ltr'><strong>civem</strong></span> <span class='ocrx_word' id='word_1_405' title='bbox 2605 621 2662 675; x_wconf 92' lang='lat' dir='ltr'><strong>et</strong></span> <span class='ocrx_word' id='word_1_406' title='bbox 2685 613 2988 695; x_wconf 71' lang='lat' dir='ltr'><strong>sapientiae</strong></span> <span class='ocrx_word' id='word_1_407' title='bbox 3007 616 3134 696; x_wconf 89' lang='lat' dir='ltr'><strong>ejus</strong></span> <span class='ocrx_word' id='word_1_408' title='bbox 3164 623 3222 675; x_wconf 92' lang='lat' dir='ltr'><strong>et</strong></span> <span class='ocrx_word' id='word_1_409' title='bbox 3255 614 3488 695; x_wconf 88' lang='lat' dir='ltr'><strong>pietatis</strong></span> <span class='ocrx_word' id='word_1_410' title='bbox 3507 615 3827 681; x_wconf 65' lang='lat' dir='ltr'><strong>haeredem.</strong></span> <span class='ocrx_word' id='word_1_411' title='bbox 3872 642 3894 671; x_wconf 79' lang='grc' dir='ltr'><strong><em>η</em></strong></span> 
     </span>
    </p>
   </div>
   <div class='ocr_carea' id='block_1_64' title="bbox 2240 699 3899 781">
    <p class='ocr_par' dir='ltr' id='par_1_64' title="bbox 2240 699 3899 781">
     <span class='ocr_line' id='line_1_64' title="bbox 2240 699 3899 781; baseline 0.002 -19"><span class='ocrx_word' id='word_1_412' title='bbox 2240 699 2376 762; x_wconf 64' lang='lat' dir='ltr'><strong>Haec</strong></span> <span class='ocrx_word' id='word_1_413' title='bbox 2407 701 2505 763; x_wconf 85' lang='lat' dir='ltr'><strong>ille</strong></span> <span class='ocrx_word' id='word_1_414' title='bbox 2558 701 2808 764; x_wconf 91' lang='lat' dir='ltr'><strong>aliorum</strong></span> <span class='ocrx_word' id='word_1_415' title='bbox 2842 722 3017 766; x_wconf 83' lang='lat' dir='ltr'><strong>sensa</strong></span> <span class='ocrx_word' id='word_1_416' title='bbox 3048 704 3121 764; x_wconf 91' lang='lat' dir='ltr'><strong>de</strong></span> <span class='ocrx_word' id='word_1_417' title='bbox 3150 703 3609 781; x_wconf 66' lang='lat' dir='ltr'><strong>Bartholomaao,</strong></span> <span class='ocrx_word' id='word_1_418' title='bbox 3643 724 3759 765; x_wconf 91' lang='lat' dir='ltr'><strong>non</strong></span> <span class='ocrx_word' id='word_1_419' title='bbox 3792 724 3899 767; x_wconf 91' lang='lat' dir='ltr'><strong>sua</strong></span> 
     </span>
    </p>
   </div>
   <div class='ocr_carea' id='block_1_65' title="bbox 2239 792 3896 873">
    <p class='ocr_par' dir='ltr' id='par_1_65' title="bbox 2239 792 3896 873">
     <span class='ocr_line' id='line_1_65' title="bbox 2239 792 3896 873; baseline 0.002 -23"><span class='ocrx_word' id='word_1_420' title='bbox 2239 808 2561 870; x_wconf 86' lang='lat' dir='ltr'><strong>promens:</strong></span> <span class='ocrx_word' id='word_1_421' title='bbox 2615 798 2673 853; x_wconf 88' lang='lat' dir='ltr'><strong>et</strong></span> <span class='ocrx_word' id='word_1_422' title='bbox 2730 800 2902 854; x_wconf 88' lang='lat' dir='ltr'><strong>caute</strong></span> <span class='ocrx_word' id='word_1_423' title='bbox 2959 810 3102 854; x_wconf 89' lang='lat' dir='ltr'><strong>sane</strong></span> <span class='ocrx_word' id='word_1_424' title='bbox 3150 792 3299 854; x_wconf 86' lang='lat' dir='ltr'><strong>sicut</strong></span> <span class='ocrx_word' id='word_1_425' title='bbox 3322 793 3673 873; x_wconf 89' lang='lat' dir='ltr'><strong>prudentem</strong></span> <span class='ocrx_word' id='word_1_426' title='bbox 3707 793 3896 855; x_wconf 91' lang='lat' dir='ltr'><strong>virum</strong></span> 
     </span>
    </p>
   </div>
   <div class='ocr_carea' id='block_1_66' title="bbox 2236 878 3894 963">
    <p class='ocr_par' dir='ltr' id='par_1_66' title="bbox 2236 878 3894 963">
     <span class='ocr_line' id='line_1_66' title="bbox 2236 878 3894 963; baseline 0.002 -24"><span class='ocrx_word' id='word_1_427' title='bbox 2236 878 2488 941; x_wconf 90' lang='lat' dir='ltr'><strong>decebat</strong></span> <span class='ocrx_word' id='word_1_428' title='bbox 2542 887 2663 941; x_wconf 91' lang='lat' dir='ltr'><strong>tum</strong></span> <span class='ocrx_word' id='word_1_429' title='bbox 2717 900 2821 963; x_wconf 91' lang='lat' dir='ltr'><strong>pro</strong></span> <span class='ocrx_word' id='word_1_430' title='bbox 2854 900 2921 944; x_wconf 90' lang='lat' dir='ltr'><strong>ea</strong></span> <span class='ocrx_word' id='word_1_431' title='bbox 2956 900 3223 944; x_wconf 68' lang='lat' dir='ltr'><strong>censum</strong></span> <span class='ocrx_word' id='word_1_432' title='bbox 3255 890 3440 962; x_wconf 89' lang='lat' dir='ltr'><strong>parte,</strong></span> <span class='ocrx_word' id='word_1_433' title='bbox 3474 901 3589 963; x_wconf 90' lang='lat' dir='ltr'><strong>qua</strong></span> <span class='ocrx_word' id='word_1_434' title='bbox 3648 882 3894 963; x_wconf 87' lang='lat' dir='ltr'><strong>biogra-</strong></span> 
     </span>
    </p>
   </div>
   <div class='ocr_carea' id='block_1_67' title="bbox 2236 966 3895 1051">
    <p class='ocr_par' dir='ltr' id='par_1_67' title="bbox 2236 966 3895 1051">
     <span class='ocr_line' id='line_1_67' title="bbox 2236 966 3895 1051; baseline 0.002 -23"><span class='ocrx_word' id='word_1_435' title='bbox 2236 968 2415 1047; x_wconf 92' lang='lat' dir='ltr'><strong>phum</strong></span> <span class='ocrx_word' id='word_1_436' title='bbox 2440 966 2503 1031; x_wconf 94' lang='lat' dir='ltr'><strong>S.</strong></span> <span class='ocrx_word' id='word_1_437' title='bbox 2539 968 2659 1031; x_wconf 90' lang='lat' dir='ltr'><strong>Nili</strong></span> <span class='ocrx_word' id='word_1_438' title='bbox 2688 977 3257 1051; x_wconf 90' lang='lat' dir='ltr'><strong>contemporaneum</strong></span> <span class='ocrx_word' id='word_1_439' title='bbox 3288 970 3470 1032; x_wconf 82' lang='lat' dir='ltr'><strong>fuisse</strong></span> <span class='ocrx_word' id='word_1_440' title='bbox 3500 971 3740 1042; x_wconf 72' lang='lat' dir='ltr'><strong>asserit,</strong></span> <span class='ocrx_word' id='word_1_441' title='bbox 3772 980 3895 1032; x_wconf 87' lang='lat' dir='ltr'><strong>tmn</strong></span> 
     </span>
    </p>
   </div>
   <div class='ocr_carea' id='block_1_68' title="bbox 2236 1057 3896 1140">
    <p class='ocr_par' dir='ltr' id='par_1_68' title="bbox 2236 1057 3896 1140">
     <span class='ocr_line' id='line_1_68' title="bbox 2236 1057 3896 1140; baseline 0.003 -23"><span class='ocrx_word' id='word_1_442' title='bbox 2236 1075 2340 1136; x_wconf 93' lang='lat' dir='ltr'><strong>pro</strong></span> <span class='ocrx_word' id='word_1_443' title='bbox 2371 1057 2584 1140; x_wconf 86' lang='lat' dir='ltr'><strong>altera,</strong></span> <span class='ocrx_word' id='word_1_444' title='bbox 2628 1077 2743 1140; x_wconf 88' lang='lat' dir='ltr'><strong>qua</strong></span> <span class='ocrx_word' id='word_1_445' title='bbox 2798 1067 3023 1122; x_wconf 91' lang='lat' dir='ltr'><strong>asserta</strong></span> <span class='ocrx_word' id='word_1_446' title='bbox 3054 1058 3129 1122; x_wconf 88' lang='lat' dir='ltr'><strong>de</strong></span> <span class='ocrx_word' id='word_1_447' title='bbox 3162 1059 3592 1121; x_wconf 71' lang='lat' dir='ltr'><strong>Bartholomaeo</strong></span> <span class='ocrx_word' id='word_1_448' title='bbox 3624 1061 3683 1121; x_wconf 91' lang='lat' dir='ltr'><strong>in</strong></span> <span class='ocrx_word' id='word_1_449' title='bbox 3714 1060 3896 1122; x_wconf 89' lang='lat' dir='ltr'><strong>dubio</strong></span> 
     </span>
    </p>
   </div>
   <div class='ocr_carea' id='block_1_69' title="bbox 2232 1144 2539 1228">
    <p class='ocr_par' dir='ltr' id='par_1_69' title="bbox 2232 1144 2539 1228">
     <span class='ocr_line' id='line_1_69' title="bbox 2232 1144 2539 1228; baseline 0 -23"><span class='ocrx_word' id='word_1_450' title='bbox 2232 1144 2539 1228; x_wconf 89' lang='lat' dir='ltr'><strong>relinquit.</strong></span> 
     </span>
    </p>
   </div>
   <div class='ocr_carea' id='block_1_70' title="bbox 2313 1285 3904 1372">
    <p class='ocr_par' dir='ltr' id='par_1_70' title="bbox 2313 1285 3904 1372">
     <span class='ocr_line' id='line_1_70' title="bbox 2313 1285 3904 1372; baseline 0.003 -24"><span class='ocrx_word' id='word_1_451' title='bbox 2313 1287 2374 1350; x_wconf 81' lang='lat'><strong>5.</strong></span> <span class='ocrx_word' id='word_1_452' title='bbox 2397 1285 2912 1369; x_wconf 77' lang='lat' dir='ltr'><strong>Supervacaneum</strong></span> <span class='ocrx_word' id='word_1_453' title='bbox 2948 1297 3124 1364; x_wconf 88' lang='lat' dir='ltr'><strong>esset,</strong></span> <span class='ocrx_word' id='word_1_454' title='bbox 3162 1307 3267 1370; x_wconf 93' lang='lat' dir='ltr'><strong>pro</strong></span> <span class='ocrx_word' id='word_1_455' title='bbox 3301 1290 3752 1353; x_wconf 84' lang='lat' dir='ltr'><strong>conﬁrmatione</strong></span> <span class='ocrx_word' id='word_1_456' title='bbox 3784 1292 3904 1372; x_wconf 79' lang='lat' dir='ltr'><strong>pri‘</strong></span> 
     </span>
    </p>
   </div>
   <div class='ocr_carea' id='block_1_71' title="bbox 2239 1378 3898 1459">
    <p class='ocr_par' dir='ltr' id='par_1_71' title="bbox 2239 1378 3898 1459">
     <span class='ocr_line' id='line_1_71' title="bbox 2239 1378 3898 1459; baseline 0.002 -23"><span class='ocrx_word' id='word_1_457' title='bbox 2239 1393 2348 1437; x_wconf 69' lang='lat' dir='ltr'><strong>mae</strong></span> <span class='ocrx_word' id='word_1_458' title='bbox 2372 1378 2555 1457; x_wconf 88' lang='lat' dir='ltr'><strong>partis</strong></span> <span class='ocrx_word' id='word_1_459' title='bbox 2586 1378 2875 1459; x_wconf 70' lang='lat' dir='ltr'><strong>quaepiam</strong></span> <span class='ocrx_word' id='word_1_460' title='bbox 2922 1378 3200 1457; x_wconf 85' lang='lat' dir='ltr'><strong>allegare,</strong></span> <span class='ocrx_word' id='word_1_461' title='bbox 3253 1397 3385 1439; x_wconf 92' lang='lat' dir='ltr'><strong>cum</strong></span> <span class='ocrx_word' id='word_1_462' title='bbox 3440 1378 3717 1458; x_wconf 88' lang='lat' dir='ltr'><strong>pluribus</strong></span> <span class='ocrx_word' id='word_1_463' title='bbox 3749 1380 3898 1441; x_wconf 89' lang='lat' dir='ltr'><strong>locis</strong></span> 
     </span>
    </p>
   </div>
   <div class='ocr_carea' id='block_1_72' title="bbox 2236 1463 3897 1548">
    <p class='ocr_par' dir='ltr' id='par_1_72' title="bbox 2236 1463 3897 1548">
     <span class='ocr_line' id='line_1_72' title="bbox 2236 1463 3897 1548; baseline 0.004 -24"><span class='ocrx_word' id='word_1_464' title='bbox 2236 1463 2413 1526; x_wconf 86' lang='lat' dir='ltr'><strong>talem</strong></span> <span class='ocrx_word' id='word_1_465' title='bbox 2447 1485 2511 1527; x_wconf 90' lang='lat' dir='ltr'><strong>se</strong></span> <span class='ocrx_word' id='word_1_466' title='bbox 2538 1468 2873 1530; x_wconf 72' lang='lat' dir='ltr'><strong>luculenter</strong></span> <span class='ocrx_word' id='word_1_467' title='bbox 2914 1469 3260 1548; x_wconf 77' lang='lat' dir='ltr'><strong>proﬁteatur</strong></span> <span class='ocrx_word' id='word_1_468' title='bbox 3304 1466 3691 1547; x_wconf 81' lang='lat' dir='ltr'><strong>biographus.</strong></span> <span class='ocrx_word' id='word_1_469' title='bbox 3728 1469 3897 1541; x_wconf 83' lang='lat' dir='ltr'><strong>Quod</strong></span> 
     </span>
    </p>
   </div>
   <div class='ocr_carea' id='block_1_73' title="bbox 2236 1552 3899 1636">
    <p class='ocr_par' dir='ltr' id='par_1_73' title="bbox 2236 1552 3899 1636">
     <span class='ocr_line' id='line_1_73' title="bbox 2236 1552 3899 1636; baseline 0.004 -22"><span class='ocrx_word' id='word_1_470' title='bbox 2236 1552 2307 1614; x_wconf 88' lang='lat' dir='ltr'><strong>ad</strong></span> <span class='ocrx_word' id='word_1_471' title='bbox 2345 1556 2670 1617; x_wconf 90' lang='lat' dir='ltr'><strong>secundam</strong></span> <span class='ocrx_word' id='word_1_472' title='bbox 2703 1565 2949 1636; x_wconf 79' lang='lat' dir='ltr'><strong>Spectat,</strong></span> <span class='ocrx_word' id='word_1_473' title='bbox 2990 1557 3189 1636; x_wconf 91' lang='lat' dir='ltr'><strong>plures</strong></span> <span class='ocrx_word' id='word_1_474' title='bbox 3220 1555 3412 1618; x_wconf 87' lang='lat' dir='ltr'><strong>Vitam</strong></span> <span class='ocrx_word' id='word_1_475' title='bbox 3450 1555 3611 1617; x_wconf 57' lang='lat' dir='ltr'><strong>illam</strong></span> <span class='ocrx_word' id='word_1_476' title='bbox 3645 1558 3713 1619; x_wconf 92' lang='lat' dir='ltr'><strong>B.</strong></span> <span class='ocrx_word' id='word_1_477' title='bbox 3749 1559 3899 1619; x_wconf 91' lang='lat' dir='ltr'><strong>Bar-</strong></span> 
     </span>
    </p>
   </div>
   <div class='ocr_carea' id='block_1_74' title="bbox 2240 1641 3903 1725">
    <p class='ocr_par' dir='ltr' id='par_1_74' title="bbox 2240 1641 3903 1725">
     <span class='ocr_line' id='line_1_74' title="bbox 2240 1641 3903 1725; baseline 0.004 -24"><span class='ocrx_word' id='word_1_478' title='bbox 2240 1641 2554 1705; x_wconf 70' lang='lat' dir='ltr'><strong>lholomaao</strong></span> <span class='ocrx_word' id='word_1_479' title='bbox 2602 1644 2928 1721; x_wconf 89' lang='lat' dir='ltr'><strong>ascribunt,</strong></span> <span class='ocrx_word' id='word_1_480' title='bbox 2980 1644 3136 1706; x_wconf 89' lang='lat' dir='ltr'><strong>inter</strong></span> <span class='ocrx_word' id='word_1_481' title='bbox 3176 1664 3325 1725; x_wconf 92' lang='lat' dir='ltr'><strong>quos</strong></span> <span class='ocrx_word' id='word_1_482' title='bbox 3373 1644 3797 1708; x_wconf 89' lang='lat' dir='ltr'><strong>Sciommarius</strong></span> <span class='ocrx_word' id='word_1_483' title='bbox 3842 1660 3903 1708; x_wconf 88' lang='lat' dir='ltr'><strong>et</strong></span> 
     </span>
    </p>
   </div>
   <div class='ocr_carea' id='block_1_75' title="bbox 2237 1732 3899 1814">
    <p class='ocr_par' dir='ltr' id='par_1_75' title="bbox 2237 1732 3899 1814">
     <span class='ocr_line' id='line_1_75' title="bbox 2237 1732 3899 1814; baseline 0.002 -21"><span class='ocrx_word' id='word_1_484' title='bbox 2237 1732 2596 1808; x_wconf 85' lang='lat' dir='ltr'><strong>Martenius;</strong></span> <span class='ocrx_word' id='word_1_485' title='bbox 2628 1742 2687 1794; x_wconf 89' lang='lat' dir='ltr'><strong>at</strong></span> <span class='ocrx_word' id='word_1_486' title='bbox 2716 1732 2766 1795; x_wconf 91' lang='lat' dir='ltr'><strong>is</strong></span> <span class='ocrx_word' id='word_1_487' title='bbox 2791 1733 2957 1796; x_wconf 88' lang='lat' dir='ltr'><strong>solus</strong></span> <span class='ocrx_word' id='word_1_488' title='bbox 2987 1753 3053 1794; x_wconf 85' lang='lat' dir='ltr'><strong>ex</strong></span> <span class='ocrx_word' id='word_1_489' title='bbox 3090 1734 3158 1795; x_wconf 91' lang='lat' dir='ltr'><strong>iis</strong></span> <span class='ocrx_word' id='word_1_490' title='bbox 3189 1751 3339 1814; x_wconf 85' lang='lat' dir='ltr'><strong>quos</strong></span> <span class='ocrx_word' id='word_1_491' title='bbox 3370 1733 3486 1795; x_wconf 86' lang='lat' dir='ltr'><strong>vidi</strong></span> <span class='ocrx_word' id='word_1_492' title='bbox 3534 1735 3751 1796; x_wconf 91' lang='lat' dir='ltr'><strong>asserti</strong></span> <span class='ocrx_word' id='word_1_493' title='bbox 3800 1754 3899 1797; x_wconf 90' lang='lat' dir='ltr'><strong>ra-</strong></span> 
     </span>
    </p>
   </div>
   <div class='ocr_carea' id='block_1_76' title="bbox 2241 1818 3898 1903">
    <p class='ocr_par' dir='ltr' id='par_1_76' title="bbox 2241 1818 3898 1903">
     <span class='ocr_line' id='line_1_76' title="bbox 2241 1818 3898 1903; baseline 0.004 -25"><span class='ocrx_word' id='word_1_494' title='bbox 2241 1818 2464 1880; x_wconf 90' lang='lat' dir='ltr'><strong>tionem</strong></span> <span class='ocrx_word' id='word_1_495' title='bbox 2496 1821 2718 1901; x_wconf 87' lang='lat' dir='ltr'><strong>reddit,</strong></span> <span class='ocrx_word' id='word_1_496' title='bbox 2747 1840 2919 1902; x_wconf 90' lang='lat' dir='ltr'><strong>quam</strong></span> <span class='ocrx_word' id='word_1_497' title='bbox 2938 1841 3222 1903; x_wconf 90' lang='lat' dir='ltr'><strong>propono.</strong></span> <span class='ocrx_word' id='word_1_498' title='bbox 3250 1845 3272 1879; x_wconf 79' lang='grc' dir='ltr'><strong>α</strong></span> <span class='ocrx_word' id='word_1_499' title='bbox 3298 1821 3666 1903; x_wconf 85' lang='lat' dir='ltr'><strong>Discipulum</strong></span> <span class='ocrx_word' id='word_1_500' title='bbox 3700 1832 3898 1885; x_wconf 78' lang='lat' dir='ltr'><strong>autem</strong></span> 
     </span>
    </p>
   </div>
   <div class='ocr_carea' id='block_1_77' title="bbox 2242 1907 3899 1990">
    <p class='ocr_par' dir='ltr' id='par_1_77' title="bbox 2242 1907 3899 1990">
     <span class='ocr_line' id='line_1_77' title="bbox 2242 1907 3899 1990; baseline 0.004 -23"><span class='ocrx_word' id='word_1_501' title='bbox 2242 1907 2431 1984; x_wconf 91' lang='lat' dir='ltr'><strong>illum,</strong></span> <span class='ocrx_word' id='word_1_502' title='bbox 2452 1908 2681 1990; x_wconf 89' lang='lat' dir='ltr'><strong>inquid,</strong></span> <span class='ocrx_word' id='word_1_503' title='bbox 2700 1911 2857 1972; x_wconf 85' lang='lat' dir='ltr'><strong>haud</strong></span> <span class='ocrx_word' id='word_1_504' title='bbox 2880 1911 3059 1971; x_wconf 89' lang='lat' dir='ltr'><strong>alium</strong></span> <span class='ocrx_word' id='word_1_505' title='bbox 3087 1910 3267 1971; x_wconf 74' lang='lat' dir='ltr'><strong>fuisse</strong></span> <span class='ocrx_word' id='word_1_506' title='bbox 3289 1929 3321 1972; x_wconf 88' lang='lat' dir='ltr'><strong>a</strong></span> <span class='ocrx_word' id='word_1_507' title='bbox 3340 1910 3384 1972; x_wconf 90' lang='lat' dir='ltr'>B</span> <span class='ocrx_word' id='word_1_508' title='bbox 3438 1910 3899 1984; x_wconf 76' lang='lat' dir='ltr'><strong>Bartholomteo,</strong></span> 
     </span>
    </p>
   </div>
   <div class='ocr_carea' id='block_1_78' title="bbox 2244 1996 3902 2081">
    <p class='ocr_par' dir='ltr' id='par_1_78' title="bbox 2244 1996 3902 2081">
     <span class='ocr_line' id='line_1_78' title="bbox 2244 1996 3902 2081; baseline 0.002 -24"><span class='ocrx_word' id='word_1_509' title='bbox 2244 1996 2418 2058; x_wconf 84' lang='lat' dir='ltr'><strong>tertio</strong></span> <span class='ocrx_word' id='word_1_510' title='bbox 2455 2006 2587 2078; x_wconf 92' lang='lat' dir='ltr'><strong>post</strong></span> <span class='ocrx_word' id='word_1_511' title='bbox 2616 1997 2675 2061; x_wconf 90' lang='lat' dir='ltr'><strong>S.</strong></span> <span class='ocrx_word' id='word_1_512' title='bbox 2712 1997 2905 2060; x_wconf 90' lang='lat' dir='ltr'><strong>Nilum</strong></span> <span class='ocrx_word' id='word_1_513' title='bbox 2940 1999 3451 2079; x_wconf 67' lang='lat' dir='ltr'><strong>Cryptm-l“errataa</strong></span> <span class='ocrx_word' id='word_1_514' title='bbox 3482 1999 3717 2081; x_wconf 88' lang='lat' dir='ltr'><strong>abbate,</strong></span> <span class='ocrx_word' id='word_1_515' title='bbox 3770 2000 3902 2063; x_wconf 91' lang='lat' dir='ltr'><strong>col-</strong></span> 
     </span>
    </p>
   </div>
   <div class='ocr_carea' id='block_1_79' title="bbox 2244 2084 3903 2169">
    <p class='ocr_par' dir='ltr' id='par_1_79' title="bbox 2244 2084 3903 2169">
     <span class='ocr_line' id='line_1_79' title="bbox 2244 2084 3903 2169; baseline 0.003 -24"><span class='ocrx_word' id='word_1_516' title='bbox 2244 2084 2509 2160; x_wconf 65' lang='lat' dir='ltr'><strong>ligimus,</strong></span> <span class='ocrx_word' id='word_1_517' title='bbox 2568 2106 2701 2147; x_wconf 88' lang='lat' dir='ltr'><strong>cum</strong></span> <span class='ocrx_word' id='word_1_518' title='bbox 2772 2107 2840 2149; x_wconf 82' lang='lat' dir='ltr'><strong>ex</strong></span> <span class='ocrx_word' id='word_1_519' title='bbox 2897 2087 3308 2168; x_wconf 71' lang='lat' dir='ltr'><strong>inscriptione,</strong></span> <span class='ocrx_word' id='word_1_520' title='bbox 3378 2107 3507 2167; x_wconf 70' lang='lat' dir='ltr'><strong>quae</strong></span> <span class='ocrx_word' id='word_1_521' title='bbox 3567 2089 3712 2149; x_wconf 72' lang='lat' dir='ltr'><strong>Viue</strong></span> <span class='ocrx_word' id='word_1_522' title='bbox 3774 2091 3903 2169; x_wconf 84' lang='lat' dir='ltr'><strong>ejus</strong></span> 
     </span>
    </p>
   </div>
   <div class='ocr_carea' id='block_1_80' title="bbox 2246 2175 3904 2256">
    <p class='ocr_par' dir='ltr' id='par_1_80' title="bbox 2246 2175 3904 2256">
     <span class='ocr_line' id='line_1_80' title="bbox 2246 2175 3904 2256; baseline 0.002 -22"><span class='ocrx_word' id='word_1_523' title='bbox 2246 2175 2567 2256; x_wconf 68' lang='lat' dir='ltr'><strong>praetigitur</strong></span> <span class='ocrx_word' id='word_1_524' title='bbox 2599 2176 2656 2237; x_wconf 91' lang='lat' dir='ltr'><strong>in</strong></span> <span class='ocrx_word' id='word_1_525' title='bbox 2692 2178 2896 2239; x_wconf 69' lang='lat' dir='ltr'><strong>codice</strong></span> <span class='ocrx_word' id='word_1_526' title='bbox 2945 2176 3227 2239; x_wconf 88' lang='lat' dir='ltr'><strong>Vaticano</strong></span> <span class='ocrx_word' id='word_1_527' title='bbox 3271 2177 3742 2239; x_wconf 72' lang='lat' dir='ltr'><strong>MMMMMMCLI</strong></span> <span class='ocrx_word' id='word_1_528' title='bbox 3789 2178 3904 2239; x_wconf 92' lang='lat' dir='ltr'><strong>hoc</strong></span> 
     </span>
    </p>
   </div>
   <div class='ocr_carea' id='block_1_81' title="bbox 2248 2264 3895 2346">
    <p class='ocr_par' dir='ltr' id='par_1_81' title="bbox 2248 2264 3895 2346">
     <span class='ocr_line' id='line_1_81' title="bbox 2248 2264 3895 2346; baseline 0.001 -22"><span class='ocrx_word' id='word_1_529' title='bbox 2248 2264 2455 2326; x_wconf 87' lang='lat' dir='ltr'><strong>modo:</strong></span> <span class='ocrx_word' id='word_1_530' title='bbox 2495 2290 2522 2320; x_wconf 78' lang='grc' dir='ltr'><strong>α</strong></span> <span class='ocrx_word' id='word_1_531' title='bbox 2551 2264 2717 2327; x_wconf 88' lang='lat' dir='ltr'><strong>Hanc</strong></span> <span class='ocrx_word' id='word_1_532' title='bbox 2734 2265 2925 2328; x_wconf 85' lang='lat' dir='ltr'><strong>Vitam</strong></span> <span class='ocrx_word' id='word_1_533' title='bbox 2965 2269 3025 2326; x_wconf 78' lang='lat' dir='ltr'><strong>lt.</strong></span> <span class='ocrx_word' id='word_1_534' title='bbox 3066 2265 3530 2327; x_wconf 72' lang='lat' dir='ltr'><strong>Bartholemzens</strong></span> <span class='ocrx_word' id='word_1_535' title='bbox 3560 2265 3829 2346; x_wconf 83' lang='lat' dir='ltr'><strong>scripsit:</strong></span> <span class='ocrx_word' id='word_1_536' title='bbox 3866 2288 3895 2326; x_wconf 79' lang='grc'><strong>›</strong></span> 
     </span>
    </p>
   </div>
   <div class='ocr_carea' id='block_1_82' title="bbox 2251 2352 3900 2433">
    <p class='ocr_par' dir='ltr' id='par_1_82' title="bbox 2251 2352 3900 2433">
     <span class='ocr_line' id='line_1_82' title="bbox 2251 2352 3900 2433; baseline 0.001 -19"><span class='ocrx_word' id='word_1_537' title='bbox 2251 2364 2372 2415; x_wconf 90' lang='lat' dir='ltr'><strong>tum</strong></span> <span class='ocrx_word' id='word_1_538' title='bbox 2415 2373 2485 2415; x_wconf 82' lang='lat' dir='ltr'><strong>ex</strong></span> <span class='ocrx_word' id='word_1_539' title='bbox 2516 2353 2771 2416; x_wconf 92' lang='lat' dir='ltr'><strong>breviori</strong></span> <span class='ocrx_word' id='word_1_540' title='bbox 2805 2355 3071 2433; x_wconf 88' lang='lat' dir='ltr'><strong>ejusdem</strong></span> <span class='ocrx_word' id='word_1_541' title='bbox 3106 2352 3167 2415; x_wconf 92' lang='lat' dir='ltr'><strong>S.</strong></span> <span class='ocrx_word' id='word_1_542' title='bbox 3204 2352 3618 2414; x_wconf 68' lang='lat' dir='ltr'><strong>Barthnlumaai</strong></span> <span class='ocrx_word' id='word_1_543' title='bbox 3652 2354 3803 2433; x_wconf 88' lang='lat' dir='ltr'><strong>Vita,</strong></span> <span class='ocrx_word' id='word_1_544' title='bbox 3838 2354 3900 2416; x_wconf 92' lang='lat' dir='ltr'><strong>in</strong></span> 
     </span>
    </p>
   </div>
   <div class='ocr_carea' id='block_1_83' title="bbox 2250 2441 3897 2523">
    <p class='ocr_par' dir='ltr' id='par_1_83' title="bbox 2250 2441 3897 2523">
     <span class='ocr_line' id='line_1_83' title="bbox 2250 2441 3897 2523; baseline 0 -19"><span class='ocrx_word' id='word_1_545' title='bbox 2250 2462 2364 2523; x_wconf 89' lang='lat' dir='ltr'><strong>qua</strong></span> <span class='ocrx_word' id='word_1_546' title='bbox 2384 2443 2812 2522; x_wconf 80' lang='lat' dir='ltr'><strong>haeclegimns:</strong></span> <span class='ocrx_word' id='word_1_547' title='bbox 2863 2469 2879 2495; x_wconf 77' lang='grc' dir='ltr'>ι</span> <span class='ocrx_word' id='word_1_548' title='bbox 2920 2441 3283 2522; x_wconf 75' lang='lat' dir='ltr'><strong>Hymnorum</strong></span> <span class='ocrx_word' id='word_1_549' title='bbox 3318 2442 3897 2504; x_wconf 84' lang='lat' dir='ltr'><strong>elucubratoracni-</strong></span> 
     </span>
    </p>
   </div>
   <div class='ocr_carea' id='block_1_84' title="bbox 2259 2531 3900 2611">
    <p class='ocr_par' dir='ltr' id='par_1_84' title="bbox 2259 2531 3900 2611">
     <span class='ocr_line' id='line_1_84' title="bbox 2259 2531 3900 2611; baseline 0.004 -24"><span class='ocrx_word' id='word_1_550' title='bbox 2259 2555 2286 2587; x_wconf 77' lang='grc' dir='ltr'>ιι</span> <span class='ocrx_word' id='word_1_551' title='bbox 2323 2532 2503 2592; x_wconf 92' lang='lat' dir='ltr'><strong>mium</strong></span> <span class='ocrx_word' id='word_1_552' title='bbox 2554 2531 2856 2611; x_wconf 88' lang='lat' dir='ltr'><strong>sapienter</strong></span> <span class='ocrx_word' id='word_1_553' title='bbox 2901 2549 2996 2593; x_wconf 86' lang='lat' dir='ltr'><strong>res</strong></span> <span class='ocrx_word' id='word_1_554' title='bbox 3057 2539 3249 2609; x_wconf 79' lang='lat' dir='ltr'><strong>gestas</strong></span> <span class='ocrx_word' id='word_1_555' title='bbox 3292 2531 3379 2591; x_wconf 90' lang='lat' dir='ltr'><strong>sui</strong></span> <span class='ocrx_word' id='word_1_556' title='bbox 3427 2531 3809 2610; x_wconf 67' lang='lat' dir='ltr'><strong>praaceptoris</strong></span> <span class='ocrx_word' id='word_1_557' title='bbox 3841 2540 3900 2593; x_wconf 91' lang='lat' dir='ltr'><strong>et</strong></span> 
     </span>
    </p>
   </div>
   <div class='ocr_carea' id='block_1_85' title="bbox 2260 2617 3897 2701">
    <p class='ocr_par' dir='ltr' id='par_1_85' title="bbox 2260 2617 3897 2701">
     <span class='ocr_line' id='line_1_85' title="bbox 2260 2617 3897 2701; baseline 0.003 -25"><span class='ocrx_word' id='word_1_558' title='bbox 2260 2644 2284 2676; x_wconf 78' lang='grc' dir='ltr'>α</span> <span class='ocrx_word' id='word_1_559' title='bbox 2322 2619 2636 2681; x_wconf 90' lang='lat' dir='ltr'><strong>multorum</strong></span> <span class='ocrx_word' id='word_1_560' title='bbox 2657 2626 2991 2681; x_wconf 87' lang='lat' dir='ltr'><strong>sanctorum</strong></span> <span class='ocrx_word' id='word_1_561' title='bbox 3011 2618 3381 2680; x_wconf 88' lang='lat' dir='ltr'><strong>describens.</strong></span> <span class='ocrx_word' id='word_1_562' title='bbox 3410 2640 3436 2677; x_wconf 70' lang='grc' dir='ltr'><strong><em>ι</em></strong></span> <span class='ocrx_word' id='word_1_563' title='bbox 3452 2617 3729 2679; x_wconf 82' lang='lat' dir='ltr'><strong>Reddunt</strong></span> <span class='ocrx_word' id='word_1_564' title='bbox 3759 2622 3856 2701; x_wconf 91' lang='lat' dir='ltr'><strong>qui</strong></span> <span class='ocrx_word' id='word_1_565' title='bbox 3884 2653 3897 2665; x_wconf 91' lang='lat'><strong>-</strong></span> 
     </span>
    </p>
   </div>
   <div class='ocr_carea' id='block_1_86' title="bbox 2255 2707 3937 2788">
    <p class='ocr_par' dir='ltr' id='par_1_86' title="bbox 2255 2707 3937 2788">
     <span class='ocr_line' id='line_1_86' title="bbox 2255 2707 3937 2788; baseline 0 -19"><span class='ocrx_word' id='word_1_566' title='bbox 2255 2707 2389 2769; x_wconf 91' lang='lat' dir='ltr'><strong>dem</strong></span> <span class='ocrx_word' id='word_1_567' title='bbox 2422 2715 2720 2788; x_wconf 88' lang='lat' dir='ltr'><strong>postrema</strong></span> <span class='ocrx_word' id='word_1_568' title='bbox 2749 2708 2848 2769; x_wconf 79' lang='lat' dir='ltr'><strong>illa</strong></span> <span class='ocrx_word' id='word_1_569' title='bbox 2878 2716 3102 2769; x_wconf 90' lang='lat' dir='ltr'><strong>certum</strong></span> <span class='ocrx_word' id='word_1_570' title='bbox 3136 2715 3454 2787; x_wconf 83' lang='lat' dir='ltr'><strong>utcunque,</strong></span> <span class='ocrx_word' id='word_1_571' title='bbox 3490 2707 3556 2769; x_wconf 85' lang='grc' dir='ltr'>Β.</span> <span class='ocrx_word' id='word_1_572' title='bbox 3584 2708 3898 2769; x_wconf 76' lang='lat' dir='ltr'><strong>ltartholo-</strong></span> <span class='ocrx_word' id='word_1_573' title='bbox 3932 2762 3937 2769; x_wconf 82' lang='grc'><strong>.</strong></span> 
     </span>
    </p>
   </div>
   <div class='ocr_carea' id='block_1_87' title="bbox 2256 2795 3902 2878">
    <p class='ocr_par' dir='ltr' id='par_1_87' title="bbox 2256 2795 3902 2878">
     <span class='ocr_line' id='line_1_87' title="bbox 2256 2795 3902 2878; baseline 0.001 -23"><span class='ocrx_word' id='word_1_574' title='bbox 2256 2814 2465 2857; x_wconf 65' lang='lat' dir='ltr'><strong>meeum</strong></span> <span class='ocrx_word' id='word_1_575' title='bbox 2523 2796 2832 2878; x_wconf 77' lang='lat' dir='ltr'><strong>scripsisse.</strong></span> <span class='ocrx_word' id='word_1_576' title='bbox 2885 2796 3070 2858; x_wconf 89' lang='lat' dir='ltr'><strong>Vitam</strong></span> <span class='ocrx_word' id='word_1_577' title='bbox 3132 2795 3318 2857; x_wconf 90' lang='lat' dir='ltr'><strong>sancti</strong></span> <span class='ocrx_word' id='word_1_578' title='bbox 3375 2795 3465 2856; x_wconf 92' lang='lat' dir='ltr'><strong>sui</strong></span> <span class='ocrx_word' id='word_1_579' title='bbox 3518 2796 3902 2876; x_wconf 67' lang='lat' dir='ltr'><strong>praeceptoris</strong></span> 
     </span>
    </p>
   </div>
   <div class='ocr_carea' id='block_1_88' title="bbox 2248 2883 3900 2966">
    <p class='ocr_par' dir='ltr' id='par_1_88' title="bbox 2248 2883 3900 2966">
     <span class='ocr_line' id='line_1_88' title="bbox 2248 2883 3900 2966; baseline 0 -21"><span class='ocrx_word' id='word_1_580' title='bbox 2248 2883 2369 2945; x_wconf 90' lang='lat' dir='ltr'><strong>Nili</strong></span> <span class='ocrx_word' id='word_1_581' title='bbox 2403 2904 2419 2962; x_wconf 86' lang='lat'><strong>;</strong></span> <span class='ocrx_word' id='word_1_582' title='bbox 2450 2904 2677 2958; x_wconf 90' lang='lat' dir='ltr'><strong>verum,</strong></span> <span class='ocrx_word' id='word_1_583' title='bbox 2702 2885 2854 2966; x_wconf 82' lang='lat' dir='ltr'><strong>quod</strong></span> <span class='ocrx_word' id='word_1_584' title='bbox 2878 2884 3068 2948; x_wconf 90' lang='lat' dir='ltr'><strong>Vitam</strong></span> <span class='ocrx_word' id='word_1_585' title='bbox 3095 2886 3363 2946; x_wconf 90' lang='lat' dir='ltr'><strong>eamdem</strong></span> <span class='ocrx_word' id='word_1_586' title='bbox 3392 2885 3550 2945; x_wconf 90' lang='lat' dir='ltr'><strong>illam</strong></span> <span class='ocrx_word' id='word_1_587' title='bbox 3586 2884 3900 2945; x_wconf 81' lang='lat' dir='ltr'><strong>elucubra-</strong></span> 
     </span>
    </p>
   </div>
   <div class='ocr_carea' id='block_1_89' title="bbox 2246 2973 3902 3055">
    <p class='ocr_par' dir='ltr' id='par_1_89' title="bbox 2246 2973 3902 3055">
     <span class='ocr_line' id='line_1_89' title="bbox 2246 2973 3902 3055; baseline -0.001 -21"><span class='ocrx_word' id='word_1_588' title='bbox 2246 2973 2343 3046; x_wconf 91' lang='lat' dir='ltr'><strong>rit,</strong></span> <span class='ocrx_word' id='word_1_589' title='bbox 2389 2993 2562 3055; x_wconf 91' lang='lat' dir='ltr'><strong>quam</strong></span> <span class='ocrx_word' id='word_1_590' title='bbox 2626 2974 2924 3055; x_wconf 76' lang='lat' dir='ltr'><strong>hodieque</strong></span> <span class='ocrx_word' id='word_1_591' title='bbox 2972 2973 3281 3043; x_wconf 84' lang='lat' dir='ltr'><strong>habemus.</strong></span> <span class='ocrx_word' id='word_1_592' title='bbox 3333 2976 3445 3034; x_wconf 69' lang='lat' dir='ltr'><strong>no‘n</strong></span> <span class='ocrx_word' id='word_1_593' title='bbox 3501 2992 3565 3033; x_wconf 84' lang='lat' dir='ltr'><strong>ex</strong></span> <span class='ocrx_word' id='word_1_594' title='bbox 3614 2991 3685 3034; x_wconf 86' lang='lat' dir='ltr'><strong>eo</strong></span> <span class='ocrx_word' id='word_1_595' title='bbox 3732 2990 3902 3053; x_wconf 79' lang='lat' dir='ltr'><strong>aeque</strong></span> 
     </span>
    </p>
   </div>
   <div class='ocr_carea' id='block_1_90' title="bbox 2244 3062 3895 3143">
    <p class='ocr_par' dir='ltr' id='par_1_90' title="bbox 2244 3062 3895 3143">
     <span class='ocr_line' id='line_1_90' title="bbox 2244 3062 3895 3143; baseline -0.001 -20"><span class='ocrx_word' id='word_1_596' title='bbox 2244 3071 2406 3125; x_wconf 92' lang='lat' dir='ltr'><strong>certo</strong></span> <span class='ocrx_word' id='word_1_597' title='bbox 2437 3063 2644 3143; x_wconf 91' lang='lat' dir='ltr'><strong>liquet.</strong></span> <span class='ocrx_word' id='word_1_598' title='bbox 2680 3062 2843 3135; x_wconf 90' lang='lat' dir='ltr'><strong>Quod</strong></span> <span class='ocrx_word' id='word_1_599' title='bbox 2876 3063 2945 3123; x_wconf 88' lang='lat' dir='ltr'><strong>ad</strong></span> <span class='ocrx_word' id='word_1_600' title='bbox 2981 3063 3246 3125; x_wconf 90' lang='lat' dir='ltr'><strong>codicem</strong></span> <span class='ocrx_word' id='word_1_601' title='bbox 3281 3062 3628 3122; x_wconf 69' lang='lat' dir='ltr'><strong>Vaticanum</strong></span> <span class='ocrx_word' id='word_1_602' title='bbox 3661 3062 3895 3131; x_wconf 78' lang='lat' dir='ltr'><strong>allinct,</strong></span> 
     </span>
    </p>
   </div>
   <div class='ocr_carea' id='block_1_91' title="bbox 2244 3149 3897 3233">
    <p class='ocr_par' dir='ltr' id='par_1_91' title="bbox 2244 3149 3897 3233">
     <span class='ocr_line' id='line_1_91' title="bbox 2244 3149 3897 3233; baseline -0.001 -20"><span class='ocrx_word' id='word_1_603' title='bbox 2244 3170 2448 3232; x_wconf 90' lang='lat' dir='ltr'><strong>parum</strong></span> <span class='ocrx_word' id='word_1_604' title='bbox 2505 3170 2647 3214; x_wconf 91' lang='lat' dir='ltr'><strong>sane</strong></span> <span class='ocrx_word' id='word_1_605' title='bbox 2704 3151 2985 3233; x_wconf 90' lang='lat' dir='ltr'><strong>ponderis</strong></span> <span class='ocrx_word' id='word_1_606' title='bbox 3041 3158 3265 3213; x_wconf 90' lang='lat' dir='ltr'><strong>asserto</strong></span> <span class='ocrx_word' id='word_1_607' title='bbox 3296 3153 3629 3223; x_wconf 84' lang='lat' dir='ltr'><strong>accederet,</strong></span> <span class='ocrx_word' id='word_1_608' title='bbox 3664 3149 3897 3212; x_wconf 89' lang='lat' dir='ltr'><strong>etiamsi</strong></span> 
     </span>
    </p>
   </div>
   <div class='ocr_carea' id='block_1_92' title="bbox 2238 3238 3891 3322">
    <p class='ocr_par' dir='ltr' id='par_1_92' title="bbox 2238 3238 3891 3322">
     <span class='ocr_line' id='line_1_92' title="bbox 2238 3238 3891 3322; baseline 0 -22"><span class='ocrx_word' id='word_1_609' title='bbox 2238 3239 2536 3322; x_wconf 91' lang='lat' dir='ltr'><strong>interpres</strong></span> <span class='ocrx_word' id='word_1_610' title='bbox 2567 3239 2843 3322; x_wconf 88' lang='lat' dir='ltr'><strong>Sirletus,</strong></span> <span class='ocrx_word' id='word_1_611' title='bbox 2880 3241 2967 3302; x_wconf 89' lang='lat' dir='ltr'><strong>vel</strong></span> <span class='ocrx_word' id='word_1_612' title='bbox 2998 3240 3098 3322; x_wconf 92' lang='lat' dir='ltr'><strong>qui</strong></span> <span class='ocrx_word' id='word_1_613' title='bbox 3130 3241 3258 3320; x_wconf 90' lang='lat' dir='ltr'><strong>ejus</strong></span> <span class='ocrx_word' id='word_1_614' title='bbox 3307 3240 3641 3302; x_wconf 90' lang='lat' dir='ltr'><strong>versionem</strong></span> <span class='ocrx_word' id='word_1_615' title='bbox 3694 3238 3891 3301; x_wconf 91' lang='lat' dir='ltr'><strong>codici</strong></span> 
     </span>
    </p>
   </div>
   <div class='ocr_carea' id='block_1_93' title="bbox 2236 3326 3890 3411">
    <p class='ocr_par' dir='ltr' id='par_1_93' title="bbox 2236 3326 3890 3411">
     <span class='ocr_line' id='line_1_93' title="bbox 2236 3326 3890 3411; baseline -0.001 -22"><span class='ocrx_word' id='word_1_616' title='bbox 2236 3328 2564 3411; x_wconf 86' lang='lat' dir='ltr'><strong>inscripsit,</strong></span> <span class='ocrx_word' id='word_1_617' title='bbox 2598 3329 2777 3392; x_wconf 90' lang='lat' dir='ltr'><strong>verba</strong></span> <span class='ocrx_word' id='word_1_618' title='bbox 2806 3329 3154 3409; x_wconf 81' lang='lat' dir='ltr'><strong>addidisset,</strong></span> <span class='ocrx_word' id='word_1_619' title='bbox 3188 3347 3320 3410; x_wconf 69' lang='lat' dir='ltr'><strong>qua:</strong></span> <span class='ocrx_word' id='word_1_620' title='bbox 3350 3327 3408 3389; x_wconf 92' lang='lat' dir='ltr'><strong>in</strong></span> <span class='ocrx_word' id='word_1_621' title='bbox 3444 3336 3603 3390; x_wconf 88' lang='lat' dir='ltr'><strong>textu</strong></span> <span class='ocrx_word' id='word_1_622' title='bbox 3658 3326 3890 3403; x_wconf 60' lang='lat' dir='ltr'><strong>Graeco,</strong></span> 
     </span>
    </p>
   </div>
   <div class='ocr_carea' id='block_1_94' title="bbox 2238 3416 3891 3498">
    <p class='ocr_par' dir='ltr' id='par_1_94' title="bbox 2238 3416 3891 3498">
     <span class='ocr_line' id='line_1_94' title="bbox 2238 3416 3891 3498; baseline -0.001 -19"><span class='ocrx_word' id='word_1_623' title='bbox 2238 3436 2412 3498; x_wconf 92' lang='lat' dir='ltr'><strong>quem</strong></span> <span class='ocrx_word' id='word_1_624' title='bbox 2471 3419 2666 3490; x_wconf 90' lang='lat' dir='ltr'><strong>vertit,</strong></span> <span class='ocrx_word' id='word_1_625' title='bbox 2731 3438 2848 3480; x_wconf 83' lang='lat' dir='ltr'><strong>non</strong></span> <span class='ocrx_word' id='word_1_626' title='bbox 2909 3416 3311 3497; x_wconf 86' lang='lat' dir='ltr'><strong>legebantur:</strong></span> <span class='ocrx_word' id='word_1_627' title='bbox 3377 3418 3480 3479; x_wconf 92' lang='lat' dir='ltr'><strong>sed</strong></span> <span class='ocrx_word' id='word_1_628' title='bbox 3549 3435 3622 3479; x_wconf 91' lang='lat' dir='ltr'><strong>ne</strong></span> <span class='ocrx_word' id='word_1_629' title='bbox 3667 3424 3891 3478; x_wconf 91' lang='lat' dir='ltr'><strong>tantum</strong></span> 
     </span>
    </p>
   </div>
   <div class='ocr_carea' id='block_1_95' title="bbox 2239 3506 3892 3588">
    <p class='ocr_par' dir='ltr' id='par_1_95' title="bbox 2239 3506 3892 3588">
     <span class='ocr_line' id='line_1_95' title="bbox 2239 3506 3892 3588; baseline 0 -21"><span class='ocrx_word' id='word_1_630' title='bbox 2239 3507 2478 3587; x_wconf 90' lang='lat' dir='ltr'><strong>quidem</strong></span> <span class='ocrx_word' id='word_1_631' title='bbox 2511 3507 2764 3571; x_wconf 90' lang='lat' dir='ltr'><strong>subsidii</strong></span> <span class='ocrx_word' id='word_1_632' title='bbox 2814 3526 2919 3588; x_wconf 90' lang='lat' dir='ltr'><strong>pro</strong></span> <span class='ocrx_word' id='word_1_633' title='bbox 2969 3525 3075 3569; x_wconf 92' lang='lat' dir='ltr'><strong>sua</strong></span> <span class='ocrx_word' id='word_1_634' title='bbox 3123 3506 3406 3570; x_wconf 83' lang='lat' dir='ltr'><strong>oninione</strong></span> <span class='ocrx_word' id='word_1_635' title='bbox 3451 3506 3628 3568; x_wconf 88' lang='lat' dir='ltr'><strong>habet</strong></span> <span class='ocrx_word' id='word_1_636' title='bbox 3673 3511 3892 3567; x_wconf 80' lang='lat' dir='ltr'><strong>Marte-</strong></span> 
     </span>
    </p>
   </div>
   <div class='ocr_carea' id='block_1_96' title="bbox 2238 3594 3893 3679">
    <p class='ocr_par' dir='ltr' id='par_1_96' title="bbox 2238 3594 3893 3679">
     <span class='ocr_line' id='line_1_96' title="bbox 2238 3594 3893 3679; baseline -0.002 -21"><span class='ocrx_word' id='word_1_637' title='bbox 2238 3597 2392 3672; x_wconf 89' lang='lat' dir='ltr'><strong>nius,</strong></span> <span class='ocrx_word' id='word_1_638' title='bbox 2456 3596 2673 3679; x_wconf 90' lang='lat' dir='ltr'><strong>quique</strong></span> <span class='ocrx_word' id='word_1_639' title='bbox 2730 3616 2863 3659; x_wconf 92' lang='lat' dir='ltr'><strong>cum</strong></span> <span class='ocrx_word' id='word_1_640' title='bbox 2916 3596 3019 3657; x_wconf 92' lang='lat' dir='ltr'><strong>illo</strong></span> <span class='ocrx_word' id='word_1_641' title='bbox 3078 3595 3387 3659; x_wconf 89' lang='lat' dir='ltr'><strong>sentiunt:</strong></span> <span class='ocrx_word' id='word_1_642' title='bbox 3445 3594 3893 3676; x_wconf 88' lang='lat' dir='ltr'><strong>Papebrochius</strong></span> 
     </span>
    </p>
   </div>
   <div class='ocr_carea' id='block_1_97' title="bbox 2238 3683 3890 3767">
    <p class='ocr_par' dir='ltr' id='par_1_97' title="bbox 2238 3683 3890 3767">
     <span class='ocr_line' id='line_1_97' title="bbox 2238 3683 3890 3767; baseline -0.002 -20"><span class='ocrx_word' id='word_1_643' title='bbox 2238 3685 2421 3761; x_wconf 90' lang='lat' dir='ltr'><strong>enim,</strong></span> <span class='ocrx_word' id='word_1_644' title='bbox 2492 3686 2594 3767; x_wconf 90' lang='lat' dir='ltr'><strong>qui</strong></span> <span class='ocrx_word' id='word_1_645' title='bbox 2652 3685 2920 3748; x_wconf 91' lang='lat' dir='ltr'><strong>codicem</strong></span> <span class='ocrx_word' id='word_1_646' title='bbox 2978 3684 3326 3748; x_wconf 89' lang='lat' dir='ltr'><strong>Vaticanum</strong></span> <span class='ocrx_word' id='word_1_647' title='bbox 3388 3684 3641 3766; x_wconf 91' lang='lat' dir='ltr'><strong>propriis</strong></span> <span class='ocrx_word' id='word_1_648' title='bbox 3699 3683 3890 3745; x_wconf 90' lang='lat' dir='ltr'><strong>oculis</strong></span> 
     </span>
    </p>
   </div>
   <div class='ocr_carea' id='block_1_98' title="bbox 2238 3774 3889 3856">
    <p class='ocr_par' dir='ltr' id='par_1_98' title="bbox 2238 3774 3889 3856">
     <span class='ocr_line' id='line_1_98' title="bbox 2238 3774 3889 3856; baseline -0.002 -20"><span class='ocrx_word' id='word_1_649' title='bbox 2238 3775 2526 3849; x_wconf 88' lang='lat' dir='ltr'><strong>lustravit,</strong></span> <span class='ocrx_word' id='word_1_650' title='bbox 2585 3774 2785 3837; x_wconf 86' lang='lat' dir='ltr'><strong>addita</strong></span> <span class='ocrx_word' id='word_1_651' title='bbox 2833 3774 2908 3836; x_wconf 90' lang='lat' dir='ltr'><strong>ad</strong></span> <span class='ocrx_word' id='word_1_652' title='bbox 2968 3774 3369 3856; x_wconf 88' lang='lat' dir='ltr'><strong>apographum</strong></span> <span class='ocrx_word' id='word_1_653' title='bbox 3421 3780 3688 3835; x_wconf 92' lang='lat' dir='ltr'><strong>nostrum</strong></span> <span class='ocrx_word' id='word_1_654' title='bbox 3752 3781 3889 3834; x_wconf 91' lang='lat' dir='ltr'><strong>nota</strong></span> 
     </span>
    </p>
   </div>
   <div class='ocr_carea' id='block_1_99' title="bbox 2238 3862 3891 3942">
    <p class='ocr_par' dir='ltr' id='par_1_99' title="bbox 2238 3862 3891 3942">
     <span class='ocr_line' id='line_1_99' title="bbox 2238 3862 3891 3942; baseline 0 -19"><span class='ocrx_word' id='word_1_655' title='bbox 2238 3864 2501 3926; x_wconf 90' lang='lat' dir='ltr'><strong>studiose</strong></span> <span class='ocrx_word' id='word_1_656' title='bbox 2532 3873 2752 3938; x_wconf 81' lang='lat' dir='ltr'><strong>monet,</strong></span> <span class='ocrx_word' id='word_1_657' title='bbox 2786 3863 2901 3925; x_wconf 90' lang='lat' dir='ltr'><strong>alia</strong></span> <span class='ocrx_word' id='word_1_658' title='bbox 2928 3862 3174 3925; x_wconf 89' lang='lat' dir='ltr'><strong>indubie</strong></span> <span class='ocrx_word' id='word_1_659' title='bbox 3203 3881 3380 3925; x_wconf 89' lang='lat' dir='ltr'><strong>manu</strong></span> <span class='ocrx_word' id='word_1_660' title='bbox 3411 3863 3589 3926; x_wconf 87' lang='lat' dir='ltr'><strong>verba</strong></span> <span class='ocrx_word' id='word_1_661' title='bbox 3637 3862 3891 3942; x_wconf 89' lang='lat' dir='ltr'><strong>allegata</strong></span> 
     </span>
    </p>
   </div>
   <div class='ocr_carea' id='block_1_100' title="bbox 2237 3951 3885 4034">
    <p class='ocr_par' dir='ltr' id='par_1_100' title="bbox 2237 3951 3885 4034">
     <span class='ocr_line' id='line_1_100' title="bbox 2237 3951 3885 4034; baseline 0.001 -22"><span class='ocrx_word' id='word_1_662' title='bbox 2237 3952 2420 4014; x_wconf 86' lang='lat' dir='ltr'><strong>fuisse</strong></span> <span class='ocrx_word' id='word_1_663' title='bbox 2466 3951 2716 4033; x_wconf 87' lang='lat' dir='ltr'><strong>adjecta,</strong></span> <span class='ocrx_word' id='word_1_664' title='bbox 2751 3970 2924 4034; x_wconf 91' lang='lat' dir='ltr'><strong>quam</strong></span> <span class='ocrx_word' id='word_1_665' title='bbox 2958 3970 3074 4033; x_wconf 89' lang='lat' dir='ltr'><strong>qua</strong></span> <span class='ocrx_word' id='word_1_666' title='bbox 3103 3951 3235 4015; x_wconf 87' lang='lat' dir='ltr'><strong>Vita</strong></span> <span class='ocrx_word' id='word_1_667' title='bbox 3266 3959 3502 4015; x_wconf 83' lang='lat' dir='ltr'><strong>exarata</strong></span> <span class='ocrx_word' id='word_1_668' title='bbox 3526 3959 3636 4014; x_wconf 92' lang='lat' dir='ltr'><strong>est.</strong></span> <span class='ocrx_word' id='word_1_669' title='bbox 3688 3951 3885 4026; x_wconf 89' lang='lat' dir='ltr'><strong>Plura,</strong></span> 
     </span>
    </p>
   </div>
   <div class='ocr_carea' id='block_1_101' title="bbox 2239 4039 3887 4123">
    <p class='ocr_par' dir='ltr' id='par_1_101' title="bbox 2239 4039 3887 4123">
     <span class='ocr_line' id='line_1_101' title="bbox 2239 4039 3887 4123; baseline 0 -22"><span class='ocrx_word' id='word_1_670' title='bbox 2239 4040 2300 4101; x_wconf 91' lang='lat' dir='ltr'><strong>ni</strong></span> <span class='ocrx_word' id='word_1_671' title='bbox 2322 4040 2513 4118; x_wconf 77' lang='lat' dir='ltr'><strong>fallor,</strong></span> <span class='ocrx_word' id='word_1_672' title='bbox 2528 4060 2678 4123; x_wconf 85' lang='lat' dir='ltr'><strong>Opus</strong></span> <span class='ocrx_word' id='word_1_673' title='bbox 2692 4060 2808 4103; x_wconf 89' lang='lat' dir='ltr'><strong>non</strong></span> <span class='ocrx_word' id='word_1_674' title='bbox 2824 4040 3168 4119; x_wconf 90' lang='lat' dir='ltr'><strong>estaddere,</strong></span> <span class='ocrx_word' id='word_1_675' title='bbox 3197 4047 3261 4102; x_wconf 89' lang='lat' dir='ltr'><strong>ut</strong></span> <span class='ocrx_word' id='word_1_676' title='bbox 3288 4040 3581 4104; x_wconf 89' lang='lat' dir='ltr'><strong>rationem</strong></span> <span class='ocrx_word' id='word_1_677' title='bbox 3612 4039 3887 4122; x_wconf 85' lang='lat' dir='ltr'><strong>reddam,</strong></span> 
     </span>
    </p>
   </div>
   <div class='ocr_carea' id='block_1_102' title="bbox 2237 4128 3885 4211">
    <p class='ocr_par' dir='ltr' id='par_1_102' title="bbox 2237 4128 3885 4211">
     <span class='ocr_line' id='line_1_102' title="bbox 2237 4128 3885 4211; baseline -0.001 -20"><span class='ocrx_word' id='word_1_678' title='bbox 2237 4128 3885 4211; x_wconf 68' lang='lat' dir='ltr'><strong>quaresententiaeillustrissimiCaryophilisubscribam,</strong></span> 
     </span>
    </p>
   </div>
   <div class='ocr_carea' id='block_1_103' title="bbox 2237 4218 3882 4301">
    <p class='ocr_par' dir='ltr' id='par_1_103' title="bbox 2237 4218 3882 4301">
     <span class='ocr_line' id='line_1_103' title="bbox 2237 4218 3882 4301; baseline 0.001 -22"><span class='ocrx_word' id='word_1_679' title='bbox 2237 4238 2350 4280; x_wconf 88' lang='lat' dir='ltr'><strong>nec</strong></span> <span class='ocrx_word' id='word_1_680' title='bbox 2395 4220 2610 4299; x_wconf 83' lang='lat' dir='ltr'><strong>Vitam,</strong></span> <span class='ocrx_word' id='word_1_681' title='bbox 2650 4219 2805 4301; x_wconf 87' lang='lat' dir='ltr'><strong>quod</strong></span> <span class='ocrx_word' id='word_1_682' title='bbox 2851 4226 3046 4283; x_wconf 86' lang='lat' dir='ltr'><strong>tamen</strong></span> <span class='ocrx_word' id='word_1_683' title='bbox 3080 4237 3184 4299; x_wconf 90' lang='lat' dir='ltr'><strong>pro</strong></span> <span class='ocrx_word' id='word_1_684' title='bbox 3232 4218 3529 4299; x_wconf 89' lang='lat' dir='ltr'><strong>probabili</strong></span> <span class='ocrx_word' id='word_1_685' title='bbox 3561 4218 3778 4294; x_wconf 83' lang='lat' dir='ltr'><strong>habeo,</strong></span> <span class='ocrx_word' id='word_1_686' title='bbox 3814 4218 3882 4282; x_wconf 91' lang='lat' dir='ltr'><strong>B.</strong></span> 
     </span>
    </p>
   </div>
   <div class='ocr_carea' id='block_1_104' title="bbox 2235 4305 3889 4386">
    <p class='ocr_par' dir='ltr' id='par_1_104' title="bbox 2235 4305 3889 4386">
     <span class='ocr_line' id='line_1_104' title="bbox 2235 4305 3889 4386; baseline 0 -18"><span class='ocrx_word' id='word_1_687' title='bbox 2235 4305 2664 4369; x_wconf 71' lang='lat' dir='ltr'><strong>Bartholommo</strong></span> <span class='ocrx_word' id='word_1_688' title='bbox 2710 4306 2955 4369; x_wconf 86' lang='lat' dir='ltr'><strong>indubie</strong></span> <span class='ocrx_word' id='word_1_689' title='bbox 2997 4307 3313 4371; x_wconf 90' lang='lat' dir='ltr'><strong>ascribam.</strong></span> <span class='ocrx_word' id='word_1_690' title='bbox 3356 4308 3563 4386; x_wconf 84' lang='lat' dir='ltr'><strong>Major,</strong></span> <span class='ocrx_word' id='word_1_691' title='bbox 3599 4307 3807 4384; x_wconf 86' lang='lat' dir='ltr'><strong>fateor,</strong></span> <span class='ocrx_word' id='word_1_692' title='bbox 3854 4325 3889 4368; x_wconf 90' lang='lat' dir='ltr'><strong>a</strong></span> 
     </span>
    </p>
   </div>
   <div class='ocr_carea' id='block_1_105' title="bbox 2234 4395 3888 4470">
    <p class='ocr_par' dir='ltr' id='par_1_105' title="bbox 2234 4395 3888 4470">
     <span class='ocr_line' id='line_1_105' title="bbox 2234 4395 3888 4470; baseline 0 -12"><span class='ocrx_word' id='word_1_693' title='bbox 2234 4396 2302 4459; x_wconf 89' lang='lat' dir='ltr'><strong>B.</strong></span> <span class='ocrx_word' id='word_1_694' title='bbox 2354 4396 2783 4458; x_wconf 68' lang='lat' dir='ltr'><strong>Bartholomzeo</strong></span> <span class='ocrx_word' id='word_1_695' title='bbox 2827 4395 3143 4458; x_wconf 91' lang='lat' dir='ltr'><strong>auctoritas</strong></span> <span class='ocrx_word' id='word_1_696' title='bbox 3197 4396 3339 4458; x_wconf 76' lang='lat' dir='ltr'><strong>Vitae</strong></span> <span class='ocrx_word' id='word_1_697' title='bbox 3398 4398 3757 4470; x_wconf 78' lang='lat' dir='ltr'><strong>accederet;</strong></span> <span class='ocrx_word' id='word_1_698' title='bbox 3829 4404 3888 4458; x_wconf 88' lang='lat' dir='ltr'><strong>at</strong></span> 
     </span>
    </p>
   </div>
   <div class='ocr_carea' id='block_1_106' title="bbox 2232 4483 3885 4566">
    <p class='ocr_par' dir='ltr' id='par_1_106' title="bbox 2232 4483 3885 4566">
     <span class='ocr_line' id='line_1_106' title="bbox 2232 4483 3885 4566; baseline 0.001 -20"><span class='ocrx_word' id='word_1_699' title='bbox 2232 4505 2406 4566; x_wconf 89' lang='lat' dir='ltr'><strong>quam</strong></span> <span class='ocrx_word' id='word_1_700' title='bbox 2440 4485 2729 4548; x_wconf 90' lang='lat' dir='ltr'><strong>habemus</strong></span> <span class='ocrx_word' id='word_1_701' title='bbox 2757 4504 2791 4546; x_wconf 90' lang='lat' dir='ltr'><strong>a</strong></span> <span class='ocrx_word' id='word_1_702' title='bbox 2831 4485 3120 4566; x_wconf 90' lang='lat' dir='ltr'><strong>scriptore</strong></span> <span class='ocrx_word' id='word_1_703' title='bbox 3149 4503 3365 4562; x_wconf 73' lang='lat' dir='ltr'><strong>coaevo,</strong></span> <span class='ocrx_word' id='word_1_704' title='bbox 3402 4485 3622 4566; x_wconf 91' lang='lat' dir='ltr'><strong>quique</strong></span> <span class='ocrx_word' id='word_1_705' title='bbox 3653 4483 3715 4548; x_wconf 92' lang='lat' dir='ltr'><strong>S.</strong></span> <span class='ocrx_word' id='word_1_706' title='bbox 3752 4484 3885 4547; x_wconf 92' lang='lat' dir='ltr'><strong>Nilo</strong></span> 
     </span>
    </p>
   </div>
   <div class='ocr_carea' id='block_1_107' title="bbox 2230 4573 3883 4656">
    <p class='ocr_par' dir='ltr' id='par_1_107' title="bbox 2230 4573 3883 4656">
     <span class='ocr_line' id='line_1_107' title="bbox 2230 4573 3883 4656; baseline 0 -20"><span class='ocrx_word' id='word_1_707' title='bbox 2230 4576 2290 4636; x_wconf 86' lang='lat' dir='ltr'><strong>in</strong></span> <span class='ocrx_word' id='word_1_708' title='bbox 2350 4575 2480 4655; x_wconf 93' lang='lat' dir='ltr'><strong>ipso</strong></span> <span class='ocrx_word' id='word_1_709' title='bbox 2531 4574 2656 4636; x_wconf 92' lang='lat' dir='ltr'><strong>loco</strong></span> <span class='ocrx_word' id='word_1_710' title='bbox 2710 4573 2987 4654; x_wconf 81' lang='lat' dir='ltr'><strong>convixit,</strong></span> <span class='ocrx_word' id='word_1_711' title='bbox 3050 4574 3490 4656; x_wconf 83' lang='lat' dir='ltr'><strong>candoremque</strong></span> <span class='ocrx_word' id='word_1_712' title='bbox 3535 4592 3704 4636; x_wconf 90' lang='lat' dir='ltr'><strong>suum</strong></span> <span class='ocrx_word' id='word_1_713' title='bbox 3766 4594 3883 4637; x_wconf 90' lang='lat' dir='ltr'><strong>non</strong></span> 
     </span>
    </p>
   </div>
   <div class='ocr_carea' id='block_1_108' title="bbox 2231 4663 3252 4745">
    <p class='ocr_par' dir='ltr' id='par_1_108' title="bbox 2231 4663 3252 4745">
     <span class='ocr_line' id='line_1_108' title="bbox 2231 4663 3252 4745; baseline 0.002 -18"><span class='ocrx_word' id='word_1_714' title='bbox 2231 4684 2348 4728; x_wconf 90' lang='lat' dir='ltr'><strong>uno</strong></span> <span class='ocrx_word' id='word_1_715' title='bbox 2379 4666 2511 4726; x_wconf 93' lang='lat' dir='ltr'><strong>loco</strong></span> <span class='ocrx_word' id='word_1_716' title='bbox 2540 4663 2771 4745; x_wconf 90' lang='lat' dir='ltr'><strong>probat,</strong></span> <span class='ocrx_word' id='word_1_717' title='bbox 2804 4664 2979 4726; x_wconf 83' lang='lat' dir='ltr'><strong>nobis</strong></span> <span class='ocrx_word' id='word_1_718' title='bbox 3011 4664 3252 4729; x_wconf 75' lang='lat' dir='ltr'><strong>sufficit.</strong></span> 
     </span>
    </p>
   </div>
   <div class='ocr_carea' id='block_1_109' title="bbox 2307 4818 3881 4902">
    <p class='ocr_par' dir='ltr' id='par_1_109' title="bbox 2307 4818 3881 4902">
     <span class='ocr_line' id='line_1_109' title="bbox 2307 4818 3881 4902; baseline 0.001 -18"><span class='ocrx_word' id='word_1_719' title='bbox 2307 4821 2368 4884; x_wconf 89' lang='lat'><strong>6.</strong></span> <span class='ocrx_word' id='word_1_720' title='bbox 2394 4818 2999 4902; x_wconf 86' lang='lat' dir='ltr'><strong>Nuncadquampiam</strong></span> <span class='ocrx_word' id='word_1_721' title='bbox 3023 4820 3434 4884; x_wconf 87' lang='lat' dir='ltr'><strong>chronotaxim</strong></span> <span class='ocrx_word' id='word_1_722' title='bbox 3467 4820 3881 4885; x_wconf 88' lang='lat' dir='ltr'><strong>deducendam</strong></span> 
     </span>
    </p>
   </div>
   <div class='ocr_carea' id='block_1_110' title="bbox 2228 4908 3883 4992">
    <p class='ocr_par' dir='ltr' id='par_1_110' title="bbox 2228 4908 3883 4992">
     <span class='ocr_line' id='line_1_110' title="bbox 2228 4908 3883 4992; baseline 0.001 -20"><span class='ocrx_word' id='word_1_723' title='bbox 2228 4919 2285 4972; x_wconf 92' lang='lat' dir='ltr'><strong>et</strong></span> <span class='ocrx_word' id='word_1_724' title='bbox 2318 4930 2503 4992; x_wconf 90' lang='lat' dir='ltr'><strong>pauca</strong></span> <span class='ocrx_word' id='word_1_725' title='bbox 2555 4910 2751 4991; x_wconf 88' lang='lat' dir='ltr'><strong>aliqua</strong></span> <span class='ocrx_word' id='word_1_726' title='bbox 2776 4908 3169 4971; x_wconf 82' lang='lat' dir='ltr'><strong>examinanda</strong></span> <span class='ocrx_word' id='word_1_727' title='bbox 3199 4910 3656 4975; x_wconf 89' lang='lat' dir='ltr'><strong>descendamus.</strong></span> <span class='ocrx_word' id='word_1_728' title='bbox 3700 4910 3883 4973; x_wconf 91' lang='lat' dir='ltr'><strong>Natus</strong></span> 
     </span>
    </p>
   </div>
   <div class='ocr_carea' id='block_1_111' title="bbox 2226 4996 3881 5080">
    <p class='ocr_par' dir='ltr' id='par_1_111' title="bbox 2226 4996 3881 5080">
     <span class='ocr_line' id='line_1_111' title="bbox 2226 4996 3881 5080; baseline -0.001 -18"><span class='ocrx_word' id='word_1_729' title='bbox 2226 5008 2313 5061; x_wconf 90' lang='lat' dir='ltr'><strong>est</strong></span> <span class='ocrx_word' id='word_1_730' title='bbox 2364 4997 2425 5062; x_wconf 92' lang='lat' dir='ltr'><strong>S.</strong></span> <span class='ocrx_word' id='word_1_731' title='bbox 2473 4998 2641 5061; x_wconf 91' lang='lat' dir='ltr'><strong>Nilus</strong></span> <span class='ocrx_word' id='word_1_732' title='bbox 2690 4997 2940 5059; x_wconf 79' lang='lat' dir='ltr'><strong>Bossani</strong></span> <span class='ocrx_word' id='word_1_733' title='bbox 3001 5000 3059 5060; x_wconf 92' lang='lat' dir='ltr'><strong>in</strong></span> <span class='ocrx_word' id='word_1_734' title='bbox 3120 4996 3413 5077; x_wconf 88' lang='lat' dir='ltr'><strong>Calabria,</strong></span> <span class='ocrx_word' id='word_1_735' title='bbox 3468 5001 3608 5062; x_wconf 79' lang='lat' dir='ltr'><strong>olim</strong></span> <span class='ocrx_word' id='word_1_736' title='bbox 3669 5004 3881 5080; x_wconf 89' lang='lat' dir='ltr'><strong>Magna</strong></span> 
     </span>
    </p>
   </div>
   <div class='ocr_carea' id='block_1_112' title="bbox 2223 5088 3878 5169">
    <p class='ocr_par' dir='ltr' id='par_1_112' title="bbox 2223 5088 3878 5169">
     <span class='ocr_line' id='line_1_112' title="bbox 2223 5088 3878 5169; baseline -0.002 -16"><span class='ocrx_word' id='word_1_737' title='bbox 2223 5088 2451 5153; x_wconf 65' lang='lat' dir='ltr'><strong>Graecia</strong></span> <span class='ocrx_word' id='word_1_738' title='bbox 2507 5088 2699 5150; x_wconf 80' lang='lat' dir='ltr'><strong>vocari</strong></span> <span class='ocrx_word' id='word_1_739' title='bbox 2758 5088 2954 5151; x_wconf 81' lang='lat' dir='ltr'><strong>solita.</strong></span> <span class='ocrx_word' id='word_1_740' title='bbox 3008 5088 3319 5152; x_wconf 90' lang='lat' dir='ltr'><strong>Provincia</strong></span> <span class='ocrx_word' id='word_1_741' title='bbox 3362 5098 3453 5151; x_wconf 92' lang='lat' dir='ltr'><strong>est</strong></span> <span class='ocrx_word' id='word_1_742' title='bbox 3509 5089 3878 5169; x_wconf 86' lang='lat' dir='ltr'><strong>amplissima</strong></span> 
     </span>
    </p>
   </div>
   <div class='ocr_carea' id='block_1_113' title="bbox 2220 5176 3878 5258">
    <p class='ocr_par' dir='ltr' id='par_1_113' title="bbox 2220 5176 3878 5258">
     <span class='ocr_line' id='line_1_113' title="bbox 2220 5176 3878 5258; baseline 0.001 -20"><span class='ocrx_word' id='word_1_743' title='bbox 2220 5179 2387 5256; x_wconf 87' lang='lat' dir='ltr'><strong>regni</strong></span> <span class='ocrx_word' id='word_1_744' title='bbox 2420 5177 2791 5258; x_wconf 84' lang='lat' dir='ltr'><strong>Neapolitani</strong></span> <span class='ocrx_word' id='word_1_745' title='bbox 2819 5176 2877 5238; x_wconf 91' lang='lat' dir='ltr'><strong>in</strong></span> <span class='ocrx_word' id='word_1_746' title='bbox 2932 5176 3109 5239; x_wconf 65' lang='lat' dir='ltr'><strong>Italian</strong></span> <span class='ocrx_word' id='word_1_747' title='bbox 3155 5179 3228 5239; x_wconf 86' lang='lat' dir='ltr'><strong>ad</strong></span> <span class='ocrx_word' id='word_1_748' title='bbox 3273 5180 3553 5240; x_wconf 85' lang='lat' dir='ltr'><strong>Austrum</strong></span> <span class='ocrx_word' id='word_1_749' title='bbox 3590 5179 3878 5240; x_wconf 85' lang='lat' dir='ltr'><strong>extremis</strong></span> 
     </span>
    </p>
   </div>
   <div class='ocr_carea' id='block_1_114' title="bbox 2221 5265 3874 5348">
    <p class='ocr_par' dir='ltr' id='par_1_114' title="bbox 2221 5265 3874 5348">
     <span class='ocr_line' id='line_1_114' title="bbox 2221 5265 3874 5348; baseline 0.001 -21"><span class='ocrx_word' id='word_1_750' title='bbox 2221 5266 2437 5328; x_wconf 85' lang='lat' dir='ltr'><strong>ﬁnibus</strong></span> <span class='ocrx_word' id='word_1_751' title='bbox 2470 5265 2849 5347; x_wconf 88' lang='lat' dir='ltr'><strong>maribusque</strong></span> <span class='ocrx_word' id='word_1_752' title='bbox 2882 5265 3102 5343; x_wconf 90' lang='lat' dir='ltr'><strong>Siculo,</strong></span> <span class='ocrx_word' id='word_1_753' title='bbox 3136 5267 3301 5329; x_wconf 86' lang='lat' dir='ltr'><strong>ionio</strong></span> <span class='ocrx_word' id='word_1_754' title='bbox 3333 5276 3390 5329; x_wconf 90' lang='lat' dir='ltr'><strong>et</strong></span> <span class='ocrx_word' id='word_1_755' title='bbox 3419 5268 3724 5348; x_wconf 81' lang='lat' dir='ltr'><strong>Tyrrheno</strong></span> <span class='ocrx_word' id='word_1_756' title='bbox 3756 5286 3874 5329; x_wconf 90' lang='lat' dir='ltr'><strong>un-</strong></span> 
     </span>
    </p>
   </div>
   <div class='ocr_carea' id='block_1_115' title="bbox 2219 5354 3871 5437">
    <p class='ocr_par' dir='ltr' id='par_1_115' title="bbox 2219 5354 3871 5437">
     <span class='ocr_line' id='line_1_115' title="bbox 2219 5354 3871 5437; baseline 0.002 -22"><span class='ocrx_word' id='word_1_757' title='bbox 2219 5354 2399 5437; x_wconf 71' lang='lat' dir='ltr'><strong>dique</strong></span> <span class='ocrx_word' id='word_1_758' title='bbox 2452 5356 2667 5429; x_wconf 89' lang='lat' dir='ltr'><strong>cincta,</strong></span> <span class='ocrx_word' id='word_1_759' title='bbox 2696 5365 3097 5437; x_wconf 70' lang='lat' dir='ltr'><strong>praeterquam</strong></span> <span class='ocrx_word' id='word_1_760' title='bbox 3131 5374 3336 5417; x_wconf 92' lang='lat' dir='ltr'><strong>versus</strong></span> <span class='ocrx_word' id='word_1_761' title='bbox 3367 5355 3871 5437; x_wconf 88' lang='lat' dir='ltr'><strong>Septentrionem,</strong></span> 
     </span>
    </p>
   </div>
   <div class='ocr_carea' id='block_1_116' title="bbox 2219 5444 3871 5527">
    <p class='ocr_par' dir='ltr' id='par_1_116' title="bbox 2219 5444 3871 5527">
     <span class='ocr_line' id='line_1_116' title="bbox 2219 5444 3871 5527; baseline 0.004 -22"><span class='ocrx_word' id='word_1_762' title='bbox 2219 5444 2321 5506; x_wconf 76' lang='lat' dir='ltr'><strong>ubi</strong></span> <span class='ocrx_word' id='word_1_763' title='bbox 2355 5446 2717 5527; x_wconf 87' lang='lat' dir='ltr'><strong>provinciam</strong></span> <span class='ocrx_word' id='word_1_764' title='bbox 2765 5445 3145 5509; x_wconf 82' lang='lat' dir='ltr'><strong>Basilicatem</strong></span> <span class='ocrx_word' id='word_1_765' title='bbox 3195 5446 3629 5507; x_wconf 88' lang='lat' dir='ltr'><strong>conterminam</strong></span> <span class='ocrx_word' id='word_1_766' title='bbox 3664 5447 3871 5511; x_wconf 85' lang='lat' dir='ltr'><strong>habet.</strong></span> 
     </span>
    </p>
   </div>
   <div class='ocr_carea' id='block_1_117' title="bbox 2214 5533 3872 5617">
    <p class='ocr_par' dir='ltr' id='par_1_117' title="bbox 2214 5533 3872 5617">
     <span class='ocr_line' id='line_1_117' title="bbox 2214 5533 3872 5617; baseline 0 -19"><span class='ocrx_word' id='word_1_767' title='bbox 2214 5534 2572 5610; x_wconf 66' lang='lat' dir='ltr'><strong>Rossanum,</strong></span> <span class='ocrx_word' id='word_1_768' title='bbox 2627 5538 2783 5616; x_wconf 90' lang='lat' dir='ltr'><strong>quod</strong></span> <span class='ocrx_word' id='word_1_769' title='bbox 2832 5534 2933 5596; x_wconf 89' lang='lat' dir='ltr'><strong>alii</strong></span> <span class='ocrx_word' id='word_1_770' title='bbox 2974 5533 3337 5597; x_wconf 85' lang='lat' dir='ltr'><strong>Roscianum</strong></span> <span class='ocrx_word' id='word_1_771' title='bbox 3371 5534 3664 5611; x_wconf 90' lang='lat' dir='ltr'><strong>scribunt,</strong></span> <span class='ocrx_word' id='word_1_772' title='bbox 3703 5535 3872 5617; x_wconf 85' lang='lat' dir='ltr'><strong>prin-</strong></span> 
     </span>
    </p>
   </div>
   <div class='ocr_carea' id='block_1_118' title="bbox 2214 5621 3863 5705">
    <p class='ocr_par' dir='ltr' id='par_1_118' title="bbox 2214 5621 3863 5705">
     <span class='ocr_line' id='line_1_118' title="bbox 2214 5621 3863 5705; baseline 0.001 -19"><span class='ocrx_word' id='word_1_773' title='bbox 2214 5627 2444 5705; x_wconf 89' lang='lat' dir='ltr'><strong>cipatus</strong></span> <span class='ocrx_word' id='word_1_774' title='bbox 2474 5625 2644 5687; x_wconf 90' lang='lat' dir='ltr'><strong>titulo</strong></span> <span class='ocrx_word' id='word_1_775' title='bbox 2695 5633 2755 5687; x_wconf 90' lang='lat' dir='ltr'><strong>et</strong></span> <span class='ocrx_word' id='word_1_776' title='bbox 2804 5621 3304 5705; x_wconf 79' lang='lat' dir='ltr'><strong>arcliiepiscopali</strong></span> <span class='ocrx_word' id='word_1_777' title='bbox 3335 5623 3481 5686; x_wconf 90' lang='lat' dir='ltr'><strong>sede</strong></span> <span class='ocrx_word' id='word_1_778' title='bbox 3511 5624 3863 5705; x_wconf 79' lang='lat' dir='ltr'><strong>insignitum</strong></span> 
     </span>
    </p>
   </div>
   <div class='ocr_carea' id='block_1_119' title="bbox 2216 5711 3867 5796">
    <p class='ocr_par' dir='ltr' id='par_1_119' title="bbox 2216 5711 3867 5796">
     <span class='ocr_line' id='line_1_119' title="bbox 2216 5711 3867 5796; baseline 0.001 -21"><span class='ocrx_word' id='word_1_779' title='bbox 2216 5721 2326 5789; x_wconf 89' lang='lat' dir='ltr'><strong>est,</strong></span> <span class='ocrx_word' id='word_1_780' title='bbox 2360 5713 2658 5796; x_wconf 91' lang='lat' dir='ltr'><strong>distatque</strong></span> <span class='ocrx_word' id='word_1_781' title='bbox 2689 5713 2782 5776; x_wconf 83' lang='lat' dir='ltr'><strong>vix</strong></span> <span class='ocrx_word' id='word_1_782' title='bbox 2812 5715 2850 5776; x_wconf 89' lang='lat'><strong>3</strong></span> <span class='ocrx_word' id='word_1_783' title='bbox 2882 5711 3241 5774; x_wconf 90' lang='lat' dir='ltr'><strong>milliaribus</strong></span> <span class='ocrx_word' id='word_1_784' title='bbox 3269 5712 3344 5776; x_wconf 89' lang='lat' dir='ltr'><strong>ab</strong></span> <span class='ocrx_word' id='word_1_785' title='bbox 3392 5732 3496 5776; x_wconf 91' lang='lat' dir='ltr'><strong>ora</strong></span> <span class='ocrx_word' id='word_1_786' title='bbox 3550 5713 3720 5776; x_wconf 89' lang='lat' dir='ltr'><strong>sinus</strong></span> <span class='ocrx_word' id='word_1_787' title='bbox 3747 5714 3867 5777; x_wconf 89' lang='lat' dir='ltr'><strong>Ta-</strong></span> 
     </span>
    </p>
   </div>
   <div class='ocr_carea' id='block_1_120' title="bbox 473 5799 3865 5895">
    <p class='ocr_par' dir='ltr' id='par_1_120' title="bbox 473 5799 3865 5895">
     <span class='ocr_line' id='line_1_120' title="bbox 473 5799 3865 5895; baseline 0.002 -36"><span class='ocrx_word' id='word_1_788' title='bbox 473 5803 606 5863; x_wconf 87' lang='lat' dir='ltr'><strong>stat.</strong></span> <span class='ocrx_word' id='word_1_789' title='bbox 668 5801 1164 5863; x_wconf 70' lang='lat' dir='ltr'><strong>Bartliolomaaum</strong></span> <span class='ocrx_word' id='word_1_790' title='bbox 1216 5799 1594 5883; x_wconf 86' lang='lat' dir='ltr'><strong>suspicantur</strong></span> <span class='ocrx_word' id='word_1_791' title='bbox 1636 5801 1829 5875; x_wconf 90' lang='lat' dir='ltr'><strong>multi,</strong></span> <span class='ocrx_word' id='word_1_792' title='bbox 1882 5803 2121 5884; x_wconf 86' lang='lat' dir='ltr'><strong>quidam</strong></span> <span class='ocrx_word' id='word_1_793' title='bbox 2210 5802 2454 5867; x_wconf 89' lang='lat' dir='ltr'><strong>rentini.</strong></span> <span class='ocrx_word' id='word_1_794' title='bbox 2481 5803 2690 5885; x_wconf 80' lang='lat' dir='ltr'><strong>Ampln</strong></span> <span class='ocrx_word' id='word_1_795' title='bbox 2717 5811 2776 5864; x_wconf 91' lang='lat' dir='ltr'><strong>et</strong></span> <span class='ocrx_word' id='word_1_796' title='bbox 2791 5801 2974 5884; x_wconf 84' lang='lat' dir='ltr'><strong>probe</strong></span> <span class='ocrx_word' id='word_1_797' title='bbox 3002 5801 3159 5866; x_wconf 85' lang='lat' dir='ltr'><strong>culta</strong></span> <span class='ocrx_word' id='word_1_798' title='bbox 3186 5802 3491 5885; x_wconf 90' lang='lat' dir='ltr'><strong>hodieque</strong></span> <span class='ocrx_word' id='word_1_799' title='bbox 3519 5803 3723 5867; x_wconf 88' lang='lat' dir='ltr'><strong>civitas</strong></span> <span class='ocrx_word' id='word_1_800' title='bbox 3756 5811 3865 5895; x_wconf 45' lang='lat' dir='ltr'><strong>est.</strong></span> 
     </span>
    </p>
   </div>
  </div>
