4182 6458
343 510 417 577 13

341 644 563 707 Saecula
583 666 639 723 χ,
676 646 762 708 uti
795 653 855 708 et
887 643 1156 709 Calabria
1191 643 1467 706 universa
1499 642 1751 724 imperio
1783 642 2002 707 Orien-

345 734 419 796 tis
437 735 634 798 adhuc
668 735 942 818 parebat,
979 742 1223 816 eratque
1255 741 1313 796 et
1344 733 1548 815 lingua
1580 740 1636 795 et
1665 733 1816 795 ritus
1849 734 2004 798 Grae-

344 843 447 886 cus
475 825 536 886 in
574 845 704 887 usn.
732 826 974 908 quando
1005 823 1230 885 ibidem
1264 831 1436 885 natus
1470 831 1560 885 est
1593 822 1654 886 S.
1690 823 1885 886 Nilus.
1921 822 2006 885 De

347 915 693 994 parentibus
725 917 857 994 ejus
905 931 1184 991 annoque
1233 912 1412 974 natali
1467 912 1612 974 nihil
1647 912 2009 975 determina-

347 1002 465 1064 tius
489 1003 712 1083 legitur
761 1004 824 1064 in
854 1001 1009 1064 Vita.
1043 1000 1280 1065 Gabriel
1335 1001 1575 1064 Barrius
1607 1003 1678 1064 de
1705 1004 1914 1082 Antiq.
1951 1009 2008 1063 et

349 1093 470 1154 situ
501 1091 808 1155 Calabria:
853 1091 991 1152 libri
1023 1110 1054 1150 v
1087 1090 1258 1152 initio
1299 1090 1532 1165 scribit,
1585 1092 1646 1153 S.
1702 1091 1903 1154 Nilum
1938 1109 2004 1153 ex

353 1180 658 1243 nobilibus
689 1181 1035 1263 parentibus
1084 1189 1278 1241 ortum
1329 1198 1484 1257 esse,
1516 1188 2007 1261 assertorumque

353 1279 570 1332 testem
619 1271 838 1350 allegat
883 1271 952 1332 Β.
1008 1269 1510 1330 Bartholomaaum
1543 1267 1733 1329 sancti
1765 1267 2007 1348 biogra-

352 1359 570 1441 phum;
599 1367 659 1420 at
684 1359 776 1420 vel
809 1359 1050 1438 vulgare
1082 1365 1172 1419 est
1201 1358 1314 1419 hoc
1376 1355 1581 1418 vitium
1617 1359 2004 1433 scriptorum,

352 1448 455 1530 qui
476 1458 718 1511 sanctos
738 1447 1072 1510 stemmatis
1101 1446 1330 1526 fulgore
1361 1445 1566 1527 quavis
1597 1444 1689 1506 via
1719 1445 2009 1507 decorare

349 1537 647 1612 laborant,
681 1537 772 1598 vel
805 1536 978 1598 aliam
1004 1534 1224 1611 Vitam,
1258 1534 1413 1615 quod
1449 1541 1647 1595 tamen
1678 1533 1773 1595 vix
1803 1533 2006 1608 credo,

351 1645 472 1708 prae
505 1626 695 1688 oculis
726 1624 932 1686 habuit
962 1624 1224 1686 Barrius.
1256 1621 1320 1684 Id
1356 1641 1498 1684 sane
1529 1641 1726 1702 neque
1757 1621 1819 1683 in
1852 1630 2012 1684 textu

351 1714 565 1778 Graeco
598 1733 794 1795 neque
826 1714 884 1775 in
927 1711 1332 1786 versionibus,
1389 1730 1535 1792 quas
1576 1711 1762 1773 habeo
1803 1710 2014 1773 asseri-

353 1813 469 1865 tur.
503 1803 670 1876 Quod
705 1803 776 1864 ad
828 1821 1047 1864 annum
1098 1801 1354 1863 natalem
1405 1800 1642 1875 attinet,
1680 1799 2014 1862 Sciomma-

350 1892 477 1953 rius
509 1891 659 1954 Nota
689 1895 727 1953 8
755 1891 823 1952 ad
859 1893 1049 1952 Vitam
1077 1892 1142 1953 Β.
1171 1888 1588 1951 Bartholomtei
1617 1888 1894 1968 designat
1914 1907 2018 1949 au-

357 2001 502 2041 num
537 1979 757 2042 Christi
787 1980 929 2056 910,
967 1988 1022 2041 et
1052 1988 1258 2042 recte:
1297 1977 1518 2059 quippe
1557 1975 1705 2038 Vitae
1737 1997 1907 2040 num.
1942 1978 2017 2038 87

357 2070 581 2131 dicitur
632 2072 695 2132 S.
747 2068 916 2131 Nilus
975 2068 1194 2130 obiisse
1244 2086 1399 2128 anno
1457 2066 1645 2128 aatatis
1703 2067 1801 2130 95.
1867 2069 2022 2130 Mor-

361 2169 494 2222 tuus
551 2166 750 2220 autem
815 2168 904 2220 est
956 2177 1110 2219 anno
1168 2155 1385 2219 Christi
1454 2157 1608 2220 1005
1659 2175 1675 2231 ;
1750 2155 1913 2217 unde
1972 2153 2022 2216 si

357 2266 547 2310 annos
601 2248 681 2309 95
757 2246 1152 2321 subtraxeris,
1236 2244 1296 2306 in
1373 2263 1593 2306 annum
1673 2246 1794 2308 910
1853 2245 2020 2306 dela-

360 2336 456 2399 be:
479 2337 551 2399 is.

446 2547 502 2608 7.
539 2543 722 2606 Porro
755 2563 978 2606 annum
1033 2544 1250 2608 Christi
1311 2543 1462 2608 1005
1492 2544 1678 2605 sancti
1713 2544 1888 2606 morti
1919 2563 2019 2606 as-

363 2635 658 2714 signatum
691 2653 806 2694 non
841 2633 1128 2695 habemus
1160 2635 1220 2695 in
1252 2633 1407 2714 Vita,
1443 2635 1544 2694 sed
1582 2634 1745 2694 illum
1783 2652 1850 2695 ex
1890 2633 2022 2695 aliis

365 2722 773 2785 monumentis
829 2722 997 2784 bona),
1053 2733 1205 2785 notw
1251 2723 1504 2785 accersit
1571 2721 2019 2786 Sciommarius.

359 2814 535 2874 Juxta
566 2811 771 2872 turrim
807 2813 1076 2874 ecclesia:
1109 2811 2024 2893 CryptaaFerratonsismarmori

365 2900 665 2979 insculpta
722 2907 813 2960 est
870 2901 994 2962 haec
1025 2892 1386 2981 inscriptio:
1455 2892 1746 2977 ’anipvﬁﬂn
1797 2905 1824 2958 ὁ
1873 2902 2022 2980 ἅγιος

367 2989 560 3052 Νεῖλος
611 2989 725 3053 ἔτος
782 2981 1002 3078 ,ςφιγί
1065 3015 1091 3046 α
1126 2988 1580 3052 ObdormivitS.
1640 2987 1812 3050 Nilus
1868 3007 2023 3051 anno

363 3077 550 3140 6513.
585 3104 610 3133 ι
633 3077 796 3138 Idem
821 3097 1012 3139 annus
1037 3077 1296 3140 mortiS.
1333 3078 1445 3139 Nili
1478 3079 1840 3159 assignatur,
1874 3086 2024 3139 teste

368 3165 780 3242 Sciommario,
816 3167 876 3226 in
908 3166 1148 3248 antiquo
1200 3167 1430 3237 codice,
1473 3167 1573 3248 qui
1623 3166 1826 3228 Basilii
1870 3169 2024 3229 Por»

371 3256 742 3336 phyrogeniti
777 3257 1132 3337 appellatur,
1185 3256 1268 3318 uti
1313 3266 1371 3318 et
1418 3257 1480 3318 in
1533 3257 1750 3337 Typico
1783 3255 2024 3336 antiquo

367 3344 435 3406 B.
465 3345 887 3406 Bartholomaei
933 3346 1186 3427 aliisque
1215 3345 1352 3409 Mss.
1401 3345 1833 3408 monumentis.
1868 3348 2024 3408 Eru-

362 3434 486 3495 dite
553 3453 751 3514 porro,
815 3435 1113 3495 variorum
1169 3434 1527 3514 scriptorum
1573 3434 1631 3494 in
1670 3434 1782 3495 hoc
1850 3433 2024 3493 modo

362 3522 753 3603 computandi
796 3524 1087 3602 correptis
1134 3523 1420 3604 lapsibus,
1463 3522 1688 3583 ibidem
1739 3521 2021 3595 ostendit,

365 3630 588 3672 annum
639 3612 841 3672 mundi
891 3612 1232 3674 Graecorum
1285 3631 1450 3674 more
1497 3611 1788 3690 signatum
1842 3612 2023 3684 6513,

369 3719 503 3762 esse
534 3699 938 3778 vulgarisfaerze
964 3701 1141 3765 1005.
1165 3700 1384 3763 Omitto
1416 3708 1786 3779 argumenta,
1812 3698 2026 3780 quibus

369 3790 427 3850 id
483 3788 732 3850 indubie
780 3789 1022 3863 evincit,
1075 3809 1323 3871 quaeque
1372 3789 1526 3869 apud
1587 3789 1781 3870 ipsum
1842 3787 2029 3849 videri

369 3885 641 3960 possunt.
677 3877 923 3940 Interim
959 3880 1253 3961 imprimis
1276 3889 1502 3942 certum
1535 3888 1646 3953 est,
1675 3879 1846 3958 juxta
1877 3878 2030 3938 hanc
2072 3914 2075 3915 ν

368 3966 656 4045 epocham
679 3976 842 4029 recte
855 3968 1432 4050 COIIIbiDﬂI‘LQUKBin
1465 3967 1597 4040 Vita
1629 3968 1702 4029 de
1722 3965 2031 4028 conventis

368 4055 584 4120 Ottone
618 4055 699 4119 ΙΙΙ
733 4059 1089 4137 imperatore
1142 4067 1201 4120 et
1250 4057 1535 4138 Gregorio
1573 4056 1622 4119 V
1658 4056 1940 4135 pontiﬁce
1969 4055 2029 4116 in

361 4165 546 4208 causa
562 4143 813 4208 Joannis
832 4147 1124 4229 antipapa:
1145 4156 1484 4223 narrantur,
1501 4165 1751 4228 quaeque
1769 4153 2033 4226 pugnant

363 4235 525 4317 apud
575 4235 912 4298 Gabrielem
964 4237 1260 4312 Barrium,
1308 4237 1602 4298 Lubinum
1651 4235 1922 4316 aliosque
1967 4233 2030 4296 S.

366 4323 486 4386 Nili
513 4335 765 4388 mortem
783 4326 855 4388 ad
875 4345 1098 4388 annum
1133 4327 1275 4402 980,
1309 4326 1398 4388 vel
1432 4325 1661 4406 aliquot
1690 4326 1868 4386 annis
1898 4331 2036 4386 ante

367 4415 551 4476 ﬁnem
585 4417 785 4477 saeculi
811 4436 845 4477 x
866 4407 1198 4479 referentes
1221 4438 1234 4478 :
1257 4435 1390 4478 cum
1417 4423 1644 4479 certum
1670 4413 1747 4476 sit
1772 4433 1838 4473 ex
1864 4431 2030 4474 num.

369 4505 469 4578 87,
505 4504 1015 4586 Quadragesimali
1047 4516 1316 4586 tempore
1338 4505 1586 4567 Romam
1613 4521 1681 4566 ea
1704 4521 1881 4565 causa
1904 4521 2036 4584 pro-

371 4595 594 4657 fectum
649 4604 944 4671 sanctum,
1000 4596 1180 4678 idque
1232 4615 1388 4658 anno
1437 4595 1579 4669 998,
1613 4601 1678 4654 ut
1730 4592 1916 4670 liquet
1966 4611 2034 4653 ex

371 4684 780 4746 monumentis
809 4704 844 4746 a
874 4685 1200 4748 Muratorio
1232 4685 1293 4746 in
1327 4683 1659 4748 Annalibus
1690 4681 1912 4742 ibidem
1943 4681 2033 4743 al-

369 4772 604 4850 legatis.
639 4773 844 4856 Neque
876 4775 1337 4856 minuslimpide
1356 4771 1684 4837 secundum
1711 4771 2033 4831 chrouota-

365 4862 486 4924 xim
517 4865 708 4925 ﬂuunt
737 4864 872 4926 allia
903 4865 1216 4940 nonnulla,
1249 4882 1377 4946 quae
1411 4861 1567 4924 notis
1595 4857 2036 4938 chronologicis

361 4953 427 5014 in
483 4953 618 5015 Vita
675 4955 1126 5036 circumscripta
1181 4961 1339 5016 sunt.
1404 4951 1651 5026 Quando
1721 4948 1784 5011 S.
1864 4948 2034 5011 Nilus

365 5042 594 5104 mundo
628 5043 930 5125 valedixit,
965 5044 1235 5107 nondum
1268 5042 1605 5124 expleverat
1656 5057 1877 5100 annum
1931 5039 2032 5111 30,

368 5151 542 5195 num.
570 5134 610 5194 6
639 5154 654 5196 :
701 5133 880 5214 igitur
907 5152 1190 5197 accessus
1223 5134 1352 5214 ejus
1382 5133 1454 5194 ad
1507 5129 1830 5190 monachos
1878 5145 2034 5188 anno

367 5221 495 5284 940
522 5223 614 5284 vel
647 5223 922 5305 sequenti
973 5223 1239 5303 contigit.
1296 5220 1560 5283 Numero
1589 5219 1736 5279 Vitae
1785 5216 1864 5280 ‘20
1895 5215 2033 5305 Steg-

372 5311 658 5393 phanusc
691 5303 1042 5375 adolescens
1072 5330 1362 5374 annorum
1413 5310 1536 5371 fere
1583 5305 1788 5387 viginti
1837 5303 2040 5384 junxit

372 5419 440 5462 se
471 5399 537 5464 S.
562 5401 715 5477 Nilo,
749 5402 904 5482 quod
939 5402 1185 5482 conligit
1215 5401 1393 5481 hujus
1413 5398 1675 5461 altero...
1702 5395 1761 5455 in
1795 5393 2038 5475 spelun-

372 5507 507 5551 cam
532 5489 886 5552 secessionis
915 5510 1094 5552 anno.
1135 5515 1158 5548 ο
1201 5509 1367 5552 num.
1397 5487 1474 5549 2'1
1500 5486 1835 5566 Stephanus
1867 5501 2034 5544 num.

369 5578 451 5642 94
474 5578 938 5662 septuageuario
974 5578 1166 5660 major
1187 5577 1460 5640 laborare
1490 5575 1702 5636 solitus
1732 5572 1914 5633 fuisse
1939 5570 2035 5631 di-

375 5666 555 5730 citur.
586 5666 951 5749 Stephanum
1004 5681 1302 5731 mortuum
1334 5665 1446 5728 sub
1480 5662 1758 5726 eumdem
1789 5677 2034 5734 annum,

376 5776 493 5839 quo
524 5754 658 5820 Otto
689 5757 766 5822 III
799 5759 1106 5840 inperator
1142 5756 1422 5829 decessit,
1479 5753 1671 5835 liquet
1696 5749 1924 5814 ibidem
1969 5766 2039 5810 ex

376 5845 686 5926 adjunctis.
724 5847 970 5912 Ottonis
1015 5845 1212 5909 obitus
1265 5864 1422 5909 anno
1468 5842 1620 5908 1001
1656 5841 2040 5918 consignatus

379 5943 503 5998 est:
537 5935 694 6001 circa
720 5937 900 6002 illum
931 5936 1148 6000 abierit
1175 5935 1558 6018 Stephanus;
1591 5928 1869 6012 ejusdem
1917 5944 2040 5990 mo-

1577 507 1762 578 VITA
1805 512 1864 575 S.
1913 511 2080 576 NILI
2120 509 2494 577 JUNIORIS.

3683 513 3751 577 14

2085 645 2327 708 nasticze
2355 645 2491 708 vitae
2521 644 2692 708 initia
2719 644 2880 708 circa
2908 661 3128 707 annum
3163 644 3282 710 945
3313 645 3412 725 ﬁgi
3447 654 3746 728 poterunt,

2086 733 2340 796 Rursum
2363 754 2530 798 num.
2551 737 2631 798 95
2648 733 3071 796 monasterium
3092 732 3388 816 Serperis,
3419 757 3439 791 α
3461 735 3650 818 inquo
3673 735 3745 798 ad

2086 841 2273 885 annos
2322 827 2396 886 10
2447 823 2834 886 monasticam
2888 822 3124 885 duxerit
3167 825 3373 907 vitam,
3415 849 3443 882 ››
3481 824 3748 888 deseruit

2088 911 2148 975 S.
2179 912 2346 975 Nilus
2374 923 2431 976 et
2463 914 2696 976 duobus
2727 920 2855 994 post
2885 912 3190 975 mensibus
3241 933 3405 975 num.
3463 916 3543 978 97
3574 914 3744 977 obiit.

2087 1001 2169 1063 Eo
2203 1001 2386 1080 igitur
2414 1003 2734 1065 accesserit
2779 1021 2934 1064 anno
2965 1001 3083 1065 994
3133 1002 3224 1066 vel
3256 1004 3554 1085 sequenti.
3611 1004 3737 1067 Nu-

2089 1109 2254 1152 mero
2288 1093 2363 1154 86
2395 1092 2455 1153 in
2506 1091 2832 1154 Vallelucio
2874 1090 2991 1170 egit
3042 1089 3384 1172 quindecim
3417 1111 3628 1173 annos,
3663 1091 3737 1155 ab

2088 1179 2371 1258 Aligerno
2401 1179 2742 1242 Cassinensi
2772 1179 2984 1242 abbate
3008 1178 3070 1240 in
3099 1179 3246 1242 illud
3267 1180 3563 1243 admissus
3580 1200 3746 1246 num.

2088 1269 2188 1344 62,
2221 1269 2478 1331 deducto
2526 1277 2832 1350 computu,
2885 1267 2996 1331 sub
3033 1287 3256 1331 annum
3287 1272 3429 1346 9'78,
3464 1289 3581 1352 quo
3613 1271 3743 1332 Ali-

2089 1377 2311 1437 gernus
2359 1358 2573 1439 agebat
2600 1358 2849 1420 abbatiae
2877 1357 2979 1438 99,
3013 1356 3114 1439 qui
3144 1365 3420 1422 mortuus
3440 1367 3550 1442 est,
3584 1377 3742 1422 asse-

2089 1455 2260 1508 rente
2290 1447 2634 1524 Mabillone,
2671 1465 2828 1509 anno
2859 1445 3002 1509 986.

2173 1601 2230 1662 8.
2253 1601 2555 1664 Hincanni
2583 1603 2614 1663 '7
2639 1600 2863 1664 residui
2891 1605 3034 1662 sunt
3062 1599 3332 1664 locandis
3357 1601 3453 1678 iis,
3483 1619 3614 1684 quae
3638 1602 3749 1666 sub

2093 1690 2723 1769 Aligernisuccessore
2736 1708 2900 1752 num.
2929 1690 3010 1752 84
3029 1697 3088 1752 et
3111 1691 3504 1770 sequentibus
3525 1691 3746 1755 ibidem

2092 1781 2155 1842 S.
2206 1779 2337 1841 Nilo
2377 1781 2698 1860 contigisse
2721 1787 3061 1860 narrantur,
3094 1779 3178 1842 uti
3210 1788 3270 1843 et
3293 1779 3612 1861 quaerendo
3655 1781 3755 1843 alii

2097 1867 2360 1930 solitario
2384 1869 2515 1931 loco
2537 1869 2963 1949 migrandoque
2980 1868 3051 1930 ad
3079 1869 3508 1932 monasterium
3531 1867 3753 1950 Serpe-

2097 1957 2214 2020 ris:
2249 1967 2424 2040 atque
2479 1957 2564 2020 sic.
2613 1959 2885 2021 ordinate
2927 1955 3349 2022 combinantur
3375 1958 3597 2019 omnia.
3630 1957 3752 2022 Ob-

2102 2056 2299 2108 servat
2329 2065 2505 2128 porro
2547 2045 2976 2109 Sciommarius
3016 2063 3170 2126 saepe
3196 2046 3468 2108 laudatus
3496 2049 3649 2111 Nota
3677 2050 3754 2110 18

2101 2136 2171 2196 ad
2207 2137 2378 2197 vitam
2439 2138 2507 2199 B.
2546 2135 2983 2212 Bartholomaei,
3031 2143 3295 2198 sanctum
3348 2135 3411 2197 in
3457 2134 3754 2218 baptismo

2101 2223 2410 2286 Nicolaum
2464 2225 2645 2287 fuisse
2698 2223 3091 2286 nominatum.
3145 2222 3353 2285 Clarus
3392 2223 3575 2286 estin
3608 2227 3758 2288 hanc

2102 2334 2226 2376 rezn
2260 2315 2426 2376 locus
2459 2315 2752 2378 Pancratii
2804 2313 2867 2374 in
2917 2313 3294 2392 Panegyrico;
3325 2313 3612 2377 dicentis:
3648 2318 3757 2384 Τὴν

2103 2408 2269 2480 μονὴν
2328 2411 2426 2473 τῆς
2499 2403 2904 2484 Κρυπτοφέῤῥης
2975 2401 3340 2479 ἆπαρξαμένου
3414 2413 3506 2462 τοῦ
3581 2406 3756 2483 μεγά-

2101 2493 2194 2551 λω)
2243 2494 2501 2554 Νικολάου
2531 2506 2627 2554 τοῦ
2675 2497 2761 2550 καὶ
2802 2491 2981 2556 Ns.ro
3027 2493 3301 2568 μόνοννος.
3343 2510 3373 2551 α
3403 2489 3550 2554 Cum
3586 2493 3760 2574 prin-

2102 2583 2320 2663 cipium
2339 2583 2602 2644 dedisset
2616 2580 2976 2643 monasterio
2995 2578 3223 2661 Cryptae
3242 2581 3495 2643 Ferratae
3509 2601 3758 2661 magnus

2103 2670 2398 2743 Nicolaus,
2437 2671 2538 2752 qui
2569 2669 2815 2733 etNilus
2845 2670 3063 2749 solum,
3084 2690 3112 2728 »
3143 2669 3392 2742 scilicet,
3427 2671 3762 2750 appellatus

2103 2768 2216 2834 est,
2251 2760 2398 2821 Nota
2458 2760 2526 2823 13
2578 2760 2827 2834 dixerat,
2880 2759 2941 2819 in
2990 2757 3201 2820 ordine
3249 2756 3312 2821 S.
3360 2758 3588 2839 Basilii,
3623 2778 3756 2820 cum

2104 2849 2368 2910 habitum
2412 2849 2544 2930 quis
2575 2848 2792 2924 induit,
2825 2865 3041 2908 nomen
3077 2847 3292 2908 mutari
3323 2847 3553 2922 solere;
3586 2855 3763 2928 atque

2103 2939 2183 2998 ita
2212 2941 2273 3000 S.
2311 2937 2540 3000 Nicolai
2575 2956 2796 2999 nomen
2828 2936 2890 2998 in
2921 2933 3140 3008 Nilum,
3179 2935 3246 2998 B.
3281 2935 3483 2997 Basilii
3515 2935 3576 2998 in
3606 2937 3758 2999 Bar—

2103 3027 2478 3088 tholomaeum
2502 3035 2786 3087 mutatura
2821 3025 3020 3086 fuisse.
3065 3023 3203 3096 Quae
3234 3023 3306 3084 ad
3339 3023 3756 3087 educationem

2105 3115 2236 3194 ejus
2260 3129 2315 3176 et
2351 3115 2812 3186 adolescentiam
2848 3121 3115 3175 exactam
3138 3121 3430 3193 spectant,
3467 3112 3759 3195 quaepiam

2103 3203 2165 3264 in
2198 3203 2328 3265 Vita
2353 3204 2718 3266 referuntur.
2752 3200 3158 3264 Barroniusin
3190 3201 3522 3263 Annalibus
3555 3202 3630 3263 ad
3661 3221 3766 3264 an-

2105 3311 2247 3354 num
2282 3293 2501 3356 Christi
2531 3294 2672 3374 976,
2708 3311 2872 3354 num.
2907 3289 2968 3367 2,
3002 3289 3089 3352 sic
3119 3290 3327 3352 scribit
3355 3308 3425 3352 ex
3453 3290 3610 3352 Metii
3640 3309 3769 3352 ver-

2105 3382 2297 3459 sioue,
2323 3401 2498 3462 quam
2523 3388 2726 3443 secum
2752 3377 3252 3443 communicatam
3283 3379 3512 3440 dixerat
3538 3398 3551 3439 :
3586 3399 3614 3438 «
3632 3379 3769 3440 Fuit

2105 3471 2272 3532 Nilus
2301 3471 2410 3534 iste
2459 3472 2532 3533 ab
2567 3471 2800 3550 origine
2853 3467 3343 3544 Graeca,Rossaui
3392 3467 3454 3528 in
3495 3467 3771 3529 Calabria

2106 3561 2342 3622 civitate
2372 3569 2566 3630 natus,
2623 3559 2896 3620 doctrina
2927 3564 3102 3637 atque
3135 3555 3352 3636 pietate
3385 3554 3656 3635 insignis,
3691 3558 3765 3618 ab

2113 3649 2361 3710 infantia
2405 3649 2509 3712 Dei
2541 3648 2733 3710 cultor
2768 3647 3018 3709 eximius
3063 3655 3123 3706 et
3153 3655 3286 3725 post
3321 3644 3766 3708 matrimonium

2114 3737 2296 3799 vitam
2349 3737 2734 3799 monasticam
2786 3743 3066 3797 sectatus.
3123 3758 3150 3789 »
3199 3731 3422 3795 Eadem
3465 3733 3540 3795 de
3582 3733 3772 3795 sancti

2117 3826 2492 3889 matrimonio
2544 3826 2766 3888 habent
2812 3823 3024 3888 Surius
3073 3830 3131 3885 et
3175 3821 3456 3884 Bailletus
3505 3821 3576 3884 ad
3609 3822 3770 3884 hunc

2115 3915 2300 3979 diem.
2334 3914 2567 3990 Nescio,
2604 3934 2677 3976 an
2709 3914 2942 3976 diversa
2987 3913 3048 3974 in
3084 3932 3154 3974 eo
3203 3910 3382 3973 fuerit
3415 3909 3580 3974 Metii
3629 3927 3770 3972 ver-

2117 4005 2238 4087 sio;
2289 4015 2347 4068 at
2377 4004 2429 4067 si
2458 4004 2637 4067 habet
2670 4003 2889 4066 similia
2919 4002 3059 4078 illis,
3114 4019 3244 4082 quae
3271 3999 3331 4060 in
3362 3997 3494 4062 Vita
3540 3998 3778 4062 edenda

2118 4114 2251 4175 cap.
2285 4097 2341 4170 1,
2371 4114 2533 4156 num.
2563 4094 2597 4158 3
2630 4103 2687 4156 et
2710 4113 2864 4173 seq.,
2891 4099 3230 4160 narrantur,
3259 4093 3388 4150 utut
3416 4088 3626 4150 durum
3661 4095 3775 4167 est,

2120 4191 2360 4245 sanctos
2404 4186 2662 4262 gravium
2708 4199 2993 4244 noxarum
3045 4185 3358 4259 suSpectos
3400 4176 3679 4250 reddere,
3728 4175 3781 4237 si

2118 4271 2352 4334 veritati
2399 4272 2689 4332 litandum
2743 4276 2854 4343 est,
2908 4267 3149 4330 difﬁteri
3188 4283 3624 4346 nonxpossum,
3660 4271 3776 4325 tam

2119 4363 2326 4424 saltem
2360 4362 2609 4423 dubium
2643 4379 2795 4434 esse,
2832 4378 2905 4420 an
2930 4356 3257 4436 legitimum
3279 4353 3779 4417 fueritcommer—

2121 4451 2274 4513 cium
2310 4451 2476 4526 illud,
2536 4459 2596 4511 ut
2648 4449 2890 4510 minime
2938 4454 3098 4509 certo
3143 4442 3584 4506 matrimonium
3641 4441 3782 4502 inde

2121 4539 2251 4602 erui
2313 4539 2517 4621 possit.
2564 4538 2939 4601 Contrarium
3013 4553 3161 4596 sane
3235 4532 3466 4595 censuit
3503 4529 3781 4621 ‘GAabriel

2120 4617 2382 4699 Barrius,
2410 4628 2547 4689 dum
2578 4628 2679 4688 lib.
2709 4645 2739 4686 v
2765 4626 2836 4689 de
2856 4624 3243 4703 Anliquitate
3269 4627 3460 4683 etsitu
3483 4617 3784 4682 Calabria:

2120 4719 2194 4780 de
2238 4718 2299 4782 S.
2366 4717 2498 4780 Nilo
2570 4726 2770 4779 nostro
2841 4713 3082 4777 scribit:
3148 4732 3178 4771 (ί
3253 4709 3398 4772 Inde
3459 4727 3601 4770 vero
3658 4708 3784 4786 jam

2121 4808 2385 4870 exoletus
2435 4807 2723 4869 damonis
2771 4822 2978 4886 opera,
3033 4819 3167 4863 cum
3215 4798 3448 4879 virgine
3506 4796 3783 4886 quapiam

2119 4897 2462 4974 concubuit,
2501 4885 2892 4977 ﬁliamqueex
2925 4911 2995 4954 ea
3024 4888 3308 4970 suscepit.
3343 4888 3639 4977 Gmtertlm
3673 4885 3786 4977 de-

2119 4987 2260 5048 inde
2310 4986 2676 5065 resipiscens
2703 4974 2799 5046 'ac
2855 5002 2920 5045 se
2952 4978 3277 5062 perpetrati
3310 4975 3556 5065 deliquii
3590 4974 3787 5054 poeni-

2123 5085 2273 5150 tens,
2337 5063 2547 5144 mundi
2603 5074 3041 5137 oblectamenta
3095 5086 3168 5130 ac
3216 5064 3452 5129 divitias
3500 5063 3786 5126 deserere

2119 5167 2349 5228 statuit.

2199 5309 2262 5370 9.
2287 5306 2532 5382 Verum,
2549 5305 2700 5368 sicut
2717 5297 3164 5364 matrimonium
3184 5303 3346 5360 certo
3369 5301 3645 5356 astruere
3667 5310 3788 5354 non

2123 5415 2389 5478 possum,
2425 5400 2510 5458 sic
2541 5413 2654 5456 nec
2684 5401 2800 5454 tam
2833 5389 3020 5478 crude
3052 5405 3119 5449 ac
3149 5384 3487 5478 decretorie
3510 5391 3790 5478 sanctum

2123 5474 2530 5547 fornicationis
2547 5500 2798 5562 arguere
2827 5477 3046 5552 ausim;
3071 5483 3208 5537 sunt
3238 5474 3398 5537 enim
3434 5477 3793 5562 exutraque

2126 5582 2292 5654 parte
2341 5558 2645 5647 nonnulla,
2674 5587 2805 5651 quae
2849 5585 2975 5629 rem
3029 5562 3364 5654 ambiguam
3414 5558 3789 5654 relinquunt.

2123 5646 2200 5725 Et
2221 5680 2325 5744 pro
2346 5646 2722 5723 matrimonio
2755 5655 2998 5746 quidem
3033 5653 3232 5746 facere
3260 5651 3496 5746 videtur
3524 5646 3796 5746 studiosa

2126 5738 2447 5832 descriptio
2474 5749 2705 5832 puellae,
2737 5738 3052 5828 quaeinter
3081 5741 3229 5804 alias
3261 5738 3796 5832 matrimonioAnon

2127 5819 2432 5921 copulatas
2461 5819 2592 5920 ejus
2621 5819 2860 5900 amores
2889 5841 3184 5914 aucupata
3209 5835 3303 5892 est
3331 5835 3391 5891 et
3420 5825 3591 5921 fi_xit._
3623 5819 3796 5921 Quod

2129 5906 2363 5994 scilicet
2427 5906 2871 6011 pulchritudine
2912 5906 3166 5985 cunctas
3212 5913 3624 5989 antecelleret,
3684 5906 3796 5974 sed
