4182 6430
458 445 533 515 15
1983 451 2101 519 ΑΝ(

2189 445 2340 518 ΎΜΙ
3772 449 3850 518 16

452 580 704 647 obscuro
734 582 867 649 loco
898 592 1035 651 nata
1064 593 1244 652 esset.
1270 581 1505 650 Etenim
1537 587 1587 649 si
1618 586 1694 649 de
1710 586 2101 651 concubinam

451 670 722 753 illegitim
752 693 884 757 ~que
914 678 1274 741 commercio
1308 686 1532 739 tantum
1565 677 1869 757 agebatur,
1898 695 2101 757 supcr-

452 761 573 824 ﬂua
602 780 748 827 sane
779 764 966 828 videri
999 771 1233 845 poterat
1262 764 1694 828 animadversio
1725 766 1799 826 de
1829 764 2100 826 obscuri-

455 856 574 913 tate
603 852 866 931 generis,
916 873 1049 916 cum
1073 874 1192 917 non
1223 856 1453 918 soleant
1476 853 1822 935 hujusmodi
1855 872 2104 915 veneres

450 926 691 1017 generis
746 926 1011 1006 claritate
1067 943 1408 1024 splendere.
1470 926 1738 1025 Denique
1801 942 2104 1005 videretur

449 1026 626 1108 plane
654 1028 738 1092 ibi
770 1031 1216 1095 matrimonium
1264 1051 1400 1096 cum
1453 1031 1699 1113 imparis
1746 1030 2104 1094 conditionis

451 1133 709 1196 persona
735 1117 1019 1193 describi,
1072 1120 1186 1182 nisi
1232 1120 1629 1183 reclamarent
1673 1120 1913 1182 aliunde
1963 1119 2099 1183 alia.

451 1204 614 1269 Mitto
661 1206 820 1271 inter
867 1208 969 1272 illa
1015 1228 1332 1272 recensi-re
1395 1210 1713 1271 invectivas
1760 1207 2103 1290 expressin-

452 1312 677 1377 nesque
706 1295 983 1360 duriores
1013 1298 1363 1380 biographi;
1396 1298 1531 1360 novi
1563 1298 1748 1380 enim,
1783 1297 2104 1378 simpliciu-

447 1399 548 1445 rcs
588 1385 912 1448 monachos
951 1386 1236 1449 castitatis
1269 1388 1560 1449 zelatores
1591 1386 1861 1459 eximius,
1910 1407 2102 1467 quau-

447 1470 643 1553 doque
665 1473 886 1537 similia
916 1475 1296 1539 matrimonio
1329 1475 1624 1556 licitisque
1655 1474 1892 1536 aliunde
1923 1493 2104 1536 saecu-

446 1558 659 1623 larium
688 1561 1098 1645 voluptatibus
1120 1564 1321 1627 amare
1355 1585 1372 1638 ;
1400 1564 1527 1626 sola
1541 1565 1727 1626 sancti
1754 1569 1905 1644 luga,
1933 1573 2104 1645 prout

448 1664 484 1708 a
510 1645 837 1732 biographo
851 1651 1232 1727 describitur,
1267 1653 1504 1733 suﬂicit,
1543 1661 1603 1714 ut
1624 1651 1906 1715 mihirem
1924 1661 2100 1714 tutam

445 1734 687 1800 dubiam
716 1740 948 1801 reddat.
985 1739 1057 1802 Et
1100 1760 1269 1812 sane,
1320 1742 1368 1802 si
1401 1741 1735 1821 legiimum
1790 1741 2098 1802 matrimo-

446 1824 610 1886 nium
643 1825 774 1903 fuit,
809 1846 923 1889 non
959 1828 1178 1891 licebat
1208 1827 1270 1895 S.
1322 1829 1480 1904 Nilo,
1514 1829 1722 1891 relicta
1773 1838 2100 1911 comparle,

445 1912 655 1990 fugere
687 1923 747 1977 et
795 1916 1205 1979 monachalem
1253 1917 1426 1980 vitam
1475 1918 1776 1998 amplecti,
1830 1919 1932 1981 illa
1984 1938 2101 1981 non

446 2003 888 2067 consentiente.
960 2006 1352 2070 Consensisse
1420 2016 1642 2081 autem,
1715 2008 1803 2069 th
1873 2027 1905 2069 e
1959 2009 2103 2069 vivis

433 2089 564 2169 jam
618 2095 973 2170 excessis-e,
1008 2094 1168 2177 quod
1218 2095 1576 2173 decretorie,
1631 2096 1762 2160 sine
1814 2106 1962 2159 teste
2012 2106 2095 2158 ta-

449 2196 609 2255 men,
670 2182 887 2245 asserit
960 2182 1274 2261 Bailletus,
1356 2185 1506 2247 nihil
1579 2186 1826 2250 omnino
1893 2190 2101 2249 suadet

445 2266 718 2347 caedere,
746 2270 867 2333 imo
898 2271 1094 2353 potius
1116 2272 1481 2336 contrarium
1514 2272 1806 2337 innuitur.

528 2355 624 2420 lO.
659 2356 845 2438 Igitur
872 2378 969 2422 res
1004 2360 1066 2423 in
1115 2361 1394 2442 ambiguo
1436 2360 1537 2425 sit:
1567 2362 1835 2445 quamvis
1859 2364 2099 2427 dimteri

444 2461 562 2533 non
584 2446 808 2527 possim
845 2452 1131 2533 majorem
1164 2469 1356 2514 meam
1391 2470 1525 2514 es<e
1545 2451 1620 2514 de
1645 2472 1762 2515 non
1798 2454 2101 2516 matr-imu-

443 2532 542 2596 nio
572 2535 1003 2620 suscipionem.
1035 2537 1204 2604 Nunc
1234 2559 1419 2624 pauca
1458 2550 1777 2623 supersunt
1819 2543 1893 2606 de
1920 2543 2095 2605 insti-

2192 593 2314 648 tuta
2341 606 2376 649 a
2405 584 2468 650 S.
2515 583 2646 648 Nilo
2695 585 3328 668 Cryptae-Fernatensis
3372 585 3629 660 abbatia,
3676 587 3846 668 cujus

2187 675 2358 737 initia
2403 685 2462 738 et
2509 675 2942 754 fundationem,
2995 683 3058 737 ut
3098 675 3228 755 jam
3288 675 3565 756 superius
3615 676 3844 753 monui,

2187 764 2425 845 quidam
2487 764 2677 825 serius
2720 763 2930 844 ﬁgunt.
2987 762 3197 828 Pauca.
3246 763 3515 845 inquam,
3564 764 3843 845 quoniam

2186 853 2453 934 quisquis
2504 852 2649 915 Vitae
2689 852 2938 916 edendae
2986 852 3099 914 tria
3150 852 3355 915 ultima
3405 853 3599 933 capita
3645 860 3841 915 atten-

2187 941 2301 1003 tius
2359 940 2698 1022 perlegerit,
2752 941 3226 1005 luculentissima
3276 942 3617 1025 perspiciet,
3692 942 3744 1004 si
3775 943 3841 1003 Β.

2189 1031 2614 1092 Bartholomaao
2644 1029 3025 1093 celeberrimi
3059 1031 3408 1093 monasterii
3440 1031 3725 1112 perfectio
3745 1029 3846 1092 dc-

2189 1119 2415 1190 bcatur,
2444 1129 2644 1182 sancto
2667 1127 2830 1182 certe
2863 1129 3065 1182 nostro
3099 1119 3457 1201 principium
3488 1120 3617 1199 ejus
3646 1118 3839 1181 ascri—

2190 1208 2451 1271 bendum
2512 1227 2643 1271 esse
2724 1208 3000 1273 Testatur
3042 1210 3098 1271 id
3151 1209 3399 1290 insuper
3445 1208 3844 1289 apertissimis

2187 1296 2384 1359 verbis
2432 1296 2775 1360 Pancratius
2818 1316 2995 1378 supra
3029 1316 3194 1361 num.
3228 1298 3267 1361 8
3297 1296 3566 1359 laudatus
3598 1298 3845 1379 ipseque

2189 1389 2232 1449 B
2319 1386 2783 1449 Bartholomaaus
2850 1386 2911 1448 in
2984 1385 3205 1467 Typico
3279 1406 3411 1460 suo,
3485 1387 3637 1466 quod
3705 1386 3847 1448 citat

2187 1473 2611 1539 Sciommarius
2663 1473 3059 1540 Nota18.Ihi
3105 1476 3191 1536 sic
3224 1474 3439 1554 legitur
3486 1475 3583 1537 die
3613 1475 3690 1538 25
3732 1473 3843 1554 Se:

2188 1563 2514 1645 ptembris:
2573 1574 2670 1622 Δεῖ
2725 1566 3026 1643 γινώσκειν,
3063 1561 3142 1621 ὅτι
3203 1551 3387 1632 ἐπειδὴ
3449 1565 3523 1628 εἷς
3578 1565 3677 1634 τήν
3732 1551 3850 1638 κζ’

2187 1652 2529 1729 ἐπιτελοῦμεν
2576 1655 2676 1721 τὴν
2716 1662 2808 1713 τοῦ
2855 1653 3293 1732 πρωτοκτήτορος
3346 1658 3446 1720 τῆς
3496 1657 3664 1729 μονῆς
3699 1654 3843 1728 μνή-

2187 1765 2293 1819 μην
2339 1744 2543 1820 Πατρὸς
2598 1743 2753 1817 ἡμῶν
2813 1741 3020 1804 Νεέλου.
3075 1765 3101 1796 α
3156 1738 3477 1803 Sciendum
3527 1748 3637 1813 est,
3681 1739 3842 1821 quod

2187 1829 2265 1895 26
2313 1829 2411 1892 die
2461 1828 2833 1891 celebremus
2888 1828 3232 1891 memoriam
3286 1828 3460 1910 primi
3510 1828 3843 1891 fundatoris

2188 1917 2558 1992 monasterii,
2613 1917 2799 1979 Patris
2843 1916 3033 1978 ηοεπί
3083 1915 3224 1981 Nili.
3289 1941 3311 1974 υ
3362 1916 3553 1998 Atque
3596 1918 3720 1978 haec
3769 1916 3840 1978 ad

2185 2007 2596 2069 stabiliendam
2657 2006 2922 2079 Baronii,
2977 2006 3235 2087 primum
3288 2004 3564 2070 abbatem
3608 2007 3845 2087 Cryptae

2185 2096 2440 2159 Ferratae
2470 2105 2737 2158 sanctum
2784 2104 3051 2156 nostrum
3100 2093 3478 2176 appellantis,
3525 2094 3845 2156 annuntia-

2186 2186 2407 2247 tionem
2440 2184 2764 2246 sufﬁciunt.
2798 2187 3090 2246 Caeterum
3144 2203 3215 2245 ex
3248 2183 3675 2259 monumentis,
3710 2201 3843 2263 quae

2183 2275 2244 2337 in
2278 2274 2437 2337 Latio
2467 2294 2575 2335 suo
2610 2293 2739 2354 cup.
2794 2278 2855 2334 2.
2928 2292 3060 2353 pag.
3116 2272 3215 2345 61,
3250 2271 3462 2350 allegat
3489 2271 3839 2347 Kircherus,

2183 2364 2420 2427 videtur
2451 2362 2803 2425 mulieribus
2834 2382 2947 2423 nm
2983 2369 3185 2441 patere
3215 2377 3493 2421 accessus
3524 2359 3594 2420 ad
3630 2360 3833 2440 capel-

2183 2452 2323 2534 lam,
2339 2450 2441 2514 ubi
2459 2449 2641 2514 S.Nili
2657 2459 2718 2513 et
2741 2453 2804 2513 B.
2834 2447 3252 2512 Bartbolomaai
3275 2465 3525 2528 corpora
3545 2447 3843 2531 hodieque

2182 2541 2455 2623 deposita
2484 2547 2622 2602 sunt
2650 2547 2708 2602 et
2735 2555 2972 2601 summa
3000 2536 3384 2600 veneratione
3417 2536 3717 2598 coluntur.

1245 2902 1654 3033 ΒΙΟΣ
1760 2903 2063 3034 ΚΑΙ
2173 2894 3048 3035 ΠΟΛΙΤΕΙΑ

1681 3166 1811 3216 ΤΟΥ
1854 3166 2052 3218 ΟΣΙΟΥ
2098 3167 2214 3219 ΚΑΙ
2260 3164 2613 3218 ΘΕΟΦΟΡΟΓ

682 3358 1633 3528 ΠΑΤΡΟΣ
1804 3362 2482 3532 ΗΜΩΝ
2586 3337 3614 3526 ΝΕΙΔΟΥ

1408 3802 1691 3918 ἮΤΑ
1786 3806 1937 3919 ΕΤ
2021 3803 2868 3924 CONVERSA'FIO

1756 4023 2034 4090 SANGTI
2079 4025 2179 4090 ET
2223 4026 2538 4091 DEIFERI

994 4213 1770 4442 PATRIS
1903 4219 2695 4445 NOSTBI
2825 4217 3281 4445 NILI

597 4554 869 4616 Auctore
898 4549 1107 4614 Sancti
1156 4550 1491 4633 discipulo,
1525 4552 1684 4618 forte
1733 4554 1800 4636 Β,
1835 4556 2334 4639 Bartholomzeo;
2369 4557 2613 4622 editore
2644 4561 2708 4622 et
2743 4556 3090 4638 interprete
3117 4557 3358 4621 Joanne
3385 4554 3680 4620 Matthaeo

1511 4662 1903 4745 Caryophilo,
1939 4662 2427 4746 archiepiscopo
2456 4661 2794 4729 Iconiensi.

1970 4975 2224 5039 CAPUT
2269 4974 2320 5039 Ι.

441 5102 750 5166 Nascitur
774 5100 842 5165 S.
879 5099 1090 5187 Nilaca,
1116 5101 1552 5187 geipara'qae
1580 5103 1876 5183 offertur.
1912 5104 2227 5185 Magnum
2248 5107 2325 5169 in
2355 5105 2505 5187 ipsa
2531 5101 2963 5187 adolescentia
2993 5101 3071 5163 in
3095 5098 3454 5187 virtutibus
3478 5105 3539 5163 et
3556 5097 3846 5187 εοίεηιὶἱε

435 5200 851 5263 progressum
885 5179 1086 5261 facit.
1116 5179 1325 5244 Variis
1378 5179 1739 5247 allazm'c'mc
1790 5179 2255 5250 tmtatfonibas
2278 5179 2649 5268 appetitu/1‘,
2683 5184 2892 5264 iisque
2929 5182 3286 5264 swperatis,
3326 5180 3406 5261 ﬁt
3449 5179 3840 5243 monachus.

522 5318 578 5377 1.
612 5310 813 5377 Gratia
843 5311 1077 5374 Domini
1110 5313 1299 5375 nostri
1325 5311 1468 5376 Jesu
1502 5315 1723 5379 Christi
1755 5327 1816 5379 et
1840 5316 2099 5379 charitas

2262 5307 2339 5380 α’.
2375 5306 2438 5377 Ἠ
2473 5318 2632 5399 χάρις
2661 5327 2755 5378 τοῦ
2800 5318 2987 5399 Κυρίου
3034 5319 3190 5394 suav
3240 5303 3416 5383 Ἰησοῦ
3462 5321 3708 5395 Χριστοῦ,
3743 5314 3833 5371 καὶ

437 5402 548 5467 Dei
565 5399 1096 5463 etcommunicatio
1114 5401 1578 5484 sanctiSpiri-us
1606 5404 1852 5485 (bonum
1878 5406 2099 5486 quippe

2189 5409 2213 5477 ἡ
2253 5408 2436 5487 ἀγάπη
2487 5418 2581 5468 τοῦ
2628 5415 2759 5469 Θεοῦ
2805 5409 2895 5466 καὶ
2943 5409 3175 5487 Πατρὸς,
3224 5406 3314 5461 καὶ
3364 5406 3400 5473 ἡ
3452 5404 3700 5461 κοινωνία
3748 5412 3845 5463 τοῦ

438 5500 530 5555 est
570 5499 630 5579 et
679 5488 939 5579 ordiriia
966 5489 1090 5552 Deo
1123 5500 1181 5552 et
1209 5490 1270 5552 in
1302 5491 1487 5554 Deum
1521 5493 1817 5563 desinere)
1850 5495 1928 5556 sit
1958 5511 2092 5558 cum

2189 5498 2328 5576 ὶγὶου
2378 5497 2685 5574 Πνεύμσιτος
2732 5495 2921 5579 (καλὸν
2971 5497 3073 5577 γὰρ
3126 5494 3186 5552 ἐκ
3236 5503 3368 5554 Θεοῦ
3415 5492 3696 5575 ἄρχεσθαι,
3753 5493 3846 5550 καὶ

436 5578 714 5643 omnibus
732 5578 997 5641 studiose
1018 5578 1401 5643 audientibus
1424 5590 1479 5642 et
1494 5602 1627 5643 cum
1654 5583 1946 5647 tenuitate
1962 5602 2096 5646 mea

2189 5607 2253 5650 εις
2308 5587 2437 5645 Θεὸν
2492 5578 2840 5667 καταλήγειν)
2888 5585 2981 5653 εἴη
3031 5585 3167 5661 μετὰ
3213 5584 3425 5640 πάντων
3472 5589 3578 5641 τῶν
3609 5580 3842 5664 φιλοπό-

434 5667 773 5757 mentisque
788 5667 1579 5757 paupertate_,_quiaudacter
1608 5671 1920 5733 historiam
1952 5669 2101 5735 Vitae

2189 5696 2293 5740 νως
2337 5675 2709 5757 ἀκροωμένων,
2769 5675 2858 5732 καὶ
2916 5674 3052 5752 μετὰ
3104 5679 3206 5743 τῆς
3255 5672 3393 5749 ἒμῆς
3442 5670 3701 5734 εὐτελείας
3752 5668 3842 5726 καὶ

434 5755 622 5820 sancti
653 5755 842 5819 Patris
892 5755 1081 5819 nostri
1134 5755 1250 5820 Nili
1273 5756 1532 5839 junioris
1564 5778 1696 5823 sum
1730 5768 2099 5824 narraturus.

433 5843 563 5908 Non
596 5845 755 5909 enim
789 5863 900 5927 per
928 5846 1259 5924 hominem,
1293 5849 1385 5912 vel
1416 5858 1770 5929 suggerente
1802 5860 1860 5913 et
1889 5850 2105 5914 adhor-

2187 5756 2527 5846 πτωχονοίας
2599 5774 2694 5826 τοῦ
2779 5762 3067 5843 μέλλοντος
3150 5761 3435 5844 τολμηρῶς
3510 5756 3841 5841 διαγγέλλειν

2187 5854 2305 5935 περῖ
2351 5864 2445 5916 τοῦ
2499 5854 2614 5933 βίου
2662 5862 2761 5914 τοῦ
2815 5854 2959 5912 ὁσίου
3024 5853 3230 5934 Πατρδς
3294 5853 3455 5930 ἡμῶν
3510 5847 3699 5909 Νείλου
3748 5855 3844 5907 τοῦ
