4182 6396
443 336 524 404 25

1689 344 1879 409 VITA
1922 345 1984 409 S.
2029 343 2200 410 NILI
2239 345 2615 417 JUNIORIS.

3766 348 3849 419 26

447 470 769 555 ἔμπροσθεν,
819 476 911 533 καὶ
953 473 1175 556 παγίδας
1218 474 1388 541 δεινὰς
1626 477 1725 546 τὴν
1783 474 1900 535 ὁδὸν
1918 565 1931 569 Α
1953 479 2096 546 τίθη-

2194 481 2588 569 adversarius,
2645 486 2961 550 antevertit
3010 494 3071 552 et
3116 485 3393 550 difficiles
3436 486 3683 568 laqueos
3740 501 3851 567 per

445 584 553 638 σιν,
612 571 719 640 οῖῷ
774 562 843 633 δὴ
899 587 1033 623 ποτε
1102 565 1282 646 τρόπῲ
1354 567 1444 624 τὸν
1516 564 1710 647 δρόμον
1764 576 1859 626 τοῦ
1911 565 2112 626 δικαίου

445 651 673 728 ἐκκόψαι
732 653 1082 731 βουλόμενος,
1158 655 1260 713 Καὶ
1338 653 1406 723 δη
1480 656 1580 724 τὴν
1652 654 1771 713 ὁδὸν
1826 654 2105 733 διανῦοντι,

443 742 538 796 καὶ
589 749 666 816 τῷ
724 750 842 817 Θεῷ
897 742 1279 823 προσλαλοῦντι
1324 743 1563 820 ψαλμοῖς
1617 747 1705 802 καὶ
1756 745 1964 822 ὕμνοις,
2023 749 2112 805 καὶ

444 828 745 912 ὁλοψύχοις
792 830 1057 908 δεὴσεσιν,
1113 832 1362 909 μέλλοντι
1408 836 1541 898 ποὸς
1593 834 1763 904 ἀκτὴν
1816 833 2108 916 ὑπεξέρχε-

445 922 588 997 σθαι,
647 922 738 979 καὶ
810 929 888 997 τῷ
958 928 1058 991 τῆς
1130 920 1401 991 θαλάσσης
1475 922 1607 981 εἴδει
1670 927 2109 1005 καθωραίζεσθαι,

446 1005 708 1088 βάρϐαρος
794 1015 879 1075 εἷς
949 1018 1055 1068 τῶν
1130 1012 1405 1091 φρυγάνων
1481 1011 1818 1090 ἐκπηδήσας,
1879 1014 2114 1094 καθάπερ

446 1095 579 1153 ποτὲ
634 1100 670 1168 ἦ
727 1097 914 1179 ἔχιδνα
970 1108 1062 1160 τοῦ
1116 1099 1348 1176 Παύλου,
1422 1106 1521 1170 τῆς
1578 1105 1763 1184 χειρὸς
1814 1112 1906 1162 τοῦ
1962 1104 2114 1182 ἁγίου

445 1181 720 1268 ἐδράξατο,
776 1189 865 1245 καὶ
945 1191 1081 1265 ὁμοῦ
1150 1191 1283 1270 πρὸς
1359 1191 1424 1247 τὰ
1492 1181 1781 1272 ἔμπροσθεν
1861 1190 2106 1272 εἴχοντο.

443 1276 523 1332 03
568 1275 704 1332 πολὺ
750 1278 813 1333 τὸ
853 1274 1142 1358 διάστημα,
1191 1280 1281 1335 καὶ
1333 1276 1442 1335 ἰδοὺ
1494 1279 1698 1348 πλῆθος
1755 1279 2108 1360 Σαρῤακηνῶν

441 1360 507 1418 ὲκ
561 1360 741 1429 δεξιῶν
816 1365 1245 1442 ἀνακεκλιμένων
1321 1369 1422 1425 ὑπὸ
1500 1370 1562 1425 τὸ
1619 1369 1802 1444 ἄλσος,
1865 1368 2106 1445 μελάνων

442 1451 733 1529 Αἰθιόπων,
787 1454 1220 1536 ἀγριοφθάλμων,
1295 1458 1753 1538 κακοπροσώπων,
1822 1460 1910 1515 καὶ
1963 1459 2105 1516 πάν-

442 1560 554 1595 των
638 1538 848 1617 δαίμοσί
925 1544 1341 1624 προσεοικότων’
1426 1547 1560 1626 πρὸς
1646 1544 1701 1603 δὲ
1784 1548 1846 1603 τὸ
1928 1546 2103 1627 ἕτερον

443 1627 631 1708 μὲρος,
692 1630 916 1710 μὲγεθος
984 1631 1187 1691 πλοίων
1263 1636 1396 1714 πρὸς
1476 1641 1547 1713 τῇ
1618 1641 1691 1715 γῇ
1744 1635 2099 1717 σεσυρμένων,

2191 571 2343 634 viam
2376 575 2586 657 tendit,
2616 576 2843 657 volens,
2877 584 2940 641 ut
2971 596 3207 658 quoquo
3240 575 3415 638 modo
3447 575 3851 638 retardaretur

2193 661 2281 723 vir
2320 663 2517 743 justus
2564 685 2598 727 a
2626 685 2733 727 suo
2759 685 2959 730 cursu.
2994 666 3145 745 Ergo
3178 665 3415 727 facienti
3444 665 3582 737 iter,
3617 666 3849 729 Deum-

2192 770 2310 833 que
2366 754 2609 834 psalmis
2670 765 2729 818 et
2777 757 3010 838 hymnis
3057 757 3320 837 fusisque
3369 773 3440 817 ex
3490 754 3612 816 imo
3668 751 3849 816 corde

2197 842 2476 922 precibus
2516 844 2862 926 alloquenti,
2913 845 3055 908 dum
3104 844 3286 907 liltori
3337 843 3564 907 vicinus
3611 850 3701 906 est
3722 842 3849 922 jam

2195 939 2439 1011 aspectu
2486 932 2667 995 maris
2706 933 3157 1002 exhilarandus.
3202 951 3342 995 ecce
3391 931 3621 1013 prosilit
3650 949 3682 993 e
3715 947 3850 993 sar-

2197 1021 2415 1083 mentis
2444 1021 2753 1105 barharus,
2782 1031 2842 1087 et
2871 1024 3026 1095 sicut
3053 1023 3193 1085 olim
3224 1022 3426 1103 vipera
3454 1021 3727 1101 Paulum,
3763 1018 3846 1080 ita

2192 1108 2385 1172 virum
2437 1112 2662 1192 justum
2724 1131 2901 1174 manu
2952 1112 3288 1193 prehendit,
3349 1109 3645 1191 simulque
3690 1107 3844 1170 ultra

2190 1199 2632 1278 gradiebantur.
2664 1203 2795 1265 Non
2841 1201 3015 1282 longe
3061 1200 3364 1282 profectis,
3420 1218 3493 1261 en
3528 1195 3845 1260 multitudo

2190 1286 2621 1353 Saracenorum
2654 1290 2728 1352 ad
2760 1291 3023 1353 dextram
3058 1290 3169 1352 sub
3219 1308 3465 1353 nemore
3495 1297 3841 1361 stratorum,

2189 1377 2493 1457 nigrorum
2542 1380 2883 1461 [Ethiopum
2934 1380 3085 1463 (Il),
3133 1379 3275 1442 feris
3303 1378 3657 1440 intuentium
3690 1393 3840 1437 ocu-

2188 1466 2284 1541 lis,
2318 1475 2516 1536 truces
2544 1468 2737 1530 vultus
2782 1469 3133 1533 habentium
3182 1477 3240 1531 et
3289 1467 3531 1531 omnino
3562 1463 3845 1527 daemoni-

2188 1554 2299 1618 bus
2330 1557 2780 1620 consimilium:
2834 1559 2906 1621 ad
2955 1558 3155 1622 laevam
3200 1577 3339 1621 vero
3389 1574 3569 1618 naves
3615 1569 3843 1632 magna;

2187 1645 2513 1724 subductae,
2572 1650 2729 1728 quod
2775 1656 3012 1709 ventum
3064 1647 3149 1709 illi
3214 1645 3567 1724 secundum,
3627 1649 3691 1703 ut
3738 1658 3844 1721 par

439 1719 536 1772 τὸν
592 1717 770 1778 αἴσιον
828 1719 993 1782 πλοῦν
1050 1724 1124 1786 ὡς
1190 1723 1329 1787 εἰκὸς
1399 1722 1868 1805 ἀπεκδεχομένων.
1929 1734 2096 1785 Ταῦτα

440 1803 519 1825 ’κε
624 1811 639 1825 ο
826 1810 839 1825 Ι
1005 1821 1045 1825 __
1103 1810 1122 1825 κ
1253 1812 1304 1825 αλ
1359 1813 1369 1825 l
1576 1813 1590 1825 ι
1680 1812 1692 1825 ι
1794 1811 1817 1825 κ
1905 1814 1917 1825 ι
2084 1815 2095 1825 ι

2189 1743 2300 1810 est,
2353 1735 2426 1797 ad
2477 1717 2854 1799 commodam
2906 1735 3836 1825 navigationemexspectarent.

440 1803 569 1863 ἰδὼν
617 1811 648 1865 6
697 1810 955 1891 μακάριος
1004 1810 1195 1877 Νεῖλος
1245 1812 1455 1892 ἀθρόον,
1507 1803 1607 1869 καὶί
1628 1803 1740 1881 ⁷τὴν
1789 1811 1963 1881 δεινὴν
2014 1815 2096 1871 καὶ

2187 1803 2323 1885 Haec
2352 1830 2415 1885 ut
2444 1832 2693 1906 repente
2731 1826 2876 1888 vidit
2905 1803 3114 1889 beatas
3145 1824 3332 1901 Nilus,
3367 1803 3842 1899 horribilemque

437 1894 679 1967 ἀσυνήθη
725 1898 846 1956 θέαν
891 1899 1120 1972 ἐκείνην,
1169 1902 1258 1958 καὶ
1309 1902 1371 1957 τὸ
1421 1900 1563 1966 ξένον
1606 1907 1800 1997 σχῆμα
1844 1904 2096 1973 κατανοή-

2189 1920 2248 1975 et
2274 1894 2618 1976 inusitatum
2649 1913 2817 1977 illum
2847 1924 3151 1997 aspectum
3186 1922 3244 1976 et
3276 1909 3656 1993 peregrinum
3687 1926 3836 1997 con-

436 2005 565 2058 σας,
621 1989 682 2045 ού
721 1992 821 2055 τῆς
871 1989 1065 2054 οἰκείας
1112 1990 1298 2068 φρενὸς
1344 1980 1787 2066 ὁπεξέστη,ὠδ’
1831 1990 2096 2086 ἠλλοιὼθη

2188 1980 3291 2086 tuitushabitum,nonmeiitedimotus
3310 2010 3419 2073 est,
3455 2019 3566 2062 nec
3596 1995 3839 2060 omnino

435 2072 574 2172 ολω,
606 2075 706 2143 τὴν
755 2074 902 2172 ὄψιν,
951 2077 988 2147 ἢ
1031 2079 1121 2135 τὸν
1157 2077 1317 2158 λόγον
1336 2077 1727 2172 παρεσαλεύθη,
1772 2070 1895 2136 ἀλλ’
1921 2082 2096 2161 ἡσδχῇ

2187 2090 2371 2155 facies
2427 2092 2516 2154 illi
2570 2070 2881 2156 immutata
2939 2102 3051 2169 est,
3120 2100 3220 2156 aut
3288 2070 3591 2172 stuporem
3651 2086 3836 2148 ullum

434 2163 539 2230 τὴν
588 2177 753 2245 χεῖρα
793 2165 971 2243 βαλὼν
1019 2167 1073 2223 ἐν
1116 2174 1193 2243 τῷ
1239 2168 1443 2240 στὴθει,
1489 2168 1701 2244 καὶῖτῷ
1746 2171 1955 2245 σημείῷ
2009 2178 2096 2229 τοῦ

2183 2199 2391 2262 passus
2418 2188 2548 2258 est;
2584 2181 2688 2245 sed
2746 2201 2923 2245 manu
2972 2163 3194 2245 sensim
3227 2181 3300 2245 ad
3335 2163 3541 2262 pectus
3572 2176 3834 2248 admota,

436 2262 666 2332 σταυροῦ
718 2255 904 2315 ἑαυτὸν
959 2255 1307 2333 καθοπλίσας,
1394 2260 1654 2336 εὖθαρσῶς
1709 2258 1799 2314 καὶ
1856 2256 2096 2337 ἀνδρείως

2181 2255 2349 2349 signo
2388 2255 2582 2331 crucis
2613 2288 2743 2333 sese
2789 2272 3035 2334 armavit
3077 2280 3134 2333 et
3175 2255 3456 2332 audacter
3486 2286 3555 2328 ac
3586 2264 3841 2326 viriliter

438 2340 849 2423 ἀνταπεκρίνετο
897 2347 1029 2426 πρὸς
1076 2347 1168 2411 τὰς
1217 2346 1528 2426 ἐρωτὴσειςο
1605 2353 1710 2403 τῶν
1766 2348 1866 2427 γὰρ
1926 2346 2096 2406 ἄλλων

2182 2340 2265 2420 ad
2314 2358 2680 2438 interrogata
2730 2360 3152 2442 respondebat.
3210 2356 3452 2423 (laeteris
3503 2353 3662 2417 enim
3715 2370 3833 2442 om-

436 2429 692 2488 ἆπάντων
743 2433 861 2490 οἷόν
916 2456 1018 2490 τινι
1078 2433 1287 2515 χαλινῷ
1468 2444 1562 2494 τοῦ
1614 2442 1719 2492 τῶν
1777 2434 1915 2493 ὅλων
1972 2444 2096 2496 Θεοῦ

2186 2447 2362 2509 nibus
2421 2429 2620 2510 divina
2668 2429 3076 2530 Providentia,
3119 2449 3299 2512 veluti
3358 2447 3528 2508 freno
3580 2441 3838 2523 quodam

437 2521 662 2598 προνοίᾳ
707 2522 1164 2603 κατασχεθεῖν-των,
1214 2525 1305 2582 καὶ
1349 2528 1465 2582 οἷον
1516 2526 1689 2581 εἰπεῖν
1736 2524 1790 2582 ἐν
1830 2526 1908 2601 τῷ
1953 2527 2096 2601 τόπῷ

2185 2538 2445 2602 detentis
2492 2548 2550 2601 et
2577 2540 2639 2601 in
2671 2540 2882 2602 eodem
2935 2521 3074 2602 loco.
3112 2538 3280 2621 quasi
3314 2546 3555 2617 stupore
3584 2548 3835 2611 correp-

435 2607 950 2688 ἀποναρκησάντων,
1011 2612 1170 2688 μόνος
1224 2612 1431 2676 ἐκεῖνος
1509 2615 1537 2670 6
1591 2623 1774 2673 τοῦτον
1831 2615 2096 2693 κρατὴσας

2187 2627 2282 2702 tis,
2315 2629 2478 2692 solus
2508 2647 2645 2691 cum
2690 2648 2761 2691 eo
2805 2607 3155 2711 loquebatur
3198 2626 3300 2710 qui
3346 2607 3481 2689 eu'm
3524 2626 3837 2711 tenuerat;

434 2694 728 2776 διελέγετο,
785 2701 864 2764 τίς
931 2700 1048 2783 εἴη,
1108 2704 1197 2759 καὶ
1249 2702 1430 2779 πόθεν,
1488 2703 1577 2760 καὶ
1632 2701 1740 2771 ὅπη
1798 2704 2096 2783 πορεύεται,

2184 2694 2454 2799 quisnam
2515 2725 2674 2781 esset
2741 2725 2801 2781 et
2869 2694 3034 2800 cujas
3103 2728 3165 2781 et
3216 2694 3356 2798 ‘quo
3412 2714 3550 2794 iret,
3610 2708 3842 2789 singula

434 2786 614 2843 πάντα
641 2785 1069 2868 διερευνώμενος.

516 2887 623 2973 ς·⁹.
678 2908 781 2960 Τοῦ
835 2899 890 2957 δὲ
950 2903 1050 2971 τὴν
1103 2900 1348 2985 πατρίδα,
1399 2904 1489 2960 καὶ
1531 2904 1592 2962 τὸ
1635 2903 1811 2982 γένος,
1869 2905 1959 2961 καὶ
2003 2905 2094 2962 τὸν

2225 2825 2561 2870 eraurrens.

2225 2827 2291 2870 er
2336 2827 2561 2870 uirens.

2185 2827 2219 2890 Ρ
2260 2827 2330 2960 661
2352 2896 2460 2959 Illo
2478 2916 2615 2960 vero
2646 2896 2868 2960 fatente
2897 2897 3160 2977 ingenue
3190 2901 3249 2959 et
3280 2892 3528 2977 patriam
3559 2897 3617 2952 et
3647 2904 3837 2968 genus

434 2988 639 3044 σκοπὸν
704 2994 803 3057 τῆς
873 2979 1223 3086 ὁδοιπορίαςξ
1252 2979 1465 3059 ἀληθῶς
1542 2979 1975 3086 ἀναγγείλαντος,
2063 2995 2092 3050 6

2181 2996 2237 3049 et
2266 2986 2604 3061 consilium,
2656 2985 2981 3049 admiratus
3025 2986 3314 3048 barbarus
3350 2979 3678 3084 juventutis
3720 2979 3834 3040 llo-

434 3086 622 3135 τοῦτον
677 3079 948 3154 θαύμασας
997 3082 1025 3137 6
1068 3078 1327 3161 βάρϐαρος
1378 3081 1464 3137 ἐπί
1516 3102 1574 3137 τε
1628 3089 1706 3156 τῷ
1747 3080 1889 3139 ἄνθει
1938 3085 2096 3142 αυτοῦ

434 3171 537 3233 τῆς
595 3166 869 3235 νεότητος’
950 3167 1098 3226 οὔπω
1162 3171 1263 3250 γάρ
1330 3169 1539 3239 ἡλικίας
1616 3170 1848 3251 ἐπλήρου
1902 3171 2096 3252 χρόνον

436 3257 528 3311 τὸν
585 3256 888 3334 τριάκοντασ
965 3258 1054 3315 καὶ
1129 3258 1215 3316 ἐπὶ
1277 3266 1354 3334 τῷ
1427 3259 1609 3321 κάλλει
1684 3266 1789 3317 τῶν
1847 3261 2094 3335 Ιματίων,

434 3342 617 3417 ἀκμὴν
662 3345 762 3423 γὰρ
808 3358 929 3409 τοῖς
982 3346 1088 3403 ἀπὸ
1155 3357 1249 3407 τοῦ
1294 3348 1498 3423 κόσμου
1552 3348 1838 3430 ἐκέχρητο*
1876 3352 1936 3408 0-3
1989 3348 2096 3425 μὴν

433 3430 575 3487 ἀλλὰ
629 3434 720 3489 καὶ
768 3433 853 3491 ἐπὶ
908 3439 977 3511 τῇ
1026 3435 1226 3492 συνέσει
1284 3458 1373 3513 καξ
1422 3452 1545 3503 ταῖς
1602 3438 1936 3518 ἀποκρίσεσιν
1995 3442 2094 3497 αύ-

430 3530 551 3595 τοῦ,
600 3522 731 3600 φησὶ
773 3524 905 3603 πρὸς
952 3525 1132 3584 αὐτόν·
1178 3530 1286 3585 Οὐκ
1340 3525 1440 3583 ἔδει
1490 3549 1548 3583 σε
1591 3538 1839 3586 τοσοῦτον
1898 3526 2096 3583 νεώτε-

431 3632 528 3690 ρον
556 3608 682 3667 ὄντα
727 3625 845 3677 τοῖς
893 3629 1219 3695 μοναχικοῖς
1264 3616 1448 3681 πόνοις
1496 3616 1601 3674 ἀπὸ
1641 3627 1735 3676 τοῦ
1762 3626 1849 3676 νῦν
1880 3618 2095 3673 σεαυτὸν

430 3697 750 3777 κατατῆξαι,
812 3700 948 3759 ἀλλὰ
995 3705 1126 3783 πρὸς
1174 3710 1372 3788 γῆρας,
1420 3704 1509 3763 ὅτε
1561 3705 1706 3766 οῦδὲν
1759 3708 1921 3763 κακὸν
1970 3703 2096 3782 δύνῃ

430 3793 684 3869 ποιῆσαι,
740 3789 860 3846 τότε
936 3813 1000 3847 αν
1068 3792 1375 3873 ἐπορεύθης,
1459 3795 1577 3874 εἴγε
1658 3793 1797 3859 ὅλως
1853 3791 2091 3869 ἐϐούλου,

430 3878 566 3958 πρὸς
622 3879 711 3935 τὸν
776 3890 1011 3940 τοιοῦτον
1067 3882 1268 3961 ἀγῶνα.
1332 3884 1426 3960 Οὸ,
1477 3886 1606 3964 φησὶ
1661 3887 1793 3965 πρὸς
1850 3886 2006 3943 αὐτὸν
2065 3886 2094 3941 6

432 3966 677 4047 ἐχέφρων
734 3967 894 4050 ἀνὴρ,
921 3975 1014 4050 ,οὔ
1066 3972 1309 4047 βούλεται
1356 3976 1384 4031 6
1447 3976 1577 4039 Θεὸς
1635 3974 1891 4037 ἀκουσίως
1948 3975 2093 4049 ἡμᾶς

432 4078 568 4113 ειναι
639 4047 854 4122 καλουςξ
920 4047 1068 4117 Ἀλλ’
1114 4052 1224 4120 οὐδ’
1267 4064 1442 4144 ἰσχύει
1487 4062 1653 4144 γέρων
1724 4063 1903 4144 ἀρέσαι
1952 4047 2090 4142 Θεῷ,

429 4144 612 4225 ὥσπερ
686 4145 802 4205 οὐδὲ
875 4150 958 4206 σοὶ
1028 4148 1266 4230 γαμϐρὸς
1340 4152 1585 4229 ἀσθενὴς,
1663 4152 1699 4222 ἢ
1765 4152 2093 4232 στρατιώτης

428 4237 630 4315 νωθρὸς
668 4234 905 4311 βασιλεῖ.
956 4238 1119 4317 Κάγῴ
1167 4250 1254 4299 νῦν
1312 4262 1365 4299 εν
1412 4247 1480 4319 τῇ
1520 4243 1730 4310 νεότητι
1777 4240 1914 4298 θέλω
1967 4238 2093 4299 δου-

2175 3075 2600 3152 rem,nondum
2617 3073 2773 3137 enim
2798 3078 3143 3156 expleverat
3164 3073 3535 3137 tricesimum
3567 3084 3829 3156 annum;

2177 3172 2235 3227 et
2272 3165 2759 3227 vestimentorum
2809 3154 3132 3241 decorem;
3168 3163 3361 3225 adhuc
3394 3159 3554 3254 enim
3587 3154 3835 3254 munda-

2181 3273 2321 3315 num
2369 3253 2611 3333 gerebat
2674 3252 2937 3315 habitum
2981 3275 2998 3328 ;
3052 3271 3287 3315 necnon
3338 3245 3710 3332 prudentiam
3770 3245 3832 3303 in

2180 3342 2627 3423 respondendo,
2677 3342 2760 3404 ait
2803 3342 2876 3404 ad
2924 3343 3133 3404 illum:
3187 3339 3316 3403 Non
3346 3339 3519 3401 decet
3567 3335 3740 3396 talem
3775 3338 3835 3395 te

2173 3422 2457 3513 juvenem
2508 3430 2849 3493 monasticis
2877 3430 3180 3494 laboribus
3222 3429 3345 3510 jam
3378 3422 3830 3513 contabescere,

2178 3511 2282 3582 sed
2306 3537 2491 3600 prope
2507 3521 2763 3600 senium,
2800 3519 3036 3600 quando
3058 3518 3204 3580 nihil
3226 3517 3362 3578 mali
3385 3511 3605 3596 poteris
3628 3527 3829 3600 agere,

2178 3597 2324 3670 tunc
2344 3597 2561 3689 potius,
2589 3608 2644 3669 si
2673 3597 2918 3669 omnino
2952 3607 3055 3670 tibi
3088 3606 3481 3697 constitutum
3506 3597 3834 3697 est,_inhpc

2178 3706 2482 3760 certamen
2511 3695 2865 3759 descendes.
2895 3700 2968 3759 At
2997 3696 3086 3758 vir
3109 3694 3408 3778 prudens:
3436 3690 3589 3763 Non,
3612 3690 3829 3778 inquit,

2176 3785 2390 3848 invitos
2421 3805 2529 3847 nos
2559 3804 2696 3849 esse
2725 3789 2887 3848 Deus
2916 3784 3043 3848 vult
3073 3775 3298 3877 bonos:
3334 3782 3438 3877 sed
3468 3796 3663 3861 neque
3702 3775 3833 3877 pla:

2178 3894 2315 3938 cere
2364 3875 2485 3937 Deo
2532 3883 2725 3956 potest
2775 3894 2980 3951 senex,
3028 3871 3695 3957 quemadmodumrinec
3724 3864 3833 3927 tibi

2177 3983 2361 4045 gener
2391 3965 2688 4040 inﬁrmus,
2726 3974 2824 4027 aut
2853 3964 2978 4045 regi
3014 3956 3186 4025 miles
3217 3959 3500 4024 imbellis.
3532 3956 3654 4038 Ego
3688 3973 3836 4035 quo-

2177 4072 2294 4134 que
2334 4072 2494 4113 nunc
2516 4052 2844 4132 juventutis
2876 4063 3146 4134 tempore
3178 4045 3734 4143 Deo_servire_volo,
3762 4051 3835 4143 ut

2178 4131 2312 4204 cum
2336 4131 2613 4216 senuero,
2636 4142 2881 4221 gloriam
2915 4131 3248 4221 consequar
3276 4138 3348 4201 ab
3382 4138 3504 4198 illo.
3528 4134 3668 4198 Haec
3690 4131 3830 4221 iuli-

2178 4230 2331 4293 delis
2366 4230 2469 4292 ille
2490 4219 2945 4308 Agar'enuscum
2970 4219 3252 4305 audisset,
3285 4227 3556 4289 virtutem
3574 4222 3680 4284 viri
3704 4219 3832 4301 pla-

428 4308 613 4382 λεῦσαι
783 4333 921 4401 Θεῷ,
979 4308 1103 4385 είνῖ
1129 4328 1183 4386 ἐν
1241 4332 1384 4410 γήρᾳ
1438 4308 1566 4411 παρ’
1622 4308 1780 4391 αύτοῦ
1833 4327 2087 4396 δοξασθῶ.

2183 4342 2258 4385 ue
2287 4323 2598 4397 reveritus,
2630 4322 2752 4384 imo
2788 4322 2982 4402 potius
3013 4320 3117 4384 Dei
3154 4317 3527 4402 providentia
3557 4332 3662 4376 cor
3709 4313 3841 4391 ejus

429 4423 608 4473 Ταῦτα
660 4413 887 4478 ἀκούσας
956 4419 986 4473 6
1051 4416 1272 4484 ἄπιστος
1342 4410 1546 4484 ἐκεῖνος
1631 4410 1950 4500 Ἀγαρηνὸς,
2006 4419 2093 4476 καὶ

427 4503 613 4581 ὥσπερ
686 4501 934 4568 αἰδεσθεὶς
988 4506 1086 4573 τὴν
1160 4508 1351 4588 ἀρετὴν
1428 4520 1523 4570 τοῦ
1597 4506 1803 4590 ἀνδρὸς,
1885 4507 2088 4584 μᾶλλον

425 4590 483 4648 δὲ
540 4593 642 4648 ὑπὸ
699 4597 797 4659 τῆς
845 4594 1041 4652 ἄνωθεν
1088 4599 1337 4677 προνοίας
1383 4598 1482 4665 τὴν
1539 4596 1751 4679 καρδίαν
1811 4594 2086 4674 μεταϐλη-

425 4682 559 4753 θεὶς,
624 4679 880 4741 ἀπέλυσεν
954 4685 1134 4766 αὐτὸν,
1216 4685 1485 4753 ὑποδείξας
1558 4691 1701 4762 αὐτῷ
1767 4687 1865 4754 τὴν
1945 4682 2089 4757 ὁδὸν,

424 4766 597 4846 μηδὲν
653 4767 883 4849 σκληρὸν
941 4771 979 4840 ἢ
1035 4772 1265 4832 ἐναντίον
1332 4777 1565 4846 ποιήσας
1622 4776 1659 4844 ἢ
1716 4773 1867 4841 λέξας
1924 4777 2087 4848 αὐτῷ.

422 4856 566 4915 ἀλλα
611 4858 701 4914 καὶ
746 4858 1093 4935 ἐπευξάμενος
1151 4866 1302 4945 φασὶν
1359 4870 1526 4941 αὖτῷ,
1581 4865 1669 4922 καὶ
1724 4867 2090 4944 προθυμοποι-

420 4947 566 5015 ﬁant:
614 4948 770 5034 αἰπρν
817 4947 870 5005 ἐν
912 4948 1093 5030 λόφοις
1137 4954 1344 5018 ἱκανοῖς
1385 4956 1474 5011 καὶ
1533 4965 1943 5034 προτρεπτικοῖς
2005 4965 2089 5015 εῖς

418 5036 643 5116 ἀρετήν,
708 5024 924 5104 Ἐπειδὴ
976 5039 1145 5097 τοίνυν
1224 5039 1502 5110 διέστησαν
1579 5042 1850 5117 ἀλλήλων,
1906 5042 1994 5098 καὶ
2049 5043 2085 5110 ἡ

415 5135 517 5184 τοῦ
573 5133 707 5184 Θεοῦ
761 5125 983 5205 πρόνοια
1036 5130 1168 5209 πρὸς
1222 5132 1312 5188 τὸν
1363 5132 1554 5200 ἑαυτῆς
1610 5131 1902 5211 θεράποντα
1958 5128 2088 5186 σκέ-

415 5237 531 5281 πην
590 5234 649 5270 τε
708 5215 798 5270 καὶ
854 5213 1133 5291 ἀντίληψιν
1189 5216 1484 5286 ἐπεδείξατο
1556 5221 1609 5277 ἐν
1667 5220 1814 5296 μέσῷ
1866 5218 2090 5294 κιμίνον

415 5325 479 5361 τε
509 5304 600 5360 καὶ
650 5305 839 5383 πυρὸς,
888 5306 979 5359 καὶ
1025 5304 1078 5362 ὲν
1126 5306 1275 5383 μὲσῷ
1324 5307 1575 5385 λεόντων,
1615 5310 1653 5377 ἢ
1684 5308 1885 5386 μᾶλλον
1918 5309 2087 5364 εἰπεῖν

414 5393 586 5473 ὄφιων
638 5393 728 5450 καὶ
782 5394 1074 5472 σκορπίων,
1149 5399 1237 5454 καὶ
1304 5404 1407 5468 τῆς
1468 5409 1562 5460 τοῦ
1618 5398 1808 5480 ἐχθροῦ
1876 5396 2088 5462 ἀπάσης

2178 4422 2466 4481 mutante.
2490 4412 2717 4476 dimisit
2744 4414 2936 4486 illum,
2970 4414 3122 4475 viam
3159 4418 3664 4480 commonstrans,
3700 4422 3833 4464 cum

2175 4504 2323 4566 nihil
2373 4521 2585 4584 aspere
2635 4512 2736 4566 aut
2790 4503 3088 4565 hostiliter
3144 4502 3204 4563 in
3264 4520 3398 4563 eum
3458 4498 3675 4576 egisset
3731 4501 3831 4553 aut

2175 4594 2453 4657 dixisset:
2499 4595 2609 4685 sed
2660 4594 2817 4657 bona
2866 4595 3042 4685 etiam
3097 4600 3372 4685 precatus
3402 4590 3490 4651 illi
3544 4593 3724 4657 esset,
3775 4591 3838 4685 ut

2174 4683 2357 4752 aiunt,
2392 4682 2707 4766 verbisque
2724 4683 3088 4746 alacritatem
3124 4681 3452 4744 addidisset
3484 4696 3598 4766 non
3632 4681 3840 4766 paucis

2175 4782 2235 4863 et
2279 4773 2354 4834 ad
2407 4763 2683 4835 virtutem
2746 4772 3155 4863 incitantabus.
3208 4769 3299 4863 Ut
3329 4770 3477 4863 alter
3526 4763 3837 4863 abnaltero

2173 4862 2479 4943 digressus
2508 4869 2599 4923 est
2628 4881 2759 4925 cum
2798 4862 2903 4926 Dei
2935 4861 3122 4941 gratia
3151 4880 3257 4921 suo
3277 4857 3497 4919 famulo
3528 4852 3833 4915 delensio-

2174 4971 2310 5014 nem
2344 4951 2716 5033 praestitisset
2762 4961 2822 5013 ct
2871 4950 3215 5031 praesidium
3270 4948 3329 5010 in
3366 4944 3561 5008 media
3592 4944 3832 5033 fornace

2173 5042 2324 5120 ignis
2348 5030 2537 5122 atque
2573 5040 2734 5103 inter
2780 5030 3009 5113 leones,
3064 5039 3184 5101 imo
3229 5057 3368 5100 vero
3418 5041 3726 5114 serpentes
3776 5030 3835 5089 et

2173 5129 2528 5208 scorpiones
2561 5137 2860 5210 totumque
2910 5127 3137 5191 inimici
3187 5125 3509 5209 potu-titiam
3542 5124 3836 5184 servasset

2171 5219 2418 5282 illaesum
2455 5226 2512 5280 et
2541 5219 2929 5300 incolumem,
2958 5227 3022 5280 ut
3084 5223 3435 5297 agnosceret
3477 5222 3535 5276 et
3563 5212 3691 5293 ipse
3721 5225 3833 5269 na-

2172 5320 2319 5372 tura;
2367 5309 2865 5379 imbecillitatem,
2920 5318 2979 5372 et
3020 5309 3169 5371 nihil
3200 5327 3332 5370 esse
3363 5306 3516 5369 vires
3544 5306 3836 5367 humanas

2172 5402 2472 5486 paululum
2505 5421 2640 5474 sese
2667 5402 2769 5465 illa
2819 5401 3127 5477 contraxit,
3186 5408 3243 5464 et
3272 5417 3381 5461 sua
3410 5395 3578 5484 quasi
3608 5392 3661 5455 vi
3693 5410 3834 5475 ope-

1779 5593 2039 5663 Joannis
2081 5587 2211 5656 Clei
2254 5592 2444 5652 notae.

489 5786 539 5864 (t
562 5788 618 5861 Ι)
651 5784 739 5847 Ex
770 5779 980 5845 Africa
1010 5778 1072 5844 in
1102 5780 1395 5871 Siciliam,
1428 5786 1569 5853 inde
1598 5788 1661 5851 in
1689 5781 2022 5851 Calabriam
2053 5780 2395 5861 irruperant
2421 5779 2728 5844 Saraceni.
