4182 6416
966 303 976 328 Ι

460 331 529 400 31

1981 337 2344 403 ANONYMI

3778 331 3856 400 3‘2

455 465 855 554 ambulabam,
887 467 1336 534 absconderunt
1365 469 1642 554 laqueum
1663 468 1888 533 mihi...
1916 493 1943 526 »
1968 468 2083 549 (ιὲξ

2169 469 2355 552 ,μάχη
2388 471 2523 529 ἐστὶν
2553 472 2689 529 κατὰ
2715 471 2774 530 τό
2813 488 2827 504 ⁸
2867 496 2895 528 α
2929 469 3018 530 Ἐν
3049 469 3153 548 ὀδῷ
3196 473 3362 550 ταῦτῃ
3409 475 3445 551 ᾗ
3491 471 3844 552 ἐπορεύομην,

457 553 572 617 Sed
596 561 920 640 respondet
945 560 1426 643 amentiaraptus
1449 553 1515 624 et
1542 560 1657 624 ait:
1691 559 1954 635 Recede,
1991 577 2115 620 mo-

455 647 669 724 nache;
700 651 831 712 vitae
866 669 1015 712 mea:
1044 649 1172 712 dies
1203 650 1345 712 anni
1372 651 1584 713 decem
1631 657 1792 713 sunt.
1843 651 1952 711 Per
1979 654 2110 709 octo

455 753 644 797 annos
669 740 919 819 explebo
951 739 1166 802 animae
1220 759 1372 802 meae
1420 739 1721 802 desideria
1751 746 1808 801 et
1835 737 2110 799 inimicos

457 841 626 886 meos
641 827 789 888 milii
819 829 1158 909 subjiciam,
1195 830 1346 891 sicut
1376 831 1508 894 volo
1533 848 1675 905 ego:
1711 827 1944 889 duobus
1973 843 2111 888 vero

455 911 629 974 annis
670 917 1082 995 paenitentiam
1132 937 1304 999 agam
1337 927 1394 981 et
1426 918 1678 998 recipiet
1711 935 1804 978 me
1835 916 2015 991 Deus,
2049 923 2114 977 ut

455 999 598 1063 olim
632 1015 1008 1070 meretricem
1043 1015 1100 1069 et
1129 1009 1416 1070 latronem
1445 1008 1496 1070 9.
1534 1007 1702 1068 Tunc
1732 1005 1914 1067 abbas
1943 1005 2112 1068 Nilus

454 1099 659 1178 sancto
690 1096 918 1158 adlatus
951 1095 1195 1177 Spiritu,
1234 1097 1606 1178 respondens
1641 1095 1751 1171 illi,
1800 1095 1918 1156 ait:
1955 1093 2110 1156 Cave

453 1177 586 1265 tibi,
637 1183 866 1246 miselle
907 1188 1128 1248 homo:
1179 1205 1315 1247 nam
1342 1177 1592 1257 decem,
1638 1202 1788 1265 quos
1832 1191 1888 1244 te
1939 1195 2108 1262 putas

450 1264 746 1354 victurum
777 1293 964 1336 annos
1003 1283 1063 1336 et
1107 1274 1323 1336 animae
1373 1264 1674 1336 desideria
1703 1272 2104 1354 expleturum,

452 1352 662 1418 decem
689 1360 818 1424 dies
840 1371 1066 1426 tantum
1100 1373 1257 1425 sunt.
1295 1365 1383 1427 Ne
1400 1363 1627 1426 fallaris
1661 1352 1826 1442 ergo,
1860 1359 2110 1424 somniis

453 1451 512 1504 et
534 1445 1005 1534 divinationibus
1055 1461 1111 1515 te
1157 1453 1352 1534 ipsum
1404 1453 1742 1534 decipiens.
1801 1453 1940 1514 Haec
1971 1468 2104 1511 cum

2194 559 2419 640 ἔκρυψαν
2450 560 2645 640 παγίδα
2707 586 2820 638 μοι.
2859 587 2886 618 »
2939 568 3018 639 Τῇ
3311 561 3447 619 ἀλλὰ
3507 562 3844 642 ἀποκρίνετκι

2194 651 2326 724 μετὰ
2385 651 2657 724 ἀπονοίας,
2716 653 2803 708 καὶ
2853 653 3008 732 φησίν
3045 671 3058 685 ·
3090 635 3291 730 "Iurat-{3
3357 651 3650 731 κπλόγηρε,
3721 649 3846 706 δέκα

2192 738 2286 806 Ern
2315 735 2638 820 ὑπέρχονάιν
2697 743 2748 796 αἱ
2800 741 2992 820 ἡμὲρκι
3051 764 3151 817 μου
3185 759 3197 773 ⁸
3233 741 3286 797 ἐν
3341 755 3460 804 τοῖς
3519 742 3661 798 ὀκτὼ
3705 738 3842 795 ἔτεσι

2193 827 2462 907 πληρώσω
2500 829 2565 885 τὲ
2616 835 2715 896 τῆς
2767 834 2950 910 ψυχῆς
3011 853 3112 905 μου
3168 829 3563 909 ἐπιθυμῆμκτπ,
3594 830 3682 886 καὶ
3723 829 3845 892 τοὺς

2194 916 2564 997 ἐχθρκίνοντάς
2615 940 2703 994 μοι
2745 919 3008 999 fin-odim,
3061 922 3134 982 ὡς
3183 919 3319 976 θέλω
3373 919 3480 997 ἐγώ
3511 935 3527 950 ⁸
3563 921 3635 982 εἷς
3685 917 3738 974 δὲ
3780 918 3845 974 τὰ

2193 1003 2280 1062 δύο
2331 1005 2424 1073 ’ἐτη
2485 1013 2742 1087 μετονοιῦ²
2815 1011 2903 1066 καὶ
2976 1007 3327 1088 προσδέχετκί
3383 1031 3450 1084 με
3503 1011 3530 1065 ὁ
3585 1009 3715 1072 Θεὸς
3771 1009 3845 1071 ὡς

2191 1095 2288 1161 τὴν
2344 1094 2542 1174 πόρνην
2586 1097 2674 1152 κκὶ
2728 1099 2816 1154 τὸν
2875 1095 3105 1174 λῃστήν.
3165 1097 3295 1155 Τότε
3353 1100 3380 1153 ὁ
3437 1095 3600 1160 ἀςὸἆς
3649 1094 3843 1159 Νεῖλος

2191 1185 2292 1242 ὐπὸ
2347 1194 2438 1242 τοῦ
2509 1185 2656 1262 ἁγίου
2734 1189 3036 1262 Πνεύμκτος
3113 1186 3445 1263 ἐμπνευσθεὶς
3511 1187 3846 1265 ἀποκρίνετκι

2191 1277 2356 1350 αὐτῷ,
2405 1275 2493 1329 καὶ
2535 1275 2692 1354 φησίν
2717 1292 2732 1307 ⁸
2769 1275 3008 1356 Πρόσεχε
3059 1283 3284 1356 σεαυτῷ,
3339 1275 3554 1332 τκπεινὲ
3583 1275 3842 1353 ἄνθρωπ’

2192 1359 2224 1415 ἂ
2281 1362 2379 1439 γάρ
2434 1361 2659 1434 ἐλπῖζεις
2715 1362 2838 1420 δέκα
2888 1363 2982 1432 ἔτη
3040 1366 3254 1445 βιῶσιι,
3314 1366 3401 1421 καὶ
3457 1366 3523 1420 τὰ
3571 1363 3845 1438 θελήματα

2190 1455 2290 1516 τῆς
2349 1455 2531 1530 ψυχῆς
2590 1475 2683 1511 σο)
2737 1453 3018 1533 πληρῶσκι
3083 1452 3209 1511 δέκκ
3271 1454 3464 1532 ἡμέραι
3519 1453 3842 1532 τυγχάνουσι

448 1533 634 1597 animi
659 1537 929 1604 libertate
957 1542 1032 1604 ad
1066 1533 1202 1604 eum
1233 1543 1387 1604 fatus
1418 1544 1480 1604 in
1532 1533 1962 1604 monasterium
2014 1557 2081 1600 re

2169 1538 2370 1625 Lpom.
2421 1540 2509 1606 Μὴ
2555 1541 2723 1597 τοίνυν
2779 1541 2987 1622 πλανῶ,
3051 1541 3103 1599 ἐν
3157 1543 3375 1622 ὀιεῗροις
3430 1544 3518 1599 καὶ
3576 1543 3845 1618 μαντείαις

447 1639 680 1713 versus,
732 1629 1067 1710 hegumeno
1112 1632 1354 1713 quidem
1405 1631 1792 1708 renuntiavit,
1851 1629 2083 1690 futuran

2193 1629 2408 1687 σεκυτὸν
2463 1629 2704 1693 ἀπαιτῶν,
2772 1641 2945 1690 Τκῦτκ
3015 1633 3148 1708 μετᾶ
3204 1630 3497 1710 πκῤῥησίκς
3553 1633 3683 1710 πρὸς
3743 1633 3843 1688 αὖ·

447 1712 616 1776 brevi
645 1719 861 1797 perditi
881 1712 1142 1783 hominis
1175 1729 1450 1785 mortem.
1485 1722 1559 1784 At
1591 1721 1860 1782 insolens
1892 1717 1995 1778 ille
2020 1717 2083 1778 vi;

2191 1718 2282 1773 τὸν
2342 1718 2588 1799 εἰρηκὼς,
2648 1721 2736 1776 καὶ
2789 1720 3120 1799 ὑποστρὲψκς
3179 1721 3230 1776 ἐν
3281 1726 3348 1797 τῇ
3394 1726 3553 1797 μονῇ,
3613 1725 3689 1794 τῷ
3748 1718 3843 1794 μὲν

449 1802 664 1883 frigida
705 1808 1016 1891 calidaque
1061 1811 1213 1872 febri
1263 1811 1459 1872 statim
1507 1818 1842 1890 correptus,
1870 1805 2083 1888 jaceba

2193 1806 2472 1883 ἡγονμένῴ
2545 1807 2841 1886 ἀπήγγειλε
2914 1811 3011 1868 τὴν
3087 1811 3350 1889 τκχῖστην
3426 1807 3696 1864 ἀπώλειαν
3752 1816 3844 1864 τοῦ

450 1911 557 1974 per
600 1895 730 1959 dies
785 1917 1000 1964 novem
1046 1899 1412 1980 gravissimis
1457 1899 1714 1962 afflictus
1771 1895 2105 1960 doloribus:

526 2000 561 2052 9
587 2005 711 2064 Jos.
751 2025 826 2087 v1,
861 2008 936 2070 25
966 2028 983 2081 ;
1017 2006 1202 2070 Hebr.
1235 2025 1315 2084 vr,
1351 2006 1420 2069 31
1459 2031 1475 2082 ;
1508 2006 1652 2069 Luc.
1686 2022 1855 2088 xxru,
1894 2004 1996 2066 43.

2196 1893 2384 1960 δεινοῦ.
2443 1888 2558 1954 ‘08s
2607 1895 2829 1978 σοϐαρὸς
2885 1897 3088 1962 ἐκεῖνος
3145 1898 3277 1977 ἀθὴρ
3321 1898 3450 1976 ῥίγει
3498 1899 3586 1954 κκὶ
3637 1903 3844 1976 πυρετῷ

1817 2109 2072 2175 Joannis
2112 2108 2241 2174 Clei
2277 2115 2462 2174 notae.

483 2274 495 2287 I
522 2205 636 2275 (12)
661 2205 800 2287 Quae
813 2207 909 2264 hic
924 2207 1320 2287 desideruntur
1336 2221 1451 2265 non
1472 2221 1650 2279 pauca
1668 2221 1736 2263 ex
1749 2205 1936 2287 _Sirleti
1969 2216 2088 2260 ver-

449 2277 987 2350 sionesupplemus;
1016 2300 1038 2330 α
1059 2281 1125 2338 At
1143 2280 1331 2337 divina
1347 2295 1454 2350 ope
1472 2277 1861 2336 communitus
1883 2291 1950 2334 ac
1963 2289 2088 2346 pro-

448 2349 570 2422 pria
587 2348 878 2422 alacritate
897 2361 1254 2417 concertans,
1297 2348 1417 2408 haec
1455 2364 1637 2422 usque
1674 2350 1742 2405 ad
1766 2359 2086 2422 extremum

447 2420 574 2492 vita:
605 2421 870 2491 spiritum
894 2423 1266 2480 immobiliter
1285 2420 1560 2481 servavit.‘
1582 2423 1722 2478 Cum
1753 2421 1923 2492 igitur
1943 2434 2084 2492 qua:

447 2489 707 2563 draginta
739 2494 859 2551 dies
889 2494 948 2551 in
979 2496 1162 2552 sancti
1192 2496 1300 2552 hac
1339 2495 1530 2566 magni
1564 2489 1831 2566 martyris
1854 2489 2082 2566 N-iz‘arii

445 2565 795 2636 monasterio
829 2577 1205 2636 permaneret,
1236 2566 1334 2624 ubi
1356 2575 1408 2624 et
1439 2565 1699 2623 sanctum
1735 2565 1990 2620 habitum
2024 2577 2085 2617 se

445 2633 652 2709 induit,
684 2649 785 2706 per
829 2633 977 2694 totos
1040 2639 1144 2694 bos
1195 2639 1332 2709 dies
1373 2652 1558 2709 neque
1614 2650 1841 2709 partem,
1898 2647 2086 2709 neque

445 2705 642 2780 viuum
675 2705 940 2780 gustavit,
971 2723 1159 2780 neque
1185 2708 1341 2767 aliud
1387 2705 1481 2764 ex'
1508 2705 1756 2778 his'quaa
1796 2705 1916 2778 igni
1947 2718 2086 2780 con-

443 2773 720 2849 ﬁciuntur
749 2794 768 2849 ;
801 2779 900 2835 sed
930 2773 1166 2838 vivebat
1215 2781 1486 2837 arborum
1545 2773 1847 2835 fructibiis'
1871 2785 1924 2849 et
1967 2775 2087 2849 ole-

445 2848 608 2905 ribus
639 2847 964 2907 contentus.
1024 2851 1257 2908 Multum
1318 2860 1507 2908 autem
1558 2849 1640 2906 illi
1681 2851 1792 2906 hoc
1837 2847 1907 2905 ad
1943 2847 2088 2903 male

444 2920 775 2990 patiendum
820 2921 940 2987 fuit,
1005 2923 1224 2980 homini
1280 2939 1308 2978 a
1370 2922 1637 2979 deliciosa
1690 2921 1797 2978 vita
1855 2929 2087 2990 repetite

441 2989 510 3046 ad
541 3000 828 3049 austeram
880 2994 1029 3050 hanc
1066 2994 1291 3051 vivendi
1343 2995 1580 3050 formam
1633 2989 1932 3050 translato;
1977 2990 2082 3048 Ne-

443 3063 739 3147 queenim
772 3064 987 3147 desidia
1041 3065 1410 3147 abstinentize
1442 3065 1665 3147 pondus
1714 3063 2144 3147 levabatLautC

443 3132 870 3208 multosomno
913 3137 1093 3194 otium
1142 3132 1526 3208 transigebat:
1559 3137 1657 3194 sed
1713 3145 1890 3192 totum
1924 3132 2074 3208 diem

443 3205 501 3262 in
559 3206 798 3276 pulchre
854 3209 1152 3266 scribendo
1210 3205 1559 3276 cont'erebit,
1619 3215 1679 3264 ut
1727 3207 2075 3264 monasterio

442 3290 720 3350 manuum
755 3293 990 3336 suarum
1033 3289 1468 3339 monumentum
1503 3278 1832 3350 reliqueret,
1865 3291 2074 3348 neque,

441 3349 592 3421 quod
625 3350 841 3407 otiosus
872 3366 1074 3421 panem
1133 3351 1524 3416 manducaret,
1574 3349 2056 3421 condemnaretur

440 3419 674 3494 Noctem
707 3419 900 3494 autem
932 3423 988 3478 in
1023 3425 1304 3488 oratione,
1337 3423 1571 3494 psalmis
1623 3433 1675 3480 et
1705 3421 1948 3492 genibus
1976 3419 2080 3494 ﬂe-

441 3492 662 3549 ctendis
691 3492 954 3560 ducebat,
987 3497 1169 3552 tribus
1227 3492 1635 3551 certaminibus
1680 3495 1786 3550 sibi
1819 3493 2078 3562 proposi-

439 3563 514 3638 tis
548 3565 1092 3638 trinitatehtnunito,
1145 3567 1357 3638 duplici
1404 3566 1774 3638 continentia.
1819 3564 2078 3632 corporis

442 3633 639 3709 labore
680 3644 734 3709 et
776 3636 1105 3709 afﬂictione,
1162 3633 1288 3694 cu'm
1349 3637 1855 3709 vigiliisoperacta.
1907 3638 1977 3709 _At
2005 3650 2078 3691 ne

443 3707 574 3779 quis
632 3707 938 3779 existimet.
980 3711 1139 3766 initia
1186 3706 1566 3766 certaminum
1614 3706 1946 3779 huiusmodi
1979 3722 2080 3779 ex:

441 3777 672 3836 stitisse.
705 3778 849 3834 ﬁnes
878 3789 1066 3837 autem
1119 3781 1310 3838 minus
1361 3780 1595 3837 feliciter
1651 3777 1945 3848 peractos:
1980 3777 2080 3834 sed

439 3849 922 3923 quemadmodum
975 3853 1329 3923 principium
1403 3851 1802 3921 approbatum,
1892 3850 1964 3905 ita
2027 3858 2081 3906 et

438 3929 790 3990 postremum
824 3922 934 3978 Deo
963 3922 1067 3980 fuit
1113 3922 1428 3992 acceptum.
1491 3923 1845 3980 Manifestum
1893 3930 2083 3978 autem

441 3995 552 4065 hoc
583 3992 1045 4065 erit_Deiugratia
1095 3994 1403 4065 adjuvante
1444 4004 1497 4051 et
1545 3994 1802 4050 oratione
1851 4007 2078 4063 progre-

441 4062 652 4119 diente.
688 4062 943 4132 Quodam
976 4065 1066 4122 die
1093 4062 1228 4122 adiit
1257 4065 1420 4121 illum
1447 4079 1516 4122 ex
1567 4065 1944 4122 familiaribus
1968 4062 2076 4121 ’ve-

439 4133 658 4209 teribu_s
704 4134 960 4209 quidam,
1019 4138 1117 4209 qui
1170 4151 1302 4194 cum
1362 4137 1648 4194 laudasset
1703 4151 2074 4209 eum,iquem

439 4219 574 4274 erga
603 4205 781 4280 _Deum
827 4205 1053 4264 bonum‘
1101 4209 1356 4266 animum
1405 4223 1525 4280 prae
1577 4224 1638 4265 se
1662 4209 1813 4272 tulit,
1847 4205 1982 4264 dum
2018 4208 2075 4263 in

430 4275 657 4333 .mundo
717 4279 889 4351 vitam
963 4281 1209 4351 degeret,
1288 4289 1342 4337 et
1389 4275 1591 4337 rursus
1645 4281 1704 4336 in
1765 4281 2076 4336 monastica

440 4350 904 4417 conservatione;
971 4350 1218 4422 cumque
1277 4351 1504 4409 beatum
1571 4351 1733 4408 illum
1800 4351 2080 4421 practica-

2171 2217 2310 2261 meze
2355 2207 2564 2262 animae
2611 2203 2815 2262 salute.
2870 2204 3088 2272 Quibus
3138 2205 3322 2270 dictis,
3378 2204 3642 2261 discessit
3676 2212 3824 2262 atto-

2170 2275 2326 2348 nitus
2354 2285 2526 2348 atque
2555 2277 2806 2332 hominis
2839 2279 2925 2334 vir
2955 2288 3105 2334 utem
3139 2276 3562 2348 admiranSLAt
3593 2286 3828 2334 sanctus

2167 2345 2354 2419 Nilus,
2411 2345 2542 2404 cum
2604 2350 2865 2419 petiisset
2913 2365 2941 2405 a
3007 2348 3338 2404 monasterii
3395 2347 3630 2405 cellario
3681 2363 3832 2407 unus

2171 2418 2406 2486 pecudis
2437 2418 2666 2488 pellem,
2718 2422 2866 2476 hanc
2917 2421 3180 2476 manibus
3227 2419 3571 2481 conficiens,
3621 2432 3688 2475 ac
3733 2421 3832 2478 bo-

2170 2490 2591 2547 nedictionibus
2644 2492 2858 2547 variam
2907 2504 3198 2547 exornans
3245 2492 3365 2547 suis
3411 2491 3667 2548 humeris
3723 2492 3832 2549 im-

2169 2562 2376 2630 posuit,
2423 2575 2618 2618 secum
2668 2564 2926 2632 cogitans
2974 2577 3104 2618 eum
3153 2563 3250 2633 qui
3310 2561 3474 2625 dixit,
3517 2583 3539 2612 ε
3572 2561 3814 2618 Circuie-

2170 2633 2650 2713 runtin_molotis
2681 2641 2737 2690 et
2766 2633 3014 2713 petlibus
3060 2634 3338 2713 caprinis.
3386 2655 3408 2684 ι
3451 2633 3820 2713 Prqpmitum

2169 2712 2360 2760 autem
2408 2703 2513 2761 hoc
2567 2703 2880 2762 unum’illi
2933 2715 3078 2774 erat,
3131 2706 3301 2763 vitam
3344 2703 3715 2774 apostolicam
3765 2717 3826 2766 et

2169 2775 2351 2848 zelum
2386 2775 2892 2848 propheticumin
2945 2776 3124 2848 animi
3172 2775 3683 2848 promptitudinem
3716 2793 3814 2835 su-

2169 2846 2409 2920 scipere’,
2461 2856 2631 2920 atque
2677 2847 2748 2905 ad
2796 2847 2929 2906 illos
2975 2846 3207 2906 assidue
3259 2846 3573 2919 aspiciens,
3607 2865 3673 2904 ex
3706 2850 3820 2907 illis

2171 2917 2446 2976 formabat
2493 2917 2823 2977 interiorem
2873 2929 3043 2991 atque
3085 2917 3428 2978 exteriorem
3477 2920 3821 2979 hominem:

2170 2999 2339 3058 caput
2381 2992 2707 3061 inopertum
2755 2992 3034 3056 habebat;
3078 2991 3240 3063 juxta
3291 2992 3545 3062 Aposmli
3601 3007 3818 3062 praeco-

2171 3070 2348 3130 ptum,
2381 3077 2495 3119 una
2527 3077 2660 3120 vero
2702 3064 2896 3122 tunica
2948 3077 3118 3120 omne
3168 3073 3396 3134 tempus
3446 3063 3812 3129 induebatur,

2165 3135 2559 3205 evangelicum
2629 3134 2845 3192 dictum
2923 3149 3194 3206 sequens,
3273 3134 3558 3206 pedesque
3631 3135 3817 3194 nudos

2160 3215 2760 3279 gerens._propterea.
2815 3207 2968 3277 quod
3019 3208 3091 3279 ita
3137 3222 3165 3264 a
3200 3209 3477 3279 propheta
3518 3217 3811 3279 suntcum

2159 3277 2539 3348 admiratione
2571 3278 2898 3348 hujusmodi
2949 3278 3121 3348 pedes
3171 3277 3488 3348 approbati.
3542 3278 3815 3346 Quamvis

2161 3347 2231 3403 ab
2264 3349 2591 3420 hujusmodi
2645 3347 3154 3422 lJbiribus’atque
3201 3347 3609 3422 afﬂictionibus
3642 3361 3825 3422 extre-

2162 3432 2267 3477 mae
2323 3419 2631 3493 Senectutis
2688 3421 2988 3479 inﬁrmitas
3036 3419 3204 3493 atque
3237 3419 3592 3479 imbecillitas
3651 3421 3814 3480 illum

2160 3492 2388 3555 amovit,
2412 3503 2615 3565 tamen
2648 3495 2718 3551 ab
2751 3494 2926 3549 animi
2976 3492 3282 3550 virtutibus
3323 3507 3393 3548 na
3426 3508 3545 3562 ipsa
3579 3495 3812 3565 quidem

2164 3577 2317 3620 mors
2373 3564 2706 3628 absterruit.
2758 3565 3070 3636 quominus
3121 3567 3176 3621 in
3234 3565 3344 3620 illis
3396 3564 3613 3635 primas
3665 3566 3826 3634 prin-

2160 3636 2409 3704 cipatum
2445 3637 2698 3702 haberet,
2730 3651 2918 3705 neque
2949 3637 3102 3692 illius
3137 3636 3472 3694 mem0riam
3505 3637 3676 3693 futuri
3711 3639 3817 3694 aevi

2163 3706 2376 3780 delevit
2397 3709 2633 3771 oblivio.
2666 3708 2948 3778 siquidem
3005 3709 3164 3780 juxta
3210 3707 3552 3779 Apostolum
3586 3717 3824 3768 manent

2165 3780 2288 3835 haec
2313 3778 2437 3845 tria,
2471 3793 2623 3850 spes,
2657 3780 2795 3836 ﬁdes
2836 3789 2891 3837 et
2921 3778 3192 3836 charitas.

2245 3871 2265 3900 ε
2327 3853 2396 3907 At
2456 3848 2672 3909 interea
2733 3852 2803 3907 ad
2852 3867 2914 3908 ea
2974 3867 3101 3922 quae
3161 3849 3441 3922 cmplmtts
3492 3848 3814 3908 redeamus.

2166 3921 2294 3994 Erat
2354 3925 2588 3994 regulus
2645 3923 2900 3994 quidam,
2953 3920 3126 3994 quem
3180 3920 3450 3994 comitem
3499 3931 3706 3994 vocant
3755 3924 3814 3981 in

2165 3993 2502 4061 regionibus
2561 3991 2696 4056 illis.
2757 3991 3065 4052 durus—ac
3135 3994 3376 4050 nimium
3441 3991 3816 4060 inhumanus,

2161 4065 2379 4121 nullam
2413 4080 2532 4122 suae
2561 4066 2760 4124 salutis
2794 4070 3075 4123 rationem
3109 4065 3329 4122 habens
3357 4079 3370 4121 :
3424 4073 3592 4122 utens
3625 4074 3814 4124 autem

2160 4136 2464 4208 tyrannide
2511 4146 2681 4207 atque
2724 4139 3072 4208 arrogantia,
3123 4135 3376 4208 servituti
3412 4135 3672 4208 subjecit
3725 4139 3818 4194 in-

2160 4207 2755 4282 nocentemanimum
2799 4207 3120 4282 cujusdam,
3144 4207 3331 4282 quiad
3362 4207 3504 4265 illud
3535 4217 3816 4282 monaste-

2160 4281 2332 4344 rium,
2393 4280 2490 4336 ubi
2552 4282 2748 4338 beatus
2804 4280 2967 4338 Nilus
3046 4281 3401 4344 versabatur,
3464 4281 3815 4351 pertinebat.

2161 4351 2418 4419 Quodam
2452 4353 2626 4422 igitur
2656 4353 2748 4410 die
2794 4367 2924 4409 cum
2975 4352 3072 4409 ille
3120 4362 3399 4424 tyrannus
3450 4352 3719 4411 irruisset
3748 4353 3805 4408 in

439 4423 554 4518 is};
604 4424 1132 4518 eaeeae-sum!
1177 4425 1384 4518 b99891
1445 4422 2571 4518 PE?“£."3_fi'egi‘ﬂfliﬁn90Ms‘eﬂ9m
2630 4425 2700 4518 ³9
2759 4422 3810 4518 "vendas.;.irr9P:ium-.Y::mtaaz

437 4503 556 4547 non
605 4493 894 4564 auferetur
947 4493 1018 4550 ab
1070 4509 1158 4551 eo.
1214 4496 1287 4552 At
1332 4494 1417 4551 is:
1477 4495 1532 4551 Si
1591 4493 1834 4559 bonum,
1867 4493 2074 4564 inquit,

437 4570 542 4637 est,
575 4577 615 4637 o_
640 4563 828 4637 frater,
881 4565 1033 4635 quod
1081 4565 1297 4632 laudas,
1350 4581 1529 4637 quare
1576 4573 1628 4622 et
1661 4575 1718 4623 tu
1750 4579 1864 4621 non
1895 4563 2072 4622 aemu-

437 4631 622 4710 laris?
665 4631 961 4710 Pr0pterea
1021 4638 1194 4707 quod,
1232 4631 1455 4710 inquit,
1505 4651 1634 4710 non
1695 4637 1884 4695 existit
1936 4637 2074 4694 mihi

435 4705 703 4778 amictus,
734 4705 920 4778 néque
950 4705 1078 4766 lane
1109 4705 1362 4766 conlecta
1396 4708 1608 4766 tunica.

511 4795 537 4828 ι
571 4777 780 4853 Statim
801 4777 991 4838 autem
1017 4783 1268 4853 surgens
1290 4791 1521 4838 sanctus
1537 4783 1644 4846 vir,
1678 4779 1908 4853 dempto
1941 4781 2068 4846 sibi,

435 4862 604 4920 quem
630 4850 882 4920 gerebat,
915 4850 1154 4910 amictu?
1187 4868 1392 4910 novum
1424 4867 1490 4908 ac
1548 4853 1795 4909 maxime
1826 4852 2074 4910 delecta-

436 4918 721 4976 bilem'ei
779 4918 879 4997 dat
920 4923 1336 4997 excusationes,
1397 4923 1766 4997 i_mportunas_
1811 4923 2070 4997 fingenti,

438 5004 504 5045 ac
530 4992 956 5062 quamprimum
1006 5010 1206 5052 zonam
1251 4992 1592 5064 dissolvens,
1641 4992 1922 5052 studebat
1953 5012 2076 5053 sese

436 5076 670 5138 exuere,
703 5072 765 5121 ut
822 5073 877 5122 et
929 5068 1187 5138 tunicam
1245 5067 1326 5124 illi
1359 5068 1551 5124 daret:
1586 5066 1752 5136 Cape,
1786 5069 2070 5138 inquiens,

435 5132 578 5189 haec.
611 5134 1014 5216 fratermodo,
1057 5153 1129 5194 ne
1178 5140 1322 5196 bona
1371 5132 2075 5216 partepriverisfde‘me

434 5218 571 5278 vero
628 5205 849 5278 abjecto
934 5209 1091 5266 illius
1161 5225 1325 5268 servo
1372 5205 1684 5266 'Dominus
1731 5210 2070 5278 providebit.

434 5274 572 5333 Cum
623 5274 721 5334 ille
771 5278 911 5353 viri_
942 5282 1471 5351 magnanimitatem
1513 5274 1926 5353 perspeitisset,
1959 5283 2070 5339 im-

433 5361 810 5430 memsanque
867 5351 1198 5430 charitaiem
1245 5362 1436 5430 _atque
1465 5351 1826 5430 elTerventem
1858 5353 2062 5419 zelum,

432 5432 549 5475 non
583 5422 837 5490 permisit
883 5422 1047 5479 illum
1102 5422 1360 5482 omniuo‘
1390 5427 1548 5489 exui,
1580 5425 1924 5482 erubescens
1955 5440 2066 5482 nii-

433 5490 862 5574 d.um.videre:
916 5495 1194 5574 amictum
1252 5510 1440 5574 au'em
1491 5496 1677 5574 solum
1719 5495 1978 5574 _cap_iens
1998 5513 2065 5555 ac

433 5561 543 5618 sibi
596 5562 1284 5640 im_poneus._Prenitens,
1347 5569 1552 5640 inquit,
1604 5567 1776 5625 credo
1807 5561 2063 5626 'Domino

432 5641 630 5714 nostro
659 5635 1070 5714 Jesu_(‘.h_risto,
1124 5645 1178 5714 et
1223 5653 1389 5714 spero
1421 5635 1476 5714 in
1512 5649 1898 5714 sanctastuas
1928 5655 2060 5698 ora-

433 5707 640 5782 tiones,
671 5707 826 5777 quod
853 5709 928 5782 ob
959 5707 1410 5782 recordatiOnem
1443 5711 1614 5782 hujus
1644 5712 1886 5768 amictus
1941 5719 2064 5770 stu-

434 5775 578 5839 deho
607 5783 664 5836 et
688 5775 798 5852 ego
847 5780 966 5839 Deo
1014 5781 1262 5855 placere,
1313 5799 1378 5842 ac
1406 5775 1693 5841 certamen
1731 5782 1924 5841 subire
1959 5800 2062 5858 pro

2161 4508 2348 4566 neque
2416 4496 2568 4551 enim
2627 4497 2701 4553 ob
2775 4498 2982 4552 animae
3053 4495 3400 4555 utilitatem:
3473 4508 3605 4550 cum
3643 4505 3816 4566 esset

2161 4565 2546 4634 discessurus,
2595 4568 2894 4637 praefectus
2941 4568 3087 4624 nihil
3141 4581 3318 4622 ausus
3364 4575 3449 4624 est
3499 4581 3563 4622 ea
3625 4565 3694 4621 de
3752 4581 3816 4623 re

2161 4638 2372 4703 dicere,
2410 4641 2624 4695 veritus
2655 4639 3040 4708 arrogantiam
3094 4649 3265 4708 atque
3315 4637 3471 4693 illius
3500 4637 3808 4706 impuden-

2162 4710 2342 4766 tiam:
2419 4709 2713 4768 advocavit
2770 4711 2825 4764 Β.
2886 4710 3097 4773 Nilum.
3157 4714 3213 4765 in
3275 4723 3389 4780 quo
3447 4709 3805 4780 admirabilis

2159 4781 2429 4852 loquendi
2486 4781 2714 4838 libertas
2763 4781 2966 4844 inerat,
3018 4791 3190 4853 atque
3239 4779 3398 4836 illum
3447 4779 3810 4852 adhortatur,

2159 4862 2220 4910 iit
2271 4853 2585 4910 terriblem
2632 4853 2794 4909 illum
2848 4855 3166 4924 principem
3208 4866 3538 4924 aggressus,
3574 4855 3809 4918 animae,

2157 4939 2329 4995 quam
2373 4925 2584 4996 injuste
2633 4935 3030 4996 occupaverat,
3086 4925 3496 4996 liberationem,
3535 4925 3808 4994 impetra-

2158 5007 2242 5052 ret
2289 4997 2396 5064 Qui
2437 4995 2600 5053 velut
2649 5013 2676 5051 a
2726 4997 2843 5053 Deo
2890 4995 3107 5068 jussus,
3142 5007 3309 5066 atque
3341 4995 3658 5052 indubitata
3696 4996 3807 5053 ﬁde

2156 5079 2428 5132 armatus,
2511 5067 2650 5124 adiit
2712 5067 3079 5125 temerarium
3165 5069 3351 5134 illum,
3413 5077 3466 5124 et
3525 5081 3698 5138 opere
3755 5078 3810 5125 et

2158 5140 2367 5202 verbis,
2401 5139 2793 5209 spiritualibus
2843 5140 3334 5197 admonitionibus
3380 5147 3572 5202 utens,
3604 5153 3810 5210 quem-

2155 5210 2466 5267 admodum
2499 5227 2527 5267 a
2581 5212 2844 5281 praefecto
2900 5211 3178 5276 audierat,
3225 5212 3542 5268 admonens
3572 5225 3702 5267 eum
3737 5211 3807 5268 de

2155 5285 2446 5353 proposita
2505 5297 2590 5346 re,
2651 5283 2816 5355 cujus
2889 5287 3070 5354 gratia
3132 5292 3382 5340 venerat.
3445 5282 3560 5338 Hoc
3615 5290 3805 5340 autem

2153 5355 2399 5426 nimium
2432 5355 2880 5420 contradicente,
2935 5365 3106 5426 atque
3137 5355 3466 5426 petitionem
3499 5363 3798 5421 renuente,

2149 5425 2302 5497 quod
2351 5440 2535 5498 neque
2566 5427 2612 5483 si
2665 5427 2904 5498 angelus
2937 5443 2967 5483 e
3011 5425 3156 5484 cmlo
3187 5425 3574 5498 descenderet,
3611 5440 3800 5498 neque

2147 5496 2322 5555 alicui
2373 5496 2592 5554 homini
2643 5496 2793 5556 esset
2843 5501 3362 5569 obtemperaturus,
3423 5505 3487 5554 ut
3515 5496 3799 5569 ejusmodi

2147 5571 2410 5641 animam
2455 5569 2757 5641 eriperet;
2837 5571 3039 5627 beatus
3096 5569 3259 5626 Nilus
3334 5570 3534 5627 mortis
3595 5572 3806 5626 stimu-

2147 5642 2263 5697 lum
2338 5640 2560 5712 injecit,
2633 5641 3006 5699 considerans
3082 5642 3283 5698 mortis
3341 5641 3793 5698 iocordationeni

2148 5713 2414 5770 idoneam
2495 5727 2642 5780 esse,
2704 5722 2766 5772 ut
2827 5725 2882 5772 ct
2955 5713 3237 5786 lapideam
3295 5715 3552 5772 animant
3609 5729 3801 5772 move-

2147 5802 2230 5845 re.
2270 5806 2292 5836 1⁵
