4182 6396
339 404 418 474 33

1599 404 1785 474 VITA
1829 409 1892 472 S.
1937 397 2106 469 NILI
2146 401 2520 471 JUNIORIS.

3672 409 3752 476 34

344 552 677 627 παραχρῆμα
753 548 1061 627 συσχεθεὶς,
1133 546 1302 603 ἔκειτο
1378 544 1540 625 μέχρί
1623 549 1721 611 τῆς
1811 541 1991 608 ἐνάτης

2090 537 2327 600 decimo
2359 558 2498 601 vero
2557 541 3000 621 conspiratione
3023 538 3082 603 in
3103 561 3236 603 eum
3254 542 3745 608 factaavici’illius

347 636 544 717 ἡμέρας
623 636 1045 713 βασανιζόμενος
1117 635 1421 702 ἀνηκέστως
1452 651 1466 666 ⁸
1525 635 1615 691 καὶ
1682 639 1752 711 τῇ
1807 630 1991 707 δεκάττ

2089 628 2299 690 incolis
2351 637 2409 690 et
2452 629 2931 691 consultantibus
2982 630 3259 693 omnibus
3309 632 3384 693 de
3434 632 3745 696 inferenda

350 726 645 790 συστάσεως
720 730 867 801 αὖτῷ
944 725 1252 806 ἐνεχθεῖσης
1315 725 1462 805 παρὰ
1534 730 1638 780 τῶν
1714 721 1991 799 οἷκητύρωε

2090 716 2172 779 illi
2206 737 2376 799 nece,
2410 718 2752 780 admonitus
2783 719 2883 780 ille
2915 720 2988 781 de
3027 720 3140 781 hoc
3187 741 3218 781 a
3271 723 3534 785 mmnade
3582 726 3743 804 (l3),

351 820 450 882 τῆς
517 816 735 895 κώμης,
786 816 878 872 καὶ
941 805 1150 872 πάντων
1227 812 1620 891 βουλευομένων
1667 812 1824 869 α’ντὸν
1864 810 1991 865 ἀπο-

2092 825 2222 895 qua:
2252 807 2380 887 ejus
2413 805 2646 867 libidini
2692 807 3011 880 serviebat,
3058 808 3307 889 arripuit
3336 809 3574 890 quidem
3627 819 3746 892 g'a—

350 917 579 986 κτεῖναι,

646 906 807 968 αυτὸς
877 906 1056 980 μαθὼν
1111 914 1266 963 τοῦτο
1340 905 1472 983 πρὸς
1526 907 1624 970 τῆς
1700 898 1790 959 ὑπ’
1852 903 1991 959 αὒτοὶ

2090 894 2253 958 dium
2287 897 2471 957 fretus
2502 895 2769 969 audacia,
2807 904 3151 977 tantumque
3184 897 3302 958 illis
3333 899 3495 962 visus
3535 920 3746 964 omnes

351 984 706 1072 πορευομένης
730 991 983 1070 μαινάδος
1031 992 1172 1072 (13).
1217 990 1507 1050 ἐπελάϐετο
1558 991 1653 1068 μὲν
1702 998 1780 1066 τῷ
1827 990 1991 1069 θράσει

2089 984 2149 1045 in
2183 985 2379 1063 fugam
2412 984 2600 1046 vertit.
2656 986 2877 1046 Verum
2929 985 3142 1047 timore
3174 1004 3509 1069 pavoreque
3558 992 3743 1053 velte-

350 1087 451 1149 τῆς
504 1082 737 1162 σπάθης,
797 1083 887 1139 καὶ
941 1081 1143 1146 πάντας
1199 1081 1386 1145 αὐτοὺς
1460 1079 1820 1160 διεσκόρπισεν
1895 1078 1991 1134 ἐπι-

2091 1078 2348 1137 mentius
2381 1075 2655 1155 agitatus,
2694 1075 3017 1157 volensque
3065 1075 3179 1137 sibi
3220 1076 3353 1155 fuga
3398 1080 3742 1158 consulere,

352 1172 530 1251 quasi;
573 1173 663 1228 καὶ
709 1172 895 1247 μόνον.
932 1177 1020 1246 Τῷ
1067 1169 1122 1226 δὲ
1368 1171 1456 1226 καὶ
1503 1175 1572 1247 τῇ
1617 1166 1783 1225 δειλία
1829 1189 1991 1224 κατα-

2088 1166 2213 1226 suis
2244 1165 2372 1246 ipse
2409 1165 2770 1247 praepeditus
2819 1177 2910 1228 est
2960 1167 3164 1240 armis,
3219 1167 3539 1250 lapsusque
3563 1191 3745 1234 occu-

352 1263 563 1340 σχεθεὶς
610 1260 698 1318 ἐπι
764 1258 979 1335 πλεῖον,
1052 1260 1141 1317 καὶ
1216 1257 1515 1337 βουληθεὶς·
1563 1264 1632 1335 τῇ
1707 1262 1849 1338 φυγῇ
1903 1257 1991 1323 τὴν

2086 1251 2234 1329 buit,
2270 1264 2518 1336 tumque
2552 1254 2861 1334 praecisum
2914 1255 2999 1317 illi
3055 1255 3163 1317 fuit
3193 1266 3370 1335 caput
3398 1259 3587 1336 abiis,
3642 1263 3743 1343 qui

348 1351 618 1429 σωτηρίαν
702 1349 970 1430 εὕρασθαι,
1054 1350 1158 1405 ὑπὸ
1241 1354 1348 1405 τῶν
1421 1346 1558 1404 ἰδίων
1633 1344 1991 1423 συμποδισθεὶς

2085 1361 2241 1424 sape
2269 1343 2342 1406 ab
2375 1363 2443 1406 eo
2463 1344 2720 1437 pessima
2751 1362 3002 1437 quaeque
3038 1346 3267 1407 fuerant
3298 1348 3479 1427 passi,
3519 1352 3746 1437 projec-

350 1438 625 1517 ἁρμάτων,
680 1440 769 1496 καὶ
820 1441 997 1497 πεσὼν
1045 1446 1141 1497 τοῦ
1186 1442 1281 1509 ζῆν
1325 1435 1618 1515 ἀπηλλάγη
1653 1452 1667 1466 ⁸
1700 1437 1789 1492 καὶ
1833 1455 2001 1497 ουτως

347 1525 452 1582 ὑπὸ
505 1534 612 1584 τῶν
667 1525 793 1608 παρ’
846 1532 1003 1587 αὺτοῦ
1050 1525 1308 1589 πολλακις
1366 1523 1717 1593 ἀδικηθέντων
1766 1524 1864 1592 τὴν
1915 1546 2002 1581 κε-

2085 1440 2295 1514 tusque
2325 1433 2454 1514 ipse
2506 1432 2754 1495 canibus
2804 1432 2879 1495 ad
2924 1434 3356 1496 devorandum.
3412 1436 3481 1498 Et
3524 1432 3743 1520 imple—

2086 1530 2204 1583 tum
2266 1532 2378 1599 est,
2433 1522 2591 1604 quod
2645 1521 2731 1583 vir
2774 1532 3015 1586 sanctus
3071 1524 3144 1586 de
3200 1523 3303 1585 illo
3364 1528 3740 1606 praedixerat,

346 1614 526 1693 φαλὴν
581 1616 888 1697 ἀπετμήθη,
936 1618 1026 1674 γαὶ
1071 1628 1191 1680 τοῖς
1260 1616 1377 1675 κυσὶ
1421 1612 1684 1695 παρεδόθη
1731 1615 1805 1677 εἷς
1853 1614 1991 1692 βρῶ-

2083 1612 2315 1673 scilicet
2366 1631 2483 1674 non
2552 1621 2710 1691 ante,
2769 1630 2887 1677 non
2948 1624 3099 1693 post,
3162 1613 3267 1674 sed
3326 1614 3560 1679 decima
3618 1619 3741 1682 die.

348 1724 456 1766 σιν,
510 1705 609 1764 Καὶ
665 1704 950 1786 ἐπληρώθη
1022 1709 1164 1780 αὒτῷ
1228 1706 1264 1773 ἡ
1318 1702 1602 1785 πρόρρησις
1674 1713 1769 1762 τοῦ
1825 1704 1991 1782 ἁγίου,

2084 1700 2399 1778 Postquam
2451 1701 2514 1762 hi
2566 1701 2699 1762 dies
2742 1701 2969 1773 abere,
3032 1721 3314 1764 reversus
3372 1714 3461 1766 est
3521 1704 3745 1787 Spiritu

346 1794 422 1856 ὡς
454 1793 570 1851 ὥτε
611 1794 782 1876 ἐντὸς,
827 1792 943 1852 οὔτε
991 1794 1165 1867 ἐκτὸς,
1214 1792 1332 1850 ἀλλ’
1382 1792 1437 1848 ἓν
1487 1798 1555 1862 τῆ
1605 1790 1799 1870 δεκάτῃ
1849 1791 1991 1868 ἡμέ-

2081 1804 2286 1854 sancto
2339 1800 2395 1853 et
2447 1791 2562 1851 ﬁde
2600 1792 2810 1870 plenus
2841 1800 3081 1854 sanctus
3115 1795 3282 1855 l’ater
3311 1793 3481 1855 Nilus
3506 1797 3578 1859 ad
3601 1817 3745 1859 san-

346 1902 432 1961 ρᾳ.
475 1884 623 1939 Μετά
667 1880 722 1940 δε
768 1883 962 1947 ταύτας
1009 1884 1105 1948 τὰς
1154 1882 1356 1963 ἡμέρας
1400 1881 1721 1962 ὑπέστρεψεν
1773 1883 1802 1937 ὁ
1852 1878 1996 1944 ὅσιος

344 1971 524 2051 πατὴρ
596 1971 788 2036 Νεῖλος
869 1971 1081 2054 πλήρης
1140 1971 1219 2029 ὢν
1305 1972 1610 2048 Πνεύματος
1700 1971 1851 2050 ἁγίου
1909 1971 1998 2027 καὶ

348 2062 576 2125 πίστεως
661 2064 793 2143 πρὸς
858 2062 981 2127 τοὺς
1057 2063 1236 2140 ἁγίους
1307 2061 1542 2141 Πατέρας
1620 2060 1742 2124 τοὺς
1818 2059 1872 2116 ἐν
1920 2065 1998 2134 τῷ

347 2151 671 2229 Μερκωρίῴ.
733 2152 831 2208 Καὶ
881 2151 982 2230 γὰρ
1051 2149 1250 2230 πέφυκε
1322 2157 1399 2225 τῷ
1472 2149 1639 2226 δμοίῲ
1691 2150 1753 2205 τὸ
1812 2146 1995 2225 ὅμοιον

342 2237 558 2303 πάντως
613 2237 920 2309 συνήδεσθαι
944 2255 958 2270 ⁸
990 2241 1079 2296 καὶ
1134 2237 1333 2303 ἰδόντες
1389 2240 1546 2298 αὒτὸν
1614 2237 1809 2301 πάντες
1865 2236 1997 2294 ἀπο-

343 2327 589 2385 στολικὸν
625 2330 716 2385 καὶ
765 2329 877 2405 βέον
926 2329 1016 2385 καὶ
1070 2333 1265 2408 σχῆμα
1318 2329 1408 2385 καὶ
1456 2325 1784 2403 ἐπιτήδευμα
1838 2349 1995 2407 περι-

342 2411 698 2498 ϐεἷλημὲνον,
785 2416 983 2499 ἔχοντα
1072 2414 1126 2473 δὲ
1226 2419 1314 2475 καὶ
1397 2417 1498 2485 τὴν
1572 2417 1996 2497 εὐπρεπεστάτην

2081 1888 2208 1943 ctos
2240 1879 2440 1942 Patres
2472 1880 2530 1941 in
2568 1881 2886 1943 Mercurio.
2907 1879 3123 1943 Natura
3147 1882 3305 1945 enim
3331 1895 3740 1965 comparatum

2082 1978 2172 2032 est
2191 1978 2249 2030 ut
2267 1972 2440 2051 plane
2454 1969 2983 2032 similibussimilia
2996 1970 3745 2043 delectentur,etvidentes

2082 2078 2214 2120 eum
2248 2078 2458 2121 omnes
2508 2066 2567 2120 et
2617 2059 2733 2121 vita
2784 2069 2841 2122 et
2884 2060 3013 2121 zelo
3064 2067 3120 2121 et
3148 2062 3349 2123 habitu
3382 2062 3744 2129 etinstituto

2080 2155 2352 2211 ornatum
2382 2148 2715 2228 apostolico
2770 2156 2828 2212 et
2879 2151 3250 2214 relucentem
3298 2150 3358 2213 in
3391 2153 3521 2232 ejus
3550 2154 3746 2219 fronte

2078 2255 2213 2299 cum
2291 2237 2656 2299 verecundia
2730 2237 3232 2302 modestissimam
3315 2242 3742 2323 humilitatem,

2080 2327 2452 2389 exsultarunt
2483 2334 2541 2388 et
2571 2326 2747 2389 laetati
2779 2338 2921 2390 sunt
2948 2327 3192 2410 Deoque
3220 2331 3466 2410 g'oriam
3502 2343 3746 2416 propter

2080 2416 2278 2496 ipsum
2312 2416 2633 2478 dederunt.

338 2508 655 2565 ταπείνωσιν
686 2507 776 2564 σὺν
817 2512 888 2575 τῆ
940 2503 1083 2564 αἰδοῖ
1136 2513 1215 2583 τῷ
1265 2507 1498 2585 μετώπῲ
1551 2505 1989 2587 προκαθημένην,
2031 2504 2426 2586 ἠγαλλιάσαντο
2453 2508 2541 2562 καὶ
2599 2507 2991 2588 ηὔφράνθησαν,
3043 2508 3131 2565 καὶ
3173 2515 3250 2584 τῷ
3293 2515 3408 2585 Θεῴ
3460 2508 3543 2567 ἐπ’
3599 2516 3743 2591 αὖτῷ

337 2590 491 2660 δόξαν
520 2594 855 2672 ἀνέπεμψαν,

423 2672 486 2742 ι’.
521 2685 687 2748 Αὐτὸς
715 2682 772 2740 δὲ
808 2684 1011 2750 πάντας
1069 2685 1166 2763 μὲν
1214 2682 1424 2743 ἐσέϐετο
1476 2685 1564 2742 καὶ
1610 2683 1889 2745 εὐλαϐεῖτο
1916 2686 1991 2748 ὡς

339 2770 601 2851 ἀγγέλως
660 2775 867 2855 Κυρίου,
936 2773 1212 2855 ἐξαιρέτως
1277 2771 1332 2830 δὲ
1388 2772 1575 2855 σχέσιν
1633 2775 1722 2831 καὶ
1773 2773 1990 2853 ἀγάπην

340 2861 599 2938 μεγίστην
654 2862 908 2930 ἐκέκτητο
962 2865 1095 2944 πρὶς
1151 2866 1243 2921 τὸν
1297 2864 1471 2938 τίμιον
1522 2862 1729 2944 Πατέρα
1781 2869 1990 2920 Φαντϊ-

337 2972 452 3012 νον.
487 2950 745 3016 Κάκεῖνος
775 2949 829 3008 δὲ
875 2951 1034 3009 πάλιν
1075 2954 1138 3010 τὸ
1183 2953 1310 3012 αὒτὸ
1356 2950 1566 3032 φίλτρον
1615 2952 1653 3021 ἢ
1698 2953 1787 3010 καὶ
1831 2950 1991 3009 πλέον

340 3037 566 3099 ἐδείκνυε
606 3043 739 3121 πρὸς
784 3042 940 3101 αὐτόν
970 3059 985 3074 ⁸
1016 3042 1117 3110 τὴν
1175 3051 1269 3101 τοῦ
1324 3041 1521 3121 Πέτρου
1577 3042 1666 3099 καὶ
1721 3037 1991 3121 Ἰωάννου,

2163 2675 2256 2740 10.
2290 2672 2427 2755 Ipse
2478 2692 2618 2737 vero
2651 2693 2862 2737 omnes
2886 2676 3282 2739 venerabatur
3313 2687 3591 2760 tanquam
3624 2700 3737 2744 an-

2074 2765 2238 2846 gelos
2257 2763 2517 2837 Domini,
2552 2764 2852 2852 praecipuo
2873 2784 3015 2829 vero
3039 2785 3246 2828 amore
3263 2769 3739 2850 prosequebatur

2077 2875 2428 2938 summaque
2473 2854 2760 2919 charilate
2791 2858 3301 2939 complectebatur
3330 2860 3734 2925 venerabilem

2075 2945 2311 3010 Patrem
2364 2944 2679 3008 Fantinum
2730 2967 2747 3024 ;
2807 2956 2863 3010 et
2923 2947 3026 3009 ille
3098 2948 3381 3010 vicissim.
3439 2951 3587 3030 pari,
3643 2953 3735 3014 vel

2078 3038 2254 3100 etiam
2289 3036 2498 3118 majori
2552 3037 2767 3100 affectu
2852 3039 3074 3101 amoris
3123 3039 3542 3120 respondebat,
3580 3040 3736 3107 Petri

337 3128 376 3195 ἦ
417 3127 690 3190 Βασιλείου
734 3132 822 3187 καὶ
874 3133 1158 3211 Γρηγορίου
1204 3131 1444 3210 συζυγίαν
1496 3131 1586 3186 καὶ
1632 3127 1985 3186 ἀδιάσπαστον

2080 3148 2210 3192 cum
2244 3131 2496 3205 Joanne,
2532 3147 2638 3190 seu
2686 3129 2888 3192 Basilii
2937 3150 3070 3191 cum
3124 3130 3410 3211 Gregorio
3443 3151 3734 3196 summam

338 3217 560 3295 γνώμην
638 3218 693 3275 ἐν
779 3220 987 3285 ἑαυτοῖς
1069 3218 1478 3300 προδηλοῦντες,
1565 3218 1987 3299 Συγκαθημένων

339 3306 440 3385 γαρ
469 3310 639 3366 αὐτῶν
695 3306 981 3391 πολλάκις,
1037 3311 1126 3367 καὶ
1177 3310 1274 3374 τὰς
1331 3309 1540 3390 Γραφὰς
1589 3307 1989 3386 ἀναγινωσκόν-

334 3416 467 3474 των,
555 3397 845 3475 συνήγοντο
918 3402 967 3456 οἱ
1035 3396 1249 3480 ἀδελιροὶ
1323 3399 1453 3478 πρὸς
1511 3398 1698 3461 αὐτοὺς
1767 3396 1988 3478 πάντες,

331 3483 759 3565 παρακαλοῦντες
815 3487 1035 3546 ἀκοῦσαι
1090 3486 1246 3566 λύγον
1286 3485 1541 3566 ὠφελείας
1608 3485 1669 3543 ἐκ
1721 3495 1814 3546 τοῦ
1871 3508 1991 3542 στο-

332 3596 503 3650 ματος
550 3578 743 3638 αὐτῶν.
779 3577 877 3634 Καὶ
905 3576 1184 3640 ἀκούοντες
1230 3577 1352 3641 τοὺς
1398 3574 1588 3654 λύγους
1637 3581 1737 3643 τῆς
1768 3574 1988 3656 χάριτος

334 3664 459 3727 τοὺς
534 3663 976 3744 ἐκπορευομένους
1053 3665 1114 3723 ἐκ
1183 3674 1278 3725 τοῦ
1342 3664 1609 3742 στόματος
1679 3674 1773 3725 τοῦ
1846 3665 1990 3722 ὁσίου

339 3754 548 3832 Πατρὸς
632 3754 786 3829 ἡμῶν
878 3752 1088 3835 Νείλου,
1194 3757 1507 3833 θεωροῦντες
1610 3751 1808 3810 δὲκαὶ
1888 3755 1986 3822 τὴν

334 3839 731 3920 ἀστράπτουσαν
761 3841 921 3923 χάριν
970 3842 1057 3900 ἐπι
1101 3843 1193 3901 τὸν
1232 3842 1382 3922 ἅγιον
1442 3842 1647 3924 Πατέρα
1702 3850 1986 3922 Φανττνον,

335 3928 481 3989 οὖδὲν
539 3929 670 3988 ἄλλο
715 3928 1083 4008 ὑπελάμϐανον
1158 3933 1370 3997 τούτους
1435 3931 1718 4012 ὑπάρχειν,
1772 3929 1893 3989 ἀλλ’
1951 3931 1987 4001 ἢ

337 4020 535 4099 Πέτρον
566 4022 655 4078 καὶ
701 4019 924 4094 Παῦλον,
977 4024 1050 4079 ὧν
1100 4024 1189 4079 καὶ
1235 4024 1327 4080 τὸν
1378 4022 1490 4099 βίον
1542 4021 1785 4094 ἐζήλουν,
1836 4021 1986 4086 Τινὲς

336 4109 425 4166 οὖν
507 4117 616 4167 τῶν
688 4107 890 4190 ἀδειρῶν
958 4110 1273 4176 ἀπελθόντες
1346 4113 1418 4176 είς
1487 4112 1840 4191 προσκύνησιν
1892 4121 1987 4171 τοῦ

338 4198 576 4277 μεγάλου
654 4206 856 4284 [ἰατρὸς
943 4202 1208 4284 ’ίωάννον,
1267 4201 1491 4285 ἤρξαντο
1571 4204 1808 4261 ἐπαινεῖν
1892 4204 1983 4260 τὸν

337 4289 600 4368 μακάριον
653 4291 869 4374 Νεῖλον,
924 4295 999 4358 ὡς
1072 4292 1327 4374 ὠφελείας
1392 4295 1636 4353 ὑπόθεσιν
1694 4293 1837 4373 παρὰ
1892 4300 1986 4351 τοῦ

336 4385 473 4437 Θεοῦ
544 4381 845 4460 πεμφθέντα
914 4382 968 4439 ἐν
1048 4395 1169 4446 τοῖς
1247 4381 1432 4446 τόποις
1504 4382 1719 4447 ἐκείνοις
1770 4403 1986 4461 προστι-

2073 3228 2133 3283 et
2181 3218 2536 3282 indivulsam
2584 3221 2918 3283 animorum
2968 3221 3453 3302 conjunctionem
3505 3239 3737 3301 praese-

2072 3310 2359 3374 l‘erentes.
2380 3309 2845 3374 Considentibus
2869 3331 3010 3391 ergo
3042 3330 3203 3393 saepe
3229 3311 3348 3373 illis
3378 3320 3437 3374 et
3466 3312 3731 3395 Scriptu-

2076 3419 2173 3463 ras
2223 3399 2650 3481 lectitantibus,
2686 3400 3129 3464 conveniebant
3158 3419 3368 3463 omnes
3406 3401 3616 3465 fratres
3660 3404 3734 3467 ad

2074 3489 2231 3563 illos,
2282 3487 2711 3568 rogabantque,
2773 3498 2837 3550 ut
2893 3488 3004 3550 sibi
3065 3488 3336 3551 ntilitat's
3391 3508 3733 3555 sermonem

2072 3576 2520 3658 depromerem.
2581 3575 2652 3638 Et
2705 3577 3017 3640 audientes
3075 3578 3254 3640 verba
3308 3579 3535 3662 gratiae,
3599 3599 3732 3662 qua:

2072 3663 2475 3748 procedebant
2503 3664 2578 3726 de
2608 3683 2714 3728 ore
2746 3666 2932 3728 sancti
2965 3667 3156 3729 Patris
3198 3666 3315 3729 Nili
3340 3676 3398 3730 et
3429 3668 3738 3733 intuentes

2073 3755 2251 3817 etiam
2293 3755 2649 3817 emicantem
2703 3755 2950 3835 gratiam
3002 3755 3077 3818 de
3128 3765 3333 3818 sancto
3367 3755 3540 3819 Patre
3571 3757 3732 3820 Fan-

2072 3843 2221 3919 tino,
2246 3843 2587 3917 nihilZaliud
2620 3863 2752 3906 esse
2781 3844 2915 3907 illos
2948 3846 3251 3926 putabant,
3280 3864 3457 3926 quam
3492 3849 3730 3909 Petrum

2072 3941 2131 3996 et
2169 3932 2438 4009 Paulum,
2474 3951 2726 4013 quorum
2759 3934 2937 3996 etiam
2970 3934 3101 3996 vitae
3129 3935 3507 3996 aemulatores
3539 3945 3731 3998 erant.

2071 4024 2473 4085 Accesserunt
2502 4040 2642 4100 ergo
2694 4021 2933 4104 quidam
2983 4042 3016 4086 e
3057 4024 3311 4086 fratibus
3342 4023 3414 4085 ad
3450 4043 3731 4105 magnum

2073 4115 2301 4174 Patrem
2345 4112 2632 4173 Joannem
2688 4111 2813 4195 (l4)
2861 4112 3237 4175 salutationis
3285 4112 3481 4189 causa,
3537 4131 3733 4194 cmpe-

2069 4209 2326 4282 runtque
2362 4199 2669 4263 celebrare
2714 4199 2951 4263 beatum
3006 4201 3227 4279 Nilum,
3306 4204 3460 4283 quod
3516 4203 3733 4264 missus

2069 4309 2103 4353 a
2132 4289 2255 4352 Deo
2299 4297 2457 4352 esset
2500 4308 2571 4353 ea
2619 4289 2681 4351 in
2730 4290 2860 4351 loca
2892 4290 3161 4352 utilitatis
3196 4308 3366 4372 ergo,
3398 4290 3731 4354 addebant-

2070 4397 2208 4461 que,
2262 4377 2430 4440 illum
2486 4396 2597 4441 nec
2648 4397 2800 4459 pane
2853 4381 3032 4456 vesci,
3064 4397 3193 4451 ,nec
3243 4378 3443 4440 vinum
3494 4377 3729 4455 bibere,
3800 4426 3829 4456 ,

336 4468 514 4532 θέντες
561 4472 651 4527 καὶ
696 4481 873 4555 τώτο,
924 4471 1006 4529 ὅτι
1051 4469 1170 4528 οὸτε
1217 4470 1399 4552 ἄρτου,
1451 4471 1571 4529 οὒτε
1628 4472 1767 4531 οὶνου
1814 4493 1984 4547 μετα·-

2080 4468 2400 4549 aspetrima
2475 4467 2607 4530 vitae
2677 4468 2908 4531 ratione
2976 4477 3269 4531 utentem.
3348 4467 3533 4533 Jussit
3588 4486 3730 4547 ergo

338 4558 371 4615 λ
455 4557 486 4579 ρ
501 4562 515 4579 1
692 4561 718 4581 η
986 4559 1009 4581 Ν
1052 4562 1064 4583 1
1259 4562 1272 4583 ε
1686 4558 1700 4583 τ
1792 4559 1802 4577 1

373 4580 623 4642 αμοανει,
680 4585 906 4630 ασκησιν
980 4582 1184 4619 οιωκων
1254 4560 1622 4636 υψηλοτάτην.
1704 4559 1988 4619 Εκελευσεν

338 4650 428 4706 οὖν
486 4653 670 4717 αὐτοῖς
725 4654 755 4710 ὁ
811 4658 995 4732 Πατηρ
1056 4649 1373 4708 ἀποστεῖλαι
1423 4650 1604 4711 αὐτόν.
1662 4650 1759 4709 Καί
1803 4649 1990 4710 τούτου

338 4741 648 4821 γεγονότος,
704 4743 794 4799 καὶ
853 4743 990 4819 μετά
1053 4745 1226 4821 χαρᾶς
1282 4738 1725 4821 προσδεχθέντος,
1784 4739 1988 4797 κελεύει

338 4830 368 4885 δ
400 4828 571 4910 μέγας
602 4837 787 4912 Πατηρ
815 4829 1067 4899 Ἰωάννης
1122 4826 1335 4897 δοθῆναι
1382 4833 1525 4906 αὐτῷ
1565 4830 1820 4910 ποτήριον
1842 4827 1991 4890 οἴνου

2072 4560 2267 4635 Pater,
2302 4564 2373 4618 ut
2395 4556 2444 4618 is
2472 4556 2547 4619 ad
2598 4576 2663 4619 se
2711 4556 3069 4622 mitteretur.
3120 4557 3206 4619 Eo
3240 4557 3505 4638 profecto
3538 4564 3597 4618 et
3627 4577 3737 4619 co-

2074 4645 2250 4708 miter
2276 4655 2547 4727 excepto,
2601 4645 2776 4726 jubet
2827 4665 3072 4726 magnus
3117 4648 3295 4710 Pater
3323 4648 3606 4717 Joannes,
3640 4646 3736 4708 of-

2072 4735 2215 4798 ferri
2246 4734 2330 4798 illi
2359 4735 2807 4816 generosissimi
2836 4736 2955 4798 vini
2991 4736 3295 4818 poculum,
3332 4734 3593 4817 experiri
3626 4754 3735 4798 vo-

2074 4828 2227 4904 lens,
2261 4846 2402 4889 num
2431 4828 2758 4891 secundum
2794 4827 2982 4891 Deum
3020 4828 3357 4890 institutum
3391 4826 3524 4908 ejus
3556 4835 3734 4892 esset.

1676 4948 1936 5013 Joannis
1983 4947 2113 5015 Clei
2165 4951 2356 5012 nota.

421 5056 555 5137 (l3)
584 5056 818 5121 Haecita
838 5057 1014 5122 vertit
1041 5057 1331 5123 Sirletus:
1363 5052 1548 5137 «Ipse
1568 5055 1694 5118 haec
1717 5054 1990 5137 audiens,
2078 5054 2271 5137 lorum
2325 5052 2564 5137 Graecos
2612 5072 2718 5137 pro
2768 5051 3381 5137 armispfrequentius
3426 5052 3613 5130 venit,
3672 5060 3738 5117 ut

342 5133 561 5229 ab'ea,
613 5157 789 5222 quam
842 5138 1304 5212 adulterabatur,
1357 5133 1532 5229 furia,
1601 5136 1997 5229 apprehendit
2076 5135 2445 5229 Liquetappd
2495 5133 2874 5229 Gen—giumin
2916 5133 3264 5229 Glossario:
3314 5151 3734 5229 sepsu.,.qpem

346 5226 572 5303 temere
594 5217 805 5303 ensem
837 5228 1019 5303 atque
1047 5237 1256 5283 omnes
1275 5217 1713 5303 s_uos_dispersit
1745 5236 1994 5303 manens

344 5300 534 5379 solus.
592 5298 836 5363 Timore
889 5296 1090 5363 autem
1156 5298 1344 5379 magis
1398 5296 1813 5379 dete’ntusgac
1859 5298 1995 5378 fuga

347 5378 468 5461 sibi
522 5382 773 5444 salutem
846 5383 1052 5445 volens
1107 5377 1476 5461 comparare,
1535 5396 1571 5439 a
1623 5377 1747 5461 suis
1798 5377 1994 5458 impe-

348 5459 511 5523 ditus
554 5471 615 5525 et
659 5482 840 5525 curru
892 5461 1178 5526 decidens
1220 5458 1261 5523 εἰ
1301 5458 1418 5521 vita
1473 5458 1749 5522 excessit.
1790 5482 1814 5516 ι
1850 5467 1995 5516 Μαι-

346 5541 467 5613 νόις,
497 5551 597 5625 est,
614 5542 863 5625 furiosa,
897 5562 1030 5625 quae
1058 5542 1196 5625 facit
1224 5536 1672 5625 alios‘insanire
1695 5538 1995 5625 :_libidiue

346 5623 551 5702 procul
566 5617 861 5687 dubiohic
879 5617 939 5687 et
950 5617 1509 5702 amoribusillicitis_.
1554 5618 1998 5702 utindicatgzrop.

342 5697 668 5787 ξευομένηςς
702 5723 914 5768 verum
965 5702 1323 5787 adulterium
1354 5699 1535 5780 gratis
1563 5699 1832 5779 adjunxit
1861 5697 1991 5787 Sir-

342 5779 493 5846 letus
542 5794 601 5849 et
650 5779 904 5868 ἆρμᾴτων
951 5784 1127 5868 verzit
1178 5779 1453 5868 carrum.
1551 5792 1703 5868 app:
1752 5780 1993 5862 proprie

339 5880 591 5930 currum
617 5860 919 5948 signiﬁcat
947 5886 963 5932 :
1014 5866 1151 5946 ἅρμα
1182 5861 1339 5945 apud
1365 5860 1767 5943 posteribruui
1795 5860 1990 5925 saecu-

2077 5212 2466 5298 Caryopliilus
2496 5215 2830 5298 expressit,
2879 5214 3073 5294 potius
3122 5216 3221 5277 hic
3250 5212 3408 5298 sumi
3450 5212 3731 5298 videtur;

2076 5293 2311 5440 ittt'um
2368 5293 2611 5377 spiritus
2665 5296 2819 5358 lenis
2875 5293 2981 5376 pro
3037 5311 3253 5379 aspero
3295 5295 3577 5358 substitui
3618 5293 3730 5360 de;

2123 5397 2154 5440 e
2188 5425 2201 5440 .

2123 5384 2201 5440 et.

2158 5456 2283 5536 (14)
2335 5456 2582 5536 Agresta
2640 5464 2804 5538 parte
2850 5473 2911 5532 v,
2943 5475 3075 5538 cap.
3130 5459 3190 5533 5,
3226 5456 3378 5518 Vitae
3425 5454 3500 5538 S.
3523 5454 3732 5538 Basilii

2081 5538 2193 5629 tria
2238 5538 2597 5629 monasteria
2644 5536 2841 5629 fuisse
2883 5536 3096 5629 asserit
3143 5554 3332 5629 prope
3361 5537 3729 5629 territorqu

2084 5618 2421 5692 Palmense,
2457 5617 2712 5698 primum
2743 5637 2776 5679 a
2806 5618 2868 5681 S.
2901 5615 3222 5689 Mercurio,
3250 5615 3580 5698 secundum
3604 5634 3638 5698 a
3661 5615 3724 5698 ξ.

2077 5698 2360 5761 Michaele
2376 5694 2761 5779 appellatum,
2784 5699 3045 5779 tertium,
3071 5699 3353 5779 denique,
3378 5697 3478 5779 ubi
3507 5696 3642 5757 vixit
3659 5694 3723 5779 S3

2070 5782 2352 5855 Joannes,
2386 5776 2487 5860 qui
2516 5778 2922 5843 verisimiliter
2976 5778 3136 5843 idem
3167 5779 3219 5842 is
3235 5776 3362 5855 est,
3393 5777 3470 5839 de
3500 5794 3617 5858 quo
3648 5776 3737 5841 ad'

2073 5868 2249 5943 caput
2278 5860 2341 5941 1,
2371 5865 2499 5924 not.
2532 5860 2594 5925 6.
