4182 6416
459 446 537 518 35
1979 437 2343 509 ΑΝΟΝΥΜΙ
3766 434 3846 506 36

459 576 531 638 At
560 575 626 637 B.
664 573 825 636 Nilus
853 578 1162 655 acceptum
1197 565 1496 651 poculum,
1530 566 1708 648 petita
1739 564 2082 629 benedictio

2164 568 2470 648 ιμεγίστου,
2526 565 2846 655 βουλόμενος
2920 566 3051 655 tam
3108 568 3151 623 εἱ
3206 565 3343 623 κατά
3415 565 3546 655 Θεόν
3616 564 3755 621 ἐστιν
3808 565 3844 633 ἡ

455 682 553 741 ne,
594 663 741 726 nihil
777 652 1037 723 moratus
1089 666 1270 721 totum
1321 655 1527 738 ebibit,
1581 674 1694 718 nec
1724 655 2005 718 damnum
2038 674 2082 717 e:

2192 661 2349 716 αὐτοῦ
2394 654 2656 718 πολιτεία.
2715 654 2902 713 Λαϐὼν
2942 654 3088 713 δὲτὸ
3130 657 3385 735 ποτήριον
3423 657 3452 712 ὸ
3482 652 3626 719 ὅσιος
3660 660 3844 734 Πατὴρ

455 762 627 834 epoto
657 753 792 815 vino
823 750 1070 825 veritus,
1106 768 1217 811 nec
1247 765 1419 810 suum
1454 744 1771 808 consilium
1807 745 2082 826 propositi

2192 745 2410 827 Νεῖλος,
2494 747 2582 802 καὶ
2681 745 3035 823 αἰτησάμενος
3120 744 3385 825 εὖλογίαν,
3470 742 3843 808 ἀνυποστόλως

457 833 647 908 Patris
698 840 1076 923 dijudicantis
1125 839 1471 921 praeferens,
1516 835 1618 897 sed
1666 834 2082 898 abdicationen

2191 835 2437 923 πέπωκεν
2492 836 2617 894 αὒτὸ
2676 834 2837 915 μέχρι
2910 835 3120 923 τέλους,
3191 835 3329 911 μήτε
3386 835 3448 890 τὸ
3500 833 3684 913 ἀθρόον
3740 838 3840 901 τῆς

2184 921 2387 1000 βλάϐης
2415 932 2511 982 τοῦ
2554 926 2694 982 οἴνου
2740 922 3106 1004 καταπήξας,
3164 924 3302 1000 μήτε
3349 923 3448 990 τὴν
3498 923 3691 979 οἰκείαν
3736 923 3845 998 κρί-

2184 1035 2266 1068 σιν
2320 1017 2420 1080 τῆς
2476 1022 2570 1072 τοῦ
2624 1013 2829 1092 Πατρὸς
2891 1010 3198 1093 διακρίσεως
3255 1012 3573 1092 κυριωτέραν
3639 1010 3844 1068 ἀποδεί-

2184 1099 2298 1181 ξας,
2342 1099 2478 1157 ἀλλά
2523 1103 2623 1169 τὴν
2670 1101 2843 1168 κοπῆν
2896 1110 2989 1160 τοῦ
3032 1100 3336 1178 θεληματος
3384 1099 3602 1179 εὒλόγου
3647 1121 3704 1156 τε
3754 1101 3841 1157 καὶ

2183 1188 2379 1269 ἀλόγου
2421 1192 2496 1254 ὡς
2544 1192 2808 1269 σωτηρίας
2873 1192 3129 1269 μεγίστην
3180 1190 3421 1247 ὑπόθεσιν
3481 1196 3588 1247 τῶν
3638 1187 3840 1245 λοιπῶν

2180 1280 2540 1359 προτιμήσας.
2601 1276 2736 1337 Τότε
2813 1281 2841 1335 ὁ
2902 1278 3069 1357 μέγας
3133 1278 3340 1342 ἐκεῖνος
3397 1279 3668 1355 θαυμάσας
3722 1274 3840 1334 καθ’

2182 1369 2366 1427 ἑαυτὸν
2422 1377 2515 1427 τοῦ
2570 1365 2754 1448 ἀνδρὸς
2810 1368 2909 1435 τὴν
2966 1371 3173 1449 σοφίαν,
3233 1369 3325 1425 καὶ
3376 1369 3437 1424 τὸ
3494 1367 3841 1446 ἀνυπόκριτον

2182 1461 2281 1525 τῆς
2369 1461 2527 1516 αὐτοῦ
2615 1458 2854 1524 ὑπακοῆς
2923 1458 3060 1514 κατά
3125 1455 3339 1514 πάντων
3408 1455 3672 1537 (ἐπείρασε
3740 1456 3840 1535 γὰρ

2183 1548 2339 1604 αὐτὸν
2395 1546 2483 1602 καὶ
2538 1545 2593 1602 ἐν
2645 1545 2850 1626 ἄλλοις,
2910 1544 3114 1622 μᾶλλον
3170 1544 3225 1601 δὲ
3284 1543 3506 1611 ἐδίδαξεν
3558 1546 3716 1604 αὐτὸν
3746 1547 3838 1601 οἶα

2181 1634 2360 1715 πατὴρ
2422 1636 2531 1692 υἱὸν
2601 1633 2845 1713 γνήσιον)
2895 1651 2908 1664 ⁵
2978 1633 3081 1715 ἔφη
3149 1637 3282 1713 πρὸς
3336 1635 3459 1698 τοὺς
3520 1634 3785 1713 παρόντας
3820 1653 3834 1666 ·

455 932 770 994 voluntatis
800 948 921 992 suae
970 931 1092 992 sive
1142 927 1358 989 rationi
1405 943 1704 1001 consume,
1752 923 1874 986 sive
1907 924 2103 985 minus

455 1040 754 1096 consona},
813 1029 1090 1101 tanquam
1148 1017 1352 1078 salutis
1404 1033 1604 1077 ansam
1665 1015 1840 1091 longe
1911 1012 2099 1074 maxi-

456 1130 635 1185 mam,
671 1109 904 1173 caateris
931 1116 1321 1189 anteponens.
1357 1106 1527 1167 Tunc
1555 1121 1799 1182 magnus
1842 1101 1941 1164 ille
1990 1101 2102 1163 viri

453 1199 800 1282 sapientiam
850 1198 1265 1278 sinceramque
1310 1213 1377 1255 ac
1427 1193 1660 1282 plenam
1694 1191 2097 1254 obedientiam

451 1281 652 1352 seCum
676 1287 1002 1350 admiratus
1028 1284 1293 1367 (tentavit
1331 1282 1551 1364 quippe
1574 1281 1738 1343 illum
1773 1290 1832 1344 et
1861 1282 1919 1342 in
1942 1281 2095 1358 aliis,

449 1376 571 1439 imo
607 1375 807 1440 docuit
832 1376 914 1437 uti
947 1383 1110 1456 pater
1141 1389 1486 1455 germanum
1521 1370 1727 1448 ﬁlium)
1749 1371 1818 1432 ad
1842 1379 2099 1435 astantes

449 1466 563 1529 ait:
616 1468 828 1530 Nonne
857 1464 1136 1528 dicebant
1176 1467 1400 1536 Patres,
1434 1458 1704 1522 abbatem
1738 1461 1867 1542 (15)
1897 1460 2098 1524 Nilum

447 1555 749 1619 abstinere
798 1574 833 1617 a
880 1553 1071 1618 vino?
1119 1553 1195 1618 Ut
1241 1553 1442 1615 videre
1475 1557 1586 1626 est,
1622 1549 1736 1612 alia
1765 1549 2099 1613 videntho-

449 1646 642 1709 mines
674 1652 734 1708 et
760 1646 875 1707 alia
901 1644 1131 1707 dicunt.

445 1729 551 1785 Οὑκ
616 1726 797 1806 ἔλεγον
856 1729 902 1784 οἱ
960 1726 1185 1805 Πατὲρες
1243 1723 1321 1780 ὅτι
1398 1727 1425 1781 ὁ
1454 1719 1617 1787 αςὸἅς
1682 1720 1875 1786 Νεῖλος
1933 1726 1992 1782 οὔ
2064 1727 2270 1802 γεύεται
2327 1723 2520 1805 οἴνους
2588 1722 2721 1780 ἄλλα
2779 1727 2967 1804 ὁρῶσιν
3028 1722 3329 1804 ἄνθρῶποί,
3386 1725 3475 1780 καὶ
3530 1721 3683 1803 ἕτερα
3739 1721 3833 1778 λέ-

445 1838 577 1895 γουσ
581 1841 624 1874 ιν
634 1861 650 1877 ο

530 1906 627 1967 Η.
677 1902 967 1967 Continuo
1016 1919 1267 1981 surgens
1296 1900 1397 1961 ille
1428 1898 1715 1979 profunda
1744 1898 2082 1961 incurvatio-

2256 1905 2352 1969 ια’.
2420 1908 2624 1974 Εὐθέως
2701 1909 2787 1967 οὖν
2864 1909 3093 1973 ἀναστάς
3168 1908 3372 1974 ἐκεθίνος
3419 1907 3602 1986 βάλλει
3662 1910 3832 1986 μέτά-

446 2014 521 2057 ne
550 2012 684 2056 sese
714 1991 990 2055 demisit:
1043 1989 1459 2070 et,Ignoscito,
1496 1988 1711 2070 inquit,
1756 1987 2093 2050 venerande

444 2084 636 2158 Pater,
672 2100 805 2144 nam
863 2098 1061 2143 coram
1112 2079 1235 2142 Deo
1285 2078 1433 2140 nihil
1487 2078 1625 2139 boni
1659 2096 1916 2159 unquam
1952 2076 2087 2139 feci.

444 2170 825 2237 Abstinentia
846 2178 1068 2252 tamen,
1094 2170 1287 2243 Pater,
1322 2168 1480 2249 quod
1510 2167 1638 2250 ipse
1671 2167 1879 2229 melius
1911 2168 2088 2243 nosti,

447 2262 721 2325 omnibus
771 2260 843 2322 ad
892 2260 1093 2320 omnia
1141 2256 1403 2338 prodest,
1462 2256 1708 2318 senibus
1737 2256 1978 2336 quibus,
2030 2264 2093 2317 ut

441 2352 745 2432 exemplar
772 2349 891 2411 sint
911 2347 1255 2429 junioribus
1286 2345 1456 2407 nobis
1486 2364 1650 2426 vero,
1696 2345 1798 2427 qui
1842 2345 2093 2425 juvenes

440 2449 795 2521 tyronesque
842 2456 1070 2509 sumus,
1107 2454 1181 2497 ne
1232 2437 1484 2497 ﬂamma:
1529 2434 1815 2496 addamus
1846 2433 2090 2496 uberius

441 2529 744 2610 pabulum,
804 2527 892 2589 vel
951 2526 1134 2589 feram
1193 2524 1579 2586 immitiorem
1635 2532 1691 2586 et
1737 2523 2086 2586 indomitam

437 2616 1057 2697 reddamus.Assequi
1091 2632 1263 2694 porro
1296 2613 1773 2675 benedictionem
1802 2612 2085 2675 sacratis-

439 2706 605 2769 simae
638 2716 747 2768 tute
799 2723 1007 2766 manus
1059 2704 1183 2765 sive
1235 2721 1341 2783 per
1386 2701 1504 2763 vini
1551 2710 1775 2782 potum,
1828 2702 1952 2764 sive
1983 2721 2089 2783 per

438 2797 687 2859 frustum
744 2794 931 2875 panis,
985 2791 1360 2875 patriarchali
1402 2799 1492 2853 est
1519 2793 1701 2872 gratia
1732 2791 2002 2874 dignum,
2031 2801 2089 2855 et

441 2885 806 2948 tantumdem
840 2885 1040 2946 valens
1084 2882 1330 2947 donum.
1382 2883 1519 2945 Haec
1562 2882 1814 2945 audiens
1844 2901 2090 2962 magnus

437 2978 695 3036 Joannes
723 2972 986 3054 subrisit,
1021 2971 1298 3053 etspiritu
1316 2972 1613 3033 exsultans
1629 2972 1812 3035 multo
1826 2972 2089 3053 pluribus

440 3065 607 3127 illum
660 3060 1181 3125 benedictionibus
1211 3061 1549 3137 cumulavit,
1587 3070 1644 3122 et
1675 3061 1822 3122 votis
1856 3062 2011 3124 bona
2041 3061 2098 3123 ei
2180 3060 2452 3138 μειδιάσας

441 3162 730 3236 precatus,
760 3150 1155 3232 locupletavit.
1188 3153 1475 3213 Caeterum
1508 3150 1839 3227 admonuit,
1872 3159 1936 3213 ut
1970 3169 2091 3215 me-

352 3272 357 3277 -
437 3244 598 3304 dium
659 3241 979 3323 asperioris
1026 3240 1132 3301 via:
1190 3258 1427 3302 cursum
1487 3248 1737 3317 teneret,
1798 3261 1873 3303 ne
1928 3241 2082 3306 forte

439 3332 646 3394 morbo
676 3340 775 3393 aut
802 3330 969 3392 senio
1000 3328 1252 3410 gravior,
1301 3349 1371 3391 ea
1418 3341 1559 3392 tunc
1602 3340 1918 3411 quaereret,
1950 3351 2081 3414 quae

433 3421 777 3501 religiosum
812 3419 1077 3481 habitum
1110 3439 1227 3481 non
1283 3418 1516 3482 decent.
1554 3418 1622 3480 Et
1664 3427 1805 3482 tunc
1833 3421 2074 3504 quidem

432 3510 599 3573 illum
620 3510 772 3592 apud
792 3528 858 3572 se
878 3528 1120 3571 manere
1150 3508 1331 3572 voluit
1357 3509 1501 3570 mira
1536 3509 1820 3572 suavitate
1851 3520 2080 3592 captus,

433 3618 609 3681 quam
633 3618 703 3661 eo
731 3599 962 3679 legente
991 3598 1285 3661 sentiebat
1312 3605 1371 3659 et
1402 3598 1731 3679 perspicaci
1763 3600 2081 3662 sententia-

430 3707 564 3750 rum
597 3687 1032 3769 explanatime,
1060 3706 1484 3769 sacrarumque
1513 3688 1951 3769 Scripturarum
1985 3708 2081 3751 ex-

434 3777 753 3859 positione.
778 3776 1036 3839 Vacabat
1055 3793 1252 3839 autem
1274 3776 1509 3838 assidue
1542 3795 1789 3854 magnus
1817 3776 2080 3840 Joannes

433 3864 702 3946 Gregorii
745 3864 1033 3946 Theologi
1082 3865 1344 3946 scriptis,
1397 3873 1459 3927 ut
1514 3885 1584 3929 ex
1631 3867 1813 3928 multa
1869 3884 2076 3929 eorum

434 3955 691 4019 lectione
766 3955 919 4017 alter
974 3957 1281 4036 theologus
1330 3956 1491 4037 apud
1552 3975 1763 4019 omnes
1815 3957 2071 4020 audiret.

431 4043 694 4118 Quadam
728 4063 867 4126 ergo
898 4045 996 4107 die
1026 4045 1244 4107 librum
1277 4040 1554 4108 eumdem
1607 4045 1843 4125 legente
1874 4055 2076 4112 sancto

430 4136 601 4196 Patre
631 4134 787 4211 Nilo,
823 4135 1039 4216 placuit
1067 4134 1197 4197 seni
1226 4137 1442 4215 dogma
1484 4134 1783 4217 quoddam
1815 4135 2074 4199 doctoris

430 4221 782 4286 dilucidare.
812 4223 1028 4286 Abbati
1056 4242 1194 4286 vero
1225 4221 1355 4285 Nilo
1388 4224 1634 4306 probata
1661 4243 1779 4286 non
1809 4223 1919 4287 fuit
1947 4234 2072 4289 tra-

430 4311 552 4373 dita
571 4330 606 4373 a
636 4330 780 4375 sene
810 4313 1122 4395 expositio,
1156 4322 1360 4395 utpote
1393 4333 1511 4376 non
1541 4324 1813 4379 assecuta
1843 4335 2074 4397 germa-

428 4420 571 4464 num
601 4403 862 4468 doctoris
889 4423 1153 4468 sensum.
1190 4401 1262 4466 Et
1290 4424 1425 4467 cum
1456 4405 1738 4469 voluisset
1784 4425 1855 4470 ex
1885 4408 2072 4470 altero

2175 2020 2318 2054 νοιαν
2348 1996 2519 2075 λέγων
2553 2016 2567 2031 ο
2605 1998 2970 2078 Συγχώρησόν
3019 2020 3134 2077 μοι,
3184 2000 3325 2074 τίμιε
3376 1999 3583 2079 Πάτηρ,
3615 1996 3695 2054 ὅτι
3751 2002 3836 2058 οὖ-

2174 2084 2359 2143 δέποτε
2406 2085 2630 2153 ἐποίησά
2687 2109 2737 2143 τι
2795 2087 2990 2165 ἀγαθὸν
3052 2086 3275 2145 ἐνώπιον
3333 2098 3424 2146 τοῦ
3472 2095 3603 2146 Θεοῦ
3637 2104 3650 2117 ⁹
3686 2087 3834 2164 ὅμως

2172 2176 2207 2244 ἡ
2238 2174 2537 2255 ἐγκράτεια,
2586 2176 2859 2255 Πάτερ,ὡς
2912 2177 3001 2233 καί
3057 2177 3214 2241 αὐτὸς
3272 2174 3476 2251 μᾶλλον
3528 2175 3830 2257 ἐπίστασαι,

2173 2261 2527 2340 συμϐάλλεται
2558 2271 2717 2321 πᾶσιν
2764 2263 2817 2321 ἐν
2872 2265 3092 2337 ἅπασιν,
3150 2277 3269 2328 τοῖς
3328 2265 3424 2341 μὲν
3473 2265 3711 2346 γέρουσιν
3742 2264 3832 2322 ἵνα

2173 2355 2327 2409 είκὼν
2356 2355 2442 2409 καὶ
2488 2355 2650 2417 τύπος
2681 2353 2938 2433 γένωνται
2988 2367 3107 2417 τοῖς
3157 2353 3294 2418 νέοις
3328 2371 3344 2387 ⁸
3378 2367 3496 2418 τοῖς
3549 2352 3644 2422 ηδέ
3692 2354 3830 2419 νέοις

2172 2445 2305 2519 ἡμῖν
2334 2444 2421 2499 καὶ
2456 2443 2853 2523 εἷσαγωγικοϊς,
2903 2440 2978 2500 ἵν’
3025 2442 3170 2507 ὅπως
3205 2444 3282 2519 μὴ
3331 2449 3399 2511 τῆ
3428 2442 3585 2523 φλογὶ
3614 2442 3830 2501 πλείονα

2170 2529 2301 2598 ὒλην
2378 2533 2784 2611 προσθήσωμεν,
2866 2534 2902 2603 ἦ
2978 2533 3040 2587 τὸ
3110 2533 3288 2611 θηρίον
3340 2531 3660 2611 ἀγριώτερον
3742 2534 3830 2589 καὶ

2170 2617 2512 2679 δυσκάθεκτον
2594 2621 3035 2696 καταστήσωμεν.
3133 2623 3204 2678 Τὸ
3290 2619 3473 2697 μέντοι
3547 2620 3825 2701 ἐπιτυχεῖν

2168 2714 2267 2776 τῆς
2324 2729 2730 2786 παναγεστατης
2788 2708 3028 2787 εὖλογίας
3084 2715 3184 2777 τῆς
3234 2715 3334 2777 σῆς
3384 2710 3562 2785 τιμίας
3619 2712 3824 2790 χειρὸς,

2170 2798 2281 2853 εἴτε
2311 2795 2395 2853 διὰ
2450 2798 2691 2873 πόματος
2756 2797 2924 2875 οἴνου,
2986 2798 3099 2855 εἴτε
3156 2797 3240 2857 διὰ
3290 2796 3597 2875 κλάσματος
3646 2798 3826 2879 ἄρτου,

2169 2891 2564 2966 πατριαρχικῆς
2615 2885 2835 2966 χάριτος
2902 2885 3065 2969 ἄξιον,
3127 2890 3214 2944 καὶ
3262 2892 3362 2955 τῆς
3412 2891 3576 2954 αὖτῆς
3627 2884 3827 2967 δωρεᾶς

2170 2973 2465 3052 ἷσόῤῥοπον.
2522 2983 2694 3033 Ταῦτα
2754 2974 3011 3039 ἀκουύσας
3067 2979 3095 3033 ὁ
3148 2976 3315 3055 μέγας
3374 2973 3659 3047 Ἰωάννης,
3701 2977 3829 3033 ὑπο-

2551 3069 2628 3137 τῷ
2723 3064 3015 3144 προσώπῳ,
3122 3067 3209 3121 καὶ
3294 3062 3664 3143 ἀγαλλιασθεὶς
3748 3072 3827 3140 τῷ

2179 3151 2433 3227 πνεύματι
2511 3150 2696 3227 πολλῷ
2778 3151 2941 3209 πλέον
3008 3151 3270 3232 εὐλογίαις
3347 3155 3503 3212 αὐτὸν
3579 3153 3828 3230 ἀντημεί-

2172 3245 2331 3320 ψατο,
2417 3241 2506 3296 καὶ
2590 3243 2783 3320 εὖχατς
2863 3240 3312 3309 κατεπλούτησεν.
3404 3238 3695 3301 Ἐνουθέτει
3768 3240 3823 3297 δὲ

2161 3329 2317 3387 αὐτὸν
2395 3326 2708 3408 συμμέτρως
2778 3329 2989 3410 ἀσκεῖν,
3069 3330 3146 3407 μή
3219 3352 3335 3394 πως
3408 3328 3511 3386 ὕπὸ
3567 3330 3726 3390 νόσου
3782 3331 3818 3398 ἢ

2159 3418 2342 3498 φῆρως
2413 3419 2641 3481 πιεσθεὶς
2713 3416 2884 3493 μέλλη
2961 3421 3082 3476 τότε
3158 3418 3432 3491 ἐπιζητεῖν
3485 3420 3551 3475 τὰ
3613 3420 3691 3495 μὴ
3742 3426 3819 3495 τῷ

2168 3508 2412 3587 σχήματι
2470 3505 2762 3586 πρέποντα.
2822 3510 2923 3566 Καὶ
2986 3510 3106 3567 τότε
3183 3509 3278 3585 μὲν
3339 3508 3603 3589 κατέσχεν
3663 3511 3819 3568 αὐτὸν

2164 3593 2288 3674 παρ’
2339 3596 2532 3676 ἑαυτῷ,
2587 3595 2988 3677 εὔφραινόμενος
3036 3598 3122 3654 ἐπὶ
3169 3603 3238 3665 τῆ
3286 3594 3520 3673 ἡδυτάτη
3571 3598 3819 3675 ἀναγνώ-

2163 3704 2243 3739 σει
2293 3687 2473 3765 αὖτοῦ,
2520 3686 2608 3741 καὶ
2650 3690 2719 3752 τῆ
2771 3685 3017 3766 εὐστόχῳ
3070 3692 3177 3742 τῶν
3224 3686 3510 3761 νοημάτων
3539 3684 3820 3751 ἀναπτύξει

2162 3773 2247 3827 καὶ
2303 3770 2615 3852 διασαφήσει
2670 3779 2776 3830 τῶν
2828 3775 2979 3830 θείων
3056 3780 3300 3854 Γραφῶν.
3363 3771 3661 3853 Ἐσχόλαζε
3718 3774 3819 3854 γὰρ

2161 3862 2189 3916 ὁ
2219 3859 2386 3938 μέγας
2416 3857 2669 3927 Ἰωάννης
2719 3860 2799 3917 ἀεὶ
2848 3861 2903 3917 ἐν
2943 3875 3062 3925 τοῖς
3118 3860 3301 3941 λόγοις
3350 3869 3444 3919 τοῦ
3490 3862 3641 3939 ἁγίου
3669 3867 3818 3941 Γρη-

2156 3950 2333 4029 γορίου
2382 3958 2474 4008 τοῦ
2519 3947 2806 4029 Θεολόγου,
2860 3948 2998 4006 ὥστε
3055 3955 3124 4019 τῆ
3181 3949 3358 4018 πολλῆ
3405 3950 3579 4030 πείρᾳ,
3646 3949 3712 4017 ἣν
3767 3948 3819 4015 ἐξ

2156 4041 2326 4096 αὐτῶν
2383 4033 2689 4119 ἀνελάϐετο,
2748 4037 2908 4097 ἄλλον
2958 4038 3206 4119 θεολόγον
3262 4040 3398 4120 περά
3454 4045 3584 4096 πᾶσι
3635 4041 3821 4119 γνωρί-

2155 4129 2353 4197 ζεσθαι.
2412 4124 2502 4184 Ἐν
2560 4132 2656 4202 μιᾷ
2710 4123 2764 4182 δὲ
2819 4134 2925 4185 τῶν
2983 4130 3199 4210 ἡμερῶν
3247 4128 3703 4207 ἀναγινώσκοντος
3761 4127 3817 4185 ἐν

2153 4219 2223 4282 τῆ
2270 4218 2404 4282 αὒτῆ
2669 4225 2761 4275 τοῦ
2819 4218 2963 4274 ὁσίου
3024 4219 3230 4299 [ἰατρὸς
3283 4219 3439 4293 ἡμῶν
3489 4215 3698 4295 Νείλου²
3728 4218 3817 4274 καὶ

2154 4314 2248 4363 τοῦ
2300 4303 2548 4385 γέροντος
2622 4304 2972 4383 βουληθέντος
3043 4305 3397 4387 διευκρινῆσαι
3452 4308 3508 4365 ἓν
3576 4313 3683 4363 τῶν
3739 4313 3817 4382 τῷ

2154 4392 2289 4472 ἅγίῴ
2320 4391 2619 4470 διδασκάλῴ
2676 4395 3008 4464 πονηθέντων
3064 4395 3367 4477 δογμάτων,
3419 4396 3516 4453 οὐκ
3543 4393 3700 4475 ἤρεσε
3738 4417 3818 4452 τω

427 4486 566 4554 libri
596 4492 727 4557 loco
759 4495 989 4577 planius
1038 4496 1376 4576 ostendere,
1431 4516 1560 4561 rem
1605 4503 1681 4561 ita
1713 4517 1845 4561 esse
1876 4511 1934 4562 et
1962 4499 2071 4561 do-

2164 4478 2288 4555 ἰϐϐᾷ
2344 4481 2513 4558 Νείλῴ
2572 4483 2758 4577 ηᾳτοῦ
2819 4484 3065 4566 γέροντος
3143 4486 3394 4566 ἑρμηνείᾳ
3449 4487 3523 4549 ὡς
3588 4484 3666 4577 μὴ
3722 4486 3815 4541 τὸν

425 4584 637 4663 gmatis
654 4570 1097 4662 rectitudinem,
1132 4594 1194 4649 ut
1225 4570 1503 4667 habebat,
1538 4588 1859 4672 explicare,
1893 4590 2072 4652 vehe-

2164 4572 2350 4629 τκοπὸν
2375 4659 2393 4672 ἱ
2426 4582 2519 4632 τοῦ
2587 4570 2900 4635 διδασκάλου
2978 4575 3034 4631 ἐν
3098 4573 3336 4655 ἀκριϐείᾳ
3389 4570 3812 4638 καταλαϐόντος,

426 4659 659 4739 menter
686 4684 1002 4756 correptus
1047 4659 1157 4739 fuit
1202 4696 1236 4738 a
1289 4659 1501 4759 magno
1553 4659 1744 4762 Patre,
1791 4659 1951 4762 quod
1981 4681 2070 4742 fas

2164 4662 2252 4718 Καὶ
2279 4659 2715 4762 βουληθέντος-τὸ
2769 4661 2889 4721 ἴσον
2940 4670 3041 4733 τῆς
3090 4662 3320 4729 διανοίας
3370 4662 3591 4743 ἐνὲτέρῳ
3629 4665 3815 4744 χωρίῳ

426 4762 483 4825 ei
512 4783 632 4827 non
663 4774 820 4829 esset
838 4767 1045 4849 juveni
1070 4776 1129 4829 ct
1178 4767 1382 4845 tironi,
1432 4787 1724 4852 caenoque
1766 4770 2068 4834 saecularis

423 4852 563 4916 vitm
617 4855 809 4918 adhuc
859 4856 1167 4938 inquinata
1224 4876 1323 4920 res
1380 4859 1722 4941 hujusmodi
1778 4860 2068 4925 curiosius

420 4948 698 5006 tractare.
731 4944 898 5018 Quod
929 4947 1032 5009 ille
1057 4947 1329 5023 audiens,
1361 4966 1480 5010 non
1510 4955 1605 5011 est
1633 4957 1919 5025 turbatus,
1955 4969 2066 5013 nec

420 5029 543 5092 ulla
573 5050 642 5094 ex
681 5043 847 5115 parte
899 5043 1118 5098 mutata
1160 5048 1246 5099 est
1297 5038 1380 5099 illi
1428 5038 1696 5103 voluntas
1740 5040 1802 5101 in
1849 5041 2063 5103 obser-

418 5121 610 5211 vando
640 5123 1063 5207 diligendoque
1111 5133 1176 5187 ut
1220 5135 1392 5189 antea
1436 5146 1601 5206 sene,
1647 5129 1757 5192 sed
1783 5128 2064 5211 increpa-

420 5207 617 5301 tiones
647 5212 774 5301 ejus
801 5232 971 5295 aeque
997 5217 1232 5297 accepit
1281 5235 1351 5279 ac
1398 5217 1736 5281 sitibundus
1766 5238 1935 5301 aqua;
1958 5207 2062 5283 vas

420 5297 683 5391 plenum.
719 5300 860 5365 Erat
883 5304 1042 5366 enim
1085 5304 1173 5366 illi
1220 5323 1401 5369 senex
1440 5307 1591 5371 alter
1619 5297 1879 5372 Joannes
1902 5309 2060 5391 Bap-

418 5388 576 5452 tista.
610 5390 776 5474 Saepe
824 5411 963 5455 vero
989 5398 1163 5456 etiam
1214 5399 1293 5457 ita
1326 5397 1720 5461 venerabatur
1752 5388 2067 5475 locum,_in

416 5497 533 5571 quo
564 5487 852 5571 steterant
881 5483 1064 5563 pedes
1092 5484 1224 5564 ejus
1270 5486 1328 5547 in
1357 5487 1633 5565 ecclesia,
1668 5489 2062 5571 quemadmo-

416 5568 555 5628 dum
592 5579 648 5631 et
673 5570 805 5656 ipsa
834 5573 988 5656 sacri
1016 5574 1217 5656 altaris
1248 5577 1594 5656 penetralia.

2149 4754 2249 4816 τῆς
2302 4753 2467 4818 αὗτῆς
2550 4749 2732 4828 βίϐλου
2790 4753 3111 4833 σαφέστερον
3190 4751 3490 4833 ἀποδεῖξαι,
3571 4754 3660 4809 καὶ
3714 4753 3815 4820 τὴν

2148 4838 2408 4916 ὀρθότητα
2435 4848 2528 4898 τοῦ
2580 4837 2845 4920 δόγματος
2897 4843 3073 4907 καθώς
3132 4841 3273 4899 ἐστιν
3330 4842 3626 4923 ἀποφῆναι,
3677 4839 3813 4897 ἐπε-

2148 4928 2347 5002 τιμήθη
2405 4926 2641 5009 σφοδρῶς
2717 4931 2861 5011 παρά
2932 4940 3026 4991 τοῦ
3099 4929 3354 5012 μεγάλου,
3427 4932 3501 4995 ὡς
3572 4933 3669 4989 οὐκ
3697 4926 3812 4995 ἐξὸν

2147 5017 2288 5089 αὗτῷ
2335 5015 2542 5096 ἐρευνᾷν
2609 5018 2677 5075 τά
2747 5030 2986 5102 τοιαῦτα,
3061 5020 3165 5096 νέῴ
3223 5017 3333 5077 ὄντι
3391 5022 3479 5076 καὶ
3544 5020 3809 5102 ἀρχαρίῳ,

2148 5104 2234 5160 καὶ
2289 5104 2467 5181 ἀκμὴν
2525 5105 2579 5162 ἐν
2652 5120 2773 5173 τοῖς
2823 5109 3040 5171 πάθεσιν
3115 5118 3207 5169 τοῦ
3265 5110 3380 5186 βίου
3433 5106 3809 5183 ἰλυσπωμένῳ.

2146 5194 2312 5257 Αὐτὸς
2396 5191 2451 5250 δὲ
2521 5194 2771 5278 ἀκούσας,
2850 5195 3092 5277 οὒδαμῶς
3166 5197 3472 5279 ἐταράχθη,
3549 5196 3586 5267 ἢ
3669 5195 3811 5263 ὅλως

2144 5281 2506 5362 παρεσαλεόθη
2560 5289 2660 5353 τῆς
2717 5288 2946 5351 πίστεως
3003 5290 3090 5344 καὶ
3146 5287 3388 5368 ἀγάπης,
3458 5290 3526 5368 ἧς
3552 5284 3810 5354 ἐκέκτητο

2150 5372 2281 5451 πρὸς
2330 5373 2422 5428 τὸν
2493 5372 2736 5454 γέροντα.
2812 5372 2961 5433 Ἀλλ’
3040 5398 3209 5441 ουτως
3266 5366 3499 5441 ἐδέξατο
3530 5378 3689 5435 αὐτοῦ
3743 5376 3811 5432 τὰ

2148 5461 2344 5545 ὀνείδη,
2406 5467 2480 5530 ὡς
2533 5469 2562 5523 ὸ
2616 5465 2785 5545 διψῶν
2844 5468 3033 5534 υδατος
3103 5468 3492 5547 ἐμπλησμένον
3559 5469 3806 5549 ἀγγεῖον.

2144 5559 2243 5616 Καὶ
2295 5559 2396 5639 γὰρ
2463 5559 2624 5642 εῖχεν
2693 5564 2949 5628 αὒτὸνιῶς
3025 5565 3115 5621 τὸν
3183 5563 3337 5644 ἅγιον
3393 5561 3647 5633 Ἰωάννην
3714 5565 3809 5622 τὸν

416 5653 715 5754 Ιξαπτιστήν
752 5673 766 5687 ο
797 5652 1053 5718 πολλάκις
1100 5653 1153 5712 δὲ
1202 5652 1339 5715 ουτω
1382 5661 1684 5740 προσεκύνει
1723 5662 1812 5718 τὸν
1869 5662 2052 5744 τόπον,
2100 5663 2233 5726 ὅπου
2270 5664 2489 5724 ἵσταντο
2535 5670 2581 5724 οἱ
2631 5666 2789 5735 πόδες
2842 5672 3001 5730 αὐτοῦ
3047 5668 3102 5726 ἐν
3143 5675 3213 5738 τῆ
3264 5669 3544 5754 ἐκκλησίᾳ,
3600 5654 3676 5737 ὼς
3720 5669 3809 5728 καὶ

415 5739 485 5801 εὶς
521 5739 665 5818 Ῐξγιον
694 5746 843 5820 βῆμα
877 5754 966 5804 τοῦ
993 5748 1412 5826 Onus-magici.
