4182 6396
1588 405 1770 480 VITA
1804 414 1863 480 S.
1898 410 2066 480 NILI
2091 408 2468 482 JUNIORIS.

447 526 540 616 ιβ’.
594 541 704 604 Τῆς
758 532 817 592 δὲ
846 534 1075 616 ἑσπέρας
1121 533 1581 635 καταλαϐούσηςᾈ
1609 537 1698 592 καὶ
1739 533 2023 635 πορευθεν-

2200 536 2416 635 12-ᾼά
2446 559 2759 635 vesperum
2789 563 2923 608 cum
2956 565 3021 609 se
3046 545 3107 609 in
3128 549 3339 612 cellam
3362 552 3575 635 quietis
3595 574 3775 620 causa

361 649 454 691 τος
502 627 662 686 αὺτοῦ
712 625 938 706 ἡσύχως
994 624 1050 681 ὲν
1079 626 1156 700 τῷ
1183 623 1377 700 κελλίῳ
1424 631 1503 700 τῷ
1532 621 1669 705 ἰδίῳ,
1725 623 2039 692 ὑπεισῆλθεν

2124 628 2495 727 contulisset,
2772 644 3032 698 mentem
3083 636 3248 702 illius
3294 621 3590 721 cogitatio,
3647 663 3778 727 qua)

364 720 508 791 αὗτῷ
555 713 816 793 λογισμὸς
875 714 1214 806 ἐκταράσσων
1273 714 1360 806 καὶ
1416 711 1657 806 ἐνοχλῶν
1686 715 1871 806 eam
1918 713 2039 806 σφόι

2124 715 2288 777 illum
2353 718 2607 782 turbavit
2660 722 2947 806 illumque
3003 728 3267 793 vexavit:
3324 711 3465 793 num
3527 711 3774 798 fortasse

365 801 483 884 δρα,
526 801 634 883 εἴγ’
688 800 772 883 αρ’
826 805 855 860 ὁ
907 801 1078 883 μέγας
1107 800 1191 860 ἐπ’
1251 801 1502 870 ἆληθεάς
1561 800 1842 900 ἐνέπληξεν
1876 805 2038 900 αὖτῷ,

2126 823 2374 900 magnus
2404 807 2505 871 ille
2553 809 2728 874 Pater
2774 800 2868 876 ex-
2897 815 3097 879 animo
3146 821 3651 900 reprehendisset,
3710 831 3775 886 ut

371 895 447 956 ὣς
503 899 686 956 κακῶς
740 891 1027 960 νενοηκότι
1074 892 1175 960 τὴν
1231 897 1428 972 χρῆσιν
1483 901 1578 951 τοῦ
1632 889 1907 968 θεολόγου,
1969 891 2039 967 μή

2127 895 2288 991 male.
2308 897 2756 991 interpretatum
2790 903 3049 985 theologi
3082 889 3285 985 verba,
3316 917 3492 991 atque
3531 889 3773 974 haereti-

372 1004 501 1039 ποτε
574 984 664 1038 καὶ
740 1002 940 1061 αιρεσις
1022 980 1291 1061 λογισθείη
1328 1001 1342 1014 °
1375 982 1412 1050 ἢ
1485 980 1645 1057 μόνον
1718 985 2039 1036 ταπεινῶσαι

2125 983 2402 1082 cu_m_ipse
2425 987 2730 1052 habuisset
2757 980 3034 1056 sensum':
3057 1012 3132 1055 an
3145 980 3282 1058 vero
3316 980 3538 1077 meam,
3556 1000 3773 1082 inquit,

378 1069 699 1149 βουλόμενος
761 1070 862 1139 τὴν
939 1068 1382 1172 ὑψηλρφροσύνην
1454 1071 1542 1127 καὶ
1600 1068 1862 1172 μεγίστην
1915 1065 2039 1172 ἀλα-

2122 1065 2312 1134 voluit
2343 1075 2699 1172 deprimere
2739 1086 3136 1163 arrogantiam
3186 1065 3536 1169 fastumque'
3578 1065 3775 1172 pl‘uri-Z

378 1163 604 1232 ζονείαν.
672 1161 771 1218 Καὶ
848 1169 1012 1218 ταῦτα
1077 1156 1531 1240 διενθυμούμενος,
1607 1159 1793 1238 μικρὸν
1842 1156 2038 1253 ἀπενό-

2122 1180 2306 1253 mum.
2342 1163 2491 1226 Dum
2522 1169 2645 1230 haec
2682 1156 2905 1232 secum'
2934 1175 3169 1253 cogitat,
3204 1175 3314 1237 levi
3347 1156 3779 1242 sor-nno‘corri-

376 1247 584 1315 σταξεν.
650 1239 709 1307 Ὀ
766 1246 821 1304 δὲ
875 1247 1087 1307 πάντων
1145 1254 1251 1305 τῶν
1308 1239 1522 1305 δικαίων
1577 1251 1897 1326 παρατηρῶν
1943 1245 2038 1309 τὰς

662 1338 676 1351 .
820 1344 849 1351 -
965 1335 979 1351 .
1018 1336 1070 1351 -.
1221 1334 1246 1351 κ
1306 1335 1336 1351 -
1434 1337 1446 1351 .
1676 1345 1702 1351 _
1766 1336 1779 1351 .
1958 1332 2010 1351 ς,

2122 1249 2301 1351 pitur.
2365 1254 2633 1351 Interim,
2677 1259 2814 1351 ‘qui
2877 1239 3172 1342 justorum
3247 1267 3514 1329 omnium
3575 1269 3777 1351 lapsus

367 407 441 479 3‘7
1588 407 1770 480 VITA
1804 414 1863 480 S.
1898 410 2066 480 NILI
2091 408 2468 482 JUNIORIS.
3688 419 3766 498 33

374 1338 718 1419 παρατροπὰς
779 1344 888 1395 τῶν
962 1335 1149 1394 ἐνθέων
1217 1334 1559 1414 διαδημάτων
1614 1345 1707 1395 τοῦ
1762 1332 2041 1391 ὑποσκελί⁶

374 1449 466 1484 σαι
522 1427 562 1495 ἢ
609 1428 803 1506 κρύψαι
881 1423 1100 1505 παγίδα,
1170 1423 1446 1503 βουληθεὶς
1522 1424 1751 1481 σινιάσαι
1806 1424 1895 1479 καὶ
1948 1423 2038 1479 τὸν

376 1514 526 1572 ὅσιον
574 1525 781 1594 τοῦτον,
830 1514 1068 1595 φαίνεται
1127 1518 1271 1589 αὒτῷ
1319 1511 1435 1571 καθ’
1493 1512 1651 1595 ὕπαρ
1684 1511 1738 1567 ὲν
1793 1512 2039 1591 σχήματι

377 1602 471 1661 δύο
525 1591 887 1684 πρεσϐυτέρων
947 1601 1195 1681 μεγάλων
1252 1601 1517 1682 λεγόντων
1563 1617 1579 1632 ⁸
1606 1591 1613 1593 ἡ
1638 1591 1830 1677 Ἠμεῖς
1882 1598 2038 1676 ἐσμεν

380 1693 578 1774 Πέτρος
604 1695 690 1750 καὶ
734 1691 940 1755 Παῦλος
976 1709 989 1723 ⁶
1022 1690 1222 1756 ἰδόντες
1279 1690 1335 1748 δέ
1376 1713 1436 1747 σε
1484 1691 1640 1772 φησὶν
1699 1687 2041 1769 ἀσχάλλοντα

2123 1338 2392 1439 observat
2425 1343 2486 1405 in
2536 1338 2975 1412 sacris'eoz-um
3028 1353 3336 1433 gressibus
3381 1356 3452 1417 ad
3486 1338 3775 1439 supplan-

2126 1429 2366 1522 tandum
2399 1440 2499 1495 aut
2533 1436 2873 1515 ponendum
2920 1429 3224 1522 laqueum,
3265 1444 3535 1508 cribrare
3561 1429 3777 1510 'v'olens

2123 1527 2179 1615 et
2210 1519 2370 1582 hunc
2398 1522 2587 1615 virum
2633 1526 2884 1606 justum,
2937 1519 3179 1610 apparet
3230 1533 3317 1594 illi
3364 1552 3470 1615 per
3497 1554 3773 1598 somnum

2124 1607 2397 1702 duorum
2428 1614 2628 1694 specie
2677 1634 2887 1678 senum
2927 1607 3087 1699 justa
3135 1607 3515 1702 proceri-tate,
3561 1624 3772 1687 dicen-

2125 1697 2271 1796 tium
2300 1717 2314 1763 :
2349 1699 2466 1796 Nos
2496 1721 2703 1796 sumus
2734 1697 2942 1770 Petrus
2986 1717 3055 1770 et
3094 1697 3309 1773 Paulus
3343 1730 3357 1775 :
3420 1697 3668 1796 etiqnia
3716 1720 3775 1776 te

376 1766 501 1862 περί
526 1787 633 1839 τῶν
692 1782 845 1838 θείων
894 1777 1200 1863 δογμάτων,
1254 1766 1510 1855 ἤλθομεν-
1539 1787 1633 1838 τοῦ
1662 1766 1923 1837 συνετίσαι
1951 1798 2035 1857 σε,

2126 1787 2380 1851 vidimus
2433 1791 2492 1853 in
2524 1792 2740 1856 divinis
2770 1795 3144 1877 dogmatibus
3176 1766 3566 1880 laborantem:
3600 1803 3771 1866 veni—

378 1872 470 1928 καὶ
549 1867 746 1935 διδάξαι
821 1870 923 1937 τὴν
970 1867 1221 1939 ἀλήθειαν
1296 1874 1497 1930 πᾶσαν.
1569 1867 1741 1924 Εἶπον
1808 1866 1895 1923 οὖν
1951 1867 2040 1922 καὶ

381 1964 582 2039 χρῆσιν
631 1955 756 2014 ὅσον
810 1960 874 2014 τὸ
938 1962 1038 2025 τῆς
1093 1954 1415 2024 δεσποτικῆς
1491 1960 1662 2036 εὒχῆς
1732 1952 1885 2036 ὕφος,
1952 1955 2041 2013 καὶ

384 2047 713 2114 ὰπέστησαν.
797 2056 838 2105 Ο
886 2044 940 2103 δὲ
989 2048 1063 2110 εἰς
1117 2048 1302 2107 ἑαυτὸν
1356 2045 1545 2126 ελθὼν,
1605 2042 1722 2104 οὐδὲ
1780 2044 1880 2124 γὰρ
1909 2046 2041 2100 ,ιαθ-

383 2132 544 2193 εόδων
627 2137 893 2216 ὑπῆρχεν,
956 2134 1321 2216 ἐφιλοτιμεῖτο
1394 2136 1526 2215 πρὸς
1599 2135 1663 2190 τὸ
1727 2134 1895 2212 παρὸν
1953 2130 2040 2188 ἐπι

379 2232 461 2300 τῷ
509 2225 739 2305 ἀκαίρως
796 2222 1033 2305 φανέντι,
1093 2226 1183 2281 καὶ
1231 2246 1329 2291 την
1387 2228 1586 2303 χρῆσιν
1642 2220 1729 2279 ἐπὶ
1782 2221 2045 2297 πόματος

382 2314 569 2394 εἶχεν,
594 2313 695 2381 τὴν
737 2310 793 2368 δὲ
849 2311 1054 2371 ’ἐννοιαν
1110 2313 1277 2379 αὺτῆς
1334 2315 1429 2372 οὐκ
1483 2311 1697 2392 ἠρεύνα,
1745 2311 1836 2368 καὶ
1882 2319 2046 2368 ταῦτα

384 2400 453 2458 δι’
513 2399 644 2460 ὅλου
698 2411 793 2460 τοῦ
847 2398 1032 2482 ὄρθρου
1084 2403 1174 2459 καὶ
1229 2399 1332 2465 ἕως
1389 2401 1622 2480 πρωίας.
1684 2401 1821 2479 Πρὸς
1875 2396 1930 2455 δὲ
1984 2399 2046 2454 τὸ

387 2489 693 2571 διάφαυσμα
741 2490 973 2570 ἡσυχίαν
1018 2488 1165 2568 ἄγων
1212 2489 1428 2566 βαθεταν
1482 2489 1571 2545 καὶ
1628 2486 1838 2564 μέλλων
1898 2486 2048 2567 ὲρευ-

385 2584 548 2645 νῆσαι
604 2580 667 2634 τὸ
722 2583 821 2644 τῆς
878 2576 1264 2654 ἀποκαλύψεως
1324 2577 1506 2655 βάθος,
1541 2579 1655 2656 εὗρε
1712 2578 1773 2633 τὸ
1824 2575 2043 2652 νομιζό-

388 2688 550 2743 μενον
625 2664 745 2742 μέλι
799 2666 1105 2746 πικρότερον
1179 2665 1418 2742 ἀψινθίου
1451 2683 1467 2700 ⁸
1496 2666 1585 2722 καὶ
1658 2665 1754 2732 τὴν
1811 2686 2044 2745 γρυπτο-

386 2755 559 2832 μένην
613 2753 909 2835 θεολοαίαν,
960 2752 1239 2833 προδήλως
1286 2754 1488 2834 γῖρεσιν
1540 2751 1866 2821 δεινοτάτην,
1911 2753 2041 2811 Τότε

387 2845 418 2899 ὃ
471 2841 678 2909 όξύνους
723 2841 931 2907 ἐκεῖνος
978 2843 1136 2923 ἀνὴρ,
1180 2844 1268 2900 καὶ
1324 2844 1495 2924 ταχὺς
1543 2844 1617 2906 εἷς
1664 2845 1725 2900 τὸ
1777 2839 2040 2922 διακρῖναι

384 2934 450 2987 τὸ
499 2929 722 3011 ϐαθαρὸν
766 2931 873 2989 ἀπὸ
926 2941 1019 2992 τοῦ
1064 2929 1341 3012 κιϐδήλου,
1388 2932 1707 3007 καταμαθὼν
1750 2932 1840 2987 τὶν
1884 2953 2040 3007 παμ-

388 3019 642 3100 μέγιστον
721 3019 876 3078 δόλον
948 3027 1053 3079 τῶν
1124 3028 1330 3088 νοητῶν
1400 3019 1694 3096 πολεμίων,
1775 3021 1864 3077 καὶ
1938 3020 2038 3087 τὴν

386 3106 649 3189 ἄφραστον
722 3110 1041 3189 πανουργίαν
1091 3108 1321 3185 ἐκείνην,
1427 3107 1744 3190 προστρέχει
1823 3114 1891 3185 τῇ
1946 3129 2040 3167 του

388 3201 640 3276 Σωτῆρος
697 3198 1007 3279 σταυρώσει,
1068 3197 1237 3276 ῥίπτει
1304 3198 1488 3256 ἑαυτὸν
1542 3194 1626 3254 ἐπ’
1684 3195 1927 3279 ἐδάφους,
1987 3195 2041 3252 ἐν

386 3285 803 3365 σιιντετριμμένῃ
850 3288 938 3343 καὶ
984 3292 1211 3364 ταπεινῇ
1256 3291 1325 3354 τῆ
1379 3284 1563 3367 καρδίᾳ
1609 3288 1837 3343 αἰτεῖται
1898 3286 2041 3342 ἀπάο

383 3372 561 3449 λειψιν
643 3374 704 3431 ἐκ
758 3371 973 3454 καρδίας
1020 3375 1120 3442 τῆς
1183 3381 1422 3455 πονηρᾶς
1494 3374 1701 3442 ἐκείνης
1771 3373 2041 3455 ἐγγραφῆς

381 3464 474 3520 καὶ
501 3460 756 3545 βεϐήλου,
810 3453 877 3532 ἧς
921 3465 1009 3521 καὶ
1060 3453 1340 3545 τετύχηκε-
1378 3468 1734 3545 παραχρῆμα.
1779 3453 2042 3527 Ἀναστὰς

385 3553 486 3631 γὰρ
538 3561 635 3612 τοῦ
678 3553 844 3613 τόπου
892 3553 1115 3635 ἐκείνου,
1173 3551 1413 3631 obdurui»;
1468 3552 1586 3613 οὖδέ
1638 3574 1769 3609 ποτε
1810 3551 2043 3624 ἠδυνήθη

382 3641 480 3697 ἀπ’
530 3640 737 3710 ἑκεὶνης
792 3649 892 3710 τῆς
948 3641 1091 3723 ὥρας
1150 3644 1345 3724 εἰπεῖν,
1403 3642 1438 3711 ἢ
1495 3640 1594 3699 κᾶν
1649 3641 1894 3709 ἐννοῆσαι
1942 3648 2042 3710 τῆς

380 3736 621 3809 πονηρᾶς
675 3731 881 3799 ἐκείνης
910 3729 1258 3813 χρησμῳδίας
1314 3732 1452 3807 μήτε
1509 3730 1709 3811 ἀρχὴν,
1764 3731 1903 3806 μὴτε
1948 3730 2043 3788 τὲ-

381 3817 502 3882 λος.
588 3828 775 3875 Δπεισι
831 3819 887 3876 δὲ
936 3822 1026 3877 καὶ
1077 3822 1210 3900 πρὸς
1264 3821 1355 3877 τὸν
1411 3819 1577 3899 μὲγαν
1634 3819 1887 3902 ἐργατην,
1958 3822 2047 3878 καὶ

433 3909 446 3925 ⁸
637 3912 651 3931 τ
717 3909 729 3931 ν
884 3910 898 3932 Ι
1112 3910 1124 3927 \
1523 3908 1537 3926 κ

381 3906 568 3984 βάλλει
597 3930 740 3983 αυτῳ
768 3908 1073 3991 μέτανοιαν,
1106 3906 1458 3988 απαγγέλλων
1484 3930 1552 3965 τα
1577 3908 1770 3969 πάντα.

466 4215 564 4306 ιγ’.
624 4218 683 4285 Ὀ
752 4225 807 4284 δὲ
892 4226 1060 4308 γέρων
1126 4225 1392 4306 μειδιῶντί
1448 4234 1526 4302 τῷ
1553 4224 1824 4308 προσώπῳ
1878 4224 2039 4306 ἐκρά-

378 4305 543 4384 τησεν
591 4315 747 4372 αὒτδν
802 4305 918 4394 τῇς*
959 4305 1153 4398 ’χειρὸς
1228 4319 1316 4374 καὶ
1392 4319 1536 4374 εἶπεν
1570 4332 1586 4347 ⁹
1652 4305 1935 4396 Ἀνδρίζου,
1994 4316 2041 4372 ὦ

376 4405 587 4481 τεκνον,
639 4403 869 4484 ἂνδρξου
915 4408 1006 4464 καί
1050 4406 1411 4488 κραταιούσθω
1466 4408 1501 4476 ἡ
1559 4402 1742 4485 καρδία
1800 4425 1916 4485 σου,
1949 4399 2042 4460 καί

379 4493 659 4569 επόμεινον
708 4496 1029 4572 πειρασμοὺς
1086 4501 1193 4554 τῶν
1249 4493 1536 4572 δαιμόνων,
1599 4492 1692 4550 ἵνα
1741 4494 1828 4549 καὶ
1879 4492 2035 4557 αὐτὸς

380 4581 698 4663 ἐπιςτρὲψας
774 4582 1022 4662 στηρίξῃς
1069 4582 1285 4642 πολλῶν
1359 4584 1540 4664 ψυχὰς
1614 4581 1668 4639 ἐν
1739 4586 1807 4658 τῇ
1879 4588 2037 4661 γενεᾷ

380 4692 501 4748 σου,
550 4676 660 4750 φῶς
707 4672 794 4728 καὶ
842 4670 975 4736 ἅλας
1037 4673 1101 4729 ἀν
1153 4670 1377 4754 δειχθεὶς
1433 4672 1487 4728 ἐν
1545 4677 1624 4747 τῷ
1678 4670 1867 4747 κόσμῳ
1915 4684 2033 4734 τοῖς

377 4758 769 4835 πλανωμένοις.
829 4762 928 4819 Καὶ
985 4762 1084 4842 γὰρ
1140 4761 1249 4840 ἐγὼ
1303 4759 1428 4818 οῖδα
1484 4760 1584 4828 τὴν
1640 4758 1702 4815 ἐκ
1755 4765 1847 4816 τοῦ
1905 4764 2037 4816 Θεοῦ

378 4845 627 4905 δοθεῖσάν
686 4870 767 4904 σοι
824 4848 1125 4929 ἀγχίνοιαν,
1183 4851 1272 4907 καὶ
1326 4849 1425 4919 τὴν
1473 4849 1630 4930 χάριν
1686 4854 1779 4904 τοῦ
1825 4846 1984 4926 λόγου
2018 4866 2033 4882 ⁶

377 4938 468 4994 καὶ
496 4935 665 5016 ἔγνων
706 4936 787 4994 ὅτι
834 4938 1001 5018 ὀρθῶς
1045 4937 1324 5003 διεκδικεῖς
1366 4941 1458 4995 τὸν
1508 4939 1708 4995 σκοπὸν
1741 4943 1831 4993 τοῦ
1862 4937 2033 5015 ἁγίου,

377 5023 547 5083 Ἀλλα
604 5023 926 5108 φοϐούμενος
997 5031 1073 5105 μὴ
1137 5036 1216 5105 τῷ
1269 5034 1364 5106 τῇς
1448 5028 1672 5098 οἰήσεως
1747 5026 1900 5084 πάθει
1951 5027 2038 5083 καὶ

377 5121 605 5194 κρημνιῇ
651 5115 968 5195 περιπέσῃς,
1027 5116 1156 5198 ὅπερ
1214 5116 1472 5180 πολλάκις
1530 5115 1687 5173 εἴωθε
1742 5112 2036 5191 ξυμϐαίνειν

377 5219 499 5268 τοῖς
540 5204 679 5267 κατά
733 5206 793 5261 σὲ
840 5204 1220 5289 ταχυδρόμοις,
1280 5205 1493 5283 ἄμεινον
1549 5205 1767 5286 κέκρικα
1819 5205 2040 5286 εὔφραν-

372 5295 527 5373 θῇναί
583 5315 650 5371 με
706 5292 759 5353 ἒν
815 5302 894 5370 τῷ
951 5317 1011 5351 σε
1060 5294 1148 5353 ὑπ’
1206 5297 1334 5367 ἐμοῦ
1388 5295 1710 5372 λυπηθῖναι,
1779 5296 1952 5358 καθὼς
2009 5296 2038 5353 ὁ

371 5380 700 5447 Ἀπόστολος
756 5380 1013 5462 διδάσκει,
1067 5386 1104 5446 ἢ
1160 5388 1222 5443 τὸ
1271 5385 1423 5466 ἅγιον
1481 5391 1695 5462 Πνεῦμα
1748 5384 1883 5441 κατὰ
1945 5391 2038 5442 σοῦ

369 5469 670 5550 λυπηθῇναι
721 5472 776 5530 ἒν
822 5480 899 5549 τῷ
942 5486 1015 5531 ’σε
1070 5476 1240 5546 οἰήσει
1296 5476 1387 5532 καὶ
1437 5472 1849 5553 ὑψηλοφροσύνῃ
1897 5494 2034 5531 κατ-

368 5565 681 5644 ενεχθῆναι.
731 5572 908 5624 Ταῦτα
963 5565 1051 5623 καὶ
1105 5564 1322 5623 πλείονα
1375 5564 1575 5621 τούτων
1630 5563 1855 5641 εἰρηκὼς
1901 5564 2033 5642 πρὸς

463 5897 519 5948 ιο
550 5896 569 5958 l
607 5897 800 5959 Paiial.
834 5913 1040 5972 xxvm,
1073 5896 1171 5960 ‘20.
1272 5896 1316 5937 υ
1350 5894 1568 5976 Eplies.
1603 5854 1681 5970 1v,
1717 5894 1812 5958 30.

2125 1896 2256 1974 mus
2312 1880 2386 1941 ad
2435 1883 2829 1947 erudiendum
2890 1895 2965 1963 te,
3023 1887 3483 1974 docendumque
3531 1912 3771 1956 omnem

2122 1967 2456 2034 veritatem.
2488 1975 2862 2063 Protulerunt
2893 1994 3031 2057 ergo
3059 1977 3144 2039 illi
3176 1967 3400 2042 locum-
3427 1982 3771 2063 quemdam,

2123 2067 2406 2151 quantum
2422 2062 2858 2127 autDominicze
2872 2067 3067 2148 precis
3079 2086 3170 2129 am
3181 2062 3542 2150 plecteretur
3556 2075 3775 2151 oratio,

2130 2156 2186 2242 et
2226 2146 2651 2242 discesserunt.
2699 2153 2805 2217 Ille
2855 2146 2990 2219 Sese
3029 2146 3336 2237 colligens,
3387 2179 3581 2242 neque
3612 2146 3774 2224 enim

2128 2234 2482 2328 dormiebat,
2501 2242 2896 2323 applaudebat
2913 2246 3027 2308 sibi
3043 2234 3285 2328 quidem
3304 2234 3542 2311 interim
3567 2252 3646 2313 de
3666 2250 3746 2312 im
3760 2286 3783 2297 -

2129 2331 2382 2417 portuno
2430 2327 2553 2391 viso
2595 2339 2654 2393 et
2680 2334 3038 2396 sen'entiam
3063 2327 3132 2397 in
3164 2355 3268 2399 ore
3299 2337 3572 2416 habebat,
3609 2340 3772 2417 licet,

2128 2414 2268 2494 quid
2288 2434 2395 2496 per
2410 2436 2538 2480 eam
2559 2420 3019 2503 signiﬁcaretur,
3049 2446 3166 2487 non
3193 2414 3574 2506 examinaret,
3599 2414 3777 2511 idque

2130 2521 2235 2600 per
2264 2512 2448 2569 totum
2485 2519 2907 2596 nocturnarum
2937 2533 3181 2596 precum
3205 2520 3457 2598 Spatium
3483 2537 3672 2600 usque
3699 2521 3773 2582 ad

2128 2594 2577 2661 illucescentem
2628 2602 2810 2664 diem.
2841 2594 3009 2667 Cum
3057 2624 3197 2668 vero
3237 2594 3652 2688 'illucesseret,
3712 2609 3776 2671 in

2127 2702 2362 2748 summa
2385 2689 2568 2751 animi
2608 2690 2807 2772 quiete
2840 2702 3314 2774 perscrutaturus
3345 2696 3624 2759 latentem
3658 2698 3773 2760 vim

2126 2775 2405 2867 expositae
2432 2777 2541 2840 sibi
2574 2781 2883 2844 sententiae
2912 2784 3222 2865 comperit,
3273 2785 3427 2867 quod
3464 2786 3776 2867 putabatur

2128 2866 2267 2943 mel,
2294 2865 2653 2931 absinthium
2671 2872 3109 2934 amarissimum
3134 2881 3193 2935 et
3221 2865 3510 2936 occultam
3539 2876 3773 2938 theolo-

2120 2952 2275 3044 giam
2308 2956 2580 3018 haeresim
2613 2978 2747 3022 esse
2780 2961 3091 3025 manifesto
3142 2964 3574 3044 pravissimam.
3609 2966 3773 3028 Tunc

2063 3043 2277 3138 Cacuti
2310 3044 2633 3127 viringenii
2658 3050 2943 3132 veloxque
2965 3052 3036 3113 ad
3069 3043 3529 3115 discernendum
3556 3074 3771 3136 purum

2122 3132 2195 3194 ab
2227 3133 2583 3224 adulterino,
2619 3139 2852 3218 cognita
2884 3140 3247 3221 nequissima
3289 3143 3498 3205 fraude
3527 3132 3774 3224 spirita-

2123 3221 2267 3283 lium
2301 3223 2557 3287 hostium
2607 3236 2665 3289 et
2711 3228 3021 3307 immensa,
3044 3230 3143 3291 illa
3187 3233 3466 3308 versutia,
3514 3221 3773 3296 accurrit

2124 3312 2197 3375 ad
2225 3331 2461 3375 crucem
2492 3317 2839 3395 Salvatoris,
2873 3320 3196 3401 prosternit
3221 3338 3286 3383 se
3319 3321 3485 3383 humi
3516 3322 3773 3385 contrito

2127 3411 2183 3464 et
2213 3403 2422 3465 humili
2454 3406 2634 3469 corde
2666 3407 2813 3489 petit
2852 3408 3042 3471 deleri
3084 3408 3202 3471 sibi
3249 3428 3318 3473 ex
3346 3409 3557 3472 intimo
3587 3412 3772 3475 corde

2127 3492 2413 3555 nefariam
2461 3492 2622 3557 illam
2681 3504 2740 3559 et
2784 3496 3077 3580 impuram
3137 3499 3544 3580 scriptionem,
3610 3502 3768 3582 quod

2128 3581 2303 3643 etiam
2335 3583 2621 3647 continuo
2649 3585 3004 3668 impetravit.
3038 3589 3184 3653 Cum
3219 3588 3377 3650 enim
3411 3588 3485 3651 de
3508 3581 3640 3651 loco
3670 3590 3776 3655 illo

2129 3671 2436 3756 erexisset,
2472 3693 2771 3757 nunquam
2805 3696 2875 3739 ex
2915 3678 3019 3740 illa
3060 3680 3208 3741 hora
3237 3679 3428 3761 potuit
3455 3679 3621 3741 affari
3667 3688 3770 3742 aut

2127 3780 2407 3825 revocare
2425 3764 2741 3847 quidquam
2762 3768 3005 3831 omnino
3026 3770 3088 3830 in
3113 3768 3461 3831 memoriam
3477 3817 3492 3845 ,
3514 3770 3672 3851 quod
3695 3771 3768 3832 ad

2128 3870 2364 3932 pravam
2390 3852 2551 3916 illam
2572 3854 2995 3920 allocutionem
3015 3878 3253 3941 quoquo
3268 3858 3440 3919 modo
3451 3867 3769 3939 spectaret.

2125 3942 2379 4007 Accedit
2430 3962 2667 4028 quoque
2695 3947 2766 4009 ad
2805 3967 3080 4028 magnum
3130 3950 3260 4011 vitae
3288 3947 3601 4010 sanctioris
3629 3966 3776 4029 ope-

2124 4032 2348 4095 rarium
2406 4041 2468 4097 et
2522 4036 2818 4117 profunda
2880 4058 3021 4102 usus
3086 4038 3472 4102 inclinatione
3536 4036 3771 4117 singula

2123 4131 2384 4186 enarrat.

2206 4217 2302 4278 l3.
2337 4215 2411 4278 At
2435 4237 2618 4281 senex
2659 4218 2979 4282 subridens
3025 4220 3435 4302 prohensaque
3464 4238 3640 4282 manu
3672 4218 3767 4280 di-

2122 4305 2244 4368 xit:
2282 4305 2338 4356 10
2365 4305 2631 4369 Viriliter
2660 4327 2788 4388 age,
2838 4308 2943 4385 ﬁli,
2996 4309 3245 4371 viriliter
3287 4328 3393 4389 age
3423 4321 3485 4371 et
3514 4309 3759 4371 confor-

2124 4402 2282 4456 tetur
2328 4415 2431 4458 cor
2462 4404 2627 4458 tuum
2660 4405 2719 4460 et
2744 4399 2971 4461 sustine
3000 4398 3335 4461 daemonum
3388 4398 3764 4473 tentatinnes,

2120 4493 2181 4546 ut
2199 4503 2525 4548 conversus
2542 4494 2602 4547 tu
2619 4487 2797 4549 etiam
2818 4488 3135 4549 conﬁrmes
3164 4487 3225 4550 in
3256 4487 3643 4569 generatione
3674 4493 3772 4548 tua

2120 4575 2444 4636 multorum
2489 4575 2740 4654 animas,
2788 4576 3006 4659 Iusque
3049 4576 3154 4638 ﬁas
3195 4586 3255 4639 et
3300 4577 3384 4639 sal
3431 4575 3494 4636 in
3544 4575 3768 4637 mundo

2120 4662 2474 4726 errantibus.
2509 4663 2657 4727 Novi
2690 4666 2966 4746 equidem
2998 4666 3210 4728 mentis
3253 4663 3677 4747 perspicaciam
3709 4671 3771 4725 et

2120 4769 2201 4813 se.
2227 4753 2417 4815 monis
2447 4754 2720 4833 gratiam,
2755 4774 2873 4836 qua
2913 4755 3073 4818 Deus
3122 4765 3179 4817 te
3228 4753 3491 4830 donavit,
3523 4762 3582 4816 et
3609 4752 3758 4825 scio,

2121 4848 2178 4903 te
2209 4849 2370 4905 recte
2412 4843 2735 4907 defendere
2788 4853 3045 4906 mentem
3090 4844 3277 4906 sancti
3319 4842 3601 4920 doctoris,
3657 4843 3760 4904 sed

2121 4930 2259 5011 quia
2275 4932 2578 5009 timebam,
2606 4953 2679 4996 ne
2702 4952 2913 5012 magna
2940 4933 3016 4995 de
3049 4933 3232 5016 teipso
3265 4933 3451 4995 elatus
3480 4931 3761 5014 opinione

2123 5038 2387 5103 praeceps
2402 5041 2633 5097 rueres,
2653 5022 2810 5104 quod
2825 5040 2983 5104 sape
3015 5022 3100 5085 tui
3131 5021 3427 5084 similibus
3456 5019 3769 5083 velocitate

2120 5109 2342 5187 ingenii
2372 5112 2785 5193 praestantibus
2814 5111 3053 5175 evenire
3083 5111 3256 5189 solet,
3291 5111 3474 5174 satius
3503 5109 3668 5190 duxi,
3716 5119 3773 5174 te

2123 5199 2954 5279 contristandomeoblectari,
2987 5200 3489 5283 quemadmodum
3520 5201 3769 5282 Aposto-

2121 5287 2213 5349 lns
2234 5288 2408 5352 docet
2436 5291 2511 5373 ίί,
2548 5310 2723 5372 quam
2740 5289 3026 5373 Spiritum
3060 5297 3328 5353 sanctum
3362 5290 3437 5353 de
3455 5299 3512 5353 te
3535 5289 3767 5352 contri-

2122 5378 2287 5455 stari,
2323 5379 2374 5443 si
2400 5380 2624 5444 tumida
2654 5380 3088 5444 existimatione
3111 5379 3511 5463 superbiaque
3533 5381 3773 5443 inﬂatus

2119 5489 2457 5534 corrueres.
2490 5469 2595 5533 His
2607 5471 2855 5554 aliisque
2870 5471 3137 5553 pluribus
3159 5472 3230 5534 ad
3245 5490 3377 5534 eum
3411 5490 3552 5534 usus
3572 5469 3771 5532 verbis

2119 5569 2179 5623 et
2207 5567 2480 5643 precatus
2522 5560 2579 5623 ei
2616 5565 2840 5643 optima
2869 5579 3140 5644 quaeque,
3171 5579 3305 5624 cum
3329 5558 3769 5624 benedictioni-
