4182 6390
415 364 494 434 39
1878 355 2236 427 ΑΝΟΝΥΜΙ
3724 358 3804 428 40

416 487 525 549 bus
556 488 785 552 dimisit
832 490 890 551 in
937 506 1105 571 pace.
1163 484 1411 551 Sanctus
1458 503 1598 549 vero
1648 487 1825 548 Pater
1855 489 2057 545 noster

2149 480 2324 558 αὐτὸν,
2387 482 2733 560 ἐπευξάμενός
2808 501 2865 537 τε
2921 483 3008 538 καὶ
3083 478 3376 560 εὖλογήσας
3434 481 3691 539 ἀπέλυσεν
3747 482 3802 538 ἐν

415 579 583 640 Nilus
614 578 842 659 majora
872 579 931 640 in
962 578 1090 639 dies
1126 576 1497 657 incremen'a
1529 574 1751 637 faciens
1779 572 1852 635 ad
1886 572 2063 659 altioj

416 685 513 727 res
545 656 820 728 virtutum
866 666 1107 747 gradus,
1142 664 1358 747 quibus
1386 665 1561 726 homo
1592 661 1820 725 accedit
1851 666 1920 722 ad
1960 656 2063 722 Dei

410 754 885 835 similitudinem,
946 756 1158 817 amavit
1216 755 1389 816 etiam
1460 753 1740 814 virtutum
1794 749 2063 811 omnium

417 852 663 906 matrem
682 844 1089 920 solitudinem,
1128 843 1382 923 majores
1405 861 1472 903 ex
1506 860 1574 903 ea
1604 838 1834 902 divitias
1863 838 2064 899 lucra-

416 937 580 994 turus
611 942 665 995 et
690 933 1047 995 immensum
1080 932 1388 1013 sapientia:
1417 930 1745 992 cumulum.
1782 927 1852 990 Et
1898 945 2066 988 com-

419 1021 739 1084 municatio
771 1022 1017 1083 consilio
1051 1041 1157 1083 suo
1189 1041 1320 1083 cum
1352 1019 1570 1081 sanctis
1594 1016 1870 1079 Patribus
1905 1016 2070 1096 (age-

420 1107 515 1170 bat
533 1111 689 1172 enim
710 1111 883 1192 nihil,
917 1110 1033 1172 illis
1056 1108 1459 1185 inconsvnltis),
1493 1112 1797 1167 annuente
1829 1104 2067 1192 illorum

418 1198 753 1278 prudentia,
820 1191 1216 1279 precibusque
1273 1195 1721 1276 opitulantibus,
1784 1192 1939 1273 quod
1999 1191 2061 1251 in

416 1288 846 1350 consultatione
875 1294 1021 1366 erat,
1053 1286 1356 1349 decretum
1386 1284 1513 1347 fuit.
1555 1287 1655 1346 list
1706 1301 1822 1343 non
1855 1279 2059 1362 procul

416 1394 450 1436 a
474 1376 849 1438 monasteriis
871 1376 1297 1456 speluncasum
1311 1375 1421 1435 mis
1444 1374 1502 1435 in
1532 1372 1803 1453 rupibus,
1836 1371 2063 1432 habens

417 1483 650 1546 quoque
678 1465 985 1527 aacticulam
1025 1463 1301 1525 Michaeli
1332 1462 1687 1541 archangelo
1730 1461 1858 1541 (16')
1892 1459 2063 1520 dica-

418 1553 923 1628 tam,solitudinis
967 1552 1247 1615 studiosis
1294 1552 1624 1634 aptissima.
1682 1550 1747 1613 In
1782 1550 1931 1611 hanc
1961 1547 2063 1608 ille

417 1640 760 1705 fortitudine
790 1642 1064 1724 inclytus,
1119 1651 1424 1722 assu'nplo
1475 1641 1661 1702 Helia:
1691 1638 1816 1701 zelo
1848 1647 1906 1700 et
1936 1635 2061 1698 Hc-

418 1729 596 1791 lissaai
631 1732 966 1807 tolerantia,
1001 1730 1740 1811 sanctorumqueomnium
1758 1725 2060 1809 patientia,

2148 573 2351 652 εἰρήνῃ.
2418 564 2475 632 Ὀ
2529 571 2583 629 δὲ
2655 570 2797 633 ὅσιος
2860 571 3042 651 Πατὴρ
3114 572 3271 647 ἡμων
3328 571 3519 635 Νεῖλος
3578 570 3655 630 ἔτι
3712 573 3799 629 καὶ

2149 660 2225 718 ἔτι
2294 662 2607 742 προκόπτων
2679 660 2769 717 καί
2841 657 3192 736 αὐξανόμενος
3260 673 3382 725 ταῖς
3451 661 3588 717 κατὰ
3661 660 3791 717 Θεόν

2150 748 2433 811 ἀναϐάσεσι
2492 751 2582 808 καὶ
2651 748 2924 822 θεώσεσιν,
2999 749 3202 828 ἠράσθη
3274 750 3365 806 καὶ
3428 755 3525 826 τῇς
3599 752 3800 831 μητρὸς

2151 845 2335 898 πασῶν
2390 845 2495 896 τῶν
2571 839 2771 919 ἀρετῶν
2841 836 3094 917 ἡσυχίας,
3171 836 3387 895 πλείονα
3460 836 3686 897 πλοῦτον
3744 838 3804 896 ἐκ

2150 929 2345 996 ταύτης
2401 928 2604 1008 ἰσχύων
2680 924 2928 1007 κερδῇσαι
3000 926 3089 983 καὶ
3146 924 3361 1007 ἄπειρον
3436 929 3646 1008 σοφίαν.
3705 928 3806 985 Καὶ

2150 1025 2305 1074 τοῦτο
2357 1018 2558 1081 ἀναθεὶς
2622 1029 2740 1079 τοϊς
2793 1014 2961 1092 ἁγίοις
3037 1014 3297 1095 Πατράσι,
3368 1013 3451 1072 διὰ
3517 1018 3578 1073 τὸ
3633 1018 3805 1074 πάντα

2152 1108 2286 1184 μετά
2314 1105 2508 1184 βουλῇς
2564 1104 2735 1161 αὒτῶν
2791 1104 3067 1182 πράττειν,
3103 1109 3171 1181 τῇ
3230 1104 3402 1161 αὐτῶν
3460 1104 3662 1163 συνέσει
3717 1106 3807 1163 καὶ

2146 1197 2418 1276 δι’,εὖχῶν
2463 1195 2703 1275 συνεργίᾳ
2757 1194 2819 1249 τὸ
2877 1191 3151 1269 βουλευθέν
3212 1193 3472 1274 ἐκυρώθη.
3530 1194 3805 1265 Σπήλαιον

2144 1288 2200 1345 δέ
2258 1287 2397 1342 ἐστιν
2456 1283 2514 1340 οὔ
2572 1283 2776 1362 μακρὰν
2832 1288 2938 1338 τῶν
2994 1283 3386 1363 μοναστηρίων,
3449 1283 3501 1340 ἐν
3557 1291 3634 1359 τῷ
3681 1283 3803 1360 ὕψει

2144 1384 2236 1435 τοῦ
2282 1380 2520 1455 κρημνοῦ
2575 1371 2926 1449 διακείμενον,
2984 1371 3115 1452 ἔχον
3164 1373 3217 1430 ἐν
3274 1373 3415 1449 αὒτῷ
3470 1375 3558 1430 καὶ
3615 1377 3803 1434 θυσια-

2146 1466 2359 1545 στήριον
2414 1460 2498 1520 ἐπ’
2574 1463 2795 1538 ὀνόματι
2872 1467 2965 1519 τοῦ
3038 1463 3471 1544 ἀρχιστρατήγου
3552 1463 3803 1543 Μιχαὴλ,

2143 1555 2279 1612 πάνυ
2334 1554 2463 1632 πρὸς
2520 1550 2748 1631 ἡσυχίαν
2808 1548 2866 1607 ὅν
2924 1549 3222 1621 ἐπιτήδειον
3275 1566 3393 1616 τοῖς
3463 1550 3804 1619 επιτηδείοις.

2146 1643 2235 1702 Ἐν
2258 1642 2428 1715 τούτῳ
2476 1648 2553 1715 τῷ
2608 1638 2854 1713 σπηλαίῳ
2909 1642 2937 1696 ὁ
2987 1638 3225 1719 ἀνδρεῖος
3271 1641 3474 1704 ἐκεῖνος
3527 1638 3806 1697 ἀναλαϐὼν

2149 1723 2331 1789 Ἠλιοῦ
2359 1731 2450 1788 τὸν
2506 1727 2692 1806 ζῇλον,
2720 1729 2809 1785 καὶ
2839 1725 3138 1786 Ἐλισσαίου
3166 1730 3267 1797 τὴν
3292 1730 3591 1810 καρτερίαν,
3620 1730 3720 1797 τὴν
3750 1751 3806 1786 τε

418 1819 621 1881 sedem
658 1820 1642 1900 positurusascenditmaximocum
1668 1816 1881 1898 gaudio
1912 1835 2064 1876 sum-

2149 1820 2418 1897 δπομονὴν
2460 1818 2672 1875 πάντων
2721 1822 2828 1873 τῶν
2874 1816 3064 1895 ἁγίων,
3118 1817 3400 1898 ἀνέρχεται
3469 1820 3806 1889 κατοικήσων

413 1925 625 1988 maque
669 1909 993 1981 alacritate.
1029 1906 1094 1969 In
1125 1928 1193 1970 ea
1242 1906 1568 1969 solitariam
1602 1907 1777 1969 vitam
1807 1905 2057 1976 ducens,

412 1995 719 2077 Deumque
753 1998 1120 2079 praestolans,
1155 1999 1273 2058 imo
1304 2005 1439 2058 ante
1469 1998 1634 2057 illum
1685 2004 1846 2057 stans
1875 2002 1932 2056 et
1964 1993 2060 2055 in-

412 2084 707 2148 visibilem
765 2096 1045 2165 tanquam
1104 2086 1394 2148 visibilem
1453 2104 1727 2162 cernens,
1778 2083 1960 2145 multa
2006 2091 2065 2145 et

418 2174 673 2237 maxima
727 2177 1052 2238 certamina
1096 2177 1343 2238 viriliter
1388 2175 1756 2255 decertavit;
1816 2175 2062 2235 studens

415 2264 811 2345 antiquiorum
846 2266 1111 2327 omnium
1152 2274 1490 2327 sanctorum
1538 2264 1957 2344 justorumque
1998 2262 2057 2323 in

421 2353 789 2427 perferendis
823 2354 1124 2417 laboribus
1168 2372 1517 2435 comparare
1567 2352 1677 2415 sibi
1727 2352 1973 2414 virtutes
2002 2359 2061 2414 et

418 2442 651 2518 merita,
669 2462 798 2524 quae
820 2444 1015 2505 nullus
1032 2452 1130 2505 aut
1147 2463 1232 2505 νει
1252 2442 1341 2505 bis
1364 2442 1700 2524 exprimere
1728 2449 1925 2522 queat,
1962 2449 2061 2502 aut

414 2530 652 2611 scriptis
687 2534 989 2607 mandare,
1025 2552 1094 2594 eo
1128 2533 1285 2611 quod
1320 2532 1379 2593 in
1412 2532 1643 2594 occulto
1674 2531 1825 2592 facta
1866 2530 2058 2591 solum

416 2616 580 2680 illum
626 2640 745 2682 non
790 2624 1030 2697 lateant,
1083 2621 1183 2703 qui
1230 2621 1390 2682 videt
1433 2622 1709 2682 occulta:
1763 2617 1880 2679 nisi
1929 2618 2062 2699 quis

417 2722 485 2766 ea
515 2710 811 2789 conjectel
836 2728 905 2771 ex
940 2712 1057 2772 line
1077 2720 1131 2772 et
1162 2709 1552 2771 retributione
1585 2721 1851 2789 paterna.
1894 2732 1916 2763 (ι
1957 2706 2060 2769 Pa-

417 2807 511 2855 ter
540 2798 724 2874 enim,
760 2799 954 2880 inquit
1003 2799 1074 2875 η,
1129 2809 1286 2876 tuus,
1335 2803 1434 2880 qui
1496 2798 1657 2859 videt
1702 2797 1763 2859 in
1812 2796 2063 2858 abscon-

418 2882 564 2953 dito,
604 2888 814 2949 reddet
846 2888 951 2950 tibi
1001 2889 1062 2949 in
1114 2888 1449 2951 manifesto.
1502 2909 1530 2947 »
1584 2889 1651 2947 Et
1699 2904 1906 2948 rursus
1960 2885 2057 2946 l3:

423 2996 449 3026 α
483 2971 855 3058 Quicumque
873 2977 1291 3057 gloriﬁcaverit
1324 2995 1439 3051 me,
1464 2975 1806 3055 gloriﬁcabo
1831 2991 1990 3036 eum.
2033 2994 2061 3035 ›

509 3154 602 3217 14.
643 3150 786 3215 Nam
819 3152 952 3234 quis
982 3160 1201 3215 tantam
1235 3160 1588 3215 consecutus
1615 3162 1701 3216 est
1731 3155 1975 3234 gloriam
2009 3165 2067 3218 et

420 3245 706 3306 honorem
742 3243 800 3303 in
830 3244 1217 3322 generatione
1250 3242 1381 3317 hac,
1412 3250 1686 3323 quantam
1721 3244 1925 3306 beatus
1968 3244 2066 3307 hic

417 3333 505 3394 vir
534 3350 651 3392 non
686 3333 861 3393 modo
887 3351 921 3393 a
951 3332 1303 3394 Christianis
1334 3332 1574 3412 regibus
1605 3341 1664 3393 et
1697 3334 2067 3416 principibus

418 3420 765 3502 patriarcbis
797 3437 855 3482 et
887 3422 1289 3501 pontiﬁcibus,
1327 3421 1449 3483 sive
1475 3422 1692 3484 nostris
1724 3423 1845 3484 sive
1869 3430 2068 3486 exter-

415 3511 530 3585 nis,
564 3509 668 3571 sed
702 3509 877 3571 etiam
912 3510 982 3572 ab
1016 3510 1355 3571 inﬁdelibus
1388 3511 1672 3592 tyrannis,
1709 3510 2069 3575 Sarraceno-

411 3618 571 3673 rum,
628 3597 896 3679 inquam,
947 3598 1256 3678 dynastis?
1286 3599 1358 3660 Hi
1386 3618 1526 3661 sane
1558 3601 1643 3661 vel
1676 3602 1899 3663 nudum
1937 3603 2068 3682 ejus

415 3705 633 3748 nomen
652 3686 711 3746 in
737 3687 958 3748 honore
993 3687 1315 3762 habebant,
1340 3688 1475 3768 quia
1496 3699 1845 3769 praesentem
1868 3691 2068 3754 videre

414 3794 531 3836 non
566 3781 860 3856 poterant.
913 3773 1051 3836 Haec
1101 3777 1301 3837 omnia
1344 3779 1680 3838 certissima
1725 3787 1861 3839 sunt
1899 3798 2069 3859 argu-

417 3873 615 3925 menta
657 3863 1078 3925 ferventissimi
1124 3883 1263 3945 erga
1309 3868 1496 3929 Deum
1545 3867 1789 3941 amoris,
1829 3867 2068 3948 depres-

414 3953 585 4032 sique
637 3951 843 4027 animi,
896 3971 1013 4033 quo
1064 3953 1462 4015 sublimantur
1510 3954 1803 4028 homines,
1845 3958 2064 4018 multo-

414 4059 665 4121 rumque
700 4040 1068 4120 jejuniorum
1103 4049 1160 4102 et
1191 4040 1520 4119 vigiliarum
1553 4050 1610 4104 et
1641 4044 2066 4124 profundarum

413 4131 888 4191 incurvationum
909 4139 966 4189 et
993 4130 1441 4193 innumerorum
1460 4131 1764 4211 afﬂigendi
1800 4135 2068 4216 corporis

419 4218 758 4298 modorum,
790 4236 1020 4279 necnon
1053 4221 1426 4282 zestuantium
1459 4221 1849 4283 tentationum
1884 4243 2067 4305 oppu-

415 4306 881 4387 gnationumque
899 4306 1252 4386 spiritalium
1276 4307 1711 4372 etsensibilium
1732 4313 2067 4393 etcorporis

2146 1910 2281 1985 μετά
2308 1907 2563 1973 πλειστης
2613 1911 2785 1986 χαρᾶς
2828 1926 2885 1961 τε
2933 1906 3021 1962 καὶ
3068 1908 3385 1985 προθυμίας.
3442 1903 3531 1965 Ἐν
3573 1911 3618 1981 ᾧ
3672 1908 3809 1963 κατά

2146 2000 2310 2076 μόνας
2340 1995 2702 2072 αὒλιζόμενος,
2749 1995 2838 2051 καὶ
2883 1996 2970 2051 τὸν
3017 1997 3146 2052 Θεὸν
3196 1994 3627 2076 προσδεχόμενος
3660 1994 3805 2071 μᾶλ-

2144 2087 2238 2145 λον
2296 2084 2340 2143 δ’
2378 2085 2601 2143 ἐνώπιον
2649 2082 2806 2140 αὐτοῦ
2852 2085 3268 2162 παριστάμενος,
3299 2086 3388 2142 καὶ
3434 2086 3525 2141 τὸν
3581 2084 3806 2165 ἀόρατον

2145 2179 2218 2240 ὡς
2249 2177 2436 2255 ὁρατὸν
2481 2172 2876 2253 πρυορώμενος,
2926 2172 3154 2238 πολλοὺς
3196 2176 3284 2231 καὶ
3330 2175 3605 2252 μεγίστους
3649 2173 3806 2254 ἀφῶ-

2143 2288 2235 2329 νας
2286 2263 2537 2344 ἀνδρικῶς
2592 2260 2910 2337 ἐπεδείξατο,
2969 2262 3191 2319 πάντων
3234 2269 3339 2319 τῶν
3401 2264 3810 2342 προηγωνισμέ-

2145 2377 2245 2411 νων
2277 2354 2434 2410 ὁσίων
2457 2373 2514 2410 τε
2542 2352 2630 2407 καὶ
2659 2348 2869 2408 δικαίων
2918 2352 3010 2415 τὰς
3054 2351 3240 2431 ἀρετὰς
3288 2353 3377 2408 καὶ
3404 2353 3470 2409 τὰ
3522 2351 3654 2408 ἆθλα
3682 2352 3807 2408 ἀνα-

2145 2443 2401 2520 μάξασθαι
2457 2440 2713 2498 σπεύδων
2770 2440 2904 2521 ἅπερ
2956 2439 3117 2505 οὗδεὶς
3174 2443 3247 2498 ὢν
3296 2442 3513 2522 ἰσχύσαι
3570 2464 3605 2507 η
3657 2439 3805 2519 λόγῳ

2145 2533 2360 2612 φράσαι,
2420 2530 2457 2600 ἢ
2525 2535 2702 2611 γραφῇ
2768 2529 3110 2610 παραδοῦναι,
3180 2528 3264 2586 διὰ
3334 2533 3396 2586 τὸ
3474 2529 3527 2585 ἐν
3603 2537 3809 2609 κρυπιῴ

2146 2622 2292 2698 μόνῳ
2342 2628 2418 2695 τῷ
2473 2621 2540 2676 τὰ
2595 2620 2799 2698 κρυπτά
2850 2619 3017 2703 εἰδότι,
3063 2620 3566 2700 προσαναφέρεσθαι’
3632 2621 3675 2675 εἷ
3728 2620 3804 2695 μή

2145 2711 2246 2767 πού
2294 2731 2373 2774 τις
2430 2716 2593 2764 ταῦτα
2644 2709 2750 2765 ἀπὸ
2802 2716 2894 2765 τοῦ
2943 2708 3125 2771 τέλους
3174 2710 3518 2789 τεκμῄροιτο,
3570 2707 3799 2766 τουτέστι

2144 2804 2240 2876 τῇς
2295 2798 2438 2878 παρὰ
2494 2804 2585 2853 τοῦ
2635 2804 2766 2854 Θεοῦ
2816 2795 2993 2872 δόξης,
3043 2799 3133 2854 καὶ
3177 2803 3273 2875 τῇς
3328 2803 3589 2878 πατρικῇς
3638 2797 3806 2853 ἀντα-

2145 2885 2436 2950 ποδόσεως.
2472 2909 2501 2942 α
2536 2878 2594 2944 εΟ
2644 2888 2826 2967 Πατήρ
2876 2910 2968 2944 σου
3016 2887 3140 2967 γὰρ,
3195 2889 3377 2969 φησὶν,
3424 2890 3451 2943 ὁ
3497 2886 3706 2963 βλέπων
3751 2887 3806 2943 ἓν

2145 2983 2222 3053 τῷ
2270 2984 2507 3056 κρυπτῷ,
2551 2973 2812 3032 ἀποδώσει
2869 2998 2951 3034 σοι
3012 2976 3066 3032 ἐν
3120 2985 3197 3053 τῷ
3251 2984 3460 3058 φανερῷ
3494 2976 3622 3034 ’καὶ
3678 2978 3801 3040 τοὺς

2085 3078 2128 3143 c
2148 3064 2454 3146 δοξάζοντας
2488 3086 2578 3142 με,
2612 3067 2764 3146 φησὶ,
2796 3064 3022 3131 δοξάσω.
3061 3089 3090 3122 ι

2229 3143 2316 3215 ιδ’.
2351 3164 2441 3217 Τις
2486 3152 2531 3210 δ’
2574 3143 2757 3218 οὕτως
2796 3153 3043 3222 ἐδοξάσθη
3101 3157 3191 3212 καὶ
3249 3153 3477 3231 ἐτιμήθη
3509 3154 3562 3210 ἐν
3596 3161 3663 3231 τῇ
3716 3177 3807 3234 γε-

2148 3247 2239 3317 νεᾷ
2293 3244 2484 3319 ταύτῃ,
2543 3245 2614 3306 ὡς
2673 3246 2701 3299 ὁ
2760 3244 3016 3323 μακάριος
3084 3246 3278 3324 όῦτοςς
3334 3243 3393 3299 οὗ
3446 3244 3607 3320 μόνον
3664 3246 3807 3323 παρά

2148 3339 2350 3391 πιστῶν
2406 3331 2666 3408 βασιλέων
2725 3334 2813 3389 καὶ
2886 3333 3187 3414 ἀρχόντων,
3270 3340 3617 3414 πατριαρχῶν
3676 3336 3808 3410 ὁμοῦ

2147 3424 2237 3480 καὶ
2306 3420 2620 3502 ἀρχιερέων,
2699 3420 2980 3502 ὁμορύλων
3062 3425 3152 3481 καὶ
3230 3422 3337 3504 οὔχ
3419 3421 3805 3501 ὁμογλώσσων,

2148 3510 2286 3569 ἀλλὰ
2337 3512 2424 3567 καὶ
2484 3510 2626 3590 παρὰ
2701 3517 2806 3568 τῶν
2880 3511 3116 3570 ἀπίστων
3193 3512 3483 3593 τυράννων,
3544 3509 3687 3589 λέγω
3741 3509 3806 3579 δη

2146 3607 2253 3657 τῶν
2308 3598 2662 3678 Σαῤῥακηνῶν
2734 3598 3145 3681 φυλαρχούντων
3178 3616 3192 3632 ⁸
3256 3598 3452 3665 οἵτινες
3530 3601 3679 3677 μόνῳ
3733 3608 3809 3675 τῷ

2147 3690 2366 3766 ὀνόματι
2432 3694 2591 3767 αυτοῦ
2662 3689 2824 3765 τιμὴν
2901 3689 3196 3767 ἀπεδίδουν,
3276 3689 3459 3758 ἐπειδὴ
3541 3695 3638 3767 τῇς
3689 3690 3808 3754 θέας

2148 3756 2422 3856 ἠμόίρουν.
2475 3756 2736 3858 Ἐλεγχος
2794 3776 2849 3835 δὲ
2907 3787 3072 3837 ταῦτα
3124 3756 3298 3839 πάντα
3351 3785 3449 3855 τῇς
3504 3756 3597 3835 tofi
3625 3777 3809 3858 ἀνδρὸς

2147 3869 2276 3947 πρὸς
2329 3868 2458 3923 Θεὸν
2515 3864 2762 3947 διαπύρου
2820 3867 3057 3949 ἀγάπης,
3118 3868 3208 3925 καὶ
3262 3873 3356 3945 τῇς
3404 3868 3668 3944 ὑψοποιοῢ
3719 3890 3811 3924 τα-

2147 3955 2583 4035 πεινοφροσύνης,
2679 3956 2769 4012 καὶ
2835 3962 2942 4014 τῶν
3037 3954 3251 4014 πολλῶν
3341 3962 3627 4030 νηστειῶν,
3721 3958 3810 4014 καὶ

2150 4045 2449 4126 ἀγρυπνιῶν
2504 4044 2591 4101 καὶ
2667 4050 2962 4120 μετανοιῶν
3017 4046 3107 4103 καὶ
3176 4051 3485 4126 κακουχιῶν
3519 4064 3535 4080 ο
3570 4045 3630 4100 οὗ
3704 4047 3811 4122 μὴν

2150 4131 2205 4188 δὲ
2249 4131 2385 4189 ἀλλὰ
2443 4134 2532 4189 καὶ
2576 4138 2683 4190 τῶν
2735 4132 2982 4214 ὲμτώρων
3034 4140 3367 4214 πειρασμῶν,
3420 4134 3512 4191 καὶ
3560 4131 3812 4210 πολέμων

2149 4229 2355 4291 νοητῶν
2430 4224 2517 4279 καὶ
2601 4224 2828 4303 ὁρατῶν,
2904 4224 2993 4280 καὶ
3077 4224 3394 4300 νοσημάτων
3469 4228 3809 4304 σωματικῶν,

2148 4318 2254 4368 τῶν
2305 4311 2449 4391 παρά
2507 4317 2614 4368 τῶν
2689 4313 3001 4389 πνευμάτων
3077 4319 3175 4390 τῇς
3250 4313 3506 4391 πονηρίας
3581 4314 3813 4393 ἰσχυρῶς

416 4395 888 4475 aegrotationum,
910 4414 1054 4476 quas
1083 4396 1167 4457 illi
1202 4416 1459 4478 nequam
1479 4398 1723 4479 spiritus
1736 4401 2062 4464 vehemen-

2154 4400 2294 4476 αὗτῷ
2340 4399 2756 4480 ἐπενεχθέντων,
2807 4399 2892 4457 διὰ
2939 4402 3000 4457 τὸ
3051 4400 3263 4478 μέλλειν
3310 4402 3467 4458 αὒτὸν
3517 4399 3813 4458 ἀναϐαίνειν

417 4493 505 4546 tes
552 4483 844 4560 inﬂixere,
895 4485 1051 4566 quod
1099 4504 1455 4548 ascensurus
1503 4488 1631 4568 ipse
1663 4490 1904 4552 essetin
1936 4509 2064 4553 eam

2150 4491 2223 4554 εἷς
2270 4488 2426 4565 ὕψος,
2482 4487 2595 4546 ὅθεν
2645 4488 2827 4547 ἐκεῖνα
2889 4489 3154 4559 κατῆλθον
3186 4489 3420 4559 ’ἐπειδὴ
3473 4489 3528 4547 δὲ
3584 4489 3645 4547 ἐκ
3673 4489 3812 4548 πολ-

415 4572 873 4664 sublimitatem,
891 4577 1107 4664 dequa
1139 4576 1225 4637 illi
1255 4576 1545 4640 exturbati
1574 4587 1730 4642 sunt.
1767 4578 1881 4644 Sed
1914 4603 2064 4664 quo-

2150 4578 2259 4636 λῶν
2314 4586 2418 4635 τῶν
2472 4578 2668 4636 ἐκείνου
2738 4581 3159 4659 κατορθωμάτων
3234 4578 3389 4657 ὀλίγα
3458 4577 3543 4636 δεῖ
3609 4603 3817 4656 μνημο-

416 4663 578 4724 niam
613 4682 682 4725 ex
712 4663 911 4725 multis
940 4663 1012 4725 ab
1045 4683 1113 4726 eo
1142 4666 1428 4745 praeclare
1460 4667 1644 4745 geslis
1676 4688 1860 4750 pauca
1896 4663 2064 4736 com-

2151 4675 2352 4738 νεῦσαι,
2413 4666 2511 4725 ὅσα
2586 4670 2721 4745 ἡμῖν
2786 4681 2905 4732 τοῖς
2982 4668 3204 4734 ἀναξίως
3281 4669 3425 4743 αὒτῷ
3483 4667 3544 4725 ἐκ
3597 4668 3813 4748 καρδίας

416 4770 750 4843 memorare
768 4761 1034 4843 oportet,
1067 4762 1354 4837 quotquot
1385 4756 1556 4818 nobis
1584 4757 1868 4843 indignis,
1920 4781 2064 4843 quos

2153 4758 2507 4837 ἀγαπηθετσιν
2534 4759 2570 4827 ἡ
2613 4755 2845 4833 ἀψευδὴς
2897 4757 3068 4815 αὖτῶν
3099 4757 3153 4814 εἴ
3199 4778 3329 4837 ρηκε
3380 4755 3617 4837 γλῶσσα,
3673 4780 3812 4838 προ-

415 4856 492 4903 ex
533 4840 732 4903 animo
765 4841 892 4922 ipse
922 4843 1150 4919 dilexit,
1184 4863 1303 4905 non
1337 4845 1665 4908 mentiente
1694 4840 1899 4928 lingua
1927 4840 2064 4915 nar-

2152 4852 2353 4926 τροπῇς
2430 4844 2584 4902 ἕνεκα
2653 4850 2752 4914 τῆς
2817 4847 2974 4922 ἡμῶν
3053 4846 3343 4927 προθυμίας
3416 4850 3517 4913 τῆς
3595 4846 3668 4910 εἷς
3749 4848 3816 4905 τά

418 4931 567 4992 ravit
615 4930 767 5012 (l7),
804 4932 1230 4997 cohortationis
1256 4952 1395 5015 ergo
1425 4935 1496 4999 ad
1531 4937 1793 5018 potiores
1823 4940 2064 5008 virtutes

2154 4934 2376 5014 κρείττω
2432 4934 2570 4991 κατά
2632 4935 2753 4999 τοὺς
2835 4939 2941 4993 τῶν
3008 4933 3315 4993 παλαιστῶν
3384 4934 3422 5001 ἢ
3477 4932 3815 5010 πολεμιστῶν

502 5089 556 5135 η
587 5092 801 5159 Matth.
829 5111 915 5167 v1,
955 5095 1049 5160 18.
1135 5096 1193 5148 ¹5
1224 5095 1248 5161 Ι
1291 5095 1435 5178 Reg.
1479 5115 1542 5175 tt,
1577 5096 1680 5164 30.

1795 5261 2053 5331 Joannis
2088 5266 2217 5334 Clei
2252 5272 2439 5334 notae.

508 5412 633 5497 (15)
663 5411 813 5478 Tum
844 5416 942 5480 hic
966 5425 1088 5480 tum
1122 5418 1340 5501 passim
1384 5418 1525 5483 alibi
1557 5421 1877 5488 observare
1906 5425 2065 5505 licet,

423 5503 819 5586 biographum
853 5526 951 5570 res
978 5518 1172 5588 gestas
1199 5508 1413 5573 ordine
1445 5515 1751 5593 temporis,
1787 5534 1904 5596 quo
1935 5503 2074 5579 con-

426 5596 706 5696 tigerunt,
765 5615 881 5658 non
942 5617 1207 5673 narrare,
1273 5607 1333 5661 et
1407 5602 1669 5684 prolepsi
1726 5605 2075 5686 frequenter

427 5693 540 5748 uti.

510 5774 636 5861 (16)
689 5775 828 5843 Haec
859 5786 998 5844 sunt
1035 5777 1440 5846 verisimiliter
1485 5782 1754 5861 exordia,
1789 5783 2072 5864 cmnobii,

2155 5428 2313 5511 quod
2363 5448 2399 5493 a
2447 5428 2515 5494 S.
2565 5428 2855 5493 Michaele
2902 5429 3128 5494 ibidem
3180 5428 3551 5493 nominatum
3603 5432 3811 5516 fuisse,

2152 5518 2299 5582 dicit
2328 5519 2601 5601 Agresta.
2634 5518 2786 5584 Vide
2822 5530 2946 5586 not.
2988 5523 3086 5585 14.

2238 5609 2363 5692 (17)
2411 5609 2713 5674 Habemus
2765 5610 2863 5674 hic
2915 5609 3119 5692 procul
3171 5608 3355 5672 dubio
3408 5609 3802 5695 biographum

2158 5707 2365 5762 sancto
2393 5709 2989 5783 contemporaneum.
