4182 6378
362 312 428 376 it
1593 307 1781 374 vm.
1823 305 1885 371 s.
1932 304 2101 399 NILI
2141 302 2513 369 JUNIORIS.
3676 303 3753 377 42

361 444 727 525 διδασκάλους,
807 451 976 502 ταῦτα
1034 447 1313 525 παρθῶμεν
1370 449 1447 519 τῷ
1503 441 1648 521 λόγῳ
1702 453 1819 505 τοῖς
1879 439 2012 516 βου-

2102 434 2325 498 avidius
2354 434 2527 498 nobis
2554 433 2961 525 arripiendas,
3011 441 3079 499 ut
3127 436 3593 517 palaestritarum
3638 458 3755 519 pu-

364 533 606 610 λομένοις
650 523 721 592 ἑκ
765 532 983 591 πάντων
1030 523 1287 614 ὠφέλειαν
1337 534 1703 612 καρποῦσθαι·
1767 533 1828 588 οὒ
1880 532 2014 584 θαυ-

2102 524 2527 606 gnantiumque
2556 523 2821 604 magistri
2847 523 3043 588 facere
3073 525 3271 588 solent
3299 547 3315 604 ;
3348 544 3483 609 age,
3516 524 3579 588 in
3621 545 3754 590 me-

363 624 546 698 μᾶτων
598 624 886 702 μεγίστων,
942 622 979 691 ἢ
1031 613 1304 702 τερατείων
1362 618 1622 686 ἀπόδειξιν
1668 621 2011 700 παριστῶντι,

2102 613 2262 702 dium
2295 614 2689 696 proferamus,
2722 614 3037 676 utilitatem
3070 634 3139 677 ex
3171 634 3526 699 unaquaque
3558 636 3625 679 re
3657 635 3758 679 vo-

364 716 449 777 οἷς
524 701 956 782 καταπλήττεται
1005 713 1041 779 ἡ
1094 701 1236 778 ἀκοὴ
1305 714 1409 765 τῶν
1466 704 1918 786 νηπιωδεστὲρων,
1981 701 2018 771 ἢ

2102 701 2366 765 lentibus
2377 721 2614 785 capere,
2641 722 2757 764 non
2779 722 2909 784 quae
2928 722 3049 789 prae
3061 723 3126 767 se
3150 703 3341 767 ferant
3357 705 3750 767 maximorum

297 850 311 865 .
364 806 469 857 τῶν
498 800 755 873 ἀπίστων,
808 799 947 857 ἀλλά
995 799 1177 856 κόπων
1238 796 1479 876 ἀμέτρων
1513 799 1615 876 Δκαὶ
1664 794 1882 875 μόχθων
1931 795 2017 856 οἷς

2105 790 2527 854 miraculorum
2543 810 2609 853 ac
2622 791 3033 873 prodigiorum
3047 793 3524 876 amplitudinem,
3540 793 3757 875 quibus

363 891 424 945 τὸ
469 869 795 947 Ἀπόστολον
842 869 1452 968 ἒγκαυχώμενονΙοῖάα.
1512 869 1686 960 ’ὅμως
1729 869 1817 939 καὶ
1857 889 2019 938 ταῦτα

2102 878 2528 961 obstupescunt
2558 869 2844 942 ineruditi
2874 889 2931 943 et
2959 869 3264 960 inﬁdeles,
3299 882 3401 944 sed
3432 869 3758 946 immensos

363 992 480 1043 τοῖς
549 981 645 1053 μὲν
721 978 956 1058 ἀπείροις
1029 974 1285 1041 πολλαϐις
1344 974 1540 1033 ἄπιστα
1593 972 1850 1053 δόξουσιν³
1898 984 2017 1035 τοῖς

2102 969 2338 1031 labores
2369 975 2430 1031 et
2454 969 2731 1045 sudores,
2771 970 2847 1032 de
2878 970 3094 1052 quibus
3118 971 3241 1033 scio
3259 971 3602 1052 Apostolum
3635 970 3758 1052 glo-

365 1064 418 1123 δὲ
474 1069 651 1132 ποσῶς
708 1066 1115 1149 πεπειραμένοις
1175 1064 1342 1138 ζῆλον
1401 1065 1673 1136 ἒνθήσουσι
1738 1062 1824 1120 καὶ
1873 1062 2017 1137 μνή-

2102 1059 2382 1121 riantem.
2403 1058 2549 1120 Nam
2570 1067 2627 1121 et
2653 1059 2779 1121 haec
2799 1059 2930 1139 ipsa
2947 1059 3272 1141 inexpertis
3290 1061 3530 1142 quidem
3548 1060 3754 1124 incre-

366 1178 471 1230 μης
502 1153 812 1236 ἀμπύρευμα
822 1200 836 1215 .
873 1147 878 1149 ν

2104 1147 2312 1211 dibilia
2340 1147 2698 1236 videbuntur
2721 1148 3116 1230 ;quibusvero
3132 1150 3368 1232 aliquod
3383 1150 3757 1233 experimen-

2102 1244 2227 1299 tum
2258 1243 2369 1312 est,
2422 1235 2767 1300 excitabunt
2814 1237 3006 1301 zelum
3054 1247 3115 1302 et
3166 1237 3335 1319 ignes
3373 1239 3595 1304 addent
3625 1258 3752 1302 me-

2102 1343 2158 1385 m
2167 1342 2328 1389 οινεθ.

1873 1467 2115 1533 CAPUT
2144 1468 2245 1534 ΙΙΙ.

350 1580 429 1646 S.
447 1580 634 1645 Nilus
630 1580 895 1660 jejuniis
909 1579 1260 1661 vigiliisque
1278 1593 1525 1641 carnem
1535 1576 1741 1639 domat
1758 1582 1815 1638 et
1827 1574 2085 1656 spiritui
2098 1575 2374 1657 subjicit:
2419 1580 2593 1641 varie
2613 1580 2918 1643 orationes
2936 1584 3473 1666 occupationesque
3500 1585 3754 1648 diurnas

439 1670 662 1734 dividit
687 1671 771 1731 ad
797 1670 1113 1731 vitandum
1141 1669 1423 1732 taedium:
1458 1668 1859 1755 antiquorum
1889 1667 2145 1755 Patrum
2171 1667 2448 1747 singulas
2473 1669 2722 1732 vivendi
2749 1687 3001 1733 normas
3026 1673 3353 1752 experitur
3383 1693 3404 1733 .·
3422 1675 3666 1755 jejunia
3696 1684 3755 1740 et

440 1760 962 1841 mortiﬁcationem
990 1775 1183 1839 usque
1206 1756 1288 1820 ad
1314 1763 1618 1837 stuporem
1647 1753 1806 1830 colit,
1840 1754 2130 1833 varieque
2160 1772 2196 1817 a
2227 1756 2497 1821 daemone
2523 1764 2787 1821 tentatus
2816 1761 2881 1823 in
2910 1760 3187 1822 morbum
3216 1753 3458 1826 incidit.

446 1888 493 1922 ιε
506 1856 538 1925 ’.
571 1863 812 1929 Ἐκεῖνος
836 1868 866 1922 ὁ
896 1864 1146 1945 ἕνσαρκος
1176 1862 1418 1943 ’ἄγγελος
1447 1860 1671 1927 ὑπέταξε
1700 1862 1797 1939 μὲν
1831 1862 2013 1941 ψυχὴν

2103 1949 2135 1952 _
2166 1862 2425 1952 l5.Ergo
2444 1883 2765 1947 corporeus
2781 1864 2883 1928 ille
2894 1867 3141 1948 angelus
3152 1867 3753 1952 subdideratquidem

366 1957 454 2012 καὶ
509 1965 715 2030 πνεῦμα
772 1962 851 2029 τῷ
917 1954 1066 2029 νόμῳ
1121 1960 1215 2010 τοῦ
1269 1952 1597 2027 πνεύματος,
1657 1950 1823 2029 μηδὲν
1880 1949 2018 2015 ὅλως

2102 1949 2209 2013 Dei
2239 1951 2354 2031 legi
2385 1962 2442 2013 et
2470 1952 2730 2016 animam
2762 1966 2826 2016 et
2876 1955 3177 2037 spiritum,
3229 1976 3350 2019 non
3399 1949 3755 2040 permittens

372 2044 526 2109 ἔασας
595 2046 688 2101 τὸν
756 2051 875 2101 νοῦν
943 2044 1228 2122 φροντίζειν
1303 2050 1405 2101 τῶν
1472 2043 1619 2099 κάτω
1691 2043 1779 2100 καὶ
1846 2045 2021 2123 χαμαὶ

369 2132 696 2212 ἐρχομένων,
747 2129 869 2188 ἀλλ’
912 2130 1176 2211 ἐξερευνᾷν
1221 2133 1312 2189 τὸν
1361 2132 1521 2207 νόμον
1570 2138 1663 2187 τοῦ
1721 2136 1878 2211 Θεοῦ,
1934 2134 2022 2188 καὶ

368 2220 423 2277 ἑν
475 2219 581 2297 ὅλῃ
636 2218 819 2300 καρδίᾳ
876 2220 1123 2291 ἑκζητεῖν
1179 2230 1273 2280 τοῦ
1325 2217 1605 2299 πληρῶσαι
1665 2218 1759 2283 τὰς
1806 2215 2020 2281 ἐντολᾶς

364 2313 546 2371 αὐτοῦ.
580 2300 830 2374 ’Υπέτιξε
871 2305 929 2364 δὲ
978 2309 1077 2376 τὴν
1126 2309 1294 2388 σάρκα
1337 2314 1413 2382 τῷ
1460 2308 1743 2387 πνεύματι,
1793 2304 2024 2363 πλεῖστα

367 2402 505 2477 αὗτῇ
574 2400 933 2474 νομοθετήσας
1004 2399 1091 2454 καὶ
1159 2394 1355 2479 σφόδρα
1429 2393 1866 2476 δουλαγωγήσας,
1926 2402 2021 2453 τοῦ

366 2491 587 2555 εὖπειθῆ
643 2490 729 2544 καὶ
777 2487 1009 2563 εῆνιον,
1072 2486 1218 2543 εἶναι
1267 2493 1345 2561 τῷ
1393 2485 1609 2563 νεύματι
1657 2493 1747 2544 τοῦ
1794 2484 2017 2541 ἐπιστα-

363 2587 603 2639 τοῦντος.
667 2573 894 2641 Ἐδίδαξε
951 2576 1046 2650 μὲν
1122 2577 1223 2655 γὰρ
1276 2575 1460 2649 αὐτὴν,
1515 2572 1599 2630 διὰ
1640 2571 1730 2631 δύο
1780 2573 1817 2642 ἢ
1862 2578 2017 2652 τριῶν

360 2669 609 2746 ἡμερῶν,
667 2666 703 2733 ἢ
750 2667 838 2721 καὶ
893 2664 1048 2721 πέντε
1094 2661 1382 2741 λαμϐάνειν
1422 2668 1645 2744 τροφῆς,
1696 2664 1784 2720 καὶ
1830 2662 2019 2719 τοσαύ-

363 2779 467 2824 την
526 2755 607 2811 ἀεί
634 2752 810 2834 ἐνδεῆ,
862 2756 951 2810 καὶ
996 2753 1117 2810 οἵαν
1166 2751 1227 2809 ἂν
1258 2753 1442 2833 ,τύχῃ,
1494 2757 1563 2828 τῇ
1600 2772 1659 2808 τε
1697 2758 1802 2808 τῶν
1846 2747 2015 2819 ἡδέων

361 2845 531 2924 ὀρέξει
603 2840 863 2919 μηδαμῶς
909 2838 1234 2898 ἐπισπεύδειν
1270 2861 1284 2876 ’
1346 2840 1642 2920 ἀπέχεσθαι
1703 2837 1873 2916 οἴνου,
1930 2840 2017 2896 καὶ

361 2934 628 2991 παντοίων
682 2930 767 2987 διὰ
822 2932 983 3009 πυρὸς
1036 2928 1361 3007 ἐδεσμάτων.
1416 2927 1698 3005 Ἐμάστιζε
1752 2925 1806 2984 δὲ
1851 2928 2017 2995 αὐτὴν

364 3023 676 3103 ἀγρυπνίαις
729 3021 817 3077 καὶ
873 3018 1203 3096 ψαλμῳδίαις
1248 3020 1337 3077 καὶ
1395 3019 1686 3098 παννύχοις
1747 3018 2011 3075 στάσεσιν.

2105 2040 2349 2103 omnino
2373 2043 2554 2105 menti
2578 2042 2654 2106 de
2676 2041 2898 2106 inﬁmis
2922 2051 2982 2106 et
3000 2044 3309 2108 vilissimis
3333 2048 3616 2126 cogitare,
3643 2047 3754 2111 sed

2103 2127 2267 2190 illam
2286 2129 2523 2210 erigens
2544 2130 2781 2194 assidue
2794 2131 2864 2194 ad
2883 2133 3385 2213 perscrutandum
3416 2135 3526 2199 Dei
3556 2136 3751 2217 legem

2107 2222 2167 2278 et
2188 2217 2533 2307 enitendum
2548 2220 2712 2284 omni
2738 2221 2958 2297 studio,
2981 2229 3046 2285 ut
3065 2231 3359 2305 praecepta
3379 2224 3512 2305 ejus
3528 2225 3750 2307 imple-

2103 2313 2219 2367 ret.
2263 2304 2533 2386 Subjecit
2563 2325 2701 2369 vero
2732 2328 2973 2372 carnem
3007 2309 3247 2392 spiritui
3266 2304 3480 2375 multis
3512 2304 3749 2376 edo—mi-

2102 2403 2220 2456 tam
2248 2395 2476 2484 legibus
2507 2404 2564 2458 et
2595 2416 2866 2478 magnam
2914 2398 2975 2461 in
3025 2401 3369 2463 servitutem
3414 2402 3748 2484 redactam,

2100 2489 2170 2546 ut
2190 2501 2254 2545 se
2268 2483 2500 2546 facilem
2527 2492 2927 2568 etpromptam
2939 2487 3013 2550 ad
3034 2487 3437 2551 obediendum
3456 2483 3755 2571 praeberet

2103 2572 2468 2635 moderantis
2499 2574 2766 2638 arbitrio.
2801 2574 3013 2638 DoCuit
3068 2576 3287 2659 quippe
3338 2577 3500 2640 illam
3533 2579 3749 2657 altero,

2100 2660 2193 2723 vel
2222 2661 2419 2737 tertio,
2455 2663 2545 2724 vel
2591 2663 2796 2744 quinto
2845 2683 3082 2746 quoque
3132 2664 3227 2727 die
3277 2665 3476 2728 cibum
3508 2685 3749 2731 sumere

2101 2750 2533 2827 necessarium,
2568 2770 2826 2833 eumque
2856 2761 3092 2815 tenuem
3117 2752 3384 2828 ;obviam
3418 2762 3477 2817 et
3501 2774 3743 2818 suavem

2099 2840 2507 2921 appetentiam
2568 2841 2817 2904 minime
2874 2841 3071 2921 sequi,
3127 2842 3427 2929 abstinere
3489 2845 3627 2908 vino
3689 2853 3750 2906 et

2100 2929 2554 3012 quibuscunque
2574 2932 2791 2993 eduliis
2813 2932 2936 3013 igni
2954 2934 3159 2997 coctis.
3188 2934 3547 3015 Flagellabat
3564 2954 3747 3015 porro

2098 3018 2263 3080 illam
2296 3018 2510 3100 vigiliis
2542 3028 2599 3083 et
2630 3022 2986 3102 psalmodia,
3020 3024 3569 3104 pernoctationibus
3587 3044 3750 3093 nun-

370 3109 592 3178 Ἐπειδὴ
620 3108 676 3167 δὲ
724 3110 834 3165 ἐστι
880 3109 969 3165 καί
1024 3108 1079 3165 ἐν
1125 3111 1307 3171 αὖτοϊς
1349 3119 1465 3170 τοῖς
1510 3105 1700 3171 καλοῖς
1732 3105 2019 3215 παέουργία

378 3199 405 3215 ς.
444 3200 457 3215 .
514 3202 525 3215 .
782 3197 792 3215 .
992 3205 1017 3215 ..
1132 3195 1142 3215 ι
1323 3194 1337 3215 ,
1444 3196 1455 3215 1
1547 3198 1572 3215 ι.
1693 3196 1705 3215 ε
1841 3192 1913 3215 ιη

2102 3126 2275 3189 quam
2304 3109 2661 3208 sedentariis
2694 3118 2753 3173 et
2780 3111 3034 3175 ﬂexione
3064 3111 3430 3176 creberrima
3457 3131 3743 3192 genuum.

375 3199 658 3279 διίμόνων,
728 3197 864 3277 πέρα
929 3205 1022 3256 τοῦ
1079 3195 1269 3276 μέτρου
1319 3194 1630 3252 ἐκτείνεσθαι
1688 3191 2019 3282 ὑποϐάλλου-

2103 3199 2394 3260 Caeterum
2431 3196 2570 3278 quia
2600 3218 2710 3263 nec
2739 3200 2801 3261 in
2846 3199 2995 3282 ipsis
3036 3200 3213 3264 bonis
3258 3201 3429 3265 deest
3457 3191 3752 3265 calliditas

372 3311 441 3346 σα
508 3301 624 3350 τοῖς
681 3286 939 3365 ἀπείροις,
1001 3292 1163 3342 ταῦτα
1231 3282 1416 3359 ἐκείνῳ
1481 3284 1656 3364 μέτρῳ
1709 3281 2016 3364 διετελεττο,

2104 3284 2416 3362 daemonis,
2446 3287 2814 3365 rudioribus,
2849 3281 3093 3352 modum
3125 3296 3189 3351 ut
3216 3290 3524 3365 excedant,
3545 3310 3755 3371 sugge-

369 3375 449 3435 ἵν⁹
506 3379 551 3434 εἰ
600 3375 698 3452 μὲν
762 3373 983 3451 ἐλλείψῃ
1036 3395 1086 3430 τι
1140 3376 1247 3430 τῶν
1301 3372 1706 3461 ἰτετυπωμιὲνων²
1768 3373 2019 3461 ῥᾳθυμίας

2102 3392 2267 3454 rens,
2290 3373 2351 3435 in
2375 3375 2653 3438 omnibus
2672 3377 2774 3438 ille
2791 3377 3030 3441 modum
3055 3378 3402 3456 adhibebat,
3425 3388 3509 3450 ut,
3539 3379 3749 3461 siquid

370 3465 565 3546 δειχθῇ
611 3464 674 3519 τὸ
712 3460 924 3542 λεῖψαι,
975 3463 1063 3517 καὶ
1109 3462 1182 3524 ὡς
1231 3459 1511 3542 χρεώστην
1559 3460 1718 3518 αὐτὸν
1761 3459 1860 3526 τὴν
1906 3479 2019 3514 συν-

2104 3481 2175 3524 ex
2194 3463 2532 3526 constitutis
2561 3462 2678 3525 sibi
2700 3464 2898 3527 minus
2917 3466 3178 3543 fecisset,
3224 3466 3493 3529 defectus
3527 3459 3751 3531 tribue-

369 3558 554 3626 ήθειαν
582 3553 858 3628 ἀπαιτήσῃ
890 3564 906 3581 ⁸
957 3551 1002 3607 εἰ
1048 3547 1103 3605 δέ
1153 3572 1204 3606 τι
1256 3548 1624 3631 περισσότερον
1680 3550 1709 3604 ὁ
1760 3546 2018 3626 λογισμὸς

372 3641 677 3719 ὑποϐάλλῃ,
730 3638 997 3719 ξαιμόνων
1051 3638 1192 3695 εἶναι
1248 3639 1311 3695 τὸ
1376 3635 1552 3718 ἔργον,
1607 3637 1695 3693 καὶ
1743 3635 2019 3717 ἀποφεύγῃ

369 3736 463 3791 τὸν
492 3713 672 3795 δόλονξ
727 3713 868 3788 ’ὃθεν
916 3727 1025 3785 ἀπὸ
1070 3728 1215 3807 πρωΐ
1263 3725 1364 3790 ἕως
1405 3713 1597 3805 ’τριτής
1650 3724 1808 3791 ὀξέως
1866 3713 2021 3780 ἕκαλ-

366 3822 643 3903 λιγράφει,
712 3816 891 3893 λεπτῷ
960 3817 1049 3874 καὶ
1118 3822 1299 3903 πυκνῷ
1378 3824 1656 3896 χρώμενος
1727 3812 2014 3903 ἰδιοχείρῳ³

369 3902 461 3970 κιιῖ⁵
488 3906 755 3990 πτράδιον
800 3906 1019 3987 πληρῶν
1069 3902 1187 3962 καθ’
1238 3905 1466 3972 ἑκάστην
1500 3920 1514 3935 ’
1561 3904 1615 3961 ἐν
1670 3903 1840 3977 τούτῳ
1867 3902 2017 3969 πλη-

371 4003 477 4082 ρῶν
547 3999 646 4066 τὴν
714 4003 808 4053 τοῦ
872 3995 1174 4075 ἐργάζεσθαι
1232 3992 1542 4050 κελεύουσαν
1595 3990 1839 4082 ἐντολήν,
1874 4078 1886 4082 Δ
1909 3990 2019 4058 Τὴν

372 4078 431 4147 δὲ
486 4095 580 4146 τοῦ
626 4087 928 4161 Πνεύματος
978 4082 1139 4165 χάριν
1188 4084 1323 4158 μετὰ
1368 4083 1474 4139 τῶν
1521 4079 1832 4139 ἀποστόλων
1874 4078 2021 4156 λαμ-

373 4178 549 4237 ϐάνων
602 4176 796 4234 ἵστατο
864 4173 1059 4254 μέχρις
1128 4171 1287 4239 ἕκτης
1337 4172 1481 4252 παρά
1534 4177 1612 4247 τῷ
1666 4175 1875 4249 σταυρῷ
1931 4190 2024 4225 του

385 4267 656 4327 Δεσπότου
724 4263 861 4340 μετά
909 4262 1109 4343 Μαρίας
1168 4262 1257 4318 καὶ
1314 4257 1558 4319 Ἰωάννου
1611 4259 1672 4315 τὸ
1728 4257 2021 4339 ψαλτήριον

375 4359 606 4439 πικῶν,
657 4355 746 4411 καὶ
799 4352 968 4409 ποιῶν
1023 4348 1354 4431 γονυκλισίας
1402 4349 1606 4431 χιλίας,
1649 4347 2020 4420 τελειουμὲνης

2099 3559 2267 3613 retur
2295 3552 2583 3614 socordiae
2612 3562 2671 3615 et
2717 3572 2751 3614 a
2799 3553 3018 3634 seipso,
3074 3573 3290 3636 nempe
3337 3564 3403 3617 ut
3452 3554 3748 3636 debitore,

2102 3648 2448 3702 consuetum
2478 3659 2703 3703 morem
2731 3642 3033 3722 exigeret:
3068 3643 3117 3703 si
3149 3643 3292 3725 quid
3321 3662 3462 3705 vero
3492 3645 3751 3725 amplius

2102 3728 2459 3809 subjecisset
2488 3729 2787 3810 cogitatio,
2813 3731 3271 3811 dignosceretur
3293 3751 3440 3813 opus
3461 3733 3751 3796 (laemonis

2103 3825 2164 3881 et
2193 3820 2512 3882 evitaretur
2546 3820 2739 3881 dolus.
2776 3819 2976 3900 Itaque
3006 3839 3040 3883 a
3070 3821 3262 3902 prima
3297 3821 3428 3883 luce
3459 3841 3648 3902 usque
3672 3823 3749 3884 ad

2100 3907 2338 3970 tertiam
2370 3908 2651 3970 velociter
2671 3909 2974 3990 politeque
2995 3909 3387 3986 exscribebat,
3415 3910 3749 3973 litterarum

2102 3996 2294 4058 forma
2324 4005 2494 4059 utens
2526 3996 2752 4058 minuta
2784 4007 2843 4059 et
2893 3999 3099 4076 densa,
3157 4006 3220 4059 ut
3246 3998 3499 4078 singulis
3537 3998 3752 4067 diebus

2104 4085 2558 4167 quaternionem
2589 4086 2910 4167 impleret;
2970 4088 3081 4149 hac
3123 4087 3354 4149 ratione
3384 4096 3749 4169 praeceptum

2104 4175 2445 4251 observans,
2469 4195 2581 4256 quo
2604 4175 2999 4238 laborandum
3023 4194 3176 4252 esse,
3189 4176 3457 4256 jubetur.
3492 4172 3753 4258 Spiritus

2101 4282 2243 4326 vero
2273 4264 2519 4343 gratiam
2548 4283 2682 4325 cum
2728 4264 3030 4345 Apostolis
3069 4266 3397 4346 accipiens,
3454 4266 3651 4328 stabat
3680 4265 3755 4328 ad

2103 4370 2343 4415 crucem
2376 4352 2615 4415 Domini
2671 4372 2863 4434 usque
2910 4352 2983 4414 ad
3030 4359 3259 4415 sextam
3311 4371 3446 4417 cum
3480 4353 3669 4416 Maria
3698 4361 3758 4417 et

372 4449 471 4506 κάν
500 4446 671 4519 τούτῳ
716 4447 815 4510 τῆς
865 4442 947 4498 ἀεὶ
994 4442 1380 4522 προσεύχεσθαι
1433 4438 1653 4507 ἐντολῆς
1700 4439 2019 4519 παρεγγυώ-

2102 4440 2353 4516 Joanne,
2414 4441 2676 4505 recitans
2733 4443 2995 4524 psalmos
3045 4449 3106 4504 et
3150 4461 3417 4521 genuum
3464 4443 3756 4507 ﬂexiones

370 4558 502 4605 σης.
562 4516 697 4592 Ἀπὸ
751 4528 806 4587 δὲ
854 4529 1012 4597 ἕκτης
1039 4516 1163 4592 ’ἕως
1196 4516 1395 4596 ’ἐνάτης
1451 4527 1677 4595 ἐκάθητο
1718 4516 2019 4606 ἀναγινώσ-

2104 4531 2268 4594 mille
2299 4548 2614 4612 peragens,
2637 4516 2753 4594 hac
2771 4532 2949 4595 etiam
2974 4550 3045 4595 ex
3069 4516 3235 4614 parte
3253 4533 3506 4615 implens
3535 4550 3752 4614 perpe-

371 4649 483 4683 κων
550 4624 639 4679 καὶ
696 4618 971 4700 ἐξερευνῶν
1034 4619 1127 4674 τὸν
1182 4617 1343 4694 νόμον
1397 4626 1491 4676 τοῦ
1548 4618 1755 4696 Κυρίου,
1808 4616 1897 4671 καὶ
1953 4615 2019 4670 τὰ

371 4715 652 4789 ποιήματα
681 4712 785 4766 τῶν
811 4704 1160 4770 διδασκάλων.
1222 4715 1386 4766 Τοῦτο
1435 4707 1535 4786 γὰρ
1582 4706 1610 4761 ὁ
1657 4707 1803 4768 θεῖος
1854 4700 2019 4759 Ἀπόο

372 4801 562 4864 στολος
591 4800 777 4880 γράφει
797 4813 812 4828 ·
848 4796 1118 4877 Πρόσεχε,
1157 4793 1355 4875 λέγων,
1383 4800 1451 4872 τῇ
1499 4793 1815 4873 ἀναγνώσει.
1862 4790 2022 4880 Ἐνά-

370 4914 476 4962 την
532 4879 972 4967 δὲ.Ππληίῐλρώινας²
1042 4886 1132 4941 καὶ
1187 4886 1259 4948 ὡς
1312 4885 1546 4960 θυμίαμα
1602 4888 1720 4957 Θεῷ
1774 4879 2020 4956 ἀναπέμ-

370 5004 492 5039 πων
552 4979 644 5035 τὸν
701 4975 945 5055 ἑσπέριον
1014 4973 1200 5054 ὕμνον,
1252 4971 1510 5052 ἐξήρχετο
1563 4968 1664 5042 ἔξω
1718 4971 2019 5050 περιπατῶν

368 5072 460 5129 καὶ
490 5065 882 5148 ὡραϊζόμενος,
932 5063 1020 5120 καὶ
1069 5062 1256 5142 μικρὸν
1298 5060 1601 5148 ἀναπαύων
1626 5059 1724 5126 τὴν
1773 5056 2022 5125 αἴσθησιν

368 5147 710 5236 κεκμηκυῖαν
780 5160 858 5229 τῷ
912 5153 1072 5227 μήκει
1130 5156 1229 5217 τῆς
1286 5148 1488 5230 ἡμέρας
1543 5147 1714 5229 φέρων
1771 5151 1905 5224 ὁμοῦ
1959 5148 2021 5203 τὸ

365 5258 462 5309 τοῦ
513 5241 844 5303 Ἀποστόλου
901 5242 988 5298 ἐπὶ
1031 5249 1126 5299 τοῦ
1180 5237 1444 5315 στόματος
1499 5257 1515 5273 ·
1594 5247 1687 5295 Οτι
1732 5237 1800 5293 τὰ
1824 5236 2021 5316 ἀόρατα

362 5349 461 5400 τοῦ
519 5344 654 5394 Θεοῦ
708 5333 815 5389 ἀπὸ
863 5332 1084 5394 κτίσεως
1132 5329 1339 5404 κόσμου
1382 5340 1502 5391 τοῖς
1540 5327 1805 5401 ποιήμασι
1862 5326 2018 5383 νοού-

360 5449 498 5509 μενα
554 5427 843 5505 καθορᾶται
874 5440 888 5455 ⁸
952 5421 1041 5509 καὶ
1092 5420 1177 5509 τί)³
1226 5416 1321 5476 Ἐκ
1366 5419 1472 5473 τῶν
1532 5412 2020 5495 δημιουργημάτων

357 5504 452 5579 τὸν
486 5514 829 5595 Δημιουργὸν
857 5504 1376 5586 καταλαμϐάνοντες.

437 5698 500 5751 ﬂ
526 5693 554 5761 Ι
579 5692 749 5761 Tim.
779 5704 865 5755 Iv.
903 5684 1001 5753 13.
1083 5684 1144 5739 ίδ
1169 5686 1349 5752 Rom.
1375 5701 1418 5764 ι,
1447 5683 1551 5751 20.
1632 5678 1693 5734 ίῧ
1716 5679 1873 5747 Ibid.

728 5793 996 5866 Parma.
1024 5789 1137 5861 Gtt.
1167 5788 1342 5860 CXX.

2101 4628 2217 4682 tuae
2247 4621 2543 4683 orationis
2578 4634 2964 4703 praeceptum.
3018 4624 3071 4684 A
3103 4631 3273 4685 sexta
3301 4623 3375 4685 ad
3404 4641 3622 4685 nonam
3650 4640 3755 4685 se-

2105 4708 2285 4772 debat
2329 4709 2556 4789 legens,
2610 4721 3115 4793 perscrutansque
3162 4712 3358 4795 legem
3413 4710 3655 4786 Domini
3700 4719 3758 4775 et

2105 4798 2329 4879 scripta
2351 4807 2690 4862 sanctorum
2722 4802 2962 4865 Patrum
3019 4809 3197 4881 atque
3247 4801 3558 4863 doctorum
3589 4800 3758 4863 evol-

2101 4906 2246 4949 vens
2277 4908 2293 4965 ;
2324 4887 2409 4950 ita
2446 4889 2605 4951 enim
2643 4890 2914 4971 praecipit
2962 4889 3308 4971 Apostolus,
3337 4888 3621 4971 Attende,
3652 4888 3756 4951 in-

2104 4976 2318 5058 quiens
2338 4977 2416 5054 “,
2447 4977 2712 5042 lectioni.
2750 4982 2893 5042 Post
2923 4997 3138 5041 nonam
3177 4977 3441 5059 dirigens
3465 4978 3539 5041 ad
3565 4977 3756 5041 Deum

2104 5065 2580 5129 sicutincensum
2593 5069 3001 5149 vespertinum
3015 5068 3760 5151 hymnum,egrediebatur

2105 5153 2567 5232 deambulatum,
2594 5166 2652 5219 et
2671 5176 2912 5219 sensum
2934 5157 3097 5219 varia
3124 5156 3490 5238 spectatione
3521 5157 3757 5221 modice

2101 5252 2442 5306 recreatum
2472 5246 2757 5308 diuturno
2789 5245 2909 5309 diei
2925 5245 3130 5309 labore
3148 5247 3472 5323 defessum,
3494 5246 3764 5328 Apostoli

2103 5332 2327 5397 dictum
2352 5337 2827 5414 pronuntiando:
2858 5335 3026 5409 Quod
3052 5335 3552 5399 invisibiliaDeia
3584 5354 3757 5399 crea-

2105 5428 2236 5483 tura
2261 5422 2464 5484 mundi
2482 5442 2589 5504 per
2607 5443 2699 5501 ea,
2723 5444 2856 5506 quae
2883 5426 3034 5488 facta
3066 5433 3225 5502 sunt,
3262 5425 3569 5491 intellecta
3602 5443 3756 5488 con-

2103 5511 2436 5594 spiciuntur
2464 5513 2557 5579 15:
2582 5521 2642 5580 et
2667 5514 2839 5597 illud,
2871 5516 2921 5580 Ε
2940 5516 3231 5582 creaturis
3252 5514 3595 5583 Creatorem
3620 5531 3757 5597 per-

2105 5601 2401 5684 cipientes
2428 5602 2509 5669 ‘6.
