4182 6416
460 389 538 452 47
1973 384 2080 448 AN
2084 383 2115 446 C

2197 381 2330 446 YMI
3763 379 3840 446 48

463 520 799 601 gitationes,
843 525 968 581 tum
1012 517 1357 581 manifestas
1399 515 1823 597 apparitiones,
1874 531 2109 576 necnon

2197 514 2374 581 δεινῶς
2424 515 2513 574 ὑπ’
2572 520 2742 576 αὐτῶν
2797 521 2886 572 τοῦ
2943 513 3263 590 καταλετψαι
3322 516 3419 571 τὴν
3477 516 3704 596 ἡσυχίαν
3748 517 3835 574 καὶ

464 600 700 672 dolores
731 600 1004 691 cerporis
1033 627 1066 670 e
1094 605 1372 688 gravibus
1398 603 1648 685 morbis,
1702 611 1762 665 et
1809 602 1962 691 ipse,
2013 603 2114 684 qui

2197 605 2268 668 εἰς
2317 605 2382 662 τὰ
2436 603 2671 662 κοινόϐια
2719 601 2991 682 ἀπελθεῖν,
3039 601 3116 659 ἵν’
3157 605 3230 691 (3):;
3278 600 3480 684 φυγάδα
3526 606 3612 660 καὶ
3660 601 3832 660 δειλὸν

465 716 674 778 passus
707 706 819 775 est,
842 673 1062 759 'omnes
1094 673 1394 758 venarrare
1443 694 1534 754 vix
1587 673 1812 773 posset.
1837 673 2114 753 'Multa'et

2197 695 2347 752 αὐτὸν
2393 693 2793 752 ἀποκαλέσωσιν
2834 696 2880 749 οἱ
2925 692 3100 754 δεινοί,
3165 673 3275 750 εί.)τε
3323 692 3412 748 οὖν
3455 692 3832 774 ἐπηνωχλεϊτο

463 787 662 867 gravia
694 805 903 866 passus
934 797 1027 848 est
1085 785 1265 860 bella,
1320 792 1386 845 ut
1431 781 1637 844 relicta
1685 778 2008 842 solitudine
2036 780 2109 842 ad

2197 781 2394 860 ἀνάγνη
2450 780 2627 858 πολλῇ
2679 779 2768 838 ὑπ’
2822 781 2990 838 αὒτῶν
3025 796 3039 810 ⁸
3101 780 3306 838 ἐποίουν
3377 781 3474 860 γὰρ
3523 781 3678 838 αὐτὸν
3726 782 3830 858 ἐμ-

465 874 738 938 caanobia
760 893 824 936 se
845 873 1173 947 conferret,
1201 892 1270 935 ex
1297 891 1412 954 quo
1437 889 1569 933 eum
1595 868 1836 947 maligni
1867 867 2109 948 spiritus

464 965 833 1026 desertorem
883 963 1276 1043 timidumque
1335 965 1631 1022 vocarent.
1666 957 1809 1020 Cum
1843 956 2020 1036 igitur
2047 957 2108 1018 in

466 1071 710 1132 magnas
739 1051 1116 1130 redigeretur
1159 1048 1465 1128 angustias
1515 1045 1875 1127 (efﬁciebant
1920 1045 2104 1121 enim,

464 1150 531 1202 ut
559 1141 796 1202 inﬂatus
823 1140 1129 1202 videretur
1158 1157 1280 1219 prae
1325 1134 1608 1197 violentia
1658 1133 2105 1211 cogitationum,

467 1237 525 1290 et
557 1231 846 1309 spelunca
874 1246 1012 1289 eum
1048 1245 1165 1286 non
1199 1227 1489 1306 caperet),
1536 1230 1676 1284 tunc
1707 1229 2044 1284 contextum
2077 1241 2111 1285 e

465 1317 605 1398 pilis
639 1317 1052 1378 indumentum
1088 1313 1322 1393 tollens,
1357 1311 1516 1393 quod
1565 1310 1937 1391 insequentis
1967 1311 2110 1372 anni

466 1405 728 1466 futurum
763 1411 910 1480 erat,
945 1401 1319 1484 appendebat
1350 1400 1421 1461 ad
1471 1399 1694 1477 lignum
1732 1415 1744 1460 :
1807 1417 1919 1461 nec
1945 1398 2107 1460 enim

466 1493 740 1556 baculum
763 1494 1013 1554 humero
1035 1490 1326 1570 gestabat,
1354 1489 1850 1567 descendensque
1871 1487 1944 1548 ad
1975 1505 2107 1549 me-

466 1581 629 1643 dium
654 1583 791 1657 iter,
817 1581 877 1642 in
911 1601 1026 1662 quo
1042 1580 1222 1643 arbor
1253 1586 1382 1642 erat
1403 1595 1672 1659 procera,
1694 1575 1947 1653 ﬁngebat
1967 1575 2106 1650 sibi,

463 1669 631 1732 illam
664 1689 796 1732 esse
826 1669 1064 1731 beatum
1096 1667 1440 1743 Fantinum,
1503 1665 1596 1728 vel
1627 1664 1808 1726 alium
1840 1672 2109 1726 sanctum

2190 871 2558 952 πεφυσημένον
2624 869 2801 928 δοκεῖν
2869 872 2969 927 ὑπὸ
3038 875 3136 937 τῆς
3207 871 3320 946 βίας
3377 877 3483 926 τῶν
3538 869 3832 950 λογισμῶν,

2190 960 2325 1017 ὥστε
2355 962 2432 1036 μὴ
2484 963 2774 1041 χωρετσθαι
2824 961 2976 1018 αὐτὸν
3027 961 3128 1015 ὑπὸ
3174 965 3267 1014 τοῦ
3313 957 3571 1026 σπηλαίου
3605 975 3618 988 ⁸
3678 960 3832 1018 ἐπαί-

2193 1071 2296 1127 ρων
2344 1052 2404 1106 τὸ
2451 1051 2684 1129 τρίχινον
2742 1046 2934 1123 ἔνδυμα
2986 1051 3158 1126 οιότοῦ,
3207 1048 3234 1103 ὃ
3286 1047 3533 1104 ἀπέκειτο
3578 1047 3633 1102 έν
3676 1047 3838 1128 ἑτέρῳ

2193 1135 2434 1212 ἐνιαυτῷ,
2470 1137 2640 1218 ἐτιθη,
2693 1139 2764 1192 είν
2814 1135 2987 1210 ξύλον,
3037 1133 3151 1191 οὐδὲ
3199 1135 3297 1214 γὰρ
3348 1133 3534 1212 ῥάϐδον
3565 1137 3721 1216 εἶχεν
3750 1135 3836 1193 ἐπὶ

2191 1233 2284 1284 τοῦ
2351 1225 2500 1301 ὤμου
2549 1242 2564 1256 ⁸
2636 1227 2725 1282 καὶ
2792 1225 3186 1304 κατερχόμενος
3259 1223 3420 1303 μέχρι
3491 1224 3658 1300 μέσης
3735 1231 3834 1292 τῆς

2191 1312 2332 1388 ὁδοῦ,
2365 1314 2418 1372 ἐν
2465 1319 2510 1388 ᾦ
2536 1314 2728 1370 ἵστατο
2777 1311 2980 1392 δένδρον
3027 1311 3256 1388 ὑψηλὸν,
3311 1311 3474 1367 ἐποίει
3523 1311 3668 1386 αὐτὸ,
3705 1316 3777 1378 ὡς
3807 1318 3836 1371 ὁ

2189 1403 2332 1466 ὅσιος
2386 1409 2647 1465 Φαντϊνος
2705 1400 2865 1475 ἐστὶν,
2927 1401 2963 1469 ἢ
3014 1400 3188 1480 ἕτερός
3238 1421 3318 1463 τις
3373 1407 3472 1456 τῶν
3527 1401 3689 1478 ἁγίων
3733 1409 3838 1460 Πα-

2189 1493 2374 1571 τέρων.
2450 1492 2587 1548 Εἶτα
2657 1489 2834 1566 βαλὼν
2904 1496 2982 1564 τῷ
3042 1487 3233 1568 δένδρῳ
3287 1489 3588 1564 μετάνοιαν,
3648 1488 3838 1548 ἵστατο

2190 1584 2263 1644 ὼς
2312 1579 2650 1659 ἐρωτώμενος
2707 1580 2808 1634 ὑπὸ
2865 1585 2957 1634 τοῦ
3010 1578 3237 1656 Πατρὸς,
3287 1578 3374 1632 καὶ
3423 1576 3836 1657 ἀποκρινόμενος

2190 1674 2288 1736 τῆς
2339 1667 2592 1730 ἐλεύσεως
2650 1669 2806 1725 αὐτοῦ
2853 1667 2950 1734 τὴν
3002 1668 3192 1738 αἰτίαν,
3240 1667 3327 1721 καὶ
3369 1663 3528 1722 πάλιν
3576 1665 3833 1740 ὀνειδιζό-

465 1757 723 1820 Patrem.
748 1757 902 1836 Ergo
929 1755 1191 1819 exhibita
1208 1754 1406 1816 arbori
1439 1753 1730 1834 profunda
1753 1751 2111 1851 reverentia,

2197 1780 2353 1835 μενος
2404 1759 2492 1814 καὶ
2542 1753 2980 1851 μεταγελιώμενος
3029 1752 3116 1810 ὑπ’
3167 1757 3320 1812 αὖτοῦ
3386 1755 3473 1810 καὶ
3523 1761 3626 1812 τῶν
3674 1755 3834 1813 ἀδελ-

467 1846 659 1934 stabat
689 1845 863 1926 quasi
892 1845 1364 1934 interrogaretur
1391 1861 1425 1934 a
1456 1846 1652 1915 Patre,
1686 1840 2112 1934 responderet-

2197 1854 2307 1927 φῶν
2362 1845 2624 1924 λεγόντων
2659 1864 2670 1876 ·
2735 1840 2830 1901 Ἷδε
2882 1865 2962 1899 σοι
3013 1844 3041 1898 ὁ
3089 1843 3425 1922 ἡσυχαστής.
3476 1843 3692 1908 Τούτοις
3721 1860 3839 1909 τοῖς

470 1953 586 2015 que
611 1933 688 1996 de
718 1952 896 1996 causa
918 1951 1040 1995 suae
1070 1930 1456 2013 profectionis
1487 1951 1501 2010 ;
1539 1948 1671 1990 mox
1700 1928 1794 2010 obj
1807 1937 2115 2010 urgaretur

2197 1936 2435 2017 τρόποις,
2504 1936 2592 1990 καὶ
2660 1947 2777 1996 τοτς
2835 1930 3221 2010 ἀντιῤῥητικοτς
3288 1928 3668 2008 συλλογισμοῖς
3722 1957 3842 2014 τρο.

469 2021 542 2083 ab
576 2041 646 2085 eo
677 2030 734 2085 et
765 2021 1048 2084 fratribus
1078 2019 1452 2082 dicentibus:
1490 2020 1576 2078 En
1608 2018 1793 2079 eremi
1822 2017 2106 2080 incolam.

2197 2026 2455 2101 πούμενος
2528 2022 2648 2084 τοὺς
2717 2019 3000 2096 πολεμίους
3084 2018 3324 2098 ἐχθροὺς,
3400 2017 3715 2102 ὑπέστρεφεν
3786 2023 3838 2080 ἐν

471 2109 651 2173 Hisce
709 2110 904 2172 modis
947 2118 1008 2171 et
1053 2107 1342 2189 oppositis
1387 2105 1940 2168 ratiocinationibus
1997 2105 2108 2167 ho-

2197 2121 2271 2188 τῷ
2314 2110 2560 2184 σπηλαίῳ
2613 2111 2684 2172 ὡς
2730 2109 2812 2172 εἷς
2862 2129 2978 2164 τονα
3031 2105 3294 2185 φυλακὴν,
3353 2102 3704 2187 διακαρτερῶν
3753 2120 3843 2173 καὶ

472 2207 596 2260 stes
665 2199 729 2260 in
799 2199 995 2278 fugam
1063 2205 1324 2271 vertens,
1395 2193 1797 2257 revertebatur
1852 2194 1913 2255 in
1963 2212 2107 2275 Spe-

2197 2201 2364 2280 λέγων
2395 2201 2447 2257 ὲν
2480 2201 2650 2274 ἑαυτῷ
2675 2213 2690 2229 ⁸
2742 2196 2915 2255 Καλόν
2967 2217 3055 2270 μοι
3113 2193 3314 2270 μᾶλλον
3362 2192 3670 2273 ἀποθανεῖν,
3703 2199 3738 2268 ἢ
3780 2202 3840 2256 τὸ

474 2287 737 2369 luncam,
769 2289 934 2350 velut
965 2286 1026 2348 in
1056 2303 1386 2359 carcerem,
1442 2283 1737 2365 patienter
1784 2287 2108 2356 sustinens,

2197 2290 2459 2370 καύχημά
2489 2310 2589 2364 μου
2618 2287 2711 2343 ’ἕνα
2741 2308 2821 2349 τις
2851 2284 3082 2359 κενώσῃ,

472 2384 532 2438 et
581 2395 784 2438 secum
829 2377 960 2456 ipse
1020 2373 1264 2436 dicens:
1324 2373 1558 2435 Bonum
1611 2380 1701 2435 est
1743 2372 1908 2453 [mihi
1969 2372 2154 2452 magis
2237 2378 2411 2454 mori,

472 2472 630 2526 cuet.

553 2553 654 2615 19.
679 2551 849 2631 Saepe
873 2550 936 2611 in
975 2551 1244 2612 oratione
1283 2549 1474 2612 deﬁxo
1523 2556 1582 2611 et
1609 2549 1884 2630 psallenti
1911 2566 2115 2628 sugge-

2279 2543 2349 2611 ιϐ’
2403 2552 2663 2617 Πολλάκις
2719 2549 3135 2630 προσευχομένῳ
3189 2550 3277 2605 καὶ
3333 2546 3587 2624 ψάλλοντι
3659 2548 3844 2629 ’έλεγον

469 2639 640 2704 rebat
668 2638 940 2718 cogitatio
971 2660 984 2697 ε
1031 2638 1296 2719 Respice
1343 2639 1404 2700 in
1431 2639 1856 2713 sanctuarium,
1888 2637 2115 2698 videbis

2199 2645 2245 2700 οἱ
2275 2642 2521 2721 λογισμοί
2556 2661 2571 2676 ·
2606 2640 2811 2716 Βλέψον
2840 2642 2911 2703 εἰς
2944 2641 3002 2694 τὸ
3031 2641 3142 2695 θυσι
3173 2638 3442 2716 αστήριον,
3463 2637 3597 2703 ἴσως
3619 2637 3845 2718 ἄγγελον

469 2729 724 2791 fortasse
746 2727 809 2788 in
830 2747 900 2789 eo
921 2727 1011 2791 vel
1038 2728 1339 2807 angelum,
1363 2730 1452 2789 vel
1474 2726 1627 2807 ignis
1663 2729 1982 2800 ﬂammam,
2020 2726 2115 2787 vel

2197 2732 2233 2800 ἢ
2251 2730 2422 2810 φλόγα
2452 2732 2636 2809 πυρὸς,
2669 2730 2706 2796 ἦ
2734 2729 2793 2784 τὸ
2821 2729 2971 2805 ἅγιον
3002 2732 3214 2801 Πνεῦμα
3241 2726 3402 2803 θεάσῃ
3423 2728 3538 2806 περὶ
3560 2729 3706 2800 αὐτὸ,
3741 2750 3846 2785 κα-

471 2816 755 2898 Spiritum
810 2826 1105 2896 sanctum,
1154 2825 1225 2878 ut
1274 2817 1388 2878 avii
1437 2817 1605 2878 multi
1645 2816 1954 2878 viderunt:
1990 2815 2115 2897 ipse

2200 2820 2302 2881 θὼς
2337 2817 2615 2873 ἐθεάσαντο
2644 2815 2856 2878 πολλοί.
2891 2817 3054 2878 Αὒτὸς
3087 2813 3140 2870 δὲ
3182 2815 3324 2889 μύων
3365 2816 3486 2878 τοὺς
3517 2814 3844 2895 ὀφθαλμοὺς,

469 2923 617 2968 vero
647 2904 935 2967 claudens
967 2904 1169 2966 oculos
1201 2912 1364 2968 tanta
1408 2923 1472 2966 se
1521 2905 1909 2967 inﬁexionum
1941 2911 1998 2966 et
2029 2905 2115 2965 la-

2199 2916 2446 2966 τοσοῦτον
2476 2908 2751 2962 κατεπόνει
2783 2906 2966 2964 ἑαυτὸν
3019 2904 3070 2960 ἐν
3120 2903 3309 2973 πλήθει
3367 2901 3600 2982 δακρύων
3628 2908 3716 2961 καὶ
3743 2928 3846 2982 με-

473 3013 809 3076 crymarum
843 2993 1012 3074 copia
1042 2993 1423 3074 defatigabat,
1479 3002 1545 3056 ut
1573 2995 1753 3056 sodor
1781 2993 1864 3056 illi
1895 2993 2115 3056 deﬁue-

2199 3002 2448 3068 τανοιῶν,
2479 2996 2552 3058 ὡς
2583 2994 2930 3074 κατέρχεσθαι
2959 2994 3048 3049 τὸν
3077 2990 3268 3072 ἱδρῶτα
3312 2993 3469 3051 αὐτοῦ
3495 2995 3566 3058 ὡς
3596 2991 3731 3073 ὕδωρ
3761 2995 3848 3051 ἐπὶ

469 3073 587 3159 ret,
621 3083 811 3146 instar
839 3073 1008 3161 aquae
1039 3082 1100 3143 in
1160 3073 1403 3148 terram.
1459 3081 1726 3163 Subjecit
1771 3101 2005 3164 quoque
2033 3082 2115 3144 illi

2201 3085 2300 3152 τὴν
2329 3089 2457 3162 γῆν.
2506 3073 2796 3140 ’Υπέϐαλλε
2839 3080 2892 3138 δὲ
2939 3085 3081 3156 αὒτῷ
3129 3083 3156 3138 ὁ
3207 3082 3436 3160 πονηρὸς
3488 3083 3574 3138 καὶ
3616 3083 3848 3163 πύρωσιν

473 3173 770 3252 malignus
823 3171 1418 3234 vehementissimum
1474 3173 1746 3234 ardorem
1805 3171 2115 3247 libidinis;

2203 3172 2520 3252 δριμυτάτην
2580 3173 2633 3228 ὲν
2703 3178 2772 3249 τῇ
2837 3172 2988 3250 σαρκί
3022 3187 3036 3202 ⁸
3097 3171 3252 3233 αὐτὸς
3308 3168 3361 3225 δὲ
3413 3177 3483 3247 τῇ
3541 3172 3848 3252 προστρίψει

472 3261 602 3341 ipse
631 3277 769 3324 vero
803 3263 862 3320 in
895 3259 1083 3340 spinis
1111 3278 1180 3322 se
1207 3262 1477 3323 volutans
1521 3269 1580 3323 et
1630 3261 1856 3341 asperis
1883 3260 2114 3336 urticis,

2200 3269 2305 3318 τῶν
2361 3261 2598 3318 ἀκανθῶν
2668 3262 2756 3317 καὶ
2812 3259 3006 3338 ἀγρίων
3061 3262 3267 3326 κνηθῶν
3319 3256 3555 3317 ἐσϐέννυε
3611 3257 3695 3317 διὰ
3747 3266 3848 3333 τῆς

470 3349 827 3428 voluptatem
859 3348 1064 3410 dolore
1081 3349 1513 3428 exstinguebat.
1540 3347 2115 3430 Sedentialiquando

2201 3349 2386 3418 ὀδύνης
2441 3350 2542 3417 τὴν
2585 3347 2804 3420 ἡδονήν,
2852 3345 3144 3423 Καθημένῳ
3207 3345 3336 3404 ποτὲ
3383 3347 3488 3404 ἀπὸ
3537 3353 3635 3416 τῆς
3681 3349 3852 3428 ἀγρυ-

472 3446 606 3519 post
633 3436 893 3516 vigiliam
946 3455 1131 3517 seque
1181 3445 1313 3518 post
1355 3437 1620 3500 laborem
1682 3438 1984 3518 paululum
2014 3454 2115 3499 re-

2200 3440 2376 3515 πνίας,
2429 3440 2517 3494 καὶ
2575 3439 2759 3519 μικρὸν
2818 3437 3000 3494 ἑαυτὸν
3059 3436 3119 3492 ἐκ
3172 3445 3266 3495 τοῦ
3311 3434 3478 3494 κόπου
3524 3438 3850 3518 ὑποχαυνώ-

471 3525 712 3600 laxanti,
747 3525 864 3586 duo
895 3525 1211 3586 astiterunt
1258 3525 1584 3607 daemones,
1636 3527 1818 3588 alium
1851 3533 2115 3589 tenentes

2203 3550 2374 3604 σαντι,
2436 3525 2732 3595 ἐπέστησαν
2774 3529 2916 3600 αὒτῷ
2963 3523 3052 3582 δύο
3097 3521 3339 3600 δαίμονες
3387 3526 3706 3606 κατέχοντες
3762 3529 3851 3584 καὶ

473 3615 738 3676 medium
772 3633 788 3689 ;
849 3632 964 3694 quo
992 3613 1175 3674 veluti
1207 3631 1312 3694 per
1341 3615 1592 3678 laterum
1623 3615 1993 3696 apertionem
2025 3634 2115 3677 ex-

2203 3615 2362 3674 ἄλλον
2420 3615 2582 3692 μέσον
2632 3619 2811 3674 αὐτῶν
2845 3629 2860 3644 ⁸
2915 3615 2974 3670 οὗ
3019 3613 3108 3670 καὶ
3153 3612 3452 3678 ἀναίξαντες
3499 3616 3690 3672 ὡσανεὶ
3754 3616 3850 3680 τὰς

476 3708 764 3779 enterato,
822 3703 1051 3762 viscera
1083 3703 1283 3763 omnia
1325 3704 1711 3783 projecerunt
1757 3706 1818 3764 in
1871 3711 2115 3765 terram.

2204 3705 2457 3786 πλευρὰς,
2531 3705 2618 3761 καὶ
2683 3701 2994 3767 ἐκϐαλόντες
3063 3701 3269 3759 ἅπαντα
3338 3703 3404 3759 τὰ
3458 3703 3603 3769 ἐντὸς
3671 3707 3849 3781 αὺτοῦ,

474 3792 598 3851 Hoc
629 3789 728 3850 ille
757 3787 904 3863 viso,
939 3808 1193 3868 surgens
1223 3793 1611 3869 contremuit,
1669 3799 1726 3854 et
1755 3810 1876 3873 prae
1905 3810 2115 3853 nausea

2206 3793 2423 3874 ἔρριψαν
2455 3793 2540 3850 ἐπὶ
2569 3794 2666 3860 τὴν
2726 3797 2828 3872 γῆν
2877 3811 2890 3824 ·
2941 3794 2970 3848 ὁ
3021 3788 3075 3847 δὲ
3124 3791 3410 3870 σύχτρομος
3459 3792 3707 3868 ἀναστὰς,
3767 3795 3858 3852 καὶ

475 3877 656 3939 bilem
673 3877 1400 3954 evomuitamarissimam,
1429 3899 1498 3942 ex
1521 3899 1636 3960 quo
1659 3899 1722 3942 se
1739 3880 2115 3942 munitiorem

2205 3883 2312 3940 ἀπὸ
2375 3887 2474 3950 τῆς
2531 3882 2743 3946 ναυσίας
2813 3880 3005 3958 ἐμέσας
3057 3881 3381 3960 πικροτάτην
3434 3880 3634 3964 χολὴν,
3676 3883 3856 3965 ﬁmi)“-

476 3969 538 4028 in
592 3972 894 4046 posterum
948 3965 1232 4027 reddidit.
1295 3970 1441 4031 Cum
1503 3968 1748 4030 Romam
1805 3969 2115 4050 aliquando

2206 3971 2388 4029 λίσατο
2458 3972 2643 4028 ἑαυτὸν
2712 3973 2785 4035 εἷς
2855 3972 2916 4026 τὸ
2986 3969 3132 4038 ἑξῆς.
3206 3971 3342 4026 Ποτὲ
3411 3969 3466 4026 ἐν
3527 3963 3626 4048 τῇγ
3673 3963 3854 4052 Ῥώμῃ

475 4055 774 4136 profectus
807 4062 964 4116 esset
992 4055 1202 4117 orandi
1255 4057 1441 4136 gratia
1469 4066 1530 4119 et
1579 4057 2115 4138 perquirendorum

2201 4060 2442 4119 ἀπελθὼν
2495 4059 2641 4138 λόγῳ
2692 4064 2998 4140 προσευχῆς
3049 4061 3138 4116 καὶ
3193 4059 3578 4138 ἀνερευνήσεως
3634 4057 3852 4138 βιϐλίων

2499 2393 2676 2458 quam
2745 2381 2809 2437 ut
2878 2372 3126 2453 gloriam
3198 2389 3390 2434 meam
3475 2372 3608 2454 quis
3693 2391 3836 2436 eva-

476 4143 872 4226 quorumdam
907 4143 1216 4221 librorum,
1250 4146 1398 4207 vidit
1429 4146 1490 4206 in
1519 4149 1646 4208 aade
1677 4146 1836 4209 Petri
1867 4146 2121 4227 apostoli

477 4240 886 4294 transeuntem
919 4232 1232 4293 mulierem
1278 4234 1648 4316 Alemauam,
1680 4235 1948 4315 corporis
1981 4252 2118 4314 pro-

477 4325 720 4384 ceritate
743 4329 1145 4401 praestantem.
1173 4320 1361 4402 Hujus
1381 4322 1636 4402 efﬁgiem
1658 4325 1857 4384 animo
1873 4323 2123 4403 impres-

478 4428 604 4472 sam
665 4409 1059 4471 ostendebant
1117 4411 1362 4489 maligni
1421 4413 1665 4492 spiritus
1711 4413 1840 4473 viro
1890 4419 2116 4492 sancto,

476 4499 609 4562 siue
639 4498 689 4559 is
721 4497 1022 4578 psalleret,
1059 4497 1182 4560 sive
1215 4500 1462 4579 legeret,
1515 4513 1616 4564 aut
1665 4500 1977 4580 scriberet,
2026 4502 2118 4564 vel

477 4586 638 4650 aliud
664 4586 897 4667 quidvis
919 4595 1140 4666 ageret.
1167 4587 1290 4650 Hac
1314 4607 1510 4669 pugna
1530 4590 1951 4671 invalescente,
1982 4608 2118 4651 cum

477 4676 628 4738 nihil
661 4694 909 4756 prorsus
937 4676 1271 4756 excogitare
1293 4684 1518 4758 posset,
1545 4698 1663 4759 quo
1685 4679 1890 4740 hestes
1919 4679 2117 4760 repel-

478 4765 650 4844 leret,
688 4764 952 4842 confugit
1001 4766 1074 4826 ad
1125 4767 1342 4838 Deum,
1391 4784 1626 4827 suarum
1678 4767 1892 4828 virium
1920 4767 2119 4828 imbe-

480 4855 783 4916 cillitatem
815 4853 900 4914 illi
949 4872 1274 4934 exponens.
1328 4855 1654 4917 Prosternit
1703 4874 1841 4935 erge
1892 4874 1956 4916 se
1985 4864 2120 4918 ante

477 4961 714 5006 sacrum
745 4943 932 5003 altare
963 4943 1217 5004 contrito
1251 4953 1308 5005 et
1341 4945 1548 5006 humili
1594 4945 1795 5020 corde,
1831 4952 1889 5005 et
1917 4943 2119 5007 Salva-

479 5032 593 5093 tori
623 5031 742 5093 ait:
796 5029 886 5091 Tu
935 5031 1072 5108 scis,
1132 5033 1406 5106 Domine,
1461 5033 1618 5113 quod
1678 5033 1951 5094 infirmus
1980 5032 2117 5110 sim,

478 5121 768 5181 miserere
803 5119 920 5180 mei
950 5128 1008 5181 et
1066 5120 1309 5183 subleva
1359 5140 1452 5183 me
1502 5122 1872 5202 impurorum
1906 5122 2124 5185 daamo-

477 5226 622 5270 num
655 5206 813 5268 bello
846 5227 1198 5288 oppressum
1227 5231 1242 5287 ;
1276 5229 1382 5290 ego
1415 5211 1575 5272 enim
1608 5211 1684 5273 de
1714 5230 1848 5272 mea
1871 5211 1984 5272 vita
1997 5213 2123 5290 jam

481 5295 812 5376 desperavi.
845 5296 983 5357 Haec
1014 5297 1113 5358 ubi
1145 5298 1412 5375 dixisset,
1447 5300 1613 5360 humi
1651 5300 1861 5379 jacens
1894 5299 2123 5380 levique

479 5405 688 5447 somno
712 5394 1044 5465 correptus,
1069 5386 1382 5448 videtante
1413 5407 1481 5450 se
1513 5397 1770 5450 stantem
1796 5389 2122 5469 pretiosam

476 5493 711 5538 crucem
733 5483 790 5536 et
815 5475 1173 5554 pendentem
1222 5495 1290 5538 ex
1334 5496 1404 5538 ea
1443 5477 1631 5538 vivum
1667 5479 1979 5539 Dominum
2006 5497 2121 5539 no-

474 5573 663 5626 strum
697 5572 756 5625 et
785 5564 983 5624 velum
1021 5565 1290 5645 pendens
1324 5566 1768 5648 interpositum,
1802 5567 2120 5630 candidum

475 5663 538 5718 et
584 5652 1024 5720 tenuissimum.
1079 5655 1226 5719 Tum
1270 5655 1400 5736 ipse
1456 5673 1668 5734 magno
1727 5674 1859 5721 cum
1909 5657 2122 5722 timore

2136 4428 2511 4522 Ι)πανοῦργοι,
2585 4415 2840 4522 ἐδείκνυον
2909 4424 2986 4522 τῷ
3056 4417 3191 4495 ἁγίῳ
3255 4417 3368 4522 ικάί
3421 4415 3682 4522 ψάλλοντι

2200 4156 2382 4230 τινῶν,
2440 4146 2582 4207 εἶδεν
2639 4148 2693 4205 ἐν
2746 4155 2824 4224 τῷ
2885 4154 2995 4222 ναῷ
3050 4153 3142 4204 τοῦ
3197 4146 3491 4206 ἀποστόλου
3547 4149 3743 4228 Πέτρου
3797 4149 3856 4205 ἐν

2201 4237 2413 4318 παρόδῳ
2495 4251 2696 4317 γυατκα
2782 4236 3102 4318 Ἀλεμάναν,
3199 4236 3413 4313 ὑψηλὴν
3481 4245 3559 4313 τῷ
3642 4239 3851 4315 σώματι

2200 4331 2290 4386 καὶ
2376 4328 2640 4408 μεγάλην,
2729 4327 2937 4392 Ταύτης
3031 4327 3130 4395 τὴν
3213 4327 3333 4384 θέαν
3403 4329 3736 4395 τυπώσαντες
3805 4333 3856 4388 οἱ

3691 4465 3708 4499 ,
3762 4421 3854 4476 καὶ

2202 4508 2634 4586 ἀναγινώσκοντι,
2695 4507 2784 4563 καὶ
2839 4505 3116 4587 γράφοντι,
3185 4506 3273 4562 καὶ
3342 4511 3445 4562 πᾶν
3503 4506 3556 4561 εἴ
3612 4529 3660 4564 τι
3719 4505 3852 4565 ἄλλο

2201 4603 2459 4659 ποιοῦντι,
2525 4596 2722 4654 Τούτου
2789 4602 2881 4651 τοῦ
2949 4593 3188 4670 πολέμου
3255 4593 3690 4675 κραταιουμένου,
3763 4597 3854 4652 καὶ

2201 4681 2368 4761 μηδὲν
2429 4683 2567 4749 ὅλως
2638 4683 2783 4764 ἔχων
2839 4684 3081 4750 ἐννοῆσαί
3137 4704 3186 4738 τι
3241 4682 3646 4763 ἀντιπράξασθαι
3715 4686 3850 4764 πρὸς

2201 4777 2319 4838 τοὺς
2388 4773 2698 4854 πολεμίους,
2768 4776 2898 4854 πρὸς
2970 4774 3060 4830 τὸν
3118 4773 3244 4829 Θεὸν
3296 4773 3639 4856 καταφεύγει,
3710 4778 3855 4850 αύτῷ

2200 4863 2298 4929 τὴν
2357 4863 2549 4919 οἰκείαν
2605 4861 2871 4919 ἀσθένειαν
2926 4859 3276 4944 ἀπαγγέλλων
3311 4877 3326 4892 ⁹
3377 4863 3464 4918 καὶ
3510 4863 3666 4939 ῥίψας
3723 4864 3855 4922 ἑαυ-

2202 4954 2292 5008 τὸν
2359 4950 2581 5008 ἐνώπιον
2647 4961 2737 5010 τοῦ
2794 4949 3096 5028 ἱλαστηρίου
3159 4950 3213 5006 ὲν
3286 4951 3700 5031 συντετριμμένῃ
3758 4955 3850 5010 καὶ

2202 5045 2426 5114 ταπεινῇ
2471 5047 2538 5117 τῇ
2584 5037 2776 5119 ’καρδίᾳ
2827 5038 2974 5118 ἔλεγε
3017 5041 3148 5119 πρὸς
3197 5041 3289 5096 τὸν
3339 5045 3566 5116 Σωτῆρα
3599 5057 3616 5075 ⁶
3668 5041 3850 5120 Κύριε,

2205 5131 2266 5186 σὺ
2325 5129 2624 5203 ἐπίστασαι,
2682 5127 2762 5184 ὅτι
2832 5129 3053 5200 ἀσθενής
3107 5131 3264 5204 εἰμι’
3338 5127 3559 5196 ἐλέησόν
3619 5150 3708 5205 με,
3766 5133 3857 5187 καὶ

2203 5217 2452 5296 κούφισόν
2514 5239 2579 5293 με
2629 5216 2690 5273 ἐκ
2738 5223 2829 5273 τοῦ
2870 5216 3108 5294 πολέμου
3156 5223 3261 5272 τῶν
3307 5217 3614 5297 ἀκαθάρτων
3662 5216 3859 5294 δαιμό-

2206 5327 2333 5380 νων,
2391 5303 2471 5361 ὅτι
2531 5305 2718 5362 λοιπὸν
2773 5311 2871 5373 τῆς
2922 5311 3064 5377 ζωῆς
3109 5327 3211 5382 μου
3258 5305 3514 5368 ἀπεῖπον,
3566 5313 3738 5364 Ταῦτα
3788 5309 3861 5363 εἰ-

2205 5397 2318 5452 πὼν
2375 5396 2616 5471 κείμενος
2675 5395 2760 5452 ἐπὶ
2809 5401 2905 5463 τῆς
2960 5401 3087 5476 γῆς,
3138 5396 3226 5452 καὶ
3267 5395 3452 5474 μικρὸν
3511 5394 3856 5477 ἀφυπνώσας,

2204 5485 2299 5565 ὁρᾷ
2356 5481 2644 5562 ἔμπροσθεν
2696 5484 2852 5544 αὖτοῦ
2901 5485 3178 5560 ἱστάμενον
3234 5485 3324 5540 τὸν
3380 5484 3554 5559 τίμιον
3608 5485 3856 5564 σταυρὸν,

2202 5575 2291 5631 καὶ
2346 5573 2400 5630 ἐν
2472 5574 2612 5649 αὒτῷ
2667 5573 2994 5653 κρεμάμενον
3051 5578 3223 5644 ζῶντα
3279 5573 3367 5629 τὸν
3430 5572 3616 5650 Κύριον
3672 5573 3857 5653 ἡμῶν,

2204 5660 2370 5740 μέσαν
2399 5662 2453 5721 δὲ
2511 5667 2685 5723 αὐτῶν
2731 5682 3063 5741 κρεμάμενον
3107 5659 3274 5736 βῆλον
3322 5662 3551 5739 καθαρὸν
3597 5662 3684 5718 καὶ
3732 5659 3851 5718 λίαν
