  <div class='ocr_page' id='page_1' title='image "/cluster/home/n/w/nwhite01/storage/ocr_20150623/120/coo.31924054870245/032.png"; bbox 0 0 4182 6388; ppageno 0'>
   <div class='ocr_carea' id='block_1_1' title="bbox 389 307 476 374">
    <p class='ocr_par' dir='ltr' id='par_1_1' title="bbox 389 307 476 374">
     <span class='ocr_line' id='line_1_1' title="bbox 389 307 476 374; baseline 0 0"><span class='ocrx_word' id='word_1_1' title='bbox 389 307 476 374; x_wconf 70' lang='grc'>40</span> 
     </span>
    </p>
   </div>
   <div class='ocr_carea' id='block_1_2' title="bbox 1640 312 2557 378">
    <p class='ocr_par' dir='ltr' id='par_1_2' title="bbox 1640 312 2557 378">
     <span class='ocr_line' id='line_1_2' title="bbox 1640 312 2557 378; baseline -0.002 -2"><span class='ocrx_word' id='word_1_2' title='bbox 1640 313 1827 378; x_wconf 83' lang='grc' dir='ltr'><strong>νΙΤΑ</strong></span> <span class='ocrx_word' id='word_1_3' title='bbox 1868 313 1932 377; x_wconf 90' lang='lat' dir='ltr'><strong>S.</strong></span> <span class='ocrx_word' id='word_1_4' title='bbox 1976 313 2144 378; x_wconf 83' lang='lat' dir='ltr'><strong>NILI</strong></span> <span class='ocrx_word' id='word_1_5' title='bbox 2183 312 2557 378; x_wconf 86' lang='lat' dir='ltr'><strong>JUNIOBIS.</strong></span> 
     </span>
    </p>
   </div>
   <div class='ocr_carea' id='block_1_3' title="bbox 3709 321 3787 386">
    <p class='ocr_par' dir='ltr' id='par_1_3' title="bbox 3709 321 3787 386">
     <span class='ocr_line' id='line_1_3' title="bbox 3709 321 3787 386; baseline 0 0"><span class='ocrx_word' id='word_1_6' title='bbox 3709 321 3787 386; x_wconf 83' lang='grc'><strong>50</strong></span> 
     </span>
    </p>
   </div>
   <div class='ocr_carea' id='block_1_4' title="bbox 398 435 2053 525">
    <p class='ocr_par' dir='ltr' id='par_1_4' title="bbox 398 435 2052 524">
     <span class='ocr_line' id='line_1_4' title="bbox 398 435 2052 524; baseline 0.018 -31"><span class='ocrx_word' id='word_1_7' title='bbox 398 435 752 500; x_wconf 81' lang='grc' dir='ltr'>λεπτότατον.</span> <span class='ocrx_word' id='word_1_8' title='bbox 818 444 918 500; x_wconf 80' lang='grc' dir='ltr'><strong>Καὶ</strong></span> <span class='ocrx_word' id='word_1_9' title='bbox 974 444 1178 513; x_wconf 69' lang='grc' dir='ltr'>Βοήσας</span> <span class='ocrx_word' id='word_1_10' title='bbox 1243 445 1377 520; x_wconf 80' lang='grc' dir='ltr'><strong>μετᾶ</strong></span> <span class='ocrx_word' id='word_1_11' title='bbox 1433 440 1594 524; x_wconf 70' lang='grc' dir='ltr'>φόϐου</span> <span class='ocrx_word' id='word_1_12' title='bbox 1649 441 1852 503; x_wconf 79' lang='grc' dir='ltr'>πολλοῦ</span> <span class='ocrx_word' id='word_1_13' title='bbox 1907 441 2052 523; x_wconf 80' lang='grc' dir='ltr'>λέγει</span> 
     </span>
    </p>
   </div>
   <div class='ocr_carea' id='block_1_5' title="bbox 2137 435 3784 525">
    <p class='ocr_par' dir='ltr' id='par_1_5' title="bbox 2139 438 3784 525">
     <span class='ocr_line' id='line_1_5' title="bbox 2139 438 3784 525; baseline 0.008 -25"><span class='ocrx_word' id='word_1_14' title='bbox 2139 438 2432 503; x_wconf 89' lang='lat' dir='ltr'><strong>clamans:</strong></span> <span class='ocrx_word' id='word_1_15' title='bbox 2462 439 2768 516; x_wconf 78' lang='lat' dir='ltr'><strong>Miserere,</strong></span> <span class='ocrx_word' id='word_1_16' title='bbox 2788 443 3002 523; x_wconf 83' lang='lat' dir='ltr'><strong>inquit,</strong></span> <span class='ocrx_word' id='word_1_17' title='bbox 3028 445 3171 525; x_wconf 88' lang='lat' dir='ltr'><strong>mei,</strong></span> <span class='ocrx_word' id='word_1_18' title='bbox 3194 445 3470 522; x_wconf 87' lang='lat' dir='ltr'><strong>Domine,</strong></span> <span class='ocrx_word' id='word_1_19' title='bbox 3507 456 3568 511; x_wconf 89' lang='lat' dir='ltr'><strong>et</strong></span> <span class='ocrx_word' id='word_1_20' title='bbox 3595 448 3784 515; x_wconf 89' lang='lat' dir='ltr'><strong>bene-</strong></span> 
     </span>
    </p>
   </div>
   <div class='ocr_carea' id='block_1_6' title="bbox 392 527 2054 613">
    <p class='ocr_par' dir='ltr' id='par_1_6' title="bbox 392 527 2054 613">
     <span class='ocr_line' id='line_1_6' title="bbox 392 527 2054 613; baseline 0.002 -28"><span class='ocrx_word' id='word_1_21' title='bbox 392 529 524 606; x_wconf 62' lang='grc' dir='ltr'>προς</span> <span class='ocrx_word' id='word_1_22' title='bbox 573 529 734 586; x_wconf 73' lang='grc' dir='ltr'>αύτόν</span> <span class='ocrx_word' id='word_1_23' title='bbox 767 549 787 568; x_wconf 77' lang='grc' dir='ltr'><strong>ο</strong></span> <span class='ocrx_word' id='word_1_24' title='bbox 839 527 1099 599; x_wconf 80' lang='grc' dir='ltr'>Ἐλέησόν</span> <span class='ocrx_word' id='word_1_25' title='bbox 1149 554 1237 608; x_wconf 86' lang='grc' dir='ltr'><strong>με,</strong></span> <span class='ocrx_word' id='word_1_26' title='bbox 1299 533 1558 607; x_wconf 75' lang='grc' dir='ltr'><strong>Δέσποτα,</strong></span> <span class='ocrx_word' id='word_1_27' title='bbox 1620 534 1707 589; x_wconf 85' lang='grc' dir='ltr'><strong>καὶ</strong></span> <span class='ocrx_word' id='word_1_28' title='bbox 1764 531 2054 613; x_wconf 76' lang='grc' dir='ltr'>εὐλόγησόν</span> 
     </span>
    </p>
   </div>
   <div class='ocr_carea' id='block_1_7' title="bbox 401 617 2053 701">
    <p class='ocr_par' dir='ltr' id='par_1_7' title="bbox 401 617 2053 701">
     <span class='ocr_line' id='line_1_7' title="bbox 401 617 2053 701; baseline 0.002 -27"><span class='ocrx_word' id='word_1_29' title='bbox 401 638 472 692; x_wconf 81' lang='grc' dir='ltr'>με</span> <span class='ocrx_word' id='word_1_30' title='bbox 520 618 608 674; x_wconf 75' lang='grc' dir='ltr'>τὸν</span> <span class='ocrx_word' id='word_1_31' title='bbox 678 617 866 676; x_wconf 71' lang='grc' dir='ltr'>δοῦλόν</span> <span class='ocrx_word' id='word_1_32' title='bbox 936 642 1054 684; x_wconf 63' lang='grc' dir='ltr'><strong>σο).</strong></span> <span class='ocrx_word' id='word_1_33' title='bbox 1112 621 1242 680; x_wconf 82' lang='grc' dir='ltr'>Τότε</span> <span class='ocrx_word' id='word_1_34' title='bbox 1298 624 1328 678; x_wconf 78' lang='grc' dir='ltr'>ὁ</span> <span class='ocrx_word' id='word_1_35' title='bbox 1386 621 1578 701; x_wconf 78' lang='grc' dir='ltr'>Σωτὴρ</span> <span class='ocrx_word' id='word_1_36' title='bbox 1633 619 1900 688; x_wconf 78' lang='grc' dir='ltr'>ἒξηλώςας</span> <span class='ocrx_word' id='word_1_37' title='bbox 1954 623 2053 690; x_wconf 71' lang='grc' dir='ltr'><strong>τὴν</strong></span> 
     </span>
    </p>
   </div>
   <div class='ocr_carea' id='block_1_8' title="bbox 401 703 2054 792">
    <p class='ocr_par' dir='ltr' id='par_1_8' title="bbox 401 703 2054 792">
     <span class='ocr_line' id='line_1_8' title="bbox 401 703 2054 792; baseline 0.003 -30"><span class='ocrx_word' id='word_1_38' title='bbox 401 703 571 771; x_wconf 71' lang='grc' dir='ltr'>δεξιὰν</span> <span class='ocrx_word' id='word_1_39' title='bbox 624 721 792 788; x_wconf 81' lang='grc' dir='ltr'>χεῖρα</span> <span class='ocrx_word' id='word_1_40' title='bbox 847 709 953 766; x_wconf 73' lang='grc' dir='ltr'>ἀπὸ</span> <span class='ocrx_word' id='word_1_41' title='bbox 1007 717 1100 767; x_wconf 77' lang='grc' dir='ltr'><strong>τοῦ</strong></span> <span class='ocrx_word' id='word_1_42' title='bbox 1153 720 1398 790; x_wconf 75' lang='grc' dir='ltr'>σταυροῦ,</span> <span class='ocrx_word' id='word_1_43' title='bbox 1455 710 1624 790; x_wconf 83' lang='grc' dir='ltr'>τρίτον</span> <span class='ocrx_word' id='word_1_44' title='bbox 1676 710 2054 792; x_wconf 79' lang='grc' dir='ltr'>ἐπεσφράγισεν</span> 
     </span>
    </p>
   </div>
   <div class='ocr_carea' id='block_1_9' title="bbox 401 797 2054 880">
    <p class='ocr_par' dir='ltr' id='par_1_9' title="bbox 401 797 2054 880">
     <span class='ocr_line' id='line_1_9' title="bbox 401 797 2054 880; baseline 0.004 -30"><span class='ocrx_word' id='word_1_45' title='bbox 401 797 584 876; x_wconf 70' lang='grc' dir='ltr'>αὒτὸν,</span> <span class='ocrx_word' id='word_1_46' title='bbox 634 799 721 853; x_wconf 76' lang='grc' dir='ltr'>ναὶ</span> <span class='ocrx_word' id='word_1_47' title='bbox 779 797 933 863; x_wconf 86' lang='grc' dir='ltr'>τέλος</span> <span class='ocrx_word' id='word_1_48' title='bbox 981 799 1140 880; x_wconf 75' lang='grc' dir='ltr'>εἶχεν</span> <span class='ocrx_word' id='word_1_49' title='bbox 1187 799 1223 867; x_wconf 78' lang='grc' dir='ltr'><strong>ἡ</strong></span> <span class='ocrx_word' id='word_1_50' title='bbox 1279 798 1450 864; x_wconf 79' lang='grc' dir='ltr'><strong>ἔνθεος</strong></span> <span class='ocrx_word' id='word_1_51' title='bbox 1494 799 1742 878; x_wconf 83' lang='grc' dir='ltr'>ὀπτασία,</span> <span class='ocrx_word' id='word_1_52' title='bbox 1786 801 1876 856; x_wconf 86' lang='grc' dir='ltr'><strong>σὺν</strong></span> <span class='ocrx_word' id='word_1_53' title='bbox 1923 801 2054 877; x_wconf 76' lang='grc' dir='ltr'><strong>αὐτῇ</strong></span> 
     </span>
    </p>
   </div>
   <div class='ocr_carea' id='block_1_10' title="bbox 401 880 2054 969">
    <p class='ocr_par' dir='ltr' id='par_1_10' title="bbox 401 880 2054 969">
     <span class='ocr_line' id='line_1_10' title="bbox 401 880 2054 969; baseline 0.004 -31"><span class='ocrx_word' id='word_1_54' title='bbox 401 880 454 938; x_wconf 81' lang='grc' dir='ltr'><strong>δὲ</strong></span> <span class='ocrx_word' id='word_1_55' title='bbox 483 885 571 940; x_wconf 84' lang='grc' dir='ltr'><strong>καὶ</strong></span> <span class='ocrx_word' id='word_1_56' title='bbox 601 884 836 961; x_wconf 86' lang='grc' dir='ltr'>πόλεμος</span> <span class='ocrx_word' id='word_1_57' title='bbox 867 888 1031 959; x_wconf 72' lang='grc' dir='ltr'>ἅπας,</span> <span class='ocrx_word' id='word_1_58' title='bbox 1065 888 1152 944; x_wconf 86' lang='grc' dir='ltr'>καὶ</span> <span class='ocrx_word' id='word_1_59' title='bbox 1201 889 1237 954; x_wconf 75' lang='grc' dir='ltr'><strong>ἡ</strong></span> <span class='ocrx_word' id='word_1_60' title='bbox 1293 893 1391 955; x_wconf 79' lang='grc' dir='ltr'>τῆς</span> <span class='ocrx_word' id='word_1_61' title='bbox 1439 888 1640 969; x_wconf 70' lang='grc' dir='ltr'>φύσεως</span> <span class='ocrx_word' id='word_1_62' title='bbox 1691 889 1862 966; x_wconf 79' lang='grc' dir='ltr'><strong>ῥεῦσις</strong></span> <span class='ocrx_word' id='word_1_63' title='bbox 1898 907 1911 921; x_wconf 82' lang='grc'><strong><em>⁸</em></strong></span> <span class='ocrx_word' id='word_1_64' title='bbox 1967 891 2054 946; x_wconf 81' lang='grc' dir='ltr'><strong>καὶ</strong></span> 
     </span>
    </p>
   </div>
   <div class='ocr_carea' id='block_1_11' title="bbox 403 971 2053 1057">
    <p class='ocr_par' dir='ltr' id='par_1_11' title="bbox 403 971 2053 1057">
     <span class='ocr_line' id='line_1_11' title="bbox 403 971 2053 1057; baseline 0.001 -23"><span class='ocrx_word' id='word_1_65' title='bbox 403 971 532 1052; x_wconf 73' lang='grc' dir='ltr'>ὅπερ</span> <span class='ocrx_word' id='word_1_66' title='bbox 589 977 694 1056; x_wconf 69' lang='grc' dir='ltr'>οὔχ</span> <span class='ocrx_word' id='word_1_67' title='bbox 742 975 974 1054; x_wconf 79' lang='grc' dir='ltr'>ἴσχυσαν</span> <span class='ocrx_word' id='word_1_68' title='bbox 1029 975 1297 1033; x_wconf 75' lang='grc' dir='ltr'><strong>ἐκτελέσαι</strong></span> <span class='ocrx_word' id='word_1_69' title='bbox 1354 979 1406 1034; x_wconf 78' lang='grc' dir='ltr'><strong>αἱ</strong></span> <span class='ocrx_word' id='word_1_70' title='bbox 1459 975 1652 1034; x_wconf 82' lang='grc' dir='ltr'>πολλαὶ</span> <span class='ocrx_word' id='word_1_71' title='bbox 1704 990 1910 1057; x_wconf 86' lang='grc' dir='ltr'>πεῖναι,</span> <span class='ocrx_word' id='word_1_72' title='bbox 1965 979 2053 1035; x_wconf 85' lang='grc' dir='ltr'>καὶ</span> 
     </span>
    </p>
   </div>
   <div class='ocr_carea' id='block_1_12' title="bbox 403 1059 2051 1144">
    <p class='ocr_par' dir='ltr' id='par_1_12' title="bbox 403 1059 2051 1144">
     <span class='ocr_line' id='line_1_12' title="bbox 403 1059 2051 1144; baseline 0.005 -28"><span class='ocrx_word' id='word_1_73' title='bbox 403 1059 704 1140; x_wconf 77' lang='grc' dir='ltr'>ἆγρυπνίαι,</span> <span class='ocrx_word' id='word_1_74' title='bbox 767 1063 994 1144; x_wconf 78' lang='grc' dir='ltr'><strong>ἴσχυσεν</strong></span> <span class='ocrx_word' id='word_1_75' title='bbox 1047 1067 1084 1134; x_wconf 76' lang='grc' dir='ltr'><strong>ἦ</strong></span> <span class='ocrx_word' id='word_1_76' title='bbox 1142 1065 1458 1130; x_wconf 76' lang='grc' dir='ltr'><strong>ταπείνωσις</strong></span> <span class='ocrx_word' id='word_1_77' title='bbox 1514 1067 1602 1122; x_wconf 87' lang='grc' dir='ltr'><strong>καὶ</strong></span> <span class='ocrx_word' id='word_1_78' title='bbox 1666 1067 1702 1134; x_wconf 68' lang='grc' dir='ltr'><strong>ἡ</strong></span> <span class='ocrx_word' id='word_1_79' title='bbox 1770 1065 2051 1144; x_wconf 75' lang='grc' dir='ltr'><strong>ἐπίγνωσις</strong></span> 
     </span>
    </p>
   </div>
   <div class='ocr_carea' id='block_1_13' title="bbox 399 1151 1070 1229">
    <p class='ocr_par' dir='ltr' id='par_1_13' title="bbox 399 1151 1070 1229">
     <span class='ocr_line' id='line_1_13' title="bbox 399 1151 1070 1229; baseline 0.012 -24"><span class='ocrx_word' id='word_1_80' title='bbox 399 1153 502 1216; x_wconf 75' lang='grc' dir='ltr'>τῆς</span> <span class='ocrx_word' id='word_1_81' title='bbox 530 1153 725 1229; x_wconf 79' lang='grc' dir='ltr'>οἰκείας</span> <span class='ocrx_word' id='word_1_82' title='bbox 757 1151 1070 1229; x_wconf 76' lang='grc' dir='ltr'><strong>ἀδυναμίας.</strong></span> 
     </span>
    </p>
   </div>
   <div class='ocr_carea' id='block_1_14' title="bbox 483 1225 2052 1322">
    <p class='ocr_par' dir='ltr' id='par_1_14' title="bbox 483 1225 2052 1322">
     <span class='ocr_line' id='line_1_14' title="bbox 483 1225 2052 1322; baseline 0.004 -29"><span class='ocrx_word' id='word_1_83' title='bbox 483 1225 556 1298; x_wconf 69' lang='grc' dir='ltr'>κ’.</span> <span class='ocrx_word' id='word_1_84' title='bbox 612 1225 933 1319; x_wconf 78' lang='grc' dir='ltr'>Διατρίϐοντι</span> <span class='ocrx_word' id='word_1_85' title='bbox 981 1243 1150 1299; x_wconf 80' lang='grc' dir='ltr'><strong>τοίνυν</strong></span> <span class='ocrx_word' id='word_1_86' title='bbox 1193 1249 1270 1318; x_wconf 84' lang='grc' dir='ltr'>τῷ</span> <span class='ocrx_word' id='word_1_87' title='bbox 1309 1243 1436 1317; x_wconf 82' lang='grc' dir='ltr'>ὁσίῳ</span> <span class='ocrx_word' id='word_1_88' title='bbox 1479 1241 1535 1298; x_wconf 85' lang='grc' dir='ltr'><strong>ἐν</strong></span> <span class='ocrx_word' id='word_1_89' title='bbox 1581 1241 1754 1299; x_wconf 81' lang='grc' dir='ltr'>ἀνέσει</span> <span class='ocrx_word' id='word_1_90' title='bbox 1801 1243 1889 1299; x_wconf 82' lang='grc' dir='ltr'>καὶ</span> <span class='ocrx_word' id='word_1_91' title='bbox 1937 1263 2052 1322; x_wconf 87' lang='grc' dir='ltr'><strong>χα-</strong></span> 
     </span>
    </p>
   </div>
   <div class='ocr_carea' id='block_1_15' title="bbox 401 1330 2048 1413">
    <p class='ocr_par' dir='ltr' id='par_1_15' title="bbox 401 1330 2048 1413">
     <span class='ocr_line' id='line_1_15' title="bbox 401 1330 2048 1413; baseline 0.001 -26"><span class='ocrx_word' id='word_1_92' title='bbox 401 1331 468 1406; x_wconf 72' lang='grc' dir='ltr'>ρᾷ</span> <span class='ocrx_word' id='word_1_93' title='bbox 533 1330 624 1386; x_wconf 76' lang='grc' dir='ltr'>καὶ</span> <span class='ocrx_word' id='word_1_94' title='bbox 690 1331 978 1411; x_wconf 73' lang='grc' dir='ltr'>εὖφροσύνῃ</span> <span class='ocrx_word' id='word_1_95' title='bbox 1045 1338 1400 1409; x_wconf 78' lang='grc' dir='ltr'><strong>πνευματικῇ,</strong></span> <span class='ocrx_word' id='word_1_96' title='bbox 1486 1330 1698 1413; x_wconf 79' lang='grc' dir='ltr'>ἔρχεταί</span> <span class='ocrx_word' id='word_1_97' title='bbox 1769 1353 1849 1396; x_wconf 84' lang='grc' dir='ltr'>τις</span> <span class='ocrx_word' id='word_1_98' title='bbox 1918 1333 2048 1409; x_wconf 88' lang='grc' dir='ltr'>πρός</span> 
     </span>
    </p>
   </div>
   <div class='ocr_carea' id='block_1_16' title="bbox 401 1416 2046 1500">
    <p class='ocr_par' dir='ltr' id='par_1_16' title="bbox 401 1416 2046 1500">
     <span class='ocr_line' id='line_1_16' title="bbox 401 1416 2046 1500; baseline 0.005 -29"><span class='ocrx_word' id='word_1_99' title='bbox 401 1418 563 1474; x_wconf 78' lang='grc' dir='ltr'>αὑτὸν</span> <span class='ocrx_word' id='word_1_100' title='bbox 634 1416 855 1500; x_wconf 78' lang='grc' dir='ltr'>ἀδελφὸς</span> <span class='ocrx_word' id='word_1_101' title='bbox 925 1421 1244 1500; x_wconf 78' lang='grc' dir='ltr'><strong>παρακαλῶν</strong></span> <span class='ocrx_word' id='word_1_102' title='bbox 1329 1433 1759 1497; x_wconf 85' lang='grc' dir='ltr'>συμπαραμεῖναι</span> <span class='ocrx_word' id='word_1_103' title='bbox 1829 1424 1972 1494; x_wconf 81' lang='grc' dir='ltr'>αὐτῷ</span> <span class='ocrx_word' id='word_1_104' title='bbox 2032 1435 2046 1450; x_wconf 85' lang='grc'><em>’</em></span> 
     </span>
    </p>
   </div>
   <div class='ocr_carea' id='block_1_17' title="bbox 2138 527 3785 607">
    <p class='ocr_par' dir='ltr' id='par_1_17' title="bbox 2138 527 3785 607">
     <span class='ocr_line' id='line_1_17' title="bbox 2138 527 3785 607; baseline 0.007 -17"><span class='ocrx_word' id='word_1_105' title='bbox 2138 527 2235 590; x_wconf 91' lang='lat' dir='ltr'><strong>dic</strong></span> <span class='ocrx_word' id='word_1_106' title='bbox 2264 527 2484 590; x_wconf 88' lang='lat' dir='ltr'><strong>famulo</strong></span> <span class='ocrx_word' id='word_1_107' title='bbox 2515 537 2634 591; x_wconf 87' lang='lat' dir='ltr'><strong>tuo.</strong></span> <span class='ocrx_word' id='word_1_108' title='bbox 2672 529 2839 592; x_wconf 92' lang='lat' dir='ltr'><strong>Tunc</strong></span> <span class='ocrx_word' id='word_1_109' title='bbox 2885 530 3172 607; x_wconf 78' lang='lat' dir='ltr'><strong>Salvator,</strong></span> <span class='ocrx_word' id='word_1_110' title='bbox 3215 552 3462 596; x_wconf 86' lang='lat' dir='ltr'><strong>excusso</strong></span> <span class='ocrx_word' id='word_1_111' title='bbox 3487 556 3520 599; x_wconf 91' lang='lat' dir='ltr'><strong>e</strong></span> <span class='ocrx_word' id='word_1_112' title='bbox 3541 537 3785 600; x_wconf 82' lang='lat' dir='ltr'><strong>dextera</strong></span> 
     </span>
    </p>
   </div>
   <div class='ocr_carea' id='block_1_18' title="bbox 2139 619 3780 707">
    <p class='ocr_par' dir='ltr' id='par_1_18' title="bbox 2139 619 3780 707">
     <span class='ocr_line' id='line_1_18' title="bbox 2139 619 3780 707; baseline 0.006 -29"><span class='ocrx_word' id='word_1_113' title='bbox 2139 636 2317 707; x_wconf 82' lang='lat' dir='ltr'><strong>manu</strong></span> <span class='ocrx_word' id='word_1_114' title='bbox 2355 621 2543 694; x_wconf 90' lang='lat' dir='ltr'><strong>clavo,</strong></span> <span class='ocrx_word' id='word_1_115' title='bbox 2580 626 2668 682; x_wconf 91' lang='lat' dir='ltr'><strong>ter</strong></span> <span class='ocrx_word' id='word_1_116' title='bbox 2689 619 2857 697; x_wconf 92' lang='lat' dir='ltr'><strong>signo</strong></span> <span class='ocrx_word' id='word_1_117' title='bbox 2870 621 3063 683; x_wconf 90' lang='lat' dir='ltr'><strong>crucis</strong></span> <span class='ocrx_word' id='word_1_118' title='bbox 3081 621 3388 687; x_wconf 84' lang='lat' dir='ltr'><strong>benedixit</strong></span> <span class='ocrx_word' id='word_1_119' title='bbox 3409 623 3522 707; x_wconf 83' lang='lat' dir='ltr'><strong>illi,</strong></span> <span class='ocrx_word' id='word_1_120' title='bbox 3549 634 3606 688; x_wconf 92' lang='lat' dir='ltr'><strong>et</strong></span> <span class='ocrx_word' id='word_1_121' title='bbox 3635 627 3780 688; x_wconf 88' lang='lat' dir='ltr'><strong>visio</strong></span> 
     </span>
    </p>
   </div>
   <div class='ocr_carea' id='block_1_19' title="bbox 2137 705 3785 792">
    <p class='ocr_par' dir='ltr' id='par_1_19' title="bbox 2137 705 3785 792">
     <span class='ocr_line' id='line_1_19' title="bbox 2137 705 3785 792; baseline 0.007 -25"><span class='ocrx_word' id='word_1_122' title='bbox 2137 705 2338 768; x_wconf 88' lang='lat' dir='ltr'><strong>divina</strong></span> <span class='ocrx_word' id='word_1_123' title='bbox 2390 707 2646 780; x_wconf 75' lang='lat' dir='ltr'><strong>evanuit,</strong></span> <span class='ocrx_word' id='word_1_124' title='bbox 2703 708 3002 792; x_wconf 87' lang='lat' dir='ltr'><strong>simulque</strong></span> <span class='ocrx_word' id='word_1_125' title='bbox 3052 729 3244 791; x_wconf 86' lang='lat' dir='ltr'><strong>pugna</strong></span> <span class='ocrx_word' id='word_1_126' title='bbox 3291 705 3785 778; x_wconf 18' lang='lat' dir='ltr'><strong>omnis‘cessavit</strong></span> 
     </span>
    </p>
   </div>
   <div class='ocr_carea' id='block_1_20' title="bbox 2139 798 3782 882">
    <p class='ocr_par' dir='ltr' id='par_1_20' title="bbox 2139 798 3782 882">
     <span class='ocr_line' id='line_1_20' title="bbox 2139 798 3782 882; baseline 0.006 -25"><span class='ocrx_word' id='word_1_127' title='bbox 2139 803 2195 857; x_wconf 92' lang='lat' dir='ltr'><strong>et</strong></span> <span class='ocrx_word' id='word_1_128' title='bbox 2251 808 2479 860; x_wconf 75' lang='lat' dir='ltr'><strong>naturae</strong></span> <span class='ocrx_word' id='word_1_129' title='bbox 2536 798 2932 878; x_wconf 86' lang='lat' dir='ltr'><strong>profluvium;</strong></span> <span class='ocrx_word' id='word_1_130' title='bbox 2996 808 3056 861; x_wconf 89' lang='lat' dir='ltr'><strong>et</strong></span> <span class='ocrx_word' id='word_1_131' title='bbox 3120 801 3279 880; x_wconf 91' lang='lat' dir='ltr'><strong>quod</strong></span> <span class='ocrx_word' id='word_1_132' title='bbox 3330 811 3612 882; x_wconf 60' lang='lat' dir='ltr'><strong>praestare</strong></span> <span class='ocrx_word' id='word_1_133' title='bbox 3660 824 3782 866; x_wconf 91' lang='lat' dir='ltr'><strong>non</strong></span> 
     </span>
    </p>
   </div>
   <div class='ocr_carea' id='block_1_21' title="bbox 2139 887 3780 974">
    <p class='ocr_par' dir='ltr' id='par_1_21' title="bbox 2139 887 3780 974">
     <span class='ocr_line' id='line_1_21' title="bbox 2139 887 3780 974; baseline 0.004 -26"><span class='ocrx_word' id='word_1_134' title='bbox 2139 894 2459 967; x_wconf 89' lang='lat' dir='ltr'><strong>potuerunt</strong></span> <span class='ocrx_word' id='word_1_135' title='bbox 2488 887 2679 950; x_wconf 81' lang='lat' dir='ltr'><strong>multa</strong></span> <span class='ocrx_word' id='word_1_136' title='bbox 2716 889 2950 969; x_wconf 88' lang='lat' dir='ltr'><strong>jejunia</strong></span> <span class='ocrx_word' id='word_1_137' title='bbox 2993 890 3243 971; x_wconf 88' lang='lat' dir='ltr'><strong>sitisque</strong></span> <span class='ocrx_word' id='word_1_138' title='bbox 3289 893 3474 955; x_wconf 88' lang='lat' dir='ltr'><strong>nimia</strong></span> <span class='ocrx_word' id='word_1_139' title='bbox 3524 901 3582 955; x_wconf 92' lang='lat' dir='ltr'><strong>et</strong></span> <span class='ocrx_word' id='word_1_140' title='bbox 3629 894 3780 974; x_wconf 88' lang='lat' dir='ltr'><strong>vigi-</strong></span> 
     </span>
    </p>
   </div>
   <div class='ocr_carea' id='block_1_22' title="bbox 2137 975 3782 1061">
    <p class='ocr_par' dir='ltr' id='par_1_22' title="bbox 2137 975 3782 1061">
     <span class='ocr_line' id='line_1_22' title="bbox 2137 975 3782 1061; baseline 0.005 -25"><span class='ocrx_word' id='word_1_141' title='bbox 2137 975 2252 1051; x_wconf 67' lang='lat' dir='ltr'><strong>lias,</strong></span> <span class='ocrx_word' id='word_1_142' title='bbox 2318 976 2588 1057; x_wconf 64' lang='lat' dir='ltr'><strong>praestitit</strong></span> <span class='ocrx_word' id='word_1_143' title='bbox 2633 977 2940 1040; x_wconf 75' lang='lat' dir='ltr'><strong>humilitas</strong></span> <span class='ocrx_word' id='word_1_144' title='bbox 2999 987 3057 1042; x_wconf 90' lang='lat' dir='ltr'><strong>et</strong></span> <span class='ocrx_word' id='word_1_145' title='bbox 3109 980 3366 1061; x_wconf 83' lang='lat' dir='ltr'><strong>propriae</strong></span> <span class='ocrx_word' id='word_1_146' title='bbox 3419 981 3782 1045; x_wconf 86' lang='lat' dir='ltr'><strong>inﬁrmitatis</strong></span> 
     </span>
    </p>
   </div>
   <div class='ocr_carea' id='block_1_23' title="bbox 2134 1065 2376 1145">
    <p class='ocr_par' dir='ltr' id='par_1_23' title="bbox 2134 1065 2376 1145">
     <span class='ocr_line' id='line_1_23' title="bbox 2134 1065 2376 1145; baseline 0 -19"><span class='ocrx_word' id='word_1_147' title='bbox 2134 1065 2376 1145; x_wconf 79' lang='lat' dir='ltr'><strong>agnitio.</strong></span> 
     </span>
    </p>
   </div>
   <div class='ocr_carea' id='block_1_24' title="bbox 2213 1242 3773 1326">
    <p class='ocr_par' dir='ltr' id='par_1_24' title="bbox 2213 1242 3773 1326">
     <span class='ocr_line' id='line_1_24' title="bbox 2213 1242 3773 1326; baseline 0.004 -24"><span class='ocrx_word' id='word_1_148' title='bbox 2213 1242 2312 1304; x_wconf 74' lang='lat'><strong>20.</strong></span> <span class='ocrx_word' id='word_1_149' title='bbox 2330 1242 2801 1324; x_wconf 89' lang='lat' dir='ltr'><strong>Degebatitaque</strong></span> <span class='ocrx_word' id='word_1_150' title='bbox 2814 1243 2904 1306; x_wconf 90' lang='lat' dir='ltr'><strong>vir</strong></span> <span class='ocrx_word' id='word_1_151' title='bbox 2921 1251 3160 1307; x_wconf 86' lang='lat' dir='ltr'><strong>sanctus</strong></span> <span class='ocrx_word' id='word_1_152' title='bbox 3189 1245 3453 1326; x_wconf 88' lang='lat' dir='ltr'><strong>quietam</strong></span> <span class='ocrx_word' id='word_1_153' title='bbox 3483 1252 3543 1308; x_wconf 89' lang='lat' dir='ltr'><strong>et</strong></span> <span class='ocrx_word' id='word_1_154' title='bbox 3573 1249 3773 1311; x_wconf 88' lang='lat' dir='ltr'><strong>laetam</strong></span> 
     </span>
    </p>
   </div>
   <div class='ocr_carea' id='block_1_25' title="bbox 2132 1330 3784 1414">
    <p class='ocr_par' dir='ltr' id='par_1_25' title="bbox 2132 1330 3784 1414">
     <span class='ocr_line' id='line_1_25' title="bbox 2132 1330 3784 1414; baseline 0.004 -22"><span class='ocrx_word' id='word_1_155' title='bbox 2132 1330 2332 1406; x_wconf 91' lang='lat' dir='ltr'><strong>vitam,</strong></span> <span class='ocrx_word' id='word_1_156' title='bbox 2366 1331 2769 1413; x_wconf 89' lang='lat' dir='ltr'><strong>spiritalisque</strong></span> <span class='ocrx_word' id='word_1_157' title='bbox 2801 1331 3018 1394; x_wconf 75' lang='lat' dir='ltr'><strong>laetitiae</strong></span> <span class='ocrx_word' id='word_1_158' title='bbox 3039 1333 3297 1414; x_wconf 85' lang='lat' dir='ltr'><strong>plenam.</strong></span> <span class='ocrx_word' id='word_1_159' title='bbox 3339 1332 3576 1398; x_wconf 90' lang='lat' dir='ltr'><strong>Interea</strong></span> <span class='ocrx_word' id='word_1_160' title='bbox 3601 1335 3784 1398; x_wconf 84' lang='lat' dir='ltr'><strong>frater</strong></span> 
     </span>
    </p>
   </div>
   <div class='ocr_carea' id='block_1_26' title="bbox 2137 1421 3781 1502">
    <p class='ocr_par' dir='ltr' id='par_1_26' title="bbox 2137 1421 3781 1502">
     <span class='ocr_line' id='line_1_26' title="bbox 2137 1421 3781 1502; baseline 0.002 -20"><span class='ocrx_word' id='word_1_161' title='bbox 2137 1421 2378 1501; x_wconf 86' lang='lat' dir='ltr'><strong>quidam</strong></span> <span class='ocrx_word' id='word_1_162' title='bbox 2407 1423 2660 1482; x_wconf 90' lang='lat' dir='ltr'><strong>accessit</strong></span> <span class='ocrx_word' id='word_1_163' title='bbox 2702 1439 2938 1502; x_wconf 88' lang='lat' dir='ltr'><strong>rogans,</strong></span> <span class='ocrx_word' id='word_1_164' title='bbox 2971 1430 3036 1484; x_wconf 94' lang='lat' dir='ltr'><strong>ut</strong></span> <span class='ocrx_word' id='word_1_165' title='bbox 3063 1422 3552 1485; x_wconf 87' lang='lat' dir='ltr'><strong>contubernalem</strong></span> <span class='ocrx_word' id='word_1_166' title='bbox 3585 1443 3650 1486; x_wconf 90' lang='lat' dir='ltr'><strong>se</strong></span> <span class='ocrx_word' id='word_1_167' title='bbox 3677 1443 3781 1486; x_wconf 85' lang='lat' dir='ltr'><strong>re-</strong></span> 
     </span>
    </p>
   </div>
   <div class='ocr_carea' id='block_1_27' title="bbox 403 1503 2053 1594">
    <p class='ocr_par' dir='ltr' id='par_1_27' title="bbox 403 1503 2053 1588">
     <span class='ocr_line' id='line_1_27' title="bbox 403 1503 2053 1588; baseline 0.003 -28"><span class='ocrx_word' id='word_1_168' title='bbox 403 1503 543 1567; x_wconf 80' lang='grc' dir='ltr'>ἴσως</span> <span class='ocrx_word' id='word_1_169' title='bbox 581 1510 876 1578; x_wconf 79' lang='grc' dir='ltr'>σωθήσεται</span> <span class='ocrx_word' id='word_1_170' title='bbox 924 1507 990 1566; x_wconf 83' lang='grc' dir='ltr'><strong>δι’</strong></span> <span class='ocrx_word' id='word_1_171' title='bbox 1040 1513 1220 1572; x_wconf 65' lang='grc' dir='ltr'>αὐτοῦ.</span> <span class='ocrx_word' id='word_1_172' title='bbox 1277 1509 1442 1572; x_wconf 74' lang='grc' dir='ltr'>Μόλις</span> <span class='ocrx_word' id='word_1_173' title='bbox 1499 1508 1587 1565; x_wconf 79' lang='grc' dir='ltr'><strong>οὖν</strong></span> <span class='ocrx_word' id='word_1_174' title='bbox 1640 1509 1910 1588; x_wconf 70' lang='grc' dir='ltr'>ἐπιτυχὼν</span> <span class='ocrx_word' id='word_1_175' title='bbox 1965 1515 2053 1565; x_wconf 83' lang='grc' dir='ltr'><strong>τοῦ</strong></span> 
     </span>
    </p>
   </div>
   <div class='ocr_carea' id='block_1_28' title="bbox 2137 1503 3780 1594">
    <p class='ocr_par' dir='ltr' id='par_1_28' title="bbox 2137 1509 3780 1594">
     <span class='ocr_line' id='line_1_28' title="bbox 2137 1509 3780 1594; baseline 0 -22"><span class='ocrx_word' id='word_1_176' title='bbox 2137 1511 2384 1590; x_wconf 86' lang='lat' dir='ltr'><strong>ciperet,</strong></span> <span class='ocrx_word' id='word_1_177' title='bbox 2412 1510 2462 1571; x_wconf 89' lang='lat' dir='ltr'><strong>si</strong></span> <span class='ocrx_word' id='word_1_178' title='bbox 2483 1509 2632 1572; x_wconf 91' lang='lat' dir='ltr'><strong>forte</strong></span> <span class='ocrx_word' id='word_1_179' title='bbox 2655 1509 2784 1590; x_wconf 84' lang='lat' dir='ltr'><strong>ejus</strong></span> <span class='ocrx_word' id='word_1_180' title='bbox 2807 1529 2989 1591; x_wconf 85' lang='lat' dir='ltr'><strong>opera</strong></span> <span class='ocrx_word' id='word_1_181' title='bbox 3011 1511 3260 1573; x_wconf 86' lang='lat' dir='ltr'><strong>salutem</strong></span> <span class='ocrx_word' id='word_1_182' title='bbox 3286 1523 3780 1594; x_wconf 88' lang='lat' dir='ltr'><strong>consequeretur.</strong></span> 
     </span>
    </p>
   </div>
   <div class='ocr_carea' id='block_1_29' title="bbox 399 1598 2051 1679">
    <p class='ocr_par' dir='ltr' id='par_1_29' title="bbox 399 1598 2051 1679">
     <span class='ocr_line' id='line_1_29' title="bbox 399 1598 2051 1679; baseline 0.003 -29"><span class='ocrx_word' id='word_1_183' title='bbox 399 1602 606 1652; x_wconf 76' lang='grc' dir='ltr'>σκοποῦ</span> <span class='ocrx_word' id='word_1_184' title='bbox 634 1599 760 1675; x_wconf 78' lang='grc' dir='ltr'>φησὶ</span> <span class='ocrx_word' id='word_1_185' title='bbox 789 1601 920 1677; x_wconf 82' lang='grc' dir='ltr'>πρὸς</span> <span class='ocrx_word' id='word_1_186' title='bbox 967 1601 1058 1656; x_wconf 85' lang='grc' dir='ltr'><strong>τὸν</strong></span> <span class='ocrx_word' id='word_1_187' title='bbox 1105 1599 1250 1657; x_wconf 79' lang='grc' dir='ltr'>ὅσιον</span> <span class='ocrx_word' id='word_1_188' title='bbox 1283 1615 1297 1630; x_wconf 83' lang='grc'><strong><em>⁸</em></strong></span> <span class='ocrx_word' id='word_1_189' title='bbox 1351 1600 1545 1679; x_wconf 62' lang='grc' dir='ltr'>Πάτερ,</span> <span class='ocrx_word' id='word_1_190' title='bbox 1590 1599 1706 1674; x_wconf 72' lang='grc' dir='ltr'>ἐψω</span> <span class='ocrx_word' id='word_1_191' title='bbox 1751 1600 1868 1678; x_wconf 82' lang='grc' dir='ltr'>τρία</span> <span class='ocrx_word' id='word_1_192' title='bbox 1894 1598 2051 1674; x_wconf 89' lang='grc' dir='ltr'>νομί-</span> 
     </span>
    </p>
   </div>
   <div class='ocr_carea' id='block_1_30' title="bbox 402 1679 2049 1768">
    <p class='ocr_par' dir='ltr' id='par_1_30' title="bbox 402 1679 2049 1768">
     <span class='ocr_line' id='line_1_30' title="bbox 402 1679 2049 1768; baseline 0.004 -31"><span class='ocrx_word' id='word_1_193' title='bbox 402 1704 607 1768; x_wconf 83' lang='grc' dir='ltr'>σματα,</span> <span class='ocrx_word' id='word_1_194' title='bbox 640 1686 691 1741; x_wconf 88' lang='grc' dir='ltr'><strong>τί</strong></span> <span class='ocrx_word' id='word_1_195' title='bbox 739 1686 972 1752; x_wconf 76' lang='grc' dir='ltr'><strong>κελεύεις</strong></span> <span class='ocrx_word' id='word_1_196' title='bbox 1003 1689 1223 1756; x_wconf 78' lang='grc' dir='ltr'>ποιῆσαί</span> <span class='ocrx_word' id='word_1_197' title='bbox 1274 1710 1340 1764; x_wconf 87' lang='grc' dir='ltr'><strong>με</strong></span> <span class='ocrx_word' id='word_1_198' title='bbox 1389 1689 1556 1768; x_wconf 64' lang='lat' dir='ltr'><strong>morai;</strong></span> <span class='ocrx_word' id='word_1_199' title='bbox 1614 1679 1670 1746; x_wconf 64' lang='grc' dir='ltr'><strong>Ὀ</strong></span> <span class='ocrx_word' id='word_1_200' title='bbox 1719 1685 1794 1762; x_wconf 80' lang='grc' dir='ltr'>δὲ,</span> <span class='ocrx_word' id='word_1_201' title='bbox 1850 1685 2049 1746; x_wconf 81' lang='grc' dir='ltr'>Ἀπελ-</span> 
     </span>
    </p>
   </div>
   <div class='ocr_carea' id='block_1_31' title="bbox 401 1767 2052 1856">
    <p class='ocr_par' dir='ltr' id='par_1_31' title="bbox 401 1767 2052 1856">
     <span class='ocr_line' id='line_1_31' title="bbox 401 1767 2052 1856; baseline 0.031 -33"><span class='ocrx_word' id='word_1_202' title='bbox 401 1771 509 1825; x_wconf 82' lang='grc' dir='ltr'>θὼν</span> <span class='ocrx_word' id='word_1_203' title='bbox 540 1767 628 1836; x_wconf 80' lang='grc' dir='ltr'>δὸς</span> <span class='ocrx_word' id='word_1_204' title='bbox 659 1775 789 1832; x_wconf 75' lang='grc' dir='ltr'>αὐτὰ</span> <span class='ocrx_word' id='word_1_205' title='bbox 817 1789 934 1840; x_wconf 82' lang='grc' dir='ltr'>τοῖς</span> <span class='ocrx_word' id='word_1_206' title='bbox 992 1791 1242 1856; x_wconf 77' lang='grc' dir='ltr'>πτωχοῖς</span> <span class='ocrx_word' id='word_1_207' title='bbox 1272 1793 1286 1807; x_wconf 84' lang='grc'><strong><em>⁸</em></strong></span> <span class='ocrx_word' id='word_1_208' title='bbox 1339 1777 1426 1834; x_wconf 69' lang='grc' dir='ltr'>καὶ</span> <span class='ocrx_word' id='word_1_209' title='bbox 1469 1767 1597 1856; x_wconf 36' lang='lat' dir='ltr'><strong>alia“</strong></span> <span class='ocrx_word' id='word_1_210' title='bbox 1642 1777 1702 1832; x_wconf 69' lang='grc' dir='ltr'><strong>τὸ</strong></span> <span class='ocrx_word' id='word_1_211' title='bbox 1757 1773 2052 1856; x_wconf 58' lang='grc' dir='ltr'>ψαλτήριόν</span> 
     </span>
    </p>
   </div>
   <div class='ocr_carea' id='block_1_32' title="bbox 401 1857 2054 1945">
    <p class='ocr_par' dir='ltr' id='par_1_32' title="bbox 401 1857 2054 1945">
     <span class='ocr_line' id='line_1_32' title="bbox 401 1857 2054 1945; baseline 0.007 -33"><span class='ocrx_word' id='word_1_212' title='bbox 401 1879 497 1913; x_wconf 83' lang='grc' dir='ltr'><strong>σου</strong></span> <span class='ocrx_word' id='word_1_213' title='bbox 528 1857 656 1916; x_wconf 73' lang='grc' dir='ltr'>ἕπου</span> <span class='ocrx_word' id='word_1_214' title='bbox 685 1877 806 1927; x_wconf 85' lang='grc' dir='ltr'>ταῖς</span> <span class='ocrx_word' id='word_1_215' title='bbox 835 1863 1080 1929; x_wconf 75' lang='grc' dir='ltr'><strong>ἐντολαῖς</strong></span> <span class='ocrx_word' id='word_1_216' title='bbox 1113 1875 1206 1926; x_wconf 79' lang='grc' dir='ltr'>τοῦ</span> <span class='ocrx_word' id='word_1_217' title='bbox 1233 1871 1481 1945; x_wconf 80' lang='grc' dir='ltr'><strong>Σωτῆρος</strong></span> <span class='ocrx_word' id='word_1_218' title='bbox 1517 1883 1532 1899; x_wconf 88' lang='grc'><em>’</em></span> <span class='ocrx_word' id='word_1_219' title='bbox 1566 1863 1755 1929; x_wconf 69' lang='grc' dir='ltr'>εὐθέως</span> <span class='ocrx_word' id='word_1_220' title='bbox 1785 1863 1841 1921; x_wconf 78' lang='grc' dir='ltr'><strong>δὲ</strong></span> <span class='ocrx_word' id='word_1_221' title='bbox 1862 1863 2054 1932; x_wconf 73' lang='grc' dir='ltr'>ἐποίη-</span> 
     </span>
    </p>
   </div>
   <div class='ocr_carea' id='block_1_33' title="bbox 401 1949 2053 2034">
    <p class='ocr_par' dir='ltr' id='par_1_33' title="bbox 401 1949 2053 2034">
     <span class='ocr_line' id='line_1_33' title="bbox 401 1949 2053 2034; baseline 0.005 -32"><span class='ocrx_word' id='word_1_222' title='bbox 401 1967 492 2002; x_wconf 82' lang='grc' dir='ltr'>σεν</span> <span class='ocrx_word' id='word_1_223' title='bbox 546 1949 737 2015; x_wconf 75' lang='grc' dir='ltr'>οὕτως,</span> <span class='ocrx_word' id='word_1_224' title='bbox 801 1954 898 2011; x_wconf 78' lang='grc' dir='ltr'><strong>Καὶ</strong></span> <span class='ocrx_word' id='word_1_225' title='bbox 955 1952 1364 2034; x_wconf 66' lang='grc' dir='ltr'><strong>διακαρτερήσας</strong></span> <span class='ocrx_word' id='word_1_226' title='bbox 1411 1955 1546 2030; x_wconf 79' lang='grc' dir='ltr'>μετὰ</span> <span class='ocrx_word' id='word_1_227' title='bbox 1592 1960 1685 2012; x_wconf 79' lang='grc' dir='ltr'><strong>τοῦ</strong></span> <span class='ocrx_word' id='word_1_228' title='bbox 1733 1956 1880 2013; x_wconf 80' lang='grc' dir='ltr'>ὁσιου</span> <span class='ocrx_word' id='word_1_229' title='bbox 1933 1960 2053 2011; x_wconf 82' lang='grc' dir='ltr'><strong>Πα-</strong></span> 
     </span>
    </p>
   </div>
   <div class='ocr_carea' id='block_1_34' title="bbox 403 2037 2055 2124">
    <p class='ocr_par' dir='ltr' id='par_1_34' title="bbox 403 2037 2055 2124">
     <span class='ocr_line' id='line_1_34' title="bbox 403 2037 2055 2124; baseline 0.001 -24"><span class='ocrx_word' id='word_1_230' title='bbox 403 2037 526 2113; x_wconf 79' lang='grc' dir='ltr'>τρός</span> <span class='ocrx_word' id='word_1_231' title='bbox 598 2038 658 2094; x_wconf 73' lang='grc' dir='ltr'>οὗ</span> <span class='ocrx_word' id='word_1_232' title='bbox 729 2043 991 2115; x_wconf 73' lang='grc' dir='ltr'>μήκιστον</span> <span class='ocrx_word' id='word_1_233' title='bbox 1059 2044 1278 2124; x_wconf 84' lang='grc' dir='ltr'>χρόνον,</span> <span class='ocrx_word' id='word_1_234' title='bbox 1345 2045 1433 2100; x_wconf 83' lang='grc' dir='ltr'>καὶ</span> <span class='ocrx_word' id='word_1_235' title='bbox 1485 2044 1664 2119; x_wconf 85' lang='grc' dir='ltr'>μαθὼν</span> <span class='ocrx_word' id='word_1_236' title='bbox 1715 2040 1841 2123; x_wconf 86' lang='grc' dir='ltr'>παρ’</span> <span class='ocrx_word' id='word_1_237' title='bbox 1898 2041 2055 2102; x_wconf 75' lang='grc' dir='ltr'>αὐτοῦ</span> 
     </span>
    </p>
   </div>
   <div class='ocr_carea' id='block_1_35' title="bbox 404 2125 2051 2212">
    <p class='ocr_par' dir='ltr' id='par_1_35' title="bbox 404 2125 2051 2212">
     <span class='ocr_line' id='line_1_35' title="bbox 404 2125 2051 2212; baseline 0.003 -31"><span class='ocrx_word' id='word_1_238' title='bbox 404 2125 502 2192; x_wconf 75' lang='grc' dir='ltr'><strong>τὴν</strong></span> <span class='ocrx_word' id='word_1_239' title='bbox 558 2132 658 2195; x_wconf 81' lang='grc' dir='ltr'>τῆς</span> <span class='ocrx_word' id='word_1_240' title='bbox 715 2128 1096 2212; x_wconf 73' lang='grc' dir='ltr'><strong>καλλιγραφίας</strong></span> <span class='ocrx_word' id='word_1_241' title='bbox 1169 2129 1540 2211; x_wconf 84' lang='grc' dir='ltr'>δυσδιόρθωτον</span> <span class='ocrx_word' id='word_1_242' title='bbox 1599 2131 1824 2211; x_wconf 81' lang='grc' dir='ltr'>τέχνην,</span> <span class='ocrx_word' id='word_1_243' title='bbox 1880 2131 2051 2211; x_wconf 78' lang='grc' dir='ltr'>ἀχθε-</span> 
     </span>
    </p>
   </div>
   <div class='ocr_carea' id='block_1_36' title="bbox 401 2217 2053 2300">
    <p class='ocr_par' dir='ltr' id='par_1_36' title="bbox 401 2217 2053 2300">
     <span class='ocr_line' id='line_1_36' title="bbox 401 2217 2053 2300; baseline 0.004 -30"><span class='ocrx_word' id='word_1_244' title='bbox 401 2217 538 2280; x_wconf 78' lang='grc' dir='ltr'>σθεὶς</span> <span class='ocrx_word' id='word_1_245' title='bbox 612 2217 697 2274; x_wconf 74' lang='grc' dir='ltr'>ἐπὶ</span> <span class='ocrx_word' id='word_1_246' title='bbox 766 2241 823 2276; x_wconf 88' lang='grc' dir='ltr'>τε</span> <span class='ocrx_word' id='word_1_247' title='bbox 891 2227 960 2298; x_wconf 78' lang='grc' dir='ltr'>τῇ</span> <span class='ocrx_word' id='word_1_248' title='bbox 1047 2219 1410 2300; x_wconf 76' lang='grc' dir='ltr'>σκληροτάτῃ,</span> <span class='ocrx_word' id='word_1_249' title='bbox 1483 2221 1569 2277; x_wconf 84' lang='grc' dir='ltr'><strong>καὶ</strong></span> <span class='ocrx_word' id='word_1_250' title='bbox 1654 2220 2053 2300; x_wconf 78' lang='grc' dir='ltr'>ἀπαραμυθήτῳ</span> 
     </span>
    </p>
   </div>
   <div class='ocr_carea' id='block_1_37' title="bbox 400 2303 2050 2392">
    <p class='ocr_par' dir='ltr' id='par_1_37' title="bbox 400 2303 2050 2392">
     <span class='ocr_line' id='line_1_37' title="bbox 400 2303 2050 2392; baseline 0.019 -34"><span class='ocrx_word' id='word_1_251' title='bbox 400 2303 649 2377; x_wconf 76' lang='grc' dir='ltr'><strong>ἀσκήσει,</strong></span> <span class='ocrx_word' id='word_1_252' title='bbox 718 2307 912 2386; x_wconf 75' lang='grc' dir='ltr'>ἤρξατο</span> <span class='ocrx_word' id='word_1_253' title='bbox 961 2310 1365 2392; x_wconf 75' lang='grc' dir='ltr'><strong>προφασίζεσθαι</strong></span> <span class='ocrx_word' id='word_1_254' title='bbox 1419 2308 1709 2389; x_wconf 76' lang='grc' dir='ltr'>προφάσεις</span> <span class='ocrx_word' id='word_1_255' title='bbox 1762 2307 1817 2366; x_wconf 66' lang='grc' dir='ltr'><strong>ἐν</strong></span> <span class='ocrx_word' id='word_1_256' title='bbox 1871 2309 2050 2389; x_wconf 55' lang='grc' dir='ltr'><strong>ἄραρ’</strong></span> 
     </span>
    </p>
   </div>
   <div class='ocr_carea' id='block_1_38' title="bbox 402 2394 2052 2478">
    <p class='ocr_par' dir='ltr' id='par_1_38' title="bbox 402 2394 2052 2478">
     <span class='ocr_line' id='line_1_38' title="bbox 402 2394 2052 2478; baseline 0.004 -31"><span class='ocrx_word' id='word_1_257' title='bbox 402 2394 563 2473; x_wconf 81' lang='grc' dir='ltr'>τίαις,</span> <span class='ocrx_word' id='word_1_258' title='bbox 625 2398 713 2454; x_wconf 76' lang='grc' dir='ltr'><strong>καὶ</strong></span> <span class='ocrx_word' id='word_1_259' title='bbox 781 2405 967 2469; x_wconf 79' lang='grc' dir='ltr'><strong>ζητεῖν</strong></span> <span class='ocrx_word' id='word_1_260' title='bbox 1035 2399 1228 2478; x_wconf 79' lang='grc' dir='ltr'>πόρους</span> <span class='ocrx_word' id='word_1_261' title='bbox 1286 2398 1648 2478; x_wconf 81' lang='grc' dir='ltr'>λογομαχίας,</span> <span class='ocrx_word' id='word_1_262' title='bbox 1707 2395 1776 2453; x_wconf 84' lang='grc' dir='ltr'>δι’</span> <span class='ocrx_word' id='word_1_263' title='bbox 1829 2399 1905 2454; x_wconf 80' lang='grc' dir='ltr'><strong>ὧν</strong></span> <span class='ocrx_word' id='word_1_264' title='bbox 1959 2398 2052 2453; x_wconf 78' lang='grc' dir='ltr'>τὸν</span> 
     </span>
    </p>
   </div>
   <div class='ocr_carea' id='block_1_39' title="bbox 405 2483 2055 2568">
    <p class='ocr_par' dir='ltr' id='par_1_39' title="bbox 405 2483 2055 2568">
     <span class='ocr_line' id='line_1_39' title="bbox 405 2483 2055 2568; baseline 0.003 -31"><span class='ocrx_word' id='word_1_265' title='bbox 405 2483 613 2561; x_wconf 81' lang='grc' dir='ltr'>Πατέρα</span> <span class='ocrx_word' id='word_1_266' title='bbox 665 2487 795 2565; x_wconf 81' lang='grc' dir='ltr'>πρὸς</span> <span class='ocrx_word' id='word_1_267' title='bbox 863 2491 1028 2562; x_wconf 79' lang='grc' dir='ltr'>θυμὸν</span> <span class='ocrx_word' id='word_1_268' title='bbox 1084 2486 1337 2568; x_wconf 74' lang='grc' dir='ltr'>διεγείρῃ,</span> <span class='ocrx_word' id='word_1_269' title='bbox 1409 2489 1575 2551; x_wconf 77' lang='grc' dir='ltr'>Αὐτὸς</span> <span class='ocrx_word' id='word_1_270' title='bbox 1629 2485 1683 2542; x_wconf 79' lang='grc' dir='ltr'><strong>δὲ</strong></span> <span class='ocrx_word' id='word_1_271' title='bbox 1735 2487 1816 2543; x_wconf 80' lang='grc' dir='ltr'><strong>ἀεὶ</strong></span> <span class='ocrx_word' id='word_1_272' title='bbox 1870 2484 1924 2544; x_wconf 65' lang='grc' dir='ltr'><strong>ἐν</strong></span> <span class='ocrx_word' id='word_1_273' title='bbox 1980 2492 2055 2561; x_wconf 85' lang='grc' dir='ltr'>νῷ</span> 
     </span>
    </p>
   </div>
   <div class='ocr_carea' id='block_1_40' title="bbox 401 2573 2053 2655">
    <p class='ocr_par' dir='ltr' id='par_1_40' title="bbox 401 2573 2053 2655">
     <span class='ocr_line' id='line_1_40' title="bbox 401 2573 2053 2655; baseline 0.002 -28"><span class='ocrx_word' id='word_1_274' title='bbox 401 2573 697 2652; x_wconf 71' lang='grc' dir='ltr'>περιφέρων</span> <span class='ocrx_word' id='word_1_275' title='bbox 761 2579 852 2642; x_wconf 79' lang='grc' dir='ltr'><strong>τὰς</strong></span> <span class='ocrx_word' id='word_1_276' title='bbox 925 2577 1140 2643; x_wconf 77' lang='grc' dir='ltr'>ἐντολὰς</span> <span class='ocrx_word' id='word_1_277' title='bbox 1211 2584 1302 2634; x_wconf 81' lang='grc' dir='ltr'>τοῦ</span> <span class='ocrx_word' id='word_1_278' title='bbox 1367 2585 1519 2650; x_wconf 80' lang='grc' dir='ltr'>Θεοῦ,</span> <span class='ocrx_word' id='word_1_279' title='bbox 1575 2578 1649 2640; x_wconf 82' lang='grc' dir='ltr'>ὡς</span> <span class='ocrx_word' id='word_1_280' title='bbox 1707 2577 1838 2655; x_wconf 79' lang='grc' dir='ltr'>πρὸς</span> <span class='ocrx_word' id='word_1_281' title='bbox 1894 2575 2053 2651; x_wconf 87' lang='grc' dir='ltr'>μόνον</span> 
     </span>
    </p>
   </div>
   <div class='ocr_carea' id='block_1_41' title="bbox 400 2663 2059 2748">
    <p class='ocr_par' dir='ltr' id='par_1_41' title="bbox 400 2663 2059 2748">
     <span class='ocr_line' id='line_1_41' title="bbox 400 2663 2059 2748; baseline 0.002 -31"><span class='ocrx_word' id='word_1_282' title='bbox 400 2663 560 2719; x_wconf 69' lang='grc' dir='ltr'>αὐτὸν</span> <span class='ocrx_word' id='word_1_283' title='bbox 616 2666 920 2748; x_wconf 82' lang='grc' dir='ltr'>εἰρημένας,</span> <span class='ocrx_word' id='word_1_284' title='bbox 993 2670 1080 2726; x_wconf 83' lang='grc' dir='ltr'><strong>καὶ</strong></span> <span class='ocrx_word' id='word_1_285' title='bbox 1155 2668 1487 2744; x_wconf 87' lang='grc' dir='ltr'>μνηνονεύων</span> <span class='ocrx_word' id='word_1_286' title='bbox 1542 2668 1616 2730; x_wconf 84' lang='grc' dir='ltr'><strong>ὡς</strong></span> <span class='ocrx_word' id='word_1_287' title='bbox 1674 2668 1703 2722; x_wconf 82' lang='grc' dir='ltr'>ὁ</span> <span class='ocrx_word' id='word_1_288' title='bbox 1757 2664 1928 2745; x_wconf 86' lang='grc' dir='ltr'>λέγων</span> <span class='ocrx_word' id='word_1_289' title='bbox 1982 2672 2059 2740; x_wconf 81' lang='grc' dir='ltr'><strong>τῷ</strong></span> 
     </span>
    </p>
   </div>
   <div class='ocr_carea' id='block_1_42' title="bbox 403 2749 2056 2838">
    <p class='ocr_par' dir='ltr' id='par_1_42' title="bbox 403 2749 2056 2838">
     <span class='ocr_line' id='line_1_42' title="bbox 403 2749 2056 2838; baseline 0.006 -28"><span class='ocrx_word' id='word_1_290' title='bbox 403 2749 616 2832; x_wconf 63' lang='grc' dir='ltr'>ἀδελῳῷ</span> <span class='ocrx_word' id='word_1_291' title='bbox 670 2757 825 2816; x_wconf 66' lang='grc' dir='ltr'>αὐτοῦ</span> <span class='ocrx_word' id='word_1_292' title='bbox 879 2749 1061 2830; x_wconf 65' lang='grc' dir='ltr'><strong>ιΡςιικιὶι,</strong></span> <span class='ocrx_word' id='word_1_293' title='bbox 1114 2757 1303 2838; x_wconf 73' lang='grc' dir='ltr'>ἔνοχος</span> <span class='ocrx_word' id='word_1_294' title='bbox 1362 2755 1506 2814; x_wconf 45' lang='lat' dir='ltr'><strong>me;</strong></span> <span class='ocrx_word' id='word_1_295' title='bbox 1558 2758 1631 2820; x_wconf 72' lang='grc' dir='ltr'>εἰς</span> <span class='ocrx_word' id='word_1_296' title='bbox 1687 2755 1786 2823; x_wconf 71' lang='grc' dir='ltr'><strong>τὴν</strong></span> <span class='ocrx_word' id='word_1_297' title='bbox 1841 2755 2056 2835; x_wconf 75' lang='grc' dir='ltr'><strong>γέενναν</strong></span> 
     </span>
    </p>
   </div>
   <div class='ocr_carea' id='block_1_43' title="bbox 400 2843 2057 2924">
    <p class='ocr_par' dir='ltr' id='par_1_43' title="bbox 400 2843 2057 2924">
     <span class='ocr_line' id='line_1_43' title="bbox 400 2843 2057 2924; baseline 0 -26"><span class='ocrx_word' id='word_1_298' title='bbox 400 2850 495 2899; x_wconf 81' lang='grc' dir='ltr'>τοῦ</span> <span class='ocrx_word' id='word_1_299' title='bbox 523 2845 709 2923; x_wconf 82' lang='grc' dir='ltr'>πυρὸς,</span> <span class='ocrx_word' id='word_1_300' title='bbox 769 2844 1016 2904; x_wconf 72' lang='grc' dir='ltr'>οὖδέποτε</span> <span class='ocrx_word' id='word_1_301' title='bbox 1067 2848 1220 2904; x_wconf 78' lang='grc' dir='ltr'>εἶπεν</span> <span class='ocrx_word' id='word_1_302' title='bbox 1253 2845 1394 2920; x_wconf 74' lang='grc' dir='ltr'><strong>αὗτῷ</strong></span> <span class='ocrx_word' id='word_1_303' title='bbox 1430 2846 1576 2924; x_wconf 77' lang='grc' dir='ltr'>ῥῆμα</span> <span class='ocrx_word' id='word_1_304' title='bbox 1621 2845 1874 2923; x_wconf 87' lang='grc' dir='ltr'>πονηρόν.</span> <span class='ocrx_word' id='word_1_305' title='bbox 1927 2843 2057 2901; x_wconf 84' lang='grc' dir='ltr'><strong>Τότε</strong></span> 
     </span>
    </p>
   </div>
   <div class='ocr_carea' id='block_1_44' title="bbox 405 2927 2055 3012">
    <p class='ocr_par' dir='ltr' id='par_1_44' title="bbox 405 2927 2055 3012">
     <span class='ocr_line' id='line_1_44' title="bbox 405 2927 2055 3012; baseline 0.002 -29"><span class='ocrx_word' id='word_1_306' title='bbox 405 2928 552 3008; x_wconf 85' lang='grc' dir='ltr'>λέγει</span> <span class='ocrx_word' id='word_1_307' title='bbox 620 2936 749 3012; x_wconf 82' lang='grc' dir='ltr'>πρὸς</span> <span class='ocrx_word' id='word_1_308' title='bbox 821 2937 976 2992; x_wconf 70' lang='grc' dir='ltr'>αὐτὸν</span> <span class='ocrx_word' id='word_1_309' title='bbox 1043 2935 1223 3010; x_wconf 75' lang='grc' dir='ltr'>πράως</span> <span class='ocrx_word' id='word_1_310' title='bbox 1295 2935 1381 2990; x_wconf 77' lang='grc' dir='ltr'>καὶ</span> <span class='ocrx_word' id='word_1_311' title='bbox 1459 2931 1705 2994; x_wconf 69' lang='grc' dir='ltr'>ἐπιεικῶς</span> <span class='ocrx_word' id='word_1_312' title='bbox 1742 2949 1757 2964; x_wconf 82' lang='grc'><strong>⁸</strong></span> <span class='ocrx_word' id='word_1_313' title='bbox 1836 2927 2055 3008; x_wconf 72' lang='grc' dir='ltr'>Ἀδελφὲ</span> 
     </span>
    </p>
   </div>
   <div class='ocr_carea' id='block_1_45' title="bbox 2135 1599 3780 1680">
    <p class='ocr_par' dir='ltr' id='par_1_45' title="bbox 2135 1599 3780 1680">
     <span class='ocr_line' id='line_1_45' title="bbox 2135 1599 3780 1680; baseline 0.001 -17"><span class='ocrx_word' id='word_1_314' title='bbox 2135 1599 2248 1663; x_wconf 84' lang='lat' dir='ltr'><strong>Vix</strong></span> <span class='ocrx_word' id='word_1_315' title='bbox 2281 1599 2518 1662; x_wconf 87' lang='lat' dir='ltr'><strong>tandem</strong></span> <span class='ocrx_word' id='word_1_316' title='bbox 2558 1618 2804 1680; x_wconf 91' lang='lat' dir='ltr'><strong>compos</strong></span> <span class='ocrx_word' id='word_1_317' title='bbox 2849 1599 3137 1662; x_wconf 89' lang='lat' dir='ltr'><strong>desiberii</strong></span> <span class='ocrx_word' id='word_1_318' title='bbox 3190 1600 3379 1663; x_wconf 88' lang='lat' dir='ltr'><strong>factus</strong></span> <span class='ocrx_word' id='word_1_319' title='bbox 3407 1601 3483 1663; x_wconf 87' lang='lat' dir='ltr'><strong>ad</strong></span> <span class='ocrx_word' id='word_1_320' title='bbox 3512 1610 3780 1664; x_wconf 89' lang='lat' dir='ltr'><strong>sanctum</strong></span> 
     </span>
    </p>
   </div>
   <div class='ocr_carea' id='block_1_46' title="bbox 2133 1687 3782 1771">
    <p class='ocr_par' dir='ltr' id='par_1_46' title="bbox 2133 1687 3782 1771">
     <span class='ocr_line' id='line_1_46' title="bbox 2133 1687 3782 1771; baseline -0.001 -18"><span class='ocrx_word' id='word_1_321' title='bbox 2133 1689 2246 1753; x_wconf 86' lang='lat' dir='ltr'><strong>ait:</strong></span> <span class='ocrx_word' id='word_1_322' title='bbox 2271 1688 2495 1762; x_wconf 89' lang='lat' dir='ltr'><strong>Habeo,</strong></span> <span class='ocrx_word' id='word_1_323' title='bbox 2516 1687 3090 1769; x_wconf 87' lang='lat' dir='ltr'><strong>Pater,numismata</strong></span> <span class='ocrx_word' id='word_1_324' title='bbox 3119 1689 3252 1771; x_wconf 86' lang='lat' dir='ltr'><strong>tria,</strong></span> <span class='ocrx_word' id='word_1_325' title='bbox 3285 1690 3426 1770; x_wconf 91' lang='lat' dir='ltr'><strong>quid</strong></span> <span class='ocrx_word' id='word_1_326' title='bbox 3455 1690 3542 1752; x_wconf 86' lang='lat' dir='ltr'><strong>vis</strong></span> <span class='ocrx_word' id='word_1_327' title='bbox 3570 1691 3782 1752; x_wconf 84' lang='lat' dir='ltr'><strong>faciam</strong></span> 
     </span>
    </p>
   </div>
   <div class='ocr_carea' id='block_1_47' title="bbox 2135 1775 3779 1859">
    <p class='ocr_par' dir='ltr' id='par_1_47' title="bbox 2135 1775 3779 1859">
     <span class='ocr_line' id='line_1_47' title="bbox 2135 1775 3779 1859; baseline -0.001 -19"><span class='ocrx_word' id='word_1_328' title='bbox 2135 1779 2211 1842; x_wconf 90' lang='lat' dir='ltr'><strong>de</strong></span> <span class='ocrx_word' id='word_1_329' title='bbox 2241 1775 2412 1838; x_wconf 84' lang='lat' dir='ltr'><strong>illis?</strong></span> <span class='ocrx_word' id='word_1_330' title='bbox 2451 1775 2578 1852; x_wconf 91' lang='lat' dir='ltr'><strong>Ille,</strong></span> <span class='ocrx_word' id='word_1_331' title='bbox 2607 1775 2745 1857; x_wconf 85' lang='lat' dir='ltr'><strong>Abi,</strong></span> <span class='ocrx_word' id='word_1_332' title='bbox 2795 1775 3010 1858; x_wconf 89' lang='lat' dir='ltr'><strong>inquit,</strong></span> <span class='ocrx_word' id='word_1_333' title='bbox 3047 1785 3105 1840; x_wconf 91' lang='lat' dir='ltr'><strong>et</strong></span> <span class='ocrx_word' id='word_1_334' title='bbox 3133 1777 3208 1839; x_wconf 92' lang='lat' dir='ltr'><strong>da</strong></span> <span class='ocrx_word' id='word_1_335' title='bbox 3238 1777 3627 1859; x_wconf 89' lang='lat' dir='ltr'><strong>pauperibus,</strong></span> <span class='ocrx_word' id='word_1_336' title='bbox 3661 1779 3779 1840; x_wconf 91' lang='lat' dir='ltr'><strong>tol-</strong></span> 
     </span>
    </p>
   </div>
   <div class='ocr_carea' id='block_1_48' title="bbox 2134 1863 3784 1948">
    <p class='ocr_par' dir='ltr' id='par_1_48' title="bbox 2134 1863 3784 1948">
     <span class='ocr_line' id='line_1_48' title="bbox 2134 1863 3784 1948; baseline 0.001 -20"><span class='ocrx_word' id='word_1_337' title='bbox 2134 1867 2384 1948; x_wconf 89' lang='lat' dir='ltr'><strong>lensque</strong></span> <span class='ocrx_word' id='word_1_338' title='bbox 2431 1863 2786 1928; x_wconf 83' lang='lat' dir='ltr'><strong>Psalterium</strong></span> <span class='ocrx_word' id='word_1_339' title='bbox 2820 1871 2988 1930; x_wconf 85' lang='lat' dir='ltr'><strong>tuum</strong></span> <span class='ocrx_word' id='word_1_340' title='bbox 3020 1885 3276 1948; x_wconf 86' lang='lat' dir='ltr'><strong>sequere</strong></span> <span class='ocrx_word' id='word_1_341' title='bbox 3325 1876 3625 1948; x_wconf 64' lang='lat' dir='ltr'><strong>praecepta</strong></span> <span class='ocrx_word' id='word_1_342' title='bbox 3656 1865 3784 1930; x_wconf 90' lang='lat' dir='ltr'><strong>Sal-</strong></span> 
     </span>
    </p>
   </div>
   <div class='ocr_carea' id='block_1_49' title="bbox 2131 1953 3780 2020">
    <p class='ocr_par' dir='ltr' id='par_1_49' title="bbox 2131 1953 3780 2020">
     <span class='ocr_line' id='line_1_49' title="bbox 2131 1953 3780 2020; baseline -0.001 -1"><span class='ocrx_word' id='word_1_343' title='bbox 2131 1955 2388 2020; x_wconf 84' lang='lat' dir='ltr'><strong>vatoris:</strong></span> <span class='ocrx_word' id='word_1_344' title='bbox 2420 1962 2476 2016; x_wconf 91' lang='lat' dir='ltr'><strong>et</strong></span> <span class='ocrx_word' id='word_1_345' title='bbox 2502 1955 2604 2017; x_wconf 92' lang='lat' dir='ltr'><strong>ille</strong></span> <span class='ocrx_word' id='word_1_346' title='bbox 2643 1955 2843 2017; x_wconf 90' lang='lat' dir='ltr'><strong>statim</strong></span> <span class='ocrx_word' id='word_1_347' title='bbox 2874 1954 3195 2018; x_wconf 89' lang='lat' dir='ltr'><strong>obsecutus</strong></span> <span class='ocrx_word' id='word_1_348' title='bbox 3226 1962 3333 2017; x_wconf 93' lang='lat' dir='ltr'><strong>est.</strong></span> <span class='ocrx_word' id='word_1_349' title='bbox 3368 1953 3503 2018; x_wconf 91' lang='lat' dir='ltr'><strong>Non</strong></span> <span class='ocrx_word' id='word_1_350' title='bbox 3531 1956 3780 2018; x_wconf 90' lang='lat' dir='ltr'><strong>multum</strong></span> 
     </span>
    </p>
   </div>
   <div class='ocr_carea' id='block_1_50' title="bbox 2134 2043 3782 2125">
    <p class='ocr_par' dir='ltr' id='par_1_50' title="bbox 2134 2043 3782 2125">
     <span class='ocr_line' id='line_1_50' title="bbox 2134 2043 3782 2125; baseline 0 -19"><span class='ocrx_word' id='word_1_351' title='bbox 2134 2043 2418 2125; x_wconf 88' lang='lat' dir='ltr'><strong>temporis</strong></span> <span class='ocrx_word' id='word_1_352' title='bbox 2449 2043 2676 2105; x_wconf 87' lang='lat' dir='ltr'><strong>efﬂuxit</strong></span> <span class='ocrx_word' id='word_1_353' title='bbox 2707 2043 3122 2120; x_wconf 88' lang='lat' dir='ltr'><strong>contubernio,</strong></span> <span class='ocrx_word' id='word_1_354' title='bbox 3157 2043 3488 2125; x_wconf 80' lang='lat' dir='ltr'><strong>didicitque</strong></span> <span class='ocrx_word' id='word_1_355' title='bbox 3517 2063 3552 2106; x_wconf 92' lang='lat' dir='ltr'><strong>a</strong></span> <span class='ocrx_word' id='word_1_356' title='bbox 3575 2052 3782 2107; x_wconf 90' lang='lat' dir='ltr'><strong>sancto</strong></span> 
     </span>
    </p>
   </div>
   <div class='ocr_carea' id='block_1_51' title="bbox 2133 2131 3775 2214">
    <p class='ocr_par' dir='ltr' id='par_1_51' title="bbox 2133 2131 3775 2214">
     <span class='ocr_line' id='line_1_51' title="bbox 2133 2131 3775 2214; baseline 0.001 -20"><span class='ocrx_word' id='word_1_357' title='bbox 2133 2135 2305 2196; x_wconf 89' lang='lat' dir='ltr'><strong>Patre</strong></span> <span class='ocrx_word' id='word_1_358' title='bbox 2336 2131 2635 2196; x_wconf 80' lang='lat' dir='ltr'><strong>difﬁcilem</strong></span> <span class='ocrx_word' id='word_1_359' title='bbox 2667 2133 2922 2213; x_wconf 85' lang='lat' dir='ltr'><strong>pulchre</strong></span> <span class='ocrx_word' id='word_1_360' title='bbox 2953 2132 3528 2214; x_wconf 90' lang='lat' dir='ltr'><strong>aptequescribendi</strong></span> <span class='ocrx_word' id='word_1_361' title='bbox 3554 2140 3775 2196; x_wconf 88' lang='lat' dir='ltr'><strong>artem:</strong></span> 
     </span>
    </p>
   </div>
   <div class='ocr_carea' id='block_1_52' title="bbox 2133 2221 3782 2302">
    <p class='ocr_par' dir='ltr' id='par_1_52' title="bbox 2133 2221 3782 2302">
     <span class='ocr_line' id='line_1_52' title="bbox 2133 2221 3782 2302; baseline -0.001 -18"><span class='ocrx_word' id='word_1_362' title='bbox 2133 2222 2238 2284; x_wconf 90' lang='lat' dir='ltr'><strong>sed</strong></span> <span class='ocrx_word' id='word_1_363' title='bbox 2266 2221 2664 2300; x_wconf 83' lang='lat' dir='ltr'><strong>aSperrimum</strong></span> <span class='ocrx_word' id='word_1_364' title='bbox 2694 2221 2826 2284; x_wconf 72' lang='lat' dir='ltr'><strong>vitae</strong></span> <span class='ocrx_word' id='word_1_365' title='bbox 2882 2221 3218 2283; x_wconf 90' lang='lat' dir='ltr'><strong>institutum</strong></span> <span class='ocrx_word' id='word_1_366' title='bbox 3269 2239 3518 2302; x_wconf 88' lang='lat' dir='ltr'><strong>perosus</strong></span> <span class='ocrx_word' id='word_1_367' title='bbox 3547 2228 3606 2284; x_wconf 90' lang='lat' dir='ltr'><strong>et</strong></span> <span class='ocrx_word' id='word_1_368' title='bbox 3633 2221 3782 2283; x_wconf 90' lang='lat' dir='ltr'><strong>soli-</strong></span> 
     </span>
    </p>
   </div>
   <div class='ocr_carea' id='block_1_53' title="bbox 2134 2309 3782 2390">
    <p class='ocr_par' dir='ltr' id='par_1_53' title="bbox 2134 2309 3782 2390">
     <span class='ocr_line' id='line_1_53' title="bbox 2134 2309 3782 2390; baseline -0.001 -18"><span class='ocrx_word' id='word_1_369' title='bbox 2134 2309 2300 2372; x_wconf 69' lang='lat' dir='ltr'><strong>tariae</strong></span> <span class='ocrx_word' id='word_1_370' title='bbox 2323 2309 2453 2372; x_wconf 62' lang='lat' dir='ltr'><strong>vita;</strong></span> <span class='ocrx_word' id='word_1_371' title='bbox 2483 2309 2721 2372; x_wconf 84' lang='lat' dir='ltr'><strong>labores</strong></span> <span class='ocrx_word' id='word_1_372' title='bbox 2754 2309 2916 2371; x_wconf 89' lang='lat' dir='ltr'><strong>nulla</strong></span> <span class='ocrx_word' id='word_1_373' title='bbox 2940 2309 3296 2371; x_wconf 88' lang='lat' dir='ltr'><strong>remissione</strong></span> <span class='ocrx_word' id='word_1_374' title='bbox 3317 2309 3564 2384; x_wconf 84' lang='lat' dir='ltr'><strong>laxatos,</strong></span> <span class='ocrx_word' id='word_1_375' title='bbox 3601 2309 3782 2390; x_wconf 86' lang='lat' dir='ltr'><strong>coepit</strong></span> 
     </span>
    </p>
   </div>
   <div class='ocr_carea' id='block_1_54' title="bbox 2135 2397 3786 2478">
    <p class='ocr_par' dir='ltr' id='par_1_54' title="bbox 2135 2397 3786 2478">
     <span class='ocr_line' id='line_1_54' title="bbox 2135 2397 3786 2478; baseline -0.002 -16"><span class='ocrx_word' id='word_1_376' title='bbox 2135 2399 2421 2462; x_wconf 88' lang='lat' dir='ltr'><strong>adhibere</strong></span> <span class='ocrx_word' id='word_1_377' title='bbox 2451 2398 2862 2460; x_wconf 82' lang='lat' dir='ltr'><strong>excusationes</strong></span> <span class='ocrx_word' id='word_1_378' title='bbox 2889 2397 2950 2458; x_wconf 92' lang='lat' dir='ltr'><strong>in</strong></span> <span class='ocrx_word' id='word_1_379' title='bbox 2984 2399 3240 2478; x_wconf 89' lang='lat' dir='ltr'><strong>peccatis</strong></span> <span class='ocrx_word' id='word_1_380' title='bbox 3295 2404 3354 2460; x_wconf 90' lang='lat' dir='ltr'><strong>et</strong></span> <span class='ocrx_word' id='word_1_381' title='bbox 3383 2397 3786 2460; x_wconf 90' lang='lat' dir='ltr'><strong>contentionis</strong></span> 
     </span>
    </p>
   </div>
   <div class='ocr_carea' id='block_1_55' title="bbox 2137 2485 3787 2568">
    <p class='ocr_par' dir='ltr' id='par_1_55' title="bbox 2137 2485 3787 2568">
     <span class='ocr_line' id='line_1_55' title="bbox 2137 2485 3787 2568; baseline -0.002 -17"><span class='ocrx_word' id='word_1_382' title='bbox 2137 2488 2483 2551; x_wconf 88' lang='lat' dir='ltr'><strong>occasiones</strong></span> <span class='ocrx_word' id='word_1_383' title='bbox 2514 2504 2804 2568; x_wconf 75' lang='lat' dir='ltr'><strong>quaerere,</strong></span> <span class='ocrx_word' id='word_1_384' title='bbox 2858 2485 3076 2565; x_wconf 89' lang='lat' dir='ltr'><strong>quibus</strong></span> <span class='ocrx_word' id='word_1_385' title='bbox 3127 2495 3329 2566; x_wconf 90' lang='lat' dir='ltr'><strong>posset</strong></span> <span class='ocrx_word' id='word_1_386' title='bbox 3375 2490 3607 2550; x_wconf 87' lang='lat' dir='ltr'><strong>Patrem</strong></span> <span class='ocrx_word' id='word_1_387' title='bbox 3638 2505 3745 2568; x_wconf 90' lang='lat' dir='ltr'><strong>pro</strong></span> <span class='ocrx_word' id='word_1_388' title='bbox 3770 2516 3787 2532; x_wconf 72' lang='grc' dir='ltr'>ι</span> 
     </span>
    </p>
   </div>
   <div class='ocr_carea' id='block_1_56' title="bbox 2137 2574 3785 2656">
    <p class='ocr_par' dir='ltr' id='par_1_56' title="bbox 2137 2574 3785 2656">
     <span class='ocr_line' id='line_1_56' title="bbox 2137 2574 3785 2656; baseline -0.001 -17"><span class='ocrx_word' id='word_1_389' title='bbox 2137 2595 2352 2640; x_wconf 90' lang='lat' dir='ltr'><strong>vocare</strong></span> <span class='ocrx_word' id='word_1_390' title='bbox 2421 2575 2496 2638; x_wconf 91' lang='lat' dir='ltr'><strong>ad</strong></span> <span class='ocrx_word' id='word_1_391' title='bbox 2564 2575 2738 2638; x_wconf 90' lang='lat' dir='ltr'><strong>iram.</strong></span> <span class='ocrx_word' id='word_1_392' title='bbox 2812 2575 2917 2638; x_wconf 93' lang='lat' dir='ltr'><strong>llle</strong></span> <span class='ocrx_word' id='word_1_393' title='bbox 2973 2592 3111 2636; x_wconf 91' lang='lat' dir='ltr'><strong>vero</strong></span> <span class='ocrx_word' id='word_1_394' title='bbox 3184 2583 3480 2656; x_wconf 65' lang='lat' dir='ltr'><strong>prwcepta</strong></span> <span class='ocrx_word' id='word_1_395' title='bbox 3545 2574 3785 2637; x_wconf 89' lang='lat' dir='ltr'><strong>Domini</strong></span> 
     </span>
    </p>
   </div>
   <div class='ocr_carea' id='block_1_57' title="bbox 2139 2663 3778 2745">
    <p class='ocr_par' dir='ltr' id='par_1_57' title="bbox 2139 2663 3778 2745">
     <span class='ocr_line' id='line_1_57' title="bbox 2139 2663 3778 2745; baseline -0.001 -17"><span class='ocrx_word' id='word_1_396' title='bbox 2139 2683 2378 2745; x_wconf 90' lang='lat' dir='ltr'><strong>semper</strong></span> <span class='ocrx_word' id='word_1_397' title='bbox 2406 2664 2605 2726; x_wconf 90' lang='lat' dir='ltr'><strong>animo</strong></span> <span class='ocrx_word' id='word_1_398' title='bbox 2637 2663 2902 2740; x_wconf 90' lang='lat' dir='ltr'><strong>volvens,</strong></span> <span class='ocrx_word' id='word_1_399' title='bbox 2946 2672 3224 2745; x_wconf 87' lang='lat' dir='ltr'><strong>tanquam</strong></span> <span class='ocrx_word' id='word_1_400' title='bbox 3261 2663 3375 2726; x_wconf 89' lang='lat' dir='ltr'><strong>sibi</strong></span> <span class='ocrx_word' id='word_1_401' title='bbox 3398 2665 3499 2726; x_wconf 91' lang='lat' dir='ltr'><strong>uni</strong></span> <span class='ocrx_word' id='word_1_402' title='bbox 3531 2663 3778 2745; x_wconf 89' lang='lat' dir='ltr'><strong>prolata,</strong></span> 
     </span>
    </p>
   </div>
   <div class='ocr_carea' id='block_1_58' title="bbox 2141 2751 3782 2834">
    <p class='ocr_par' dir='ltr' id='par_1_58' title="bbox 2141 2751 3782 2834">
     <span class='ocr_line' id='line_1_58' title="bbox 2141 2751 3782 2834; baseline -0.002 -18"><span class='ocrx_word' id='word_1_403' title='bbox 2141 2762 2198 2816; x_wconf 92' lang='lat' dir='ltr'><strong>et</strong></span> <span class='ocrx_word' id='word_1_404' title='bbox 2227 2753 2516 2815; x_wconf 89' lang='lat' dir='ltr'><strong>memoria</strong></span> <span class='ocrx_word' id='word_1_405' title='bbox 2545 2759 2850 2834; x_wconf 88' lang='lat' dir='ltr'><strong>repetens,</strong></span> <span class='ocrx_word' id='word_1_406' title='bbox 2883 2769 3054 2814; x_wconf 90' lang='lat' dir='ltr'><strong>reum</strong></span> <span class='ocrx_word' id='word_1_407' title='bbox 3108 2769 3241 2814; x_wconf 90' lang='lat' dir='ltr'><strong>esse</strong></span> <span class='ocrx_word' id='word_1_408' title='bbox 3284 2753 3575 2829; x_wconf 79' lang='lat' dir='ltr'><strong>gehennae</strong></span> <span class='ocrx_word' id='word_1_409' title='bbox 3603 2751 3782 2832; x_wconf 84' lang='lat' dir='ltr'><strong>ignis,</strong></span> 
     </span>
    </p>
   </div>
   <div class='ocr_carea' id='block_1_59' title="bbox 2139 2838 3790 2924">
    <p class='ocr_par' dir='ltr' id='par_1_59' title="bbox 2139 2838 3790 2924">
     <span class='ocr_line' id='line_1_59' title="bbox 2139 2838 3790 2924; baseline -0.001 -20"><span class='ocrx_word' id='word_1_410' title='bbox 2139 2842 2241 2924; x_wconf 93' lang='lat' dir='ltr'><strong>qui</strong></span> <span class='ocrx_word' id='word_1_411' title='bbox 2272 2841 2488 2904; x_wconf 87' lang='lat' dir='ltr'><strong>dixerit</strong></span> <span class='ocrx_word' id='word_1_412' title='bbox 2511 2840 2680 2902; x_wconf 79' lang='lat' dir='ltr'><strong>fratri</strong></span> <span class='ocrx_word' id='word_1_413' title='bbox 2702 2860 2832 2917; x_wconf 90' lang='lat' dir='ltr'><strong>suo,</strong></span> <span class='ocrx_word' id='word_1_414' title='bbox 2859 2841 3055 2903; x_wconf 84' lang='lat' dir='ltr'><strong>Racca</strong></span> <span class='ocrx_word' id='word_1_415' title='bbox 3075 2838 3156 2911; x_wconf 65' lang='grc' dir='ltr'>ΞΟ,</span> <span class='ocrx_word' id='word_1_416' title='bbox 3193 2858 3496 2921; x_wconf 91' lang='lat' dir='ltr'><strong>nunquam</strong></span> <span class='ocrx_word' id='word_1_417' title='bbox 3527 2859 3669 2902; x_wconf 91' lang='lat' dir='ltr'><strong>usus</strong></span> <span class='ocrx_word' id='word_1_418' title='bbox 3700 2849 3790 2902; x_wconf 92' lang='lat' dir='ltr'><strong>est</strong></span> 
     </span>
    </p>
   </div>
   <div class='ocr_carea' id='block_1_60' title="bbox 2139 2927 3788 3010">
    <p class='ocr_par' dir='ltr' id='par_1_60' title="bbox 2139 2927 3788 3010">
     <span class='ocr_line' id='line_1_60' title="bbox 2139 2927 3788 3010; baseline -0.002 -16"><span class='ocrx_word' id='word_1_419' title='bbox 2139 2938 2348 2994; x_wconf 87' lang='lat' dir='ltr'><strong>contra</strong></span> <span class='ocrx_word' id='word_1_420' title='bbox 2376 2948 2510 2992; x_wconf 89' lang='lat' dir='ltr'><strong>eum</strong></span> <span class='ocrx_word' id='word_1_421' title='bbox 2541 2947 2750 3010; x_wconf 90' lang='lat' dir='ltr'><strong>aspero</strong></span> <span class='ocrx_word' id='word_1_422' title='bbox 2777 2928 2983 2992; x_wconf 88' lang='lat' dir='ltr'><strong>verbo.</strong></span> <span class='ocrx_word' id='word_1_423' title='bbox 3017 2928 3283 2990; x_wconf 90' lang='lat' dir='ltr'><strong>Tandem</strong></span> <span class='ocrx_word' id='word_1_424' title='bbox 3315 2927 3546 3008; x_wconf 90' lang='lat' dir='ltr'><strong>placido</strong></span> <span class='ocrx_word' id='word_1_425' title='bbox 3577 2936 3636 2990; x_wconf 85' lang='lat' dir='ltr'><strong>et</strong></span> <span class='ocrx_word' id='word_1_426' title='bbox 3665 2948 3788 2991; x_wconf 89' lang='lat' dir='ltr'><strong>mo-</strong></span> 
     </span>
    </p>
   </div>
   <div class='ocr_carea' id='block_1_61' title="bbox 406 3016 2053 3104">
    <p class='ocr_par' dir='ltr' id='par_1_61' title="bbox 406 3019 2052 3102">
     <span class='ocr_line' id='line_1_61' title="bbox 406 3019 2052 3102; baseline 0.012 -30"><span class='ocrx_word' id='word_1_427' title='bbox 406 3021 718 3096; x_wconf 85' lang='grc' dir='ltr'>τιμιώτατε,</span> <span class='ocrx_word' id='word_1_428' title='bbox 755 3023 808 3080; x_wconf 80' lang='grc' dir='ltr'><strong>ἐν</strong></span> <span class='ocrx_word' id='word_1_429' title='bbox 852 3025 1035 3102; x_wconf 73' lang='grc' dir='ltr'>εἰρήνῃ</span> <span class='ocrx_word' id='word_1_430' title='bbox 1072 3022 1334 3090; x_wconf 80' lang='grc' dir='ltr'>κέκληκεν</span> <span class='ocrx_word' id='word_1_431' title='bbox 1378 3023 1524 3098; x_wconf 79' lang='grc' dir='ltr'>ἡμᾶς</span> <span class='ocrx_word' id='word_1_432' title='bbox 1571 3024 1600 3078; x_wconf 79' lang='grc' dir='ltr'>δ</span> <span class='ocrx_word' id='word_1_433' title='bbox 1652 3021 1782 3083; x_wconf 68' lang='grc' dir='ltr'>θεὸς</span> <span class='ocrx_word' id='word_1_434' title='bbox 1813 3019 2052 3092; x_wconf 62' lang='grc' dir='ltr'><strong>ἐνταῦθα,</strong></span> 
     </span>
    </p>
   </div>
   <div class='ocr_carea' id='block_1_62' title="bbox 2137 3016 3793 3104">
    <p class='ocr_par' dir='ltr' id='par_1_62' title="bbox 2139 3016 3793 3084">
     <span class='ocr_line' id='line_1_62' title="bbox 2139 3016 3793 3084; baseline -0.002 -1"><span class='ocrx_word' id='word_1_435' title='bbox 2139 3023 2346 3084; x_wconf 86' lang='lat' dir='ltr'><strong>derato</strong></span> <span class='ocrx_word' id='word_1_436' title='bbox 2376 3019 2577 3082; x_wconf 89' lang='lat' dir='ltr'><strong>animo</strong></span> <span class='ocrx_word' id='word_1_437' title='bbox 2607 3018 2692 3080; x_wconf 93' lang='lat' dir='ltr'><strong>sic</strong></span> <span class='ocrx_word' id='word_1_438' title='bbox 2725 3037 2860 3081; x_wconf 92' lang='lat' dir='ltr'><strong>eum</strong></span> <span class='ocrx_word' id='word_1_439' title='bbox 2893 3019 3102 3080; x_wconf 75' lang='lat' dir='ltr'><strong>aﬂ‘atus</strong></span> <span class='ocrx_word' id='word_1_440' title='bbox 3125 3025 3252 3080; x_wconf 90' lang='lat' dir='ltr'><strong>est:</strong></span> <span class='ocrx_word' id='word_1_441' title='bbox 3287 3016 3645 3080; x_wconf 90' lang='lat' dir='ltr'><strong>Honorande</strong></span> <span class='ocrx_word' id='word_1_442' title='bbox 3673 3018 3793 3080; x_wconf 88' lang='lat' dir='ltr'><strong>fra-</strong></span> 
     </span>
    </p>
   </div>
   <div class='ocr_carea' id='block_1_63' title="bbox 409 3107 2056 3190">
    <p class='ocr_par' dir='ltr' id='par_1_63' title="bbox 409 3107 2056 3190">
     <span class='ocr_line' id='line_1_63' title="bbox 409 3107 2056 3190; baseline 0.012 -28"><span class='ocrx_word' id='word_1_443' title='bbox 409 3109 496 3163; x_wconf 85' lang='grc' dir='ltr'>καὶ</span> <span class='ocrx_word' id='word_1_444' title='bbox 549 3109 605 3166; x_wconf 73' lang='grc' dir='ltr'><strong>ἐν</strong></span> <span class='ocrx_word' id='word_1_445' title='bbox 651 3111 862 3190; x_wconf 74' lang='grc' dir='ltr'>ἀγάπῃ,</span> <span class='ocrx_word' id='word_1_446' title='bbox 913 3113 1171 3188; x_wconf 83' lang='grc' dir='ltr'>πνεόματί</span> <span class='ocrx_word' id='word_1_447' title='bbox 1212 3133 1270 3167; x_wconf 91' lang='grc' dir='ltr'><strong>τε</strong></span> <span class='ocrx_word' id='word_1_448' title='bbox 1313 3110 1610 3190; x_wconf 85' lang='grc' dir='ltr'>πραότητος</span> <span class='ocrx_word' id='word_1_449' title='bbox 1643 3125 1660 3142; x_wconf 84' lang='grc'>⁶</span> <span class='ocrx_word' id='word_1_450' title='bbox 1714 3109 1792 3186; x_wconf 68' lang='grc' dir='ltr'><strong>μὴ</strong></span> <span class='ocrx_word' id='word_1_451' title='bbox 1848 3107 1948 3187; x_wconf 73' lang='grc' dir='ltr'>γὰρ</span> <span class='ocrx_word' id='word_1_452' title='bbox 2003 3107 2056 3162; x_wconf 60' lang='grc' dir='ltr'><strong>ἐν</strong></span> 
     </span>
    </p>
   </div>
   <div class='ocr_carea' id='block_1_64' title="bbox 408 3194 2056 3280">
    <p class='ocr_par' dir='ltr' id='par_1_64' title="bbox 408 3194 2056 3280">
     <span class='ocr_line' id='line_1_64' title="bbox 408 3194 2056 3280; baseline -0.001 -28"><span class='ocrx_word' id='word_1_453' title='bbox 408 3200 587 3274; x_wconf 70' lang='grc' dir='ltr'>πικρίᾳ</span> <span class='ocrx_word' id='word_1_454' title='bbox 613 3203 701 3256; x_wconf 84' lang='grc' dir='ltr'>καὶ</span> <span class='ocrx_word' id='word_1_455' title='bbox 751 3202 886 3280; x_wconf 79' lang='grc' dir='ltr'>ὀργῇ</span> <span class='ocrx_word' id='word_1_456' title='bbox 929 3204 1016 3259; x_wconf 86' lang='grc' dir='ltr'><strong>καὶ</strong></span> <span class='ocrx_word' id='word_1_457' title='bbox 1066 3205 1252 3280; x_wconf 69' lang='grc' dir='ltr'>θυμῷς</span> <span class='ocrx_word' id='word_1_458' title='bbox 1305 3201 1348 3257; x_wconf 83' lang='grc' dir='ltr'>εἰ</span> <span class='ocrx_word' id='word_1_459' title='bbox 1399 3197 1452 3256; x_wconf 77' lang='grc' dir='ltr'><strong>δὲ</strong></span> <span class='ocrx_word' id='word_1_460' title='bbox 1497 3205 1746 3257; x_wconf 79' lang='grc' dir='ltr'>τοσοῦτον</span> <span class='ocrx_word' id='word_1_461' title='bbox 1775 3194 2056 3276; x_wconf 77' lang='grc' dir='ltr'>βεϐάρυσαι</span> 
     </span>
    </p>
   </div>
   <div class='ocr_carea' id='block_1_65' title="bbox 407 3286 2055 3368">
    <p class='ocr_par' dir='ltr' id='par_1_65' title="bbox 407 3286 2055 3368">
     <span class='ocr_line' id='line_1_65' title="bbox 407 3286 2055 3368; baseline -0.005 -19"><span class='ocrx_word' id='word_1_462' title='bbox 407 3289 480 3349; x_wconf 80' lang='grc' dir='ltr'>εἷς</span> <span class='ocrx_word' id='word_1_463' title='bbox 538 3288 632 3363; x_wconf 79' lang='grc' dir='ltr'><strong>ἐμὲ</strong></span> <span class='ocrx_word' id='word_1_464' title='bbox 690 3292 782 3346; x_wconf 82' lang='grc' dir='ltr'><strong>τὸν</strong></span> <span class='ocrx_word' id='word_1_465' title='bbox 839 3291 1107 3363; x_wconf 84' lang='grc' dir='ltr'>ταπεινὸν,</span> <span class='ocrx_word' id='word_1_466' title='bbox 1162 3290 1249 3345; x_wconf 82' lang='grc' dir='ltr'><strong>καὶ</strong></span> <span class='ocrx_word' id='word_1_467' title='bbox 1304 3288 1569 3368; x_wconf 75' lang='grc' dir='ltr'>ἀφόρητος</span> <span class='ocrx_word' id='word_1_468' title='bbox 1627 3286 1888 3365; x_wconf 81' lang='grc' dir='ltr'>ἐγενόμην</span> <span class='ocrx_word' id='word_1_469' title='bbox 1939 3297 2055 3347; x_wconf 91' lang='grc' dir='ltr'>τοῖς</span> 
     </span>
    </p>
   </div>
   <div class='ocr_carea' id='block_1_66' title="bbox 407 3371 2051 3458">
    <p class='ocr_par' dir='ltr' id='par_1_66' title="bbox 407 3371 2051 3458">
     <span class='ocr_line' id='line_1_66' title="bbox 407 3371 2051 3458; baseline 0 -28"><span class='ocrx_word' id='word_1_470' title='bbox 407 3390 526 3440; x_wconf 87' lang='grc' dir='ltr'>σοῖς</span> <span class='ocrx_word' id='word_1_471' title='bbox 585 3376 904 3457; x_wconf 71' lang='grc' dir='ltr'>ὀφθαλμοῖς,</span> <span class='ocrx_word' id='word_1_472' title='bbox 968 3379 1189 3458; x_wconf 75' lang='grc' dir='ltr'>πορεύου</span> <span class='ocrx_word' id='word_1_473' title='bbox 1243 3377 1297 3434; x_wconf 86' lang='grc' dir='ltr'>ἐν</span> <span class='ocrx_word' id='word_1_474' title='bbox 1347 3377 1529 3456; x_wconf 73' lang='grc' dir='ltr'>εἰρήνη</span> <span class='ocrx_word' id='word_1_475' title='bbox 1574 3375 1704 3432; x_wconf 67' lang='grc' dir='ltr'>ὀίπου</span> <span class='ocrx_word' id='word_1_476' title='bbox 1760 3373 1821 3431; x_wconf 81' lang='grc' dir='ltr'>ἂν</span> <span class='ocrx_word' id='word_1_477' title='bbox 1865 3371 2051 3451; x_wconf 81' lang='grc' dir='ltr'>βούλῃ,</span> 
     </span>
    </p>
   </div>
   <div class='ocr_carea' id='block_1_67' title="bbox 403 3461 2056 3546">
    <p class='ocr_par' dir='ltr' id='par_1_67' title="bbox 403 3461 2056 3546">
     <span class='ocr_line' id='line_1_67' title="bbox 403 3461 2056 3546; baseline -0.002 -26"><span class='ocrx_word' id='word_1_478' title='bbox 403 3467 492 3520; x_wconf 76' lang='grc' dir='ltr'><strong>καὶ</strong></span> <span class='ocrx_word' id='word_1_479' title='bbox 548 3465 645 3540; x_wconf 77' lang='grc' dir='ltr'><strong>ἐμὲ</strong></span> <span class='ocrx_word' id='word_1_480' title='bbox 701 3469 792 3522; x_wconf 83' lang='grc' dir='ltr'>τὸν</span> <span class='ocrx_word' id='word_1_481' title='bbox 848 3465 1162 3546; x_wconf 79' lang='grc' dir='ltr'><strong>ἁμαρτωλὸν</strong></span> <span class='ocrx_word' id='word_1_482' title='bbox 1214 3468 1291 3541; x_wconf 79' lang='grc' dir='ltr'><strong>μὴ</strong></span> <span class='ocrx_word' id='word_1_483' title='bbox 1349 3463 1558 3546; x_wconf 74' lang='grc' dir='ltr'>ἐνόχλει</span> <span class='ocrx_word' id='word_1_484' title='bbox 1593 3481 1607 3496; x_wconf 83' lang='grc'><strong><em>⁸</em></strong></span> <span class='ocrx_word' id='word_1_485' title='bbox 1670 3461 1794 3521; x_wconf 79' lang='grc' dir='ltr'>οἶδα</span> <span class='ocrx_word' id='word_1_486' title='bbox 1841 3463 1941 3541; x_wconf 81' lang='grc' dir='ltr'>γάρ</span> <span class='ocrx_word' id='word_1_487' title='bbox 1997 3483 2056 3518; x_wconf 89' lang='grc' dir='ltr'>σε</span> 
     </span>
    </p>
   </div>
   <div class='ocr_carea' id='block_1_68' title="bbox 404 3550 2056 3636">
    <p class='ocr_par' dir='ltr' id='par_1_68' title="bbox 404 3550 2056 3636">
     <span class='ocr_line' id='line_1_68' title="bbox 404 3550 2056 3636; baseline -0.004 -24"><span class='ocrx_word' id='word_1_488' title='bbox 404 3557 518 3636; x_wconf 80' lang='grc' dir='ltr'><strong>ἐγὼ</strong></span> <span class='ocrx_word' id='word_1_489' title='bbox 567 3558 647 3633; x_wconf 74' lang='grc' dir='ltr'><strong>μὴ</strong></span> <span class='ocrx_word' id='word_1_490' title='bbox 705 3555 1011 3632; x_wconf 73' lang='grc' dir='ltr'>δυνάμενον,</span> <span class='ocrx_word' id='word_1_491' title='bbox 1077 3554 1276 3632; x_wconf 78' lang='grc' dir='ltr'>μᾶλλον</span> <span class='ocrx_word' id='word_1_492' title='bbox 1332 3554 1386 3610; x_wconf 75' lang='grc' dir='ltr'><strong>δὲ</strong></span> <span class='ocrx_word' id='word_1_493' title='bbox 1442 3556 1531 3611; x_wconf 78' lang='grc' dir='ltr'>καὶ</span> <span class='ocrx_word' id='word_1_494' title='bbox 1600 3554 1678 3630; x_wconf 82' lang='grc' dir='ltr'>μὴ</span> <span class='ocrx_word' id='word_1_495' title='bbox 1737 3550 2056 3630; x_wconf 82' lang='grc' dir='ltr'>βουλόμενον</span> 
     </span>
    </p>
   </div>
   <div class='ocr_carea' id='block_1_69' title="bbox 407 3639 2057 3725">
    <p class='ocr_par' dir='ltr' id='par_1_69' title="bbox 407 3639 2057 3725">
     <span class='ocr_line' id='line_1_69' title="bbox 407 3639 2057 3725; baseline -0.004 -22"><span class='ocrx_word' id='word_1_496' title='bbox 407 3648 789 3704; x_wconf 79' lang='grc' dir='ltr'>ἀποσείσασθαι</span> <span class='ocrx_word' id='word_1_497' title='bbox 846 3648 908 3702; x_wconf 84' lang='grc' dir='ltr'><strong>τὸ</strong></span> <span class='ocrx_word' id='word_1_498' title='bbox 956 3642 1292 3725; x_wconf 70' lang='grc' dir='ltr'>παραϐάλλον</span> <span class='ocrx_word' id='word_1_499' title='bbox 1336 3665 1418 3700; x_wconf 93' lang='grc' dir='ltr'>σοι</span> <span class='ocrx_word' id='word_1_500' title='bbox 1467 3651 1674 3718; x_wconf 77' lang='grc' dir='ltr'>πνεῦμα</span> <span class='ocrx_word' id='word_1_501' title='bbox 1724 3647 1822 3708; x_wconf 79' lang='grc' dir='ltr'>τῆς</span> <span class='ocrx_word' id='word_1_502' title='bbox 1874 3639 2057 3722; x_wconf 76' lang='grc' dir='ltr'>φιλαρ-</span> 
     </span>
    </p>
   </div>
   <div class='ocr_carea' id='block_1_70' title="bbox 405 3713 2056 3817">
    <p class='ocr_par' dir='ltr' id='par_1_70' title="bbox 405 3713 2056 3817">
     <span class='ocr_line' id='line_1_70' title="bbox 405 3713 2056 3817; baseline -0.005 -24"><span class='ocrx_word' id='word_1_503' title='bbox 405 3739 536 3817; x_wconf 76' lang='grc' dir='ltr'>χίας</span> <span class='ocrx_word' id='word_1_504' title='bbox 582 3738 670 3792; x_wconf 85' lang='grc' dir='ltr'>καὶ</span> <span class='ocrx_word' id='word_1_505' title='bbox 698 3713 1134 3816; x_wconf 47' lang='grc' dir='ltr'>,ιμλοϊερατείαᾳ</span> <span class='ocrx_word' id='word_1_506' title='bbox 1186 3713 1410 3792; x_wconf 50' lang='grc' dir='ltr'>νΑπελθε</span> <span class='ocrx_word' id='word_1_507' title='bbox 1452 3713 1646 3804; x_wconf 80' lang='grc' dir='ltr'>τοίνυν,</span> <span class='ocrx_word' id='word_1_508' title='bbox 1698 3713 2056 3817; x_wconf 61' lang='grc' dir='ltr'>ἐκπληρώσων</span> 
     </span>
    </p>
   </div>
   <div class='ocr_carea' id='block_1_71' title="bbox 403 3807 2061 3901">
    <p class='ocr_par' dir='ltr' id='par_1_71' title="bbox 403 3807 2061 3901">
     <span class='ocr_line' id='line_1_71' title="bbox 403 3807 2061 3901; baseline -0.004 -23"><span class='ocrx_word' id='word_1_509' title='bbox 519 3825 612 3880; x_wconf 82' lang='grc' dir='ltr'><strong>σὸν</strong></span> <span class='ocrx_word' id='word_1_510' title='bbox 668 3807 934 3899; x_wconf 66' lang='grc' dir='ltr'>βούλημα,</span> <span class='ocrx_word' id='word_1_511' title='bbox 1008 3823 1095 3879; x_wconf 88' lang='grc' dir='ltr'>καὶ</span> <span class='ocrx_word' id='word_1_512' title='bbox 1161 3822 1398 3901; x_wconf 75' lang='grc' dir='ltr'>εὑρήσεις</span> <span class='ocrx_word' id='word_1_513' title='bbox 1453 3821 1514 3876; x_wconf 80' lang='grc' dir='ltr'>τὸ</span> <span class='ocrx_word' id='word_1_514' title='bbox 1563 3815 1843 3892; x_wconf 81' lang='grc' dir='ltr'>κατάλυμα</span> <span class='ocrx_word' id='word_1_515' title='bbox 1877 3807 2061 3896; x_wconf 44' lang='grc' dir='ltr'>’πρόσε-</span> 
     </span>
    </p>
   </div>
   <div class='ocr_carea' id='block_1_72' title="bbox 405 3905 2060 3994">
    <p class='ocr_par' dir='ltr' id='par_1_72' title="bbox 405 3905 2060 3994">
     <span class='ocr_line' id='line_1_72' title="bbox 405 3905 2060 3994; baseline -0.006 -23"><span class='ocrx_word' id='word_1_516' title='bbox 405 3936 592 3994; x_wconf 62' lang='grc' dir='ltr'>φορον,</span> <span class='ocrx_word' id='word_1_517' title='bbox 670 3905 728 3970; x_wconf 68' lang='grc' dir='ltr'>Ὀ</span> <span class='ocrx_word' id='word_1_518' title='bbox 801 3909 854 3967; x_wconf 78' lang='grc' dir='ltr'><strong>δὲ</strong></span> <span class='ocrx_word' id='word_1_519' title='bbox 924 3909 1146 3992; x_wconf 65' lang='grc' dir='ltr'>ἀδελφὸς</span> <span class='ocrx_word' id='word_1_520' title='bbox 1216 3909 1374 3967; x_wconf 70' lang='grc' dir='ltr'>πλέον</span> <span class='ocrx_word' id='word_1_521' title='bbox 1463 3909 1563 3963; x_wconf 79' lang='grc' dir='ltr'><strong>ὑπὸ</strong></span> <span class='ocrx_word' id='word_1_522' title='bbox 1650 3912 1742 3962; x_wconf 76' lang='grc' dir='ltr'>τοῦ</span> <span class='ocrx_word' id='word_1_523' title='bbox 1825 3913 2060 3983; x_wconf 88' lang='grc' dir='ltr'>πονηρου</span> 
     </span>
    </p>
   </div>
   <div class='ocr_carea' id='block_1_73' title="bbox 2140 3106 3789 3188">
    <p class='ocr_par' dir='ltr' id='par_1_73' title="bbox 2140 3106 3789 3188">
     <span class='ocr_line' id='line_1_73' title="bbox 2140 3106 3789 3188; baseline -0.001 -16"><span class='ocrx_word' id='word_1_524' title='bbox 2140 3118 2251 3187; x_wconf 91' lang='lat' dir='ltr'><strong>ter,</strong></span> <span class='ocrx_word' id='word_1_525' title='bbox 2280 3108 2438 3172; x_wconf 88' lang='lat' dir='ltr'><strong>Deus</strong></span> <span class='ocrx_word' id='word_1_526' title='bbox 2464 3109 2526 3170; x_wconf 91' lang='lat' dir='ltr'><strong>in</strong></span> <span class='ocrx_word' id='word_1_527' title='bbox 2558 3127 2703 3188; x_wconf 88' lang='lat' dir='ltr'><strong>pace</strong></span> <span class='ocrx_word' id='word_1_528' title='bbox 2733 3127 2842 3169; x_wconf 90' lang='lat' dir='ltr'><strong>nos</strong></span> <span class='ocrx_word' id='word_1_529' title='bbox 2871 3107 2989 3170; x_wconf 89' lang='lat' dir='ltr'><strong>huc</strong></span> <span class='ocrx_word' id='word_1_530' title='bbox 3017 3106 3244 3170; x_wconf 88' lang='lat' dir='ltr'><strong>vocavit</strong></span> <span class='ocrx_word' id='word_1_531' title='bbox 3291 3114 3350 3167; x_wconf 92' lang='lat' dir='ltr'><strong>et</strong></span> <span class='ocrx_word' id='word_1_532' title='bbox 3394 3106 3456 3168; x_wconf 90' lang='lat' dir='ltr'><strong>in</strong></span> <span class='ocrx_word' id='word_1_533' title='bbox 3495 3107 3789 3170; x_wconf 87' lang='lat' dir='ltr'><strong>charitate</strong></span> 
     </span>
    </p>
   </div>
   <div class='ocr_carea' id='block_1_74' title="bbox 2140 3195 3793 3281">
    <p class='ocr_par' dir='ltr' id='par_1_74' title="bbox 2140 3195 3793 3281">
     <span class='ocr_line' id='line_1_74' title="bbox 2140 3195 3793 3281; baseline -0.002 -20"><span class='ocrx_word' id='word_1_534' title='bbox 2140 3207 2200 3262; x_wconf 91' lang='lat' dir='ltr'><strong>et</strong></span> <span class='ocrx_word' id='word_1_535' title='bbox 2220 3199 2429 3281; x_wconf 85' lang='lat' dir='ltr'><strong>spiritu</strong></span> <span class='ocrx_word' id='word_1_536' title='bbox 2461 3197 2937 3261; x_wconf 88' lang='lat' dir='ltr'><strong>mansuetudinis</strong></span> <span class='ocrx_word' id='word_1_537' title='bbox 2963 3218 2979 3274; x_wconf 89' lang='lat'><strong>;</strong></span> <span class='ocrx_word' id='word_1_538' title='bbox 3010 3195 3300 3278; x_wconf 85' lang='lat' dir='ltr'><strong>numquid</strong></span> <span class='ocrx_word' id='word_1_539' title='bbox 3332 3199 3492 3258; x_wconf 87' lang='lat' dir='ltr'><strong>enim</strong></span> <span class='ocrx_word' id='word_1_540' title='bbox 3523 3195 3597 3258; x_wconf 84' lang='lat' dir='ltr'><strong>ad</strong></span> <span class='ocrx_word' id='word_1_541' title='bbox 3628 3214 3793 3258; x_wconf 89' lang='lat' dir='ltr'><strong>acer-</strong></span> 
     </span>
    </p>
   </div>
   <div class='ocr_carea' id='block_1_75' title="bbox 2142 3285 3791 3364">
    <p class='ocr_par' dir='ltr' id='par_1_75' title="bbox 2142 3285 3791 3364">
     <span class='ocr_line' id='line_1_75' title="bbox 2142 3285 3791 3364; baseline -0.003 -13"><span class='ocrx_word' id='word_1_542' title='bbox 2142 3289 2385 3352; x_wconf 86' lang='lat' dir='ltr'><strong>bitatem</strong></span> <span class='ocrx_word' id='word_1_543' title='bbox 2419 3297 2479 3351; x_wconf 89' lang='lat' dir='ltr'><strong>et</strong></span> <span class='ocrx_word' id='word_1_544' title='bbox 2507 3288 2657 3349; x_wconf 90' lang='lat' dir='ltr'><strong>iram</strong></span> <span class='ocrx_word' id='word_1_545' title='bbox 2681 3299 2743 3351; x_wconf 91' lang='lat' dir='ltr'><strong>et</strong></span> <span class='ocrx_word' id='word_1_546' title='bbox 2772 3285 2955 3349; x_wconf 85' lang='lat' dir='ltr'><strong>bilem</strong></span> <span class='ocrx_word' id='word_1_547' title='bbox 2978 3288 3008 3348; x_wconf 86' lang='lat'><strong>?</strong></span> <span class='ocrx_word' id='word_1_548' title='bbox 3037 3285 3154 3349; x_wconf 91' lang='lat' dir='ltr'><strong>Sed</strong></span> <span class='ocrx_word' id='word_1_549' title='bbox 3179 3285 3228 3346; x_wconf 92' lang='lat' dir='ltr'><strong>si</strong></span> <span class='ocrx_word' id='word_1_550' title='bbox 3246 3285 3489 3348; x_wconf 91' lang='lat' dir='ltr'><strong>humilis</strong></span> <span class='ocrx_word' id='word_1_551' title='bbox 3511 3303 3619 3364; x_wconf 89' lang='lat' dir='ltr'><strong>ego</strong></span> <span class='ocrx_word' id='word_1_552' title='bbox 3642 3285 3791 3347; x_wconf 89' lang='lat' dir='ltr'><strong>adeo</strong></span> 
     </span>
    </p>
   </div>
   <div class='ocr_carea' id='block_1_76' title="bbox 2140 3373 3790 3457">
    <p class='ocr_par' dir='ltr' id='par_1_76' title="bbox 2140 3373 3790 3457">
     <span class='ocr_line' id='line_1_76' title="bbox 2140 3373 3790 3457; baseline -0.002 -18"><span class='ocrx_word' id='word_1_553' title='bbox 2140 3377 2332 3457; x_wconf 82' lang='lat' dir='ltr'><strong>gravis</strong></span> <span class='ocrx_word' id='word_1_554' title='bbox 2363 3377 2467 3439; x_wconf 89' lang='lat' dir='ltr'><strong>tibi</strong></span> <span class='ocrx_word' id='word_1_555' title='bbox 2497 3383 2722 3438; x_wconf 79' lang='lat' dir='ltr'><strong>sum&#39;et</strong></span> <span class='ocrx_word' id='word_1_556' title='bbox 2750 3375 2940 3438; x_wconf 88' lang='lat' dir='ltr'><strong>oculis</strong></span> <span class='ocrx_word' id='word_1_557' title='bbox 2971 3374 3087 3436; x_wconf 91' lang='lat' dir='ltr'><strong>tuis</strong></span> <span class='ocrx_word' id='word_1_558' title='bbox 3133 3374 3326 3436; x_wconf 88' lang='lat' dir='ltr'><strong>factus</strong></span> <span class='ocrx_word' id='word_1_559' title='bbox 3373 3373 3790 3449; x_wconf 89' lang='lat' dir='ltr'><strong>intolerabilis,</strong></span> 
     </span>
    </p>
   </div>
   <div class='ocr_carea' id='block_1_77' title="bbox 2138 3462 3798 3548">
    <p class='ocr_par' dir='ltr' id='par_1_77' title="bbox 2138 3462 3798 3548">
     <span class='ocr_line' id='line_1_77' title="bbox 2138 3462 3798 3548; baseline -0.001 -21"><span class='ocrx_word' id='word_1_560' title='bbox 2138 3466 2358 3529; x_wconf 89' lang='lat' dir='ltr'><strong>vadein</strong></span> <span class='ocrx_word' id='word_1_561' title='bbox 2387 3485 2556 3548; x_wconf 85' lang='lat' dir='ltr'><strong>pace,</strong></span> <span class='ocrx_word' id='word_1_562' title='bbox 2583 3483 2940 3546; x_wconf 90' lang='lat' dir='ltr'><strong>quocunque</strong></span> <span class='ocrx_word' id='word_1_563' title='bbox 2960 3463 3225 3539; x_wconf 90' lang='lat' dir='ltr'><strong>libuerit,</strong></span> <span class='ocrx_word' id='word_1_564' title='bbox 3255 3471 3310 3525; x_wconf 93' lang='lat' dir='ltr'><strong>et</strong></span> <span class='ocrx_word' id='word_1_565' title='bbox 3331 3462 3628 3543; x_wconf 88' lang='lat' dir='ltr'><strong>peccatori</strong></span> <span class='ocrx_word' id='word_1_566' title='bbox 3644 3463 3798 3525; x_wconf 89' lang='lat' dir='ltr'><strong>mihi</strong></span> 
     </span>
    </p>
   </div>
   <div class='ocr_carea' id='block_1_78' title="bbox 2142 3552 3790 3633">
    <p class='ocr_par' dir='ltr' id='par_1_78' title="bbox 2142 3552 3790 3633">
     <span class='ocr_line' id='line_1_78' title="bbox 2142 3552 3790 3633; baseline -0.002 -17"><span class='ocrx_word' id='word_1_567' title='bbox 2142 3555 2265 3617; x_wconf 88' lang='lat' dir='ltr'><strong>noli</strong></span> <span class='ocrx_word' id='word_1_568' title='bbox 2321 3573 2452 3618; x_wconf 90' lang='lat' dir='ltr'><strong>esse</strong></span> <span class='ocrx_word' id='word_1_569' title='bbox 2499 3555 2837 3616; x_wconf 87' lang='lat' dir='ltr'><strong>molestus:</strong></span> <span class='ocrx_word' id='word_1_570' title='bbox 2891 3553 3015 3615; x_wconf 84' lang='lat' dir='ltr'><strong>scio</strong></span> <span class='ocrx_word' id='word_1_571' title='bbox 3067 3552 3252 3633; x_wconf 85' lang='lat' dir='ltr'><strong>enim,</strong></span> <span class='ocrx_word' id='word_1_572' title='bbox 3307 3559 3365 3613; x_wconf 93' lang='lat' dir='ltr'><strong>te</strong></span> <span class='ocrx_word' id='word_1_573' title='bbox 3418 3570 3536 3613; x_wconf 91' lang='lat' dir='ltr'><strong>non</strong></span> <span class='ocrx_word' id='word_1_574' title='bbox 3591 3570 3790 3632; x_wconf 84' lang='lat' dir='ltr'><strong>posse,</strong></span> 
     </span>
    </p>
   </div>
   <div class='ocr_carea' id='block_1_79' title="bbox 2141 3640 3791 3722">
    <p class='ocr_par' dir='ltr' id='par_1_79' title="bbox 2141 3640 3791 3722">
     <span class='ocr_line' id='line_1_79' title="bbox 2141 3640 3791 3722; baseline -0.002 -16"><span class='ocrx_word' id='word_1_575' title='bbox 2141 3645 2262 3706; x_wconf 89' lang='lat' dir='ltr'><strong>imo</strong></span> <span class='ocrx_word' id='word_1_576' title='bbox 2291 3662 2432 3707; x_wconf 92' lang='lat' dir='ltr'><strong>vero</strong></span> <span class='ocrx_word' id='word_1_577' title='bbox 2465 3644 2641 3706; x_wconf 87' lang='lat' dir='ltr'><strong>etiam</strong></span> <span class='ocrx_word' id='word_1_578' title='bbox 2677 3643 2857 3719; x_wconf 92' lang='lat' dir='ltr'><strong>nolle,</strong></span> <span class='ocrx_word' id='word_1_579' title='bbox 2890 3641 3169 3721; x_wconf 84' lang='lat' dir='ltr'><strong>spiritum</strong></span> <span class='ocrx_word' id='word_1_580' title='bbox 3201 3640 3520 3722; x_wconf 89' lang='lat' dir='ltr'><strong>repellere,</strong></span> <span class='ocrx_word' id='word_1_581' title='bbox 3559 3640 3661 3721; x_wconf 91' lang='lat' dir='ltr'><strong>qui</strong></span> <span class='ocrx_word' id='word_1_582' title='bbox 3681 3640 3791 3702; x_wconf 80' lang='lat' dir='ltr'><strong>tibi</strong></span> 
     </span>
    </p>
   </div>
   <div class='ocr_carea' id='block_1_80' title="bbox 2141 3728 3787 3813">
    <p class='ocr_par' dir='ltr' id='par_1_80' title="bbox 2141 3728 3787 3813">
     <span class='ocr_line' id='line_1_80' title="bbox 2141 3728 3787 3813; baseline -0.001 -18"><span class='ocrx_word' id='word_1_583' title='bbox 2141 3735 2299 3796; x_wconf 82' lang='lat' dir='ltr'><strong>taces</strong></span> <span class='ocrx_word' id='word_1_584' title='bbox 2328 3732 2571 3813; x_wconf 88' lang='lat' dir='ltr'><strong>subjicit</strong></span> <span class='ocrx_word' id='word_1_585' title='bbox 2619 3731 2969 3794; x_wconf 90' lang='lat' dir='ltr'><strong>dominandi</strong></span> <span class='ocrx_word' id='word_1_586' title='bbox 2999 3739 3058 3793; x_wconf 92' lang='lat' dir='ltr'><strong>et</strong></span> <span class='ocrx_word' id='word_1_587' title='bbox 3085 3730 3369 3809; x_wconf 85' lang='lat' dir='ltr'><strong>fungendi</strong></span> <span class='ocrx_word' id='word_1_588' title='bbox 3424 3728 3787 3793; x_wconf 88' lang='lat' dir='ltr'><strong>sacerdotio.</strong></span> 
     </span>
    </p>
   </div>
   <div class='ocr_carea' id='block_1_81' title="bbox 2141 3821 3796 3903">
    <p class='ocr_par' dir='ltr' id='par_1_81' title="bbox 2141 3821 3796 3903">
     <span class='ocr_line' id='line_1_81' title="bbox 2141 3821 3796 3903; baseline -0.003 -18"><span class='ocrx_word' id='word_1_589' title='bbox 2141 3823 2254 3886; x_wconf 86' lang='lat' dir='ltr'><strong>Abi</strong></span> <span class='ocrx_word' id='word_1_590' title='bbox 2285 3823 2466 3903; x_wconf 83' lang='lat' dir='ltr'><strong>igitur</strong></span> <span class='ocrx_word' id='word_1_591' title='bbox 2495 3831 2553 3884; x_wconf 90' lang='lat' dir='ltr'><strong>et</strong></span> <span class='ocrx_word' id='word_1_592' title='bbox 2583 3823 2754 3903; x_wconf 87' lang='lat' dir='ltr'><strong>exple</strong></span> <span class='ocrx_word' id='word_1_593' title='bbox 2781 3821 3093 3883; x_wconf 91' lang='lat' dir='ltr'><strong>libidinem</strong></span> <span class='ocrx_word' id='word_1_594' title='bbox 3127 3827 3286 3880; x_wconf 88' lang='lat' dir='ltr'><strong>tuam</strong></span> <span class='ocrx_word' id='word_1_595' title='bbox 3321 3825 3592 3899; x_wconf 88' lang='lat' dir='ltr'><strong>etaptum</strong></span> <span class='ocrx_word' id='word_1_596' title='bbox 3616 3835 3796 3898; x_wconf 91' lang='lat' dir='ltr'><strong>repe-</strong></span> 
     </span>
    </p>
   </div>
   <div class='ocr_carea' id='block_1_82' title="bbox 2141 3906 3799 3984">
    <p class='ocr_par' dir='ltr' id='par_1_82' title="bbox 2141 3906 3799 3984">
     <span class='ocr_line' id='line_1_82' title="bbox 2141 3906 3799 3984; baseline -0.002 -11"><span class='ocrx_word' id='word_1_597' title='bbox 2141 3911 2264 3974; x_wconf 88' lang='lat' dir='ltr'><strong>ries</strong></span> <span class='ocrx_word' id='word_1_598' title='bbox 2313 3910 2734 3974; x_wconf 88' lang='lat' dir='ltr'><strong>diversorium.</strong></span> <span class='ocrx_word' id='word_1_599' title='bbox 2785 3913 3012 3972; x_wconf 88' lang='lat' dir='ltr'><strong>Verum</strong></span> <span class='ocrx_word' id='word_1_600' title='bbox 3059 3909 3248 3970; x_wconf 84' lang='lat' dir='ltr'><strong>frater</strong></span> <span class='ocrx_word' id='word_1_601' title='bbox 3298 3906 3400 3968; x_wconf 91' lang='lat' dir='ltr'><strong>ille</strong></span> <span class='ocrx_word' id='word_1_602' title='bbox 3453 3924 3489 3968; x_wconf 91' lang='lat' dir='ltr'><strong>a</strong></span> <span class='ocrx_word' id='word_1_603' title='bbox 3539 3906 3799 3984; x_wconf 90' lang='lat' dir='ltr'><strong>maligno</strong></span> 
     </span>
    </p>
   </div>
   <div class='ocr_carea' id='block_1_83' title="bbox 408 3993 2053 4086">
    <p class='ocr_par' dir='ltr' id='par_1_83' title="bbox 408 3993 2053 4086">
     <span class='ocr_line' id='line_1_83' title="bbox 408 3993 2053 4086; baseline -0.007 -24"><span class='ocrx_word' id='word_1_604' title='bbox 408 3993 644 4086; x_wconf 54' lang='grc' dir='ltr'>έξααῲεὶς</span> <span class='ocrx_word' id='word_1_605' title='bbox 694 4001 778 4058; x_wconf 77' lang='grc' dir='ltr'><strong>ἐπὶ</strong></span> <span class='ocrx_word' id='word_1_606' title='bbox 835 4008 912 4076; x_wconf 83' lang='grc' dir='ltr'>τῷ</span> <span class='ocrx_word' id='word_1_607' title='bbox 971 4000 1184 4082; x_wconf 75' lang='grc' dir='ltr'>ἐλέγχῳ</span> <span class='ocrx_word' id='word_1_608' title='bbox 1245 4005 1351 4056; x_wconf 83' lang='grc' dir='ltr'><strong>τῶν</strong></span> <span class='ocrx_word' id='word_1_609' title='bbox 1421 3997 1647 4086; x_wconf 59' lang='grc' dir='ltr'>κρυιρίων</span> <span class='ocrx_word' id='word_1_610' title='bbox 1706 3999 1863 4086; x_wconf 64' lang='grc' dir='ltr'>αύτοῦ</span> <span class='ocrx_word' id='word_1_611' title='bbox 1917 3993 2053 4086; x_wconf 45' lang='grc' dir='ltr'>λογιῗ</span> 
     </span>
    </p>
   </div>
   <div class='ocr_carea' id='block_1_84' title="bbox 2137 3993 3793 4086">
    <p class='ocr_par' dir='ltr' id='par_1_84' title="bbox 2145 3994 3793 4086">
     <span class='ocr_line' id='line_1_84' title="bbox 2145 3994 3793 4086; baseline -0.004 -24"><span class='ocrx_word' id='word_1_612' title='bbox 2145 3999 2416 4062; x_wconf 76' lang='lat' dir='ltr'><strong>daemone</strong></span> <span class='ocrx_word' id='word_1_613' title='bbox 2443 3999 2641 4061; x_wconf 88' lang='lat' dir='ltr'><strong>acrius</strong></span> <span class='ocrx_word' id='word_1_614' title='bbox 2665 3999 2965 4075; x_wconf 89' lang='lat' dir='ltr'><strong>incitatus,</strong></span> <span class='ocrx_word' id='word_1_615' title='bbox 3017 3996 3176 4078; x_wconf 92' lang='lat' dir='ltr'><strong>quod</strong></span> <span class='ocrx_word' id='word_1_616' title='bbox 3231 3995 3509 4086; x_wconf 78' lang='lat' dir='ltr'><strong>redargui</strong></span> <span class='ocrx_word' id='word_1_617' title='bbox 3541 3994 3793 4086; x_wconf 80' lang='lat' dir='ltr'><strong>videret,</strong></span> 
     </span>
    </p>
   </div>
   <div class='ocr_carea' id='block_1_85' title="bbox 410 4082 2053 4172">
    <p class='ocr_par' dir='ltr' id='par_1_85' title="bbox 410 4082 2053 4172">
     <span class='ocr_line' id='line_1_85' title="bbox 410 4082 2053 4172; baseline -0.009 -20"><span class='ocrx_word' id='word_1_618' title='bbox 410 4082 588 4170; x_wconf 72' lang='grc' dir='ltr'>σμῶν,</span> <span class='ocrx_word' id='word_1_619' title='bbox 644 4093 798 4172; x_wconf 75' lang='grc' dir='ltr'>φησὶν</span> <span class='ocrx_word' id='word_1_620' title='bbox 852 4089 1190 4170; x_wconf 76' lang='grc' dir='ltr'>ὀργιζόμενος</span> <span class='ocrx_word' id='word_1_621' title='bbox 1235 4089 1376 4168; x_wconf 77' lang='grc' dir='ltr'>,πρὸς</span> <span class='ocrx_word' id='word_1_622' title='bbox 1432 4085 1584 4145; x_wconf 74' lang='grc' dir='ltr'>αὐτόν</span> <span class='ocrx_word' id='word_1_623' title='bbox 1619 4099 1632 4114; x_wconf 84' lang='grc'><strong><em>⁸</em></strong></span> <span class='ocrx_word' id='word_1_624' title='bbox 1691 4083 1792 4147; x_wconf 86' lang='grc' dir='ltr'>Δός</span> <span class='ocrx_word' id='word_1_625' title='bbox 1836 4104 1942 4172; x_wconf 16' lang='grc' dir='ltr'>,μοι</span> <span class='ocrx_word' id='word_1_626' title='bbox 1997 4082 2053 4138; x_wconf 78' lang='grc' dir='ltr'><strong>τᾶ</strong></span> 
     </span>
    </p>
   </div>
   <div class='ocr_carea' id='block_1_86' title="bbox 2137 4082 3793 4172">
    <p class='ocr_par' dir='ltr' id='par_1_86' title="bbox 2147 4083 3793 4172">
     <span class='ocr_line' id='line_1_86' title="bbox 2147 4083 3793 4172; baseline -0.004 -22"><span class='ocrx_word' id='word_1_627' title='bbox 2147 4108 2279 4172; x_wconf 84' lang='lat' dir='ltr'><strong>quae</strong></span> <span class='ocrx_word' id='word_1_628' title='bbox 2309 4091 2558 4151; x_wconf 85' lang='lat' dir='ltr'><strong>latenter</strong></span> <span class='ocrx_word' id='word_1_629' title='bbox 2587 4088 2714 4169; x_wconf 88' lang='lat' dir='ltr'><strong>ipse</strong></span> <span class='ocrx_word' id='word_1_630' title='bbox 2767 4087 3152 4165; x_wconf 86' lang='lat' dir='ltr'><strong>cogitaverat,</strong></span> <span class='ocrx_word' id='word_1_631' title='bbox 3203 4083 3514 4172; x_wconf 86' lang='lat' dir='ltr'><strong>respondit</strong></span> <span class='ocrx_word' id='word_1_632' title='bbox 3546 4083 3749 4172; x_wconf 80' lang='lat' dir='ltr'><strong>iratus</strong></span> <span class='ocrx_word' id='word_1_633' title='bbox 3781 4101 3793 4172; x_wconf 71' lang='grc' dir='ltr'><strong>ς</strong></span> 
     </span>
    </p>
   </div>
   <div class='ocr_carea' id='block_1_87' title="bbox 409 4171 2053 4262">
    <p class='ocr_par' dir='ltr' id='par_1_87' title="bbox 409 4171 2053 4262">
     <span class='ocr_line' id='line_1_87' title="bbox 409 4171 2053 4262; baseline -0.009 -22"><span class='ocrx_word' id='word_1_634' title='bbox 409 4185 529 4262; x_wconf 78' lang='grc' dir='ltr'>τρία</span> <span class='ocrx_word' id='word_1_635' title='bbox 559 4171 666 4259; x_wconf 64' lang='grc' dir='ltr'><strong>μου</strong></span> <span class='ocrx_word' id='word_1_636' title='bbox 691 4180 1015 4256; x_wconf 82' lang='grc' dir='ltr'>νομίσματα,</span> <span class='ocrx_word' id='word_1_637' title='bbox 1078 4180 1166 4234; x_wconf 86' lang='grc' dir='ltr'><strong>καὶ</strong></span> <span class='ocrx_word' id='word_1_638' title='bbox 1214 4175 1526 4256; x_wconf 78' lang='grc' dir='ltr'>πορεύομαι.</span> <span class='ocrx_word' id='word_1_639' title='bbox 1578 4173 1639 4230; x_wconf 89' lang='grc' dir='ltr'><strong>Τί</strong></span> <span class='ocrx_word' id='word_1_640' title='bbox 1679 4173 1800 4262; x_wconf 18' lang='grc' dir='ltr'>γὰρ,</span> <span class='ocrx_word' id='word_1_641' title='bbox 1825 4171 2053 4262; x_wconf 67' lang='grc' dir='ltr'>ἀνάγκην</span> 
     </span>
    </p>
   </div>
   <div class='ocr_carea' id='block_1_88' title="bbox 2137 4171 3799 4262">
    <p class='ocr_par' dir='ltr' id='par_1_88' title="bbox 2145 4171 3799 4262">
     <span class='ocr_line' id='line_1_88' title="bbox 2145 4171 3799 4262; baseline -0.005 -22"><span class='ocrx_word' id='word_1_642' title='bbox 2145 4177 2355 4241; x_wconf 83' lang='lat' dir='ltr'><strong>Redde</strong></span> <span class='ocrx_word' id='word_1_643' title='bbox 2385 4176 2532 4238; x_wconf 90' lang='lat' dir='ltr'><strong>mihi</strong></span> <span class='ocrx_word' id='word_1_644' title='bbox 2565 4179 2680 4239; x_wconf 88' lang='lat' dir='ltr'><strong>tria</strong></span> <span class='ocrx_word' id='word_1_645' title='bbox 2706 4175 2808 4238; x_wconf 90' lang='lat' dir='ltr'><strong>illa</strong></span> <span class='ocrx_word' id='word_1_646' title='bbox 2835 4175 3193 4237; x_wconf 90' lang='lat' dir='ltr'><strong>numismata</strong></span> <span class='ocrx_word' id='word_1_647' title='bbox 3227 4187 3284 4236; x_wconf 86' lang='lat' dir='ltr'><strong>et</strong></span> <span class='ocrx_word' id='word_1_648' title='bbox 3305 4191 3438 4234; x_wconf 86' lang='lat' dir='ltr'><strong>mox</strong></span> <span class='ocrx_word' id='word_1_649' title='bbox 3461 4171 3639 4234; x_wconf 89' lang='lat' dir='ltr'><strong>abibo</strong></span> <span class='ocrx_word' id='word_1_650' title='bbox 3655 4171 3799 4262; x_wconf 87' lang='lat' dir='ltr'><strong>quid</strong></span> 
     </span>
    </p>
   </div>
   <div class='ocr_carea' id='block_1_89' title="bbox 415 4259 2053 4353">
    <p class='ocr_par' dir='ltr' id='par_1_89' title="bbox 415 4259 2053 4353">
     <span class='ocr_line' id='line_1_89' title="bbox 415 4259 2053 4353; baseline -0.009 -23"><span class='ocrx_word' id='word_1_651' title='bbox 415 4259 583 4353; x_wconf 57' lang='grc' dir='ltr'>εἶχοτ</span> <span class='ocrx_word' id='word_1_652' title='bbox 613 4272 720 4350; x_wconf 74' lang='grc' dir='ltr'><strong>ἐγὼ</strong></span> <span class='ocrx_word' id='word_1_653' title='bbox 748 4269 922 4328; x_wconf 78' lang='grc' dir='ltr'>δοῦναι</span> <span class='ocrx_word' id='word_1_654' title='bbox 979 4267 1112 4326; x_wconf 63' lang='grc' dir='ltr'>αὐτὰ</span> <span class='ocrx_word' id='word_1_655' title='bbox 1161 4280 1279 4353; x_wconf 83' lang='grc' dir='ltr'>τοῖς</span> <span class='ocrx_word' id='word_1_656' title='bbox 1323 4275 1599 4353; x_wconf 63' lang='grc' dir='ltr'>πτωχοῖς,</span> <span class='ocrx_word' id='word_1_657' title='bbox 1652 4262 1696 4316; x_wconf 72' lang='grc' dir='ltr'>εἰ</span> <span class='ocrx_word' id='word_1_658' title='bbox 1851 4259 2053 4353; x_wconf 83' lang='grc' dir='ltr'>ἐπειθό-</span> 
     </span>
    </p>
   </div>
   <div class='ocr_carea' id='block_1_90' title="bbox 2137 4259 3790 4353">
    <p class='ocr_par' dir='ltr' id='par_1_90' title="bbox 2147 4261 3790 4345">
     <span class='ocr_line' id='line_1_90' title="bbox 2147 4261 3790 4345; baseline -0.004 -17"><span class='ocrx_word' id='word_1_659' title='bbox 2147 4265 2308 4328; x_wconf 91' lang='lat' dir='ltr'><strong>enim</strong></span> <span class='ocrx_word' id='word_1_660' title='bbox 2339 4265 2588 4344; x_wconf 86' lang='lat' dir='ltr'><strong>cogebat</strong></span> <span class='ocrx_word' id='word_1_661' title='bbox 2618 4284 2733 4341; x_wconf 92' lang='lat' dir='ltr'><strong>me,</strong></span> <span class='ocrx_word' id='word_1_662' title='bbox 2771 4274 2838 4327; x_wconf 92' lang='lat' dir='ltr'><strong>ut</strong></span> <span class='ocrx_word' id='word_1_663' title='bbox 2886 4283 2956 4326; x_wconf 88' lang='lat' dir='ltr'><strong>ea</strong></span> <span class='ocrx_word' id='word_1_664' title='bbox 3004 4262 3365 4345; x_wconf 89' lang='lat' dir='ltr'><strong>pauperibus</strong></span> <span class='ocrx_word' id='word_1_665' title='bbox 3407 4263 3639 4337; x_wconf 91' lang='lat' dir='ltr'><strong>darem,</strong></span> <span class='ocrx_word' id='word_1_666' title='bbox 3675 4261 3790 4323; x_wconf 90' lang='lat' dir='ltr'><strong>nisi</strong></span> 
     </span>
    </p>
   </div>
   <div class='ocr_carea' id='block_1_91' title="bbox 413 4332 2053 4437">
    <p class='ocr_par' dir='ltr' id='par_1_91' title="bbox 413 4332 2053 4437">
     <span class='ocr_line' id='line_1_91' title="bbox 413 4332 2053 4437; baseline -0.007 -21"><span class='ocrx_word' id='word_1_667' title='bbox 579 4332 666 4435; x_wconf 50' lang='grc' dir='ltr'><strong>τῇ.</strong></span> <span class='ocrx_word' id='word_1_668' title='bbox 706 4357 942 4415; x_wconf 85' lang='grc' dir='ltr'>κελεύσει</span> <span class='ocrx_word' id='word_1_669' title='bbox 988 4362 1058 4433; x_wconf 74' lang='grc' dir='ltr'>τῇ</span> <span class='ocrx_word' id='word_1_670' title='bbox 1105 4360 1213 4435; x_wconf 69' lang='grc' dir='ltr'><strong>σῇς</strong></span> <span class='ocrx_word' id='word_1_671' title='bbox 1265 4332 1632 4437; x_wconf 74' lang='grc' dir='ltr'>Ἀποκρίνεται</span> <span class='ocrx_word' id='word_1_672' title='bbox 1696 4348 1883 4412; x_wconf 75' lang='grc' dir='ltr'>εὐθέως</span> <span class='ocrx_word' id='word_1_673' title='bbox 1933 4349 2053 4428; x_wconf 78' lang='grc' dir='ltr'>πρὸς</span> 
     </span>
    </p>
   </div>
   <div class='ocr_carea' id='block_1_92' title="bbox 2137 4332 3801 4437">
    <p class='ocr_par' dir='ltr' id='par_1_92' title="bbox 2142 4332 3801 4435">
     <span class='ocr_line' id='line_1_92' title="bbox 2142 4332 3801 4435; baseline -0.003 -19"><span class='ocrx_word' id='word_1_674' title='bbox 2142 4354 2334 4435; x_wconf 87' lang='lat' dir='ltr'><strong>jussio</strong></span> <span class='ocrx_word' id='word_1_675' title='bbox 2393 4332 2516 4435; x_wconf 62' lang='lat' dir='ltr'><strong>tua,</strong></span> <span class='ocrx_word' id='word_1_676' title='bbox 2576 4355 2672 4416; x_wconf 91' lang='lat' dir='ltr'><strong>cui</strong></span> <span class='ocrx_word' id='word_1_677' title='bbox 2718 4332 2936 4434; x_wconf 80' lang='lat' dir='ltr'><strong>parere</strong></span> <span class='ocrx_word' id='word_1_678' title='bbox 2988 4332 3203 4414; x_wconf 70' lang='lat' dir='ltr'><strong>volui?</strong></span> <span class='ocrx_word' id='word_1_679' title='bbox 3253 4353 3325 4412; x_wconf 87' lang='lat' dir='ltr'><strong>Et</strong></span> <span class='ocrx_word' id='word_1_680' title='bbox 3374 4349 3575 4411; x_wconf 79' lang='lat' dir='ltr'><strong>statim</strong></span> <span class='ocrx_word' id='word_1_681' title='bbox 3623 4332 3801 4412; x_wconf 77' lang='lat' dir='ltr'><strong>Pater</strong></span> 
     </span>
    </p>
   </div>
   <div class='ocr_carea' id='block_1_93' title="bbox 412 4435 2053 4524">
    <p class='ocr_par' dir='ltr' id='par_1_93' title="bbox 412 4435 2053 4524">
     <span class='ocr_line' id='line_1_93' title="bbox 412 4435 2053 4524; baseline -0.011 -15"><span class='ocrx_word' id='word_1_682' title='bbox 412 4435 570 4509; x_wconf 71' lang='grc' dir='ltr'>αύτὸν</span> <span class='ocrx_word' id='word_1_683' title='bbox 603 4451 631 4505; x_wconf 78' lang='grc' dir='ltr'>ὁ</span> <span class='ocrx_word' id='word_1_684' title='bbox 663 4448 842 4524; x_wconf 67' lang='grc' dir='ltr'>Πατήρ</span> <span class='ocrx_word' id='word_1_685' title='bbox 867 4461 882 4474; x_wconf 89' lang='grc'>⁶</span> <span class='ocrx_word' id='word_1_686' title='bbox 918 4443 1124 4522; x_wconf 76' lang='grc' dir='ltr'>Γράψον</span> <span class='ocrx_word' id='word_1_687' title='bbox 1155 4465 1266 4518; x_wconf 88' lang='grc' dir='ltr'>μοι,</span> <span class='ocrx_word' id='word_1_688' title='bbox 1302 4441 1483 4521; x_wconf 79' lang='grc' dir='ltr'>φησὶν,</span> <span class='ocrx_word' id='word_1_689' title='bbox 1528 4435 1740 4518; x_wconf 76' lang='grc' dir='ltr'>ἀδελφέ,</span> <span class='ocrx_word' id='word_1_690' title='bbox 1775 4437 1846 4501; x_wconf 76' lang='grc' dir='ltr'>εἷς</span> <span class='ocrx_word' id='word_1_691' title='bbox 1876 4441 2053 4512; x_wconf 74' lang='grc' dir='ltr'>τμῆμα</span> 
     </span>
    </p>
   </div>
   <div class='ocr_carea' id='block_1_94' title="bbox 2137 4435 3799 4524">
    <p class='ocr_par' dir='ltr' id='par_1_94' title="bbox 2149 4438 3799 4523">
     <span class='ocr_line' id='line_1_94' title="bbox 2149 4438 3799 4523; baseline -0.002 -19"><span class='ocrx_word' id='word_1_692' title='bbox 2149 4443 2220 4504; x_wconf 91' lang='lat' dir='ltr'><strong>ad</strong></span> <span class='ocrx_word' id='word_1_693' title='bbox 2251 4461 2411 4520; x_wconf 89' lang='lat' dir='ltr'><strong>eum,</strong></span> <span class='ocrx_word' id='word_1_694' title='bbox 2446 4441 2680 4518; x_wconf 89' lang='lat' dir='ltr'><strong>Scribe,</strong></span> <span class='ocrx_word' id='word_1_695' title='bbox 2713 4441 2929 4523; x_wconf 89' lang='lat' dir='ltr'><strong>inquit,</strong></span> <span class='ocrx_word' id='word_1_696' title='bbox 2959 4441 3161 4521; x_wconf 89' lang='lat' dir='ltr'><strong>frater,</strong></span> <span class='ocrx_word' id='word_1_697' title='bbox 3216 4438 3361 4501; x_wconf 90' lang='lat' dir='ltr'><strong>mihi</strong></span> <span class='ocrx_word' id='word_1_698' title='bbox 3411 4439 3472 4499; x_wconf 94' lang='lat' dir='ltr'><strong>in</strong></span> <span class='ocrx_word' id='word_1_699' title='bbox 3503 4439 3799 4511; x_wconf 85' lang='lat' dir='ltr'><strong>chartula,</strong></span> 
     </span>
    </p>
   </div>
   <div class='ocr_carea' id='block_1_95' title="bbox 413 4524 2053 4622">
    <p class='ocr_par' dir='ltr' id='par_1_95' title="bbox 413 4524 2053 4622">
     <span class='ocr_line' id='line_1_95' title="bbox 413 4524 2053 4622; baseline -0.015 -24"><span class='ocrx_word' id='word_1_700' title='bbox 413 4539 639 4622; x_wconf 73' lang='grc' dir='ltr'>χαρτίου</span> <span class='ocrx_word' id='word_1_701' title='bbox 693 4545 786 4594; x_wconf 80' lang='grc' dir='ltr'>τοῦ</span> <span class='ocrx_word' id='word_1_702' title='bbox 842 4529 1135 4590; x_wconf 78' lang='grc' dir='ltr'>ἀπολαϐεῖν</span> <span class='ocrx_word' id='word_1_703' title='bbox 1180 4552 1245 4606; x_wconf 91' lang='grc' dir='ltr'>με</span> <span class='ocrx_word' id='word_1_704' title='bbox 1275 4533 1404 4622; x_wconf 37' lang='grc' dir='ltr'><strong>τὸν-</strong></span> <span class='ocrx_word' id='word_1_705' title='bbox 1438 4527 1629 4622; x_wconf 76' lang='grc' dir='ltr'>μισθὸν</span> <span class='ocrx_word' id='word_1_706' title='bbox 1671 4528 1842 4622; x_wconf 52' lang='lat' dir='ltr'><strong>at?th</strong></span> <span class='ocrx_word' id='word_1_707' title='bbox 1890 4524 1942 4622; x_wconf 64' lang='grc' dir='ltr'><strong>έν</strong></span> 
     </span>
    </p>
   </div>
   <div class='ocr_carea' id='block_1_96' title="bbox 2137 4524 3804 4622">
    <p class='ocr_par' dir='ltr' id='par_1_96' title="bbox 2153 4527 3804 4622">
     <span class='ocr_line' id='line_1_96' title="bbox 2153 4527 3804 4622; baseline -0.002 -30"><span class='ocrx_word' id='word_1_708' title='bbox 2153 4532 2278 4594; x_wconf 90' lang='lat' dir='ltr'><strong>fore</strong></span> <span class='ocrx_word' id='word_1_709' title='bbox 2303 4539 2368 4594; x_wconf 89' lang='lat' dir='ltr'><strong>ut</strong></span> <span class='ocrx_word' id='word_1_710' title='bbox 2394 4532 2733 4595; x_wconf 89' lang='lat' dir='ltr'><strong>mercedem</strong></span> <span class='ocrx_word' id='word_1_711' title='bbox 2767 4550 2974 4594; x_wconf 91' lang='lat' dir='ltr'><strong>eorum</strong></span> <span class='ocrx_word' id='word_1_712' title='bbox 3003 4529 3291 4611; x_wconf 87' lang='lat' dir='ltr'><strong>recipiam</strong></span> <span class='ocrx_word' id='word_1_713' title='bbox 3322 4527 3382 4588; x_wconf 94' lang='lat' dir='ltr'><strong>in</strong></span> <span class='ocrx_word' id='word_1_714' title='bbox 3404 4546 3590 4622; x_wconf 70' lang='lat' dir='ltr'><strong>regno</strong></span> <span class='ocrx_word' id='word_1_715' title='bbox 3620 4527 3804 4622; x_wconf 74' lang='lat' dir='ltr'><strong>ccelo~</strong></span> 
     </span>
    </p>
   </div>
   <div class='ocr_carea' id='block_1_97' title="bbox 415 4611 2053 4707">
    <p class='ocr_par' dir='ltr' id='par_1_97' title="bbox 415 4611 2053 4707">
     <span class='ocr_line' id='line_1_97' title="bbox 415 4611 2053 4707; baseline -0.012 -21"><span class='ocrx_word' id='word_1_716' title='bbox 415 4611 664 4707; x_wconf 54' lang='grc' dir='ltr'>ξασιὶείᾳ</span> <span class='ocrx_word' id='word_1_717' title='bbox 717 4631 821 4681; x_wconf 82' lang='grc' dir='ltr'>τῶν</span> <span class='ocrx_word' id='word_1_718' title='bbox 879 4622 1134 4702; x_wconf 67' lang='grc' dir='ltr'>οὐρανῶν,</span> <span class='ocrx_word' id='word_1_719' title='bbox 1205 4621 1293 4676; x_wconf 82' lang='grc' dir='ltr'>καὶ</span> <span class='ocrx_word' id='word_1_720' title='bbox 1361 4617 1447 4680; x_wconf 76' lang='grc' dir='ltr'>θὲς</span> <span class='ocrx_word' id='word_1_721' title='bbox 1520 4615 1645 4672; x_wconf 76' lang='grc' dir='ltr'>αύτὸ</span> <span class='ocrx_word' id='word_1_722' title='bbox 1715 4613 1799 4670; x_wconf 79' lang='grc' dir='ltr'>ἐπὶ</span> <span class='ocrx_word' id='word_1_723' title='bbox 1871 4614 1940 4668; x_wconf 64' lang='grc' dir='ltr'><strong>τὸ</strong></span> <span class='ocrx_word' id='word_1_724' title='bbox 1989 4615 2053 4668; x_wconf 64' lang='grc' dir='ltr'>θυη</span> 
     </span>
    </p>
   </div>
   <div class='ocr_carea' id='block_1_98' title="bbox 2137 4611 3804 4707">
    <p class='ocr_par' dir='ltr' id='par_1_98' title="bbox 2155 4615 3804 4701">
     <span class='ocr_line' id='line_1_98' title="bbox 2155 4615 3804 4701; baseline -0.002 -19"><span class='ocrx_word' id='word_1_725' title='bbox 2155 4639 2313 4696; x_wconf 89' lang='lat' dir='ltr'><strong>rum,</strong></span> <span class='ocrx_word' id='word_1_726' title='bbox 2349 4628 2406 4682; x_wconf 91' lang='lat' dir='ltr'><strong>et</strong></span> <span class='ocrx_word' id='word_1_727' title='bbox 2438 4639 2594 4701; x_wconf 90' lang='lat' dir='ltr'><strong>pone</strong></span> <span class='ocrx_word' id='word_1_728' title='bbox 2624 4621 2811 4701; x_wconf 91' lang='lat' dir='ltr'><strong>ipsam</strong></span> <span class='ocrx_word' id='word_1_729' title='bbox 2845 4638 3026 4701; x_wconf 88' lang='lat' dir='ltr'><strong>super</strong></span> <span class='ocrx_word' id='word_1_730' title='bbox 3072 4619 3255 4682; x_wconf 89' lang='lat' dir='ltr'><strong>altare</strong></span> <span class='ocrx_word' id='word_1_731' title='bbox 3308 4624 3367 4678; x_wconf 90' lang='lat' dir='ltr'><strong>et</strong></span> <span class='ocrx_word' id='word_1_732' title='bbox 3396 4635 3502 4696; x_wconf 88' lang='lat' dir='ltr'><strong>ego</strong></span> <span class='ocrx_word' id='word_1_733' title='bbox 3533 4615 3637 4677; x_wconf 86' lang='lat' dir='ltr'><strong>tibi</strong></span> <span class='ocrx_word' id='word_1_734' title='bbox 3668 4634 3804 4678; x_wconf 84' lang='lat' dir='ltr'><strong>mox</strong></span> 
     </span>
    </p>
   </div>
   <div class='ocr_carea' id='block_1_99' title="bbox 415 4701 2053 4796">
    <p class='ocr_par' dir='ltr' id='par_1_99' title="bbox 415 4701 2053 4796">
     <span class='ocr_line' id='line_1_99' title="bbox 415 4701 2053 4796; baseline -0.012 -21"><span class='ocrx_word' id='word_1_735' title='bbox 415 4701 749 4796; x_wconf 71' lang='grc' dir='ltr'>σιαστήριον,</span> <span class='ocrx_word' id='word_1_736' title='bbox 819 4712 972 4790; x_wconf 82' lang='grc' dir='ltr'>καγὼ</span> <span class='ocrx_word' id='word_1_737' title='bbox 1040 4709 1156 4789; x_wconf 73' lang='grc' dir='ltr'>ἄρτι</span> <span class='ocrx_word' id='word_1_738' title='bbox 1226 4706 1450 4787; x_wconf 82' lang='grc' dir='ltr'>παρέχω</span> <span class='ocrx_word' id='word_1_739' title='bbox 1504 4725 1588 4760; x_wconf 94' lang='grc' dir='ltr'><strong>σοι</strong></span> <span class='ocrx_word' id='word_1_740' title='bbox 1643 4703 1708 4760; x_wconf 80' lang='grc' dir='ltr'><strong>τὰ</strong></span> <span class='ocrx_word' id='word_1_741' title='bbox 1762 4703 1877 4779; x_wconf 86' lang='grc' dir='ltr'>τρία</span> <span class='ocrx_word' id='word_1_742' title='bbox 1935 4701 2053 4776; x_wconf 84' lang='grc' dir='ltr'>νομί</span> 
     </span>
    </p>
   </div>
   <div class='ocr_carea' id='block_1_100' title="bbox 2137 4701 2934 4796">
    <p class='ocr_par' dir='ltr' id='par_1_100' title="bbox 2157 4709 2934 4772">
     <span class='ocr_line' id='line_1_100' title="bbox 2157 4709 2934 4772; baseline -0.003 0"><span class='ocrx_word' id='word_1_743' title='bbox 2157 4709 2378 4772; x_wconf 86' lang='lat' dir='ltr'><strong>solvam</strong></span> <span class='ocrx_word' id='word_1_744' title='bbox 2410 4709 2525 4772; x_wconf 90' lang='lat' dir='ltr'><strong>tria</strong></span> <span class='ocrx_word' id='word_1_745' title='bbox 2555 4710 2934 4772; x_wconf 89' lang='lat' dir='ltr'><strong>numismata.</strong></span> 
     </span>
    </p>
   </div>
   <div class='ocr_carea' id='block_1_101' title="bbox 414 4828 3421 4884">
    <p class='ocr_par' dir='ltr' id='par_1_101' title="bbox 414 4828 3421 4884">
     <span class='ocr_line' id='line_1_101' title="bbox 414 4828 3421 4884; baseline 0.008 -22"><span class='ocrx_word' id='word_1_746' title='bbox 414 4828 621 4884; x_wconf 81' lang='grc' dir='ltr'>σματα,</span> <span class='ocrx_word' id='word_1_747' title='bbox 680 4883 683 4884; x_wconf 14' lang='grc' dir='ltr'><em>ν</em></span> <span class='ocrx_word' id='word_1_748' title='bbox 1223 4883 1233 4884; x_wconf 19' lang='lat'><em>7</em></span> <span class='ocrx_word' id='word_1_749' title='bbox 1468 4881 1477 4884; x_wconf 25' lang='grc' dir='ltr'><strong>Α</strong></span> <span class='ocrx_word' id='word_1_750' title='bbox 1628 4878 1653 4884; x_wconf 85' lang='lat'><strong>__</strong></span> <span class='ocrx_word' id='word_1_751' title='bbox 1781 4875 1847 4884; x_wconf 50' lang='grc' dir='ltr'>,ι</span> <span class='ocrx_word' id='word_1_752' title='bbox 1963 4876 1976 4884; x_wconf 82' lang='grc'><strong>,</strong></span> <span class='ocrx_word' id='word_1_753' title='bbox 2233 4871 2296 4884; x_wconf 57' lang='grc' dir='ltr'>Α.</span> <span class='ocrx_word' id='word_1_754' title='bbox 2369 4870 2435 4884; x_wconf 64' lang='grc' dir='ltr'><strong>ν..</strong></span> <span class='ocrx_word' id='word_1_755' title='bbox 2740 4869 2752 4882; x_wconf 92' lang='grc'><strong>.</strong></span> <span class='ocrx_word' id='word_1_756' title='bbox 2974 4867 2986 4880; x_wconf 93' lang='grc'><strong>.</strong></span> <span class='ocrx_word' id='word_1_757' title='bbox 3256 4867 3270 4884; x_wconf 88' lang='grc'><strong>.</strong></span> 
     </span>
    </p>
   </div>
   <div class='ocr_carea' id='block_1_102' title="bbox 498 4863 2053 4959">
    <p class='ocr_par' dir='ltr' id='par_1_102' title="bbox 498 4863 2053 4959">
     <span class='ocr_line' id='line_1_102' title="bbox 498 4863 2053 4959; baseline -0.012 -8"><span class='ocrx_word' id='word_1_758' title='bbox 498 4863 621 4954; x_wconf 43' lang='grc' dir='ltr'>κατ</span> <span class='ocrx_word' id='word_1_759' title='bbox 672 4883 731 4949; x_wconf 68' lang='grc' dir='ltr'><strong>Ὀ</strong></span> <span class='ocrx_word' id='word_1_760' title='bbox 785 4888 841 4945; x_wconf 75' lang='grc' dir='ltr'><strong>δὲ</strong></span> <span class='ocrx_word' id='word_1_761' title='bbox 895 4886 1060 4946; x_wconf 81' lang='grc' dir='ltr'>θέλων</span> <span class='ocrx_word' id='word_1_762' title='bbox 1117 4883 1351 4957; x_wconf 79' lang='grc' dir='ltr'>ἀπιδεῖν,</span> <span class='ocrx_word' id='word_1_763' title='bbox 1407 4881 1565 4939; x_wconf 84' lang='grc' dir='ltr'>πόθεν</span> <span class='ocrx_word' id='word_1_764' title='bbox 1623 4878 1721 4959; x_wconf 78' lang='grc' dir='ltr'><strong>ἄρα</strong></span> <span class='ocrx_word' id='word_1_765' title='bbox 1777 4875 1868 4956; x_wconf 79' lang='grc' dir='ltr'><strong>ἐξῇ</strong></span> <span class='ocrx_word' id='word_1_766' title='bbox 1923 4876 2053 4952; x_wconf 67' lang='grc' dir='ltr'>αὐτᾷ</span> 
     </span>
    </p>
   </div>
   <div class='ocr_carea' id='block_1_103' title="bbox 2137 4863 3797 4959">
    <p class='ocr_par' dir='ltr' id='par_1_103' title="bbox 2230 4863 3797 4950">
     <span class='ocr_line' id='line_1_103' title="bbox 2230 4863 3797 4950; baseline -0.003 -17"><span class='ocrx_word' id='word_1_767' title='bbox 2230 4871 2331 4935; x_wconf 75' lang='grc'>21.</span> <span class='ocrx_word' id='word_1_768' title='bbox 2369 4870 2474 4933; x_wconf 92' lang='lat' dir='ltr'><strong>Ille</strong></span> <span class='ocrx_word' id='word_1_769' title='bbox 2505 4888 2642 4932; x_wconf 92' lang='lat' dir='ltr'><strong>vero</strong></span> <span class='ocrx_word' id='word_1_770' title='bbox 2669 4869 2826 4932; x_wconf 89' lang='lat' dir='ltr'><strong>scire</strong></span> <span class='ocrx_word' id='word_1_771' title='bbox 2853 4867 3126 4950; x_wconf 89' lang='lat' dir='ltr'><strong>cupiens,</strong></span> <span class='ocrx_word' id='word_1_772' title='bbox 3152 4867 3314 4930; x_wconf 93' lang='lat' dir='ltr'><strong>unde</strong></span> <span class='ocrx_word' id='word_1_773' title='bbox 3339 4866 3424 4928; x_wconf 89' lang='lat' dir='ltr'><strong>illi</strong></span> <span class='ocrx_word' id='word_1_774' title='bbox 3450 4883 3527 4928; x_wconf 90' lang='lat' dir='ltr'><strong>ne</strong></span> <span class='ocrx_word' id='word_1_775' title='bbox 3555 4863 3797 4928; x_wconf 90' lang='lat' dir='ltr'><strong>obulum</strong></span> 
     </span>
    </p>
   </div>
   <div class='ocr_carea' id='block_1_104' title="bbox 419 4955 2053 5063">
    <p class='ocr_par' dir='ltr' id='par_1_104' title="bbox 419 4955 2053 5063">
     <span class='ocr_line' id='line_1_104' title="bbox 419 4955 2053 5063; baseline -0.013 -21"><span class='ocrx_word' id='word_1_776' title='bbox 419 4986 703 5063; x_wconf 81' lang='grc' dir='ltr'>πληρῶσαι</span> <span class='ocrx_word' id='word_1_777' title='bbox 771 4980 832 5035; x_wconf 79' lang='grc' dir='ltr'>τὸ</span> <span class='ocrx_word' id='word_1_778' title='bbox 903 4955 1399 5063; x_wconf 82' lang='grc' dir='ltr'>ἐπαγγηλλόμενον,</span> <span class='ocrx_word' id='word_1_779' title='bbox 1492 4971 1629 5063; x_wconf 43' lang='grc' dir='ltr'>μήτε</span> <span class='ocrx_word' id='word_1_780' title='bbox 1881 4963 2053 5063; x_wconf 40' lang='grc' dir='ltr'>ὀϐολὸγ</span> 
     </span>
    </p>
   </div>
   <div class='ocr_carea' id='block_1_105' title="bbox 2137 4955 3798 5063">
    <p class='ocr_par' dir='ltr' id='par_1_105' title="bbox 2149 4955 3798 5063">
     <span class='ocr_line' id='line_1_105' title="bbox 2149 4955 3798 5063; baseline -0.004 -40"><span class='ocrx_word' id='word_1_781' title='bbox 2149 4961 2391 5061; x_wconf 78' lang='lat' dir='ltr'><strong>quidem</strong></span> <span class='ocrx_word' id='word_1_782' title='bbox 2415 4959 2666 5022; x_wconf 89' lang='lat' dir='ltr'><strong>habenti</strong></span> <span class='ocrx_word' id='word_1_783' title='bbox 2687 4959 2932 5022; x_wconf 87' lang='lat' dir='ltr'><strong>facultas</strong></span> <span class='ocrx_word' id='word_1_784' title='bbox 2953 4965 3297 5058; x_wconf 71' lang='lat' dir='ltr'><strong>suppeteret</strong></span> <span class='ocrx_word' id='word_1_785' title='bbox 3327 4955 3638 5063; x_wconf 52' lang='lat' dir='ltr'><strong>implendi.</strong></span> <span class='ocrx_word' id='word_1_786' title='bbox 3653 4974 3798 5036; x_wconf 90' lang='lat' dir='ltr'><strong>pro-</strong></span> 
     </span>
    </p>
   </div>
   <div class='ocr_carea' id='block_1_106' title="bbox 418 5043 2053 5154">
    <p class='ocr_par' dir='ltr' id='par_1_106' title="bbox 418 5043 2053 5154">
     <span class='ocr_line' id='line_1_106' title="bbox 418 5043 2053 5154; baseline -0.013 -24"><span class='ocrx_word' id='word_1_787' title='bbox 418 5043 629 5154; x_wconf 57' lang='grc' dir='ltr'>ἕχούτι,</span> <span class='ocrx_word' id='word_1_788' title='bbox 698 5067 797 5142; x_wconf 73' lang='grc' dir='ltr'>ἰδία</span> <span class='ocrx_word' id='word_1_789' title='bbox 865 5043 1032 5148; x_wconf 46' lang='grc' dir='ltr'><strong>χειρὶ,</strong></span> <span class='ocrx_word' id='word_1_790' title='bbox 1057 5043 1123 5121; x_wconf 65' lang='grc' dir='ltr'><strong>τὸ</strong></span> <span class='ocrx_word' id='word_1_791' title='bbox 1192 5061 1465 5154; x_wconf 63' lang='grc' dir='ltr'>κελευσθὲν</span> <span class='ocrx_word' id='word_1_792' title='bbox 1541 5055 1918 5154; x_wconf 69' lang='grc' dir='ltr'>ἀπεπλήρωσε,</span> <span class='ocrx_word' id='word_1_793' title='bbox 1953 5057 2053 5154; x_wconf 39' lang='grc' dir='ltr'><strong>,κα</strong></span> 
     </span>
    </p>
   </div>
   <div class='ocr_carea' id='block_1_107' title="bbox 2137 5043 3805 5154">
    <p class='ocr_par' dir='ltr' id='par_1_107' title="bbox 2152 5043 3805 5127">
     <span class='ocr_line' id='line_1_107' title="bbox 2152 5043 3805 5127; baseline -0.004 -17"><span class='ocrx_word' id='word_1_794' title='bbox 2152 5050 2422 5125; x_wconf 91' lang='lat' dir='ltr'><strong>missum,</strong></span> <span class='ocrx_word' id='word_1_795' title='bbox 2500 5066 2608 5110; x_wconf 92' lang='lat' dir='ltr'><strong>sua</strong></span> <span class='ocrx_word' id='word_1_796' title='bbox 2668 5067 2846 5109; x_wconf 90' lang='lat' dir='ltr'><strong>manu</strong></span> <span class='ocrx_word' id='word_1_797' title='bbox 2905 5047 3166 5127; x_wconf 88' lang='lat' dir='ltr'><strong>scripsit,</strong></span> <span class='ocrx_word' id='word_1_798' title='bbox 3227 5045 3384 5127; x_wconf 89' lang='lat' dir='ltr'><strong>quod</strong></span> <span class='ocrx_word' id='word_1_799' title='bbox 3446 5043 3805 5126; x_wconf 89' lang='lat' dir='ltr'><strong>postulatum</strong></span> 
     </span>
    </p>
   </div>
   <div class='ocr_carea' id='block_1_108' title="bbox 416 5119 2053 5237">
    <p class='ocr_par' dir='ltr' id='par_1_108' title="bbox 416 5119 2053 5237">
     <span class='ocr_line' id='line_1_108' title="bbox 416 5119 2053 5237; baseline 0.01 -23"><span class='ocrx_word' id='word_1_800' title='bbox 416 5119 908 5237; x_wconf 46' lang='grc' dir='ltr'><strong>ἔξυὼσιαστηρέιζ</strong></span> <span class='ocrx_word' id='word_1_801' title='bbox 950 5119 1227 5220; x_wconf 71' lang='grc' dir='ltr'>έπέθηκεν.</span> <span class='ocrx_word' id='word_1_802' title='bbox 1287 5151 1386 5208; x_wconf 73' lang='grc' dir='ltr'><strong>Καὶ</strong></span> <span class='ocrx_word' id='word_1_803' title='bbox 1427 5147 1492 5217; x_wconf 80' lang='grc' dir='ltr'>δὴ</span> <span class='ocrx_word' id='word_1_804' title='bbox 1534 5119 1855 5237; x_wconf 45' lang='grc' dir='ltr'>παραλῗὲὼν</span> <span class='ocrx_word' id='word_1_805' title='bbox 1902 5119 2053 5237; x_wconf 53' lang='grc' dir='ltr'><strong>,αὺτᾷ</strong></span> 
     </span>
    </p>
   </div>
   <div class='ocr_carea' id='block_1_109' title="bbox 2137 5119 3808 5237">
    <p class='ocr_par' dir='ltr' id='par_1_109' title="bbox 2153 5119 3808 5237">
     <span class='ocr_line' id='line_1_109' title="bbox 2153 5119 3808 5237; baseline -0.004 -37"><span class='ocrx_word' id='word_1_806' title='bbox 2153 5147 2299 5216; x_wconf 86' lang='lat' dir='ltr'><strong>erat,</strong></span> <span class='ocrx_word' id='word_1_807' title='bbox 2333 5145 2390 5200; x_wconf 84' lang='lat' dir='ltr'><strong>et</strong></span> <span class='ocrx_word' id='word_1_808' title='bbox 2408 5119 2707 5237; x_wconf 41' lang='lat' dir='ltr'><strong>chartam.</strong></span> <span class='ocrx_word' id='word_1_809' title='bbox 2737 5152 2918 5236; x_wconf 66' lang='lat' dir='ltr'><strong>super</strong></span> <span class='ocrx_word' id='word_1_810' title='bbox 2964 5119 3159 5237; x_wconf 30' lang='lat' dir='ltr'><strong>alt—“are-</strong></span> <span class='ocrx_word' id='word_1_811' title='bbox 3200 5119 3420 5237; x_wconf 64' lang='lat' dir='ltr'><strong>postiit.</strong></span> <span class='ocrx_word' id='word_1_812' title='bbox 3446 5119 3604 5206; x_wconf 44' lang='lat' dir='ltr'><strong>-Qua</strong></span> <span class='ocrx_word' id='word_1_813' title='bbox 3635 5131 3808 5194; x_wconf 88' lang='lat' dir='ltr'><strong>Pater</strong></span> 
     </span>
    </p>
   </div>
   <div class='ocr_carea' id='block_1_110' title="bbox 413 5213 2053 5329">
    <p class='ocr_par' dir='ltr' id='par_1_110' title="bbox 413 5213 2053 5329">
     <span class='ocr_line' id='line_1_110' title="bbox 413 5213 2053 5329; baseline -0.012 -19"><span class='ocrx_word' id='word_1_814' title='bbox 413 5213 496 5311; x_wconf 54' lang='lat' dir='ltr'><strong>{IT</strong></span> <span class='ocrx_word' id='word_1_815' title='bbox 494 5251 674 5329; x_wconf 79' lang='grc' dir='ltr'><strong>Πατὴρ</strong></span> <span class='ocrx_word' id='word_1_816' title='bbox 719 5213 1041 5327; x_wconf 56' lang='grc' dir='ltr'>καζέρχεται</span> <span class='ocrx_word' id='word_1_817' title='bbox 1095 5244 1227 5323; x_wconf 77' lang='grc' dir='ltr'>πρὸς</span> <span class='ocrx_word' id='word_1_818' title='bbox 1276 5243 1336 5296; x_wconf 82' lang='grc' dir='ltr'><strong>τὸ</strong></span> <span class='ocrx_word' id='word_1_819' title='bbox 1393 5245 1485 5296; x_wconf 77' lang='grc' dir='ltr'>τοῦ</span> <span class='ocrx_word' id='word_1_820' title='bbox 1530 5213 1840 5294; x_wconf 73' lang='grc' dir='ltr'>καστελλίου</span> <span class='ocrx_word' id='word_1_821' title='bbox 1896 5233 2053 5329; x_wconf 59' lang='grc' dir='ltr'>κοινό·</span> 
     </span>
    </p>
   </div>
   <div class='ocr_carea' id='block_1_111' title="bbox 2137 5213 3807 5329">
    <p class='ocr_par' dir='ltr' id='par_1_111' title="bbox 2149 5213 3807 5329">
     <span class='ocr_line' id='line_1_111' title="bbox 2149 5213 3807 5329; baseline -0.003 -40"><span class='ocrx_word' id='word_1_822' title='bbox 2149 5213 2393 5329; x_wconf 77' lang='lat' dir='ltr'><strong>accepta</strong></span> <span class='ocrx_word' id='word_1_823' title='bbox 2424 5225 2738 5290; x_wconf 89' lang='lat' dir='ltr'><strong>descendit</strong></span> <span class='ocrx_word' id='word_1_824' title='bbox 2766 5213 2830 5286; x_wconf 85' lang='lat' dir='ltr'><strong>in</strong></span> <span class='ocrx_word' id='word_1_825' title='bbox 2858 5223 3086 5287; x_wconf 90' lang='lat' dir='ltr'><strong>castelli</strong></span> <span class='ocrx_word' id='word_1_826' title='bbox 3135 5213 3572 5329; x_wconf 36' lang='lat' dir='ltr'><strong>epinobiumoet</strong></span> <span class='ocrx_word' id='word_1_827' title='bbox 3602 5231 3807 5329; x_wconf 67' lang='lat' dir='ltr'><strong>mutuo</strong></span> 
     </span>
    </p>
   </div>
   <div class='ocr_carea' id='block_1_112' title="bbox 410 5312 2053 5409">
    <p class='ocr_par' dir='ltr' id='par_1_112' title="bbox 410 5312 2053 5409">
     <span class='ocr_line' id='line_1_112' title="bbox 410 5312 2053 5409; baseline -0.011 -11"><span class='ocrx_word' id='word_1_828' title='bbox 410 5340 532 5399; x_wconf 83' lang='grc' dir='ltr'>ϐιον</span> <span class='ocrx_word' id='word_1_829' title='bbox 561 5355 575 5369; x_wconf 90' lang='grc'><strong>⁹</strong></span> <span class='ocrx_word' id='word_1_830' title='bbox 633 5312 1307 5407; x_wconf 33' lang='grc' dir='ltr'>κάκεῖθενινδανεισᾶμενος</span> <span class='ocrx_word' id='word_1_831' title='bbox 1355 5329 1471 5409; x_wconf 86' lang='grc' dir='ltr'>τρία</span> <span class='ocrx_word' id='word_1_832' title='bbox 1536 5325 1858 5402; x_wconf 81' lang='grc' dir='ltr'>νομίσματα,</span> <span class='ocrx_word' id='word_1_833' title='bbox 1908 5320 2053 5380; x_wconf 82' lang='grc' dir='ltr'>δέδω·</span> 
     </span>
    </p>
   </div>
   <div class='ocr_carea' id='block_1_113' title="bbox 2137 5312 3801 5409">
    <p class='ocr_par' dir='ltr' id='par_1_113' title="bbox 2146 5312 3801 5409">
     <span class='ocr_line' id='line_1_113' title="bbox 2146 5312 3801 5409; baseline -0.003 -30"><span class='ocrx_word' id='word_1_834' title='bbox 2146 5317 2287 5409; x_wconf 86' lang='lat' dir='ltr'><strong>inde</strong></span> <span class='ocrx_word' id='word_1_835' title='bbox 2319 5325 2553 5409; x_wconf 83' lang='lat' dir='ltr'><strong>sumpta</strong></span> <span class='ocrx_word' id='word_1_836' title='bbox 2599 5317 2713 5379; x_wconf 90' lang='lat' dir='ltr'><strong>tria</strong></span> <span class='ocrx_word' id='word_1_837' title='bbox 2762 5316 3118 5409; x_wconf 82' lang='lat' dir='ltr'><strong>numismata</strong></span> <span class='ocrx_word' id='word_1_838' title='bbox 3162 5313 3330 5409; x_wconf 79' lang='lat' dir='ltr'><strong>fratri</strong></span> <span class='ocrx_word' id='word_1_839' title='bbox 3377 5313 3583 5409; x_wconf 71' lang='lat' dir='ltr'><strong>amice</strong></span> <span class='ocrx_word' id='word_1_840' title='bbox 3603 5312 3801 5409; x_wconf 82' lang='lat' dir='ltr'><strong>dedit.</strong></span> 
     </span>
    </p>
   </div>
   <div class='ocr_carea' id='block_1_114' title="bbox 410 5401 2053 5502">
    <p class='ocr_par' dir='ltr' id='par_1_114' title="bbox 410 5401 2053 5502">
     <span class='ocr_line' id='line_1_114' title="bbox 410 5401 2053 5502; baseline -0.012 -15"><span class='ocrx_word' id='word_1_841' title='bbox 410 5452 509 5489; x_wconf 84' lang='grc' dir='ltr'><strong>κεν</strong></span> <span class='ocrx_word' id='word_1_842' title='bbox 553 5429 683 5488; x_wconf 75' lang='grc' dir='ltr'>αὖτὰ</span> <span class='ocrx_word' id='word_1_843' title='bbox 731 5426 868 5502; x_wconf 77' lang='grc' dir='ltr'>μετὰ</span> <span class='ocrx_word' id='word_1_844' title='bbox 915 5422 1131 5501; x_wconf 79' lang='grc' dir='ltr'>ἀγάπης</span> <span class='ocrx_word' id='word_1_845' title='bbox 1152 5401 1162 5407; x_wconf 45' lang='grc'><em>’</em></span> <span class='ocrx_word' id='word_1_846' title='bbox 1182 5427 1259 5495; x_wconf 85' lang='grc' dir='ltr'><strong>τῷ</strong></span> <span class='ocrx_word' id='word_1_847' title='bbox 1304 5401 1536 5496; x_wconf 73' lang='grc' dir='ltr'>ἀδελφῷ.</span> <span class='ocrx_word' id='word_1_848' title='bbox 1595 5413 1854 5477; x_wconf 80' lang='grc' dir='ltr'>Κάκεῖνος</span> <span class='ocrx_word' id='word_1_849' title='bbox 1907 5409 2053 5478; x_wconf 83' lang='grc' dir='ltr'><strong>δεξά-</strong></span> 
     </span>
    </p>
   </div>
   <div class='ocr_carea' id='block_1_115' title="bbox 2137 5401 3792 5502">
    <p class='ocr_par' dir='ltr' id='par_1_115' title="bbox 2144 5401 3792 5488">
     <span class='ocr_line' id='line_1_115' title="bbox 2144 5401 3792 5488; baseline -0.004 -18"><span class='ocrx_word' id='word_1_850' title='bbox 2144 5406 2392 5488; x_wconf 80' lang='lat' dir='ltr'><strong>Accepit</strong></span> <span class='ocrx_word' id='word_1_851' title='bbox 2412 5406 2463 5468; x_wconf 87' lang='lat' dir='ltr'><strong>is</strong></span> <span class='ocrx_word' id='word_1_852' title='bbox 2496 5414 2554 5469; x_wconf 89' lang='lat' dir='ltr'><strong>et</strong></span> <span class='ocrx_word' id='word_1_853' title='bbox 2580 5405 2829 5470; x_wconf 89' lang='lat' dir='ltr'><strong>recessit</strong></span> <span class='ocrx_word' id='word_1_854' title='bbox 2861 5414 2919 5468; x_wconf 91' lang='lat' dir='ltr'><strong>et</strong></span> <span class='ocrx_word' id='word_1_855' title='bbox 2946 5404 3228 5467; x_wconf 88' lang='lat' dir='ltr'><strong>voluntati</strong></span> <span class='ocrx_word' id='word_1_856' title='bbox 3258 5421 3380 5466; x_wconf 84' lang='lat' dir='ltr'><strong>suae</strong></span> <span class='ocrx_word' id='word_1_857' title='bbox 3412 5401 3792 5466; x_wconf 87' lang='lat' dir='ltr'><strong>satisfaciens</strong></span> 
     </span>
    </p>
   </div>
   <div class='ocr_carea' id='block_1_116' title="bbox 486 5617 1013 5698">
    <p class='ocr_par' dir='ltr' id='par_1_116' title="bbox 486 5617 1013 5698">
     <span class='ocr_line' id='line_1_116' title="bbox 486 5617 1013 5698; baseline -0.017 -9"><span class='ocrx_word' id='word_1_858' title='bbox 486 5623 546 5678; x_wconf 70' lang='grc' dir='ltr'>ὀ</span> <span class='ocrx_word' id='word_1_859' title='bbox 575 5621 789 5688; x_wconf 79' lang='lat' dir='ltr'><strong>Matth.</strong></span> <span class='ocrx_word' id='word_1_860' title='bbox 815 5635 873 5698; x_wconf 84' lang='grc' dir='ltr'><strong>ν,</strong></span> <span class='ocrx_word' id='word_1_861' title='bbox 913 5617 1013 5684; x_wconf 80' lang='lat'><strong>22.</strong></span> 
     </span>
    </p>
   </div>
  </div>
