4182 6420
405 325 475 391 δι
1909 311 2062 376 ΑΝΟ

2146 310 2266 374 ἵΜῙ
3698 304 3779 368 52

404 456 526 538 egit
557 454 842 538 quidquid
874 452 989 517 sibi
1009 452 1184 516 Pater
1212 449 1582 532 pmdixerat,
1601 537 1608 538 ί
1626 456 1684 510 et
1712 446 1885 529 paulo
1911 451 2062 529 post.

2146 466 2283 510 ιενος
2353 446 2719 527 ἀνεχώρησεν,
2794 449 2883 504 καὶ
2944 446 3300 526 πεπλήρωκεν
3356 444 3625 508 ἰδιοτελῶς
3682 440 3782 497 ὅσα

408 532 679 608 moritur.
713 532 963 608 Sanctus
991 560 1130 603 vero
1175 548 1343 621 pater
1389 539 1557 601 Nilus
1595 537 1656 598 in
1710 555 1873 599 suam
1908 553 2048 617 spe-

2146 548 2400 615 προεϊπεν
2429 540 2573 621 αὐτῷ
2603 538 2631 593 6
2662 535 2867 615 Πατὴρ,
2921 537 3011 592 καὶ
3061 533 3179 611 μετ’
3226 532 3407 612 ὀλιγὸν
3457 534 3661 621 καιρὸν
3687 550 3782 585 τε-

405 634 641 696 luncam
672 650 970 705 reversus,
1005 616 1341 710 sedensque
1382 628 1444 689 in
1492 626 1775 708 patientia
1805 636 1865 687 et
1898 625 2051 687 tole-

2146 623 2474 691 τελεύτηκεν,
2546 616 2603 684 Ὀ
2663 623 2718 681 δὲ
2773 623 2916 688 ὅσιος
2968 624 3152 703 Πατῆρ
3198 625 3352 699 ἡμῶν
3402 620 3595 683 Νεῖλος
3646 620 3782 710 ὓπο-

406 723 596 785 rantia
656 722 862 796 multa,
924 720 1078 781 intra
1128 705 1348 799 paucos
1404 705 1533 780 dies
1582 715 1694 776 tria
1740 712 2058 792 exscripsit

2146 713 2367 793 σρτέψας
2437 713 2491 769 ἐν
2563 721 2640 789 τῷ
2709 713 2958 789 σπηλαίῳ
3026 714 3206 788 αὐτοῦ,
3266 714 3356 770 καὶ
3408 709 3675 771 καθεσθεὶς
3730 705 3784 761 ἐν

406 810 696 875 Psalteria
726 810 936 890 (fertur
966 810 1123 869 enim
1167 806 1229 867 in
1273 804 1503 885 singula
1535 815 1791 882 quatuor
1819 801 2051 862 insum-

2146 803 2384 880 ὕπομονῆ
2438 804 2527 860 καὶ
2581 804 2828 883 καρτερίᾳ
2875 802 3072 880 πολλῆ,
3141 801 3285 866 ἐντὸς
3333 800 3527 890 ὀλίγων
3573 800 3786 875 ἡμερῶν

409 899 609 977 psisse
637 886 789 979 dies)
824 905 882 959 et
912 896 1066 958 liber
1095 914 1130 957 a
1158 894 1356 957 debito
1379 892 1614 968 mansit,
1636 891 1794 973 quod
1817 897 2058 972 propter

2146 892 2257 979 τρία
2336 890 2607 971 ψαλτήρια
2676 892 2953 971 γεγραφώς
2986 909 3000 927 ⁸
3072 892 3193 949 τότε
3263 891 3375 979 γὰρ.
3430 886 3641 967 λέγεται
3667 902 3791 979 ’πε-

410 974 629 1050 Christi
660 974 1016 1068 praéceptum
1051 991 1448 1047 contraxerat.
1495 982 1570 1043 At
1596 999 1733 1042 vero
1758 981 2055 1060 justorum

2146 978 2479 1059 πληρωκέναι
2550 982 2603 1039 ἓν
2675 980 2896 1037 ἕκαστον
2964 979 3016 1046 ἐξ
3099 985 3269 1039 αὐτῶν
3358 977 3442 1034 διὰ
3522 974 3789 1053 τεσσάρων

407 1075 598 1137 hostis
648 1063 873 1136 victum
913 1092 979 1136 se
1029 1081 1508 1154 prostratumque
1559 1087 1814 1131 cernens
1868 1086 1901 1129 a
1931 1068 2055 1128 viro

2146 1069 2351 1148 ἡμερῶν
2388 1089 2404 1106 ο
2462 1067 2616 1135 ἐλύθη
2662 1075 2754 1125 τοῦ
2802 1068 2993 1149 χρέους
3043 1078 3135 1128 τοῦ
3175 1067 3260 1125 διὰ
3301 1067 3400 1127 τὴν
3449 1063 3669 1131 ἐντολὴν
3697 1070 3792 1119 τοῦ

403 1162 565 1242 justo
596 1162 658 1223 in
682 1161 929 1241 singulis
951 1150 1392 1240 congressibus,
1411 1150 1648 1219 luctum
1690 1155 1761 1218 ab
1785 1154 2057 1216 interiori

2146 1162 2391 1234 Χριστοῦ.
2430 1153 2578 1213 Ἰδὼν
2608 1156 2696 1213 οὖν
2728 1158 2755 1212 6
2785 1162 2890 1213 τῶν
2943 1154 3155 1242 δικαίων
3202 1155 3420 1236 ἐχθρὸς,
3452 1153 3532 1211 ὅτ.
3562 1151 3615 1242 ἐν
3644 1150 3790 1242 πάσῃ

409 1237 655 1314 homine
676 1237 974 1314 transtulit
994 1237 1450 1312 advexteriorem
1478 1257 1535 1310 et
1557 1247 1807 1309 summis
1826 1244 2052 1307 dolori-

2146 1242 2417 1322 προσϐολῇ
2462 1245 2687 1312 ἡττᾶται
2728 1245 2817 1300 καὶ
2869 1241 3260 1311 καταϐέϐληται
3306 1245 3409 1299 ὑπὸ
3455 1250 3549 1300 τοῦ
3594 1237 3792 1295 δικαίου

410 1337 526 1400 bus
553 1346 611 1402 et
640 1339 865 1401 morbis
896 1338 1162 1419 corporis
1192 1355 1328 1402 eum
1360 1344 1567 1417 petere
1601 1334 1966 1415 aggreditur,
2001 1341 2062 1394 ut

2146 1329 2353 1410 ἀνδρὸς,
2391 1333 2700 1409 μετατίθησι
2725 1332 2823 1400 τὴν
2876 1330 3053 1399 πάλην
3102 1332 3208 1390 ἀπὸ
3254 1340 3346 1390 τοῦ
3391 1330 3536 1393 ἐντὸς
3565 1327 3791 1419 μάνθριίξ-

413 1427 623 1491 saltem
646 1436 919 1489 avocaret
939 1445 973 1488 a
994 1415 1340 1507 quotidiano
1360 1415 1691 1486 ministerio
1726 1431 1784 1484 et
1821 1422 2062 1484 inimica

2146 1441 2248 1475 που
2298 1419 2411 1507 ἐπὶ-
2439 1422 2530 1477 τὸν
2580 1420 2753 1497 ἐκτὸς,
2806 1423 2894 1478 καὶ
2940 1420 3164 1501 ἔρχεται
3216 1418 3468 1490 πλήττειν
3524 1417 3690 1507 αὐτὸνΔ
3738 1415 3793 1470 ἐν

414 1514 531 1576 sibi
551 1523 843 1595 oratione,
869 1533 986 1596 qua
1009 1503 1178 1576 mens
1209 1514 1286 1576 ad
1317 1513 1582 1576 coelestia
1605 1512 1889 1593 pervolat.
1914 1509 2062 1583 Quid

2148 1508 2331 1571 πόνοις
2394 1505 2614 1589 δεινοῖς,
2685 1510 2773 1564 καὶ
2842 1508 3152 1587 ἆῤῥωστίαις
3222 1519 3582 1583 σωματικαῖς,
3655 1503 3793 1560 ὥστε

416 1621 556 1683 ergo
588 1593 959 1665 machinatur
987 1603 1049 1664 in
1079 1602 1320 1684 ipsum?
1366 1602 1619 1665 Maximo
1664 1608 1924 1681 tumore,
1954 1598 2062 1660 do-

2149 1594 2245 1653 κᾶν
2306 1594 2585 1672 ἐμποδίσαι
2643 1599 2797 1656 αὐτὸν
2844 1598 2951 1654 ἀπὸ
3001 1602 3097 1665 τῆς
3147 1601 3506 1676 καθημερινῆς
3551 1593 3793 1684 λειτουρ-

413 1681 663 1772 Ιοιῖοιιυε
714 1690 1078 1755 intolerabili
1107 1681 1292 1753 'vocis
1363 1708 1583 1770 organa
1641 1690 2062 1770 comprimens,

2153 1685 2279 1762 γίας
2335 1687 2516 1764 αὐτοῦ,
2571 1687 2658 1742 καὶ
2709 1691 2805 1752 τῆς
2852 1684 3236 1766 οὖρανοδρόμου
3279 1688 3367 1742 καὶ
3412 1684 3606 1765 ἐχθρᾶς
3654 1681 3796 1756 αὒτῷ

408 1769 772 1843 νοοὶέιιειιιη
805 1779 892 1841 illi
938 1778 1177 1859 penitus
1219 1769 1483 1859 abstulit,
1536 1789 1596 1841 et
1626 1769 1831 1858 jacere
1864 1778 2059 1857 coegit

2150 1778 2480 1859 προσευχῆς.
2554 1774 2615 1832 Τί
2683 1772 2772 1831 οὖν
2844 1781 3155 1855 μηχανᾶται
3225 1775 3343 1853 περὶ
3395 1774 3592 1852 αὒτὸνς
3654 1769 3799 1848 δ’γκῳ

415 1876 699 1935 consueto
730 1866 865 1929 cibo
895 1858 1293 1930 abstinentem
1323 1889 1338 1950 ;
1380 1875 1438 1929 et
1464 1858 1527 1928 in
1556 1868 1669 1930 hoc
1700 1874 1899 1928 tamen
1926 1867 2057 1947 ipso

2146 1858 2438 1950 δεινοτάτῳ
2514 1861 2604 1950 καὶ
2671 1862 2923 1950 ἆφορήτῳ
2991 1864 3139 1937 πόνῳ
3202 1860 3497 1943 περιλαϐὼν
3567 1861 3630 1917 τά
3680 1859 3797 1950 τὴν

414 1960 598 2021 multo
633 1955 820 2036 magis
848 1948 1331 2018 confundebatur‘
1372 1955 1555 2017 hostis
1584 1962 1642 2017 et
1683 1954 2054 2018 vincebatur.

2146 1949 2324 2029 φωνὴν
2391 1949 2753 2007 ἀποτελοῦντα
2823 1948 3023 2031 ὄργανα
3078 1951 3238 2009 αὐτοῦ
3291 1953 3580 2018 πεποίηκεν
3642 1948 3797 2005 αὐτὸν

414 2046 542 2121 Quo
573 2035 955 2123 enim’magis
984 2044 1385 2125 praepediebat
1410 2044 1512 2106 ille
1531 2045 1790 2123 linguam
1817 2042 2060 2124 psalmis

2146 2035 2347 2116 ἄφωνον
2441 2042 2791 2095 κατακεῖσθαι
2874 2038 3151 2103 παντελῶς
3237 2041 3327 2096 καὶ
3394 2036 3629 2118 ἄϐρωτον
3697 2042 3795 2101 τῆς

413 2123 1046 2215 ethymnisassuetam,
1065 2123 1135 2195 eo
1161 2133 1312 2195 alius
1342 2134 1474 2213 ipse
1506 2142 1766 2195 mentem
1799 2123 2062 2195 elevabat

2146 2127 2397 2219 συνήθους
2467 2132 2668 2207 τροφῆς
2705 2143 2719 2158 ⁶
2791 2126 2910 2184 ἀλλ’
2980 2128 3127 2204 ὅμως
3182 2129 3268 2185 καὶ
3324 2128 3378 2185 ἐν
3433 2128 3604 2199 τούτῳ
3634 2123 3797 2219 μπολυ

410 2223 487 2287 ad
516 2214 731 2303 Deum,
764 2224 1005 2303 Deoque
1034 2229 1196 2300 grata
1247 2230 1306 2285 et
1354 2222 1664 2301 magniﬁca
1695 2224 2061 2302 contempla-

2146 2214 2306 2272 πλέον
2336 2216 2604 2296 ᾐσχύνετο
2634 2218 2721 2273 καὶ
2750 2218 2947 2285 ἡττᾶτο
2997 2221 3025 2275 6
3072 2215 3323 2294 πολέμιος
3364 2216 3576 2296 ἐχθρός,
3635 2214 3795 2272 Ὀσον

406 2311 574 2373 tione
603 2302 919 2373 fruebatur
950 2309 1083 2370 sine
1112 2309 1235 2371 ulla
1265 2310 1482 2371 mentis
1504 2309 1900 2388 divagatione.
1940 2307 2060 2372 Sed

2146 2304 2250 2383 γὰρ
2307 2303 2513 2367 ἐκεῖνος
2573 2304 2821 2362 ἀπέκλειε
2873 2307 2971 2373 τὴν
3024 2304 3368 2383 ψαλμολόγον
3423 2307 3511 2361 καὶ
3558 2302 3796 2383 ὑμνοφό-

413 2418 492 2462 ne
525 2400 683 2461 fame
739 2398 969 2480 periret
1018 2405 1076 2460 et
1122 2398 1366 2459 omnino
1415 2398 1720 2474 deficeret,
1755 2416 1906 2479 aqua
1938 2396 2060 2459 sic-

411 2507 548 2639 ;um
579 2506 794 2570 panem
824 2489 1174 2551 humectans
1230 2494 1290 2550 et
1337 2485 1543 2563 frians,
1578 2487 1755 2550 diaeta
1787 2487 1898 2549 hac
1928 2493 2063 2550 ute-

454 2584 606 2640 atur.

2145 2412 2234 2462 ρον
2286 2393 2495 2472 φωνὴν,
2554 2403 2803 2453 τοσοῦτον
2854 2394 3010 2458 αὐτὸς
3060 2396 3156 2464 τήν
3210 2391 3442 2451 διάνοιαν
3488 2391 3622 2467 ὕψου
3669 2392 3798 2469 πρὸς

2149 2482 2244 2537 τὸν
2304 2482 2458 2561 θεὸν,
2516 2483 2605 2539 καὶ
2676 2482 2926 2563 ἐνετρύφα
2980 2483 3559 2563 ἀπερισπάστως-,ταῖς
3609 2479 3796 2558 θεαρέ-
3870 2484 3873 2485 ⁷

2146 2590 2295 2632 στοις
2525 2554 2981 2650 μεγαλοπρεπέσιν
3062 2554 3305 2636 ἐννοίαις.
3402 2554 3503 2630 τἱνα
3589 2567 3643 2625 δὲ
3706 2554 3799 2623 καὶ

2144 2663 2222 2731 τῷ
2264 2656 2407 2734 λιμῷ
2455 2659 2533 2735 μὴ
2581 2659 2804 2737 ἐκλείψῃ
2856 2661 2942 2717 καὶ
2990 2660 3269 2741 ἀποκάμῃ,
3317 2658 3461 2717 ὕδατι
3507 2661 3599 2717 τὸν
3642 2655 3798 2737 ξηρὸν

2145 2743 2301 2823 ἄρτον
2329 2744 2578 2828 λειώσας,
2609 2750 2773 2826 ταύτῃ
2801 2748 3066 2829 ἐκέχρητο
3087 2755 3155 2826 τῆ
3181 2747 3374 2828 διαίτῃ,

1918 2944 2162 3013 CAPUT
2189 2946 2290 3014 IV.

415 3109 510 3171 Ad
536 3107 876 3172 cwnobium
905 3124 1067 3189 (eger
1092 3108 1405 3183 reductus,
1439 3106 1818 3185 convalescit,
1849 3124 2214 3197 rursumque
2241 3110 2322 3173 ad
2348 3111 2698 3193 speluncam
2719 3130 2997 3178 reversus
3026 3131 3064 3177 a
3090 3112 3327 3177 diabolo
3354 3118 3619 3197 graviter
3642 3116 3802 3195 fuste

604 3197 992 3273 vulneratur,
1024 3215 1142 3279 quo
1169 3198 1332 3261 malo
1358 3198 1699 3279 prodigiose
1725 3207 2002 3262 sanatur.
2033 3196 2415 3279 Stephanum
2444 3205 2585 3265 vitae
2613 3204 2967 3266 monasticae
3005 3205 3308 3267 institutis
3335 3205 3612 3267 instruit.

498 3315 742 3380 22.Non
766 3316 949 3378 multo
966 3324 1101 3398 post
1121 3316 1299 3397 igitur
1315 3316 1388 3379 ad
1414 3315 1728 3379 visendum
1755 3317 1949 3398 ipsum
1973 3335 2062 3379 ac-

2224 3310 2314 3397 κβ’
2341 3320 2472 3381 Μετ’
2502 3323 2561 3380 οὗ
2591 3322 2726 3381 πολὺ
2755 3325 2924 3381 τοίνυν
2973 3325 3104 3403 πρὸς
3158 3323 3437 3399 ἐπίσκεψιν
3479 3327 3638 3385 αὐτοῦ
3665 3324 3800 3396 ἐλή-

419 3406 598 3468 cessit
620 3405 912 3469 Fantinus
952 3405 1365 3468 sanctissimus
1385 3405 1534 3488 (erat
1566 3406 1723 3467 enim
1747 3405 1903 3469 inter
1931 3406 2068 3468 illos

411 3494 694 3576 frequens
724 3493 1151 3556 commercium
1180 3513 1196 3571 ;
1229 3494 1480 3557 alterum
1512 3493 1697 3555 altero
1749 3493 1939 3557 instar
1968 3495 2065 3557 lu-

417 3583 737 3645 minarium
770 3582 982 3645 crebro
1032 3601 1139 3645 sua
1186 3583 1317 3646 luce
1369 3582 1790 3665 perfundente)
1836 3590 1896 3645 et
1927 3601 2064 3645 cum

419 3670 953 3734 hebdomadarium
984 3690 1197 3753 panem
1233 3678 1365 3753 post
1415 3670 1630 3732 multas
1659 3689 1872 3747 preces
1900 3678 1965 3733 ut
1992 3670 2065 3733 ab

422 3778 488 3823 se
518 3758 841 3840 acciperet,
898 3777 1151 3838 magnus
1193 3757 1482 3821 Fantinus
1528 3758 1596 3821 B.
1644 3758 1778 3823 Nilo
1828 3778 2069 3841 persua-

422 3848 620 3924 sisset,
654 3846 728 3910 ab
759 3866 833 3910 eo
859 3866 1072 3910 rursus
1093 3847 1168 3910 de
1192 3848 1395 3910 labore
1420 3866 1703 3908 manuum
1734 3849 1863 3928 ejus
1882 3848 2071 3927 gratia

423 3936 511 3999 illi
540 3935 1007 4018 rependebatur.
1056 3939 1201 4001 Cum
1251 3955 1395 4015 ergo
1446 3935 1509 3997 in
1540 3935 1756 3999 talibus
1786 3936 2071 4017 angustiis

420 4044 557 4088 eum
590 4024 857 4098 vidisset,
910 4023 1280 4105 multumque
1326 4031 1617 4102 rogasset,
1668 4025 1903 4089 tandem
1961 4026 2073 4089 de-

422 4113 589 4176 duxit
617 4112 679 4175 in
710 4131 885 4175 suum
916 4113 1343 4175 monasterium
1362 4114 1523 4174 omni
1540 4112 1805 4176 adhibita
1822 4114 2069 4192 diligen-

418 4202 522 4277 tia,
557 4205 802 4283 insuper
831 4209 890 4264 et
916 4201 1041 4263 Deo
1074 4220 1282 4283 preces
1311 4201 1595 4264 fundebat
1623 4220 1689 4263 ex
1720 4210 1840 4264 toto
1871 4204 2071 4267 animo

420 4309 532 4372 pro
564 4291 693 4370 ejus
719 4290 1080 4353 valetudine.
1114 4290 1205 4352 Ad
1237 4288 1703 4371 patientissimus
1734 4290 1901 4352 Nilus
1932 4310 2068 4354 cum

417 4386 632 4462 praeter
655 4397 866 4459 aquam
900 4377 1053 4441 nihil
1083 4378 1397 4458 degustare
1446 4386 1666 4459 posset,
1723 4378 1904 4461 idque
1933 4400 2069 4443 cum

417 4468 702 4530 violentia
758 4474 818 4530 et
859 4467 1064 4530 labore
1112 4484 1220 4547 per
1273 4467 1404 4530 dies
1454 4471 1695 4543 multos,
1748 4469 2070 4548 cogitatio-

2148 3406 2297 3466 λυθεν
2323 3417 2586 3475 Φαντϊνος
2636 3415 2664 3469 6
2712 3412 3009 3491 ἁγιώτατος
3050 3428 3065 3442 ⁶
3114 3409 3447 3491 παρέϐαλλον
3502 3414 3602 3494 γὰρ
3632 3413 3800 3484 ἀλλή-

2148 3496 2263 3563 λοις
2322 3500 2658 3581 πυκνότερον,
2706 3499 2954 3572 ἐλλήλοις
3000 3503 3073 3566 ὡς
3121 3499 3209 3557 δύο
3265 3507 3544 3582 φωστῆρες
3600 3503 3798 3560 πυκνό-

2151 3608 2298 3664 τερον
2354 3589 2802 3670 καταφωτίζοντες
2836 3605 2851 3620 ⁸
2912 3590 2999 3646 καὶ
3050 3591 3140 3646 τὸν
3192 3587 3596 3671 ἑϐδομαρισαϊον
3647 3590 3798 3672 ἄρτον

2154 3677 2182 3731 6
2212 3674 2383 3754 μέγας
2439 3684 2698 3743 Φαντϊνος
2743 3679 2834 3734 σὺν
2876 3676 3052 3755 πολλῇ
3102 3676 3433 3757 παρακλήσει
3477 3681 3663 3744 πείσας
3711 3682 3800 3737 τὸν

2154 3763 2300 3822 ὅσιον
2330 3765 2524 3824 Νεῖλον
2571 3765 2832 3841 δέξασθαι,
2880 3764 3006 3846 παρ’
3054 3770 3212 3827 αὐτοῦ
3257 3767 3319 3824 ἐκ
3372 3773 3469 3836 τῆς
3517 3777 3622 3826 τῶν
3683 3791 3803 3849 χει-

2152 3859 2255 3933 ρῶν
2313 3853 2559 3934 ἐργασίας
2614 3856 2714 3923 τὴν
2755 3856 2912 3936 χάριν
2956 3855 3331 3926 ἆντεσήκοῦτο.
3378 3853 3523 3914 ἰδὼν
3580 3880 3799 3937 τοιγαρ-

2155 3948 2245 3998 οῦν
2294 3941 2447 4000 αὐτὸν
2506 3942 2559 4000 ἐν
2609 3950 2677 4021 τῇ
2721 3944 2939 4021 τοιαύτῃ
2991 3943 3223 4022 ἀνάγκη,
3271 3945 3358 4000 καὶ
3402 3943 3575 4002 πολλὰ
3625 3944 3799 4002 δυσω-

2152 4031 2331 4101 πήσας
2399 4031 2675 4111 ἀπήγαγεν
2746 4034 2821 4096 εἰς
2884 4034 2947 4091 τὸ
3019 4033 3373 4112 μοναστήριον
3452 4034 3610 4095 αὐτοῦ
3666 4035 3803 4111 μετὰ

2153 4118 2331 4187 πάσης
2387 4118 2620 4189 σπουδῆς
2656 4137 2670 4151 ⁹
2722 4120 2858 4177 ἀλλὰ
2911 4122 2999 4178 καὶ
3040 4123 3131 4177 τὶν
3175 4123 3304 4204 Θεὸν
3351 4123 3635 4204 παρεκάλει
3684 4126 3801 4204 περὶ

2153 4212 2252 4275 τῆς
2304 4209 2480 4287 ὑγείας
2529 4212 2685 4267 αὖτοῦ
2735 4208 2787 4275 ἐξ
2833 4208 2964 4277 ὅλης
3016 4214 3226 4289 ψυχῆς.
3286 4201 3342 4267 ιΟ
3390 4201 3444 4268 δὲ
3488 4201 3804 4292 καρτερικώ-

2152 4317 2309 4361 τατος
2366 4296 2559 4362 Νεῖλος
2616 4300 2693 4374 μὴ
2751 4295 3033 4374 δυνάμενος
3092 4300 3370 4377 γεύσασθαί
3423 4324 3563 4365 τινος
3622 4303 3665 4358 εί
3723 4303 3799 4378 μὴ

2152 4382 2339 4451 ὕδατος
2396 4387 2483 4444 καὶ
2539 4389 2698 4446 αὐτοῦ
2753 4388 2888 4461 μετὰ
2942 4388 3057 4462 βίας
3115 4389 3201 4444 καὶ
3259 4390 3444 4460 πόνου,
3504 4392 3591 4447 καὶ
3646 4398 3801 4448 τοῦτο

2149 4474 2234 4531 ἐπὶ
2304 4472 2507 4538 πολλὰς
2578 4474 2803 4554 ἡμέρας,
2868 4474 3024 4531 εἶπεν
3084 4479 3225 4550 αὒτῷ
3282 4479 3310 4534 6
3373 4477 3651 4557 λογισμὸς,
3718 4477 3798 4535 ὅτι

415 4559 734 4658 nem_ha_nc
752 4557 980 4635 habuit,
1007 4557 1164 4639 quod
1191 4557 1250 4621 Si
1271 4565 1483 4658 prmsto
1503 4565 1658 4658 esset
1676 4558 1871 4658 aliqua
1889 4558 2062 4640 piscis

2152 4561 2319 4658 Εἴπερ
2350 4563 2562 4658 ῆνμόιίιτὸ⁸
2600 4564 2801 4658 ἰχθῦοςι
2835 4563 2990 4658 μέρος
3027 4567 3233 4658 μικρὸν,
3285 4564 3580 4642 ἐλάμϐανον
3632 4565 3694 4623 ἂν
3747 4567 3799 4635 ἐξ

417 4648 728 4730 particula,
756 4665 1037 4710 vescerer
1057 4653 1114 4709 et
1133 4650 1468 4728 aperiretur
1494 4646 1642 4708 mihi
1663 4646 1756 4709 via
1778 4647 1850 4709 ad
1875 4667 2062 4711 come-

2153 4653 2332 4733 αὐτοῦ,
2363 4653 2451 4709 καὶ
2479 4650 2714 4730 διήνοιγέ
2743 4675 2833 4727 μοι
2879 4652 2978 4719 τὴν
3027 4650 3146 4709 ὁδὸν
3190 4662 3283 4712 τοῦ
3327 4669 3543 4734 φαγεῖν,
3574 4657 3800 4713 Πυκτεύ-

410 4736 700 4800 dendum.
726 4736 798 4799 Et
816 4755 951 4799 cum
973 4735 1190 4797 luctam
1218 4753 1426 4816 passus
1466 4746 1624 4798 esset
1663 4744 1794 4799 octo
1823 4736 2062 4821 diebus,

414 4832 518 4888 aut
550 4825 725 4907 paulo
755 4825 911 4906 plus,
947 4842 1024 4887 ne
1059 4824 1156 4886 cui
1183 4842 1313 4887 rem
1344 4824 1630 4907 aperiret,
1653 4843 1787 4887 cum
1815 4842 2064 4907 praeser-

408 4915 518 4977 tim
551 4914 780 4978 videret
812 4912 1081 4996 quotidie
1112 4913 1430 4995 quemdam
1485 4932 1517 4975 e
1550 4913 1835 4976 fratribus
1865 4922 2061 4977 trans-

404 5009 651 5066 euntem
680 5011 817 5065 ante
851 5021 918 5065 se
951 5010 1262 5067 eteuntem
1277 5002 1348 5065 ad
1364 5001 1716 5085 piscandum
1735 5003 2061 5066 etredeun-

406 5098 529 5153 tem
562 5110 696 5153 cum
730 5092 1022 5173 piscibus,
1056 5090 1461 5172 postmultum
1479 5099 1781 5153 certamen
1805 5099 1863 5154 et
1878 5093 2058 5173 palae-

404 5186 589 5243 stram
622 5178 971 5260 hujusmodi
999 5179 1394 5260 cogitationis,
1448 5198 1581 5243 esse
1630 5180 1791 5242 venit
1817 5181 2057 5262 quidam

402 5268 475 5331 ad
507 5268 705 5349 ipsum
735 5268 827 5331 vir
855 5269 1049 5332 laicus
1096 5270 1351 5332 aﬂ'erens
1392 5270 1631 5332 carbem
1690 5271 1932 5348 plenam
1964 5272 2055 5352 pi-

404 5358 595 5420 scium
626 5356 933 5421 frictorum
967 5367 1026 5421 et
1048 5366 1402 5434 assatorum,
1429 5361 1674 5421 hortans
1691 5377 2050 5438 rogansque,

400 5453 469 5509 ut
496 5445 572 5508 de
601 5444 674 5507 iis
702 5453 971 5527 gustaret
1003 5468 1017 5508 :
1055 5447 1375 5520 Quoniam,
1409 5447 1628 5529 aiebat,
1664 5447 1739 5510 de
1771 5457 1869 5510 tua
1897 5467 2052 5528 aegra

398 5534 745 5598 valetudine
774 5543 908 5597 cum
932 5536 1166 5618 vesperi
1187 5535 1571 5612 audivissem,
1597 5554 1872 5616 egressus
1890 5555 2045 5615 sum,

393 5632 455 5687 et
482 5623 544 5687 in
575 5642 683 5687 suo
711 5631 923 5690 sancto
959 5626 1203 5689 nomine
1233 5625 1518 5708 piscarer,
1555 5634 1614 5690 et
1633 5625 2051 5708 adjuvantibus

2150 4763 2246 4804 σας
2279 4741 2366 4798 οὖν
2409 4739 2495 4797 ἐπὶ
2541 4740 2745 4819 ἡμέρας
2796 4741 2959 4817 ὀκτὼ,
3007 4741 3043 4809 ἢ
3088 4742 3177 4797 καὶ
3229 4744 3332 4821 πρὸ
3378 4750 3469 4800 τοῦ
3518 4744 3594 4820 μὴ
3639 4744 3801 4822 ἆναγ-

2148 4828 2328 4908 γεϊλαι
2384 4832 2445 4886 τὸ
2498 4830 2720 4909 πρᾶγμά
2766 4852 2867 4886 τινι
2905 4845 2918 4860 ⁶
2972 4832 3060 4887 καὶ
3124 4829 3356 4907 μάλιστα
3403 4831 3520 4889 καθ’
3568 4832 3797 4900 ἑκάστην

2143 4920 2278 4998 ὁρῶν
2368 4916 2711 4998 διερχόμενον
2797 4939 2915 4975 τινα
3003 4925 3110 4975 τῶν
3198 4916 3440 4999 ἀδελφῶν
3506 4919 3796 5002 ἔμπροσθεν

2142 5005 2322 5086 αὐτοῦ,
2379 5007 2469 5063 καὶ
2513 5007 2644 5085 πρὸς
2690 5006 2752 5061 τὸ
2808 5003 3046 5062 ἁλιεῦσαι
3083 5007 3461 5087 πορευόμενον,
3516 5010 3604 5064 καὶ
3650 5009 3793 5075 αὖθις

2141 5092 2262 5171 μετ’
2330 5095 2527 5174 ἰχθύων
2597 5092 2987 5175 ὑποστρέφοντα
3022 5112 3036 5126 ⁸
3121 5096 3255 5172 μετὰ
3310 5095 3514 5164 πολλὴν
3575 5093 3793 5164 ἄθλησιν

2140 5185 2229 5240 καὶ
2284 5182 2461 5251 πάλην
2519 5190 2611 5240 τοῦ
2669 5184 2904 5243 τοιούτου
2957 5182 3238 5263 λογισμοῦ,
3289 5183 3396 5241 ἰδοὺ
3453 5184 3668 5267 ἔρχεταί
3712 5209 3791 5252 τις

2141 5274 2273 5350 πρὸς
2328 5271 2483 5328 αὐτὸν
2539 5274 2794 5348 κοσμικὸς
2854 5272 3233 5353 ἐπιφερόμενος
3294 5275 3527 5354 κοφίνιον
3600 5276 3791 5351 μεστὸν

2138 5362 2359 5443 ἰχθύων,
2391 5369 2495 5419 τῶν
2547 5362 2641 5438 μὲν
2692 5370 3048 5441 τηγανιστῶν,
3100 5370 3205 5420 τῶν
3255 5361 3309 5419 δὲ
3351 5365 3528 5421 ὀπτῶν
3575 5387 3789 5444 τυγχα-

2137 5452 2354 5531 νόντων,
2415 5449 2737 5530 παρακαλῶν
2792 5454 2879 5507 καὶ
2932 5450 3178 5527 δεόμενος
3237 5451 3414 5518 αὐτοῦ,
3473 5451 3617 5516 ὅπως
3675 5453 3792 5530 γεύ-

2133 5561 2291 5606 σηται
2322 5538 2375 5605 ἐξ
2404 5539 2575 5596 αὐτῶν
2609 5557 2623 5574 ·
2672 5538 2892 5613 Επειδὴ,
2948 5542 3130 5620 φησὶν,
3185 5540 3411 5620 ἐσπέρας
3461 5541 3691 5604 ἀκούσας
3722 5543 3788 5599 τὰ

2130 5630 2266 5687 κατὰ
2322 5628 2401 5707 σὲ,
2456 5627 2671 5698 ἐξῆλθον
2731 5639 2823 5690 τοῦ
2870 5628 3108 5690 ἁλιεῦσαι
3158 5630 3243 5687 ἐπὶ
3296 5637 3373 5706 τῷ
3420 5631 3639 5706 ὀνόματί
3696 5652 3789 5691 σου
