4182 6396
356 426 427 493 53
1590 429 1780 498 VITA
1821 428 1884 492 s.
1928 398 2099 491 NILI
2135 426 2506 493 JUNIORIS.
3665 432 3743 496 54

353 570 424 639 τῷ
484 562 639 642 ἁγίῳ,
716 564 813 621 καὶ
879 569 989 647 τῷν
1078 566 1255 645 εὐχῶν
1333 566 1480 642 ὑμῶν
1564 562 2026 645 συνεργησάντων⁴

2109 558 2368 621 irecibus
2398 558 2538 636 tuis,
2584 560 2819 622 venatio
2849 561 3164 624 commoda
3191 561 3324 641 fuit,
3359 569 3418 625 et
3442 579 3593 643 opus
3624 571 3738 641 est,

361 652 694 732 ἦγρωσάμην
723 651 1032 733 ἀκροῦστως
1058 670 1074 687 ·
1131 655 1221 712 καὶ
1268 651 1384 712 δέον
1437 676 1519 730 σε,
1549 655 1743 735 Πάτερ,
1778 648 2006 729 μεταλα-

2109 648 2282 720 .’ater,
2319 647 2518 710 cibum
2552 666 2619 710 ex
2654 650 2729 711 iis
2758 657 2816 711 te
2847 669 3111 713 sumere.
3148 650 3316 715 Tunc
3336 651 3547 714 beatus
3565 654 3738 717 Nilus

360 739 470 799 ϐεϊν
497 741 550 809 ἐξ
577 742 777 805 αὐτῶν.
811 743 945 802 Τότε
976 745 1004 801 6
1034 743 1292 824 μακάριος
1324 743 1518 810 Νεῖλος
1546 746 1639 801 τὸν
1669 743 1767 820 μὲν
1798 740 2004 815 ἄνθρω-

2109 736 2276 799 rirum
2309 737 2546 819 quidem
2580 736 2833 820 dimisit,
2885 738 3253 803 benedicens
3284 740 3370 802 illi
3403 743 3742 825 gratiasque

360 853 456 888 πον
505 829 816 888 ἀπέστειλεν
873 831 1195 911 εάλογήσας,
1255 833 1343 890 καὶ
1385 832 1632 912 μεγάλως
1677 829 2006 913 εὐχαριστή-

2109 844 2194 887 πο
2226 826 2431 889 labore
2461 835 2738 908 suscepto
2794 847 2978 908 agens
3005 848 3020 890 :
3072 847 3278 892 secum
3312 848 3450 893 vero
3479 831 3608 911 ipse
3640 832 3740 893 di-

361 941 453 983 nc
685 929 782 980 τοῦ
827 919 988 978 αὐτοῦ
1030 920 1198 981 κόπου
1225 939 1243 958 ⁸
1301 928 1379 997 τῷ
1432 920 1487 977 δὲ
1543 921 1787 1000 λογισμῷ
1842 918 2004 975 αάτοῦ

2109 914 2292 978 :ebat:
2325 916 2463 980 Haec
2493 936 2615 980 non
2645 935 2752 998 per
2782 916 2993 992 Deum,
3014 937 3134 980 non
3156 937 3263 1000 per
3284 921 3559 999 angelum
3588 921 3740 982 mihi

369 1005 627 1088 διελέγετο
660 1007 831 1073 οὕτως
861 1025 878 1040 ·
933 1018 1107 1069 Ταῦτα
1148 1011 1253 1091 οὔχ
1302 1013 1331 1067 6
1375 1012 1505 1075 Θεὸς
1550 1010 1856 1086 ἡτοίμασεν,
1903 1003 2009 1066 οὐδ’

2109 1011 2306 1067 iraasto
2363 1015 2545 1068 sunt:
2594 1024 2788 1087 neque
2840 1006 3000 1068 enim
3055 1026 3165 1087 ego
3216 1026 3348 1070 sum
3403 1027 3437 1070 e
3476 1027 3738 1072 numero

365 1094 585 1175 ἅγγελος
620 1112 636 1129 °
710 1094 828 1154 οῦδὲ
897 1098 999 1177 γὰρ
1061 1099 1169 1175 εἰμι
1237 1103 1341 1156 τῶν
1413 1096 1748 1179 φοϐουμένων
1824 1096 2004 1171 αὺτὸν,

2109 1092 2427 1155 μίωοηιίυιη
2459 1113 2618 1173 eum,
2647 1101 2711 1156 ut
2739 1112 2933 1157 meam
2963 1095 3324 1160 voluntatem
3369 1096 3586 1160 laciat:
3634 1097 3743 1160 sed

364 1184 455 1240 ἵνα
508 1186 569 1242 τὸ
621 1183 829 1261 θέλημά
886 1207 989 1261 μου
1032 1187 1257 1265 ποιήσῃ,
1310 1183 1474 1244 Ἀλλὰ
1524 1193 1682 1245 τοῦτο
1737 1187 1798 1242 τὸ
1857 1182 2006 1264 ἔργον

2109 1201 2205 1244 100
2234 1181 2458 1245 diaboli
2485 1202 2634 1266 opus
2665 1194 2778 1246 est.
2833 1182 3117 1264 Cognovit
3147 1185 3333 1258 enim.
3369 1204 3465 1248 me
3495 1197 3741 1268 captum

363 1280 452 1330 τοῦ
505 1272 751 1332 διαϐόλου
819 1275 1094 1355 τυγχάνει,
1168 1273 1353 1347 ἐπειδή
1427 1297 1494 1352 με
1553 1274 1744 1353 ᾔσθετο
1803 1272 2006 1334 δουλω-

2109 1270 2413 1352 :upiditate
2442 1273 2574 1347 hac,
2594 1273 2731 1354 quia
2746 1272 3032 1354 scriptum
3060 1283 3150 1337 est
3176 1293 3191 1338 :
3232 1297 3256 1332 α
3292 1274 3422 1337 Νοη
3444 1275 3735 1356 concupi-

363 1361 514 1418 θέντα
559 1370 630 1440 τῇ
676 1362 895 1439 τοιαύτῃ
948 1362 1218 1441 ἐπιθυμίᾳ.
1268 1363 1568 1444 Γέγραπται
1624 1364 1726 1444 γάρ
1756 1382 1772 1399 ·
1836 1385 1865 1418 α
1917 1362 2008 1429 Μὴ

2109 1378 2225 1422 tces
2243 1360 2319 1421 εί.
2362 1384 2386 1418 π
2442 1362 2599 1424 Vivit
2641 1362 2952 1436 Dominus,
3001 1381 3123 1424 non
3164 1362 3539 1440 ingredietur
3568 1362 3745 1425 exiis

362 1450 719 1528 ἐπιθυμήσῃς.
755 1474 785 1507 »
820 1456 901 1529 Σῇ
955 1454 1168 1535 βύριος,
1219 1453 1315 1511 οὐκ
1355 1451 1652 1535 εἰσέρχεταί
1677 1475 1727 1509 τι
1757 1450 1809 1518 ἐξ
1838 1451 2010 1509 αὐτῶν

2109 1467 2153 1510 .n
2184 1466 2251 1510 os
2280 1467 2506 1514 meum.
2541 1449 2762 1512 Aderat
2792 1458 2936 1513 tunc
2958 1451 3113 1514 forte
3145 1452 3474 1514 monachus
3501 1451 3745 1533 quidam

362 1542 436 1605 είς
466 1541 528 1597 τὸ
557 1541 731 1617 στόμα
777 1562 902 1617 μου,
954 1532 1194 1623 Ὑπῆρχε
1244 1540 1300 1599 δὲ
1341 1532 1474 1599 τότε
1499 1532 1630 1599 γέκεϊ
1660 1541 1903 1622 μοναχός
1931 1562 2013 1604 τις

2109 1538 2568 1619 asuperioribus
2597 1538 2867 1619 partibus
2916 1539 3245 1621 profectus,
3294 1539 3410 1621 ipsi
3459 1532 3747 1602 charissi-

361 1630 790 1711 παραγενόμενος
820 1631 883 1689 ἐκ
934 1638 1042 1689 τῶν
1090 1628 1198 1690 ἄνω
1248 1639 1445 1713 μερῶν,
1494 1633 1552 1697 ὃς
1596 1631 1714 1690 λίαν
1764 1631 2012 1711 ἠγαπᾶτο

2109 1644 2250 1702 mus,
2285 1627 2428 1707 quia
2453 1627 2801 1691 suavissime
2851 1627 3125 1693 canebat.
3177 1627 3350 1690 Hunc
3400 1627 3611 1691 beatus
3658 1627 3751 1691 vir

362 1717 491 1799 παρ’
521 1720 678 1777 αὐτοῦ
706 1719 791 1777 διὰ
841 1721 905 1777 τὸ
951 1720 1243 1798 ᾇσματικὸν
1292 1721 1435 1779 εἶναι
1484 1720 1642 1779 αὺτὸν
1688 1722 1778 1777 καὶ
1816 1717 2013 1801 σφόδρα

2109 1734 2227 1783 :um
2260 1716 2634 1793 advoeasset,
2653 1716 2818 1780 dedit
2845 1716 3195 1798 cophinum,
3220 1717 3306 1779 uti
3330 1716 3564 1781 oblatus
3592 1724 3742 1793 erat,

362 1807 720 1890 καλλίφωνον.
770 1818 965 1869 Τοῦτον
1020 1807 1249 1874 καλέσας
1299 1812 1328 1866 ὁ
1378 1807 1524 1873 ὅσιος
1571 1807 1794 1899 δέδωκεν
1843 1812 2007 1899 αὐτῆς,
2031 1802 2484 1899 Baddiditque:
2509 1804 3743 1899 Accipeyenium,quodachristomissum

362 1898 537 1961 καθὰ
606 1899 671 1966 ἦν
742 1899 803 1955 τὸ
867 1898 1126 1978 κοφίνιον,
1184 1900 1345 1956 εἰπὼν
1414 1900 1547 1979 πρὸς
1602 1898 1760 1956 αὐτόν
1793 1914 1808 1928 ⁸
1871 1894 2011 1979 Λάϐε

2109 1892 2208 1955 tibi
2265 1902 2376 1956 est.
2426 1894 2682 1974 Accepit
2727 1893 2829 1956 ille
2881 1900 2940 1955 et
2982 1892 3258 1957 recessit.
3306 1892 3539 1956 Videns
3567 1892 3748 1972 igitur

364 1997 518 2047 τοῦτο
544 1988 609 2043 τὸ
660 1984 850 2065 ξένιον,
908 1977 1037 2065 ὅπερ
1086 1988 1201 2044 ὅσοι
1250 1977 1473 2067 Χριστὸς
1519 1984 1904 2052 ἐξαπέστειλεν.
1955 1977 2014 2043 Ὀ

2109 1984 2258 2045 Deus
2282 2001 2575 2045 summam
2590 1981 2702 2043 viri
2733 1981 3081 2064 patientiam
3112 1989 3288 2063 atque
3318 1981 3746 2058 constantiam,

369 2072 420 2131 δὲ
445 2072 624 2132 λαϐὼν
652 2075 1020 2156 ἀνεχώρησεν.
1055 2074 1199 2134 Ἰδὼν
1257 2077 1346 2133 οὗν
1394 2077 1423 2132 6
1476 2077 1606 2140 Οεὸς
1630 2076 1730 2142 τὴν
1760 2075 2015 2154 μεγίστην

2109 2073 2231 2135 tulit
2259 2091 2435 2155 opem
2476 2071 2904 2153 doloribusque
2952 2069 3225 2133 liberavit
3276 2075 3339 2133 et
3388 2069 3597 2133 morbo
3644 2070 3749 2133 illo

371 2169 524 2223 αὑτοῦ
576 2166 853 2241 ὑπομονὴν
922 2166 1012 2221 καὶ
1076 2163 1376 2245 καρτερίαν,
1450 2161 1767 2221 ἀντελάϐετο
1832 2165 2012 2239 αὐτοῦ,

2109 2161 2470 2242 gravissimo,
2545 2159 2814 2241 disrupto
2871 2160 3030 2221 intus
3085 2158 3148 2220 in
3206 2159 3440 2222 cerviee
3495 2158 3751 2222 abcessu

365 2254 453 2310 καὶ
481 2250 786 2324 ἀπήλλαξεν
816 2254 971 2310 αὐτὸν
1028 2258 1127 2321 τῆς
1179 2252 1368 2321 ὀδύνης
1418 2254 1508 2311 καὶ
1552 2258 1653 2321 τῆς
1699 2252 1854 2311 νόσου
1881 2251 2017 2310 ὲκεί-

2109 2251 2400 2331 multaque
2431 2248 2599 2311 sanie
2631 2266 2737 2329 per
2787 2266 2855 2309 os
2902 2254 3123 2327 egesta.
3175 2246 3262 2309 Ita
3309 2246 3620 2328 paululum
3648 2265 3750 2310 re-

362 2365 461 2410 νης
505 2347 605 2409 τῆς
650 2348 912 2422 πονηρᾶς,
957 2348 1050 2399 τοῦ
1096 2343 1293 2406 πάθους
1341 2340 1486 2400 ἔνδον
1535 2341 1588 2400 ὲν
1636 2347 1714 2418 τῷ
1755 2340 2016 2423 τραχήλῳ

2109 2347 2332 2402 creatus
2358 2337 2678 2400 revertitur
2705 2336 2769 2397 in
2798 2353 2968 2398 suam
3000 2336 3378 2416 speluncam,
3430 2335 3745 2416 pristinum

361 2430 635 2510 ῥαγέντος,
726 2432 814 2488 καὶ
904 2428 1089 2495 ἕλκους
1178 2429 1379 2489 πολλοῦ
1446 2429 1531 2489 διὰ
1589 2440 1685 2491 τοῦ
1751 2431 2014 2507 στόματος

2109 2429 2230 2491 vita:
2255 2426 2591 2491 institutum
2622 2431 3072 2506 prosecuturus,
3125 2441 3332 2486 amore
3378 2423 3745 2510 solitudinis,

363 2502 684 2586 ἒξελθόντος,
735 2525 939 2599 Μικρᾶς
985 2519 1072 2577 οὗν
1114 2519 1344 2584 ἀνέσεως
1407 2521 1676 2602 ἐπιτυχὼν
1732 2502 2015 2601 ἀνέρχεται

2109 2534 2277 2600 quam
2307 2514 2572 2598 parentis
2601 2502 2732 2576 loco
2779 2512 3274 2602 amplectebatur.
3323 2513 3403 2602 _At
3443 2502 3749 2576 verodiaz

364 2604 529 2664 πάλιν
571 2607 626 2664 ἐν
670 2614 747 2682 τῷ
797 2606 1050 2683 σπηλαίῳ
1094 2612 1193 2687 τῆς
1239 2610 1490 2680 συνήθους
1541 2599 1803 2689 ἐχόμενος
1830 2599 2016 2667 πολι-

2109 2599 2272 2670 bolus
2290 2604 2569 2667 dentibus
2593 2602 2655 2665 in
2676 2621 2811 2665 eum
2834 2601 3122 2664 frendens
3160 2599 3517 2676 enitebatnr,
3560 2601 3610 2663 si
3641 2619 3752 2682 per

363 2697 535 2769 τείας,
603 2697 691 2776 καὶ
766 2695 865 2763 τὴν
933 2690 1161 2776 ἡσυχίαν
1231 2696 1598 2773 ἀσπαζόμενος
1666 2699 1741 2762 ὡς
1825 2698 2018 2755 οἰκείαν

2109 2694 2210 2760 Dei
2236 2691 2671 2776 providentiam
2700 2691 2968 2753 licuisset
2995 2689 3133 2765 sibi,
3159 2696 3225 2751 ut
3242 2690 3335 2752 vel
3357 2689 3547 2772 ipsam
3570 2690 3748 2752 vitam

366 2784 600 2864 μητέρα.
659 2774 717 2842 ’0
771 2782 827 2839 δὲ
881 2774 1121 2848 διάϐολος
1177 2786 1272 2842 οὒκ
1324 2784 1588 2842 ἐπαύσατο
1642 2785 1855 2867 βρόχων
1897 2784 2017 2846 κατ’

2109 2774 2307 2847 εειῐιοῑο
2337 2783 2467 2846 viro
2498 2781 2782 2863 eriperet.

367 2872 530 2929 αὐτοῦ
580 2872 701 2935 τοὺς
750 2869 970 2935 ὀδόντας
1032 2873 1119 2929 καὶ
1164 2872 1575 2951 ἀγωνιζόμενος,
1641 2872 1758 2952 ε’ίγε
1800 2875 1902 2932 ὑπὸ
1957 2883 2059 2947 τῆς
2105 2884 2199 2935 τοῦ
2254 2882 2386 2933 Θεοῦ
2441 2873 2687 2953 προνοίας
2743 2883 3143 2952 παρεχωρεττο,
3195 2870 3331 2928 ὥστε
3381 2871 3471 2927 καὶ
3513 2876 3607 2927 τοῦ
3662 2874 3756 2947 ζῇν

367 2958 669 3041 ἀπαλλάξαι
698 2962 788 3017 τὸν
816 2958 1014 3017 δίκαιον
1044 2957 1224 3041 ἄνδρα,

446 3039 560 3139 κγῖ.
595 3050 693 3108 Καὶ
720 3046 784 3118 δὴ
811 3050 1035 3139 κατὰτὸ
1074 3039 1190 3139 ’έθος
1238 3048 1558 3130 σχολάζοντι
1608 3048 1662 3107 ἐν
1710 3057 1814 3139 ,μιᾷ
1841 3054 2009 3133 νυκτὶ,

2179 3050 2280 3113 23.
2313 3049 2578 3124 Quadam
2608 3066 2748 3128 ergo
2775 3053 2974 3139 nocte,
3001 3065 3137 3110 cum
3157 3047 3209 3139 is
3230 3047 3306 3110 de
3328 3064 3497 3109 more
3536 3043 3755 3109 divinis

372 3140 461 3195 καὶ
531 3136 927 3217 διαγρυπνοῦντι
983 3136 1037 3194 ἐν
1095 3137 1337 3214 ψαλμοῖς
1405 3139 1495 3194 καὶ
1549 3137 1901 3219 γονυκλισίαις
1964 3141 2019 3200 ἒν

2109 3146 2340 3204 vacaret
2365 3138 2599 3213 ofﬁciis,
2633 3135 3134 3218 pernoctaretque
3163 3135 3228 3197 in
3280 3135 3526 3217 psalmis
3556 3141 3617 3196 et
3645 3151 3754 3213 ge-

372 3235 450 3303 τῷ
502 3234 676 3306 μικρῷ
732 3224 1013 3305 σπηλαρίῳ
1076 3234 1155 3301 τῷ
1215 3224 1305 3283 ὑπ’
1364 3226 1522 3285 αὐτοῦ
1572 3225 2017 3307 λελατομημένῳ,

370 3318 461 3372 καὶ
506 3320 605 3381 τῆς
663 3321 758 3370 τοῦ
806 3313 1034 3394 φέγγους
1083 3315 1251 3393 αὐγῆς
1298 3316 1364 3371 τὰ
1414 3314 1588 3371 πάντα
1635 3314 2024 3393 καταλαμπού-

367 3426 495 3477 σης,
552 3404 618 3472 ἦν
830 3411 923 3461 τοῦ
989 3400 1166 3482 θέρους
1221 3404 1258 3471 ἡ
1315 3401 1450 3482 ὥρα,
1507 3404 1744 3484 φαίνεται
1800 3409 1944 3483 αὒτῷ
1998 3409 2028 3465 6

369 3490 618 3556 διάϐολος
676 3489 1097 3571 ὀφθαλμοφανῶς
1141 3493 1217 3555 ὡς
1262 3491 1471 3569 Αἰθίοψ,
1523 3491 1754 3569 ῥόπαλον
1801 3493 1854 3551 ἐν
1904 3507 2027 3559 ταῖς

366 3581 527 3662 χερσὶ
592 3580 841 3659 κατέχων
872 3593 888 3611 ⁸
960 3577 1075 3655 μεθ’
1133 3582 1194 3636 οὗ
1248 3578 1419 3655 τύψας
1475 3579 1573 3647 τὴν
1628 3579 1869 3662 κεφαλὴν
1936 3591 2028 3642 τοῦ

370 3670 549 3748 ἁγίου,
596 3665 804 3746 ἔρριψεν
849 3669 1006 3727 αὐτὸν
1046 3666 1133 3724 ἐπὶ
1180 3667 1281 3736 τὴν
1330 3672 1456 3747 γῆν,
1506 3669 1595 3724 καὶ
1649 3669 1853 3750 ἀφῆκεν
1901 3672 2027 3747 ἡμι.

367 3762 508 3825 θανῆ
562 3756 924 3837 τυγχάνοντα,
979 3757 1127 3812 Μετὰ
1177 3763 1303 3835 γοῦν
1358 3756 1503 3833 μίαν.
1527 3756 1668 3837 ὥραν
1717 3760 1790 3822 εἷς
1840 3760 2026 3816 ἑαυτὸν

368 3846 542 3904 ἐλθὼν
598 3848 628 3903 6
683 3844 851 3915 ὅσιος,
902 3841 1043 3923 ἔγνω
1088 3845 1186 3920 μὲν
1244 3855 1338 3905 τοῦ
1392 3842 1637 3904 διαϐόλου
1691 3848 1784 3903 τὸν
1838 3849 2027 3928 φθόνον

370 3937 464 3992 καὶ
532 3935 633 4001 τὴν
686 3930 901 4012 ἄπειρον
952 3930 1072 3990 κατ’
1127 3937 1286 3993 αὐτοῦ
1353 3935 1661 4013 βασκανίαν,
1722 3933 1919 4017 σφόδρα
1972 3934 2027 3993 δὲ

369 4026 472 4092 τὴν
502 4020 739 4104 κεφαλὴν
780 4020 1157 4100 ἀλγυνόμενος,
1209 4024 1298 4079 καὶ
1343 4023 1406 4079 τὸ
1452 4025 1621 4098 ἥμισυ
1661 4030 1754 4081 τοῦ
1810 4024 2027 4104 προσώ-

374 4135 478 4170 που
546 4114 640 4169 σὺν
692 4117 771 4186 τῷ
826 4110 1084 4191 ἀριστερῷ
1145 4109 1402 4190 ὀφθαλμῷ
1470 4111 1873 4192 πεφυσιωμένον
1941 4114 2029 4170 καὶ

374 4199 751 4259 πελιδνότατον
805 4198 976 4280 ἔχων,
1031 4200 1093 4257 o6
1134 4200 1243 4275 μὴν
1293 4198 1430 4256 ἀλλὰ
1474 4201 1563 4257 καὶ
1621 4201 1714 4257 τὸν
1768 4202 2029 4283 βραχίονα

2108 3246 2291 3292 nuum
2322 3225 2679 3290 ﬂexionibus
2736 3225 2798 3287 in
2848 3244 3026 3307 parva
3073 3224 3382 3305 spelunca,
3415 3242 3592 3306 quam
3623 3222 3756 3303 ipse

2109 3317 2226 3382 sibi
2279 3323 2663 3380 excavaverat
2732 3320 2795 3378 et
2832 3314 3150 3395 ‘splendor
3218 3313 3370 3375 lucis
3426 3313 3758 3375 illustraret

2112 3405 2313 3469 omnia
2346 3405 2499 3486 (erat
2546 3403 2706 3467 enim
2759 3410 2991 3484 tempus
3037 3400 3358 3481 aestivum),
3392 3407 3639 3481 apparet
3668 3396 3757 3462 illi

2107 3492 2330 3557 visibili
2357 3492 2651 3573 {Ethiopis
2699 3490 2902 3572 specie
2948 3489 3243 3566 diabolus,
3298 3489 3521 3551 clavam
3577 3506 3759 3549 manu

2110 3591 2344 3658 tenens,
2377 3600 2495 3664 qua
2523 3598 2659 3644 cum
2712 3586 2889 3660 caput
2936 3578 3066 3659 ejus
3109 3575 3524 3664 percussisset,
3557 3573 3764 3637 stravit

2110 3671 2277 3734 humi
2293 3663 2768 3733 semimortuum.
2797 3670 2940 3731 Post
2957 3667 3133 3728 unius
3155 3667 3319 3728 horae
3340 3663 3596 3746 spatium
3629 3680 3763 3726 sese

2108 3759 2463 3839 recolligens
2518 3756 2791 3830 Sanctus,
2865 3754 3135 3834 cognovit
3202 3753 3445 3835 quidem
3534 3749 3764 3839 diaboli

2109 3838 2388 3912 invidiam
2421 3847 2905 3924 immensumque
2937 3844 3205 3918 livorem,
3263 3843 3371 3906 sed
3418 3838 3766 3905 vehementi

2109 3937 2323 4019 capitis
2350 3935 2557 3998 dolore
2586 3934 2867 3996 laborans
2898 3940 2957 3995 et
2987 3931 3297 3994 dimidiam
3326 3930 3500 3993 faciei
3530 3937 3757 4019 partem

2110 4017 2246 4089 cum
2280 4025 2522 4088 sinistro
2553 4023 2724 4086 oculo
2771 4023 3035 4085 inflatam
3088 4019 3317 4083 habens
3365 4027 3425 4082 et
3472 4017 3760 4081 lividissi-

2113 4134 2294 4196 mam,
2330 4121 2616 4194 praeterea
2646 4111 2910 4174 luxatum
2957 4116 3020 4173 et
3069 4109 3397 4172 arefactum
3424 4106 3764 4196 brachium,

2109 4193 2357 4267 starent
2381 4198 2665 4264 orationis
2685 4199 2949 4262 officium
2975 4198 3349 4279 persolveret
3368 4215 3488 4258 non
3508 4193 3765 4258 valebat.

369 4288 803 4369 παραλελυμένον
893 4290 981 4345 καὶ
1069 4289 1510 4369 τεταριχευμένον
1540 4336 1558 4363 ,
1657 4290 1832 4349 οὗκέτι
1931 4290 2026 4366 μὲν

372 4379 404 4395 ..
691 4383 719 4395 ..
932 4380 947 4395 .
1037 4378 1051 4395 ι
1186 4383 1214 4393 -
1334 4382 1349 4395 .
1407 4383 1434 4395 ..
1529 4376 1551 4395 ς
1750 4380 1762 4395 .
1892 4379 1907 4395 .

2111 4291 2575 4395 Ja-cebat.ergo.
2629 4297 2686 4353 et
2725 4286 3075 4389 .Dominum
3113 4283 3461 4395 .invocjaba't‘
3500 4283 3760 4395 dicens:

372 4379 576 4461 ἴσχυσε
624 4383 813 4446 στῆναι
861 4380 950 4435 καὶ
997 4378 1098 4446 τὴν
1152 4383 1252 4445 τῆς
1302 4382 1470 4459 εὒχῆς
1529 4376 1827 4459 λειτοργίαν
1884 4379 2026 4437 ἀπο-

2119 4407 2147 4438 κ
2171 4380 2327 4443 Deus
2376 4380 2437 4441 in
2481 4369 2846 4461 adjutorium
2881 4394 3077 4437 meum
3111 4373 3379 4448 intende,
3413 4371 3669 4437 Domine
3696 4369 3771 4432 ad

371 4467 683 4548 πληρῶσαι,
757 4468 1009 4550 κείμενος
1078 4464 1134 4523 δὲ
1205 4463 1290 4523 ἐπ’
1362 4465 1581 4548 ἐδάφους
1668 4469 1759 4525 τὸν
1844 4469 2026 4549 Κύριον

2112 4470 2513 4550 adjuvandum
2537 4488 2634 4530 me
2653 4466 2888 4531 festina.
2908 4463 3354 4527 Confundantur
3376 4470 3435 4526 et
3457 4477 3775 4523 reverean-

372 4546 698 4616 ἐπεκαλεῖτο
732 4574 748 4590 ⁸
809 4546 867 4615 Ὀ
914 4558 1067 4624 Θεὸς,
1112 4555 1307 4635 λέγων,
1360 4558 1433 4620 εἰς
1469 4546 1581 4612 ’τ’λν
1628 4556 1873 4633 βοήθείάν
1921 4546 2026 4634 μου

2116 4546 2236 4641 tur,
2261 4560 2360 4639 qui
2380 4555 2924 4640 quaeruntanimam
2954 4571 3178 4628 meam,
3210 4577 3242 4641 n_
3267 4558 3329 4615 et
3348 4568 3480 4631 quae
3509 4567 3774 4641 sequun-

373 4647 621 4727 πρόσχες
656 4663 672 4676 ⁶
746 4645 924 4725 Κύριε,
998 4646 1072 4708 εἰς
1137 4646 1199 4702 τὸ
1268 4644 1531 4721 βοηθῆσαί
1600 4666 1692 4722 μοι
1756 4653 1979 4704 σπεῦσον
2014 4664 2026 4680 ·

2116 4638 2309 4711 tur”.
2358 4638 2425 4709 In
2475 4647 2573 4710 his
2607 4654 2789 4708 totum
2823 4643 2992 4705 illum
3045 4639 3276 4722 peregit
3304 4638 3772 4727 annum,iinnu-

377 4726 838 4816 Αίσχυνθήτιωαν
907 4735 996 4790 καὶ
1063 4733 1441 4815 ἐντραπείησαν
1498 4736 1545 4790 οἱ
1599 4741 1880 4806 ζητοῦντες
1935 4736 2026 4804 τὴν

2118 4754 2281 4798 mera
2298 4735 2573 4798 dolorum
2611 4730 3216 4798 etacerbissimorum
3247 4726 3772 4816 incommodorum

614 4845 740 4903 μου,
799 4824 888 4879 καὶ
928 4824 995 4880 τὰ
1039 4814 1202 4881 λοιπὰ
1242 4830 1335 4881 τοῦ
1384 4821 1621 4900 ψαλμοῦ,
1677 4821 1765 4882 Ἐν
1824 4825 2026 4889 τούτοις

2117 4825 2451 4888 certamina
2506 4826 2831 4887 sustinens.
2894 4820 2969 4882 Et
3019 4836 3153 4880 cum
3203 4817 3559 4905 suaderetur
3606 4814 3696 4876 illi
3740 4833 3777 4877 a

366 4903 552 4981 διῆξεν
615 4914 708 4969 τὸν
777 4910 985 4969 ἅπαντα
1062 4914 1257 4993 χρόνον
1323 4911 1532 4969 ἐκεῖνον
1590 4912 1790 4991 μυρίοις
1845 4914 2026 4978 πόνοις

2114 4914 2341 4989 multis,
2386 4921 2451 4975 ut
2504 4909 2925 4975 medicinalem
2976 4904 3349 4969 curationem
3405 4903 3772 4993 admitteret,

364 5002 649 5060 πυκτεύων
702 5003 793 5059 καὶ
835 4992 1135 5082 συμφοραῖς
1181 5000 1523 5069 ἀνηκέστοις.
1581 4998 1803 5058 Πολλῶν
1851 5001 2026 5077 μέντοι

2115 5003 2360 5064 omnino
2391 5000 2600 5064 abnuit
2654 4999 2875 5072 sciens,
2901 4995 3097 5058 curari
3133 5012 3313 5082 manu
3359 4992 3620 5055 hominis
3650 5011 3774 5054 non

364 5090 734 5170 βουλευόντων
818 5081 1059 5171 ἰατρικῆς
1146 5089 1451 5166 ἐπιμελείις
1544 5090 2026 5172 προσανασχὲσθαι,

2116 5107 2293 5171 posse
2321 5091 2536 5153 vulnus
2550 5086 2909 5151 diabolicum
2932 5083 3085 5167 (2i).
3113 5081 3330 5164 Elapso
3351 5082 3595 5146 demum
3620 5099 3781 5175 anno

454 5261 507 5305 ’ί
541 5258 727 5323 Exod.
759 5275 860 5336 xx,
892 5258 994 5322 17.
1078 5257 1134 5303 ⁸³
1161 5257 1314 5321 Psal.
1344 5273 1508 5334 LXIX,
1541 5256 1602 5319 2.

1780 5427 2029 5494 Joannis
2058 5426 2182 5492 Glei
2215 5437 2391 5495 notae.

461 5588 670 5734 gl)“
685 5588 835 5652 forte
853 5605 1060 5652 verum
1083 5596 1198 5670 est,
1215 5587 1315 5651 sia
1337 5587 1632 5650 maleﬁcio
1646 5586 2036 5669 pertinaciam
2125 5588 2349 5672 itaque,
2372 5590 2634 5654 divinam
2656 5589 3015 5652 voluntatem
3046 5589 3109 5652 in
3131 5605 3203 5650 eo
3232 5585 3563 5667 agnovisse,
3585 5601 3791 5648 suam-

548 5678 569 5732 t
616 5669 880 5732 malum:
932 5667 1039 5732 sed
1088 5668 1335 5733 vulnera
1381 5687 1415 5730 a
1463 5668 1734 5731 damone
1761 5668 1917 5731 fuste
1945 5668 2039 5731 vel
2126 5688 2245 5734 oue
2277 5670 2621 5734 patientiam
2665 5687 2949 5733 exercere
2999 5667 3061 5733 S.
3118 5668 3316 5731 Nilum
3346 5664 3631 5734 voluisse,
3667 5663 3785 5726 do-

374 5663 880 5753 habet'_malum:
932 5667 1039 5732 sed
1088 5663 1335 5753 vulnera
1378 5687 1425 5753 a
1463 5663 1734 5731 dremohe
1761 5668 1917 5753 fuste
1945 5668 2039 5731 vel
2126 5663 2245 5752 qué
2276 5663 2621 5753 patientiam
2665 5687 2965 5753 exercere
2999 5667 3061 5733 S.
3100 5663 3316 5753 ifiilum
3346 5664 3631 5740 voluisse,
3667 5663 3785 5753 do-

385 5750 578 5815 simili
594 5750 993 5832 instrumento
1024 5748 1279 5832 naturati
1300 5748 1549 5832 inﬂicta,
1566 5749 2044 5832 quarehumana
2128 5742 2242 5813 nec
2276 5742 2537 5816 'tandem
2594 5750 2708 5816 Dei
2765 5748 3178 5817 misericordia
3248 5763 3419 5812 servo
3477 5763 3582 5809 suo
3640 5742 3790 5810 sub-

385 5850 510 5919 ope
538 5830 739 5896 sanari
765 5848 887 5895 non
920 5829 1175 5915 possint,
1206 5830 1356 5895 ratio
1385 5848 1508 5894 non
1537 5828 1821 5914 suppetit.
1846 5828 2043 5895 Credo
2127 5832 2313 5899 venit.
