4182 6412
487 390 566 456 55

1991 384 2099 448 AN
2102 383 2259 450 ONY
2260 380 2349 450 MI

3790 379 3866 444 56

493 531 557 587 et
574 528 924 586 recurrente
948 525 1287 583 sanctorum
1301 515 1716 598 Apostolorum
1737 512 2135 588 solemnitate,

2224 515 2467 593 οὑδαμῶς
2543 514 2850 582 κατεδέξατο
2922 526 3099 590 τοῦτο,
3174 517 3448 595 γινώσκων
3518 515 3865 594 ἀθεράπευτον

497 628 839 676 convenere
862 609 923 670 in
936 606 1270 671 coenobium
1285 606 1611 667 imitatores
1628 622 1835 664 eorum
1855 602 2140 664 Fantinus

496 708 557 763 et
580 700 778 775 Nilus,
830 705 895 759 ut
921 696 1098 758 simul
1147 694 1305 757 diem
1338 694 1549 755 festum
1584 691 1960 754 celebrarent
1991 700 2049 753 et
2077 710 2143 754 se

496 788 752 850 invicem
778 786 1248 859 consolarentur,
1282 784 1382 864 qui
1406 787 1687 862 germana
1708 787 1877 842 erant
1904 788 2141 861 aposto-

500 879 695 940 lorum
726 876 945 957 proles.
977 877 1122 939 Cum
1144 872 1323 951 igitur
1348 870 1719 954 pervigilium
1744 888 1878 930 cum
1908 869 2143 950 hymnis

499 966 1165 1048 agerentetexultarent
1193 963 1428 1041 fratres,
1460 960 1769 1022 audientes
1800 969 2142 1021 sanctorum

496 1055 832 1120 doctrinam
862 1064 919 1115 et
951 1052 1389 1133 Scripturarum
1415 1048 1902 1130 explicationem,
1936 1049 2141 1109 horta-

505 1157 598 1208 tus
627 1152 685 1206 et
712 1146 956 1223 Magnus
998 1142 1283 1205 Fantinus
1328 1140 1398 1203 B.
1448 1137 1645 1199 Nilum
1693 1147 1758 1198 ut
1788 1142 2059 1216 surgeret
2088 1142 2143 1198 et

500 1234 727 1314 legeret
748 1230 1086 1294 encomium
1118 1230 1178 1291 in
1208 1228 1522 1310 Apostolos
1552 1226 1740 1290 sancti
1769 1223 2016 1289 Joannis
2033 1226 2142 1289 Da-

502 1322 793 1398 masceni,
829 1318 1043 1383 iambis
1073 1327 1131 1381 et
1161 1318 1371 1380 metris
1401 1317 1543 1378 satis
1595 1323 1892 1378 ornatum.
1925 1315 2143 1377 Beatus

499 1413 692 1484 Nilus,
723 1410 827 1492 qui
883 1426 1186 1488 nunquam
1230 1425 1348 1468 non
1398 1404 1644 1469 obedire
1691 1411 1955 1476 noverat,
2007 1402 2145 1465 licet

493 1506 619 1585 jam
653 1491 817 1562 esset
847 1517 1000 1580 pene
1048 1497 1273 1578 aridus,
1323 1514 1460 1558 cum
1510 1494 1722 1585 gaudio
1755 1501 1816 1585 et
1840 1491 2142 1555 alacritate

500 1582 800 1661 surrexit;
832 1595 1012 1668 utque
1050 1586 1306 1667 primum
1341 1603 1653 1664 aggressus
1682 1582 1997 1644 lectionem
2028 1588 2139 1658 est,

2222 606 2363 663 εἶναι
2419 607 2521 663 ὑπὸ
2589 607 2772 686 χειρὸς
2839 605 3111 687 ἀνθρώπου
3172 612 3292 675 τὴν
3327 604 3632 673 διαϐολικὴν
3688 602 3866 679 ἀλγη-

2222 695 2368 758 δόνα,
2439 703 2545 753 Τοῦ
2610 694 2779 752 τοίνυν
2850 695 3046 775 χρόνου
3116 694 3569 775 παραδραμόντος,
3629 693 3717 749 καὶ
3768 695 3867 757 τῆς

2224 786 2466 860 μνήμης,
2527 788 2633 839 τῶν
2688 784 2852 862 ἁγίων
2910 783 3250 842 Ἀποστόλων
3298 784 3684 864 ἐπιφθασάσης,
3737 801 3866 835 συν-

2223 871 2385 941 ῆλθον
2417 872 2472 928 ἐν
2507 879 2584 947 τῷ
2610 870 2857 947 κοινοϐίῳ
2905 877 2951 931 οἱ
2997 878 3168 933 αὑτῶν
3215 876 3445 951 μιμηταὶ
3491 881 3753 932 Φανττνος
3782 866 3869 924 καὶ

2226 960 2419 1025 Νεῖλος
2491 962 2827 1040 συνεορτάσαι
2882 964 2969 1018 καὶ
3023 962 3531 1043 συμπαρακληθῆναι
3586 956 3865 1032 ἀλλήλοις,

2225 1054 2297 1116 ὡς
2331 1052 2519 1129 γνήσια
2565 1049 2722 1107 τέκνα
2748 1056 2853 1108 τῶν
2895 1050 3229 1111 ἀποστόλων.
3283 1052 3583 1132 Παννύχιον
3632 1048 3720 1107 οὖν
3768 1046 3868 1113 τὴν

2225 1137 2482 1217 ὑμνῳδίαν
2535 1138 2938 1214 ἐπιτελούντων,
2992 1143 3081 1198 καὶ
3149 1147 3256 1198 τῶν
3305 1140 3543 1221 ἀδελφῶν
3589 1135 3866 1217 ἀγαλλιω-

2226 1229 2396 1306 μένων
2454 1229 2539 1286 ἐπὶ
2593 1235 2662 1306 τῇ
2719 1236 2824 1288 τῶν
2881 1231 3044 1309 ἁγίων
3099 1230 3425 1305 διδασκαλίᾳ,
3495 1230 3585 1287 καὶ
3647 1233 3716 1304 τῇ
3762 1230 3870 1283 τῶν

2225 1323 2444 1399 Γραφῶν
2514 1316 2814 1399 ἀναπτύξει,
2886 1318 3191 1399 παρακαλεῖ
3273 1323 3301 1377 ὁ
3373 1318 3539 1398 μέγας
3604 1324 3867 1375 Φαντϊνος

2223 1410 2312 1467 τὸν
2343 1407 2487 1464 ὅσιον
2545 1406 2738 1465 Νεῖλον
2786 1398 3075 1478 ἆναστῆναι
3124 1412 3211 1467 καὶ
3262 1410 3557 1490 ἀναγνῶναι
3604 1405 3867 1485 ἐγκώμιον

2224 1498 2298 1562 είς
2367 1497 2488 1562 τοὺς
2576 1495 2957 1573 Ἀποστόλους,
3041 1500 3335 1581 συγγραφὲν
3418 1499 3561 1579 παρὰ
3640 1502 3733 1553 τοῦ
3815 1491 3869 1581 ἐν

2224 1588 2392 1666 ἁγίοις
2466 1594 2822 1663 Δαμασκηνοῦ
2894 1585 3156 1670 Ἰωάννου,
3228 1587 3501 1670 ίαμϐικοτς
3549 1587 3638 1642 καὶ
3693 1580 3867 1658 ἐμμέ-

497 1679 719 1743 acerba
747 1677 850 1739 illa
872 1675 1170 1754 aegrotatio
1196 1674 1476 1754 paulatim
1504 1692 1535 1734 e
1552 1689 1800 1753 corpore
1820 1669 2141 1734 deﬂuebat.

2223 1698 2367 1756 τροις
2437 1677 2645 1756 στίχοις
2714 1669 3284 1755 καταπεποικιλμένον.
3362 1669 3420 1735 Ὀ
3488 1675 3543 1732 δὲ
3613 1673 3868 1751 μακάριος

496 1769 569 1832 Et
600 1786 733 1833 cum
767 1773 982 1847 praeter
1012 1782 1179 1845 spem
1211 1763 1324 1825 sibi
1353 1762 1634 1824 auxilium
1658 1760 1967 1834 sensisset,
1995 1758 2141 1821 nulli

645 1855 659 1867 ο
720 1874 731 1875 γ
783 1853 1088 1875 ςγγ81μκ--μ
1166 1852 1213 1875 ι-
1273 1871 1329 1875 --
1389 1850 1529 1875 .ΙΞ--2ι
1610 1851 1792 1875 ,ΙΑ-ΑΑ
1845 1847 2141 1875 ...-I--l:....

2226 1763 2419 1830 Νεῖλος
2470 1763 2739 1841 μηδέποτε
2787 1776 3113 1846 παρακοῦσαι
3154 1767 3449 1846 γινώσκων,
3509 1764 3680 1821 καίτοι
3729 1780 3869 1841 σχε-

2230 1852 2272 1875 δὶ
2394 1855 2413 1875 ζ
2533 1856 2546 1875 ε
2612 1851 2647 1875 Ir
3012 1857 3025 1875 I
3239 1857 3253 1875 9
3307 1855 3317 1874 Ι
3602 1853 3617 1875 ‘
3724 1850 3827 1875 ,L__.
3852 1870 3869 1875 ρ

498 1855 743 1920 omnino
773 1853 1095 1934 quidquam
1146 1852 1221 1914 de
1266 1871 1336 1913 eo
1383 1850 1555 1925 dixit,
1605 1851 1796 1912 donec
1845 1847 2141 1910 matutinae

2226 1852 2311 1911 δὸν
2382 1855 2455 1917 ὡς
2525 1851 2783 1933 ἡμίξηρος
2853 1857 3157 1936 τυγχάνων,
3230 1855 3425 1922 ἀνέστη
3497 1853 3630 1930 μετὰ
3692 1850 3869 1914 πάσης

464 1943 710 2027 ’ριέοοε
764 1941 1051 2004 absoluta:
1104 1946 1263 2016 sunt,
1320 1947 1565 2020 tumque
1639 1945 1840 2000 sancto
1893 1936 2141 2027 Fantino

2227 1948 2399 2023 χαρᾶς
2471 1942 2560 1999 καὶ
2630 1943 2940 2022 προθυμίας,
3016 1946 3170 2009 αὑτὸς
3226 1967 3283 2001 τε
3365 1949 3465 2011 τῆς
3522 1940 3869 2018 ἀναγνώσεως

498 2026 902 2115 procumbens
971 2031 1186 2109 gratias
1252 2028 1482 2108 agebat,
1574 2027 1731 2107 quod
1801 2045 1910 2108 per
1975 2026 2141 2115 illum

2226 2033 2324 2100 τὴν
2393 2031 2570 2111 ἀρχὴν
2639 2032 2900 2114 ἐποιεῖτο,
2966 2036 3053 2091 καὶ
3120 2037 3155 2103 ἡ
3229 2034 3436 2115 πονηρὰ
3488 2032 3661 2098 ἐκείνη
3718 2029 3871 2091 νόσος

496 2114 622 2184 tam
692 2118 855 2198 gravi
908 2136 1061 2181 noxa
1115 2117 1269 2179 liber
1318 2128 1495 2180 esset.
1554 2115 1661 2178 Ille
1716 2123 1945 2189 contra,
2005 2114 2141 2178 ohe-

2226 2122 2362 2178 κατὰ
2419 2122 2605 2201 μικρὸν
2660 2132 2753 2182 τοῦ
2807 2122 3052 2199 σώματος
3107 2123 3343 2201 ὑπεξῄει,
3376 2114 3602 2188 Ταύτης
3657 2117 3717 2175 δὲ
3770 2122 3869 2184 τῆς

498 2209 743 2290 dientiae
810 2208 940 2289 ejus
1008 2215 1068 2267 et
1119 2206 1313 2295 favori
1394 2204 1791 2286 apostolorum
1850 2202 2141 2295 tribuebat

2228 2209 2564 2286 ἀντιλήψεως
2622 2213 2885 2279 αἰσθηθεὶς
2942 2214 3083 2292 παρὰ
3138 2212 3449 2295 προσδοκίαν
3518 2213 3547 2266 ὑ
3612 2207 3869 2288 μακάριος

498 2297 850 2361 miraculum
879 2314 892 2359 :
920 2294 1402 2357 itabumilitatem
1423 2302 1674 2375 uterque
1698 2292 2141 2374 prmseferebat,

2229 2298 2447 2373 Νεῖλος,
2489 2298 2677 2359 οὑδενὶ-
2708 2299 2853 2361 οὑδὲν
2902 2303 3027 2359 ε’ίπε
3070 2292 3231 2383 μέχρι
3277 2309 3375 2370 τῆς
3424 2300 3729 2362 ἆπολυσεως
3778 2302 3873 2354 τοῦ

497 2388 563 2450 in
587 2390 776 2451 Deum
827 2383 1249 2446 miraculorum
1303 2391 1608 2445 auctorem
1652 2382 1982 2445 referentes
2010 2382 2141 2461 glo-

2225 2384 2429 2465 6'90pou.
2478 2390 2577 2446 Καὶ
2624 2389 2744 2445 τότε
2800 2390 2982 2467 βαλὼν
3034 2382 3314 2467 μετὰνοιαν
3363 2398 3440 2460 τῷ
3488 2388 3672 2464 δικαίῳ
3720 2394 3870 2443 Φαν-

490 2476 672 2539 riam.
2224 2475 2374 2557 τίνῷ,
2433 2479 2740 2558 εὐχαριστεῖ
2796 2479 2958 2555 αὑτῷ,
3022 2483 3095 2545 ὡς
3144 2478 3211 2537 δι’
3253 2481 3410 2538 αὑτοῦ
3466 2485 3563 2546 τῆς
3619 2477 3869 2541 τοιαύτης

501 2563 829 2643 ἀπαλλαγεὶς
899 2562 1172 2644 ἐπηρείας,
1246 2564 1411 2626 Αὐτὸς
1477 2559 1531 2617 δὲ
1602 2560 1761 2617 πάλιν
1816 2569 1887 2639 τῇ
1951 2560 2148 2622 ἐκείνου
2207 2564 2458 2643 ὑπακοῇ,
2511 2568 2599 2624 καὶ
2796 2567 3092 2625 ἐπισκιάσει
3160 2576 3264 2627 τῶν
3336 2566 3646 2644 ἀποστόλων
3701 2586 3868 2644 προσ-

501 2640 812 2713 ανετίθειντὸ
840 2640 1018 2729 θαῦμα·
1047 2668 1060 2682 '
1114 2653 1202 2709 καὶ
1230 2648 1467 2727 διέμενον
1498 2650 1552 2707 ἐν
1599 2651 2047 2730 ταπεινοφροσύνῃ
2099 2653 2189 2708 τὸν
2230 2640 2527 2736 θαυμασίων
2563 2657 2691 2713 Θεὸν
2714 2640 3139 2736 δοξολογοῦντες,
3560 2640 3568 2644 ”

578 2744 683 2806 24.
703 2740 1077 2806 Multiformis
1095 2758 1271 2821 porro
1286 2748 1341 2802 ei
1355 2737 1827 2816 inexcogitabilis
1848 2739 1909 2800 in
1932 2757 2141 2801 omnes

2305 2733 2390 2799 κδ’
2449 2735 2511 2801 (Η
2568 2742 2622 2801 δὲ
2679 2733 3007 2825 πολύτροπος
3063 2747 3151 2803 καὶ
3191 2745 3538 2825 ἀπερινόητος
3588 2750 3683 2802 τοῦ
3738 2749 3872 2799 Θεοῦ

500 2832 611 2896 Dei
664 2830 1032 2913 providentia
1076 2830 1388 2909 (quorsum
1429 2846 1570 2889 vero
1600 2826 1660 2888 id
1692 2826 1753 2888 in
1785 2846 1892 2889 suo
1923 2827 2141 2890 famulo

2224 2834 2340 2913 περὶ
2407 2833 2609 2899 πάντας
2682 2837 2972 2911 οἰκονομία,
3045 2835 3096 2892 τί
3161 2833 3523 2914 προνοουμένη
3591 2834 3709 2913 περὶ
3776 2833 3870 2888 τὸν

500 2921 708 3003 egerit,
742 2920 983 3000 ignovo)
1008 2935 1189 2997 parva
1208 2916 1476 2996 quaedam
1498 2915 1738 2996 vestigia
1771 2915 1962 2977 morbi
1982 2916 2141 2978 illius

2224 2922 2418 2990 ἑαυτης
2489 2923 2697 2992 οἰκέτην
2766 2926 2860 2982 οὑκ
2927 2923 3261 3000 οἶδα,εἴασεν
3335 2926 3489 2981 αὑτὸν
3550 2923 3711 3003 μέχρι
3781 2923 3872 2978 καὶ

496 3011 562 3074 in
593 3028 664 3072 eo
694 3009 939 3089 reliquit
965 3006 1037 3069 ad
1066 3006 1256 3095 ipsam
1302 3023 1507 3095 usque
1521 3012 1885 3095 senectutem
1931 3005 2141 3095 quibus

2226 3011 2383 3069 αὑτοῦ
2438 3020 2530 3070 τοῦ
2589 3015 2770 3093 γήρως
2828 3014 3122 3095 περιφέρειν
3177 3014 3294 3071 τινὰ
3348 3014 3513 3093 μικρὰ
3564 3013 3701 3093 ἴχνη
3768 3017 3869 3079 τῆς

497 3099 924 3185 admoneretur
952 3094 1154 3157 auxilii
1184 3101 1243 3157 et
1263 3092 1649 3176 prolectionis
1671 3112 1808 3173 erga
1828 3112 1893 3156 se
1905 3094 2138 3161 divinae.

2225 3099 2512 3180 ἀῤῥωστίας
2608 3092 2813 3171 ἐκείνης
2843 3151 2860 3185 ,
2900 3092 2908 3094 ὴ
2954 3092 3453 3180 ὑπομιμνήσκοντα
3515 3092 3671 3159 αὑτὸν
3765 3107 3868 3167 τῆς

495 3188 562 3252 In
591 3187 686 3261 his
735 3184 1015 3248 omnibus
1061 3202 1195 3246 cum
1226 3201 1291 3245 se
1323 3182 1637 3264 plusquam
1665 3181 1949 3244 victorem
1983 3202 2138 3266 prae-

493 3276 739 3339 stitisset
795 3292 903 3356 per
975 3273 1086 3336 Dei
1145 3272 1447 3352 virtutem,
1510 3271 1607 3333 cui
1676 3271 1930 3333 dilectus
1986 3284 2136 3357 erat,

493 3367 761 3428 omnium
791 3363 893 3425 ille
924 3362 1235 3425 aemulator
1264 3368 1606 3423 sanctorum
1638 3367 1695 3422 et
1712 3369 2141 3442 praeceptorum

492 3453 712 3519 Christi
741 3453 1110 3523 observator,
1138 3449 1213 3512 ad
1240 3449 1417 3511 aliam
1450 3467 1516 3512 se
1546 3448 1892 3527 accingebat
1920 3450 2139 3514 luctam

489 3552 918 3624 certamenque
972 3539 1221 3602 diaboli.
1273 3537 1599 3620 Oportebat
1658 3538 1817 3600 enim
1866 3538 2023 3602 hunc
2077 3540 2141 3604 in

489 3632 767 3695 omnibus
791 3627 1051 3704 devinci,
1084 3635 1150 3690 ut
1175 3626 1367 3690 victor
1392 3626 1560 3690 Nilus
1591 3626 1719 3690 sine
1737 3629 2143 3693 controversia

488 3720 723 3803 praemii
752 3736 1032 3783 coronam
1064 3723 1556 3797 consequeretur.
1585 3714 1699 3777 Per
1735 3716 1880 3778 illud
1906 3725 2140 3799 tempus

2227 3189 2384 3251 αὑτοῦ
2440 3192 2556 3272 περὶ
2614 3191 2768 3249 αὑτὸν
2821 3192 3155 3269 ἀντιλήψεως
3210 3193 3295 3249 ταὶ
3349 3189 3687 3268 κηδεμονίας.
3751 3188 3873 3248 Ἐπὶ

2225 3286 2354 3335 πᾶσι
2413 3278 2467 3336 δὲ
2539 3280 2747 3346 τούτοις
2800 3282 3153 3362 ὑπερνικήσας
3214 3279 3297 3338 διὰ
3350 3287 3443 3337 τοῦ
3492 3280 3872 3359 ἀγαπήσαντος

2221 3368 2377 3425 αὑτὸν
2433 3376 2564 3429 Θεοῦ
2619 3372 2647 3427 ὁ
2667 3377 2772 3427 τῶν
2826 3371 2989 3451 ἁγίων
3040 3372 3251 3427 πάντων
3296 3368 3563 3449 ζηλωτὴς,
3623 3370 3711 3425 καί
3762 3375 3871 3427 τῶν

2221 3456 2451 3549 ἐντολῶν
2549 3469 2642 3549 τοῦ
2738 3467 2963 3540 Χριστοῦ
3057 3458 3630 3549 πληρωτῂς,ῌπρὸςν
3668 3457 3868 3549 *ἑτέραν

2224 3545 2481 3620 ὡπλίζετο
2536 3547 2716 3617 πάλην
2761 3551 2850 3606 καὶ
2898 3550 3080 3630 ἀγῶνα
3126 3555 3218 3605 τοῦ
3282 3545 3547 3607 διαϐόλου.
3606 3545 3738 3604 Ἑδει
3768 3548 3871 3626 γὰρ

2222 3634 2307 3693 διὰ
2374 3638 2586 3695 πάντων
2672 3638 3121 3718 ἀποκρουσθῆναι,
3192 3638 3278 3695 καὶ
3365 3636 3533 3701 οὕτως
3603 3633 3869 3714 ἀριδήλως

2219 3727 2313 3783 τὸν
2360 3729 2582 3796 νικητὴν
2630 3729 2944 3810 στεφανίτην
2996 3725 3397 3808 ἀναδειχθῆναι,
3454 3724 3544 3785 Ἐν
3597 3733 3674 3800 τῷ
3699 3733 3872 3805 καιρῷ

488 3806 680 3873 beata;
708 3809 1017 3870 memoriae
1046 3803 1476 3886 Fantinus(22)
1506 3804 1763 3894 exstasin
1797 3816 1888 3867 est
1907 3825 2133 3887 passus,

2223 3813 2402 3889 ἐκείνῳ
2470 3803 2747 3880 ἔκστασις·
2785 3817 3054 3873 ἐπιπίπτει
3123 3803 3219 3890 τῷ⁷
3268 3814 3532 3894 μακαρίτῃ
3602 3803 3862 3887 Φαντίνῴ,

488 3905 550 3963 et
576 3906 642 3961 ut
674 3915 811 3960 vere
846 3895 1066 3969 dicam,
1101 3894 1346 3956 mutatio
1379 3894 1635 3957 dexterae
1653 3893 2141 3960 Excelsiobvenit

2223 3902 2430 3971 ἀληθῶς
2461 3902 2507 3960 δ’
2556 3906 2727 3963 εἰπεῖν
2757 3904 3037 3969 ἀλλοίωσις
3088 3910 3186 3972 τῆς
3234 3893 3427 3968 δεξιᾶς
3450 3909 3543 3960 τοῦ
3594 3894 3866 3978 Ὑψίστου.

484 3986 595 4050 illi.
629 3985 776 4049 Nam
810 3985 977 4074 sicut
993 3982 1328 4074 audivimus
1377 3982 1758 4074 de__.leremia
1805 3983 1886 4060 εὖ,
1919 3985 2137 4066 capillo

2223 3995 2326 4051 Καὶ
2350 3997 2468 4050 οἷον
2513 3991 2580 4062 δὴ
2625 3996 2695 4063 τὴ
2742 3997 2832 4052 τὸν
2884 3986 3135 4074 Ἰερεμίαν
3177 3993 3436 4074 ἀκούομεν
3483 3994 3580 4060 τὴν
3628 3991 3871 4073 κεφαλὴν

485 4083 547 4139 et
572 4074 757 4138 barba
785 4073 1014 4163 abrasis
1044 4072 1398 4163 circumisse
1444 4071 1939 4163 Hierosolymam,
1974 4075 2137 4139 luctu

2223 4082 2307 4137 καὶ
2374 4083 2467 4138 τὸν
2533 4083 2767 4161 πώγωνα
2836 4071 3150 4163 ξυρήσαντα,
3220 4083 3317 4150 τὴν
3390 4071 3738 4161 Ἰερουσαλὴμ
3805 4081 3864 4137 ἐν

484 4164 688 4227 omnia
737 4161 1139 4251 complentem
1195 4170 1277 4251 et,
1320 4160 1677 4251 insanientis
1730 4162 2135 4245 suspicionem

2223 4171 2427 4248 θρήνοις
2485 4160 2871 4248 κατακομῶντα
2896 4160 2903 4163 ⁷
2933 4160 3215 4251 περιιέναι,
3276 4172 3364 4228 καὶ
3419 4160 3689 4245 ὑπόληψιν
3744 4167 3866 4235 ἐξε-

482 4252 728 4316 dedisse
757 4250 1201 4333 insipientibus,
1216 4250 1287 4313 ad
1302 4250 1579 4313 eumdem
1618 4251 1859 4314 modum
1893 4254 2138 4334 contigit

2223 4260 2478 4327 στηκότος
2507 4258 2702 4319 διδόναι
2750 4274 2867 4326 τοῖς
2911 4250 3317 4334 ἀνοήτοις,ίτὸν
3366 4258 3521 4316 αὑτὸν
3566 4260 3759 4337 τρόπον
3796 4259 3864 4326 ἦν

481 4348 542 4406 et
571 4340 743 4404 beato
774 4340 915 4403 huic
945 4340 1090 4414 viro,
1117 4340 1219 4421 qui
1242 4339 1450 4402 itidem
1475 4349 1600 4402 erat
1622 4341 1948 4423 prophetiae
1976 4341 2133 4405 dono

2223 4345 2451 4404 κατιδεῖν
2506 4350 2594 4406 καὶ
2647 4350 2764 4427 περὶ
2819 4351 2908 4406 τὸν
2951 4348 3423 4429 προφητικώτατον
3470 4348 3559 4403 καὶ
3604 4347 3867 4426 μακάριον

480 4430 1063 4519 excellentissimus.
1080 4428 1218 4493 Sive
1269 4429 1429 4510 enim
1477 4432 1821 4519 praesagiret
1851 4431 2130 4496 Vastatio-

2223 4435 2483 4519 ἔνθρωπον
2555 4446 2758 4500 τοῦτον.
2835 4439 2961 4497 Εἴτε
3016 4428 3115 4519 γὰρ
3170 4439 3267 4506 τὴν
3340 4437 3597 4505 αἰσθητὴν
3664 4437 3863 4505 ταύτης

477 4538 646 4601 nem,
680 4538 857 4600 quam
910 4517 1099 4581 oculis
1148 4519 1474 4594 cernimus,
1530 4517 1793 4599 regionis
1845 4520 2024 4602 hujus
2068 4528 2127 4582 et

2223 4517 2317 4596 τῆς
2384 4528 2569 4609 χώρας
2641 4530 2983 4611 προφητεύων
3033 4517 3361 4601 κατάλυσιν,
3434 4527 3521 4582 καὶ
3594 4526 3690 4593 τὴν
3757 4533 3867 4584 τῶν

479 4609 878 4673 miserrimam
914 4609 1326 4670 excursionem
1354 4609 1772 4687 Agarenorum
1806 4608 1955 4690 (23),
2002 4610 2130 4675 siue

2223 4608 2519 4698 Ἀγορηνῶν
2611 4608 2875 4687 οἰκτίστην
2958 4617 3230 4676 ἐπέλευσιν
3264 4637 3278 4653 ⁸
3374 4616 3487 4673 εἴτε
3570 4617 3672 4685 τὴν
3763 4622 3868 4684 τῆς

477 4699 820 4788 generalem
848 4696 1411 4788 virtutisdel‘ectum
1441 4704 1505 4788 et
1532 4697 1977 4778 prolapsionem
2004 4719 2131 4763 mo-

2223 4696 2404 4788 ὶρετῆς
2475 4707 2712 4777 παντελῆ
2800 4708 3059 4784 ἔλλειψιν,
3149 4709 3235 4764 καὶ
3317 4712 3424 4763 τῶν
3498 4706 3870 4784 μοναστηρίων

474 4786 876 4877 nasteriorum
904 4785 980 4877 ad
1009 4784 1146 4848 vitia
1172 4792 1231 4848 et
1261 4784 1528 4866 plebeios
1550 4805 1773 4862 mores,
1800 4788 1957 4868 quod
1988 4808 2127 4853 ver)

2223 4797 2344 4876 πρὸς
2390 4799 2576 4856 κακίαν
2624 4798 2903 4857 ἀπόκλισιν
2950 4800 3038 4855 καὶ
3080 4795 3394 4877 χυδαίωσιν,
3448 4796 3476 4850 ὃ
3519 4796 3606 4851 καὶ
3660 4792 3870 4869 μᾶλλον

475 4875 717 4971 propius
742 4884 857 4949 est,
882 4873 1232 4971 circumibat
1255 4884 1315 4938 et
1333 4873 1781 4971 ipse-similiter,
1808 4876 2130 4958 deplorans

2223 4873 2324 4944 ἐστὶ
2368 4889 2681 4971 κυριώτερον
2716 4906 2729 4921 ⁸
2792 4889 2990 4966 ὁμοίως
3046 4873 3135 4946 καὶ
3194 4888 3347 4951 αὑτὸς
3378 4873 3604 4967 περιῄει
3650 4886 3867 4965 θρήνοις

480 4964 822 5042 ecclesiam,
883 4963 1246 5027 monasteria
1300 4970 1359 5027 et
1413 4962 1621 5042 libros,
1672 4961 1804 5027 illas
1850 4965 2133 5049 inquiens

2223 4961 2603 5036 nataxwict'xov‘
2644 4979 2740 5042 τάς
2810 4961 2869 5035 τε
2926 4976 3210 5045 ἐκκλησίας
3265 4978 3354 5033 καὶ
3406 4961 3477 5031 τδί
3530 4961 3865 5052 μοναστήρια

552 5082 613 5135 95
637 5083 859 5148 larem.
887 5099 994 5162 vn,
1028 5080 1130 5146 29.

1869 5263 2113 5329 Joannis
2138 5264 2262 5330 Clei
2290 5274 2468 5333 notae.

558 5376 678 5460 (22)
701 5375 868 5460 Idem
888 5375 1144 5460 isestS.
1165 5375 1476 5460 Eantinus,
1500 5375 1602 5459 qui
1639 5374 1738 5438 die
1765 5373 1846 5460 $0
1871 5370 2119 5455 Augusti
2199 5452 2215 5460 _
2276 5371 2408 5460 $23)
2447 5372 2679 5460 Saecula
2724 5391 2786 5437 x1
2816 5381 2876 5437 et
2901 5374 3011 5460 sub
3042 5372 3437 5460 praedecentis
3469 5371 3648 5460 ﬁnem
3683 5368 3864 5460 Cala-

475 5451 714 5523 colitur.
745 5455 831 5537 Ex
857 5455 1148 5537 Calabria
1193 5456 1257 5518 in
1305 5451 1613 5520 Orientem
1654 5451 2114 5537 profectus'est,
2199 5451 2393 5515 hriam
2419 5454 2769 5537 vicinasque
2798 5451 3077 5535 regiones
3107 5457 3357 5537 horrore
3376 5451 3862 5537 compleverunt,

470 5535 1522 5620 variasqneibiregionesperagravit,
1540 5533 1903 5620 tandemque
1921 5535 2114 5620 Thes-
2198 5541 2263 5597 ut
2291 5535 2508 5615 saepius
2534 5533 2695 5620 ante;
2719 5533 3276 5620 _Saraceni,_omnja
3305 5534 3465 5620 ferro
3497 5533 3863 5620 ﬂammaque

471 5609 755 5683 salonica:
781 5609 1063 5693 substitit,
1097 5609 1226 5694 ubi,
1261 5609 1663 5681 ex'actis’octo
1717 5609 1911 5692 annis,
1945 5614 2115 5679 obiit.
2199 5609 2513 5697 vastantes,
2566 5623 2629 5677 ut
2676 5609 2991 5697 biographi
3026 5609 3145 5680 ’SS.
3202 5613 3435 5679 Fantini
3480 5620 3539 5697 et
3594 5609 3858 5697 Barttio-

467 5701 631 5781 Fuga
666 5698 795 5781 ejus
821 5690 1065 5781 contigit
1090 5690 1221 5781 post
1250 5698 1513 5781 medium
1549 5698 1831 5781 saeculum
1855 5690 1950 5781 ita
1975 5696 2120 5781 hinc
2200 5695 2742 5781 lomaei,_Di_tmaru_s
2760 5690 2981 5781 aliique
3003 5697 3265 5781 tradunt,
3293 5697 3368 5758 de
3396 5691 3619 5776 quibus
3651 5690 3855 5755 omni~

468 5775 669 5845 obitus
697 5775 828 5861 ejus
857 5778 967 5843 sub
987 5775 1196 5843 'ﬁn'em
1254 5779 1521 5861 ejusdem
1572 5778 1803 5843 videtur
1856 5778 1956 5860 ﬁgi
2006 5777 2119 5841 de-
2200 5775 2309 5840 bus
2340 5776 2473 5840 vide
2501 5775 2910 5842 Baroniumin
2938 5776 3287 5842 Annalibus.

471 5861 641 5927 bere.
