4182 6412
419 362 487 426 5Ἱ
1669 359 1856 423 VITA
1899 361 1959 422 S.
2006 356 2166 422 NILl
2207 355 2581 421 JUNIORIS.
3736 355 3814 419 58

422 501 512 555 καὶ
536 499 631 561 τὰς
659 495 876 574 βίϐλους
912 513 930 531 ⁸
964 499 1061 562 τὰς
1106 497 1206 572 μὲν
1251 494 1446 574 λέγων,
1501 494 1581 551 ὅτι
1611 493 1746 552 ὄνων
1773 497 1861 553 καὶ
1888 495 2079 576 βορδο-

2166 489 2344 553 asinis
2372 489 2642 571 oppletas
2667 495 2726 550 et
2762 488 3059 570 jumentis
3109 487 3418 576 vilissimis
3447 478 3582 552 esse
3613 489 3814 570 pollu-

428 591 549 643 νίων
579 585 926 656 ἐπλήσθησαν
989 587 1078 642 καὶ
1129 583 1452 660 μεμόλυνται
1490 603 1504 618 ·
1555 584 1622 640 τὰ
1651 582 1706 640 δὲ
1736 585 2080 664 πυρίκαυστα,

427 675 578 753 φησὶ,
606 675 884 751 γεγόνασι,
918 674 1008 729 καὶ
1036 671 1316 729 ἀπώλοντο
1349 687 1362 702 ·
1411 671 1506 735 τὰς
1550 669 1605 727 δὲ
1653 671 1732 728 ὅτι
1775 669 2087 752 ἐϐράχησαν

429 765 520 819 καὶ
586 762 945 841 ἠχρειωνται,

434 850 656 931 ἔχομεν.
714 841 902 906 ’Ἡνίκα
960 849 1015 906 δὲ
1059 847 1282 929 ἀδελφὸν
1334 849 1472 929 ἑώρα
1529 854 1626 916 τῆς
1681 853 1838 908 αὑτοῦ
1891 854 2084 930 μονῆς,

435 942 508 1004 ὡς
539 941 720 1020 νεκρὸν
750 937 954 995 ἐπένθει
986 939 1142 997 αὑτὸν
1187 935 1356 1014 λέγων
1383 957 1396 972 ⁸
1450 937 1530 994 ὅτι
1560 936 1667 1016 ἐγώ
1693 959 1774 1008 σε,
1807 938 1853 995 ὦ
1879 937 2083 1010 τέκνον,

435 1027 738 1086 ἀπέκτεινα.
811 1034 986 1084 Ταῦτα
1055 1027 1145 1083 καὶ
1211 1025 1278 1082 τά
1347 1033 1565 1083 τοιαῦτα
1635 1024 1811 1082 ἐλάλει
1881 1047 1939 1082 τε
2001 1027 2091 1082 καὶ

437 1116 626 1190 ἐποίει,
697 1118 836 1192 μήτε
905 1117 1008 1172 ὑπὸ
1079 1113 1274 1193 στέγην
1345 1114 1675 1194 ἀνεχόμενος
1741 1127 2086 1190 καταμεῖναι,

441 1209 580 1282 μήτε
647 1211 850 1286 τροφῆς
920 1204 1334 1282 ἀπογεύσασθαι,
1405 1201 1525 1260 ἀλλ’
1575 1203 1659 1261 ἐπὶ
1710 1205 1804 1268 τὰς
1857 1203 2086 1284 ἐρήμους

433 1294 783 1370 πλανώμενος
842 1291 1060 1370 διῃτᾶτο
1116 1305 1232 1356 τοῖς
1289 1291 1724 1373 ἀγριολαχάνοις.
1786 1299 1960 1350 Ταῦτα
2013 1294 2086 1356 εἷς

431 1384 694 1461 μεγίστην
748 1381 931 1457 θλτψιν
988 1383 1076 1438 καὶ
1123 1380 1297 1448 λύπην
1350 1379 1541 1460 ἤνεγκε
1586 1381 1777 1440 Νεῖλον
1829 1383 1920 1438 τὸν
1966 1381 2086 1438 ἀοί-

427 1469 588 1547 διμον
620 1489 636 1506 ·
684 1472 769 1528 καὶ
829 1467 1022 1549 σχεδὸν
1069 1471 1270 1548 νύκτωρ
1315 1490 1373 1525 τε
1421 1471 1507 1526 καὶ
1555 1468 1668 1542 μεθ’
1693 1469 1895 1550 ἡμέραν
1926 1469 2086 1526 ἐπέν-

425 1563 509 1616 θει
566 1561 654 1617 καὶ
711 1560 864 1622 ὠτὸς
922 1559 1020 1627 τὴν
1069 1557 1313 1639 στέρησιν
1356 1568 1449 1618 τοῦ
1495 1557 1659 1619 καλοῦ
1698 1559 1952 1634 συννόμου
1997 1559 2086 1614 καὶ

425 1649 769 1726 συνεργάτου,
865 1646 1129 1710 Πολλάκις
1226 1648 1325 1728 γὰρ
1419 1646 1832 1718 ἀκολουθήσαντι
1941 1651 2082 1722 αὑτῷ

426 1737 822 1817 ἀναχωροῦντι,
889 1738 978 1793 καὶ
1043 1734 1368 1794 δυσωποῦντι
1438 1745 1530 1794 τοῦ
1598 1735 1922 1817 ὑποστρέψαι
1993 1738 2080 1794 καὶ

422 1826 702 1906 ᾐσυχάσαι
751 1826 804 1883 ἐν
851 1833 927 1901 τῷ
977 1825 1336 1905 μοναστηρίῳ,
1381 1829 1485 1906 οὐχ
1525 1827 1792 1896 ὑπήκουσε
1851 1823 2021 1902 λέγων
2057 1839 2071 1855 ⁸

436 1899 576 1972 ἡ
603 1919 647 1970 οἱ
697 1915 751 1972 ἐν
807 1921 874 1991 τῇ
902 1899 1070 1990 ἐμονῇ
1129 1899 1230 1972 οὖκ-
1269 1899 1367 1970 εἰσί
1415 1899 1516 1991 μου
1574 1913 1807 1995 ἀδελφοὶ,
1858 1899 1972 1970 ἐπεὶ
2021 1911 2081 1968 ἂν

1034 761 1125 816 καὶ
1205 759 1391 816 λοιπὸν
1460 766 1561 816 ποῦ
1629 759 1924 839 ἀναγνῶναι
1995 759 2090 817 οὑκ

2168 587 2278 659 tas,
2311 577 2673 641 monasteria
2693 576 2950 640 ﬂammis
2978 575 3288 639 combusta
3309 577 3584 659 periisse,
3629 577 3813 641 libros

2167 667 2526 730 madefactos
2557 686 2677 729 non
2712 685 2844 730 esse
2874 665 3127 748 amplius
3157 665 3314 739 usui,
3365 685 3477 729 nec
3499 667 3623 747 jam
3656 685 3812 744 esse,

2170 757 2329 839 quod
2362 757 2625 836 legamus
2657 757 2802 828 (24).
2837 755 2980 820 Cum
3012 775 3153 818 vero
3183 755 3440 837 aliquem
3465 755 3816 820 monasterii

2170 845 2263 909 sui
2293 845 2536 908 fratrem
2566 845 2822 923 videbat,
2845 844 3081 924 lugebat
3102 845 3266 908 illum
3286 845 3454 925 quasi
3485 855 3810 919 mortuum,

2171 933 2523 1016 dicebatque
2554 955 2570 994 :
2605 935 2727 1013 Ego
2760 943 2840 1015 te,
2873 934 2981 1008 illi,
3018 933 3233 996 occidi.
3296 932 3435 996 Haec
3486 943 3542 996 et
3597 933 3818 996 similia

2171 1023 2380 1101 agebat
2405 1032 2462 1085 et
2482 1023 2853 1104 loquebatur,
2877 1041 3071 1105 neque
3091 1023 3200 1085 sub
3226 1031 3378 1086 tecto
3409 1041 3677 1098 manere,
3703 1041 3816 1086 nec

2170 1112 2367 1175 cibum
2382 1131 2620 1174 sumere
2631 1113 2858 1189 volens,
2883 1113 2988 1175 sed
3006 1131 3112 1193 per
3123 1113 3254 1174 loca
3274 1112 3562 1175 oberrans
3575 1113 3816 1175 deserta

2169 1200 2537 1263 silvestribus
2559 1201 2860 1264 victitabat
2879 1201 3142 1263 oleribus
3193 1200 3330 1263 Haec
3352 1199 3810 1262 celeberrimum

2167 1289 2364 1352 Nilum
2399 1309 2651 1353 maerore
2681 1298 2740 1353 et
2785 1290 2995 1352 dolore
3040 1292 3297 1353 maximo
3347 1291 3729 1371 perculerunt
3759 1295 3819 1350 et

2170 1378 2295 1441 fere
2324 1378 2426 1440 diu
2458 1387 2752 1460 noctuque
2785 1377 3041 1441 deflebat
3099 1386 3158 1440 et
3199 1379 3332 1460 ipse
3363 1377 3571 1459 optimi
3596 1377 3816 1440 sodalis

2171 1477 2232 1530 et
2259 1469 2664 1549 cooperatoris
2690 1467 3024 1531 orbitatem.
3055 1467 3202 1530 Nam
3223 1486 3360 1530 cum
3382 1485 3540 1548 saepe
3571 1473 3816 1529 secutus

2167 1556 2340 1618 illum
2373 1557 2752 1619 secedentem
2783 1564 3038 1634 rogaret,
3072 1564 3138 1617 ut
3182 1555 3407 1617 rediret
3455 1555 3528 1617 ad
3574 1572 3717 1616 suos
3758 1561 3820 1617 et

2166 1645 2406 1708 sederet
2427 1645 2486 1706 in
2519 1645 2900 1726 monasterio,
2923 1643 3204 1708 audiebat
3223 1644 3296 1706 ab
3337 1645 3439 1706 illo
3477 1651 3810 1706 renuente:

2164 1733 2274 1808 Qui
2305 1743 2442 1796 sunt
2469 1734 2528 1798 in
2561 1733 2948 1810 monasterio,
2974 1734 3185 1796 fratres
3207 1733 3324 1795 mei
3346 1752 3462 1795 non
3485 1740 3643 1807 sunt,
3670 1750 3807 1793 nam

2164 1831 2222 1886 et
2251 1823 2363 1904 ipsi
2401 1842 2635 1887 mecum
2667 1824 2917 1887 flerent:
2955 1842 3114 1884 nunc
3133 1830 3338 1886 contra
3361 1821 3477 1903 ipsi
3492 1822 3694 1885 furere
3715 1838 3812 1883 me

2164 1919 2222 1974 et
2250 1912 2519 1975 insanire
2549 1919 2779 1995 putant.

423 2007 512 2060 καὶ
580 2007 726 2062 αὑτοὶ
789 2003 1000 2062 ἔκλαιον
1069 2003 1159 2059 σὺν
1229 2001 1350 2078 ἐμοί
1379 2018 1396 2037 ⁸
1469 2005 1614 2061 αὐτοὶ
1684 2000 1738 2059 δὲ
1804 2001 2100 2059 τούναντίον
2169 2009 2406 2060 ποιοῦσιν
2477 2002 2816 2083 ἐξεστηκότα,
2887 2005 2976 2060 καὶ
3045 2002 3360 2078 μαινόμενόν
3432 2022 3499 2078 με
3567 2006 3814 2079 κρατοῦν-

424 2115 534 2158 τις.

509 2171 613 2244 κε’.
667 2155 792 2240 ’,Εσο
858 2183 1030 2240 τοίνυν
1103 2181 1403 2260 γινώσκων,
1477 2180 1815 2248 πολυπόθητε
1883 2181 2077 2261 Πάτερ,

428 2273 514 2328 ὅτι
544 2269 865 2349 διαϐήσομαι
913 2273 1044 2352 πρὸς
1092 2272 1190 2339 τὴν
1231 2268 1342 2328 ἅνω
1389 2271 1596 2352 χώραν,
1647 2271 1807 2328 κάκεῖ
1857 2269 2082 2327 τελειω-

427 2363 688 2436 θήσομαι,
758 2363 848 2418 καὶ
917 2363 989 2425 εἰς
1061 2361 1123 2416 τὸ
1182 2361 1533 2440 μοναστήριόν
1586 2383 1688 2436 μου
1738 2358 1910 2417 οὐκέτι
1958 2359 2081 2416 ἐπι-

427 2451 825 2529 στραφήσομαι.
890 2450 1054 2513 Αὐτὸς
1113 2448 1208 2523 μὲν
1263 2448 1351 2505 οὗν
1410 2452 1439 2506 ὁ
1487 2451 1766 2529 μακάριος,
1823 2449 1955 2507 καθᾶ
1995 2450 2084 2504 καὶ

425 2538 764 2616 προείρηκεν,
853 2535 992 2594 οὕτω
1081 2538 1168 2594 καὶ
1241 2537 1535 2618 τετέλεκεν,
1606 2535 1922 2594 καταλαϐὼν
1991 2539 2083 2594 τὸν

426 2626 618 2697 τόπον,
687 2625 743 2681 ἐν
809 2629 855 2700 ᾧ
913 2627 1206 2705 προώρισεν
1262 2628 1402 2706 αὑτῷ
1454 2629 1482 2683 ὁ
1535 2627 1664 2690 Θεὸς
1713 2628 1814 2706 πρὸ
1870 2625 2082 2683 πάντων

427 2721 539 2772 τῶν
588 2716 794 2772 αἰώνων
841 2713 1208 2782 τελειωθῆναι.
1266 2705 1325 2773 Ὀ
1382 2713 1436 2770 δὲ
1489 2713 1634 2779 ὅσιος
1693 2705 1876 2794 Πατὴρ
1927 2717 2081 2790 ἡμῶν

432 2803 631 2868 Νεῖλος
700 2804 1034 2884 ὑποστρέψας
1104 2805 1158 2862 ἐν
1227 2811 1303 2878 τῷ
1371 2803 1640 2878 σπηλαίῳ,
1713 2804 1766 2860 ἐν
1839 2805 2082 2880 ὑπομονῇ

431 2890 688 2972 διήρχετο
745 2894 844 2960 τὴν
900 2894 1091 2960 στενὴν
1137 2893 1334 2960 ταύτην
1380 2891 1552 2960 πύλην
1599 2894 1686 2948 καὶ
1730 2890 2083 2967 τεθλιμμένην

432 2979 554 3038 ὁδὸν
611 2983 710 3048 τὴν
769 2981 966 3061 ὀλίγοις
1016 2981 1415 3061 εὑρισκομένην.
1487 2989 1761 3061 Ερχομται
1808 2990 2084 3058 τοιγαροῦν

2246 2179 2346 2244 25.
2381 2178 2542 2244 Scito
2560 2179 2764 2262 igitur,
2795 2179 3184 2243 dilectissime
3203 2179 3398 2256 Pater,
3434 2195 3530 2241 me
3550 2177 3622 2241 ad
3640 2195 3813 2259 supe-

2166 2267 2386 2330 riorem
2412 2270 2794 2332 transiturum
2823 2270 3154 2349 regionem,
3180 2268 3381 2349 ibique
3413 2277 3666 2330 mortem
3698 2284 3812 2346 op-

2165 2357 2484 2439 petiturum
2537 2367 2594 2420 et
2649 2360 2726 2422 ad
2785 2377 2983 2421 meum
3036 2357 3459 2420 monasterium
3505 2373 3809 2436 nunquam

2164 2463 2566 2510 reversurum.
2600 2445 2803 2528 Itaque
2830 2447 3035 2509 beatus
3065 2446 3165 2507 ille
3195 2445 3388 2520 Pater,
3445 2445 3596 2506 sicut
3649 2461 3808 2524 prae-

2167 2534 2337 2616 dixit,
2373 2536 2553 2597 finem
2585 2536 2828 2598 sortitus
2859 2545 2971 2610 est,
3004 2536 3066 2596 in
3100 2553 3233 2596 eum
3269 2533 3566 2616 profectus
3586 2532 3806 2612 locum,

2166 2623 2228 2684 in
2259 2643 2376 2704 quo
2409 2623 2575 2686 illum
2627 2643 2699 2688 ex
2732 2627 2842 2687 hac
2889 2625 3004 2686 vita
3054 2623 3441 2701 migraturum
3492 2621 3648 2683 Deus
3675 2628 3814 2682 ante

2168 2712 2555 2793 praﬁnierat.
2579 2714 2653 2776 At
2687 2721 2932 2777 sanctus
2948 2711 3302 2775 PaterNilus
3323 2729 3455 2772 cum
3479 2710 3539 2771 in
3569 2709 3812 2786 spelun-

2165 2820 2294 2863 cam
2319 2812 2667 2879 remeasset,
2695 2803 2755 2865 in
2791 2804 3070 2885 patientia
3093 2819 3198 2883 per
3217 2808 3520 2881 augustam
3554 2805 3807 2881 portam,

2166 2899 2225 2952 et
2243 2891 2541 2971 spinosam
2565 2892 2691 2956 ibat
2712 2893 2886 2967 viam,
2929 2912 3038 2974 per
3064 2911 3238 2973 quam
3264 2889 3594 2972 procedunt
3615 2887 3807 2967 pauci.

2168 2977 2432 3042 Veniunt
2484 2981 2665 3061 igitur
2720 2983 2790 3044 ad
2854 2983 3046 3064 ipsum
3102 2981 3302 3043 Patres
3349 2975 3693 3040 monasterii
3738 2975 3807 3038 Β.

430 3072 563 3147 πρὸς
624 3072 778 3130 αὑτὸν
832 3074 878 3128 οἱ
919 3076 1018 3138 τῆς
1073 3076 1240 3147 μονῆς
1283 3080 1377 3130 τοῦ
1422 3073 1565 3129 ὁσίου
1613 3071 1866 3127 Φαντίνου
1917 3070 2081 3126 Πατέ-

2166 3069 2422 3144 Fantini,
2484 3070 2886 3147 obsecrantes,
2947 3080 3012 3133 ut
3069 3070 3334 3133 laborem
3377 3066 3712 3166 susciperet
3752 3071 3813 3126 et

434 3181 541 3238 ρες,
604 3158 1030 3238 παρακαλοῦντες
1088 3159 1244 3217 αὑτὸν
1310 3158 1589 3232 σκυλῆναι,
1647 3161 1735 3215 καὶ
1790 3159 2080 3236 ἡγούμενον

2166 3157 3148 3240 constitueretipsishegumenum,
3167 3174 3604 3240 quemcumque
3626 3153 3810 3234 pietas

429 3251 615 3310 αὐτοῖς
642 3253 970 3315 καταστῆσαι
1003 3249 1060 3305 ὃν
1112 3246 1173 3304 ἂν
1222 3245 1485 3313 ἐκλέξοιτο
1542 3249 1576 3315 ἡ
1607 3247 1764 3303 αὑτοῦ
1811 3247 2024 3314 ὁσιότης
2063 3262 2076 3277 ⁸

429 3336 547 3410 περὶ
599 3335 698 3413 γὰρ
754 3335 911 3392 αὑτοῦ
967 3335 1168 3395 ἐκείνου
1220 3332 1437 3412 ᾐδοῦντο
1484 3337 1570 3392 καὶ
1620 3336 1877 3410 ὀνομάσαι
1927 3336 2082 3412 γινώ-

428 3443 646 3485 σκοντες
677 3425 766 3478 τὸν
818 3422 998 3502 ἄνδρα,
1055 3414 1112 3481 Ὀ
1158 3421 1212 3479 δὲ
1263 3422 1407 3488 εἴξας
1455 3429 1524 3500 τῇ
1570 3427 1740 3482 αὐτῶν
1793 3421 2078 3500 παρακλή-

426 3532 533 3591 σει,
593 3513 681 3568 καὶ
737 3510 981 3569 εἰσελθὼν
1029 3511 1082 3569 ἐν
1133 3519 1201 3588 τῇ
1259 3518 1396 3590 μονῇ
1454 3509 1569 3589 μετ’
1621 3517 1790 3571 αὐτῶν
1844 3510 2080 3578 εἰσῆλθεν

428 3599 483 3654 ἐν
542 3606 612 3676 τῇ
677 3599 932 3674 ἐκκλησίᾳ
980 3607 1077 3657 τοῦ
1132 3599 1392 3667 εὔξασθαι.
1452 3603 1551 3660 Καὶ
1596 3602 1807 3663 πάντων
1853 3600 2082 3658 ἀκολου-

423 3689 704 3754 θησάντων
773 3691 939 3765 αὐτῷ,
1014 3691 1150 3764 μετὰ
1217 3692 1278 3748 τὸ
1331 3690 1672 3759 τελειωθῆναι
1730 3693 1828 3758 τὴν
1886 3689 2078 3770 εὒχὴν,

425 3780 458 3834 ὃ
513 3777 652 3833 κατὰ
707 3777 872 3856 σάρκα
929 3775 1153 3859 ἀδελφὸς
1196 3785 1289 3837 τοῦ
1338 3780 1744 3860 μακαριωτάτου
1799 3780 2078 3853 Φαντῖνου,

429 3872 640 3928 Λουκᾶς
708 3873 783 3940 τῷ
847 3866 1091 3946 ὀνόματι,
1165 3865 1536 3948 προσδραμὼν,
1599 3869 1688 3925 καὶ
1742 3873 1847 3924 τῶν
1905 3865 2080 3925 ποδῶν

426 3960 523 4010 τοῦ
579 3955 722 4010 ὁσίου
786 3952 1130 4035 δραξάμενος,
1199 3955 1376 4035 ὅρκοις
1443 3957 1598 4014 αὑτὸν
1657 3958 1744 4012 καὶ
1800 3954 2080 4030 ἐπιτιμίοις

2165 3245 2294 3324 ejus
2342 3245 2693 3327 delegisset:
2730 3249 2895 3310 illum
2945 3249 3106 3310 enim
3142 3247 3335 3328 ipsum
3368 3245 3460 3306 vel
3493 3242 3806 3305 nominare

2165 3334 2545 3410 verebantur,
2581 3356 2714 3398 cum
2743 3337 2928 3418 probe
2953 3336 3255 3398 hominem
3282 3333 3524 3397 scirent.
3551 3329 3810 3393 Cessitis

2166 3423 2446 3504 precibus
2479 3424 2717 3488 illorum
2751 3435 2810 3487 et
2839 3427 3100 3506 perrexit
3123 3443 3257 3488 cum
3289 3424 3405 3484 illis
3429 3422 3490 3482 in
3516 3427 3813 3482 monaste-

2165 3511 2366 3573 rium:
2426 3521 2484 3574 et
2514 3513 2780 3592 ingresso
2812 3514 2942 3595 ipso
2989 3515 3050 3575 in
3103 3512 3417 3575 ecclesiam
3473 3517 3540 3571 ut
3586 3517 3807 3588 oraret,

2166 3617 2375 3664 omnes
2422 3601 2726 3664 Subsecuti
2778 3609 2936 3666 sunt.
2987 3603 3230 3665 Peracta
3283 3599 3572 3666 oratione.
3625 3597 3812 3660 frater

2166 3688 2490 3751 beatissimi
2525 3691 2755 3754 Fantini
2798 3692 3124 3753 secundum
3176 3707 3439 3769 carnem,
3473 3687 3663 3749 Lucas
3695 3704 3808 3747 no-

2165 3777 2347 3851 mine,
2371 3797 2712 3856 accurrens,
2744 3780 3045 3861 pedesque
3067 3779 3251 3840 sancti
3276 3777 3380 3838 viri
3412 3775 3806 3856 amplexatus,
3833 3796 3850 3803 ε

2163 3867 2481 3929 horrendis
2505 3869 2762 3931 maxime
2784 3869 3299 3943 obtestationibus,
3323 3867 3706 3945 dirarumque
3729 3863 3812 3925 in-

2166 3956 2690 4020 terminationibus
2713 3977 2817 4040 per
2841 3969 3102 4020 sanctam
3125 3957 3469 4020 Trinitatem
3493 3963 3552 4015 et
3571 3959 3810 4015 sanctos

429 4040 872 4123 φρικωδεστάτοις
930 4043 1035 4100 ἀπό
1086 4066 1144 4100 τε
1195 4051 1294 4113 τῆς
1353 4045 1506 4123 ἁγίας
1576 4042 1792 4112 Τριάδος
1841 4043 1928 4100 καὶ
1975 4049 2081 4100 τῶν

2166 4043 2368 4106 Patres
2395 4046 2731 4126 adjurabat,
2759 4055 2825 4110 ut
2878 4057 3172 4130 pastorem
3223 4053 3282 4108 et
3311 4046 3713 4122 hegumenum
3743 4059 3811 4102 se

427 4132 597 4208 ἁγίων
667 4131 908 4211 Πατέρων
1004 4130 1234 4190 ὑπέϐαλε
1321 4143 1414 4193 τοῦ
1494 4131 1866 4197 καταδέξασθαι
1941 4131 2080 4188 εἶναι

2166 4150 2296 4195 esse
2324 4141 2644 4226 pateretur.
2682 4133 2832 4208 Quid
2863 4137 3165 4228 agendum
3187 4141 3310 4228 errt
3336 4133 3458 4228 viro
3491 4131 3810 4228 sagacitate

426 4221 589 4278 αὑτὸν
657 4210 841 4284 αὑτοῖς
912 4221 1140 4296 ποιμένα
1203 4225 1291 4280 καὶ
1359 4223 1790 4303 χατηγούμενον,
1863 4221 1922 4277 Τί
1993 4220 2078 4276 οὖν

2166 4222 2222 4303 et
2243 4210 2607 4303 perspicacia
2629 4210 3113 4296 praestantissimo
3134 4215 3165 4276 ?
3195 4214 3521 4303 Praevalens
3550 4212 3678 4292 ipse
3707 4210 3810 4273 de-

428 4308 561 4386 εἶχε
611 4313 831 4374 ποιῆσαι
886 4311 914 4364 ὁ
977 4291 1230 4390 ἀγχίνους
1288 4291 1492 4374 ἐκείνος
1526 4291 1674 4388 ⁷ἀνῆρ
1720 4311 1808 4365 καὶ
1853 4309 1971 4388 περὶ
2020 4309 2080 4364 τὸ

2166 4291 2408 4363 ιὶηήθηιίὲ
2437 4301 2606 4364 Lucae
2630 4291 2908 4366 inanibus
2931 4313 2989 4366 et
3005 4323 3121 4365 non
3141 4302 3402 4365 absimili
3419 4291 3593 4363 modo
3630 4300 3810 4390 pedes

428 4393 774 4463 διανοηθῆναι
844 4396 999 4479 ὀξύς-ς
1030 4387 1464 4480 ΠὶΥπερισχύσας
1531 4387 1655 4455 τῶν
1711 4403 1908 4477 χειρῶν
1989 4407 2081 4455 τοῦ

2166 4389 2296 4484 ejus
2355 4391 2747 4470 prehensans,
2808 4393 3022 4456 iisdem
3070 4392 3307 4454 funibus
3353 4387 3804 4469 circumligavit,

426 4491 770 4565 κρατοῦντος,
829 4487 916 4542 καὶ
972 4477 1048 4562 τῷ
1115 4477 1256 4563 αὑτῷ
1297 4477 1552 4568 ’σχήματι
1608 4483 1905 4563 περιλαϐὼν
1961 4486 2081 4548 τοὺς

2166 4477 2382 4568 quibus
2405 4479 2502 4542 ille
2526 4480 2826 4560 ligaverat,
2851 4482 3164 4544 uttandem
3187 4482 3236 4543 is
3259 4480 3808 4568 interminationum

425 4570 599 4636 πόδας
628 4572 805 4647 αὑτοῦ,
858 4588 979 4639 τοῗς
1027 4575 1209 4639 αὑτοῖς
1256 4577 1514 4658 σχοινίοις
1565 4577 1650 4637 οἷς
1699 4573 1964 4654 ἐκέχρητο
1994 4574 2081 4629 αὖ·

2166 4567 2354 4658 nodos
2383 4569 2648 4658 solverit,
2699 4577 2759 4632 et
2809 4570 2936 4632 fieri
2979 4569 3093 4632 sibi
3146 4586 3352 4658 passus
3402 4566 3600 4658 fuerit,
3650 4565 3808 4658 quod

425 4662 521 4716 τὸν
568 4659 895 4740 περιέδησεν,
955 4663 1091 4720 ὥστε
1135 4654 1495 4722 λῦσαιηαὺτὸν
1538 4663 1604 4718 τὰ
1652 4658 1763 4716 ἴδια
1811 4660 2069 4734 ἐπιτίμια,

2166 4673 2276 4734 per
2304 4655 2552 4718 insidias
2584 4658 2744 4720 Patri
2777 4658 3149 4721 moliebatur.
3183 4657 3323 4719 Erat
3371 4655 3530 4718 enim
3567 4663 3625 4716 et
3653 4654 3805 4735 ipse,

419 4751 511 4804 καὶ
583 4750 818 4826 γενέσθαι
885 4755 1027 4826 αὐτῷ
1083 4751 1212 4832 ὅπερ
1273 4758 1350 4827 τῷ
1423 4751 1580 4820 πατρὶ
1650 4746 2022 4805 ἐπεϐούλευσεν
2056 4763 2070 4778 ⁸

2162 4743 2297 4805 licet
2325 4745 2661 4807 divinarum
2693 4745 3134 4828 Scripturarum
3166 4765 3284 4807 non
3305 4743 3622 4806 admodum
3648 4741 3807 4822 peri-

416 4837 489 4905 ἦν
521 4837 620 4915 γὰρ
648 4840 736 4893 καὶ
765 4840 944 4910 αὐτὸς,
989 4841 1032 4896 εἶ
1073 4841 1162 4898 καὶ
1215 4841 1292 4916 μὴ
1350 4839 1465 4896 λίαν
1515 4838 1762 4915 ἔμπειρος
1793 4843 1895 4894 τῶν
1924 4836 2075 4893 θείων

2166 4835 2278 4907 tus,
2295 4843 2466 4914 aptus
2481 4843 2680 4897 tamen
2697 4835 2767 4898 ad
2782 4835 3218 4916 suscipiendam
3231 4832 3808 4896 administrationem

419 4927 670 5006 Γραφῶν,
740 4925 860 4983 ἀλλ’
933 4929 1078 4987 οὗνθε
1135 4931 1491 5010 οἷκονομικὺς,
1547 4930 1636 4985 καὶ
1692 4927 1926 5002 συνετὸς,
1989 4927 2076 4982 καὶ

2166 4931 2216 4984 et
2239 4923 2522 5004 prudens,
2554 4925 2804 5006 vitaeque
2833 4925 3226 4989 sanctimonia
3283 4923 3448 4986 fratri
3499 4941 3618 4984 non
3651 4921 3810 4984 infe-

421 5023 502 5090 τῷ
555 5017 654 5092 βίῳ
708 5015 874 5091 μηδὲν
929 5017 1167 5077 ἀποδέων
1221 5027 1311 5076 τοῦ
1357 5017 1604 5098 ἀδελφοῦ.
1665 5016 1938 5085 Συστήσας
1987 5015 2076 5072 οὖν

414 5106 595 5162 πάντα
660 5107 689 5161 ὁ
758 5103 909 5170 ὅσιος
976 5109 1158 5188 Πατὴρ
1233 5109 1370 5166 κατὰ
1434 5109 1497 5164 τὸ
1555 5112 1671 5181 Θεῷ
1728 5103 1934 5178 δοκοῦν,
1993 5106 2080 5161 καὶ

410 5197 702 5257 νουθεσίαις
762 5193 960 5259 ἐνθέοις
1019 5196 1392 5277 παρακαλέσας
1449 5196 1540 5252 καὶ
1591 5191 1836 5274 στηρίξας
1879 5195 1972 5250 τὸν
2020 5215 2078 5250 τε

2167 5012 2311 5076 rior.
2399 5013 2552 5092 Ergo
2645 5015 2852 5078 beatus
2938 5015 3050 5091 vir,
3123 5012 3459 5076 constitutis
3529 5010 3810 5074 omnibus

2162 5121 2294 5183 quae
2322 5121 2475 5183 opus
2504 5111 2672 5165 erant
2702 5104 2775 5166 ad
2801 5104 2906 5167 Dei
2925 5103 3391 5186 beneplacitum,
3415 5099 3810 5182 animatisque

2163 5197 2222 5254 et
2250 5191 2618 5254 confirmatis
2647 5211 2753 5273 per
2777 5211 2974 5255 sacras
3029 5192 3434 5255 institutiones
3464 5199 3581 5253 tam
3614 5190 3809 5270 begu-
3855 5233 3858 5236 ~

2161 5298 2362 5356 meno,
2413 5300 2587 5362 quam
2635 5281 2936 5358 fratribus,
2991 5282 3144 5344 hanc
3191 5281 3372 5344 etiam
3417 5278 3808 5342 tentationem

411 5284 712 5363 ἡγούμενον
761 5284 851 5340 καὶ
912 5285 1036 5350 τοὺς
1080 5284 1356 5367 ἀδελφοὺς,
1406 5281 1699 5361 ἀπηλλάγη
1750 5282 1840 5338 καὶ
1891 5281 2078 5339 τούτου

2161 5369 2484 5450 superavit,
2517 5370 2664 5433 dans
2693 5369 2946 5450 gloriam
2973 5379 3031 5434 et
3059 5370 3428 5435 benedicens
3453 5367 3600 5433 Deo.

407 5380 504 5429 τοῦ
533 5378 853 5452 πειρασμοῦ.
887 5367 1115 5444 δοξάζων
1143 5375 1232 5431 καὶ
1262 5372 1495 5452 εὐλογῶν
1526 5373 1616 5428 τὸν
1647 5371 1800 5435 Θεόν,

1809 5548 2057 5613 Joannis
2084 5549 2210 5614 Clei
2237 5559 2414 5614 notae.

492 5692 619 5776 (24)
647 5690 948 5758 Observat
977 5690 1409 5757 illustrissimus
1437 5687 1846 5773 Caryopbilus,
1877 5687 2044 5751 hisce
2068 5687 2219 5752 forte
2247 5686 2508 5754 Orientis
2534 5688 2792 5754 schisma
2823 5689 3004 5754 fuisse
3032 5690 3495 5773 praeﬁguratum.
