4182 6446
438 350 518 417 59
1946 356 2056 421 AN
2061 356 2162 421 ON
2168 358 2309 422 YMI
3739 363 3818 429 60

511 482 612 549 26.
637 485 753 550 Sed
771 486 896 567 jam
921 493 1159 568 tempus
1202 494 1316 564 est,
1357 497 1418 551 ut
1439 489 1670 553 favente
1698 489 1844 566 Deo,
1877 497 2076 553 retro-

2242 479 2348 553 κς..
2404 491 2595 568 Καιρὸς
2641 488 2696 546 δὲ
2746 490 2933 548 λοιπὸν
2979 491 3298 568 ἀνακάμψαι
3349 494 3494 569 ἡμᾶς
3537 491 3813 552 εὐδοκοῦν-

431 573 714 637 cedamus
742 575 818 638 ad
850 577 1258 640 narrationem
1293 577 1369 639 de
1397 577 1570 642 beato
1602 577 1903 660 Stephano
1925 577 2080 659 (25),

2166 601 2256 642 τος
2314 586 2445 638 Θεοῦ
2490 580 2579 635 καὶ
2635 577 2718 636 ἐπὶ
2785 579 2886 648 τὴν
2958 582 3176 657 μνήμην
3247 587 3338 638 τοῦ
3409 581 3675 658 ὁμοζήλου
3728 583 3817 639 καὶ

428 681 546 744 quo
594 667 843 744 Magnus
876 664 1050 750 Pater
1080 685 1220 728 usus
1265 674 1356 728 est
1401 667 1513 729 zeli
1544 669 1912 743 aemulatore,
1947 686 2080 731 cer-

2167 665 2418 724 συνάθλου
2485 668 2572 723 καὶ
2642 676 3052 747 συναγωνιστοῠ,
3139 675 3234 727 τοῦ
3306 669 3538 750 μεγάλου
3609 671 3813 750 Πατρὸς

430 751 720 815 taminum
755 757 919 816 socio
952 747 1016 816 et
1039 755 1470 832 commilitone,
1504 763 1570 818 ut
1596 756 1776 820 arbor
1808 777 1924 819 non
1960 765 2080 819 tan-

2169 757 2435 837 Στεφάνου
2489 763 2582 812 τοῦ
2640 757 2875 836 μάκαρος
2911 776 2926 791 ·
2985 757 3078 813 ἵνα
3143 758 3220 833 μὴ
3279 747 3439 834 μόνον
3493 761 3554 815 τὸ
3612 747 3814 838 δένδρον

435 847 558 902 tum
591 861 624 902 e
653 851 857 905 sancta
909 843 1113 906 radice
1159 853 1570 924 cognoscatur,
1625 846 1729 906 sed
1784 846 1960 908 etiam
2013 863 2080 906 ex

2168 845 2273 902 ἀπὸ
2330 851 2428 912 τῆς
2486 847 2637 925 ἁγίας
2695 848 2842 926 ῥίζης
2897 846 3238 926 γνωρίζηται,
3295 846 3432 903 ἀλλά
3479 845 3544 914 δὴ
3574 849 3661 904 καὶ
3711 847 3815 904 ἀπὸ

431 929 653 993 sanctis
676 931 966 994 fructibus
986 931 1288 1014 ramisque
1310 932 1692 994 admirationi
1712 933 1810 996 sit.
1835 933 2080 996 Conﬁdo

2166 939 2271 990 τῶν
2340 941 2555 1012 καρπῶν
2612 936 2700 992 καὶ
2771 934 2977 992 κλάδων
3050 936 3405 1010 θαυμάζηται.
3467 936 3706 992 Πιστεύω
3761 934 3817 990 δὲ

431 1028 654 1094 autem,
691 1039 796 1102 per
817 1021 1076 1083 divinam
1109 1040 1282 1102 opem
1317 1023 1442 1083 t‘ore
1484 1023 1639 1085 hanc
1671 1023 1845 1084 nobis
1876 1041 2080 1086 narra-

2166 1029 2240 1097 τῷ
2300 1029 2437 1098 Θεῷ,
2492 1021 2572 1080 ὅτι
2633 1023 2727 1079 οὒκ
2773 1025 2845 1088 εἰς
2890 1025 3042 1080 κενὸν
3093 1025 3230 1098 ἡμῖν
3279 1025 3312 1091 ἡ
3357 1025 3576 1091 τοιαύτη
3627 1025 3816 1099 μνήμη

430 1107 655 1170 tionem
689 1129 806 1170 non
838 1110 1110 1173 inutilem
1151 1133 1165 1174 :
1199 1128 1333 1172 nam
1365 1111 1598 1172 tametsi
1631 1112 1896 1173 aemulari
1927 1131 2082 1193 prae-

432 1196 796 1260 stantissima
842 1199 971 1280 ejus
1024 1205 1188 1278 gesta
1235 1218 1354 1260 non
1405 1200 1754 1281 poterimus,
1812 1210 1870 1262 at
1917 1213 2084 1264 certe

435 1303 571 1345 cum
623 1285 741 1348 ﬁde
789 1295 845 1348 et
892 1289 1177 1350 charitate
1219 1305 1396 1367 agere
1451 1288 1798 1352 memoriam
1849 1308 2082 1366 eorum,

437 1375 724 1455 consequi
757 1377 870 1437 erit
894 1376 1124 1438 veniam
1179 1376 1504 1440 multorum
1555 1377 1932 1458 delictorum,
1964 1385 2089 1438 uta

432 1463 734 1542 magistris
764 1465 1125 1545 accepimus.
1160 1464 1269 1527 Hic
1317 1464 1498 1544 igitur
1540 1473 1779 1526 sanctus
1829 1463 2085 1545 Stepha-

2167 1113 2469 1190 γενήσεται.
2523 1109 2670 1168 Ἀλλ’
2719 1114 2762 1168 εἷ
2815 1113 2891 1188 μὴ
2940 1113 3027 1169 καὶ
3079 1111 3314 1182 ζηλωταὶ
3365 1111 3612 1191 μεγάλων
3661 1111 3820 1168 αὖτοῦ

2166 1201 2586 1278 κατορθωμάτων
2659 1201 2897 1279 γενέσθαι
2957 1202 3274 1280 ίσχυσομεν,
3346 1202 3408 1257 τὸ
3473 1207 3598 1279 γοῦν
3671 1223 3818 1276 μνη-

2170 1288 2416 1363 μονεῦσαι
2469 1290 2640 1345 αὐτῶν
2698 1289 2831 1364 μετὰ
2881 1289 3108 1352 πίστεως
3161 1290 3247 1344 καὶ
3288 1288 3524 1367 ἀγάπης,
3582 1288 3820 1368 ἀφέσεως

2168 1379 2303 1451 ἡμῖν
2353 1375 2842 1453 πλημμελημάτων
2913 1376 3126 1434 πολλῶν
3197 1375 3444 1457 πρόξενον
3502 1378 3816 1458 φενήσεται,

2168 1465 2342 1528 καθὼς
2374 1462 2742 1540 διδασκόμεθα.
2776 1467 2936 1528 Οὗτος
2987 1465 3155 1521 τοίνυν
3211 1467 3238 1522 6
3285 1466 3337 1522 ἐν
3383 1467 3550 1544 ἁγίοις
3604 1464 3820 1545 Στέφα-

431 1568 562 1622 nus,
603 1570 739 1614 cum
797 1553 993 1616 adhuc
1044 1561 1204 1616 esset
1233 1555 1584 1616 adolescens
1630 1573 1925 1616 annorum
1961 1554 2080 1617 fere

2173 1575 2261 1617 νος
2293 1553 2408 1616 νέος
2441 1551 2516 1608 ἔτι
2569 1553 2642 1610 ὢν
2689 1555 2763 1617 ὡς
2813 1552 2944 1610 ἐτῶν
2994 1553 3218 1628 εἴκοσιν,
3266 1553 3518 1633 ἀγροῖκος
3568 1551 3622 1609 δὲ
3652 1553 3740 1609 καὶ
3767 1549 3821 1616 ἐξ

435 1640 663 1721 viginti,
739 1643 998 1705 rusticus
1073 1652 1271 1706 tamen
1344 1651 1402 1705 et
1459 1643 1679 1705 inﬁmis
1747 1643 2080 1724 parentibus

2173 1641 2396 1702 εὐτελῶν
2461 1642 2658 1720 γονέων
2726 1643 3004 1722 ὑπάρχων,
3076 1643 3298 1722 ὀρφανὸν
3355 1641 3510 1698 αὐτὸν
3568 1638 3820 1698 καταλεί-

435 1737 610 1792 natus
642 1738 701 1794 et
732 1732 994 1813 pupillus
1045 1749 1088 1829 a_
1128 1741 1297 1829 patre
1339 1731 1585 1794 relictus
1609 1751 1768 1829 _cum
1818 1741 2004 1829 matre
2036 1741 2080 1829 et

2174 1737 2371 1809 ψαντος
2402 1737 2494 1788 τοῦ
2541 1732 2738 1810 πατρὸς
2793 1733 2926 1806 μετά
2967 1736 3064 1798 τῆς
3123 1731 3324 1810 μητρὸς
3368 1731 3457 1786 καὶ
3505 1735 3628 1805 μιᾶς
3661 1726 3821 1784 ἀδελ-

438 1837 644 1881 sorore
675 1838 819 1896 una,
853 1827 1013 1881 tanta
1042 1819 1423 1900 simplicitate
1475 1819 1855 1902 candoreque
1907 1821 2080 1883 animi

2175 1827 2302 1903 φῆς,
2361 1820 2590 1897 τοσαύτῃ
2646 1819 2838 1892 ἀκακία
2891 1820 2980 1875 καὶ
3036 1819 3295 1898 ἀπονηρίᾳ
3341 1817 3694 1896 ἐκεκόσμητο,
3747 1818 3819 1880 ὡς

434 1908 718 1986 praeditus
781 1917 927 1982 erat,
990 1917 1053 1970 ut
1103 1909 1153 1970 si
1209 1910 1343 1990 quis
1391 1909 1586 1989 ipsum
1641 1911 1890 1972 alterum
1937 1910 2080 1972 dicat

2176 1912 2310 1976 εἴτις
2364 1911 2520 1969 αὐτὸν
2592 1906 2785 1966 Ἰακὼϐ
2849 1909 2995 1964 εἴποι
3064 1910 3154 1965 τὸν
3211 1909 3570 1988 πατριάρχην,
3636 1907 3672 1974 ἢ
3728 1907 3822 1962 τὸν

439 1996 835 2074 patriarcham
864 1996 1070 2073 Jacob,
1104 2004 1203 2059 aut
1231 1997 1740 2078 simplicissimum
1772 1999 1937 2060 illum
1971 1999 2080 2060 ab-

437 2083 592 2145 batis
623 2085 871 2148 Antonii
901 2086 1172 2167 Paulum,
1206 2105 1325 2148 non
1372 2087 1546 2166 longe
1591 2087 1776 2168 petita
1805 2087 2082 2150 similitu-

440 2172 580 2234 dine
613 2182 832 2238 utatur.
866 2173 974 2236 Hic
1002 2193 1204 2236 amore
1228 2175 1484 2235 inSIituti
1508 2175 1820 2238 monastici
1852 2184 2080 2256 captus,

433 2271 490 2323 et
519 2262 847 2324 secundum
879 2262 1259 2341 Evangelium
1289 2263 1342 2306 22
1373 2264 1566 2338 matri,
1600 2265 1813 2336 sorori,
1853 2264 2084 2346 sibique

434 2350 756 2430 praeferens
787 2351 1111 2428 Christum,
1172 2352 1292 2413 Deo
1349 2352 1501 2414 duce
1548 2371 1618 2414 eo
1653 2353 1944 2433 pervenit,
1980 2347 2084 2415 ubi

429 2437 641 2501 beatus
704 2442 877 2502 Pater
933 2441 1102 2504 Nilus
1183 2441 1522 2503 morabatur
1601 2441 1671 2503 Et
1727 2461 1863 2504 cum
1916 2443 2086 2522 juxta

431 2527 598 2589 illum
655 2528 906 2591 sedisset
963 2529 1112 2591 nihil
1164 2530 1396 2608 etfatus,
1454 2531 1562 2592 sub
1618 2549 1890 2592 occasum
1943 2531 2083 2593 solis

432 2618 608 2679 Pater
638 2617 708 2678 ad
743 2637 902 2679 eum.
951 2617 1126 2692 Quid,
1181 2618 1396 2700 inquit,
1449 2619 1666 2700 quaeris
1726 2619 1966 2682 frater?
2013 2621 2083 2682 At

430 2705 582 2768 ille:
644 2707 968 2769 Monachus
995 2706 1126 2768 ﬁeri
1157 2707 1308 2770 volo.
1364 2707 1435 2768 Et
1485 2726 1732 2788 magnus
1783 2709 1959 2769 Pater
2008 2708 2081 2770 ad

425 2794 630 2858 illum:
663 2794 737 2857 Et
767 2794 816 2855 si
851 2795 1176 2856 monachus
1205 2795 1337 2856 ﬁeri
1359 2794 1548 2876 cupis,
1575 2815 1682 2874 ego
1705 2795 1808 2857 tibi
1832 2796 2080 2857 ostendo

430 2884 812 2963 monasteria,
865 2891 925 2944 et
964 2883 1112 2946 vade
1156 2883 1228 2944 ad
1281 2883 1403 2958 illa,
1457 2884 1553 2946 hic
1605 2884 1764 2946 enim
1814 2885 2081 2947 habitare

433 2989 552 3032 non
585 2971 831 3051 poteris,
854 2990 990 3034 cum
1029 2971 1178 3033 nihil
1208 2972 1303 3047 sit,
1338 2973 1497 3053 quod
1527 2973 1810 3035 comedas
1840 2981 1898 3034 et
1927 2973 2080 3036 fame

430 3059 724 3150 morieris.
753 3060 1084 3150 Respondit
1106 3060 1209 3121 ille
1241 3081 1254 3123 :
1287 3060 1424 3122 Scio
1453 3080 1583 3123 esse
1604 3061 1991 3142 monasteria,
2023 3070 2142 3150 etc

428 3148 566 3209 novi
599 3148 740 3226 illa;
775 3150 880 3211 sed
914 3149 1059 3211 mihi
1093 3169 1211 3211 non
1247 3150 1518 3230 placent:
1556 3151 1654 3212 hic
1676 3151 1840 3212 locus
1864 3151 2075 3231 placet.

428 3240 831 3318 Interrogatus
855 3258 994 3300 num
1023 3258 1380 3320 quemquam
1397 3240 1645 3303 haberet
1661 3241 1812 3320 (26).
1835 3259 2080 3320 respon-

427 3324 515 3387 dit
545 3327 629 3399 id,
659 3327 812 3408 quod
844 3345 942 3388 res
973 3337 1122 3389 erat.
1185 3326 1518 3407 Cogebatur
1565 3347 1706 3408 ergo
1765 3328 1953 3404 abire,
2016 3337 2084 3392 ut

429 3422 677 3476 matrem
699 3433 1090 3496 sororemque
1111 3417 1385 3480 nutriret.
1419 3416 1518 3478 [lle
1537 3426 1739 3479 tamen
1767 3435 1780 3480 :
1817 3413 2080 3488 Nullum,

423 3504 527 3580 ait,
579 3503 640 3565 in
691 3505 887 3566 locum
921 3524 1016 3566 me
1047 3506 1349 3567 conferam
1384 3527 1400 3582 ;
1442 3505 1575 3568 illas
1606 3505 1764 3567 enim
1797 3525 1914 3567 non
1945 3524 2077 3586 ego.

425 3594 528 3654 sed
562 3592 719 3655 Deus
753 3593 996 3654 nutrivit
1029 3601 1086 3655 et
1115 3593 1326 3656 nutrit.

501 3681 602 3745 Q7.
629 3685 772 3746 Cnm
797 3701 938 3760 ergo
965 3683 1261 3762 repellere
1291 3703 1410 3744 non
1445 3683 1755 3763 potuisset,
1791 3682 1956 3744 dedit
1991 3682 2076 3745 illi

427 3771 583 3851 quod
616 3770 888 3842 habebat,
957 3770 1126 3850 panis
1176 3771 1492 3832 dimidium
1545 3791 1660 3852 quo
1705 3779 2071 3846 vesceretur,

423 3859 554 3940 ipse
589 3877 731 3920 vero
751 3861 929 3921 Pater
949 3859 1286 3939 insequenti
1305 3861 1401 3921 die
1417 3861 1663 3940 jejunus
1679 3860 1913 3921 mansit.
1931 3859 2078 3921 Nam

427 3966 562 4010 cum
587 3955 750 4008 sexta
773 3955 928 4009 esset
955 3946 1129 4019 feria,
1155 3947 1322 4010 cibus
1343 3949 1417 4010 ad
1462 3967 1801 4010 mensuram
1834 3947 2071 4028 reposi-

428 4044 523 4098 tus
545 4035 892 4115 absumptus
901 4037 1026 4115 jam
1049 4044 1194 4098 erat.
1237 4037 1359 4098 Hoc
1405 4055 1578 4116 porro
1611 4037 1858 4116 contigit
1886 4037 2072 4097 altero

429 4125 583 4186 beati
599 4126 787 4187 Patris
801 4123 916 4185 Nili
936 4128 992 4186 in
1009 4127 1351 4205 speluncam
1369 4125 1724 4188 secessionis
1745 4145 1900 4187 anno
1919 4127 2073 4206 (‘27).

425 4213 650 4275 Videns
699 4213 897 4294 itaque
947 4216 1118 4276 Pater
1166 4214 1332 4276 illum
1381 4223 1586 4277 natura
1638 4215 1974 4295 simplicem
2021 4230 2079 4282 et

427 4301 685 4382 pigrum,
720 4310 925 4363 contra
953 4321 1129 4382 quam
1161 4303 1313 4384 ipse,
1359 4303 1462 4384 qui
1493 4303 1615 4365 acri
1649 4311 1778 4364 erat
1808 4303 2075 4382 ingenio,

2164 2000 2526 2058 ἁπλούστατον
2577 1996 2782 2053 Παῦλον
2828 2004 2920 2053 τοῦ
2969 1993 3104 2052 ἀϐϐἆ
3156 1995 3460 2070 Ἀντωνίου,
3510 1999 3604 2055 οὐκ
3659 1995 3819 2050 ἀπει-

2165 2092 2334 2153 κότως
2391 2088 2734 2168 στοχάσοιτο,
2796 2086 2960 2150 Οὗτος
3017 2086 3102 2142 οὖν
3151 2085 3382 2165 ἐρασθεὶς
3431 2092 3523 2142 τοῦ
3577 2091 3820 2164 μοναχοῦ

2165 2176 2592 2257 ἐπαγγέλματος,
2655 2177 2742 2232 καὶ
2787 2177 2926 2232 κατὰ
2973 2176 3034 2230 τὸ
3085 2173 3392 2253 εὒαγγέλιον
3452 2174 3541 2230 τὸν
3599 2174 3822 2252 Χριστὸν

2167 2269 2296 2347 ὑπὲρ
2367 2267 2464 2333 τὴν
2537 2263 2765 2344 ἀδελφὴν
2835 2265 2924 2320 καὶ
2994 2262 3220 2342 μητέρα,
3293 2265 3382 2320 καὶ
3435 2262 3564 2340 ὑπὲρ
3636 2262 3821 2317 ἑαυτὸν

2167 2356 2479 2435 ἀγαπήσας,
2552 2351 2809 2430 ὡδηγήθη
2873 2353 3016 2430 παρὰ
3066 2358 3157 2408 τοῦ
3214 2361 3346 2410 Οεοῦ
3403 2349 3652 2407 ἀπελθεῖν
3701 2348 3822 2405 ἔνθα

2163 2445 2232 2513 ἦν
2303 2447 2330 2501 6
2403 2444 2660 2522 μακάριος
2734 2441 2918 2519 Πατὴρ
2983 2439 3175 2502 Νεῖλος
3209 2455 3223 2470 ⁶
3301 2440 3390 2496 καὶ
3461 2437 3822 2516 παρακαθίσας

2164 2538 2306 2608 αὒτῷ
2360 2530 2526 2608 μηδὲν
2579 2533 2829 2611 εἰρηκὼς,
2880 2532 2998 2608 περὶ
3045 2527 3242 2611 δυσμὰς
3289 2527 3439 2596 ἡλίου
3488 2526 3631 2604 λέγει
3681 2525 3824 2600 αὒτῷ

2165 2625 2192 2679 6
2223 2623 2397 2700 πατήρ
2435 2637 2448 2651 ⁰
2484 2621 2542 2678 Τὶ
2573 2608 2779 2693 ζητεῖς,
2815 2608 3005 2696 ἀδελφέ
3037 2638 3054 2698 ς
3105 2608 3161 2675 Ὀ
3195 2616 3249 2673 δέ
3280 2639 3463 2698 φησιν,
3507 2614 3822 2693 Καλόγηρος

2163 2710 2298 2768 θέλω
2329 2710 2590 2788 γενέσθαι.
2652 2709 2806 2788 Λέγει
2853 2709 2998 2782 αὖτῷ
3052 2709 3080 2763 6
3133 2706 3301 2786 μέγας
3335 2723 3350 2736 ⁶
3404 2706 3503 2764 Καὶ
3555 2707 3598 2760 εἱ
3649 2702 3820 2760 καλό-

2163 2823 2326 2879 γηρος
2354 2797 2520 2862 θέλεις
2554 2797 2815 2876 γενέσθαι,
2879 2795 2987 2874 ἐγώ
3033 2818 3116 2852 σοι
3167 2795 3385 2852 δεικνύω
3428 2795 3495 2850 τὰ
3543 2794 3820 2869 μοναστή-

2164 2911 2274 2968 ρια,
2327 2889 2415 2943 καὶ
2463 2886 2656 2943 ἄπελθε
2715 2886 2832 2942 ἐκεῖ
2866 2901 2880 2915 ⁸
2931 2883 3032 2941 ὦδε
3079 2886 3178 2964 γὰρ
3226 2887 3543 2949 κατοικῆσαι
3591 2884 3650 2940 οὒ
3697 2879 3822 2968 δύνῃ

2164 2959 2240 3052 μὴ
2272 2975 2388 3056 ἔχω
2436 2976 2484 3032 τί
2531 2989 2746 3054 φαγεῖν,
2797 2976 2885 3030 καὶ
2935 2959 3282 3043 ἀποθνήσκεις
3334 2971 3439 3028 ἀπὸ
3489 2969 3646 3045 λιμοῦ
3677 2983 3690 2998 ⁸
3750 2959 3809 3026 Ὀ

2163 3062 2217 3120 δὲ
2249 3064 2527 3143 ἀπεκρίθη,
2581 3061 2662 3120 ὅτι
2715 3064 2789 3120 Τά
2840 3063 3190 3141 μοναστήρια,
3245 3061 3394 3141 φησὶ,
3457 3057 3704 3137 γινώσκω
3730 3056 3820 3113 καὶ

2166 3152 2315 3227 οἶδα,
2374 3151 2492 3209 ἀλλ’
2552 3155 2645 3210 06x
2694 3151 2967 3231 ἀρέσκουσί
3030 3174 3142 3227 μοι.
3199 3148 3362 3206 Πάλιν
3411 3148 3714 3227 ἐρωθητεὶς,
3775 3146 3820 3200 εἰ

2167 3242 2284 3323 ἔχει
2353 3244 2492 3316 τινὰ,
2569 3243 2656 3298 καὶ
2721 3242 3018 3322 ἀποκριθεὶς
3076 3240 3204 3320 ὅπερ
3258 3239 3348 3319 ἦν,
3400 3235 3646 3306 ἐϐιάζετο
3715 3235 3822 3323 γὰρ

2168 3319 2420 3387 ἀπελθεῖν
2478 3331 2566 3386 καὶ
2616 3329 2803 3408 θρέψαι
2852 3319 2950 3396 τὴν
3004 3350 3061 3385 τε
3116 3329 3330 3406 μητήρα
3381 3327 3466 3381 καὶ
3515 3324 3614 3390 τὴν
3674 3319 3825 3378 ἀδελ-

2167 3421 2271 3500 φήν
2308 3436 2322 3448 ⁹
2400 3423 2428 3477 6
2500 3418 2553 3474 δὲ
2627 3441 2806 3498 φησιν,
2870 3418 2950 3474 ὅτι
3005 3421 3111 3476 06x
3182 3417 3490 3496 ἀπέρχομαι
3546 3410 3772 3486 οὗδαμου
3802 3425 3816 3440 ⁶

2165 3508 2367 3572 ἐκείνας
2423 3510 2522 3588 γάρ
2579 3508 2673 3565 οὐκ
2727 3508 2858 3586 ἐγὼ,
2918 3505 3037 3563 ἀλλ’
3096 3509 3124 3563 6
3185 3508 3313 3569 Θεὸς
3366 3503 3452 3560 καὶ
3505 3501 3688 3580 ἔθρεψε
3734 3501 3822 3555 καὶ

2161 3597 2359 3679 τρέφει.

2240 3675 2346 3757 κζ’.
2381 3689 2580 3743 Λοιπὸν
2611 3687 2688 3756 πη
2732 3686 2964 3767 ἔσχύσας
2987 3680 3274 3749 ἀποδιῶξαι
3324 3680 3479 3738 αὒτὸν
3535 3681 3562 3736 6
3609 3677 3819 3756 Πατὴρ,

2160 3773 2381 3832 δέδωκεν
2414 3775 2554 3850 αὒτῷ
2609 3775 2737 3855 ὅπερ
2785 3777 2943 3855 εἶχεν
2991 3777 3157 3849 ἥμισυ
3201 3771 3356 3850 ἄρτου
3407 3781 3624 3847 φαγεῖν,
3658 3767 3817 3829 αὐτὸς

2161 3863 2216 3920 δὲ
2244 3861 2499 3939 διέμεινεν
2531 3862 2783 3942 ἄγευστος
2839 3863 3000 3943 μέχρι
3054 3867 3152 3928 τῆς
3204 3858 3379 3937 αὔριον
3409 3873 3423 3887 ⁸
3481 3858 3822 3943 παρασκευῆς

2162 3953 2261 4030 γὰρ
2332 3950 2491 4018 οὔσης
2566 3951 2717 4016 τέλος
2777 3942 2918 4032 εἶχε
2963 3953 3050 4008 καὶ
3097 3952 3133 4018 ἡ
3191 3944 3570 4026 μεμετρημένη
3624 3942 3822 4004 δίαιτα.

2158 4047 2323 4098 Τοῦτο
2388 4038 2442 4095 δὲ
2511 4041 2578 4107 ἧν
2639 4041 2691 4097 ἐν
2751 4048 2827 4116 τῷ
2883 4039 3105 4120 δευτέρῳ
3163 4037 3265 4094 ἔτει
3320 4041 3418 4102 τῆς
3479 4040 3570 4090 τοῦ
3621 4053 3822 4109 πατρος

2156 4129 2434 4206 παροικίας
2487 4129 2685 4191 ἐκεῖσε.
2751 4121 2917 4210 Ὀρῶν
2975 4131 3063 4186 οὖν
3120 4128 3276 4184 αὐτὸν
3337 4127 3364 4181 6
3424 4122 3608 4200 Πατὴρ
3669 4121 3824 4199 φύσει

2161 4215 2287 4273 ὄντα
2318 4215 2517 4274 ἁπλοῦν
2553 4219 2641 4274 καὶ
2690 4207 2878 4298 ἀργδν,
2930 4217 3059 4296 ὅπερ
3105 4216 3174 4282 ἧν
3224 4213 3454 4270 ἐναντίον
3503 4216 3571 4286 τῇ
3623 4207 3828 4265 ἐκείνου

2165 4305 2490 4378 ἀστειότητι,
2553 4305 2751 4386 ἤχθετο
2809 4307 2907 4382 μὲν
2963 4307 3048 4362 ἐπὶ
3094 4310 3162 4381 τῇ
3211 4301 3484 4381 ἀγρίότητι
3534 4301 3691 4356 αὖτοῦ
3733 4298 3828 4352 καὶ

425 4390 656 4482 ferebat
685 4409 837 4467 aegre
867 4390 1104 4471 quidem
1145 4389 1504 4482 dolebatque
1551 4391 1682 4470 ejus
1734 4391 2075 4469 segnitiem,

2167 4391 2421 4474 ἐθλίϐετο,
2453 4394 2511 4449 οὔ
2571 4383 2667 4470 μέν
2716 4393 2891 4452 ἐλάλει
2941 4395 3082 4468 αὒτῴ
3134 4414 3183 4447 τι
3232 4389 3485 4468 σκληρὸν,
3533 4383 3680 4465 ’έχων
3726 4384 3823 4439 τὸν

426 4477 575 4539 nihil
628 4484 823 4540 tamen
869 4496 1148 4558 asperum
1197 4478 1285 4539 illi
1329 4477 1586 4553 dicebat,
1639 4497 1870 4540 memor
1914 4497 2070 4558 prae-

2166 4489 2284 4538 νοῦν
2315 4485 2471 4542 αὐτοῦ
2501 4483 2553 4539 ὲν
2612 4497 2734 4548 ταῖς
2786 4483 3157 4562 εὖαγγελικαῖς
3207 4477 3449 4540 ἐντολαῖς
3498 4491 3512 4505 ⁸
3566 4477 3823 4562 νουθετῶν

423 4572 728 4644 ceptorum
761 4565 1067 4643 Evangelii
1101 4584 1113 4628 :
1146 4565 1425 4627 monebat
1453 4574 1678 4629 tantum
1703 4567 2070 4629 instruebat-

2166 4569 2212 4626 δὲ
2277 4571 2433 4627 αὗτὸν
2491 4570 2607 4647 μετ’
2677 4572 2962 4636 ἐπιεικείας
3034 4571 3122 4626 καὶ
3181 4568 3506 4646 πραότητος,
3565 4558 3818 4618 ἔσπευδεν

423 4670 538 4734 que
571 4653 736 4713 illum
769 4653 1005 4734 placide
1037 4661 1095 4714 et
1147 4662 1476 4731 mansuete,
1530 4655 1778 4736 cupiens
1821 4656 2074 4719 reddere

2166 4659 2374 4716 itote‘ov
2431 4663 2520 4718 καὶ
2567 4664 2761 4741 φοργὸν
2814 4658 3086 4726 ἀποδεῖξαι
3141 4658 3322 4731 αὺτὸν,
3380 4657 3453 4719 ὡς
3513 4653 3606 4708 καὶ
3663 4650 3823 4712 αὒτὸς

496 4822 556 4871 24
582 4822 795 4885 Matth.
825 4838 952 4898 nx,
986 4821 1086 4882 29.

1803 4941 2054 5005 Joannis
2083 4943 2206 5008 Clei
2237 4956 2418 5013 notae.

2163 5081 2415 5164 videtur.
2467 5082 2678 5164 Melius
2723 5083 3131 5164 Caryophilus,
3173 5086 3251 5164 ut
3301 5095 3372 5164 es
3421 5067 3822 5164 sequentibus

2163 5161 2400 5244 abunde
2489 5163 2697 5244 liquet.
2769 5147 3024 5228 Videtur
3090 5147 3251 5225 enim
3318 5158 3395 5220 de
3463 5147 3822 5244 parentibus

2161 5232 2790 5328 vel__.con_san'guineis
2863 5243 3262 5328 interrogatus
3327 5232 3816 5328 .respondiss‘e‘}

2170 5341 2201 5405 ς
2258 5321 2364 5384 Hic
2425 5314 2588 5386 locus
2643 5325 2852 5405 placet,
2918 5348 2946 5380 ι
3006 5314 3160 5387 forte
3216 5314 3468 5382 excidit'
3507 5330 3576 5377 ex
3652 5314 3823 5372 textu

506 5079 621 5160 (25)
651 5078 1024 5160 Stephanum
1057 5077 1218 5160 quia
1249 5077 1578 5160 biographo
1628 5087 1830 5142 nostro
1863 5080 2078 5159 passim

419 5159 585 5222 Beati
607 5157 678 5220 et
709 5157 909 5221 Sancti
942 5157 1110 5221 titulo
1141 5157 1480 5233 decoratur,
1526 5162 1714 5222 Fastis
1757 5157 1944 5223 sacris
1989 5160 2081 5220 in-

422 5238 718 5319 scriptum
750 5257 868 5299 non
901 5238 1161 5320 reperio.
1225 5237 1540 5320 Cajetanus
1569 5239 1757 5304 Indici
1787 5239 2075 5313 secundo,

417 5338 523 5382 seu
559 5318 804 5402 eorum,
837 5318 940 5398 qui
972 5318 1187 5402 pie_tat_e
1237 5319 1672 5402 sancti'ateque
1718 5322 2074 5402 ﬂoruerunt,

417 5418 531 5462 nec
553 5398 782 5481 cultum
807 5397 1005 5481 tamen
1027 5397 1394 5481 ab_Ecclés_ia
1411 5397 1804 5481 approbatum
1832 5399 2074 5478 habent,
2163 5402 2396 5464 Graeco.

417 5479 691 5565 inseruit,
717 5477 947 5565 dieque
979 5480 1054 5565 Ἦ
1107 5472 1472 5565 Decembris
1495 5472 1634 5565 'ejus
1685 5480 1812 5565 ﬁgit
1844 5472 2078 5540 memo-'
2158 5562 2168 5565 _
2250 5482 2373 5561 (“Nl
2398 5483 2480 5544 Ex
2511 5483 2677 5544 hisce
2703 5484 2958 5565 aliisque
2987 5483 3143 5565 notis
3172 5473 3643 5565 chronologicis,
3675 5472 3818 5565 qui-

421 5560 601 5640 riatn,
656 5558 729 5620 ad
788 5556 966 5639 quem
1021 5561 1095 5620 de
1145 5558 1309 5620 cultu
1361 5556 1575 5640 inquiri
1626 5556 1876 5625 ultErius
1929 5579 2069 5642 pos-
2158 5556 2750 5644 busStephanigesta
2772 5556 3812 5644 cirhumscribuntur,chronota_xirn

421 5647 534 5702 εει·
661 5719 717 5726 __
757 5719 772 5726 _
1005 5719 1018 5726 _
1215 5719 1228 5726 _
1930 5639 1946 5642 ⁷
2157 5639 2495 5726 quempiam
2529 5639 2750 5706 deduxi
2812 5644 3142 5708 Comment.
3203 5656 3381 5724 prmv.
3441 5653 3606 5698 num.
3666 5639 3706 5697 6
3756 5640 3823 5695 et

503 5722 626 5800 (26)
659 5719 914 5806 Sirletus
970 5719 1058 5782 sic
1082 5719 1303 5806 vertit;
1353 5745 1386 5806 ει
1444 5722 1673 5806 ltursus
1700 5725 1963 5806 rogatus,
1992 5737 2069 5806 an
2155 5719 2326 5806 s'eqq.

423 5799 619 5885 aliqua
667 5799 903 5884 habeat,
943 5820 974 5862 ›
1028 5801 1184 5882 quod
1233 5801 1308 5862 ad
1353 5801 1510 5864 bona
1563 5802 1812 5863 fortunas
1857 5799 2068 5864 referri
