4182 6428
115 4828 159 4879 δ

362 331 429 398 61
1605 333 1792 397 VITA
1834 332 1896 396 S.
1943 332 2111 397 NILI
2150 329 2524 395 IUNIORIS.
3678 314 3767 387 62‘

360 466 447 534 ἦν,
477 462 690 541 Ἀκμὴν
903 472 1003 528 οὐκ
1049 464 1165 544 ᾔδει
1216 472 1420 547 σαφῶς,
1475 464 1558 521 ὅτι
1600 466 1662 522 τὸ
1711 463 1771 523 ἐκ
1819 466 2017 548 φύσεως

2100 462 2382 526 solertem
2413 467 2473 523 et
2498 459 2844 541 impigrum,
2880 458 3075 542 qualis
3105 459 3236 540 ipse
3262 463 3389 520 erat
3423 477 3437 521 :
3484 453 3750 548 nondum

366 554 424 611 οὗ
469 556 803 632 μεθίσταται.
826 545 833 547 ὴ
860 545 957 620 Ὠς
1004 557 1094 613 οὖν
1146 545 1472 635 ἆνετύγχανε
1524 561 1618 612 τοῦ
1665 545 1886 637 σκοποῧ,
1937 560 2025 615 καὶ

365 642 572 727 διῆλθον
599 642 800 724 ἡμέραι
843 650 1030 726 τριῶν,
1063 644 1218 725 ἐτῶν,
1249 642 1392 723 λέγει
1432 643 1486 701 έν
1533 645 1703 719 ἑαυτῷ
1730 647 1759 701 ὁ
1788 647 1972 727 Πατήρ
2004 661 2020 677 ⁶

371 718 588 811 Ἀράγε
618 718 663 789 εἶ
704 718 775 801 ἦν
828 718 923 808 μοι
969 718 1216 813 ἀδελφὸς⁷
1241 731 1278 802 ἢ
1324 718 1434 796 υἱὸς
1479 731 1516 801 ἢ
1560 718 1802 813 ἀνεψιὸς,
1833 718 2024 791 οὒκ-ἂν

370 824 460 879 καὶ
522 819 696 902 ὕϐρεσι
763 823 858 879 καὶ
939 821 1263 898 ὀνειδισμοῖς
1333 821 1654 903 ἐχρησάμην
1724 824 1855 903 πρὸς
1924 824 2023 891 τὴν

372 909 569 970 ἐκείνου
622 910 937 992 παίδευσινς
1011 908 1395 988 Δοκιμάσωμεν
1456 909 1616 967 πάλιν
1669 911 1732 967 τὸ
1788 916 2025 969 τοιοῦτον

374 996 521 1063 εἶδος
576 997 662 1056 ἐπ’
705 998 872 1075 αὖτῷ,
924 1000 1003 1076 μή
1050 1020 1179 1057 ποτε
1227 1000 1382 1075 μείνῃ
1438 995 1747 1061 ἀπαίδευτος
1798 1000 1828 1054 ὁ
1874 994 2022 1054 ἀδελ-

374 1087 499 1166 ῳός.
529 1087 659 1144 τότε
706 1085 902 1167 ἤρξατο
952 1088 1227 1167 αὖστῆρῶς
1274 1085 1450 1167 λέγειν
1501 1086 1667 1167 αὐτῷ,
1715 1086 1804 1143 καὶ
1847 1082 2024 1164 ὕϐρεσι

371 1174 584 1254 στύφειν
641 1174 800 1232 αὐτὸν
832 1194 848 1210 ⁶
907 1174 1170 1240 πολλάκις
1231 1174 1287 1231 δὲ
1333 1177 1420 1232 καὶ
1470 1176 1578 1232 ἀπὸ
1632 1176 1816 1256 χειρὸς
1860 1172 2022 1232 ἐδίδου

370 1264 534 1337 αὐτῷ.
612 1262 942 1339 Βουλόμενος
1167 1261 1363 1329 διδάξαι
1418 1264 1575 1323 αὐτὸν
1631 1264 1729 1327 τὰς
1784 1265 2022 1334 συνήθεις

366 1351 537 1430 εὐχὰς
593 1352 682 1408 καὶ
733 1354 796 1409 τὸ
855 1351 1175 1432 ψαλτήριον,
1222 1352 1460 1431 ἀνάγκην
1515 1351 1674 1432 εἶχεν
1720 1352 1808 1409 καὶ
1849 1349 2020 1408 κολα-

362 1444 625 1516 φιστικῶς
679 1438 934 1497 ἅπτεσθαι
991 1440 1168 1503 αὐτοῦ,
1222 1441 1388 1503 Αὐτὸς
1444 1437 1500 1495 δὲ
1548 1439 1719 1496 πάντα
1769 1439 2021 1520 ὑπέφερεν

360 1524 581 1605 ἀϐαρῶς
648 1529 738 1584 καὶ
806 1528 942 1605 μετὰ
1012 1535 1208 1609 χαρᾶς,
1244 1585 1247 1588 ,
1284 1529 1422 1605 μήτε
1489 1528 1588 1596 τὴν
1649 1526 2019 1608 σκληροτάτην

361 1611 598 1681 ἄσκησιν
657 1618 744 1672 καὶ
807 1617 909 1684 τὴν
976 1615 1211 1684 ἄληκτον
1279 1617 1564 1697 ἀγρυπνίαν
1618 1614 1905 1691 δειλιάσας,
1966 1614 2021 1671 ἐν

363 1708 533 1759 πᾶσιν
588 1702 917 1781 ἐξισούμενος
972 1712 1052 1781 τῷ
1104 1703 1345 1787 μεγάλῳ,
1403 1706 1541 1781 μήτε
1596 1706 1664 1762 τὰ
1713 1702 1885 1772 ὀνείδη
1931 1703 2020 1761 καὶ

366 1792 463 1854 τὰς
521 1793 665 1872 παρὰ
714 1803 810 1853 τοῦ
852 1796 1054 1873 Πατρὸς
1102 1794 1352 1874 ἐπηρείας
1407 1792 1730 1874 ἀποδράσας.
1784 1795 1876 1850 Διὸ
1930 1794 2019 1851 καὶ

363 1881 501 1959 πρὸς
566 1888 660 1938 τοῦ
717 1890 848 1942 Θεοῦ
902 1882 1202 1965 ὶφυλάχθη,
1281 1882 1461 1959 μείνας
1534 1883 1848 1963 ἀπείραστος
1915 1887 2017 1949 τῆς

368 1965 682 2042 δαιμονικῆς
771 1973 1114 2052 πανουργίας,
1206 1970 1470 2037 Πολλάκις
1560 1973 1661 2053 γὰρ
1740 1970 2018 2052 ἐρωτηθεὶς

372 2057 514 2134 παρᾶ
563 2065 655 2115 τοῦ
724 2060 891 2137 ὁσίου,
965 2062 1137 2124 ποίοις
1189 2059 1289 2141 ἄρα
1344 2059 1630 2139 λογισμοῖς
1687 2059 2016 2141 ἐνοχλεῖται,

373 2144 649 2231 ᾇπεκρίθη,
722 2147 803 2204 ὅτι
874 2153 983 2209 Οὔκ
1049 2148 1166 2231 ἔχω
1233 2148 1490 2229 λογισμόν
1542 2151 1592 2206 τί
1645 2171 1800 2225 ποτε,
1860 2151 2018 2225 μόνον

367 2229 424 2288 δὲ
482 2236 717 2307 νυστάζω
783 2235 983 2313 πολλὰ,
1054 2229 1144 2295 καὶ
1208 2236 1294 2295 διὰ
1352 2248 1507 2299 τοῦτο
1561 2236 1827 2315 θλίϐομαι.
1888 2237 2020 2296 Τότε

364 2336 521 2378 ποιεῖ
565 2327 709 2399 αὐτῷ
749 2327 778 2382 ὁ
830 2326 1013 2405 Πατὴρ
1059 2328 1315 2404 σκαμνίον
1372 2326 1503 2408 ἔχον
1556 2326 1740 2385 πόδιον
1797 2328 1876 2403 ἓν,
1932 2328 2021 2382 καὶ

362 2408 515 2488 λέγει
573 2411 736 2488 αὑτῷ,
795 2413 878 2470 ὅτι
944 2416 1019 2471 Σὺ
1075 2414 1172 2491 μὲν
1228 2412 1380 2496 ἔχεις
1430 2413 1595 2480 πόδας
1654 2413 1765 2492 δύο,
1824 2415 1912 2472 καὶ
1958 2417 2022 2472 16

363 2501 624 2575 σταμνίον
682 2499 736 2557 ἔν
768 2517 783 2532 ⁸
844 2500 952 2561 ἰδοὺ
1001 2516 1146 2582 τρεῖς
1192 2502 1350 2568 πόδες
1385 2519 1400 2534 ⁸
1460 2506 1550 2561 καὶ
1596 2502 1733 2561 οὕτω
1776 2505 2021 2580 καθήμε-

366 2609 483 2675 νος,
539 2594 641 2675 τῆς
698 2589 928 2666 μελέτης
979 2594 1056 2669 μὴ
1103 2592 1407 2671 ἀμελήσῃς.
1460 2584 1517 2653 ’0
1561 2591 1615 2650 δὲ
1660 2594 1762 2662 τὴν
1811 2615 2020 2675 παραγο

365 2674 552 2753 γελίαν
579 2674 880 2761 δεξάμενος,
938 2679 1168 2758 οὖδαμοῦ
1211 2680 1438 2750 ἐκάθητο
1488 2679 1550 2739 ἔκ
1596 2703 1719 2740 τοτε
1766 2685 1811 2741 εἶ
1860 2674 1938 2760 μὴ
1968 2684 2022 2739 ἐν

365 2771 444 2840 τῷ
502 2768 747 2844 σκαμνίφ
802 2767 985 2845 ἐκείνῳ
1042 2772 1132 2827 καί
1187 2770 1244 2827 ὲν
1297 2776 1366 2849 τῇ
1420 2769 1644 2848 μελέτῃ,
1702 2774 1791 2830 καὶ
1844 2772 1898 2829 ἓν
1957 2778 2026 2849 τῇ

365 2850 651 2929 ἐκκλησίᾳ,
703 2857 791 2914 καὶ
835 2856 891 2913 ἐν
938 2858 1018 2933 τῷ
1064 2858 1372 2937 γεύσασθαι.
1424 2860 1731 2936 Νικώμενος
1778 2859 1833 2917 δὲ
1882 2858 2024 2918 πολ-

365 2939 525 3005 λάκις
572 2943 676 3000 ὑπὸ
716 2954 812 3005 τοῦ
858 2953 1179 3025 νυσταγμοῦ,
1224 2949 1312 3004 καὶ
1358 2947 1564 3005 πίπτων
1621 2948 1708 3006 ἐπὶ
1748 2949 1848 3017 τὴν
1894 2954 2022 3030 γῆν,

2108 551 2329 635 quippe
2344 551 2488 612 satis
2510 548 2822 621 didicerat,
2858 548 2985 612 tolli
3016 566 3133 609 non
3158 565 3357 628 posse,
3388 544 3545 627 quod
3576 563 3612 606 a
3638 559 3751 605 na-

2108 651 2241 705 tura
2257 647 2348 703 est
2375 640 2657 703 inditum.
2689 642 2837 701 Cum
2869 657 3010 718 ergo
3048 636 3195 700 nihil
3227 635 3566 717 proficeret,
3590 640 3749 694 tem-

2106 749 2339 814 pusque
2372 730 2553 794 trium
2585 746 2877 791 annorum
2926 730 3051 810 jam
3087 726 3351 796 abiisset,
3384 740 3589 786 secum
3619 721 3752 803 ipse

2108 824 2284 885 Pater
2307 819 2499 882 dixit:
2560 817 2713 880 Num
2771 819 2819 881 si
2864 837 3036 881 meus
3084 816 3182 879 bic
3236 814 3417 877 frater
3441 817 3620 891 esset,
3651 816 3753 871 aut

2107 909 2287 984 ﬁlius,
2331 916 2431 971 aut
2459 915 2621 969 certe
2651 906 2848 969 fratris
2891 906 3072 984 ﬁlius,
3124 904 3370 966 minime
3398 899 3745 964 adhiberem

2107 997 2373 1062 convicia
2388 1004 2445 1059 et
2465 994 2985 1076 increpationesad
3008 989 3447 1057 erudiendum?
3468 985 3750 1070 Experia-

2108 1105 2245 1148 mur
2264 1093 2324 1149 et
2344 1086 2457 1147 hoc
2473 1083 2861 1147 institutionis
2871 1101 3080 1164 genus,
3098 1101 3175 1144 ne
3191 1080 3750 1144 fraterincorrectus

2108 1183 2365 1237 maneat.
2398 1174 2563 1236 Tunc
2586 1172 2763 1254 coepit
2791 1183 3029 1235 austere
3057 1190 3193 1234 cum
3217 1169 3349 1250 ipso
3379 1165 3542 1249 loqui
3563 1172 3623 1227 et
3641 1180 3749 1246 per

2104 1262 2499 1328 contumelias
2517 1260 2908 1324 acrimoniam
2961 1260 3161 1323 verbis
3186 1258 3433 1338 addere,
3462 1273 3579 1317 non
3610 1269 3746 1315 raro

2102 1353 2281 1416 etiam
2317 1370 2491 1413 manu
2525 1348 2918 1432 percutiebat.
2980 1350 3127 1413 Nam
3161 1365 3296 1410 cum
3328 1345 3547 1409 docere
3574 1342 3745 1405 illum

2101 1442 2284 1504 vellet
2313 1447 2626 1503 consuetas
2655 1437 2955 1501 orationes
2984 1444 3044 1499 et
3099 1433 3467 1518 psalterium,
3500 1447 3749 1518 necesse

2100 1528 2357 1592 habebat
2384 1535 2443 1590 et
2469 1526 2750 1606 colaphos
2776 1525 2863 1587 illi
2890 1517 3243 1607 impingere.
3275 1522 3382 1586 Ille
3410 1538 3549 1583 vero
3595 1517 3745 1607 nihil

2104 1618 2376 1692 moleste,
2410 1615 2516 1677 sed
2547 1614 2744 1677 libens
2774 1614 2930 1677 ferre
2976 1606 3198 1689 omnia,
3248 1631 3367 1674 non
3413 1606 3742 1690 asperrimo

2106 1705 2337 1768 vivendi
2365 1722 2608 1785 genere,
2637 1722 2755 1765 non
2776 1702 3107 1783 vigiliarum
3133 1701 3475 1764 assiduitate
3506 1703 3742 1785 perter-

2101 1796 2274 1869 ritus,
2305 1811 2474 1875 aeque
2501 1811 2571 1855 ac
2601 1794 2781 1855 Pater
2809 1791 3111 1855 sustinens
3166 1789 3367 1852 omnia
3419 1795 3478 1850 et
3526 1784 3747 1875 probra

2099 1900 2220 1946 non
2249 1871 2517 1944 devitans
2560 1885 2621 1942 et
2646 1880 3109 1962 increpationes,
3160 1877 3378 1960 quibus
3407 1892 3544 1938 eum
3574 1871 3748 1962 Pater

2098 1969 2447 2052 impetebat.
2481 1968 2565 2032 Ex
2592 1988 2710 2050 quo
2740 1960 2981 2044 factum,
3015 1974 3082 2033 ut
3109 1967 3231 2031 Deo
3263 1971 3560 2036 servante,
3600 1960 3741 2052 nul-

2100 2050 2413 2141 las—passus
2436 2057 2615 2120 fuerit
2637 2075 2745 2139 per
2790 2056 3011 2119 diaboli
3046 2057 3426 2120 calliditatem
3461 2050 3741 2117 tentatio-

2100 2167 2231 2211 nes.
2260 2146 2405 2210 Nam
2437 2165 2595 2228 saepe
2620 2154 2861 2227 rogatus
2889 2164 2924 2208 a
2951 2144 3125 2208 beato
3156 2143 3350 2219 Patre,
3391 2141 3742 2224 quibusnam

2100 2234 2563 2317 cogitationibus
2616 2243 2951 2317 vexaretur,
2999 2233 3404 2317 respondebat
3445 2249 3511 2294 se
3556 2229 3750 2291 nullas

2103 2326 2325 2388 habere
2355 2323 2769 2405 cogitationes,
2795 2325 2898 2386 sed
2921 2324 3104 2386 nimia
3146 2331 3372 2385 tantum
3404 2318 3598 2382 somni
3631 2336 3748 2398 op-

2105 2413 2416 2497 pressione
2446 2412 2732 2494 torqueri.
2764 2412 2932 2475 Tunc
2962 2412 3208 2474 fecitilli
3231 2414 3409 2475 Pater
3438 2424 3747 2497 scamnum
3825 2443 3828 2446 ~

2105 2495 2225 2565 uno
2250 2501 2405 2584 pede
2432 2509 2714 2563 constans
2744 2510 2803 2564 et
2830 2500 2950 2563 ait:
3001 2501 3086 2564 Tu
3118 2498 3359 2581 quidem
3388 2498 3539 2560 duos
3569 2495 3753 2584 pedes

2106 2582 2291 2654 babes
2322 2597 2381 2652 et
2409 2608 2673 2653 scammo
2705 2598 2793 2652 est
2838 2607 3035 2653 unus:
3088 2606 3229 2651 ecce
3278 2597 3400 2649 tres
3431 2584 3638 2667 pedes,
3672 2582 3754 2645 ita

2105 2689 2323 2743 sedens
2353 2677 2979 2760 meditationioperam
3006 2678 3200 2741 dabis.
3231 2675 3359 2751 Ille,
3382 2681 3625 2756 accepto
3638 2674 3754 2735 hoc

2106 2769 2406 2845 mandato,
2430 2768 2593 2831 nulla
2614 2768 2905 2850 deinceps
2924 2768 3037 2831 alia
3068 2767 3211 2831 sede
3241 2766 3540 2846 utebatur,
3572 2780 3748 2844 quam

2105 2876 2369 2921 scammo
2398 2857 2527 2933 illo,
2551 2855 2677 2920 sive
2707 2857 3116 2933 meditaretur,
3149 2856 3275 2919 sive
3297 2863 3456 2919 esset
3480 2853 3541 2915 in
3564 2851 3755 2915 eccle-

2106 2947 2194 3010 sia
2204 2947 2326 3008 sive
2343 2954 2606 3009 sumeret
2619 2946 2842 3024 cibum,
2859 2946 2963 3009 sed
2974 2964 3182 3009 somno
3200 2946 3551 3027 plerumque
3561 2941 3752 3004 victus

368 3031 505 3087 ποντὲ
547 3030 647 3108 μὲν
696 3034 786 3090 τὸν
827 3036 1111 3117 βραχίονα,
1160 3036 1292 3093 ποτὲ
1347 3034 1402 3094 δέ
1454 3039 1517 3094 τὸ
1562 3037 1844 3118 πρόσωπον
1893 3028 2017 3097 συνιέ

2110 3036 2451 3118 cadensque
2475 3034 2537 3096 in
2575 3043 2816 3113 terram,
2853 3037 3029 3100 modo
3059 3034 3393 3111 brachium,
3428 3032 3604 3094 modo
3634 3028 3752 3091 sibi

546 3144 610 3179 το
619 3170 632 3186 .

546 3144 579 3178 τ
619 3170 632 3186 ο

376 3118 610 3278 ηρξιε’.ο
633 3210 799 3271 Πάλιν
852 3213 1144 3295 ἐρχόμενος
1198 3215 1284 3272 ἐπὶ
1343 3218 1405 3272 τὸ
1452 3217 1650 3293 ἑψῆσαι
1701 3217 1762 3273 τὸ
1810 3212 2022 3297 ὄσπριον

376 3300 467 3355 καὶ
509 3301 666 3363 τιθεὶς
711 3299 873 3361 πλέον
915 3301 953 3372 ἢ
994 3306 1057 3361 16
1104 3313 1287 3369 σκεῦος
1336 3310 1586 3386 χωρῆσαι
1630 3303 1877 3386 ἠδύνατο,
1922 3306 2023 3362 ὑπὸ

369 3391 473 3452 τῆς
528 3387 646 3463 βίας
704 3388 888 3468 ἀθρόον
953 3389 1258 3470 ἐῤῥήγνυτο.
1307 3389 1395 3450 Ἐν
1436 3398 1531 3469 μιᾷ
1568 3402 1694 3471 γοῦν
1738 3399 1845 3449 τῶν
1888 3394 2024 3469 ἡμε-

369 3481 478 3553 ρῶν
543 3479 856 3555 συναγαγὼν
931 3479 1140 3539 ἅπαντα
1208 3483 1276 3539 τὰ
1347 3480 1651 3561 κλάσματα,
1724 3479 2022 3540 ὑπεδείκνυε

369 3566 446 3640 τῷ
492 3567 650 3645 πατρὶ
698 3569 763 3623 16
810 3568 1028 3649 σφάλμα
1082 3570 1586 3651 ἐξομολογούμενος.
1649 3563 1708 3630 Ὀ
1762 3570 1819 3627 δὲ
1876 3570 2020 3651 λέγει

369 3656 500 3733 πρὸς
528 3655 686 3713 αὗτόν
716 3671 732 3686 ’
790 3659 889 3715 Καὶ
935 3660 985 3717 τί
1025 3660 1087 3717 τὸ
1132 3659 1344 3742 ὄφελος,
1396 3658 1476 3718 ὅτι
1526 3658 1825 3740 ἐξομολογῇ
1873 3661 2022 3736 μόνῳ

365 3744 541 3826 ἐμοὶ;
612 3744 785 3826 ὕπαγε
836 3749 910 3812 εἰς
965 3751 1031 3807 τὰ
1085 3754 1437 3832 μοναστήρια,
1495 3752 1584 3808 καὶ
1636 3749 1807 3818 δεῖξον
1863 3752 2018 3824 αὐτὰ,

361 3832 459 3889 ἵνα
517 3836 844 3914 γνωρίσουσιν
890 3839 1071 3896 ὑποϊοι
1131 3840 1360 3909 ἀσκηταὶ
1399 3843 1562 3918 ἡμεῖς
1611 3840 1770 3915 ἐσμεν
1817 3862 2019 3921 χυτρο-

362 3921 619 3985 κλάσται.
668 3923 799 3981 Τότε
848 3924 1025 3983 λαϐὼν
1082 3930 1148 3985 τὰ
1202 3928 1482 4005 κλάσματα
1537 3928 1832 4008 ἀπέρχεται
1887 3931 2019 4009 πρὸς

361 4018 634 4069 Φαντῖνον
688 4014 781 4069 τὸν
826 4016 1136 4092 ὁσιώτατον,
1188 4020 1281 4075 καὶ
1331 4020 1393 4075 τὸ
1434 4024 1654 4097 πρᾶγμα
1700 4018 1842 4094 αὖτῷ
1890 4016 2018 4085 ἐξη-

363 4102 598 4178 γήσατο.
646 4103 812 4167 Αὖτὺς
857 4102 913 4161 δὲ
954 4105 1032 4182 τῷ
1083 4113 1269 4183 σκοπῷ
1306 4107 1565 4183 ἑπόμενος
1608 4114 1703 4166 τοῦ
1739 4106 2019 4187 θεόφρονος

358 4191 451 4245 καὶ
522 4189 839 4270 ὁμόφρονος,
936 4197 1250 4275 συναγαγὼν
1333 4196 1507 4253 πάντα
1577 4197 1642 4254 τὰ
1707 4193 2013 4275 κλάσματα,

360 4278 451 4334 καὶ
509 4280 734 4359 σχοινίῳ
787 4280 1070 4364 συνδήσας,
1124 4286 1212 4341 καὶ
1264 4286 1341 4361 τῷ
1385 4282 1647 4365 τραχήλῳ
1693 4283 1852 4341 αὐτοῦ
1899 4305 2018 4362 κρε⁹

363 4367 562 4441 μέσας,
636 4370 925 4436 πεποίηκεν
993 4372 1150 4430 αὒτὸν
1222 4372 1360 4431 οὕτω
1430 4377 1765 4453 παραστῆναι
1819 4371 1873 4427 ἐν
1940 4373 2017 4448 τῷ

358 4456 653 4536 ἆριπηρίφ
706 4462 810 4514 τῶν
869 4457 1106 4540 ἀδελφῶν
1164 4461 1487 4541 γευομένων.
1548 4463 1744 4520 Τούτου
1799 4459 1854 4516 δὲ
1920 4483 2014 4539 γε·

355 4544 589 4620 νομένου
614 4630 621 4631 7
643 4545 947 4606 ἀπέστειλεν
1004 4550 1161 4607 αὐτὸν
1216 4550 1375 4609 πάλιν
1428 4551 1560 4631 πρὸς
1612 4552 1704 4607 τὸν
1760 4548 1906 4608 ὅσιον
1959 4550 2015 4606 ἐν

358 4634 437 4720 τῷ
493 4630 745 4708 σπηλαίῳ
797 4647 891 4697 τοῦ
936 4636 1122 4698 λοίποῦ
1177 4630 1539 4720 διορθωθέντα.
1593 4639 2013 4720 Περιερχόμενος

357 4718 412 4777 δέ
464 4742 602 4780 ποτε
671 4724 700 4779 ὁ
771 4726 1029 4805 μακάριος
1101 4718 1367 4809 Στέφανος
1438 4728 1553 4807 εὗρε
1621 4718 1688 4784 τὰ
1750 4718 2014 4806 λεγομετα

350 4812 660 4889 πεαράγγια
692 4829 707 4844 ⁸
767 4814 855 4869 καὶ
907 4816 1220 4895 συναγαγὼν
1274 4819 1401 4877 αὐτὸ
1456 4817 1544 4873 καὶ
1596 4817 1802 4891 ἑψήσας
1865 4835 2008 4894 παρ-

344 4898 535 4964 έθηκεν
593 4896 648 4953 έν
823 4902 935 4982 ὥρᾳ
981 4909 1075 4961 τοῦ
1126 4905 1429 4983 γεύσασθαι,
1479 4900 1806 4961 Μεταλαϐὼν
1853 4900 1909 4959 δὲ
1956 4901 2009 4969 ἐξ

342 4985 521 5073 αῷτῶν
594 4987 624 5042 ὁ
694 4988 903 5070 Πατὴρ,
971 4992 1060 5047 καὶ
1129 4994 1203 5055 ὡς
1271 4995 1413 5073 παρὰ
1481 4995 1756 5063 συνήθειαν
1814 4997 2006 5070 μικρᾶς

340 5072 541 5142 ⁴ἡδονῆς
614 5076 952 5153 αἰσθόμενος,
1027 5079 1243 5138 ἐπύθετο
1310 5072 1403 5142 τοῦ
1456 5081 1684 5162 ἑταίρου,
1744 5078 1863 5159 εἴγε
1918 5080 2007 5136 καὶ

342 5164 500 5226 αὖτὸς
528 5168 628 5231 τῆς
680 5167 849 5233 αὐτῆς
897 5165 1225 5245 γλυκύτητος
1272 5168 1485 5247 ᾔσθετο.
1538 5176 1641 5227 Τοῦ
1683 5166 1739 5225 δὲ
1781 5189 2008 5248 συμφω-

340 5252 622 5335 νήσαντος,
669 5252 836 5332 ῥῖψαι
866 5254 1002 5310 αὔτα
1034 5254 1133 5322 ἔξω
1178 5258 1342 5338 πικρά
1386 5266 1480 5315 τοῦ
1528 5258 1731 5336 [ἰατρὸς
1762 5254 2005 5312 εκελεύε-

333 5363 396 5397 το
428 5357 443 5372 ⁸
508 5350 691 5402 Ταῦτα
779 5343 907 5423 γὰρ,
997 5346 1147 5425 φησὶ,
1240 5348 1384 5427 παρᾶ
1450 5348 1601 5428 φύσει
1669 5345 2007 5428 τυγχάνοντα

329 5432 357 5486 ὁ
421 5428 677 5497 διάϐολος
752 5416 975 5511 ἤρτυσε,
1011 5416 1023 5425 ’
1047 5416 1142 5490 καὶ⁷
1206 5416 1402 5515 γλυκέα
1465 5416 1811 5502 ’πεποίηκενῗ
1870 5416 2004 5496 "Eoo:

309 5524 563 5582 τοσούτου
639 5518 1045 5600 ἐγκρατεύοντο
1115 5524 1161 5580 ol.
1192 5539 1218 5561 ⁸
1242 5523 1516 5604 μακάριοι,
1589 5522 1677 5598 καὶ
1746 5521 1835 5598 βίᾳ
1902 5519 2003 5588 τὴν

291 5615 446 5700 φύσιν
499 5611 793 5684 διηνεκῶς
854 5605 1242 5687 κατεδάμπιζον.
1292 5614 1442 5674 Μετὰ
1488 5610 1545 5672 δὲ
1596 5620 1758 5671 ταῦτα
1802 5609 2005 5688 ἔκρινεν

2105 3124 2319 3188 faciem
2350 3124 2769 3205 perfringebat.

2187 3214 2288 3279 28.
2325 3214 2557 3277 Rursus
2585 3213 2725 3276 dum
2774 3214 2889 3277 iret
2929 3214 3003 3277 ad
3055 3213 3395 3278 elixandum
3440 3210 3746 3290 legumen.

2101 3320 2320 3384 vasque
2349 3303 2502 3365 ultra
2553 3303 2794 3366 modum
2845 3305 3145 3386 impleret,
3195 3309 3443 3385 repente
3499 3299 3646 3361 illud
3694 3296 3752 3359 vi

2104 3390 2574 3472 dirumpebatur.
2610 3392 2874 3466 Quadam
2906 3413 3046 3474 ergo
3075 3394 3174 3455 die
3195 3395 3522 3472 fragmenta
3550 3386 3749 3451 omnia

2105 3482 2351 3544 collecta
2371 3479 2528 3543 Patri
2549 3483 2922 3557 ostendebat,
2940 3491 3198 3547 erratum
3223 3498 3392 3543 suum
3433 3478 3748 3542 conﬁtens.

2102 3573 2182 3634 Et
2211 3578 2380 3651 pater
2407 3570 2478 3632 ad
2531 3570 2697 3633 illum
2731 3590 2745 3635 :
2797 3571 2951 3645 Quid
2998 3591 3137 3634 vero
3185 3570 3429 3653 prodest
3459 3566 3608 3628 mihi
3640 3563 3747 3626 uni

2102 3660 2372 3723 conﬁteri
2396 3663 2427 3722 Ἰ
2446 3662 2636 3740 Perge
2666 3662 2738 3723 ad
2770 3661 3129 3725 monasteria
3168 3670 3228 3724 et
3248 3659 3497 3723 ostende
3520 3657 3645 3724 illa.
3684 3663 3751 3717 ut

2102 3757 2492 3829 cognoscant.
2518 3750 2986 3831 qualessolitarii
3020 3751 3229 3815 simus.
3251 3750 3503 3811 ollarum
3522 3748 3744 3809 fracto-

2103 3855 2223 3899 res.
2249 3836 2525 3918 Acceptis
2545 3856 2685 3918 ergo
2703 3838 2804 3902 ille
2827 3838 3192 3921 fragmentis,
3220 3837 3483 3921 perrexit
3500 3837 3573 3898 ad
3599 3834 3746 3898 bea-

2103 3924 2396 3987 tissimum
2450 3927 2789 4005 Fantinum,
2839 3947 3087 4010 remque
3133 3929 3221 3990 illi
3266 3926 3576 3991 enarravit.
3641 3925 3750 3989 Ille

2100 4031 2240 4077 vero
2272 4012 2473 4076 divina
2499 4016 2788 4096 sapientis
2819 4025 2877 4079 et
2906 4018 3272 4080 unanimiter
3299 4015 3585 4098 sapientis
3635 4014 3748 4077 vivi

2102 4109 2365 4163 mentem
2378 4104 2983 4186 secutus,,fragmenta
2998 4107 3197 4169 omnia
3210 4105 3474 4179 collecta,
3493 4104 3751 4185 funeque

2103 4189 2378 4267 colligata
2409 4191 2481 4253 ad
2514 4193 2733 4255 collum
2785 4195 2915 4276 ejus
2963 4194 3267 4277 appendit,
3304 4202 3363 4256 et
3386 4202 3543 4255 stare
3572 4192 3752 4273 iussit

2100 4278 2419 4341 habentem
2436 4279 2538 4341 illa
2556 4280 2615 4342 in
2629 4283 2943 4345 caenaculo
2955 4333 2970 4356 ,
2982 4284 3124 4345 dum
3140 4283 3351 4345 fratres
3361 4282 3747 4364 pranderent.

2098 4366 2311 4429 Postea
2342 4367 2415 4429 ad
2445 4378 2715 4432 sanctum
2748 4371 2937 4434 virum
2989 4373 3050 4434 in
3100 4373 3445 4454 speluncam
3488 4370 3741 4443 remisit,

2098 4464 2434 4542 correctum
2468 4457 2529 4519 in
2561 4466 2892 4540 posterum.
2941 4460 3087 4525 Cum
3129 4460 3271 4523 olim
3304 4479 3412 4542 per
3434 4477 3608 4540 agros
3633 4458 3749 4522 iret

2099 4544 2163 4607 Β.
2192 4541 2553 4625 Stephanus,
2575 4548 3152 4632 invenitasparagos,
3168 4541 3332 4631 legit,
3351 4549 3529 4626 coxit,
3559 4567 3747 4630 appo-

2096 4632 2337 4713 suitque
2360 4634 2508 4697 hora
2538 4638 2793 4718 prandii.
2832 4638 2922 4702 Uti
2955 4639 3128 4702 Pater
3148 4639 3521 4718 degustasset
3546 4646 3605 4699 et
3630 4656 3752 4698 mo-

2096 4722 2297 4810 dicum
2328 4725 2583 4805 cepisset
2613 4729 2924 4810 voluptatis
2955 4737 3170 4810 praeter
3222 4725 3747 4802 concuetudinem,

2092 4809 2364 4892 quaesivit
2394 4831 2464 4874 ex
2494 4815 2683 4899 socio,
2715 4809 2859 4879 num
2887 4809 3077 4880 et’ille
3107 4815 3363 4878 similem
3386 4815 3747 4895 voluptatem

2090 4899 2361 4962 sentiret.
2385 4901 2741 4968 Afﬁrmante
2765 4905 2893 4982 illo,
2913 4905 3260 4987 jussitipse,
3285 4911 3350 4966 ut
3371 4903 3531 4965 foras
3553 4903 3745 4984 proji-

2093 4996 2265 5051 ceret
2292 5006 2307 5051 :
2333 4989 2481 5053 Nam
2503 4992 2729 5071 cibum,
2749 4993 2970 5077 inquit.
2993 5002 3202 5056 natura
3228 5010 3495 5055 amarum
3525 4991 3743 5054 condi-

2092 5077 2173 5139 vit
2205 5077 2482 5145 diabolus
2507 5090 2563 5143 et
2593 5101 2832 5146 suavem
2861 5082 3150 5147 reddidit.
3183 5082 3350 5145 Adeo
3371 5080 3751 5144 continentes

2096 5174 2267 5228 erant
2296 5166 2452 5231 beati
2483 5170 2592 5233 viri
2624 5182 2684 5235 et
2713 5171 2768 5233 vi
2798 5171 3039 5234 assiduo
3090 5169 3357 5232 adhibita
3388 5168 3748 5233 edomabant

2095 5262 2390 5318 naturam.
2419 5259 2561 5322 Post
2582 5259 2709 5322 haec
2734 5259 2803 5325 B.
2828 5258 2998 5321 Nilus
3023 5258 3397 5339 cogitandum
3421 5260 3654 5319 censuit
3673 5256 3749 5321 de

2091 5342 2424 5425 impotente
2452 5366 2690 5430 quoque
2719 5349 2785 5411 Β.
2822 5347 3109 5429 Stephani
3158 5356 3351 5430 parte.
3398 5345 3578 5409 Mittit
3606 5365 3749 5427 ergo

2092 5432 2294 5512 ipsum
2314 5436 2534 5501 additis
2554 5434 2773 5502 litteris
2799 5439 2874 5501 ad
2907 5457 3044 5503 ven.
3078 5437 3455 5501 Theodoram
3489 5435 3628 5518 (hoc
3656 5443 3749 5501 est

2090 5521 2208 5583 divi
2265 5523 2583 5591 "tauctam,
2618 5527 2972 5592 muneribus
3020 5528 3097 5591 de
3143 5526 3404 5607 nomine)
3451 5525 3742 5605 virginem

2089 5611 2195 5676 bea
2240 5619 2243 5623 ’
2287 5617 2498 5684 simam
2516 5619 2576 5683 id
2603 5620 2889 5747 te|mporis
2904 5620 3082 5686 vitam
3105 5619 3417 5706 degentem
3446 5614 3743 5684 monasti-
