4182 6402
541 409 614 472 67
2053 395 2405 464 ANONYMI
3840 406 3916 472 68

532 539 734 602 cordia
768 545 1070 620 permotus
1101 543 1210 615 est,
1248 533 1562 623 coepitque
1585 530 1901 623 objurgare
2025 529 2163 623 _Ste-

2258 529 2457 623 Ἐλθὼν
2487 533 2574 590 οὖν
2607 535 2634 589 ὁ
2667 532 2845 623 -γέρων
2895 536 3029 615 πρὸς
3077 537 3187 623 τὸν,
3217 533 3362 593 ὅσιον
3413 535 3623 618 ἧρξατοξ
3651 536 3912 597 θλίϐεσθαι

529 607 814 710 phanuni,
848 646 915 689 ac
938 626 1139 689 dicere
1164 607 1388 687 {Plane
1410 607 1678 683 insulsus
1693 627 1752 680 tu
1767 607 1835 680 et
1863 617 2163 710 insipiens.

2260 621 2382 710 περί
2431 626 2538 710 τοῦᾲ
2575 607 2880 702 Ψαλντηρίου
2930 607 3108 705 αὑτοῦ,
3161 607 3219 684 ’δ
3272 623 3326 681 δὲ
3357 607 3540 706 Πατὴρ
3584 607 3705 684 ἰδὼν
3760 630 3916 687 αὐτὸν

527 707 649 782 Cur
678 717 1028 779 Psalterium
1061 733 1179 777 non
1213 710 1517 793 requisisti
1549 716 1577 773 ?
1629 709 1718 797 Tu
1771 727 1848 797 es,
1885 707 2163 797 in_culpa,

2260 707 2456 797 σφόδρα
2528 708 2857 787 λυπούμενον
2929 711 3330 794 ἐσπλαγχνίσθη
3419 713 3502 772 ἐπ’
3592 719 3755 797 αὐτῷ,
3828 718 3917 774 καὶ

529 826 760 888 aequum
795 824 934 885 ergo
958 812 1069 877 est,
1095 811 1159 865 ut
1195 820 1375 864 senex
1413 808 1581 888 tuum,
1609 796 1721 859 sibi
1744 796 1914 888 tollat
1947 795 2163 888 Psalte-

2260 795 2454 888 ᾕρξατο
2484 797 2729 875 ἐπιτιμᾷν
2783 809 2860 876 τῷ
2918 803 3159 881 μακαρίῳ
3210 805 3484 884 Στεφάνῳ,
3545 807 3631 862 καὶ
3685 795 3859 884 λέγειν
3895 821 3910 836 ⁹

526 874 683 958 ritim
709 913 723 958 :
747 874 1078 975 tollensque
1114 891 1263 954 illud
1287 889 1417 953 seni
1449 887 1634 967 dedit,
1660 893 1718 948 et
1741 885 1843 947 ille
1875 883 2163 946 exsultans

2261 874 2480 951 ’Ὄντως
2511 889 2572 944 σὺ
2630 874 2928 958 ἀναίσθητε
2956 874 3280 958 καὶΙάνόητε
3314 874 3339 922 ⁸·
3386 874 3522 948 alia
3571 896 3663 950 οὒκ
3714 874 3912 966 ἀνεζή-

524 983 690 1045 abiit,
2256 997 2425 1042 τησας
2483 979 2544 1032 τὸ
2603 977 2922 1058 ψαλτήριον,
2971 981 3062 1037 σὸν
3114 981 3175 1036 τὸ
3218 995 3464 1058 πταῖσμα
3513 981 3647 1041 ἐστί.
3703 986 3916 1039 Δίκαιον

525 1073 615 1130 οὖν
674 1073 811 1130 ἐστιν
865 1073 957 1130 Ἵνα
1015 1074 1042 1128 ὁ
1101 1069 1268 1149 γέρων
1325 1067 1493 1147 ἐπάρῃ
1550 1067 1610 1120 τὸ
1663 1066 1753 1122 σὸν
1813 1063 2105 1142 ψαλτήριον
2140 1081 2156 1096 ⁶
2214 1066 2303 1120 καὶ
2357 1063 2553 1144 ἐπάρας
2609 1065 2828 1125 δέδωκεν
2886 1075 2963 1143 τῷ
3020 1068 3248 1150 γέροντι,
3303 1071 3392 1127 καὶ
3449 1069 3682 1139 ἀπῆλθεν
3739 1070 3916 1150 ἀγαλ-

525 1161 810 1238 λιώμενος.

2034 1328 2280 1394 CAPUT
2311 1329 2381 1394 V.

526 1443 849 1525 Georgium
878 1445 1084 1506 virum
1114 1442 1374 1504 nobilem
1407 1438 1849 1526 Rossauensem
1877 1441 2012 1526 post
2040 1437 2260 1526 varias
2277 1438 2671 1517 probationes
2697 1442 2763 1504 in
2790 1442 3177 1524 disciplinam
3204 1447 3416 1526 recipit
3444 1446 3510 1512 S.
3545 1446 3765 1524 Nilus;
3798 1449 3918 1511 mi-

985 1531 1186 1593 randa
1215 1529 1383 1591 illius
1411 1524 1729 1588 humilitas
1753 1524 2136 1605 propriaeque
2164 1524 2492 1592 voluntatis
2520 1531 2842 1609 abdicatio,
2877 1541 2932 1595 et
2960 1543 3206 1596 sanctus
3240 1524 3458 1600 obit-us.

604 1638 702 1702 32.
728 1638 858 1700 Alio
881 1645 1148 1717 tempore
1179 1634 1487 1725 misiteum
1517 1634 1691 1694 Pater
1731 1629 2062 1725 Bassanum
2094 1629 2163 1725 ad

2255 1713 2270 1725 .
2332 1627 2440 1713 λβ’,
2479 1619 2694 1695 ’λλλοτε
2724 1640 2880 1698 πάλιν
2912 1641 3220 1699 ἀπέστειλεν
3264 1645 3419 1700 αὐτὸν
3470 1647 3498 1701 ὁ
3531 1648 3715 1725 Πατὴρ
3745 1647 3818 1708 εἰς
3847 1648 3912 1702 τὸ

524 1713 1218 1791 emendasmembranas.
1257 1722 1714 1798 Profectusergo
1737 1717 1938 1790 rediit,
1975 1718 2163 1812 comi-

2255 1713 2520 1783 Ῥυσιάνον
2587 1728 2844 1807 ἀγοράσαι
2917 1727 3220 1806 μεμϐράνας
3254 1749 3268 1762 ⁸
3343 1733 3431 1788 καὶ
3501 1731 3565 1799 δὴ
3635 1713 3904 1812 πορευθεὶς

522 1827 642 1880 tem
657 1813 1212 1895 habensquemdam
1226 1811 1407 1874 alium
1427 1828 1630 1872 senem
1651 1828 1720 1868 ex
1737 1805 2031 1902 primariis
2045 1825 2163 1869 cas-

2252 1813 2573 1894 ὑπὲστρεψεν
2643 1819 2778 1892 μετὰ
2870 1821 2956 1876 καὶ
3049 1819 3210 1876 ἄλλου
3280 1823 3422 1884 τινὸς
3487 1822 3730 1902 γέροντος
3799 1829 3911 1878 τῶν

522 1905 828 1986 tri,virum
855 1894 1116 1964 nobilem
1149 1900 1468 1980 Georgium
1495 1899 1610 1976 n29)
1631 1897 1894 1958 nomine.
1916 1894 2038 1991 .Qui
2072 1895 2163 1957 in-

2255 1901 2500 1980 μεγάλων
2531 1912 2622 1961 τοῦ
2669 1907 2899 1986 κάστρου
2945 1911 3033 1964 καὶ
3084 1910 3308 1987 εὐγενῶν
3364 1894 3671 1991 ἀνθρώπων,
3722 1918 3906 1990 Γεωρ-

525 1985 855 2070 terrogatus
872 2011 906 2053 a
932 1994 1128 2070 Patre,
1153 1990 1292 2071 quid
1311 1988 1406 2079 rei
1429 1987 1624 2079 vellet,
1648 1985 1995 2079 respondit:
2019 1985 2163 2079 Qua-

2253 1992 2365 2068 γίου
2415 1994 2656 2068 ὀνόματι.
2723 2004 2793 2058 Ος
2837 1995 3114 2074 ἐρωτηθεὶς
3159 1985 3305 2078 παρὰ
3355 1985 3469 2056 τοῦ·
3495 1985 3906 2079 ἀγίουἨατρδς,

523 2082 658 2144 dam
692 2081 790 2142 die
821 2099 953 2142 cum
985 2079 1258 2140 sederem
1291 2077 1449 2138 domi
1482 2093 1653 2148 meae,
1688 2075 1881 2154 deque
1911 2075 2163 2135 vanitate

2250 2081 2311 2134 τὸ
2342 2082 2392 2136 τί
2445 2080 2508 2141 ἂν
2552 2081 2705 2162 θέλῃ,
2761 2083 3015 2163 ἀπεκρίθη
3050 2106 3063 2120 ·
3120 2075 3429 2167 ὅτιλφησὶ,
3478 2075 3908 2162 καθημένῳνμοι

523 2169 727 2232 mundi
761 2179 819 2230 et
844 2168 1102 2249 peccatis
1135 2167 1282 2229 meis
1331 2165 1688 2253 cogitarem_,_
1721 2162 1900 2253 subiit
1933 2162 2078 2223 mihi
2110 2171 2163 2253 et

2251 2175 2346 2243 μιᾷ
2376 2175 2480 2225 τῶν
2531 2172 2743 2250 ἡμερῶν
2791 2171 2844 2228 ἐν
2884 2162 2961 2248 τῷ
3011 2173 3148 2231 οἷ’κώ
3196 2162 3322 2250 μου,
3378 2162 3465 2232 καὶ
3491 2173 3912 2253 διαλογιζομὲνῳ

523 2259 730 2320 mortis
761 2259 938 2318 timor
965 2264 1024 2317 et
1045 2255 1260 2336 judicii
1319 2253 1584 2335 quaestio.
1639 2250 1775 2342 Haec
1807 2251 2163 2342 igiturcogi-

2249 2257 2346 2323 τὴν
2409 2264 2502 2314 τοῦ
2570 2259 2682 2334 βίου
2755 2261 3110 2341 ματαιότητα,
3171 2263 3259 2319 καὶ
3310 2264 3406 2326 τὰς
3463 2250 3717 2342 ἁμαρτίας
3767 2250 3904 2338 μου,

524 2354 742 2408 tantem
777 2345 971 2406 brevis
1011 2363 1190 2424 sopor
1219 2342 1514 2424 oppressit
1547 2349 1604 2402 et
1647 2339 1802 2400 visus
1858 2338 2006 2400 mihi
2035 2358 2163 2400 sum

2249 2344 2445 2412 ἐπῆλθέ
2483 2368 2572 2422 μοι
2622 2349 2708 2404 καὶ
2761 2351 2788 2404 ὁ
2837 2347 2996 2428 φόϐος
3045 2338 3138 2406 τοῦ
3178 2352 3424 2422 θανάτου,
3479 2338 3641 2418 καὶνὴ
3692 2350 3906 2408 ἀπολο-

523 2436 746 2496 intrare
765 2452 870 2515 per
890 2434 1175 2513 majorem
1204 2453 1260 2492 ιιι
1281 2433 1370 2493 bis
1393 2439 1647 2510 portam,
1675 2429 1746 2490 ad
1779 2446 1956 2517 quam
1988 2429 2163 2517 silum

2249 2435 2339 2510 γία
2393 2439 2490 2501 τῆς
2566 2436 2808 2513 κρίσεως.
2886 2445 3060 2494 Ταῦτα
3113 2445 3238 2516 γοῦν
3298 2437 3750 2517 δίαλογιζόμενος,
3813 2463 3906 2514 μι-

521 2531 610 2585 est
633 2523 915 2601 templum
939 2529 1279 2584 sanctorum
1303 2518 1750 2600 Apostolorum.
1778 2516 1845 2577 Et
1869 2535 2006 2578 cum
2031 2516 2167 2577 inde

519 2617 806 2693 perlatum
835 2613 908 2672 ad
959 2629 1056 2671 me
1103 2617 1262 2671 esset
1313 2607 1530 2670 divina:
1579 2604 1876 2679 melodiaa,
1931 2605 2166 2686 qualem

519 2701 724 2762 audivi
745 2716 1076 2780 nunquam,
1103 2707 1279 2760 tenue
1299 2696 1634 2774 vestigium,
1683 2693 1910 2756 accessi
1939 2693 2161 2767 statim,

518 2799 582 2850 ut
610 2788 898 2862 viderem,
923 2787 1162 2868 quidam
1193 2793 1420 2858 essent,
1486 2784 1585 2864 qui
1637 2794 1942 2844 canerent.
1981 2781 2166 2843 Video

515 2877 715 2958 itaque
765 2885 950 2937 totum
1002 2874 1326 2936 sacrarium
1376 2871 1648 2933 formosis
1695 2869 1987 2958 eunuchis
2033 2869 2166 2950 ple-

522 2957 692 3041 num,
715 2983 784 3026 ac
809 2965 990 3025 veluti
1013 2963 1244 3024 oblatus
1267 2959 1494 3040 angelis
1520 2968 1578 3021 et
1599 2979 1731 3021 cum
1759 2959 1874 3020 illis
1895 2967 1949 3019 te
1969 2957 2165 3038 ipsum

517 3073 694 3136 quem
719 3071 878 3114 nunc
902 3052 1094 3128 video,
1118 3061 1373 3112 stantem
1401 3069 1415 3111 :
1444 3048 1504 3110 in
1535 3048 1675 3110 sede
1693 3059 1890 3108 autem
1927 3050 2164 3126 episco-

519 3142 638 3224 pali
664 3141 944 3222 juvenem
979 3140 1446 3222 pulcberrimum
1483 3147 1543 3201 et
1570 3137 2159 3219 splendidisstmum,

518 3232 686 3310 cujus
713 3230 991 3292 decorem
1020 3229 1352 3309 exprimere
1391 3245 1568 3289 nemo
1606 3235 1799 3307 queat.
1835 3226 1982 3288 Cum
2020 3243 2162 3304 ergo

513 3319 819 3398 ingressus
848 3337 1043 3381 essem
1073 3317 1134 3379 in
1185 3316 1473 3398 templum
1524 3323 1581 3378 et
1626 3313 2004 3376 admirandas
2034 3313 2164 3374 illas

514 3407 749 3490 species
804 3407 1243 3488 contemplarer
1315 3415 1374 3468 et
1428 3403 1842 3467 suavissimam
1893 3401 2163 3465 audirem

514 3495 1002 3568 modulationem,
1032 3496 1204 3558 video
1236 3495 1386 3558 duos
1413 3495 1486 3557 ad
1520 3513 1615 3556 me
1667 3492 1874 3556 venire
1906 3511 1938 3554 e
1963 3491 2167 3554 candi-

522 3585 700 3659 datis,
735 3585 1021 3648 innuente
1047 3585 1170 3658 illo,
1205 3583 1305 3666 qui
1334 3582 1580 3646 sedebat
1609 3582 1670 3644 in
1701 3585 1940 3653 throno,
1975 3599 2044 3643 ac
2075 3581 2166 3644 di-

521 3694 698 3737 cere:
728 3673 900 3752 Veni,
922 3674 1209 3737 Dominus
1252 3683 1308 3737 te
1347 3682 1537 3737 vocat.
1570 3672 1690 3753 Ego
1720 3680 1919 3734 autem
1953 3691 2162 3751 magno

519 3783 655 3825 cum
687 3763 897 3825 timere
927 3763 1252 3844 profectus,
1285 3782 1483 3826 coram
1540 3762 1642 3824 illo
1674 3761 1811 3824 steti
1841 3769 1900 3824 et
1930 3760 2040 3822 tibi
2069 3761 2164 3822 di-

513 3860 749 3914 centem
782 3853 1021 3915 audivi:
1084 3852 1248 3916 Vade
1299 3860 1358 3916 et
1397 3852 1642 3916 attonde
1690 3852 1849 3912 hunc
1905 3849 1995 3912 Tu
2022 3868 2163 3911 vero

509 3945 808 4005 accedens
841 3941 1146 4004 totondisti
1177 3951 1236 4006 et
1268 3942 1621 4004 monachum
1648 3959 1744 4002 me
1775 3938 1990 4001 fecisti.
2025 3937 2162 4000 Sta-

512 4030 618 4092 tim
641 4031 824 4112 igitur
844 4040 1234 4112 experrectus
1257 4030 1613 4093 addubitare
1656 4029 1809 4110 ccepi
1839 4035 1898 4089 et
1930 4046 2162 4089 mecum

515 4119 828 4199 cogitando
857 4120 1098 4184 dicere:
1139 4123 1297 4183 Sane
1326 4119 1524 4182 visum.
1545 4120 1657 4180 hoc
1677 4119 1855 4180 inane
1885 4116 2015 4192 fuit,
2043 4135 2164 4178 non

520 4227 557 4268 a
585 4207 709 4270 Deo
742 4207 1013 4273 missum.
1048 4209 1192 4271 Mihi
1220 4209 1380 4272 enim
1406 4227 1710 4290 nunquam
1733 4205 1896 4270 venit
1913 4207 1976 4268 in
1999 4224 2167 4268 men-

520 4305 667 4374 tem,
700 4305 766 4361 ut
796 4299 1123 4362 monachus
1150 4299 1382 4363 ﬁerem.

600 4563 700 4628 33.
733 4563 1027 4629 Constitui
1058 4573 1254 4628 tamen
1304 4566 1416 4628 hoc
1447 4564 1577 4646 ipse
1607 4581 1864 4639 mecum,
1895 4572 1958 4626 ut
1986 4563 2036 4625 si
2066 4563 2163 4624 die

2249 2523 2374 2606 κρὸν
2441 2522 2767 2588 ἀπενύσταξα
2801 2543 2814 2556 ⁸
2892 2527 2978 2581 καὶ
3047 2528 3153 2604 ὁρῶ
3224 2525 3448 2601 ἐμαυτὸν
3525 2528 3905 2606 εἰσερχόμενον

2250 2605 2334 2662 διὰ
2363 2613 2461 2677 τῆς
2491 2609 2731 2688 μεγάλης
2761 2611 2934 2679 πύλης
2963 2617 3061 2680 τῆς
3115 2612 3349 2688 πόλεως,
3375 2614 3457 2692 ..ἐν
3582 2605 3703 2671 τῶν
3735 2615 3904 2691 ἁγίων

2252 2693 2589 2755 Ἀποστόλων
2635 2697 2930 2779 καθιδρυται
2987 2703 3314 2782 οἰκητήριον.
3375 2683 3528 2760 Ἐνθα
3586 2704 3674 2759 καὶ
3730 2683 3903 2758 ἀκού-

2250 2805 2346 2848 σας
2416 2784 2587 2844 ἐνθέου
2656 2789 2795 2851 τινὸς
2868 2787 3057 2864 μέλους
3127 2790 3425 2869 ἀπήχημα,
3485 2791 3600 2847 οἳου
3650 2788 3903 2846 οὐδέποτε

2249 2870 2472 2949 ἥκουσα,
2544 2875 2769 2956 ὥρμησα
2817 2877 2930 2934 ἐκεῖ
2970 2889 3063 2938 τοῦ
3115 2875 3244 2935 ἶδεῖν
3299 2880 3435 2943 τίνες
3483 2883 3530 2934 οἱ
3575 2878 3894 2954 ψάλλοντες.

2251 2964 2349 3018 Καὶ
2417 2961 2603 3022 λοιπὸν
2659 2969 2838 3044 θεωρῶ
2903 2966 3042 3023 ἅπαν
3113 2969 3174 3023 τὸ
3231 2969 3381 3044 βῆμα
3435 2970 3628 3043 μεστὸν
3686 2965 3902 3026 εὗειδῶν

2249 3049 2514 3130 εὐνούχων
2584 3056 2673 3111 καὶ
2741 3053 3103 3135 λευχειμόνων
3173 3061 3267 3114 οἷα
3337 3055 3602 3137 ἀγγέλων,
3659 3058 3746 3113 καὶ
3804 3057 3900 3112 σὺν

2247 3143 2431 3203 αὐτοῖς
2462 3142 2738 3218 ἱστάμενον
2769 3145 2827 3200 σὲ
2857 3146 2949 3200 τὸν
2980 3150 3067 3200 νῦν
3098 3167 3187 3220 μοι
3245 3145 3511 3224 ὁρώμενον
3547 3162 3560 3176 ·
3615 3144 3666 3201 ἐν
3717 3143 3770 3200 δὲ
3819 3145 3905 3220 τῷ

2245 3235 2336 3284 τοῦ
2406 3229 2695 3288 ἐπισκόπου
2766 3232 2932 3310 θρόνῳ
3020 3234 3320 3308 καθήμενον
3403 3233 3538 3289 πάνυ
3611 3231 3898 3314 εὔμορφον,

2185 3317 2498 3417 ανεώτερόν
2529 3340 2586 3417 τε
2635 3321 2723 3417 καὶ
2764 3319 3157 3417 ὑπέρλαμπρον,
3207 3324 3267 3378 οὗ
3306 3321 3618 3417 ’τὸλκάλλος
3663 3323 3900 3417 ἀμήχα-

2249 3429 2334 3463 νον
2387 3404 2759 3485 διηγήσασθαι.
2820 3407 2910 3467 Ἐν
2969 3417 3044 3484 τῷ
3099 3417 3220 3488 γοῦν
3280 3409 3532 3467 εἰσελθεῖν
3590 3432 3656 3488 με
3709 3409 3762 3466 ἐν
3816 3418 3902 3485 τῷ

2248 3501 2377 3570 ναῷ,
2439 3496 2526 3551 καὶ
2595 3499 2814 3576 θεωρεῖν
2883 3498 2946 3554 τὰ
3017 3499 3399 3575 πανθαύμαστα
3457 3498 3630 3567 κάλλη
3689 3499 3900 3574 ἐκεῖνα,

2245 3585 2333 3639 καὶ
2364 3583 2568 3640 ἀκούειν
2617 3585 2716 3651 τὴν
2767 3585 2964 3666 εὔηχον
3013 3583 3296 3666 μελῳδίαν,
3351 3589 3456 3666 ὁρῶ
3506 3584 3594 3642 δύο
3644 3591 3750 3640 τῶν
3779 3583 3906 3640 λευ-

2247 3675 2486 3753 κοφόρων
2543 3672 2786 3738 ἐλθόντας
2833 3675 2962 3754 πρός
3013 3697 3104 3751 με,
3165 3677 3444 3740 νεύσαντος
3495 3683 3586 3732 τοῦ
3632 3675 3716 3731 ἐπὶ
3765 3674 3901 3753 θρό-

2247 3786 2359 3842 νου,
2391 3764 2476 3818 καὶ
2506 3761 2760 3841 λέγοντάς
2792 3787 2881 3839 μοι
2918 3784 2931 3797 ’
2985 3772 3170 3846 Δεῦρο,
3201 3763 3361 3821 καλεῖ
3409 3787 3468 3820 σε
3515 3767 3544 3821 ὁ
3594 3764 3900 3830 Δεσπότης,

2249 3849 2392 3930 Ἐγὼ
2459 3849 2514 3907 δὲ
2584 3854 2674 3909 σὺν
2745 3851 2893 3933 φόϐώ
2956 3852 3140 3928 πολλῷ
3207 3855 3471 3933 πορευθεὶς
3537 3855 3625 3910 καὶ
3694 3854 3904 3916 σταθεὶς

2247 3938 2537 4019 ἔμπροσθεν
2634 3942 2813 4016 αὐτοῦ,
2902 3939 3104 4009 ἤκουσα
3190 3942 3344 3998 αὺτὸν
3428 3941 3650 4020 λέγοντά
3732 3963 3814 3998 σοι
3880 3962 3898 3976 ο

2248 4025 2516 4084 Ἀπελθὼν
2571 4029 2849 4108 κούρευσον
2903 4032 3081 4092 αὐτὸν,
3135 4031 3208 4086 Σὺ
3267 4028 3323 4085 δὲ
3380 4028 3678 4110 προσελθὼν
3739 4029 3902 4086 ἐκού-

2246 4138 2457 4198 ρευσας,
2549 4119 2635 4174 καὶ
2722 4117 2975 4186 ἐποίησάς
3061 4140 3128 4194 με
3218 4121 3448 4200 μονχόν.
3536 4119 3738 4183 Εὐθέως
3809 4119 3904 4176 οὖν

2247 4203 2560 4271 ἐξυπνισθεὶς
2593 4272 2618 4296 ν
2646 4205 2887 4285 ἠρξάμην
2976 4205 3231 4278 διστάζειν
3323 4210 3398 4284 τῷ
3485 4207 3729 4287 λογισμῷ
3809 4209 3906 4264 καὶ

2245 4293 2445 4375 λέγειν,
2483 4293 2562 4352 ὅτι
2598 4293 2789 4361 Ὀντως
2847 4296 3130 4374 πάντασμά
3187 4297 3296 4354 ἐστι
3339 4299 3400 4355 τὸ
3456 4298 3614 4376 φανέν
3647 4320 3761 4377 μοι,
3810 4297 3908 4353 καὶ

2281 4387 2296 4408 9
2721 4403 2738 4418 θ
2803 4385 2816 4406 ν
2875 4387 2888 4406 \
3004 4386 3016 4402 ι
3164 4384 3240 4409 ἐν
3867 4392 3898 4402 η.

2246 4408 2305 4442 ου
2358 4386 2690 4462 θεόπεμπτον
2799 4407 2907 4464 εγω
2961 4408 3060 4465 γαρ
3129 4403 3376 4444 ουοεποτε
3424 4387 3746 4463 ἐνεθυμήθην
3803 4407 3904 4442 τοι)

2245 4475 2495 4556 γενέσθαι,
2515 4475 2776 4556 μοναχός.

2325 4553 2416 4643 λγ’
2470 4549 3006 4644 ’δμωςηέστοίχησα
3074 4564 3128 4620 ἐν
3194 4563 3405 4640 ἐμαυτῷ
3475 4570 3649 4640 τοῦτο,
3711 4563 3802 4620 ἵνα
3853 4561 3905 4618 εἰ

514 4652 620 4717 illo
650 4654 833 4717 frater
863 4654 1077 4736 aliquis
1103 4653 1334 4716 veniret
1365 4673 1396 4716 e
1422 4638 1800 4715 monasteriis
1828 4652 1889 4714 in
1919 4654 2159 4715 domum

2247 4655 2381 4710 κατὰ
2435 4655 2532 4721 τὴν
2589 4653 2790 4732 ἡμέραν
2847 4653 3052 4720 ἐκείνην
3103 4653 3241 4710 ἔλθοι
3287 4652 3510 4733 ἀδελφὸς
3562 4659 3666 4708 τῶν
3724 4673 3904 4728 μονα-

517 4762 736 4818 meam,
753 4743 843 4805 vel
869 4761 1320 4820 cognoscerem,
1343 4742 1557 4804 divinae
1579 4742 1898 4804 voluntatis
1921 4760 2079 4816 esse,
2102 4749 2168 4802 ut

516 4833 842 4895 monachus
875 4831 1009 4893 ﬁam
1037 4853 1050 4890 :
1105 4831 1261 4913 quod
1315 4830 1364 4892 si
1392 4828 1526 4894 hoc
1558 4850 1676 4892 non
1707 4831 1974 4894 eveniret
2001 4849 2168 4893 som-
2251 4832 2391 4887 εἶναι
2422 4832 2482 4888 τὸ
2515 4831 2738 4906 μονάσαι
2768 4852 2834 4906 με
2871 4851 2883 4864 ο

514 4921 705 4995 nium,
736 4929 804 4981 ut
828 4939 947 4981 non
987 4920 1272 4982 divinitus
1307 4919 1565 5001 oblatus,
1605 4921 1852 4980 missum
1883 4920 2162 4981 facerem.

512 5009 602 5071 Ad
627 5008 960 5072 evitandam
986 5028 1126 5089 ergo
1150 5008 1536 5083 otiositatem,
1583 5026 1858 5088 egressus
1891 5009 1950 5070 in
1982 5008 2162 5070 vesti-

516 5097 720 5158 bulum
752 5097 871 5158 vidi
901 5097 1146 5162 fratrem
1203 5099 1574 5179 Stephanum
1625 5105 1684 5159 et
1713 5115 1847 5160 cum
1879 5099 2165 5159 adventus

513 5184 604 5246 sui
656 5204 892 5247 causam
935 5184 1009 5247 ab
1061 5185 1194 5266 ipso
1245 5185 1616 5261 didicissem,
1669 5185 2022 5248 festinanter
2067 5203 2166 5247 res

513 5289 680 5336 meas
709 5273 1040 5354 composui,
1074 5282 1249 5356 atque
1277 5275 1351 5336 ad
1383 5282 1540 5338 tuam
1601 5274 1972 5337 sanctitatem
2001 5272 2158 5336 veni.

510 5361 682 5424 Nunc
742 5361 946 5441 igitur,
1007 5365 1167 5444 quod
1222 5363 1346 5426 Deo
1423 5363 1618 5446 placet
1669 5363 1897 5445 tibique
1956 5371 2162 5425 sancto

508 5449 688 5526 Patri,
721 5449 784 5512 in
813 5468 908 5512 me
937 5451 1134 5513 facito.
1171 5451 1277 5515 His
1306 5451 1429 5516 Deo
1464 5453 1676 5534 plenus
1705 5451 1884 5514 Pater
1917 5451 2160 5528 auditis,

509 5539 854 5620 respondit:
903 5537 1024 5602 Nos
1071 5540 1389 5621 plurimum
1422 5539 1772 5605 honorande
1801 5540 2008 5620 frater,
2044 5559 2165 5604 non

2250 4744 2477 4821 στηρίων
2547 4742 2600 4798 ἐν
2671 4742 2747 4816 τῷ
2806 4740 2942 4816 οἴκῳ
3007 4766 3130 4818 μου,
3191 4741 3402 4809 ἀληθῶς
3462 4741 3705 4819 βούλημα
3767 4747 3906 4797 Θεοῦ

2937 4831 2980 4887 εἰ
3027 4829 3081 4886 δὲ
3129 4832 3206 4907 μὴ
3253 4842 3406 4890 τουτο
3453 4831 3694 4910 γένηται,
3726 4831 3797 4892 ὡς
3837 4833 3908 4888 οὐ

2249 4918 2415 4994 θεῖκῷ
2471 4919 2579 4976 ὄντι
2635 4917 2712 4992 τῷ
2767 4917 2975 5000 φανέντι
3025 4921 3208 4999 ὀνείρῳ
3260 4919 3613 4998 ἀπροσεξῆσαί
3659 4939 3748 4992 με,
3801 4914 3908 4974 Ἐκ

2237 5006 2454 5073 ιπολλῆς
2510 5007 2597 5064 οὗν
2668 5005 2983 5087 ἀδολεσχίας
3056 5007 3271 5073 ἐξελθὼν
3343 5010 3416 5070 εἰς
3486 5009 3550 5064 τὰ
3613 5003 3902 5086 προαύλια,

2244 5100 2425 5174 θεωρῶ
2481 5096 2762 5170 ἱστάμενον
2803 5099 2894 5152 τὸν
2943 5095 3164 5178 ἀδελφὸν
3219 5097 3486 5177 Στέφανον
3522 5115 3535 5128 ·
3581 5097 3670 5152 καὶ
3717 5095 3904 5171 μαθὼν

2245 5183 2370 5264 παρ’
2443 5183 2602 5244 αὐτοῦ
2669 5185 2768 5252 τὴν
2840 5187 3006 5242 αἰτίαν
3073 5191 3172 5253 τῆς
3244 5185 3520 5266 ἐλεύσεως,
3601 5181 3905 5247 σπουδαίως

2247 5273 2418 5329 πάντα
2483 5271 2818 5349 διευθήτησα,
2891 5276 2979 5332 καὶ
3048 5276 3180 5354 πρὸς
3252 5275 3350 5342 τὴν
3423 5275 3522 5341 σὴν
3597 5271 3907 5352 ἁγιωσύνην

2245 5360 2493 5432 ἐλήλυθα.
2566 5371 2667 5420 Νῦν
2730 5363 2842 5444 οὖν,
2901 5365 2974 5428 ὡς
3031 5363 3180 5421 δοκεῖ
3235 5363 3312 5438 τῷ
3372 5371 3488 5437 Θεῷ
3538 5363 3626 5418 καὶ
3681 5384 3763 5418 σοι
3819 5361 3909 5435 τῷ

2245 5451 2381 5529 ἁγίῳ
2438 5453 2624 5532 Πατρὶ,
2679 5449 2762 5508 ἐπ’
2833 5452 2929 5528 ἐμὲ
2984 5453 3231 5521 ποίησον.
3293 5454 3502 5511 Τούτων
3561 5451 3732 5508 τοίνυν
3786 5455 3909 5509 τῶν

2245 5538 2422 5619 λόγων
2477 5540 2704 5604 ἀκούσας
2741 5543 2770 5599 ὁ
2814 5541 3063 5622 θεοφόρος
3113 5542 3297 5622 Πατὴρ
3356 5540 3500 5622 λέγει
3527 5543 3658 5622 πρὸς
3690 5539 3846 5598 αὐτόν
3882 5557 3900 5570 ·

1891 5747 2141 5811 Joannis
2171 5748 2298 5815 Clei
2326 5756 2502 5816 notaa.

1891 5748 2141 5811 Joannis
2241 5748 2298 5813 ei
2483 5797 2502 5816 .

591 5846 712 5929 (29)
741 5845 830 5914 De
855 5847 1133 5935 Georgio,
1165 5851 1269 5936 qui
1296 5853 1480 5921 tantis
1506 5853 1606 5921 hic
1636 5852 1936 5936 laudibus,
1964 5748 2236 5940 ornatus,l
2264 5756 2603 5944 ιιίίἰίίῗριιὰ
2629 5859 2970 5942 Cajetanum
2999 5858 3092 5925 vel
3121 5859 3272 5924 alios
3299 5859 3454 5940 lego.
