4182 6394
280 382 358 450 69

1495 384 1682 452 VITA
1724 385 1785 449 S.
1829 381 1998 450 NILI
2037 380 2410 452 JUNIORIS.

3599 390 3682 458 70

287 512 498 595 Ἡμεῖς,
533 522 580 577 ὦ
609 521 910 598 τιμιώτατε
956 519 1168 602 ἀδελφέ,
1216 521 1276 578 οὑ
1319 521 1403 578 διὰ
1450 521 1541 576 τὸν
1599 522 1727 577 Θεὸν
1753 521 1788 588 ἢ
1818 519 1922 576 ἕνεο

2026 525 2266 598 propter
2293 515 2509 592 Deum,
2557 528 2660 582 aut
2707 519 2940 583 virtutis
2987 541 3128 602 ergo
3158 524 3438 587 sedemus
3464 523 3528 587 in
3560 525 3672 589 hac

286 633 374 668 κεν
418 610 610 689 ἀρετῆς
666 611 947 685 καθήμεθα
989 609 1041 665 ὲν
1097 616 1166 686 τῇ
1213 611 1407 690 ἐρημίᾳ
1451 610 1640 686 ταύτῃ,
1696 608 1832 665 ἀλλὰ
1861 607 1943 664 διὰ

285 704 344 758 τὸ
402 702 480 777 μὴ
543 699 794 757 δύνασθαι
854 701 1164 778 ὑπενεγκεῖν
1201 720 1212 732 ’
1268 706 1361 758 τοῦ
1407 696 1743 757 κοινοϐιακοῦ
1786 697 1944 755 κανό-

282 815 368 855 νος
398 794 487 856 τὸς
519 790 711 871 ἔχθος,
767 791 1142 871 κεχωρίκαμεν
1195 792 1412 854 ἑαυτοὺς
1466 791 1571 846 ἀπὸ
1600 797 1705 846 τῶν
1734 788 1941 868 ἀνθρώ-

290 902 430 954 πων,
461 879 643 959 ὥσπερ
682 880 826 944 τινὲς
871 879 1051 959 λεπροὶ
1095 881 1182 937 καὶ
1230 880 1532 959 ἀκάθαρτοι.
1587 879 1662 934 Σὺ
1705 879 1792 934 οὖν
1841 900 1945 933 κα-

291 967 398 1032 λῶς
429 983 602 1032 ποιεῖς
631 969 921 1049 φροντίζων
977 973 1073 1034 τῆς
1126 969 1392 1047 σωτηρίας
1437 972 1534 1034 τῆς
1583 971 1682 1033 σῆς
1733 971 1942 1045 ψυχῆς.

297 1058 518 1135 Πορεύου
545 1057 716 1113 τοίνυν
748 1058 822 1120 εἷς
875 1057 942 1112 τὰ
989 1054 1252 1130 κοινόϐια,
1313 1055 1433 1113 ἔνθα
1481 1055 1760 1130 ἀναπαύσῃ
1792 1059 1946 1134 ψυχῇ

295 1167 351 1202 τε
408 1147 496 1202 καὶ
566 1146 797 1222 σώματι.
877 1136 936 1203 Ὀ
991 1143 1067 1220 δὲ,
1131 1145 1310 1225 ὥσπερ
1366 1144 1572 1220 ἀδάμας
1631 1143 1942 1222 ἀπείραστος

294 1236 436 1311 μένει
492 1241 563 1311 τῇ
607 1243 698 1291 τοῦ
740 1233 955 1313 σιδήρου
1004 1231 1297 1311 προσϐολῇ,
1355 1233 1494 1292 οὕτω
1544 1232 1768 1291 διέκειτο
1813 1233 1944 1309 πρὸς

291 1326 412 1388 τοὺς
445 1323 499 1379 ἐν
559 1325 802 1403 πειρασίᾳ
849 1323 1038 1402 λόγους
1095 1331 1190 1380 τοῦ
1237 1323 1461 1401 Πατρός.
1514 1327 1622 1389 Τῆς
1677 1321 1730 1377 δὲ
1760 1344 1946 1401 κυρια-

284 1418 388 1480 κῆς
437 1411 642 1492 ἡμέρας
697 1409 1122 1486 καταλαϐούσης,
1169 1411 1223 1470 ἒν
1360 1412 1426 1468 τὰ
1467 1408 1707 1468 κοινόϐια
1755 1415 1945 1488 μικρᾶς

281 1521 431 1562 τινος
531 1498 915 1578 παρακλήσεως
1013 1504 1325 1576 σωματικῆς
1420 1496 1938 1576 μεταλαγχάνουσιν,

279 1585 547 1662 λαμϐάνει
617 1589 774 1646 αὑτὸν
845 1590 872 1644 6
947 1588 1126 1665 Πατὴρ
1183 1588 1256 1652 εἰς
1314 1589 1374 1643 τὸ
1428 1596 1521 1646 τοὺ
1573 1584 1942 1644 Κασεελλὰνου

281 1674 551 1753 λεγόμεον
624 1678 1001 1755 μοναστήριον,
1075 1673 1195 1732 ἔνθα
1249 1681 1471 1755 τροφῆς,
1532 1673 1781 1749 δαψιλοῦς
1839 1672 1942 1748 ἐμ-

283 1764 633 1843 φορηθέντες,
667 1764 755 1819 καὶ
784 1763 1138 1839 μεταλήψεως
1187 1763 1337 1820 οἴνου
1389 1763 1612 1842 μετρίως
1659 1761 1939 1842 τυχόντες,

2027 606 2349 668 solitudine
2372 627 2390 683 ;
2413 607 2517 668 sed
2541 609 2680 690 quia
2703 608 2861 672 ferre
2900 630 3018 673 non
3044 632 3360 693 possumus
3383 613 3672 678 observa-

2027 693 2206 756 tionis
2235 694 2612 760 cmnobiticre
2669 700 2922 779 pondus,
2977 704 3416 779 segregavimus
3465 723 3574 766 nos
3602 704 3676 766 ab

2025 781 2388 859 hominibus,
2421 785 2588 864 quasi
2619 786 2844 862 leprosi
2873 789 3113 869 quidam
3146 799 3201 851 et
3227 791 3541 854 immundi.
3585 790 3679 854 Tu

2029 890 2166 933 vero
2215 873 2370 934 bene
2416 873 2583 948 facis,
2631 876 2847 937 animae
2890 877 3140 940 salutem
3195 897 3437 942 curans.
3489 880 3678 959 Perge

2026 960 2206 1039 igitur
2257 961 2327 1050 ad
2387 962 2682 1042 cmnobia,
2743 964 2961 1045 quibus
3017 966 3231 1029 animae
3289 976 3348 1029 et
3405 969 3680 1050 corporis

2025 1049 2226 1130 qniete
2247 1049 2480 1112 frueris.
2507 1050 2613 1113 Ille
2633 1051 2961 1116 adamantis
2984 1054 3192 1129 instar,
3243 1056 3346 1137 qui
3375 1049 3526 1119 ferri
3557 1056 3681 1119 ictu

2029 1157 2148 1199 non
2180 1138 2488 1220 frangitur,
2523 1141 2594 1201 ad
2635 1142 2823 1204 Patris
2848 1146 3028 1206 verba
3059 1144 3362 1224 probantis
3388 1162 3522 1207 eum
3553 1145 3676 1207 im-

2029 1233 2225 1314 motus
2253 1227 2466 1290 stabat.
2503 1230 2609 1291 Die
2637 1249 2776 1292 vero
2806 1230 3138 1308 Dominico,
3173 1251 3292 1314 quo
3342 1235 3537 1296 solent
3564 1252 3682 1298 co:-

2029 1313 2206 1376 nobia
2237 1315 2472 1378 modica
2502 1317 2770 1398 corporis
2800 1319 3162 1384 relaxatione
3191 1313 3301 1397 uti,
3349 1321 3515 1384 duxit
3543 1341 3678 1384 eum

2027 1404 2203 1466 Pater
2219 1423 2420 1466 secum
2448 1406 2508 1467 in
2529 1413 2976 1482 monasterium,
3013 1411 3169 1492 quod
3201 1411 3519 1475 Castellani
3551 1412 3675 1493 (30)

2025 1502 2289 1570 vocatur,
2322 1493 2382 1554 in
2412 1514 2530 1575 quo
2578 1496 2824 1576 opipare
2874 1499 3105 1580 excepti
3153 1509 3210 1562 et
3261 1501 3396 1562 vino
3446 1501 3679 1563 modice

2025 1583 2302 1656 recreati,
2337 1591 2644 1663 postquam
2677 1584 2752 1646 de
2803 1605 3007 1648 mensa
3057 1589 3473 1670 surrexissent,
3506 1588 3682 1650 Pater

2023 1669 2106 1729 ita
2133 1688 2337 1731 senem
2371 1671 2582 1732 affatus
2610 1680 2700 1733 est
2726 1692 2740 1734 :
2777 1675 3032 1737 Domine
3063 1675 3300 1756 Georgi,
3338 1669 3677 1757 exspectato

2025 1757 2122 1818 hic
2153 1775 2494 1838 parumper,
2527 1759 2722 1822 donec
2755 1762 3053 1840 profectus
3097 1765 3168 1825 ad
3219 1764 3492 1828 visendos
3523 1765 3672 1827 alios

285 1854 427 1930 μετὰ
497 1856 560 1909 τὸ
630 1853 916 1920 ἀναστῆναι
985 1858 1084 1921 τῆς
1154 1852 1418 1932 τραπέζης
1475 1851 1619 1931 λέγει
1676 1854 1704 1907 6
1763 1851 1942 1927 Πατὴρ

2028 1846 2242 1909 fratres
2272 1857 2557 1910 revertar.
2597 1852 2718 1912 Hoc
2746 1868 2884 1912 vero
2915 1851 3275 1914 dixitanimo
3298 1853 3680 1934 relinquendi

288 1945 421 2022 πρὸς
492 1943 585 1998 τὸν
672 1942 893 2021 γέροντα
928 1959 941 1972 ⁶
1039 1943 1193 2022 Κύριε
1263 1942 1514 2020 Γεώργιε,
1589 1953 1774 2014 μεῖνον
1844 1936 1942 1993 ὦδε

2026 1934 2193 1996 illum
2227 1935 2512 2018 deinceps
2539 1937 2596 1998 in
2631 1941 3018 2004 monasterio.
3053 1940 3220 2014 Quod
3245 1961 3430 2004 senex
3465 1941 3682 2004 intelli-

294 2033 497 2110 μικρὸν,
533 2029 635 2094 ἕως
664 2037 757 2087 τοῦ
812 2030 1054 2088 ἀπελθὼν
1101 2034 1173 2096 εἰς
1233 2031 1508 2105 ἐπίσκεψιν
1559 2028 1752 2108 ἑτέρων
1783 2024 1942 2083 ἀδελ-

2026 2041 2193 2103 gens,
2227 2025 2422 2086 statim
2455 2027 2814 2108 respondit:
2864 2027 2991 2092 Non
3035 2048 3276 2110 aequum
3327 2039 3437 2106 est,
3493 2049 3677 2093 vene-

297 2127 406 2201 φῶν
457 2121 794 2200 ὑποστρέφω.
872 2131 1035 2182 Τοῦτο
1091 2122 1186 2201 δὲῄ
1211 2123 1338 2178 εἷπε
1393 2120 1557 2178 θέλων
1615 2120 1772 2176 αὑτὸν
1829 2118 1942 2174 ἐκεῖ

2030 2112 2218 2173 rande
2244 2115 2439 2190 Pater,
2472 2115 2575 2176 sed
2635 2134 2993 2198 quocunque
3039 2119 3212 2181 iverit
3258 2119 3556 2200 dominus,
3606 2137 3676 2182 eo

289 2194 383 2266 τοῦ
449 2194 637 2269 λοιποὺ
699 2194 1055 2286 καταλεϊψαι.
1159 2194 1316 2290 ’ὅπερ
1385 2210 1583 2279 νοήσας
1651 2209 1680 2262 ὑ
1750 2206 1939 2286 γέρων,

2029 2208 2314 2290 sequetur
2342 2209 2401 2263 et
2451 2194 3036 2268 canis—Admiratus
3085 2209 3262 2270 Pater
3308 2194 3673 2288 allegoriam,

285 2299 479 2363 εὐθέως
510 2299 766 2378 ἀπεκρίθη
800 2318 814 2332 ⁶
868 2299 940 2357 O6
994 2296 1188 2356 δίκαιόν
1239 2289 1374 2378 ἐστι,
1427 2299 1567 2373 τίμιε
1598 2296 1792 2375 Πάτερ,
1825 2291 1942 2350 ἀλλ’

2029 2307 2164 2350 eum
2206 2289 2321 2350 sibi
2351 2291 2673 2372 assumpsit
2710 2294 2937 2356 socium
2971 2303 3026 2357 et
3060 2295 3424 2358 unanimiter
3452 2295 3677 2359 reversi

283 2385 422 2441 ὅπου
479 2389 508 2443 6
565 2383 828 2455 δεσπότης
879 2386 1111 2464 ἀπέλθῃ,
1170 2386 1286 2444 ἐκεῖ
1335 2387 1422 2443 καὶ
1473 2387 1502 2441 ὑ
1562 2385 1702 2442 κύων
1742 2383 1945 2440 ἐπακο-
2028 2385 2186 2440 sunt.

281 2475 560 2545 λουθήσει.
647 2473 918 2552 Ἀγασθεὶς
988 2474 1074 2532 οὖν
1145 2477 1173 2532 6
1242 2475 1420 2555 πατὴρ
1489 2473 1574 2530 ἐπὶ
1642 2479 1720 2548 τῴ
1787 2467 2170 2551 παραδείγματι
2242 2470 2422 2549 αὑτοῦ,
2504 2467 2796 2550 παρέλαϐεν
2889 2473 3042 2530 αὑτὸν
3114 2473 3228 2548 μεθ’
3309 2475 3516 2552 ἑαυτου,
3589 2476 3677 2532 καὶ

282 2561 622 2642 ὑπέστρεψαν
649 2561 1003 2639 ὁμοθυμαδόν,

369 2641 477 2712 λδί
512 2651 669 2730 Λέγει
727 2651 815 2708 οὗν
865 2650 1006 2726 αὑτῷ
1052 2655 1081 2709 6
1131 2653 1393 2731 Γεώργιος
1441 2651 1580 2710 κατὰ
1618 2650 1716 2717 τὴν
1769 2647 1886 2705 ὁδόν
1923 2667 1938 2681 ·

289 2740 410 2797 Οἴει
443 2760 532 2815 με,
571 2741 720 2816 μίμιε
752 2741 946 2820 Πάτερ,
977 2741 1200 2820 ἀπορεῖν
1249 2741 1304 2797 ἐν
1342 2740 1418 2815 τῷ
1445 2740 1583 2814 οἴκῳ
1615 2761 1716 2815 μου
1741 2742 1940 2817 τρυφῆς

2029 2736 2228 2809 Putas,
2261 2736 2602 2798 venerande
2634 2739 2827 2814 Pater,
2862 2738 3026 2799 domi
3067 2756 3214 2800 mea:
3265 2739 3479 2802 deesse
3533 2741 3679 2802 mihi

291 2830 381 2884 καὶ
439 2829 693 2893 παντοίας
750 2827 968 2910 χλιδῆς,
1040 2832 1128 2886 καὶ
1199 2827 1538 2896 δελεασθῆναί
1593 2847 1660 2904 με
1714 2827 1942 2902 νομίζεις

2028 2821 2265 2912 εορίδιῐι
2289 2823 2638 2886 deliciarum
2694 2834 2750 2888 et
2780 2828 3169 2908 voluptatum,
3221 2846 3289 2890 ac
3319 2829 3497 2892 veluti
3526 2849 3676 2912 pue-

287 2918 364 2979 ὣς
438 2915 630 2997 βρέφος
697 2918 798 2973 ὑπὸ
868 2914 1140 2992 δαψιλείας
1209 2922 1306 2984 τῆς
1389 2920 1638 2996 τροφῆςς
1729 2912 1942 2998 [Ιένεισο

2027 2930 2185 2989 rum,
2219 2911 2578 2976 abundantia
2610 2914 2876 2977 ciborum
2911 2935 3004 2978 me
3034 2925 3266 2998 captum
3321 2911 3622 2981 existimas
3654 2919 3681 2980 Υ

285 3003 370 3060 ὅτι
402 3003 465 3060 o6
493 3007 669 3083 θροεῖς
701 3026 767 3080 με
793 3003 910 3061 οὔτε
964 3007 1064 3062 ὑπὸ
1108 3005 1434 3086 ἐγκρατείας,
1487 3003 1604 3061 οὔτε
1644 3003 1744 3058 ὑπὸ
1777 2997 1942 3068 ἄλλης

2030 3002 2202 3065 Certo
2235 3001 2411 3076 scias,
2448 3022 2542 3065 me
2573 3023 2691 3064 non
2743 2997 3188 3081 abstinentiam,
3242 3025 3362 3068 non
3414 3009 3679 3088 quamvis

291 3093 416 3157 οἵας
489 3091 690 3162 δήποτε
741 3095 1057 3174 κακουχίας.
1111 3092 1254 3173 Ἐγὼ
1309 3095 1408 3174 γὰρ
1460 3091 1633 3150 πολλὰ
1688 3089 1942 3169 πλεύσας,

2029 3089 2202 3152 aliam
2236 3091 2635 3154 austeritatem
2661 3092 3138 3157 formidaturum.
3170 3093 3288 3175 Ego
3313 3095 3472 3157 enim
3497 3097 3680 3160 multa

296 3183 384 3236 καὶ
451 3179 656 3245 πολλὰς
726 3183 909 3263 χώρας
980 3183 1257 3262 γυρεύσας,
1329 3181 1542 3239 πολλῶν
1612 3178 1791 3237 καλῶν
1860 3179 1942 3236 καὶ

2030 3178 2406 3258 navigatione
2421 3199 2585 3255 usus,
2614 3182 2931 3264 multisque
2959 3183 3304 3263 regionibus
3327 3185 3672 3265 peragratis,

294 3275 470 3325 κακῶν
498 3268 802 3348 ἐπειράθην.
840 3272 940 3329 Καὶ
996 3269 1206 3329 δύναται
1260 3273 1289 3328 6
1339 3272 1468 3335 Θεὸς
1513 3267 1596 3326 διὰ
1645 3275 1752 3326 τῶν
1783 3268 1942 3347 ἁγίων

2033 3269 2216 3330 multa
2247 3267 2398 3332 bona
2431 3277 2489 3330 et
2517 3269 2673 3332 mala
2703 3278 2982 3352 expertus
3012 3289 3168 3346 sum,
3203 3280 3260 3333 et
3291 3281 3486 3352 potest
3518 3276 3677 3338 Deus

289 3379 386 3414 σου
456 3340 633 3440 εὑχῶν
706 3358 1064 3435 ἐνδυναμῶσαί
1131 3382 1198 3437 με
1266 3367 1356 3418 τοῦ
1420 3361 1712 3426 ὑποστῆναι
1769 3340 1942 3436 ὥσπερ

2031 3374 2138 3436 per
2167 3364 2400 3418 sanctas
2458 3365 2590 3419 tuas
2635 3340 2844 3438 preces
2892 3359 2972 3421 ita
3023 3378 3120 3421 me
3170 3340 3581 3438 corroborare,
3615 3371 3680 3423 ut

289 3446 475 3504 ἐκεῖνα
528 3446 614 3504 διὰ
685 3450 782 3516 τὴν
831 3447 984 3514 δόξαν
1037 3459 1130 3509 τοῦ
1183 3449 1408 3526 κόσμου,
1469 3445 1586 3507 οὕτε
1643 3448 1730 3503 καὶ
1783 3456 1942 3505 ταῦτα

2029 3445 2181 3506 sicut
2211 3445 2312 3507 illa
2337 3444 2414 3507 ob
2448 3447 2654 3509 mundi
2685 3448 2960 3527 gloriam,
3008 3447 3089 3510 ita
3117 3447 3243 3510 haec
3274 3449 3569 3528 perferam
3599 3449 3675 3512 ob

293 3536 376 3592 διὰ
403 3538 504 3606 τῆν
536 3537 696 3594 αὑτοῦ
741 3538 979 3617 ἀγάπην.
1033 3539 1122 3606 Μὴ
1171 3539 1260 3596 οὗν
1312 3537 1444 3596 ἄλλο
1489 3561 1540 3595 τι
1568 3537 1700 3595 ποτὲ
1739 3535 1942 3592 ὑπολά-

2028 3535 2138 3598 Dei
2168 3553 2456 3598 amorem.
2506 3533 2668 3597 Nihil
2719 3554 2862 3616 ergo
2911 3536 3069 3598 aliud
3117 3536 3330 3616 cogita,
3387 3555 3482 3600 me
3513 3538 3676 3600 enim

294 3622 390 3701 6ης
427 3643 442 3656 ’
518 3629 548 3681 6
592 3627 694 3706 γὰρ
741 3629 870 3692 Θεὸς
915 3627 1046 3707 πρός
1097 3626 1157 3683 σὲ
1203 3648 1270 3703 με
1312 3625 1642 3706 ἀπέστειλεν,
1692 3627 1780 3681 καὶ
1829 3623 1942 3681 ἀδύ-

2029 3625 2189 3687 Deus
2217 3623 2292 3686 ad
2325 3631 2381 3686 te
2412 3623 2596 3707 misit,
2628 3633 2685 3687 et
2712 3625 2844 3686 fieri
2872 3644 2990 3686 nou
3031 3631 3242 3707 potest,
3275 3636 3403 3688 uta
3432 3634 3489 3688 te
3513 3645 3679 3708 sepa-

292 3716 450 3771 νατόν
508 3715 620 3771 ἐστι
677 3716 1006 3796 χωρισθῆναί
1059 3738 1126 3792 με
1181 3717 1287 3774 ἀπὸ
1331 3723 1448 3776 σοῦ.
1501 3723 1674 3774 Ταῦτα
1720 3713 1942 3778 ἀκούσας

2028 3729 2151 3774 rer.
2183 3711 2321 3773 Haec
2372 3730 2620 3792 magnus
2670 3715 2840 3775 Pater
2886 3731 3018 3776 cum
3064 3711 3349 3792 audisset,
3397 3732 3680 3795 germana

290 3805 321 3859 6
348 3804 521 3883 μέγας
571 3803 828 3882 ἐκύρωσεν
876 3807 949 3869 εἷς
998 3805 1153 3863 αὑτὸν
1200 3805 1439 3884 ἀγάπην,
1489 3805 1577 3861 καὶ
1622 3811 1714 3860 τοῦ
1760 3801 1942 3860 λοιποῦ

2031 3819 2168 3862 eum
2203 3800 2490 3863 charitate
2522 3801 2830 3882 amplexus
2889 3810 2978 3864 est
3030 3810 3090 3864 et
3145 3801 3429 3883 deinceps
3474 3803 3680 3867 habuit

287 3891 457 3972 ἔσχεν
513 3894 671 3950 αὑτὸν
724 3896 799 3957 ὡς
858 3895 1061 3973 πατέρα
1099 3915 1113 3927 ·
1174 3896 1328 3958 αὑτὸς
1383 3891 1437 3949 δὲ
1497 3891 1656 3950 πάλιν
1701 3912 1942 3971 κατοχυ-

2029 3891 2162 3950 loco
2192 3889 2416 3970 patris:
2457 3897 2516 3952 et
2543 3889 2673 3970 ipse
2700 3889 2960 3953 vicissim
2992 3889 3402 3953 communiens
3430 3910 3495 3954 se
3524 3911 3673 3955 con-

287 3981 468 4060 ρώσας
525 3983 712 4040 ἑαυτὸν
761 3989 830 4060 τῇ
883 3985 1012 4062 πρὸς
1069 3985 1160 4041 τὸν
1211 3982 1356 4041 ὅσιον
1404 3983 1599 4062 πίστει,
1667 3982 1756 4038 καὶ
1803 3979 1942 4036 ἐλπί-

2030 3985 2202 4060 cepta
2230 3977 2292 4038 in
2321 3977 2557 4040 Patrem
2592 3979 2832 4055 fiducia,
2890 3997 3281 4061 speransque,
3314 3998 3378 4042 se
3409 3999 3515 4061 per
3541 4000 3678 4044 eum

286 4092 387 4136 σας
416 4068 487 4127 δι’
517 4073 674 4129 αὑτοῦ
722 4086 913 4152 τυχεῖν
958 4078 1057 4140 τῆς
1107 4072 1338 4153 οὑρανῶν
1385 4069 1676 4151 βασιλείας,
1722 4069 1942 4147 ἦγάπη-

2031 4065 2290 4130 coelestis
2319 4070 2488 4148 regni
2518 4078 2855 4150 compotem
2888 4070 3040 4145 fore,
3093 4067 3315 4130 amavit
3344 4086 3478 4131 eum
3510 4071 3681 4151 quasi

288 4181 382 4216 σεν
433 4159 591 4217 αὑτὸν
637 4163 712 4224 ὡς
764 4163 918 4219 αὑτὸν
961 4163 1053 4218 τὸν
1102 4162 1258 4224 Θεόν.
1309 4161 1441 4224 Τοὺς
1490 4157 1546 4216 δὲ
1595 4158 1810 4240 λόγους,
1858 4159 1942 4222 0'6:

2027 4157 2224 4238 ipsum
2261 4154 2468 4218 Deum.
2509 4155 2700 4219 Verba
2733 4175 2933 4239 porro,
2983 4175 3116 4238 quae
3166 4155 3449 4219 audiebat
3476 4177 3545 4220 ex
3577 4177 3680 4222 ore

288 4248 484 4316 ἤκουεν
550 4248 612 4306 ἐκ
680 4256 772 4307 τοῦ
841 4250 1105 4327 στόματος
1175 4250 1334 4309 αὑτοῦ
1425 4252 1786 4312 νουθετοῦντος
1855 4246 1942 4329 ἀφ’

2029 4245 2182 4325 ejus,
2242 4243 2367 4306 sive
2425 4263 2566 4309 suas
2616 4245 2718 4308 ille
2769 4246 3173 4309 institutiones
3221 4245 3504 4328 traderet,
3556 4247 3680 4312 sive

292 4339 503 4414 ἑαυτοῦ,
581 4340 618 4408 ἢ
687 4340 775 4396 καὶ
845 4340 1226 4420 ἐρμηνεύοντος
1297 4341 1390 4403 τὰς
1472 4339 1701 4418 Γραφὰς,
1777 4337 1942 4400 οὕτως

2029 4333 2368 4413 Scripturas
2401 4335 2770 4416 explanaret,
2810 4338 2892 4397 ita
2921 4332 3288 4416 suscipiebat
3315 4337 3681 4416 etjucunda-

293 4426 608 4506 ὑπεδέχετο,
667 4430 756 4485 καὶ
811 4426 1026 4498 ἡδύνετο
1077 4426 1160 4486 ἐπ’
1212 4428 1418 4503 αὑτοῖς,
1482 4429 1556 4492 ὡς
1612 4427 1666 4484 ἐν
1721 4423 1942 4483 διαθέσει

2026 4421 2200 4484 batur
2224 4422 2285 4483 in
2311 4421 2453 4498 illis,
2475 4432 2540 4486 ut
2556 4424 2804 4488 sentiret
2825 4424 3100 4486 allectum
3125 4423 3405 4486 dicentis:
3433 4449 3460 4481 α
3489 4424 3679 4498 Quam

291 4496 526 4594 γίνεσθαι
583 4496 677 4574 τοῦ
732 4496 972 4581 είπύντος
1007 4536 1019 4550 ·
1079 4508 1170 4581 Ὠς
1212 4496 1413 4594 γλυκέα
1454 4523 1532 4590 τῷ
1577 4513 1796 4594 λόρυγγί
1844 4538 1942 4591 μου

2027 4509 2228 4572 dulcia
2254 4496 2520 4574 faucibus
2568 4513 2718 4576 meis
2769 4513 3006 4594 eloquia
3063 4520 3182 4590 tua,
3235 4531 3414 4594 super
3445 4515 3560 4577 mel
3589 4517 3681 4578 ori

287 4583 359 4660 τὰ
384 4603 544 4683 λόγιά
576 4604 713 4664 eoo!
769 4607 898 4686 ὑπὲρ
958 4604 1078 4682 μέλι
1137 4611 1213 4680 τῷ
1258 4604 1482 4680 στόματί
1529 4627 1652 4680 μου.
1716 4605 1808 4659 Διὸ
1857 4606 1942 4660 καὶ

2031 4618 2166 4662 meo
2183 4599 2264 4663 96.
2288 4625 2315 4658 »
2340 4600 2569 4664 Idcirco
2585 4621 2856 4683 asperam
2885 4583 3050 4664 illam
3067 4620 3245 4684 supra
3267 4583 3504 4665 modum
3537 4623 3681 4686 per-

291 4693 517 4772 ἰητέφερε
596 4695 694 4762 τὴν
751 4693 950 4776 ἄφατον
1019 4694 1243 4762 ἄσκησιν
1313 4693 1544 4765 ἐκείνην,
1603 4691 1942 4770 μεταϐληθεὶς

2029 4688 2258 4752 ferebat
2283 4691 2420 4753 vitae
2448 4691 2766 4770 rationem,
2801 4700 3057 4753 mutatus
3089 4699 3336 4771 repente
3367 4710 3438 4753 ex
3467 4711 3677 4756 assue-

292 4781 481 4859 ἁθρόον
535 4783 642 4839 ἀπὸ
692 4789 790 4851 τῆς
849 4782 948 4850 ἔξω
1003 4784 1274 4850 συνηθείας
1332 4784 1406 4847 εἷς
1460 4781 1656 4848 ταύτην
1691 4797 1706 4812 ⁶
1761 4784 1833 4848 είς
1880 4782 1942 4850 ῆν

2029 4777 2242 4842 tudine
2262 4779 2588 4843 domestica
2610 4779 2671 4842 in
2695 4781 2869 4854 hanc,
2888 4798 3063 4861 quam
3088 4779 3318 4861 experti
3339 4783 3682 4863 complures

290 4869 484 4926 πολλοί
554 4867 932 4947 δοκιμάσαντες
998 4871 1228 4929 είσελθεν
1297 4873 1387 4928 καὶ
1441 4877 1784 4950 καριερῆσλι,
1843 4893 1942 4927 τα-

2029 4885 2162 4929 cum
2195 4867 2393 4928 animo
2425 4867 2788 4948 persistendi
2818 4868 2880 4929 in
2912 4867 3238 4950 proposito,
3291 4867 3407 4930 cito
3454 4871 3685 4935 resilie-

287 4957 438 5038 χέως
470 4957 843 5041 ἆπεπήδησαν,
878 4961 967 5018 καὶ
990 4957 1312 5039 ἀπέδρασαν.

2030 4963 2171 5019 runt
2198 4964 2256 5019 et
2285 4956 2668 5037 aufugerunt.

375 5045 436 5102 λε
451 5036 481 5110 ’,
555 5048 628 5106 T6
695 5046 750 5104 δὲ
807 5036 1134 5124 θαυμαστὸν,
1191 5046 1270 5104 ὅτι
1329 5045 1597 5124 μηδέποτε
1659 5049 1942 5128 γράμματα

2109 5045 2211 5107 35.
2232 5044 2302 5106 Et
2325 5036 2480 5128 quod
2507 5046 2723 5108 mirum
2753 5053 2899 5122 erat,
2933 5063 3069 5107 cum
3091 5064 3394 5128 nunquam
3426 5047 3680 5114 didicis-

293 5139 483 5209 μαθὼν
537 5135 702 5202 οὕτως
756 5136 956 5214 ἔψαλλε
1008 5139 1106 5207 τῆν
1164 5135 1423 5215 ὑμνῳδίαν
1478 5134 1531 5194 ἕν
1586 5157 1646 5193 τε
1703 5135 1942 5214 ψαλμοῖς

2027 5141 2119 5198 set
2149 5132 2399 5214 litteras,
2452 5134 2532 5197 ita
2576 5133 2869 5217 psallebat
2915 5141 2974 5198 et
3024 5134 3301 5198 cantabat
3330 5137 3596 5219 psalmos
3627 5149 3686 5204 et

2109 2645 2209 2707 34.
2235 2645 2386 2707 Dum
2413 2653 2571 2708 esset
2603 2646 2664 2708 in
2691 2646 2930 2728 itinere,
2964 2648 3046 2710 ait
3074 2667 3255 2711 senex
3283 2650 3354 2712 ad
3391 2654 3619 2714 Patrem
3656 2673 3673 2716 ι

370 5323 440 5380 κ
463 5323 617 5390 Psal.
648 5342 845 5410 cxvm,
885 5325 1022 5394 103.

1690 5457 1936 5523 Joannis
1966 5458 2090 5524 Clei
2115 5467 2294 5526 notae.

372 5568 502 5653 (3Q)
531 5569 850 5653 Castellum
881 5571 1168 5632 hactenus
1215 5585 1321 5649 pro
1369 5564 1615 5629 nomine
1642 5567 1945 5653 communi
2026 5567 2355 5653 derivatum
2413 5579 2526 5653 est,
2597 5588 2732 5653 cum
2806 5568 3041 5653 reliqua
3100 5569 3482 5653 monasteria
3524 5574 3687 5639 sole-

291 5645 1036 5733 habui'getinabservatum
1086 5645 1412 5733 propterea
1459 5645 1800 5733 praeterivi;
1849 5647 1946 5711 hic
2028 5649 2289 5733 rent__ab
2349 5649 2598 5733 urbibus
2644 5645 3306 5733 sejuncta'esse,__nisi
3364 5652 3564 5733 potius
3611 5655 3688 5720 de

294 5668 482 5713 [ηοω
511 5668 571 5714 et
598 5668 1036 5716 manservatum
1135 5668 1412 5730 ropterea
1459 5668 1800 5729 praeterivi;
1850 5668 1946 5711 mc
2028 5668 2166 5712 rent
2217 5668 2289 5711 an
2349 5668 2598 5713 urbibus
2644 5668 2914 5731 seiuncta
2970 5668 3126 5728 esse,
3189 5669 3306 5714 ms:
3364 5668 3564 5733 ponus
3611 5668 3687 5720 de

294 5731 610 5812 proprium
682 5740 791 5796 est.
867 5731 1010 5812 Erat
1077 5668 1247 5812 ίειΐοΔ
1293 5729 1473 5792 situm
1528 5727 1687 5812 intra
1743 5745 1950 5792 muros
2027 5728 2359 5795 Basilicam
2407 5731 2710 5795 ulterioris
2761 5731 2911 5795 urbe
2956 5729 3457 5796 Castellanetensi
3488 5746 3687 5799 sermo

294 5807 552 5877 Eivi'tatis
631 5813 721 5877 vel
791 5811 973 5878 castri
1040 5807 1375 5892 cujusdam,
1463 5807 1626 5873 unde
1705 5825 1948 5873 nomem
2031 5817 2148 5873 est.
