4182 6396
493 325 563 389 7t

1975 311 2357 385 lANONYMI

3801 303 3878 393 τι

493 444 766 525 hyn‘nos,
796 446 861 502 ut
885 437 1249 525 mirarentur
1278 443 1336 498 et
1364 434 1859 525 obstupescerent
1887 448 2117 507 omnes,

2216 434 2293 489 ut
2381 456 2617 508 κανοσιν,
2711 433 2848 491 ὥστε
2933 433 3213 510 θαυμάζειν
3300 435 3389 490 καὶ
3475 430 3859 502 ἐκκλήττεσθαι

493 520 593 612 qui
624 527 965 601 audiebant,
1017 535 1075 587 et
1111 524 1243 607 ipse
1271 530 1510 586 sanctus
1542 524 1717 584 Pater
1743 520 2140 612 oblectaretur

492 608 657 682 suavi
688 616 816 698 ejus
845 614 1126 689 melodia,
1159 612 1402 693 spiritus
1431 608 2137 698 compunctionemingef

494 696 762 770 nerante'.
794 704 864 767 Et
893 702 1085 785 primo
1127 701 1368 783 quidem
1397 707 1667 780 tempore
1698 700 1749 759 si
1779 697 2018 778 quando
2048 696 2137 758 illi

495 814 703 878 parum
757 797 1043 872 vacasset,
1104 789 1381 851 narrabat
1424 796 1490 849 ut
1535 786 1631 878 sui
1673 787 1857 878 moris
1907 785 2132 878 antiqui

497 873 644 958 erat,
673 882 886 955 cuivis,
917 897 1048 961 quae
1099 878 1343 941 vidisset
1387 884 1444 938 et
1498 875 1760 938 audisset
1806 873 1868 936 in
1917 874 2133 961 saeculo

495 959 976 1050 Interrumpente
1038 974 1235 1029 autem
1284 964 1455 1026 Patre
1503 980 1873 1036 sermonem,
1916 979 1989 1024 ac
2036 959 2134 1022 di—

496 1068 690 1135 cente,
721 1056 850 1121 Vah
885 1057 899 1117 l
931 1055 1121 1137 qualis
1143 1064 1225 1128 tu,
1250 1053 1494 1129 domne,
1519 1053 1795 1133 scriptor,
1823 1055 2033 1125 Lucas,
2060 1069 2135 1112 an

496 1149 805 1213 Matthaaus
821 1143 1053 1208 evasisti
1074 1148 1101 1203 ’ἶ
1143 1141 1334 1205 statim
1358 1141 1458 1203 ille
1495 1159 1562 1202 os
1592 1157 1765 1202 suum
1797 1139 2138 1221 percutiens

497 1238 795 1320 surgebat,
828 1235 1237 1316 secedensque
1276 1240 1394 1295 tam
1444 1232 1546 1294 diu
1597 1229 1713 1294 sibi
1742 1249 1925 1310 genas
1952 1229 2140 1320 caede:

498 1319 622 1405 bat,
663 1345 794 1390 sese
844 1324 1163 1405 obiurgans
1207 1320 1559 1402 probrisque
1601 1337 1883 1390 onerans,
1944 1319 2140 1401 quoad

497 1416 641 1480 satis
695 1415 1084 1495 lacrymarum
1134 1417 1426 1473 exuteret.
1475 1408 1735 1487 Contigit
1788 1413 1964 1469 etiam
2021 1407 2141 1471 tale

494 1503 797 1587 quidpiam
829 1501 890 1563 in
921 1499 1164 1581 oppido,
1198 1498 1363 1587 quod
1387 1497 1771 1587 Basinianum
1797 1496 2140 1587 (3t)ap_pel-

496 1584 667 1656 latur.
702 1589 944 1655 iuvenis
971 1587 1210 1671 quidam
1240 1586 1411 1650 valde
1456 1605 1668 1667 procax
1720 1584 1957 1647 obvium
1990 1585 2141 1646 forte

494 1678 1016 1744 habuitHebraaum
1029 1696 1062 1739 a
1077 1674 1476 1755 negotiatione
1492 1675 1841 1737 redeuntem
1853 1723 1867 1748 ,
1904 1680 1965 1736 et
1992 1691 2138 1753 cap-

493 1779 590 1832 tus
617 1767 895 1830 aviditate
926 1764 1239 1840 mercium,
1271 1762 1797 1843 gladioconcisum
1822 1761 2133 1842 jugulavit,

2219 523 2418 586 πάντας
2469 524 2590 588 τοὺς
2647 523 2933 588 ἀκούοντας
2989 522 3168 597 αὐτοῦ,
3226 523 3314 579 καὶ
3362 521 3517 579 αὐτὸν
3569 522 3658 578 τὸν
3711 518 3855 578 ὅσιον

2219 611 2425 692 Πατέρα
2493 611 2844 670 ἀναπαύεσθαι
2915 611 2999 669 ἐπὶ
3065 618 3134 689 τῇ
3205 610 3443 690 εὒρύθμῳ
3496 610 3585 666 καὶ
3640 608 3862 665 εὖκατα-

2217 700 2389 775 νύκτῳ
2416 699 2699 777 ψαλμῳδίᾳ
2726 701 2904 764 αὐτοῦ,
2936 701 3086 782 Παρά
3135 702 3229 764 τὰς
3278 700 3451 780 ἀρχὰς
3500 699 3596 775 μὲν
3648 698 3738 755 οὗν
3785 700 3860 763 ὡς

2217 788 2322 845 ἀπὸ
2351 790 2646 865 συνηθείας,
2682 790 2850 866 ἡμίκα
2898 790 3084 869 μικρὸν
3131 788 3393 868 ηὒκαίρει,
3443 785 3688 867 ἐξηγεῖτο
3730 788 3861 866 πρὸς

2217 879 2307 934 τὸν
2336 878 2589 958 τυχόντα.
2623 879 2657 936 ἃ
2704 877 2816 935 εἶδε
2862 878 2952 935 καὶ
3001 876 3222 945 ἤκουσεν
3261 877 3315 933 ἐν
3357 883 3433 951 τῷ
3479 876 3688 951 κόσμῳ.
3723 876 3861 933 Εἶτα

2200 968 2292 1030 ’ὡς
2358 967 2501 1044 παρὰ
2566 973 2658 1024 τοῦ
2727 968 2930 1047 Πατρὸς
2994 966 3326 1047 ἐνεκόπτετο,
3409 963 3659 1043 λέγοντος
3728 964 3862 1044 πρὸς

2220 1054 2374 1112 αὐτόν
2407 1070 2422 1084 ⁸
2456 1056 2564 1113 Οὒὰ
2607 1062 2743 1135 κῦρι,
2793 1068 2952 1120 ποῖος
3003 1056 3351 1135 συγγραφεὺς,
3405 1055 3433 1110 6
3481 1058 3683 1116 Λουκᾶς
3735 1051 3861 1130 ἐγέ-

2220 1165 2332 1223 νου,
2388 1142 2425 1211 ἢ
2481 1146 2509 1200 6
2561 1148 2870 1225 Mat-:Oa‘tec;
2930 1143 3118 1208 εὐθέως
3177 1144 3376 1225 κρούων
3437 1140 3508 1208 eti
3578 1144 3638 1198 τὸ
3688 1141 3861 1217 στόμα

2220 1233 2376 1289 αὐτοῦ
2456 1232 2720 1308 ἀνίστατο,
2813 1236 2901 1291 καὶ
2983 1233 3353 1314 ἀπερχόμενος
3441 1231 3576 1289 κατὰ
3669 1229 3858 1306 μόνας,

2218 1326 2465 1378 τοσοῦτον
2553 1322 2735 1379 ἑουτοῦ
2821 1323 2914 1387 τὰς
2985 1322 3206 1401 παρειὰς
3276 1321 3574 1398 ἐμάστιζεν,
3644 1315 3864 1397 ὑϐρίζων

2217 1410 2307 1465 καὶ
2364 1408 2620 1485 ἐπιτιμῶν
2694 1412 2905 1491 ἑαυτὸν,
2975 1409 3077 1474 ἕως
3132 1412 3192 1467 οὗ
3259 1410 3557 1490 ἀρκούντως
3624 1404 3862 1485 ἐδάκρυε.

2219 1501 2411 1582 Γέγονε
2461 1501 2516 1559 δὲ
2570 1504 2659 1560 καὶ
2708 1504 2944 1564 τοιοῦτόν
2988 1525 3040 1560 τι
3087 1503 3144 1560 ἐν
3189 1509 3268 1578 τῷ
3314 1502 3525 1582 κάστρῳ
3550 1507 3628 1575 τῷ
3674 1497 3867 1555 καλου-

2220 1591 2364 1668 μένῳ
2420 1592 2726 1668 Βυσινιάνῳ.
2787 1592 3055 1673 Νεώτερός
3107 1614 3186 1655 τις
3234 1598 3339 1648 τῶν
3392 1588 3588 1671 σφόδρα
3652 1587 3859 1645 ἀκατα-

2218 1680 2423 1741 στάτων
2477 1681 2779 1751 ὑπήντησεν
2833 1672 3059 1762 Ἑϐραίῳ
3112 1678 3487 1761 ὁποστρέφοντι
3535 1678 3642 1734 ἀπὸ
3685 1698 3864 1756 πραγ-

2220 1769 2461 1844 ματείας,
2516 1771 2605 1825 καὶ
2658 1768 2947 1834 δελεασθεὶς
3005 1769 3091 1826 ἐπὶ
3144 1782 3262 1833 τοῖς
3319 1764 3406 1824 ὑπ’
3451 1769 3607 1824 αὐτοῦ
3654 1765 3863 1841 ἀποφε-

495 1858 829 1937 tollensque
842 1853 1067 1917 asinam
1090 1870 1224 1916 cum
1241 1852 1676 1929 sarcinal'ugam
1695 1849 1969 1939 arripuit.
1990 1847 2107 1930 Cap

2216 1856 2477 1938 ρομένοις,
2553 1859 2790 1939 μαχαίρᾳ
2855 1868 3039 1918 τοῦτον
3097 1860 3505 1935 συγκατακόψας
3562 1852 3861 1931 ἀπέκτεινε,

501 1953 856 2026 tusergoest
889 1960 1061 2005 socer
1078 1941 1209 2022 ejus
1230 1960 1263 2002 a
1293 1941 1405 2002 loci
1441 1938 1914 2003 moderatoribus
1946 1947 2005 2002 et
2035 1940 2135 2000 Ju-

497 2034 642 2097 daeis
662 2031 910 2095 traditus
938 2030 1009 2093 ad
1043 2028 1505 2108 cruciﬁgeudum
1540 2027 1616 2090 ob
1643 2028 1976 2108 jugulatum
2008 2026 2133 2089 He-

496 2122 744 2185 braeum.
763 2119 875 2184 Ubi
891 2120 949 2181 id
980 2119 1216 2182 rescivnt
1243 2116 1713 2201 sapientissimus
1742 2114 1911 2178 Nilus
1931 2134 1966 2178 a
1990 2134 2134 2197 pro-

494 2211 735 2295 pinquis
763 2207 1354 2285 damnati,scribitad
1386 2207 1623 2288 iniquos
1628 2204 1945 2295 judicesin
1977 2206 2136 2268 hunc

500 2293 742 2364 inodum
768 2317 782 2363 :
806 2296 1378 2379 Oportebatquidem
1393 2314 1495 2357 vos
1509 2295 1657 2372 legis
1676 2293 1947 2356 conscios
1969 2295 2138 2374 juxta

496 2393 684 2467 legem
726 2403 960 2469 quoque
990 2386 1148 2448 ferre
1178 2382 1533 2464 sententias,
1581 2402 1713 2464 quae
1756 2383 2134 2462 plectendum

486 2477 657 2558 jubet
686 2473 1082 2540 Christianum
1113 2491 1295 2535 unum
1327 2490 1433 2553 pro
1463 2481 1691 2553 septem
1741 2471 1983 2534 Iudaeis.
2018 2472 2136 2533 Aut

493 2584 634 2647 ergo
664 2583 764 2628 sex
796 2562 941 2625 alios
974 2560 1208 2624 tradant
1247 2558 1486 2622 Hebraei
1515 2561 1590 2621 de
1618 2559 1742 2622 suis
1773 2560 2134 2624 occidendos

494 2673 601 2736 pro
632 2671 727 2734 eo,
764 2651 866 2733 qui
909 2650 1352 2730 cruciﬁgendus
1403 2656 1515 2723 est,
1571 2657 1673 2710 aut
1720 2648 1770 2710 si
1799 2648 1970 2711 vobis
1998 2668 2131 2711 om-

493 2743 636 2805 nino
688 2739 1067 2803 constitutum
1123 2746 1214 2800 est
1261 2747 1599 2820 pervertere
1646 2736 1905 2818 optimas
1946 2738 2132 2818 leges,

490 2832 666 2895 detur
693 2828 913 2892 Judseis
939 2828 1012 2889 ad
1041 2827 1505 2907 cruciﬁgendum
1563 2826 1688 2908 ille,
1720 2844 1896 2907 quem
1927 2828 1999 2888 ad
2030 2846 2134 2890 vos

491 2918 659 2981 mitto
680 2936 814 2979 cum
840 2915 1075 2997 litteris,
1101 2919 1190 2977 vir
1207 2915 1425 2977 nobilis
1444 2912 1514 2977 ex
1534 2914 1836 2996 primariis
1860 2914 2128 2990 Rassani,

492 3016 552 3071 et
580 3005 870 3069 liberetur
899 3003 1087 3066 miser
1114 3003 1238 3081 ille,
1269 3013 1331 3066 ut
1364 3003 1542 3065 simul
1591 3002 1704 3083 ipsi
1767 3012 1825 3065 et
1873 3004 2041 3067 uxori
2073 3014 2133 3067 et

2215 1946 2303 2002 καὶ
2333 1943 2460 2024 ἄρας
2505 1946 2602 2013 τὴν
2652 1947 2767 2004 ὄνον
2817 1950 2980 2006 αὐτοῦ
3026 1948 3118 2002 σὺν
3156 1951 3234 2020 τῷ
3281 1945 3455 2024 γόμῳ,
3507 1947 3649 2023 φυγῇ
3696 1940 3863 2022 ἐχρή-

2218 2055 2368 2093 σατο.
2403 2035 2689 2113 Κρατηθεὶς
2722 2035 2809 2092 οὗν
2840 2038 2869 2091 6
2896 2036 3081 2092 τούτου
3128 2030 3413 2108 κηδεστὴς,
3463 2034 3564 2089 ὑπὸ
3606 2036 3712 2087 τῶν
3740 2029 3862 2085 τότε

2217 2121 2552 2202 πραττόντων
2609 2121 2944 2202 παραδίδοται
3013 2136 3133 2188 τοῖς
3203 2120 3469 2202 Ἰουδαίοις
3532 2125 3625 2176 τοῦ
3695 2139 3862 2177 σταυ-

2217 2213 2447 2289 ρωθῆναι
2517 2210 2630 2268 ἀντὶ
2689 2201 2790 2271 τοῦ
2855 2211 3146 2293 σφαγέντος
3174 2220 3189 2229 ”
3222 2201 3482 2290 Ἔϐραίου.
3556 2208 3655 2265 Καὶ
3710 2212 3865 2263 τοῦτο

2218 2299 2398 2375 μαθὼν
2468 2301 2497 2355 6
2564 2300 2873 2380 σοφώτατος
2944 2299 3136 2364 Νεῖλος
3208 2301 3350 2379 παρᾶ
3417 2303 3521 2354 τῶν
3573 2293 3713 2353 ἰδίων
3769 2300 3864 2351 τοῦ

2214 2387 2685 2466 κατακεκριμένου,
2758 2390 2945 2470 γράφει
3015 2390 3148 2468 πρὸς
3219 2388 3338 2451 τοὺς
3408 2383 3613 2449 ἀδίκως
3683 2384 3865 2463 κριτὰς

2212 2483 2401 2539 ταῦτα,
2485 2474 2601 2533 Εδει
2636 2475 2731 2553 μὲν
2782 2480 2920 2554 ὑμᾶς
2964 2478 3054 2533 τὸν
3101 2477 3261 2553 νόμον
3304 2473 3683 2549 ἐπισταμένους
3729 2472 3865 2529 κατὰ

2214 2566 2277 2620 τὸ
2300 2565 2462 2640 νόμον
2492 2565 2868 2647 ἀποφαίνεσθαι
2916 2567 3005 2622 καὶ
3051 2566 3145 2630 τὰς
3202 2566 3394 2646 κρίσεις
3441 2566 3532 2647 τον
3578 2560 3863 2647 κελεύοντα

2216 2630 2540 2711 ἀπόλλυσθαι
2586 2630 2678 2711 ἕνα
2734 2657 3067 2736 Χριστιανὸν-
3101 2630 3247 2735 ὑπὲρ.
3284 2655 3419 2710 ἑπτὰ
3469 2644 3742 2731 Ἐϐραίων.

2214 2741 2383 2800 τοίνυν
2412 2740 2645 2799 δότωσαν
2682 2741 2734 2809 ἓξ
2764 2733 2934 2801 αὐτῶν
2979 2746 3026 2800 οἱ
3054 2733 3292 2823 Ἐϐρατοι
3342 2742 3549 2821 ἐτέρους
3577 2747 3670 2797 τοῦ
3694 2739 3863 2796 ἀποκ-

2214 2831 2462 2897 τανθῆναι
2492 2831 2622 2911 ὑπὲρ
2650 2837 2739 2889 νοῦ
2787 2830 3073 2907 μέλλοντος
3115 2834 3475 2910 σταυρωθῆναι
3524 2828 3560 2897 ἢ
3603 2826 3861 2906 εϊγεὸλως

2215 2916 2383 2985 ἕδοξεν
2438 2920 2575 2995 ἡμῖν
2633 2923 2968 3002 παρακρίνειν
3024 2922 3090 2978 τὰ
3144 2919 3322 2985 καλῶς
3378 2917 3858 2995 νενομοθετημένα,

2215 3004 2373 3086 ὅνπερ
2458 3007 2634 3065 αὐτόθι
2727 3010 2861 3086 μετὰ
2952 3016 3058 3067 τῶν
3127 3010 3454 3089 γραμμάτων
3522 3004 3860 3079 ἀποστέλλω,

490 3094 697 3158 liberis
718 3091 1126 3155 misericordia
1149 3091 1552 3172 impendatur.
1571 3090 1969 3180 Yocavitergo
1997 3093 2132 3156 bea-

2219 3096 2435 3176 εὒγενὴς
2481 3095 2538 3154 δέ
2587 3098 2696 3155 ἐστι
2748 3106 2853 3158 τῶν
2901 3100 3127 3180 πρώτων
3169 3108 3264 3158 τοῦ
3313 3090 3601 3171 Ῥυσίάνου,
3655 3092 3863 3165 δοθήτω

490 3191 584 3247 tus
612 3182 788 3245 Pater
818 3179 1093 3245 ahbatam
1126 3180 1447 3261 Georgium
1478 3188 1537 3243 et
1563 3179 1716 3242 nihil
1739 3181 2015 3260 aperiens
2036 3200 2135 3245 eo-

484 3290 642 3374 rum,
670 3289 803 3354 quae
829 3269 1176 3352 scripserat,
1206 3269 1519 3352 epistolam
1548 3269 1648 3331 dat
1671 3277 1731 3331 et
1758 3268 2131 3333 Bisinianum

487 3370 688 3425 mittit.

2212 3198 2332 3250 τοῖς
2404 3183 2669 3251 Ἰουδαίοις
2734 3195 2828 3245 τοῦ
2898 3190 3284 3269 σταυρωθῆναι,
3356 3188 3444 3244 καὶ
3528 3188 3557 3241 6
3637 3184 3863 3264 πτωχὸς

2214 3272 2632 3357 ἐλευθερωθήτω,
2703 3276 2797 3333 ’ίνα
2867 3279 2957 3335 σὺν
3036 3277 3179 3353 αὗτῷ
3233 3278 3321 3333 καὶ
3375 3275 3507 3356 γυνὴ
3562 3275 3651 3330 καὶ
3706 3271 3865 3329 τέκνα

2214 3362 2523 3431 ἐλεηθῶσιν.
2620 3363 2861 3431 Καλέσας
2964 3366 3054 3424 οὖν
3149 3367 3240 3425 τὸν
3338 3361 3504 3422 ἆὸϐἇν
3602 3362 3866 3440 Γεώργιον

483 3450 650 3531 ὅσιος,
704 3451 793 3508 καὶ
859 3447 1024 3527 μηδὲν
1093 3452 1236 3527 αὐτῷ
1302 3449 1524 3529 εἰρηκὼς
1588 3451 1762 3530 ὧνπερ
1820 3447 2040 3530 ἔγραψε,
2099 3450 2304 3510 δίδωσιν
2357 3451 2500 3530 αὐτῷ
2567 3453 2665 3522 τὴν
2731 3454 3041 3537 ἐπιστολὴν,
3117 3457 3205 3513 καὶ
3275 3450 3587 3511 ἀποστέλλει
3659 3452 3731 3515 εἷς
3798 3451 3865 3505 τὸ

483 3541 806 3599 Βυσινιάνον.

567 3642 665 3710 36.
686 3644 1260 3727 Acceptis'lectisque
1280 3643 1517 3722 litteris,
1535 3645 1607 3708 ad
1627 3662 1833 3708 senem
1847 3645 2085 3729 judices
2109 3665 2125 3712 :

487 3732 537 3796 0
566 3735 884 3809 monache,
914 3733 1218 3815 inquiunt,
1251 3732 1490 3814 scripsit
1511 3737 1707 3805 Pater,
1738 3732 2042 3797 utJudaais
2072 3742 2130 3797 te

486 3821 866 3884 tradamusad
886 3821 1382 3905 cruciﬁgendum.
1410 3821 1609 3885 Placet
1628 3842 1702 3885 ne
1727 3821 1834 3884 tibi
1859 3821 1885 3886 ἵ
1904 3822 1977 3885 Et
1992 3822 2123 3888 ille:

483 3912 734 3974 Paratus
765 3928 896 3972 sum
924 3910 995 3972 ad
1018 3909 1411 3990 implendum,
1439 3910 1724 3993 quidquid
1752 3911 1988 3991 scripsit
2016 3911 2129 3974 do-

485 3998 690 4063 minus
711 4017 903 4083 meus,
929 4005 989 4061 et
1007 3998 1058 4061 si
1088 3999 1242 4063 forte
1272 4018 1395 4062 non
1424 4007 1540 4075 est,
1575 3998 1675 4082 qui
1706 4017 1947 4063 crucem
1978 4019 2130 4063 con-

484 4087 665 4165 ﬁciat,
698 4106 836 4168 ergo
867 4086 1011 4152 satis
1039 4089 1264 4170 peritus
1293 4107 1423 4151 sum
1457 4089 1589 4170 ejus
1630 4088 2007 4152 fabricandas.
2041 4089 2132 4152 Illi

483 4185 824 4259 promptum
856 4175 1020 4239 senis
1048 4177 1310 4240 animum
1338 4178 1578 4241 reveriti
1598 4196 1667 4241 ac
1703 4179 1993 4241 mittentis
2021 4197 2131 4260 ge-

482 4265 894 4347 nerositatem,
955 4273 1014 4328 et
1055 4265 1341 4329 miserum
1401 4267 1572 4330 illum
1620 4267 2022 4346 absolverunt,
2075 4274 2135 4331 et

2289 3637 2394 3714 λς’,
2458 3648 2740 3729 Δεξάμενοι
2813 3650 2868 3708 δὲ
2937 3654 2984 3710 οἱ
3035 3653 3228 3734 κριταὶ,
3288 3651 3376 3708 καὶ
3432 3647 3743 3734 ἀναγνόντες
3772 3645 3865 3734 ,τὰ

2209 3738 2573 3820 γεγραμμένα,
2594 3724 2829 3820 ’λέγουσι
2855 3744 2988 3822 πρὸς
3044 3724 3134 3801 τὸν
3185 3724 3404 3822 γέροντα
3438 3757 3452 3772 ⁸
3506 3724 3628 3794 Ὧδε
3700 3733 3864 3791 καλό-

2210 3849 2366 3910 γηρε,
2394 3831 2423 3886 6
2452 3829 2633 3897 Πατήν
2682 3829 2922 3911 ἔθραψεν,
2971 3829 3065 3888 ἵνα
3114 3832 3173 3887 σὲ
3223 3828 3397 3907 δῶμεν
3446 3841 3564 3893 τοῖς
3596 3823 3864 3889 Ἰουδαίοις

2209 3927 2303 3977 τοῦ
2357 3922 2718 4002 σταυρωθῆναι
2751 3936 2766 3951 ’
2830 3920 3037 4002 ἀρέσκει
3093 3939 3229 4001 σοις
3278 3918 3434 3998 Λέγει
3479 3917 3661 3981 αὐτοῖς
3711 3914 3863 3971 ἐκεῖ·

2210 4030 2299 4072 νος
2334 4026 2349 4041 ⁸
2389 3989 2629 4086 εῘξῖτοιμός
2660 4010 2766 4086 εἶμι
2823 3989 2895 4074 εἰς
2946 4017 3051 4067 πᾶν
3094 4011 3123 4067 ὃ
3170 3989 3400 4089 ἔγραψε-ν
3446 4010 3474 4064 6
3524 4005 3700 4086 κύριός
3759 4025 3862 4080 μου

2210 4093 2513 4176 πληρῶσαι,
2588 4100 2646 4154 Et
2717 4098 2773 4156 δὲ
2828 4100 2915 4156 καὶ
2961 4100 3050 4158 τὸν
3107 4099 3326 4178 σταυρὸν
3383 4098 3478 4154 οὒκ
3533 4093 3644 4152 ’ἐστι
3696 4115 3776 4157 τις
3834 4095 3865 4150 6

2211 4185 2636 4269 κατασκεόαζων,
2709 4187 2818 4269 ἐγὼ
2884 4186 3008 4245 οῖδα
3062 4186 3239 4251 καλῶς
3311 4187 3466 4243 αὐτὸν
3537 4182 3666 4241 πελε
3703 4187 3858 4249 ἧσαι,

2214 4275 2275 4331 Οἱ
2320 4271 2376 4330 δὲ
2420 4235 2762 4341 αἰδέσθεεζιτεςι
2794 4276 2893 4345 τὴν
2950 4286 3043 4336 τοῦ
3065 4235 3343 4355 ’γέροντος
3399 4235 3739 4354 προθυμίαν,.
3772 4271 3863 4327 καὶ

482 4372 688 4418 senem
702 4372 830 4444 sum
840 4372 934 4417 mo
952 4373 1084 4444 cum
1100 4356 1325 4420 honore
1340 4355 1716 4421 dimiserunt.
1738 4355 1821 4420 Im
1831 4357 1944 4440 piis
1957 4374 2132 4437 porro

2216 4367 2306 4418 τοῦ
2335 4360 2744 4431 ἀποστείλαντος
2792 4366 2890 4432 τὴν
2939 4363 3325 4444 μεγαλοφυίαν,
3368 4364 3457 4418 καὶ
3503 4363 3592 4418 τὸν
3635 4360 3861 4440 πτωχὸν

481 4442 830 4534 Sarracenis
860 4444 989 4534 loca
1042 4442 1144 4505 illa
1192 4444 1606 4509 invadentibus
1655 4446 1826 4509 statis
1872 4444 2124 4522 vicibus,

2216 4448 2595 4534 ἠλευθέρωσαχ,
2654 4456 2742 4511 καὶ
2797 4456 2886 4512 τὸν
2938 4442 3167 4533 γέροντα
3209 4453 3342 4529 μετά
3384 4455 3546 4527 τιμῆς
3601 4449 3859 4529 μεγίστης

479 4531 669 4621 sancti
696 4529 899 4621 Patres
926 4531 987 4593 in
1019 4536 1303 4614 spelunca
1334 4536 1647 4598 considere
1677 4552 1796 4598 non
1831 4519 2126 4616 poterant,

2216 4519 2499 4599 ἀπέλυσαν.
2545 4519 2664 4599 1νίίτι
2708 4541 2763 4599 δὲ
2810 4544 2899 4600 καὶ
3071 4519 3220 4599 κατὰ·
3249 4541 3430 4621 καιρὸν
3481 4519 3861 4619 ἐπερχομένων

486 4619 624 4683 illac
655 4620 813 4682 enim
848 4620 963 4683 iter
990 4621 1229 4702 patebat
1275 4622 1590 4687 exercitui.
1622 4622 1829 4687 Visum
1864 4641 2006 4702 ergo
2040 4631 2132 4685 est

2216 4631 2316 4681 τῶν
2346 4625 2511 4684 ἀθέων
2560 4629 2912 4709 Σαρῤακηνῶν
2961 4644 3077 4695 τοῖς
3126 4630 3309 4695 τόποις
3346 4619 3600 4701 ἐκείνοις,
3662 4625 3862 4701 καὶμὴ

479 4728 693 4789 magno
725 4710 883 4774 Patri
932 4711 1121 4774 locum
1158 4712 1461 4776 deserere.
1502 4712 1697 4786 Quare
1741 4713 2042 4795 profectus
2069 4711 2132 4772 in

2216 4710 2512 4789 δυναμένων
2560 4720 2763 4775 καθίσαι
2814 4719 2865 4776 ἐν
2916 4726 2993 4794 τῷ
3040 4717 3286 4793 σπηλαὶῳ
3333 4723 3436 4774 τῶν
3473 4717 3631 4773 ὁσίων
3682 4713 3865 4771 Πατέ-

485 4798 1063 4889 ιιάξειοειιιεεριιιτίω
1096 4800 1296 4878 sedes,
1334 4802 1550 4865 mansit
1585 4802 1645 4864 in
1676 4802 1768 4863 sui
1791 4800 1947 4882 juris
1974 4800 2127 4877 loco,

2216 4824 2339 4882 ρων,
2376 4803 2574 4863 ἐκεῖθεν
2607 4808 2706 4887 γὰρ
2752 4808 2818 4876 ἦν
2866 4811 2902 4878 ἡ
2947 4806 3111 4871 δίοδος
3159 4814 3252 4864 τοῦ
3302 4805 3568 4889 φωσάτου,
3617 4801 3757 4869 ἔδοξε
3786 4809 3866 4878 τῷ

486 4886 550 4949 in
579 4904 698 4969 quo
728 4888 919 4970 posita
947 4897 1072 4953 erat
1091 4890 1282 4954 sancti
1308 4890 1559 4954 Adriani
1589 4891 1706 4970 (32)
1732 4889 2003 4967 aedicula,
2034 4907 2132 4952 ra-

2216 4890 2435 4971 μεγάλῳ
2485 4886 2801 4954 καταλιπεῖν
2872 4898 2937 4955 τὰ
3004 4897 3179 4954 ἐκεῖσε
3213 4916 3227 4931 ο
3290 4886 3376 4953 καὶ
3431 4889 3740 4952 καταλαϐὼν
3799 4892 3868 4951 τὰ

1868 5070 2116 5137 Joannis
2141 5069 2270 5133 Clei
2295 5079 2475 5142 notae.

476 5205 509 5278 ε
565 5204 682 5280 (31)
702 5202 1099 5290 Bisinianum,
1122 5209 1297 5290 quod
1329 5209 1433 5273 alii
1461 5209 1766 5284 Besidias,
1798 5206 1929 5271 Itali
1961 5206 2128 5290 Βίεξ-
2214 5220 2524 5290 vocantur,
2552 5207 2850 5274 abhatiam
2875 5231 3012 5277 esse
3033 5233 3067 5276 a
3090 5215 3154 5278 S.
3180 5211 3444 5276 Adriano
3466 5207 3859 5289 nominatam,

483 5284 1289 5376 gnanqappellantncivitas
1318 5290 1605 5376 Calabriae
1633 5306 1815 5376 parva
1838 5296 1927 5350 est
1949 5284 2128 5376 ;_ep_i:
2209 5287 2967 5376 reliquiisque,_privilegiis
2989 5303 3048 5356 et
3069 5292 3404 5376 redditsbus
3422 5284 3864 5376 divitem.pr

485 5364 739 5456 scopalis
760 5364 960 5456 tamen
977 5367 1088 5456 sub
1111 5372 1429 5456 metropoli
1452 5364 1842 5456 Rossaﬁensi,
1866 5364 2127 5431 unde'lS
2213 5386 2302 5449 pas
2328 5364 2740 5456 geographica;
2768 5364 2975 5456 quinto
3007 5374 3249 5437 milliari
3279 5370 3673 5456 Bisinianoin
3703 5364 3859 5450 Sep-

484 5446 730 5536 circiter
754 5446 1003 5536 milliari
1034 5446 1238 5514 Italico
1259 5446 1607 5534 tantumque
1624 5450 1749 5514 fere
1779 5450 1852 5512 ab
1873 5467 1980 5511 ora
2000 5465 2132 5511 ma-
2213 5446 2607 5536 tentrionem,
2684 5446 2920 5518 decimo
2994 5474 3134 5519 vero
3204 5470 3410 5536 versus
3479 5446 3860 5536 occidente—In

484 5521 1173 5617 τίθηίίλῐτξῗλθηῖδίδίείκ
1278 5610 1296 5617 _
1455 5611 1469 5617 _
1509 5521 1600 5617 ’,,,
1680 5608 1716 5617 _
1765 5611 1805 5617 _
2216 5530 2486 5617 ῌοξεειιο
2533 5521 3117 5617 distantempagum
3154 5531 3449 5617 exhibent
3475 5529 3536 5595 S.
3565 5531 3861 5617 Demetrii

591 5601 960 5698 32'}A._g.resta
980 5609 1515 5698 saepelaudatusin
1533 5606 1740 5674 Vitas.
1762 5609 1971 5698 liagilii
1994 5627 2128 5698 pag,
2212 5602 2383 5698 titulo
2432 5610 2804 5698 insignitum,
2861 5601 2940 5689 ab
2979 5601 3099 5698 quo
3144 5601 3550 5679 verisimiliter
3597 5609 3863 5693 loquitur

479 5681 590 5750 361
626 5681 858 5767 scribit,
891 5681 1415 5777 propégprerupta
1442 5693 1590 5769 loca,
1613 5681 2132 5776 quaeS.Demetfii
2212 5681 2486 5774 Agresta'.
