4182 6406
453 368 535 434 75
1962 363 2322 432 ΑΝΟΝΥΜΙ
3757 362 3838 428 76

451 498 683 583 licebit,
714 516 820 565 eas
844 498 1075 565 habere
1121 498 1197 563 ad
1244 498 1481 565 labores
1506 498 1745 563 modice
1773 496 2099 563 sublevan—

2183 522 2310 560 τατε
2356 500 2551 581 Πάτερ,
2602 498 2785 569 ἐπειδὴ
2833 505 3089 559 κοπιῶσιν
3140 501 3189 558 oi
3234 497 3467 582 ἀδελφοὶ,
3522 498 3618 557 ἵνα
3666 497 3831 578 ἐργά-

454 590 586 654 dos.
2185 611 2380 649 σωνται
2407 591 2498 647 τὸν
2525 589 2788 648 ἐπιούσιον
2831 588 3010 670 ἄρτον,
3059 588 3221 647 καλόν
3267 587 3431 665 ἐστιν,
3480 589 3526 646 εἰ
3570 586 3827 669 κελεύεις,

2183 678 2278 738 ἵνα
2306 678 2477 758 ἔχωσι
2504 686 2668 736 ταῦτα
2699 679 2874 760 βραχύ
2901 700 2951 735 τι
2978 678 3327 759 παραμύθιον,

536 767 640 832 38.
670 767 745 831 Et
772 784 1020 848 magnus
1048 765 1262 830 Pater:
1295 766 1425 830 Non
1456 766 1574 842 his,
1605 766 1821 849 inquit,
1837 766 2099 849 indigent

2269 761 2387 837 λη’.
2446 767 2601 848 Λέγει
2652 768 2741 825 οὖν
2789 769 2922 848 πρὸς
2962 769 3117 826 αὐτὸν
3167 770 3197 825 6
3237 768 3421 848 Πατήρ
3451 783 3469 802 ⁸
3523 769 3597 826 Οὖ
3644 766 3830 849 χρείαν

456 856 696 939 fratres,
717 857 840 919 imo
863 856 1145 920 conducit
1172 857 1281 933 eis,
1306 865 1375 920 ut
1400 856 1694 920 laborent.
1719 856 1884 921 Vade
1901 858 2099 939 igitur,

2189 858 2377 942 ἔχουσι
2424 860 2623 917 τούτων
2665 861 2713 916 οἱ
2762 856 2973 939 ἀδελφοί
3023 876 3038 891 ·
3091 856 3290 935 μᾶλλον
3337 854 3394 913 δὲ
3442 857 3689 940 συμφέρει
3740 859 3836 914 αὒ-

456 954 651 1010 macta
669 956 730 1009 et
751 946 1033 1024 dilargire
1062 946 1441 1029 pauperibus.
1475 946 1681 1010 Statim
1705 955 1771 1009 ut
1800 967 1983 1011 senex
2012 968 2099 1011 au-

2189 962 2331 1025 τοῖς,
2404 947 2500 1006 ἵνα
2565 954 2815 1010 κοπιῶσι,
2911 944 3059 1005 Ἀλλ’
3147 945 3388 1003 ἀπελθὼν
3458 946 3671 1027 σφάξον,
3746 945 3834 1002 καὶ

456 1036 629 1111 divit,
661 1037 825 1100 nulla
852 1037 1201 1120 interposita
1220 1056 1409 1110 mora,
1427 1037 1673 1101 sublatis
1688 1038 1940 1103 manicis
1968 1038 2099 1102 bra-

2193 1039 2366 1104 διάδος
2436 1038 2622 1105 αὖτοὺς
2691 1052 2810 1103 τοῖς
2868 1049 3141 1119 πτωχοῖς,
3214 1037 3416 1102 Εὐθέως
3468 1035 3525 1093 δὲ
3581 1041 3609 1095 6
3665 1035 3836 1116 γέρων

456 1126 594 1191 chia
626 1126 894 1209 nudavit,
924 1133 982 1189 et
1009 1135 1249 1208 arrepto
1280 1127 1501 1207 gladio,
1534 1128 1607 1189 ad
1658 1128 1970 1190 caedendae
1992 1128 2099 1191 ibat

2193 1129 2445 1206 ἀκούσας,
2498 1129 2587 1187 καὶ
2639 1124 2774 1205 μηδὲ
2830 1129 2961 1207 πρὸς
3028 1127 3169 1207 ὥραν
3233 1126 3528 1203 μελλήσας,
3601 1127 3839 1201 ἀνεκομ-

453 1232 689 1292 vaccas,
711 1215 1485 1297 etimplessetpraaceptum,
1507 1214 1623 1277 nisi
1645 1218 1822 1279 Pater
1846 1217 2099 1279 velocius

2192 1216 2405 1276 ϐώσατο
2458 1217 2558 1285 τὴς
2607 1230 2825 1297 χεῖρας,
2886 1217 2973 1273 καὶ
3026 1222 3125 1283 τῆς
3188 1215 3458 1296 μαχαίρας
3519 1213 3838 1293 δραξάμενος

457 1305 842 1368 acclamando
855 1323 1099 1367 manum
1114 1304 1497 1368 detinuisset.
1532 1303 1776 1385 Cognita
1791 1324 1928 1386 ergo
1943 1308 2099 1369 Patet

2192 1305 2411 1387 ὥρμησε
2469 1312 2563 1363 τοῦ
2609 1303 2817 1361 τελέσαι
2858 1306 2921 1362 τὸ
2968 1303 3335 1379 κελευόμενον.
3387 1306 3486 1362 Καὶ
3530 1301 3839 1382 ἐπλήρωσεν

457 1394 523 1455 in
571 1395 705 1473 ejus
763 1392 961 1455 animo
987 1392 1382 1456 Abrahamica
1409 1392 1659 1456 virtute:
1710 1392 1797 1457 Ne
1849 1394 2099 1473 occidas,

2193 1394 2257 1453 ἂν
2285 1395 2497 1473 εὐθέως,
2529 1394 2680 1470 εἰμὴ
2717 1392 2931 1474 ταχέως
2980 1395 3214 1474 φονήσας
3265 1396 3293 1450 6
3340 1391 3484 1474 ὅσιος
3530 1391 3629 1460 τὴν
3675 1404 3841 1472 χεῖρα

452 1472 674 1564 inquit,
703 1483 841 1564 quia
859 1500 1064 1563 parum
1087 1481 1362 1545 utilitatis
1378 1482 1493 1545 erit
1519 1503 1535 1544 :
1569 1482 1674 1545 sed
1698 1482 1844 1545 duas
1865 1472 2099 1564 quidem

2192 1482 2477 1544 ἐκώλυσεν.
2538 1483 2668 1541 Τότε
2719 1472 2875 1561 γνοὺς
2930 1485 2958 1539 6
2995 1472 3189 1563 Πατὴρ
3237 1483 3300 1538 τὸ
3350 1472 3698 1560 Ἀϐραμιαῖον
3739 1484 3840 1547 τῆς

455 1570 668 1633 demus
681 1570 1087 1650 egentioribus
1098 1579 1158 1633 et
1170 1572 1686 1635 numerosioribus
1707 1572 2099 1650 monasteriis,

2191 1577 2375 1651 ψυχῆς
2443 1572 2601 1630 αὖτοῦ
2632 1587 2648 1603 ⁸
2716 1572 2807 1641 Μὴ
2877 1572 3133 1653 φονεύσῃς
3216 1570 3369 1645 αὐτὰ,
3445 1568 3570 1651 ἔφη,
3657 1565 3842 1637 ἐπειδὴ

456 1658 692 1722 tertiam
739 1677 880 1722 vero
926 1678 1062 1722 cum
1086 1659 1301 1722 vicinis
1324 1661 1648 1741 jungentes
1695 1661 2099 1725 necessitatem

2191 1662 2367 1744 ὀλίγον
2424 1660 2615 1744 ὄφελος
2670 1662 2867 1742 γίνεται
2903 1679 2917 1693 ⁸
2979 1661 3116 1719 ἀλλὰ
3168 1662 3235 1718 τὰ
3309 1662 3406 1738 μὲν
3460 1657 3549 1717 δύο
3603 1656 3841 1736 δώσομεν

454 1756 718 1811 nostram
739 1747 1119 1849 sublevemus
1145 1767 1161 1825 ;
1183 1767 1320 1810 nam
1333 1750 1504 1857 quod
1522 1767 1703 1857 supra
1720 1748 2099 1829 indigentiam

2190 1753 2276 1810 ἐπὶ
2321 1753 2389 1809 τὰ
2443 1749 2592 1820 ἐνδεῆ
2644 1753 2971 1832 μοναστήρια
3010 1752 3099 1809 καὶ
3144 1749 3632 1828 πληθυντικώτερα,
3682 1749 3743 1804 τὸ
3779 1745 3842 1857 δὲ

456 1847 571 1913 est,
596 1836 671 1899 ad
692 1835 995 1899 avaritiam
1015 1836 1299 1918 pertinet.
1331 1835 1479 1900 Cum
1512 1855 1652 1917 ergo
1673 1836 1892 1900 factum
1924 1846 2099 1916 esset,

2188 1840 2365 1922 ἕτερον
2455 1839 2694 1917 μίξαντες
2787 1842 2923 1917 μετά
2990 1845 3097 1897 τῶν
3165 1839 3418 1919 γειτόνων
3495 1839 3675 1914 ἡμῶν,
3739 1835 3841 1903 τὴν

453 1931 524 1987 ιιι
552 1927 728 1988 Pater
747 1926 1037 2006 jusserat,
1071 1945 1343 2006 magnam
1372 1926 1659 1987 frumenti
1687 1926 1917 2007 copiam
1949 1944 2099 1989 anno

2188 1931 2372 2013 χρείαν
2440 1932 2594 2007 ἡμῶν
2663 1930 3004 2010 ἐργασώμεθα
3037 1946 3051 1960 '
3099 1928 3214 1987 ὅθεν
3284 1934 3389 1985 πᾶν
3443 1928 3505 1984 τὸ
3559 1926 3689 2007 ὑπὲρ
3736 1926 3840 1993 τὴν

454 2013 560 2076 illo
580 2015 975 2094 collegerunt,
1000 2021 1279 2077 etomnes
1292 2017 1418 2080 Deo
1429 2014 1679 2094 gloriam
1698 2014 1943 2079 dabant.
1958 2018 2099 2080 Cum

2189 2020 2375 2101 χρείαν
2422 2016 2698 2084 πλεονεξία
2747 2018 2881 2080 ἐστί.
2930 2019 3261 2089 Παιήσαντες
3309 2016 3397 2075 οὖν
3447 2018 3521 2080 ὡς
3578 2018 3606 2072 6
3658 2014 3844 2094 Πατὴρ

455 2101 777 2182 aliquando
803 2111 926 2166 tres
954 2104 1167 2166 fratres
1194 2102 1258 2166 in
1312 2102 1725 2166 molendinum
1755 2104 1944 2167 issent
1972 2123 2099 2167 cum

2190 2105 2481 2185 διετάξατο,
2538 2107 2794 2175 ἐποίησαν
2843 2110 2934 2165 τὸν
2991 2107 3224 2166 ἐνιαυτὸν
3281 2105 3486 2164 ἐκεῖνον
3538 2117 3688 2163 σῖτον
3733 2126 3846 2160 πο-

455 2189 653 2254 tribus
702 2191 991 2270 jumentis
1048 2192 1299 2269 onustis,
1357 2190 1743 2272 redirentque
1788 2199 2025 2274 postero
2075 2210 2099 2253 e

2189 2195 2306 2277 λὺν,
2368 2198 2456 2253 καὶ
2504 2197 2695 2260 πάντες
2742 2195 2981 2269 ἐδόξαζον
3028 2199 3118 2254 τὸν
3174 2198 3325 2259 Θεόν.
3398 2196 3535 2253 Ποτέ
3583 2192 3639 2251 δὲ
3683 2199 3847 2274 τριῶν

456 2282 636 2351 mola,
665 2280 913 2361 jamque
944 2298 1129 2362 prope
1158 2279 1585 2368 monasterium
1616 2288 1840 2357 essent,
1864 2280 1987 2343 viso
2012 2299 2099 2343 ac-

2190 2285 2427 2367 ἀδελφῶν
2474 2285 2534 2343 ἐκ
2578 2292 2672 2343 τοῦ
2720 2287 3069 2368 μοναστηρίου
3112 2286 3167 2342 ἐν
3212 2287 3290 2361 τῷ
3334 2282 3538 2362 μύλωνι
3580 2282 3845 2340 ἀπελθόν-

456 2386 642 2431 censo
671 2371 733 2430 in
764 2369 858 2432 via
884 2387 1055 2451 rogo,
1092 2369 1368 2432 dixerunt
1398 2387 1412 2433 :
1465 2367 1533 2431 In
1563 2372 1922 2433 monasterio
1953 2389 2099 2433 nunc

2190 2398 2297 2434 των
2390 2375 2524 2452 μετά
2596 2379 2754 2455 τριῶν
2823 2376 2972 2447 ζώων
3041 2373 3502 2457 πεφωρτωμένων,
3577 2373 3713 2449 μετά
3781 2373 3849 2428 τὸ

451 2458 787 2538 jejunatur,
822 2457 1211 2521 conﬁciamus
1239 2459 1340 2521 hic
1370 2476 1582 2540 panem
1614 2466 1673 2520 et
1701 2457 2099 2534 comedamus,

2192 2465 2377 2523 ἀλέσαι
2408 2471 2478 2543 τῇ
2506 2465 2752 2545 ἐπαύριον
2794 2466 3251 2545 ὑποστρεφόντων,
3301 2464 3388 2520 καὶ
3434 2461 3539 2529 ἤδη
3586 2466 3656 2539 τῇ
3704 2466 3846 2538 μονῇ

453 2564 533 2610 ne
562 2546 612 2609 si
635 2547 832 2627 jejuni
861 2546 1004 2610 illuc
1036 2547 1513 2628 pervenerimus,
1556 2553 1637 2608 et
1681 2565 1792 2609 nos
1821 2566 1957 2611 cum
1988 2547 2099 2611 illis

2187 2554 2778 2645 6Wt§6wwvn6ptbotv
2821 2552 2876 2610 ἐν
3041 2551 3146 2629 ὀδῴ
3191 2553 3357 2645 πυρὰν
3406 2548 3697 2645 καιομένην
3752 2552 3846 2606 καὶ

445 2636 815 2716 jejunemus.
829 2635 1247 2718 Feceruntque
1259 2636 1346 2699 uti
1362 2635 1861 2699 deliberaverant.
1880 2640 2099 2716 Cogno-

2186 2640 2429 2721 λέγουσιν
2464 2659 2480 2673 ⁸
2548 2635 2690 2721 Ἄρτι
2762 2642 2816 2698 ἐν
2898 2643 2976 2717 τῷ
3054 2639 3392 2718 μοναστηρίῳ
3477 2637 3839 2714 νηστεύουσιν,

451 2724 534 2786 vit
562 2725 676 2786 hoc
703 2724 915 2806 spiritu
944 2724 1117 2787 Pater
1145 2733 1204 2787 et
1255 2724 1538 2807 praecepit
1586 2724 1749 2786 cellae
1801 2726 2099 2808 praefecto,

2186 2734 2497 2809 ποιήσωμεν
2543 2730 2645 2807 ᾧδε
2703 2729 2859 2811 ἄρτον
2904 2732 2993 2788 καὶ
3042 2731 3317 2810 φάγωμεν,
3366 2729 3575 2806 μήποτε
3624 2728 3837 2798 νήστεις

452 2821 520 2876 ιιι
549 2831 816 2875 mensam
844 2827 1194 2895 apponeret,
1246 2832 1362 2893 quo
1414 2811 1715 2888 fratribus,
1751 2812 1964 2895 inquit,
2000 2831 2099 2875 ve-

2189 2821 2491 2886 ἀνελθόντες
2569 2822 2657 2879 καὶ
2736 2824 2900 2897 ἡμεῖς
2989 2818 3108 2896 μετ’
3192 2819 3361 2877 αὖτῶν
3433 2816 3829 2893 νηστεύσωμεν.

453 2900 784 2979 nientibus,
847 2920 1005 2984 pane
1049 2920 1382 2965 vescamur.
1431 2903 1479 2965 E
1521 2901 1765 2981 vestigio
1819 2910 2099 2968 venerunt

2192 2912 2293 2970 Καὶ
2349 2910 2514 2976 οὕτως
2570 2910 2849 2986 ἐποίησαν,
2906 2910 3081 2973 καθὼς
3128 2906 3522 2969 ἐϐουλεύσαντο.
3576 2907 3735 2971 Γνοὺς
3784 2903 3841 2961 δὲ

451 2990 924 3073 illi,iterumque
941 3009 1074 3054 cum
1104 2994 1275 3053 Patre
1296 2998 1355 3053 et
1378 2988 1658 3053 fratribus
1699 2994 1897 3056 cibum
1937 3013 2099 3055 sum-

2193 3002 2222 3057 6
2293 3001 2476 3080 Πατὴρ
2544 3002 2621 3075 τῷ
2689 3000 2953 3075 Πνεύματι
3022 2998 3089 3055 τὰ
3143 2998 3260 3078 περὶ
3316 2999 3511 3079 αὒτῶν,
3570 2993 3842 3052 ἐκέλευσεν

456 3090 724 3162 pserunt.
758 3080 908 3169 Ergo
936 3099 968 3143 e
999 3099 1207 3143 mensa
1266 3088 1577 3169 surgentes
1622 3090 1792 3144 vocat
1838 3101 2099 3145 seorsum

2190 3089 2468 3166 ἑτοιμάσαι
2536 3091 2615 3164 τῲ
2679 3087 2989 3169 κελλαρίτῃ,
3062 3084 3180 3161 ἵνα,
3234 3087 3385 3166 φησὶ,
3438 3090 3544 3142 τῶν
3601 3082 3843 3164 ἀδελφῶν

452 3171 632 3259 Pater
653 3168 833 3259 etait:
859 3167 1052 3259 Quare
1084 3168 1419 3259 praebuistis
1448 3189 1652 3237 aurem
1686 3171 1923 3235 diabolo
1953 3191 2099 3235 con-

2187 3179 2494 3259 φθασάντων
2561 3178 2667 3235 ἀπὸ
2722 3185 2815 3235 τοῦ
2851 3167 2856 3169 γ
2886 3167 3050 3255 μύλου
3119 3176 3433 3255 γευσώμεθα
3492 3171 3673 3254 ἄρτου.
3730 3174 3839 3231 Εὖ-

452 3257 652 3319 silium
717 3258 902 3334 danti,
962 3268 1029 3322 ut
1074 3276 1182 3340 per
1235 3258 1330 3321 via
1377 3262 1736 3325 conficeritis
1783 3280 1997 3343 panem
2048 3269 2099 3324 et

2186 3257 2317 3333 θέως
2348 3267 2436 3325 οὖν
2485 3266 2696 3325 ἐκείνων
2746 3266 3025 3342 ἐλθόντων,
3075 3266 3165 3322 καὶ
3210 3262 3371 3322 πάλιν
3417 3264 3550 3341 μετά
3588 3269 3680 3319 τοῦ
3719 3268 3839 3319 Πα-

449 3346 831 3409 vescerimini
857 3345 883 3410 ἲ
911 3345 1209 3429 Numquid
1239 3366 1274 3410 a
1304 3352 1663 3415 monasterio
1694 3352 1870 3432 longe
1901 3352 2099 3428 eratis,

2184 3358 2307 3439 τρὶς
2363 3358 2453 3414 καὶ
2521 3360 2625 3415 τῶν
2696 3354 2934 3438 ἀδελφῶν
3003 3353 3364 3436 γευσαμένων,
3437 3354 3574 3431 μετὰ
3624 3353 3686 3409 τὸ
3736 3356 3839 3419 τῆς

450 3446 549 3499 aut
582 3436 737 3500 servi
759 3436 880 3498 mei
911 3436 1079 3512 estis,
1112 3444 1199 3514 ut,
1232 3437 1371 3518 quia
1401 3457 1497 3502 me
1528 3441 1771 3517 timetis,
1806 3440 1963 3503 clam
1994 3459 2099 3503 co-

2183 3436 2448 3525 τραπέζης
2515 3436 2879 3521 ἐξαναστῆναι,
2952 3443 3110 3502 καλεῖ
3165 3443 3354 3507 αὐτοὺς
3410 3443 3439 3498 6
3488 3440 3672 3520 Πατὴρ
3728 3462 3839 3498 κα-

451 3524 705 3588 medatis
732 3525 763 3586 ?
793 3527 914 3588 Vos
942 3526 1154 3588 fratres
1178 3525 1299 3587 mei
1322 3527 1464 3590 estis
1494 3536 1552 3591 et
1591 3529 1760 3612 panis
1790 3539 1991 3593 vester
2018 3536 2099 3591 est

2186 3524 2253 3592 τά
2303 3535 2492 3613 μόνας,
2543 3536 2631 3593 καὶ
2676 3534 2819 3615 λέγει
2876 3533 3059 3597 αὐτοῖς
3105 3550 3122 3567 ⁵

449 3615 641 3697 labor,
673 3633 787 3680 nec
817 3623 925 3689 est,
960 3615 1065 3697 qui
1097 3624 1312 3698 praeter
1356 3619 1726 3684 voluntatem
1754 3637 1859 3681 vos
1886 3618 2100 3700 adigat.

449 3704 577 3768 Hoc
603 3705 783 3785 igitur
802 3704 1082 3781 scientes,
1111 3704 1261 3766 nihil
1282 3725 1539 3787 unquam
1562 3707 1968 3789 committatis,
2000 3727 2099 3789 per

2186 3709 2304 3770 ὄδὸν
2376 3710 2564 3792 ἄρτους
2634 3714 2722 3769 καὶ
2789 3724 3034 3793 φαγεῖν,
3101 3710 3191 3777 Μὴ
3245 3710 3454 3789 μακρὰν
3510 3712 3609 3775 τῆς
3669 3712 3840 3784 μονῆς

450 3795 615 3877 quod
655 3794 887 3874 Regula
916 3794 1240 3874 frangatur.
1294 3793 1464 3867 Quod
1499 3796 1587 3859 illi
1616 3796 1929 3860 audientes
1959 3816 2099 3879 pro-

2184 3799 2553 3883 ἐτυγχάνετες
2622 3800 2659 3869 ἢ
2728 3797 2902 3883 δοῦλοι
2961 3821 3062 3876 μου
3112 3798 3403 3883 ὑπᾴρχετε,
3462 3793 3556 3883 ἵνα
3611 3793 3697 3854 διὰ
3745 3796 3840 3851 τὸν

450 3875 791 3945 straverunt
820 3901 906 3958 se,
933 3883 1484 3966 promiseruntque,
1511 3885 1573 3948 in
1590 3896 1900 3968 posterum
1921 3875 2099 3948 vitam

2183 3875 2353 3965 696;)"
2378 3875 2550 3971 φόϐον.
2607 3887 2773 3968 λάθρα
2838 3875 3044 3956 ἐσθίητε
3096 3905 3114 3968 ς
3191 3875 3397 3963 Ὑμεῖς
3448 3882 3664 3965 ἀδελφοί
3735 3905 3840 3971 μου

451 3990 519 4035 se
551 3972 1000 4036 emendaturos.

2183 3976 2325 4058 ἐστὲ,
2382 3969 2471 4035 καὶ
2521 3979 2549 4035 ὁ
2607 3974 2763 4058 ἄρτος
2817 3976 3070 4057 ὑμέτερος
3115 3975 3283 4040 κόπος
3325 3975 3486 4050 ἐστὶν,
3540 3974 3629 4030 καὶ
3673 3969 3842 4037 οὔδείς

448 4062 590 4119 ἐστιν
649 4066 677 4120 6
732 4063 926 4140 βιάζων
994 4064 1131 4139 ὑμᾶς
1187 4064 1285 4131 τὴν
1342 4065 1637 4144 προαίρεσιν
1692 4066 1864 4141 ὑμῶν,
1925 4071 2091 4124 Τοῦτο
2144 4067 2315 4123 τοίνυν
2380 4066 2726 4145 γινώσκοντες
2796 4063 3062 4143 μηδέποτέ
3116 4086 3168 4122 τι
3233 4063 3376 4143 παρά
3431 4061 3627 4119 κανόνα
3679 4062 3844 4133 ποιή-

448 4172 601 4220 σητε.
636 4155 696 4209 Οἱ
724 4150 779 4207 δὲ
806 4151 1120 4217 ἀκούσαντες
1152 4150 1339 4211 ἔϐαλον
1371 4154 1676 4234 μετάνοιαν,
1711 4156 1798 4211 καὶ
1827 4154 2212 4233 ἐπηγγείλαντο
2239 4157 2332 4212 tofi
2358 4153 2544 4236 λοιποῦ
2574 4153 2972 4236 διορθώσασθαι.

532 4241 632 4305 39.
661 4241 792 4304 ΑΙὶο
819 4249 1086 4323 tempore
1116 4261 1249 4305 cum
1273 4225 1448 4305 Pater
1474 4225 1735 4321 abesset,
1753 4245 1916 4324 virgo
1947 4225 2099 4325 quae-

2263 4236 2368 4308 λθ’.
2440 4225 2667 4303 Ἄλλοτει
2724 4244 2882 4305 πάλιν
2953 4251 3045 4303 τοῦ
3104 4243 3336 4325 μεγάλου
3398 4243 3602 4322 Πατρὸς
3656 4240 3710 4298 ἐν
3764 4265 3839 4320 τῃ

452 4330 587 4394 dam
610 4330 775 4393 venit
802 4330 865 4392 in
895 4332 1343 4409 monasterium,
1396 4342 1461 4394 ut
1488 4350 1625 4394 eum
1653 4333 2096 4415 alloqueretur:

452 4419 795 4448 -A---Z-Lnt
838 4420 1200 4448 m-ll-.‘ll--_
1231 4422 1447 4448 _-..:.I£-
1474 4423 1890 4448 --._....-_-1____.
1934 4442 2099 4448 ___-...

2184 4340 2323 4412 μονῇ
2353 4336 2429 4410 μὴ
2474 4335 2831 4417 ὑπάρχοντος,
2884 4333 3106 4407 ἐλήλυθέ
3154 4356 3235 4398 τις
3262 4331 3515 4413 παρθένος
3548 4345 3838 4412 συντυχεῖν

2194 4423 2325 4448 μ’-ν
2383 4422 2531 4448 ad}-
2594 4424 2608 4448 ι
2788 4425 2801 4445 ι
2885 4422 2955 4448 ,ιο
2991 4439 3012 4448 ..
3037 4446 3044 4448 Α
3105 4422 3176 4448 tu,
3243 4433 3566 4448 _-_-_---._..-
3629 4419 3836 4448 “z‘n--.

448 4438 561 4482 nec
574 4419 820 4493 sciebat,
838 4420 1017 4482 malle
1034 4421 1202 4483 illum
1229 4422 1449 4503 aspidis
1470 4423 2099 4505 commercium,quam

2188 4423 2328 4498 αὒτῷ
2382 4422 2703 4502 βουλομένη,
2739 4425 2816 4501 μὴ
2880 4422 3048 4482 εἰδυῖα
3103 4422 3184 4479 ὅτι
3239 4433 3571 4503 προαιρεῖται
3629 4419 3838 4497 μᾶλλον

448 4507 721 4571 mulieris
751 4508 1136 4591 colloquium.
1170 4511 1393 4574 Etcum
1420 4511 1633 4573 fratres
1665 4531 1876 4574 omnes
1906 4511 2099 4593 quiete

2187 4511 2388 4594 ἀσπίδι,
2417 4513 2454 4582 ἢ
2505 4515 2712 4591 γυναικὶ
2747 4512 3023 4590 ὁμιλῆσαι,
3081 4513 3198 4571 Τῶν
3244 4509 3299 4567 δὲ
3345 4507 3583 4591 ἀδελφῶν
3639 4511 3713 4573 είς
3767 4511 3841 4566 τὰ

446 4599 511 4661 in
539 4599 710 4662 cellis
743 4607 1123 4661 morarentur
1152 4609 1213 4663 et
1265 4600 1565 4662 neminem
1616 4601 1717 4662 illa
1768 4600 2009 4665 vidisset
2041 4600 2099 4663 in

2184 4599 2366 4658 κελλία
2444 4603 2845 4683 ἡσυχαζόντων,
2932 4602 3109 4662 ἰδοῦσα
3178 4601 3313 4670 αὐτὴ
3376 4600 3475 4667 τὴν
3538 4598 3837 4667 ’ἐκκλησίαν

449 4688 728 4762 ecclesia,
763 4688 1035 4769 ingressa
1084 4696 1175 4751 est
1223 4696 1282 4751 et
1326 4690 1533 4751 oravit.
1579 4687 1654 4752 Ut
1706 4709 1851 4770 ergo
1883 4690 2098 4752 fratres

2183 4690 2594 4767 μεμονωμένην,
2656 4690 2863 4759 εἰσῆλθε
2919 4694 3008 4751 καὶ
3062 4689 3282 4760 ηὔξατο.
3344 4687 3565 4753 Ἰδόντες
3620 4687 3675 4745 δὲ
3730 4688 3839 4744 αὒ-

448 4795 749 4857 egressam
765 4778 1383 4860 viderunt,conquesti
1396 4778 1470 4841 de
1484 4778 1754 4860 illasunt,
1769 4778 1923 4859 quod
1940 4796 2096 4857 prae-

2183 4780 2277 4847 τὴν
2331 4783 2379 4836 οἱ
2436 4779 2647 4861 ἀδελφοὶ
2703 4780 3095 4858 ἐξεληλυθυῖαν,
3156 4781 3446 4861 ἐγόγγυσαν
3493 4775 3612 4835 κατ’
3668 4776 3841 4845 αὖτῆς

448 4873 540 4927 ter
570 4866 1063 4930 consuetudinem
1113 4867 1376 4931 fecisset.
1430 4870 1502 4929 Et
1547 4867 1668 4944 illa,
1722 4866 1825 4929 ubi
1860 4868 2099 4929 rescivit

2183 4871 2253 4935 ὡς
2305 4870 2447 4949 παρά
2503 4872 2777 4941 συνήθειαν
2846 4871 3173 4939 ποιησάσης.
3229 4861 3291 4927 Ἠ
3350 4865 3405 4924 δὲ
3460 4871 3695 4943 μαθοῦσα
3751 4864 3838 4923 ὅτι

3185 3531 3334 3590 Διατί
3380 3530 3713 3599 ὑπηκούσατε
3761 3531 3841 3604 τῷ

2188 3620 2417 3698 διαϐόλῳ
2506 3621 2953 3700 συμϐουλεύσαντι
3038 3622 3169 3698 ὑμῖν
3253 3628 3474 3693 ποιῆσαι
3556 3619 3646 3676 καὶ
3738 3619 3838 3686 τὴν

447 4956 684 5018 Patrem
719 4955 953 5034 abesse,
986 4957 1303 5020 confestim
1336 4956 1503 5021 abiit.
1536 4959 1838 5021 Reversus
1856 4975 2100 5035 magnus

445 5041 624 5105 Pater
644 5056 777 5124 post
796 5044 927 5107 dies
948 5054 1224 5129 quatuor,
1250 5047 1431 5128 coepit
1450 5047 1684 5120 fratres,
1708 5045 1809 5128 qui
1830 5046 1903 5108 ad
1949 5064 2099 5108 con-

450 5131 826 5195 salutandum
847 5142 1271 5211 convenerant,
1297 5135 1612 5217 increpare
1629 5154 1699 5198 ac
1718 5135 1949 5198 dicere:
1975 5134 2098 5198 Ta-

448 5220 540 5283 les
556 5238 657 5283 vos
679 5222 822 5284 estis
837 5224 1177 5301 moonachi,
1202 5244 1352 5306 quos
1390 5244 1510 5288 una
1533 5225 1749 5287 mulier
1777 5224 2101 5287 adveniens

451 5308 699 5372 eluserit
733 5319 791 5372 et
823 5320 1080 5375 vestram
1122 5314 1439 5376 ecclesiam
1478 5313 1693 5377 fetore
1723 5313 2051 5396 oppleverit
2081 5337 2097 5392 ;

446 5398 718 5486 profecto
749 5399 913 5480 digni
944 5401 1110 5478 estis,
1143 5402 1249 5483 qui
1296 5406 1463 5481 grani
1516 5423 1689 5486 poena
1739 5402 2097 5465 multemini.

444 5485 538 5550 Illi
568 5506 709 5551 vero
756 5496 1063 5570 stupentes
1115 5491 1493 5569 miraculum,
1525 5485 2000 5574 procubuerunt
2044 5497 2103 5554 et

444 5576 677 5640 veniam
699 5578 1022 5660 petierunt.
1062 5578 1130 5644 At
1150 5598 1289 5643 vero
1316 5579 1523 5645 beatus
1544 5600 1751 5645 revera
1787 5581 2097 5664 Georgius,

445 5666 891 5749 egregiisjuxta
903 5666 1012 5734 Dei
1030 5667 1225 5749 legem
1249 5669 1428 5737 editis
1448 5671 1755 5754 operibus,
1781 5678 1843 5737 et
1878 5670 2099 5754 proba-

2183 4959 2210 5013 6
2263 4959 2446 5039 Πατὴρ
2502 4961 2596 5017 οὒκ
2650 4958 2790 5017 ἔστιν
2848 4960 3045 5034 ἐκεῖσε,
3105 4957 3341 5027 ἀπῆλθεν
3390 4955 3600 5020 εὐθέως.
3648 4965 3838 5014 Κατα-

2181 5044 2356 5103 λαϐὼν
2427 5048 2515 5104 οὖν
2584 5050 2613 5105 6
2685 5048 2851 5128 μέγας
2916 5051 3051 5127 μετὰ
3118 5048 3374 5128 τετάμνην
3441 5045 3671 5126 ἡμέραν,
3745 5047 3841 5103 καὶ

2180 5142 2288 5192 τῶν
2357 5135 2595 5218 ἀδελφῶν
2665 5139 2738 5202 είς
2807 5140 3160 5218 προσκύνησιν
3230 5136 3387 5193 αὐτοῦ
3456 5134 3837 5208 συνελθόντων,

2182 5222 2374 5306 ἤρξατο
2444 5228 2627 5292 αὐτοῖς
2698 5227 3108 5308 ἐπιμέμφεσθαι,
3159 5226 3249 5283 καὶ
3302 5223 3477 5303 λέγειν
3513 5243 3529 5260 ·
3591 5229 3837 5282 Τοιοῦτοι

2183 5316 2414 5397 μοναχοί
2466 5315 2583 5372 ἐστε
2624 5317 2805 5395 ὑμεῖς,
2858 5316 2937 5373 ὅτι
2988 5316 3082 5393 μία
3128 5314 3261 5396 γύνὴ
3311 5312 3529 5373 ἐλθοῦσα
3579 5311 3836 5379 κατηπά-

2180 5423 2341 5471 τησεν
2406 5405 2566 5481 ὑμᾶς,
2636 5406 2726 5462 καὶ
2796 5406 3065 5477 συνώζησε
3133 5405 3231 5473 τὴν
3302 5402 3587 5471 ἐκκλησίαν
3656 5402 3832 5477 ὑμῶν.

2200 5502 2378 5557 Οντως
2439 5492 2673 5573 μεγάλου
2727 5494 2991 5570 ἐπιτιμίου
3048 5492 3166 5550 ἐστέ
3222 5490 3380 5559 ἄξιοι.
3441 5494 3502 5551 Οἱ
3549 5489 3605 5547 δὲ
3654 5512 3832 5548 κατα-

2181 5578 2473 5660 πλαγέντες
2542 5581 2628 5640 ἐπὶ
2696 5581 2773 5658 τῷ
2827 5583 3076 5661 θαύματι,
3137 5578 3324 5638 ’έϐαλον
3384 5578 3685 5659 μετάνοιαν,
3743 5578 3837 5634 καὶ

2181 5669 2525 5751 συγχώρησιν
2577 5669 2926 5750 ἐξῃτήσαντο.
2981 5662 3038 5731 Ὀ
3086 5670 3252 5731 τοίνυν
3303 5669 3562 5751 μακάριος
3612 5666 3832 5734 ἀληθῶς
