4182 6398
533 429 616 495 79
2046 420 2411 488 ANONYMI
3852 422 3934 489 80

532 560 645 624 bus
667 567 727 624 et
746 558 1007 641 templis,
1033 556 1292 639 collapsa
1312 556 1375 619 in
1397 553 1867 627 inferiorem,ita
1885 559 1952 616 ut
1973 551 2214 617 domos;

2293 577 2361 621 τος
2416 555 2508 614 σὺν
2567 554 2743 620 οἴκοις
2795 556 2885 613 καὶ
2941 556 3259 636 εύκτηρίοις,
3317 556 3408 614 καὶ
3462 555 3783 621 ἐπελθόντος
3837 560 3931 612 του

538 640 898 713 etecclesias
910 647 1201 721 obruerit,
1227 653 1476 727 excepta
1488 641 1811 725 episcopali
1837 641 2088 704 ecclesia
2116 640 2190 703 ob

2293 644 2592 725 ιατωτὲρου,
2664 643 2999 720 καλύψαντός
3066 666 3125 702 τε
3195 644 3378 710 οἴκους
3448 649 3539 704 καὶ
3610 646 3928 718 ἐκκλησίας,

536 739 936 803 reverentiam
966 745 1186 800 sanctae
1204 735 1410 799 Irenes
1440 734 1589 813 (34),
1615 731 2031 794 admirandum
2067 739 2192 793 erat

2293 736 2360 791 ιαὶ
2432 734 2510 811 μὴ
2580 731 2901 799 αἷδεσθὲντος
2970 736 3014 791 εἰ
3081 735 3159 811 μὴ
3232 735 3402 810 μόνην
3471 736 3572 803 τὴν
3643 733 3934 799 καθολικὴν

542 835 604 891 et
631 827 922 891 horribile
947 825 1288 889 videntibus
1317 822 1749 906 spectaculum,
1782 840 1915 883 cum
1969 827 2191 882 mutata

2293 821 2619 903 Εκκλησίαν,
2677 824 2765 879 καὶ
2808 825 2872 879 τὸ
2918 820 3086 899 ὄνομα
3134 828 3234 890 τῆς
3287 823 3441 902 ἁγίας
3492 826 3745 904 Εἰρήνης,
3796 827 3929 884 θαυ-

545 926 709 979 esset
735 916 959 997 ubique
977 933 1175 977 rerum
1201 913 1384 976 facies
1401 921 1459 975 et
1478 911 1591 974 alia
1612 928 1676 971 se
1700 908 1891 973 oculis
1919 929 2028 991 pro
2058 909 2191 971 aliis

2293 916 2476 971 ιαστὸν
2504 913 2569 982 ἧν
2611 915 2701 970 καὶ
2749 910 2969 994 φοϐερὸν
3013 927 3132 977 τοῖς
3178 916 3337 994 ὁρῶσι
3388 917 3450 971 τὸ
3495 917 3737 995 γεγονὸς,
3793 914 3932 973 ἄλλα

544 1003 944 1069 oﬂ'errent.Et
966 1002 1127 1085 quod
1154 1010 1459 1083 stuporem
1493 999 1786 1074 movebat,
1820 999 1883 1060 in
1913 1006 2029 1060 tam
2061 999 2199 1060 1101·-

2293 1003 2330 1070 ὲξ
2385 1002 2561 1061 ἄλλων
2610 1004 2901 1085 φαινόμενα
2955 1005 3023 1061 τὰ
3068 1006 3266 1080 πάντα,
3327 1006 3414 1062 καὶ
3461 1004 3613 1086 ἕτερα
3665 1003 3776 1063 ἀνθ’
3824 1006 3940 1063 ἐτέ-

544 1092 736 1156 rendo
769 1092 991 1156 diluvio
1013 1091 1213 1154 nullus
1242 1092 1445 1167 homo,
1471 1088 1695 1150 nullum
1715 1087 2053 1168 jumentum
2087 1105 2196 1168 pe-

551 1182 740 1245 rierat
794 1182 940 1245 Cum
972 1181 1100 1243 haec
1149 1179 1364 1241 multos
1420 1184 1733 1241 narrantes
1785 1175 1996 1237 beatus
2030 1178 2201 1237 Pater

551 1270 785 1333 audiret
814 1277 875 1332 et
903 1267 1376 1350 obstupesceret,
1399 1266 1592 1328 visum
1607 1264 1696 1327 illi
1719 1271 1809 1326 est
1827 1264 2199 1345 postmodum

547 1357 785 1438 ingredi
818 1365 877 1420 et
906 1357 1176 1419 contueri
1205 1355 1364 1437 quod
1399 1355 1747 1435 contigerat.
1770 1352 2205 1433 Ingressusau-

549 1453 673 1509 tem
704 1452 795 1509 est
822 1445 897 1508 ad
927 1446 1087 1508 hunc
1118 1446 1385 1507 modum.
1410 1445 1745 1524 Projectam
1775 1442 1838 1503 in
1867 1442 1959 1503 via
1988 1441 2204 1523 pellem

548 1534 856 1616 vulpinam
886 1534 1137 1615 invenit,
1170 1533 1470 1615 capitique
1491 1529 1947 1612 circumligavit,‘
1965 1530 2207 1613 pallium

548 1641 693 1687 vero
723 1622 938 1686 baculo
969 1623 1265 1704 injectum
1316 1622 1563 1701 gerebat
1599 1620 1875 1684 humero.
1907 1621 1993 1683 Ita
2023 1618 2205 1681 totum

549 1712 897 1795 pertransiit
925 1711 1213 1794 oppidum
1238 1710 1515 1773 omnibus
1542 1708 1900 1788 incognitus.
1926 1707 2211 1771 Videntes

2280 1115 2406 1175 ρων.
2468 1094 2540 1152 Τὸ
2593 1090 2648 1148 δὲ
2703 1091 3018 1174 παράδοξον,
3073 1093 3154 1150 ὅτι
3206 1092 3260 1150 ἐν
3310 1115 3533 1170 τοιούτῳ
3578 1093 3939 1171 κατακλυσμῷ

2281 1179 2487 1262 φοϐερῷ
2515 1179 2727 1256 οόδεμία
2774 1181 2928 1262 ψυχὴ
2974 1181 3246 1262 ἀνθρώπου
3294 1181 3331 1250 ἢ
3380 1185 3605 1255 κτήνους
3652 1182 3928 1246 ἀπώλετο.

2284 1278 2458 1329 Ταῦτα
2525 1271 2697 1328 τοίνυν
2764 1268 2977 1327 πολλῶν
3046 1268 3410 1349 ἐξηγουμένων
3480 1271 3558 1347 τῷ
3641 1274 3932 1352 μακαρίτῃ,

2283 1362 2373 1417 καὶ
2435 1359 2521 1416 ἐπὶ
2587 1360 2794 1423 τούτοις
2864 1357 3294 1437 ἐκπληττομένου
3362 1358 3529 1427 ἔδοξεν
3601 1362 3743 1437 αὖτῴ
3801 1363 3940 1438 μετὰ

2285 1454 2449 1505 ταῦτα
2506 1445 2761 1504 εἰσελθεῖν
2823 1449 2913 1505 καὶ
2976 1452 3249 1529 ἱστορῆσαι
3300 1452 3366 1509 τὰ
3420 1451 3705 1530 γεγονότα.
3768 1441 3826 1509 Ὀ
3883 1450 3941 1506 δὲ

2288 1538 2483 1617 τρόπος
2512 1541 2611 1604 τῆς
2670 1534 2924 1601 ἐλεύσεως
2971 1542 3129 1598 αὐτοῦ
3175 1539 3242 1607 ἧν
3292 1538 3495 1597 τοιόσδε
3538 1560 3554 1577 ο
3611 1541 3787 1620 Εὒρὼν
3837 1540 3941 1619 γὰρ

2288 1628 2427 1685 κατὰ
2451 1626 2551 1694 τὴν
2581 1624 2699 1683 ὁδὸν
2754 1624 2917 1706 δέρμα
2965 1626 3246 1694 ἀλώπεκος
3312 1628 3602 1710 ἐῤῥιμένον,
3649 1631 3738 1685 καὶ
3782 1639 3942 1687 τοῦτο

2289 1722 2357 1793 τῇ
2412 1714 2619 1797 κεφαλῇ
2679 1715 2835 1773 αὐτοῦ
2903 1715 3210 1796 περιδήσας,
3272 1719 3333 1775 τὸ
3392 1716 3446 1775 δὲ
3501 1716 3835 1798 περιϐόλαιον
3883 1717 3943 1774 ἐν

551 1809 756 1873 autem
790 1799 963 1882 pueri
990 1802 1106 1863 hoc
1135 1799 1343 1862 habitu
1375 1807 1639 1888 euntem,
1691 1796 2092 1888 se_qu_ebantu_r
2115 1798 2208 1888 _la-

2293 1811 2358 1883 τῇ
2412 1796 2583 1882 ῥάϐδῳ
2640 1806 2783 1885 παρὰ
2836 1807 2928 1862 τὸν
2983 1806 3130 1881 ὦμον
3186 1808 3477 1888 κρεμάσας,
3542 1796 3681 1863 οδτω
3727 1805 3945 1874 διῆλθεν

554 1890 721 1971 pillis
752 1897 1050 1970 petentes,
1084 1888 1477 1969 dicentesque
1506 1905 1521 1950 :
1554 1885 1716 1948 Heus
1745 1885 2003 1964 Bulgare
2030 1884 2206 1947 Calo-

555 1997 699 2059 gere
729 1978 869 2056 ;alii
888 1978 1213 2059 Francum,
1237 1977 1341 2041 alii
1370 1974 1660 2039 vocabant
1686 1974 2066 2037 Armenium.
2100 1974 2209 2037 llle

553 2086 695 2130 vero
727 2068 940 2131 tacitus
960 2086 1095 2130 cum
1120 2066 1321 2129 omnia
1342 2064 1766 2148 perspexisset,
1797 2063 1870 2125 ad
1900 2082 2209 2145 vesperam

556 2155 811 2219 contulit
839 2174 904 2218 se
933 2156 995 2218 in
1029 2156 1315 2237 majorem
1348 2153 1690 2225 ecclesiam,
1720 2152 2019 2232 etabjecta
2051 2152 2207 2232 pelle

557 2244 636 2308 de
664 2244 882 2326 capite,
915 2245 1138 2326 vilique
1168 2245 1346 2324 pallio
1395 2242 1664 2306 humeris
1709 2241 2013 2322 imposito,
2048 2240 2209 2303 subit

557 2349 775 2414 magno
806 2352 941 2396 cum
972 2332 1307 2397 devotionis
1350 2342 1412 2397 et
1459 2328 1940 2411 cumpunclionis
1969 2330 2204 2406 aﬂ'ectu,

558 2429 627 2483 ut
654 2422 934 2485 adoraret
961 2422 1265 2502 Virginem
1294 2420 1456 2483 omni
1487 2420 1742 2501 puritate
1771 2416 2204 2500 sublimiorem,

556 2511 729 2592 cujus
753 2511 855 2573 ille
883 2511 1066 2573 ductu
1117 2518 1177 2572 et
1228 2509 1556 2592 patrocinio
1605 2509 1857 2569 vivebat.
1892 2506 2038 2570 Cum
2068 2525 2209 2570 vero

557 2599 876 2682 praefectus
903 2599 1191 2664 custodiae
1219 2599 1427 2681 templi
1456 2597 1707 2659 vidisset
1735 2615 1897 2678 eum,
1928 2594 2212 2659 Caniscas

560 2688 829 2767 nomine,
865 2708 982 2769 quo
1014 2687 1066 2750 is
1098 2687 1243 2750 olim
1298 2694 1668 2768 praeceptore
1716 2702 1860 2746 usus
1908 2684 2123 2761 fuerat,
2157 2694 2216 2747 et

559 2776 803 2858 quidam
888 2776 989 2839 alii
1055 2775 1419 2858 sacerdotes,
1494 2782 1553 2837 et
1625 2791 1904 2851 magnum
1979 2775 2212 2836 Patrem

2290 1894 2429 1951 ἅπαν
2495 1895 2556 1950 τὸ
2605 1894 2831 1974 κάστρον
2885 1891 2974 1950 ὑπ’
3032 1894 3240 1959 οὐδενὸς
3299 1897 3706 1976 γνωριζόμενος.
3768 1898 3828 1952 Ol
3885 1892 3946 1950 δὲ

2289 1979 2478 2047 παῖδες
2530 1979 2725 2047 ἰδόντες
2778 1983 2933 2039 αὐτὸν
2988 1981 3041 2040 ἐν
3085 1984 3310 2059 τοιούτῳ
3357 1986 3603 2064 σχήματι
3651 1982 3945 2064 διερχόμε-

2289 2092 2402 2152 νον,
2432 2068 2750 2139 ἠκολούθουν
2781 2069 2922 2146 αὖτῷ
2964 2070 3260 2143 λιθάζοντες
3310 2073 3463 2131 αὐτὸν
3509 2074 3599 2130 καὶ
3643 2071 3889 2151 λέγοντες
3926 2091 3961 2129 ⁸.

2292 2148 2355 2215 Ὠ
2386 2148 2397 2152 ⁷
2424 2159 2486 2215 σὺ
2569 2158 2839 2239 Βαύλγαρε
2907 2158 3177 2240 καλόγηρε
3210 2177 3224 2193 ’
3295 2163 3385 2219 καὶ
3451 2160 3619 2241 ἕτεροι
3698 2148 3947 2240 Φράιριον

2289 2247 2445 2305 αὐτὸν
2511 2246 2809 2305 ἀπεκάλουν
2896 2250 2985 2305 καὶ
3054 2246 3207 2307 ἄλλοι
3276 2247 3575 2329 Ἀρμένιον.
3650 2248 3816 2313 Αὐτὸς
3887 2246 3947 2304 δὲ

2289 2342 2531 2411 σιωπῶν,
2600 2334 3055 2416 περιϐλεψάμενος
3122 2339 3320 2416 πάντα,
3392 2340 3548 2415 ὀψίας
3616 2334 3718 2405 ἤδη
3778 2334 3945 2404 οὔσης

2290 2424 2587 2506 ἀπέρχεται
2633 2425 2688 2481 ἐν
2734 2432 2803 2503 τῇ
2860 2425 3082 2505 Μεγάλῃ
3129 2426 3446 2508 Ἐκκλησία,
3496 2428 3585 2483 καὶ
3634 2426 3789 2504 ῥίψας
3832 2425 3946 2482 ἀπὸ

2289 2519 2389 2581 τῆς
2445 2512 2684 2594 κεφαλῆς
2734 2516 2795 2572 τὸ
2852 2511 3038 2596 δέρμα,
3098 2516 3202 2580 θείς
3247 2536 3305 2572 τε
3352 2517 3413 2572 τὸ
3461 2513 3668 2577 εὐτελὲς
3716 2510 3944 2594 περιϐό-

2293 2601 2443 2660 λαιον
2499 2601 2584 2660 ἐπὶ
2651 2608 2758 2659 τῶν
2827 2601 3014 2679 ὤμων,
3090 2602 3388 2684 εἰσέρχεται
3444 2604 3580 2680 μετά
3633 2602 3796 2662 πόθου
3849 2603 3946 2659 καὶ

2295 2690 2621 2758 κατανύξεως
2695 2697 3058 2772 προσκυνῆσαι
3127 2692 3226 2759 τὴν
3296 2691 3588 2772 ὑπέραγνον
3660 2690 3945 2765 Θεοτόκον,

2295 2782 2394 2849 τὴν
2426 2782 2583 2840 αὐτοῦ
2610 2779 2950 2861 παιδαγωγὸν
2979 2782 3068 2838 καὶ
3121 2782 3430 2862 προστὰτιν.
3484 2779 3631 2840 ’ἰδὼν
3682 2778 3737 2836 δὲ
3788 2779 3952 2837 αὐτὸν

560 2865 965 2946 agnovissent,
1001 2873 1388 2928 accesserunt
1432 2871 1492 2928 et
1531 2863 1606 2926 ad
1655 2862 1838 2944 pedes
1887 2861 2017 2943 ejus
2066 2880 2213 2944 pro-

558 2954 747 3017 voluti
801 2964 963 3030 sunt,
1021 2953 1408 3018 admirantes.
1439 2954 1517 3016 de
1596 2950 1836 3014 insolito
1912 2951 2044 3032 ejus
2102 2952 2214 3016 ad-

560 3050 763 3107 ventu.

2296 2872 2325 2927 ὸ
2392 2870 2799 2950 προσμονάριος,
2873 2871 2931 2934 ὃς
3002 2868 3215 2948 ἐλέγετο
3284 2877 3573 2944 Κανισκᾶς,
3632 2866 3952 2934 διδάσκαλος

2296 2962 2453 3017 αὐτοῦ
2481 2960 2821 3040 χρηματίσας
2849 2967 3004 3035 ποτὲ,
3058 2960 3173 3016 καῖ’
3195 2956 3347 3018 ἄλλοι
3395 2966 3498 3017 τῶν
3550 2959 3729 3040 ἱερέων
3778 2958 3953 3033 τινὲς,

2295 3049 2384 3105 καὶ
2430 3048 2730 3127 ἐπιγνόντες
2779 3046 2860 3105 ὅτι
2907 3050 2936 3105 ὁ
2989 3047 3157 3127 μέγας
3203 3050 3387 3129 Πατήρ
3434 3047 3597 3129 ἐστιν,
3647 3046 3810 3116 ἦλθον
3859 3048 3958 3103 καὶ

2296 3136 2622 3217 προσέπεσον
2687 3148 2806 3202 τοῖς
2874 3138 3027 3194 ποσὶν
3095 3140 3274 3219 αὐτοῦ,
3341 3135 3659 3214 ξενιζόμενοι
3741 3135 3826 3194 ἐπὶ
3879 3141 3958 3214 τῇ

2238 3224 2281 3288 C
2300 3223 2576 3307 παραδόξῳ
2603 3226 2859 3307 παρουσίᾳ
2887 3229 3068 3285 αὺτοῦ.

647 3330 751 3393 42.
805 3329 912 3394 Ille
950 3345 1091 3395 vero
1140 3327 1421 3391 salutaria
1470 3327 1705 3391 cunctis
1752 3328 1982 3391 monita
2025 3326 2212 3402 dedit,

2380 3318 2495 3407 μβ’.
2553 3329 2721 3393 Αὐτὸς
2777 3326 2854 3409 δὲ,
2928 3335 3057 3386 πᾶσι
3112 3329 3180 3386 τὰ
3233 3328 3563 3410 συμφέροντα
3618 3326 3951 3408 προσειπὼν,

568 3438 899 3500 magnaque
917 3419 1175 3482 utilitate
1191 3417 1493 3500 impertita
1514 3416 1764 3494 dimisit,
1799 3418 2136 3498 mansitque
2155 3417 2214 3478 in

2300 3419 2388 3474 καὶ
2451 3416 2700 3498 μεγάλως
2755 3415 3023 3498 όφελήσας
3076 3419 3164 3474 καὶ
3222 3416 3492 3482 ἀπολύσας
3544 3417 3751 3489 αὖτοὺς,
3804 3437 3953 3495 παρ-

568 3509 823 3573 ecclesia
851 3527 984 3571 cum
1015 3527 1125 3570 suo
1156 3515 1545 3589 praeceptore,
1583 3515 1643 3571 et
1672 3507 1988 3570 consilium
2018 3506 2213 3583 dabat,

2302 3505 2504 3583 ἐμεινεν
2561 3506 2617 3562 ἐν
2662 3512 2732 3584 τῇ
2784 3505 3039 3579 ἐκκλησίᾳ
3080 3507 3214 3583 μετὰ
3259 3513 3353 3564 τοῦ
3399 3506 3559 3563 αὐτοῦ
3609 3502 3954 3579 διδασκάλου,

565 3606 635 3661 ut
656 3597 1015 3662 valediceret
1042 3597 1262 3660 saeculo
1294 3604 1352 3658 et
1378 3596 1630 3658 salutem
1658 3595 1872 3658 animae
1902 3603 2214 3678 quaereret.

2299 3591 2666 3672 συμϐουλεύων
2733 3593 2876 3669 αύτῷ
2943 3592 3160 3653 ἐκϐῆναι
3228 3595 3377 3678 ἀπὺῌ
3404 3605 3496 3655 τοῦ
3563 3594 3788 3674 κόσμου,
3861 3594 3960 3649 καὶ

566 3687 811 3750 Vixerat
838 3685 998 3748 enim
1033 3686 1086 3748 is
1114 3687 1175 3747 in
1207 3692 1491 3766 perpetuo
1542 3684 1839 3760 caelibatu,
1893 3672 2010 3746 non
2042 3684 2214 3765 gulae,

2302 3680 2554 3740 διασῶσαι
2630 3684 2728 3752 τὴν
2813 3683 2997 3764 ψυχὴν
3080 3685 3260 3747 αὐτοῦ.
3347 3672 3444 3741 Ἠν
3513 3685 3614 3763 γὰρ
3684 3672 3961 3760 μηδέποτε

570 3773 898 3850 autlventri,
922 3781 1023 3836 aut
1043 3773 1308 3835 mollitiae
1332 3773 1590 3850 deditus,
1610 3771 1716 3835 sed
1739 3772 1997 3835 avaritiae
2011 3773 2214 3835 morbo

2302 3774 2510 3851 γυναικὶ
2587 3770 2867 3848 συνδεθεὶς,
2952 3770 3088 3850 μηδὲ
3156 3774 3545 3853 γαστριμαργίᾳ
3631 3771 3668 3841 ἢ
3734 3769 3965 3849 βλακείᾳ

572 3862 722 3925 adeo
754 3862 1114 3943 implicatus,
1149 3870 1215 3924 ut
1243 3862 1547 3924 videretur
1592 3880 1812 3923 musca;
1841 3860 2055 3923 similis
2082 3880 2214 3923 ara-

2301 3859 2851 3937 καταδεδουλωμενος,
2919 3868 2988 3941 τῇ
3051 3859 3106 3917 δὲ
3168 3860 3479 3944 φιλαργυρίᾳ
3544 3870 3793 3921 τοσοῦτον
3845 3860 3964 3915 ὕπ-

572 3969 825 4014 nearum
855 3951 990 4013 telis
1019 3951 1287 4013 irretitae.
1320 3948 1493 4012 Unde
1521 3950 1698 4013 etiam
1713 3953 1887 4013 Pater
1912 3951 2024 4012 hac
2048 3959 2139 4012 est
2162 3949 2214 4011 in

2305 3955 2449 4031 ἦρχε
2505 3948 2999 4031 συμπεπλεγμένος,
3075 3948 3198 4008 ὅσον
3271 3952 3359 4007 καὶ
3428 3963 3562 4028 μυτᾳ
3616 3956 3687 4027 τῇ
3745 3948 3963 4029 ἀράχνῃ

573 4058 710 4101 eum
741 4058 886 4102 usus
917 4039 1214 4121 parabola.
1249 4038 1363 4112 Qui
1394 4039 1641 4115 ventris,
1694 4038 1909 4119 inquit,
1948 4040 2214 4102 necessi-

2305 4053 2684 4119 περιπαρετσα.
2724 4040 2824 4097 Διὰ
2868 4040 2956 4097 καὶ
3006 4042 3035 4097 ὁ
3081 4039 3266 4121 Ιξατὴρ
3316 4039 3415 4107 τὴν
3463 4036 3776 4119 παραϐολὴν
3825 4038 3968 4094 ταύ-

575 4135 695 4191 tate
725 4112 1108 4209 premdntur;
1137 4136 1229 4191 est
1252 4146 1360 4191 cur
1378 4147 1443 4190 se
1464 4112 1818 4191 ministeriis
1833 4112 2214 4191 et'laboribus

2307 4112 2405 4195 την
2433 4112 2565 4209 πρδς
2595 4130 2752 4188 αὐτὸν
2797 4127 3012 4209 εἴρηκεν
3045 4132 3060 4162 ‘
3112 4112 3249 4186 (δτι,
3272 4131 3320 4185 οἱ
3369 4127 3466 4206 μὲν
3608 4132 3705 4195 τῆς
3731 4126 3966 4206 γαστρὸς

578 4225 934 4281 exerceant:
972 4227 1034 4282 tu
1062 4236 1202 4280 vero
1228 4235 1363 4282 cum
1407 4218 1519 4279 hac
1546 4216 1909 4279 necessitate
1939 4216 2093 4279 liber
2119 4218 2214 4293 sis,

2309 4216 2726 4296 ἀναγκαζόμενοι
2807 4218 2983 4298 χρείᾳ,
3067 4215 3298 4297 εὐλόγως
3414 4229 3537 4280 ταῖς
3647 4214 3966 4294 ὑπηρεσίαις

579 4306 722 4387 quid
755 4305 975 4369 frustra
1005 4306 1204 4380 sedes,
1236 4315 1299 4368 et
1324 4305 1553 4384 colligis
1583 4304 1713 4379 tibi,
1750 4323 1882 4385 quae
1910 4308 1973 4367 in
1997 4315 2214 4368 stercus

2309 4316 2751 4385 προσκαρτεροῦσι
2794 4324 2809 4339 ⁸
2870 4307 2932 4362 σὺ
2985 4303 3041 4361 δὲ
3095 4306 3291 4372 ταύτης
3348 4304 3499 4369 ἐκτὸς
3554 4304 3863 4385 τυγχάνων,
3913 4303 3969 4359 τί

575 4402 803 4465 abeunt
830 4404 889 4459 et
919 4415 1126 4458 eorum
1158 4395 1411 4477 repleris
1439 4394 1875 4475 graveolentia?
1894 4396 2214 4474 Respondit

2310 4397 2399 4451 καὶ
2458 4396 2632 4472 μάτην
2702 4396 3073 4476 παρακάθησαι
3146 4408 3264 4459 τοῖς
3334 4394 3802 4475 ἐκκοπρουμένοις,
3871 4393 3969 4448 καὶ

577 4482 681 4545 ille
708 4505 722 4543 :
756 4485 925 4547 Multi
952 4504 1095 4548 sane
1124 4472 1350 4559 sumus,
1380 4472 1713 4547 reverende
1756 4483 1948 4559 Pater,
1975 4472 2078 4566 qui
2098 4484 2214 4547 vita

2293 4490 2411 4552 ’τῆς
2470 4485 2684 4542 ἐκείνων
2740 4472 2989 4549 δυσωδίας
3048 4472 3521 4565 μεταλαμϐάνεις,
3578 4480 3703 4560 Ἐπὶ
3754 4481 3968 4545 τούτοις

580 4579 697 4634 tua;
725 4571 1061 4638 institutum
1090 4573 1330 4637 beatum
1359 4573 1775 4654 praedicamus,
1811 4582 1871 4637 et
1902 4592 2058 4655 saepe
2079 4594 2214 4637 con-

2311 4574 2570 4652 ἀποκρίθη
2642 4574 2846 4637 ἐκεῖνος
2882 4590 2895 4604 ⁸
3003 4583 3205 4647 Οντως,
3296 4574 3436 4650 τίμιε
3507 4572 3701 4652 Πάτερ,
3772 4567 3972 4627 πολλοί

580 4660 781 4723 silium
805 4661 1048 4725 iniimus
1070 4663 1328 4744 exeundi
1350 4662 1424 4724 ad
1449 4661 1726 4742 pietatem
1756 4663 2062 4744 tuam,sed
2092 4663 2214 4743 quia

2311 4661 2470 4739 ἐσμεν
2523 4666 2571 4720 οἱ
2623 4661 2997 4743 μακαρίζοντές
3046 4684 3141 4719 σου
3182 4662 3280 4731 τὴν
3323 4661 3591 4719 πολιτείαν
3625 4679 3640 4694 ⁶
3689 4660 3779 4717 καὶ
3819 4657 3971 4715 πολ-

580 4769 704 4814 non
729 4751 845 4814 fert
873 4752 1048 4816 nobis
1068 4752 1306 4815 animus
1334 4750 1637 4829 abstinere
1665 4750 1826 4828 vino,
1858 4751 2127 4815 deterriti
2155 4752 2214 4815 al

2311 4749 2465 4815 λάκις
2534 4748 2954 4828 ἐϐουλευσάμεθα
3020 4761 3115 4811 τοῦ
3183 4749 3413 4818 ἐξελθεῖν
3492 4751 3627 4829 πρὸς
3694 4748 3794 4817 τὴν
3862 4748 3973 4815 σὴν

1967 4914 2216 4985 Joannis
2241 4919 2367 4985 Clei
2396 4927 2575 4982 notae.

668 5054 1387 5149 (34)$icvertit§irletus:
1420 5054 1548 5117 «Eo
1597 5060 1865 5149 tempore
1897 5073 2033 5149 cum
2063 5063 2239 5149 terrae
2320 5055 2628 5149 templum,
2664 5078 2722 5149 ..ξ
2782 5055 3204 5149 ροτίῑριδωιθείι
3281 5054 3523 5149 Βρτεὶιιε
3602 5056 3693 5149 pg
3743 5053 3968 5149 Antig.

589 5134 785 5229 motus
838 5138 1049 5230 ingens
1096 5136 1429 5230 Rossanum
1483 5134 2001 5230 apprehendisset,
2036 5134 2237 5196 multis
2319 5134 2613 5230 ρ’ᾳζςξὸνίω
2662 5134 2885 5230 Ιῇὺιοὶ-ιι
2936 5134 3145 5230 initio,
3182 5136 3340 5230 quod
3388 5134 3771 5230 Caryopbilus
3814 5135 3973 5230 red.-

588 5236 723 5280 cum
754 5215 1049 5280 imbribus
1079 5225 1253 5282 nocte
1282 5230 1459 5297 atque
1484 5215 1584 5278 die
1613 5215 2051 5297 ingruentibus,
2076 5233 2239 5297 cum;
2318 5215 2470 5278 didit
2524 5226 2751 5280 sanctae
2796 5216 3029 5281 Irenes.
3086 5215 3377 5296 Ambigua
3419 5215 3528 5278 vox
3578 5215 3783 5297 Grzeca
3824 5217 3974 5295 εἰρή-

585 5317 702 5389 que
749 5297 856 5389 'hi,
890 5298 992 5389 qui
1036 5293 1438 5389 superiorem
1475 5293 1703 5377 partem
1751 5293 2119 5389 habitabant,
2162 5293 2236 5356 ad
2318 5320 2415 5364 νης
2472 5315 2601 5389 rem
2660 5298 2747 5360 sic
2784 5297 3043 5389 dubiam
3106 5293 3411 5378 relinquit,
3444 5309 3541 5389 “ut.
3612 5295 3814 5389 manu}
3864 5293 3972 5389 ρει-

585 5375 874 5471 inferiora
909 5375 1492 5471 'transmigrassent,'
1514 5395 1769 5471 cumque
1806 5375 2017 5437 domos
2060 5383 2241 5471 atque
2323 5395 2458 5471 men
2491 5396 2528 5471 _a
2556 5378 2906 5471 Caryophilo
2936 5375 3365 5471 stare-propter
3390 5376 3746 5471 adjunctum.
3787 5377 3971 5471 ἄγξας.

587 5457 876 5539 ecclesias
905 5455 1206 5539 obruisset
1248 5466 1423 5539 terra;
1464 5455 1830 5539 motus‘ille,
1883 5474 2081 5536 neque
2127 5455 2243 5539 alia
2324 5456 2561 5539 Sanctae
2610 5455 2787 5538 porro
2818 5458 3023 5539 Irenes
3054 5455 3331 5539 plurimae
3360 5455 3537 5539 sunt;
3567 5455 3652 5539 de
3672 5455 3977 5539 aliquibus

588 5537 721 5603 loca
738 5538 1029 5600 reveritus
1053 5547 1232 5613 esset,
1259 5538 1375 5599 nisi
1391 5538 1577 5599 solam
1600 5535 1941 5614 ecclesiam,
1967 5535 2098 5614 quae
2128 5538 2240 5597 Pa-

588 5618 680 5700 cis
706 5618 948 5700 nomine
980 5618 1335 5700 appellatur,
1354 5615 1747 5700 “admirabile
1766 5624 1950 5700 _atque
1980 5615 2237 5700 horren-

590 5698 734 5779 dum
768 5696 1485 5779 omnibus'spectantibus
1519 5696 1913 5779 miraculum,
1960 5696 2242 5779 omnibus

588 5778 919 5861 immutatis
966 5776 1145 5861 atque
1173 5798 1246 5842 ex
1272 5778 1405 5861 aliis
1432 5777 1566 5861 aliis
1592 5778 1840 5861 effectis.
1865 5800 1891 5836 ι
1925 5776 2246 5861 Mitto_qua3

586 5858 688 5925 hic
717 5856 1067 5929 hesitantia
1087 5866 1228 5926 sunt
1256 5866 1316 5925 et
1341 5858 1649 5942 impedita.
1690 5879 1717 5920 α
1750 5856 2034 5925 Sanctum
2074 5856 2248 5924 Pacis

2315 5536 2439 5631 jam
2473 5536 2668 5630 actum
2700 5540 2870 5631 estin
2891 5536 3085 5631 Opere
3108 5546 3330 5631 nostro.
3356 5536 3844 5631 Celebratissima
3882 5544 3980 5599 est

2321 5617 2427 5679 illo
2449 5619 2691 5681 nomine
2723 5617 3485 5701 martyr'Constantinopoli
3514 5617 3693 5695 culta,
3726 5621 3804 5682 de
3857 5636 3981 5698 qua

2326 5707 2520 5761 actum
2570 5701 2606 5764 5
2655 5699 2825 5782 Mali,
2871 5719 2985 5782 quo
3032 5699 3419 5782 die_colit_ur._
3459 5702 3555 5763 An
3603 5699 3676 5782 ab
3724 5699 3836 5782 hac
3882 5700 3983 5782 vel

2324 5796 2654 5941 isgylpgpgma
2674 5778 3187 5849 aliaRossanensis
3206 5779 3462 5847 ecclesia
3471 5778 3981 5862 appellatafuerit,
