4182 6424
271 310 341 380 81
1521 318 1712 386 VITA
1752 317 1814 381 S-
1860 314 1944 379 NI

2067 316 2438 383 IUNIORIS.

3492 324 3679 391 >82

276 446 600 525 ἁγιωσύνην,
632 444 776 504 ἀλλά
807 444 897 503 διά
926 446 990 506 τδ
1018 445 1095 524 μὴ
1145 444 1387 509 δύνασθαι
1432 451 1577 529 ἡμᾶς
1623 449 1743 508 ἄνευ
1787 447 1939 508 οἴνου

2030 446 2139 538 hoc
2162 465 2389 538 sumus.
2422 446 2497 511 Et
2522 464 2771 530 magnus
2799 448 3015 515 Pater:
3046 450 3286 531 Venite,
3318 454 3541 538 inquit,
3572 456 3675 522 fa-

273 537 488 614 βιῶσαι,
561 535 949 615 ἱλιγγιάσαμεν
1012 545 1166 597 τοῦτο
1226 539 1440 618 πρᾶξαι.
1500 539 1658 620 Λέγει
1715 540 1858 615 αῦτῴ
1913 541 1942 596 6

279 625 449 704 μέγας
483 644 498 660 ⁸
576 635 739 685 Δεῦτε
810 628 903 683 καὶ
971 627 1231 696 ποιήσατε
1298 629 1426 706 ὑμῖν
1492 632 1674 693 αὐτοῖς
1729 628 1941 692 καινοὺς

276 714 506 778 λάκκους
574 712 1114 796 συγκεκλεισμένους,
1209 718 1300 773 καὶ
1369 720 1684 796 γεμίσαντες
1753 718 1940 782 αὐτοὺς

280 801 431 861 οἴνου
498 802 807 875 ἀντλήσατέ
877 804 1082 868 ἀενάως
1143 804 1230 861 καὶ
1286 807 1455 867 πίετε.
1515 815 1617 867 Τοῦ
1672 803 1727 862 δὲ
1781 804 1941 862 πάλιν

282 892 743 973 προφασιζομένου
821 893 1113 975 προφάσεις
1184 893 1238 950 ἐν
1308 896 1612 975 ἁμαρτίαις,
1682 895 1770 952 καὶ
1840 898 1941 962 τῆς

287 981 645 1062 παραινέσεως
704 980 785 1058 μὴ
844 980 1197 1063 ἀνεχομένου,
1256 980 1476 1065 ἔννυχον
1540 983 1656 1041 λίαν
1713 982 1941 1047 ἀναστὰς

293 1072 324 1127 6
379 1070 543 1148 μέγας
589 1068 802 1147 ἐξῆλθε,
856 1071 946 1127 καὶ
994 1071 1313 1151 ὑπεχώρησε
1361 1079 1469 1129 τῶν
1532 1071 1731 1153 ἐκεῖσε,
1781 1072 1940 1129 εἰπὼν

292 1143 421 1237 πρδς
459 1143 570 1215 ’τὸν
626 1143 945 1239 φιλάργυρον
1004 1143 1210 1217 ἐκεῖνον
1266 1161 1321 1219 ἓν
1372 1160 1538 1239 ῥῆμα.
1609 1143 1729 1219 εὅτι⁷
1762 1158 1936 1236 οἴμοι,

293 1246 592 1329 διδάσκαλε,
661 1249 786 1305 τότε
858 1250 1228 1325 μετανοήσεις,
1302 1249 1428 1306 ὅταν
1497 1254 1591 1310 οὐκ
1657 1246 1938 1329 ὠφελήσῃ.

295 1326 504 1417 Ὀλίγου
577 1326 767 1397 τοίνυν
836 1347 1024 1418 καιροῦ
1092 1334 1409 1420 διελθόντος,
1481 1340 1570 1397 καὶ
1638 1326 1732 1398 τοῦ
1799 1339 1942 1396 ὁσίου

284 1429 498 1505 Πατρὸς
571 1425 629 1483 ἐν
696 1427 775 1502 τῴ
847 1427 1184 1506 μοναστηρίῳ
1237 1428 1361 1492 τοὺς
1417 1427 1678 1508 όρθρινοῦς
1748 1425 1940 1503 ὕμνους

279 1514 680 1589 ἐπιτελοῦντος,
740 1516 904 1579 πόνος
958 1513 1220 1596 κατέσχεν
1278 1517 1431 1575 αὐτὸν
1502 1514 1746 1597 ἐξαίφνης
1804 1515 1944 1596 ἀφό-

279 1624 469 1682 ρητος,
533 1602 672 1659 ὥστε
708 1603 807 1677 ιμ’.
864 1599 1147 1669 δυνηθέντα
1217 1602 1375 1660 αὐτὸν
1449 1603 1548 1672 τὴν
1615 1602 1939 1683 λειτουργίαν

2027 536 2142 599 cite
2165 536 2334 628 vobis
2350 556 2538 628 novas
2558 538 2751 628 fossas
2770 538 2927 604 bene
2952 541 3308 621 obstructas,
3336 536 3677 628 etimplete

2027 643 2129 687 eas
2155 624 2314 702 vino,
2348 626 2582 689 haurite
2604 627 2830 707 jugiter
2859 640 2920 692 et
2948 629 3160 696 bibite.
3192 631 3421 697 Rursus
3452 624 3553 697 illo
3572 654 3670 698 ex-

2024 725 2267 778 cusante
2296 735 2361 778 se
2390 718 2869 781 excusationibus
2896 721 2958 782 in
2989 721 3253 803 peccatis
3305 730 3364 786 et
3391 724 3674 789 adhorta-

2023 803 2170 865 tioni
2229 824 2348 867 non
2397 806 2789 890 auscultante,
2841 827 3092 890 surgens
3139 811 3323 876 multa
3371 812 3447 876 de
3497 821 3675 878 nocte

2023 911 2272 971 magnus
2300 896 2479 957 Pater
2507 914 2785 975 egressus
2814 905 2909 960 est
2955 908 3014 961 et
3062 900 3314 963 recessit
3348 901 3516 981 inde,
3555 905 3671 968 hoc

2023 988 2265 1071 tantum
2280 1001 2452 1046 avaro
2481 983 2729 1048 dicens:
2780 984 2895 1049 Hei
2928 986 3097 1065 mihi,
3131 999 3484 1071 praeceptor,
3524 1000 3671 1055 tunc

2022 1069 2339 1162 paenitebit
2366 1079 2446 1162 te,
2475 1091 2613 1135 cum
2643 1072 2796 1135 nihil
2825 1074 3110 1155 proderit.
3136 1069 3282 1141 ’Non
3314 1069 3504 1141 multo
3534 1087 3671 1162 post

2022 1158 2340 1221 matutinos
2368 1161 2620 1242 hymnos
2648 1172 2963 1225 canentem
3008 1163 3072 1226 in
3126 1166 3487 1229 monasterio
3520 1158 3667 1230 san-

2022 1254 2179 1309 ctum
2204 1250 2440 1312 Patrem
2460 1249 2879 1313 intolerandus
2901 1260 3150 1333 repente
3166 1253 3411 1316 morbus
3434 1253 3672 1333 invasit,

2024 1347 2108 1409 ut,
2137 1355 2271 1399 cum
2303 1337 2614 1401 absolvere
2644 1338 2911 1401 divinum
2962 1341 3230 1403 ofﬁcium
3283 1361 3404 1405 non
3449 1352 3674 1425 posset,

2022 1443 2295 1505 egressus
2325 1426 2388 1488 in
2418 1433 2669 1490 stratum
2700 1436 3034 1511 corruerat,
3069 1449 3188 1511 quo
3238 1430 3399 1493 ferre
3431 1432 3674 1496 dolores

2023 1521 2243 1594 posset.
2276 1515 2521 1578 Interim
2575 1535 2715 1579 ecce
2770 1516 2967 1579 fratris
3025 1518 3291 1582 Caniscaa
3317 1519 3482 1583 illius
3511 1521 3672 1584 ﬁlius

2023 1620 2275 1683 propere
2295 1602 2603 1681 ingressus
2623 1604 2932 1686 epistolam
2955 1606 3085 1686 ejus
3109 1607 3183 1669 ad
3215 1609 3454 1671 Patrem
3479 1609 3678 1672 attulit

279 1689 635 1770 ἀποτελέσαι,
688 1689 934 1764 ἐξεξθεϊν,
996 1691 1085 1748 καὶ
1131 1690 1277 1769 ῥίψαι
1322 1693 1509 1752 ἑαυτὸν
1556 1692 1612 1749 ἐν
1658 1692 1736 1767 τῲ
1775 1713 1940 1769 σκιμ-

2030 1691 2369 1770 hujusmodi
2396 1711 2416 1753 :
2447 1692 2623 1771 Veni,
2649 1693 2822 1756 Pater
2840 1703 3069 1776 sancte,
3102 1712 3271 1757 sume
3301 1696 3412 1758 tibi
3430 1697 3676 1759 multam

281 1746 476 1853 έτοὲεφ,
502 1746 511 1747 ί
532 1746 638 1837 3...:
708 1746 877 1844 ἐδεξιρξ
895 1746 902 1748 ⁷
919 1746 1275 1860 tangat“
1290 1746 1413 1844 .3.“
1429 1746 1762 1860 magna.
1782 1746 1943 1836 “Eg:

2030 1746 2293 1861 pe6uniae
2306 1779 2450 1862 vim,
2466 1746 2642 1861 quam
2666 1782 2868 1863 inepte
2893 1746 3103 1863 collegi
3123 1784 3184 1845 in
3207 1784 3536 1863 perniciem
3549 1784 3683 1848 ani-

283 1868 498 1932 τούτοις
549 1866 660 1924 ἰδοὺ
713 1870 743 1925 6
790 1868 1009 1945 ἀνεψιὸς
1074 1866 1271 1926 ἐκείνου
1318 1874 1412 1927 τοῦ
1462 1875 1697 1928 Κανισκᾶ
1738 1866 1944 1935 εἰσῆλθε

289 1954 574 2037 δρομαῖος,
598 1956 769 2038 φέρων
830 1954 1118 2025 ἐπιστολὴν
1174 1954 1227 2023 ἐξ
1282 1961 1442 2017 αὐτοῦ
1493 1958 1625 2037 πρὸς
1675 1958 1767 2014 τὸν
1826 1963 1944 2013 Πα-

296 2046 423 2125 τέρα
477 2048 729 2115 τοιαύτην
764 2065 782 2084 ⁸
855 2053 1042 2127 Δεῦρο,
1104 2045 1274 2126 Πάτερ
1327 2045 1471 2127 ἅγιε,
1526 2043 1798 2126 παράλαϐε
1853 2045 1946 2101 τὸν

2025 1885 2139 1930 ma:
2165 1886 2331 1941 meae,
2368 1886 2445 1931 ne
2474 1869 2628 1931 forte
2653 1869 2817 1932 illam
2847 1869 3124 1934 diabolus
3149 1871 3342 1953 rapiat
3364 1880 3427 1935 et
3447 1873 3679 1936 lucrum

2027 1974 2098 2018 ex
2132 1974 2201 2018 ea
2231 1956 2378 2018 mihi
2408 1958 2647 2039 eripiat.
2672 1960 2834 2023 Ecce
2855 1959 3012 2022 enim
3028 1961 3153 2042 jam
3179 1960 3405 2024 morior
3424 1969 3484 2025 et
3511 1969 3684 2027 vocat

2027 2062 2124 2107 me
2153 2045 2399 2108 alterius
2430 2046 2560 2111 vitae
2589 2047 2878 2111 tribunal.

295 2133 463 2191 πολὺν
507 2134 756 2217 πλοῦτον,
811 2136 871 2193 ὃν
914 2135 1143 2215 ἀκαίρως
1191 2132 1386 2203 ωνῆξα
1436 2134 1567 2214 πρὸς
1622 2132 1892 2222 ἀπώλειαν
1946 2137 2048 2202 τῆς
2104 2139 2290 2216 ψυχῆς
2346 2159 2471 2217 μου,
2530 2140 2607 2214 μή
2665 2160 2782 2202 πως
2828 2140 2857 2194 6
2904 2134 3145 2203 διάϐολος
3195 2141 3352 2199 αὒτδν
3404 2142 3684 2222 καθαρπά-

289 2222 385 2290 ξας
430 2225 648 2305 ἄμοιρόν
700 2246 769 2303 με
810 2226 1019 2303 ποιήσῃ
1066 2222 1275 2305 κέρδους
1331 2230 1426 2282 τοῦ
1482 2222 1534 2290 ἐξ
1582 2225 1764 2287 αὺτοῦ,
1818 2220 1951 2281 Ἰδοὺ
1998 2222 2098 2304 γὰρ
2140 2222 2328 2282 λοιπὸν
2377 2225 2718 2303 ἀποθνήσκω,
2773 2229 2863 2284 καί
2908 2248 2975 2304 με
3022 2228 3082 2284 τὸ
3132 2226 3333 2286 ἐκεῖθεν
3387 2220 3683 2310 εἰσδέχεται

283 2312 650 2394 δικαστήριον.

367 2391 489 2481 pq".
518 2391 700 2461 ’Ταῦτα
747 2400 1009 2481 ἀναγνοὺς
1057 2403 1086 2459 6
1129 2400 1335 2481 Πατὴρ,
1383 2397 1638 2468 ἦϐούλεθο
1692 2397 1947 2458 ἀπελθεῖν

282 2492 423 2569 πρὸς
452 2492 633 2571 αὖτὸν,
664 2503 784 2556 τοῖς
832 2490 1045 2555 οἰκείοις
1092 2489 1425 2570 σπλάγχνοις
1462 2490 1779 2570 νικώμενος,
1828 2500 1948 2554 τοτς

285 2576 343 2634 δὲ
415 2579 602 2643 πόνοις
704 2576 887 2643 δεινῶς
976 2578 1332 2661 συνεχόμενος
1414 2587 1507 2638 τοῦ
1591 2576 1948 2655 βουλεύματος

288 2667 652 2731 ὖπεκόπτετο.
700 2667 854 2747 Λέγει
906 2667 963 2724 δὲ
1017 2668 1095 2741 τῴ
1137 2668 1475 2743 ἀποκομιστῇ
1538 2672 1643 2723 τῶν
1689 2666 1947 2746 γραμμά-

289 2779 399 2814 των
429 2773 446 2789 ⁸
504 2759 566 2815 o6
611 2756 798 2838 χρείαν
846 2754 964 2838 ἔχει
1015 2759 1044 2814 6
1091 2757 1315 2835 Χριστὸς
1364 2761 1472 2811 τῶν
1530 2760 1624 2812 τοῦ
1669 2764 1765 2813 σοῦ
1809 2754 1947 2812 θείου

289 2847 599 2928 χρημάτων
632 2863 650 2878 ’
682 2848 838 2910 αὐτὸς
866 2847 968 2927 γὰρ
997 2844 1213 2927 εἴρηκεν
1246 2860 1262 2877 ⁸
1316 2866 1344 2898 σ
1400 2841 1657 2901 Ἀπόδοτε
1708 2844 1774 2900 τὰ
1809 2842 1947 2902 Καί-

291 2959 456 3017 σαρος
510 2935 759 3017 Καίσαρι,
818 2937 906 2993 καὶ
957 2935 1025 2993 τὰ
1072 2944 1166 2995 τοῦ
1222 2940 1353 2993 Θεοῦ
1397 2933 1477 3007 τῲ
1522 2932 1660 3007 Θεῴ.
1696 2954 1726 2988 ι
1777 2932 1845 2988 Z6
1893 2929 1948 2987 δὲ

289 3025 414 3108 εἴγε,
478 3026 728 3106 πορεύου,
781 3025 916 3089 ἴσως
975 3025 1074 3105 γὰρ
1127 3029 1297 3095 ζῶντα
1341 3024 1498 3082 αῦτὸν
1537 3020 1710 3082 οὗκέτι
1754 3020 1946 3098 θεάσῃ.

295 3107 358 3174 Ὀ
413 3114 469 3172 δὲ
530 3113 866 3194 ὑποστρέψας
923 3112 1178 3193 δρομαῖος
1236 3114 1379 3191 εὗρεν
1434 3112 1592 3170 αὐτὸν
1636 3108 1947 3186 τεθνηκόνα,

2108 2401 2210 2467 43.
2246 2400 2397 2467 Gum
2427 2401 2555 2465 haec
2584 2399 2853 2483 legisset,
2884 2399 3121 2464 volebat
3148 2401 3393 2483 quidem
3412 2403 3588 2468 Pater
3606 2405 3683 2468 ad

2030 2510 2167 2555 eum
2196 2493 2307 2566 ire,
2338 2491 2613 2554 vincente
2643 2508 2887 2553 suorum
2910 2489 3205 2553 viscerum
3234 2492 3547 2575 charitate,
3576 2512 3683 2557 ve-

2028 2598 2162 2642 rum
2175 2579 2482 2645 doloribus
2497 2578 2757 2659 graviter
2777 2597 3118 2660 oppressus,
3140 2598 3173 2641 a
3187 2582 3487 2662 proposito
3500 2590 3689 2646 retra-

2028 2669 2298 2732 hebatur.
2327 2669 2425 2731 Ait
2454 2687 2592 2748 ergo
2625 2667 2815 2730 labori
2838 2668 3131 2748 epistolas:
3167 2667 3296 2730 Non
3317 2689 3467 2751 opus
3500 2670 3685 2734 habet

2030 2756 2296 2822 Christus
2324 2757 2520 2838 patrui
2550 2755 2635 2817 tui
2668 2754 3258 2837 pecunia.Ipseenim
3281 2757 3452 2834 dixit,
3481 2761 3686 2823 «Red-

2029 2847 2151 2910 dite
2179 2864 2311 2927 quaa
2339 2853 2478 2907 sunt
2505 2843 2776 2925 Caesaris,
2827 2844 3051 2924 CeSari,
3105 2854 3163 2907 et
3210 2864 3342 2927 quae
3372 2856 3509 2909 sunt
3539 2848 3674 2926 Dei,

2029 2938 2155 3000 Deo
2183 2935 2268 2997 28.
2333 2957 2356 2993 ι
2405 2932 2494 2995 Tu
2543 2951 2682 2995 vero
2732 2932 2856 3013 abi,
2903 2950 3178 3014 propera,
3230 2934 3423 2997 vivum
3457 2936 3682 3018 quippe

2029 3025 2224 3106 ipsum
2237 3042 2380 3085 vero
2400 3021 2656 3104 amplius
2674 3040 2790 3083 non
2809 3020 3063 3086 videbis.
3079 3020 3186 3084 Ille
3215 3023 3439 3085 cursim
3470 3043 3680 3088 rever-

2032 3132 2157 3190 sus,
2197 3119 2495 3174 mortuum
2527 3109 2752 3191 reperit
2774 3118 2832 3171 et
2857 3109 3171 3173 facultates
3198 3112 3328 3190 ejus
3348 3131 3383 3173 a
3413 3112 3555 3175 fisco
3577 3132 3682 3176 ra-

298 3206 388 3261 καὶ
438 3204 617 3262 πάντα
686 3203 847 3261 αύτοῦ
914 3204 1016 3260 ὑπὸ
1083 3212 1179 3262 τοῦ
1248 3199 1503 3277 δημοσίου
1570 3198 1944 3281 διαρπαγέντα,

2033 3209 2182 3285 ptas.
2204 3201 2278 3264 At
2296 3218 2433 3262 vero
2468 3199 2677 3262 beatus
2707 3198 2905 3274 Pater,
2946 3198 3051 3261 ubi
3075 3199 3416 3263 tabellarius
3446 3200 3681 3265 disces-

303 3287 362 3353 ὀ
410 3293 465 3351 δὲ
522 3294 668 3359 ὅσιος
720 3294 911 3358 εὒθέως
949 3300 1018 3372 τῇ
1062 3303 1157 3352 τοῦ
1209 3292 1588 3372 ἀποκρισαρίου
1649 3292 1949 3371 ἀναχωρή-

296 3405 402 3455 σει,
462 3384 925 3463 ὑποχωρήσαντος
981 3382 1070 3439 καὶ
1123 3387 1216 3437 τοῦ
1268 3378 1594 3460 κατέχοντος
1664 3379 1847 3453 πόνου,
1895 3377 1949 3435 ἐν

2033 3291 2109 3355 sit
2130 3297 2189 3352 et
2205 3288 2441 3351 dolores
2465 3286 2691 3368 abiere,
2718 3286 3118 3350 admiratione
3134 3296 3189 3349 et
3217 3295 3461 3371 stupore
3485 3308 3693 3353 corre-

2032 3386 2165 3460 ptus
2197 3386 2308 3455 est,
2341 3375 2705 3439 ineffabilem
2753 3374 2862 3438 Dei
2901 3375 3338 3457 providentiam
3383 3377 3678 3459 obstupe-

300 3469 552 3542 ἐκπλήξει
611 3473 699 3528 καὶ
759 3471 983 3547 θαύματι
1040 3468 1295 3543 κατέστη,
1355 3468 1691 3544 ἐξιστάμενος
1752 3466 1839 3525 ἐπὶ
1884 3471 1944 3544 τῇ

2035 3484 2233 3543 scens,
2249 3465 2407 3544 quod
2420 3464 2712 3527 volentem
2731 3481 2795 3526 se
2810 3482 2986 3545 agere
3000 3463 3306 3545 quidpiam
3321 3473 3533 3545 praeter
3548 3467 3601 3547 ej
3612 3485 3683 3530 us

301 3568 394 3619 τοῦ
464 3567 600 3619 Θεοῦ
668 3558 856 3640 ἀφάτῳ
924 3559 1166 3639 προνοίᾳ,

1253 3555 1333 3614 ὅτι
1404 3556 1726 3635 βουληθέντα
1798 3557 1944 3614 αὖτὸη

2035 3556 2399 3618 voluntatem
2414 3562 2469 3616 et
2488 3553 2789 3615 nolentem
2814 3551 3136 3633 prohibuit.
3165 3553 3476 3616 Fratribus
3501 3573 3678 3636 porro

304 3647 492 3727 πρᾶξαί
546 3670 600 3705 τι
656 3649 800 3727 παρὰ
853 3649 914 3704 1:6
974 3650 1133 3706 αὐτοῦ
1186 3644 1420 3726 θέλημα,
1477 3646 1565 3702 καὶ
1620 3644 1816 3703 ἀκοντα
1871 3641 1944 3700 δι-

2038 3645 2301 3709 laborem
2333 3644 2394 3705 in
2446 3655 2649 3705 monte
2697 3640 3130 3703 sustinentibus
3181 3641 3245 3703 in
3297 3642 3684 3706 devolvendis

300 3736 563 3798 εκώλυσε.
628 3743 745 3795 Τῶν
795 3734 850 3793 δὲ
898 3733 1136 3817 ἀδελφῶν
1193 3734 1247 3790 έν
1283 3735 1362 3809 τῴ
1412 3731 1518 3814 ὄρει
1572 3731 1955 3813 ἐργαξομένων,

2040 3732 2330 3796 ambustis
2357 3731 2691 3802 arboribus,
2725 3738 2787 3792 ut
2817 3749 3021 3811 agrum
3051 3738 3321 3812 apertum
3350 3731 3680 3794 redderent

296 3827 390 3883 καὶ
435 3824 731 3886 κυλιόντων
774 3826 842 3882 τά
882 3822 1182 3901 κεκαυμένα
1227 3820 1411 3901 δένδρα
1457 3823 1588 3902 πρὸς
1640 3824 1702 3879 τὸ
1751 3818 1944 3887 ἀνοῖξαι

2043 3831 2102 3885 et
2124 3821 2308 3886 cultui
2336 3830 2561 3901 aptum,
2584 3819 2686 3882 ubi
2721 3819 2923 3882 caedua
2953 3819 3098 3881 silva
3127 3829 3274 3896 erat,
3309 3819 3457 3882 dixit
3490 3820 3691 3902 Spiri-

293 3916 392 3972 καὶ
440 3918 664 3981 ποιῆσαι
711 3913 896 3994 χώραν
950 3912 1226 3994 σιτοφόρον
1289 3911 1403 3967 ἀντὶ
1460 3908 1799 3999 ξυλοφόρου,ν

2042 3919 2136 3999 tus
2165 3917 2405 3972 sanctus
2447 3908 2865 3999 famulo_suo:
2914 3906 3219 3999 Egredere
3265 3908 3337 3999 ad
3356 3916 3690 3999 _op_erantes

296 4005 366 4058 τὸ
426 4008 642 4078 Πνεῦμα
694 4003 756 4057 τὸ
813 4000 967 4079 ἅγιον
1020 4001 1099 4074 τῲ
1154 4001 1329 4073 οἰκείῳ
1375 3998 1653 4077 θεράποντι
1681 4016 1695 4031 ⁸
1775 3995 1944 4062 Εξελθι

2040 3998 2103 4061 in
2135 4005 2373 4062 monte:
2399 4016 2536 4060 nam
2577 4022 2605 4054 tl
2630 3996 3004 4060 adversarius
3031 4004 3222 4059 vester
3253 3996 3530 4059 diabolus
3559 3997 3681 4060 cir-

303 4091 361 4147 ἒν
390 4089 471 4165 τῷ
494 4088 603 4170 ὄρει
646 4091 777 4170 πρὸς
824 4090 948 4153 τοὺς
998 4094 1322 4168 κοπιῶντας,
1375 4084 1560 4154 ἐπειδὴ
1612 4108 1642 4142 α
1695 4088 1723 4142 6
1770 4083 1944 4166 ἐχθρὸς

2041 4088 2187 4164 cuit,
2220 4105 2495 4169 quaerens
2537 4104 2716 4168 quem
2764 4085 3008 4148 devoret
3052 4084 3137 4149 29.
3176 4110 3204 4142 ι
3241 4084 3347 4147 [lle
3374 4085 3690 4148 confestim

300 4182 458 4254 ὑμῶν
516 4176 756 4242 διάϐολος
811 4178 1148 4259 περιέρχεται
1189 4182 1390 4256 ζητῶν,
1443 4177 1558 4232 τίνα
1611 4176 1869 4251 καταπίῃ.
1922 4192 1944 4233 ι

2041 4194 2289 4257 surgens
2309 4174 2535 4238 abiitet
2554 4192 2661 4256 per
2700 4181 2887 4236 totum
2924 4172 3096 4235 illum
3136 4172 3296 4235 diem
3330 4173 3693 4236 circumiens

303 4273 654 4350 Παραχρῆμα
721 4266 776 4323 δὲ
844 4268 1071 4330 ἀναστὰς
1140 4266 1419 4346 ἐπορεύθη,
1490 4264 1578 4321 καὶ
1631 4269 1805 4321 πᾶσαν
1860 4262 1944 4330 rip

2043 4284 2162 4327 non
2185 4264 2409 4327 destitit
2429 4282 2463 4325 a
2480 4262 2932 4326 commonendis
2955 4270 3014 4327 et
3034 4262 3361 4325 excitandis
3378 4261 3685 4337 fratribus,

305 4358 515 4438 ἡμέραν
575 4357 784 4423 ἐκείνην
854 4355 950 4413 οὒκ
1019 4354 1285 4412 ἐπαύσατο
1354 4352 1768 4433 περιερχόμενος
1838 4352 1944 4407 τοὺς

2041 4362 2105 4415 ιιι
2128 4353 2348 4434 jugiter
2375 4360 2615 4414 orarent
2645 4359 2704 4413 et
2729 4353 2868 4413 Jesu
2900 4350 3119 4415 Christi
3152 4351 3393 4438 nomine
3422 4350 3692 4431 depelle-

306 4437 567 4528 ἀδελφοὺς
625 4445 851 4526 πάντας,
908 4442 1332 4523 ἐπιφωνούμενός
1388 4462 1446 4498 τε
1487 4443 1575 4498 καὶ
1621 4441 1701 4497 ἀεὶ
1746 4461 1944 4519 παραγ-

2040 4452 2176 4505 rent
2198 4440 2623 4504 adversarium.
2658 4439 2885 4528 Videns
2911 4439 3091 4519 igitur
3120 4437 3392 4528 diabolus
3422 4438 3699 4520 praesulis

304 4501 483 4616 γέλωξθ
535 4501 949 4615 προσεύχεσθαι,
997 4501 1084 4589 καὶ
1124 4501 1203 4608 τιξ)
1245 4532 1465 4606 ὀνόματι
1515 4528 1694 4598 Ἰησοῦ
1736 4501 1944 4610 Χρίστδί

2046 4531 2408 4611 vigilantiam
2421 4528 2755 4592 etsubditos
2766 4527 2920 4591 bene
2933 4501 3196 4602 vallatos,
3226 4501 3468 4590 circiter
3480 4528 3692 4589 horam

305 4615 631 4682 ἀποδιώκειν
694 4624 785 4679 τὸν
842 4621 1226 4697 ἀντικείμενον.
1285 4616 1431 4676 Ἰδὼν
1487 4617 1576 4676 οὗν
1632 4621 1661 4675 6
1716 4615 1944 4675 διάϐολος

2039 4620 2333 4684 decimam
2365 4618 2679 4700 prostravit
2708 4617 2987 4680 arborem
3034 4615 3351 4679 maximam
3382 4622 3440 4677 et
3470 4633 3684 4677 canem

306 4716 410 4782 τὴν
459 4722 555 4772 τοῦ
610 4712 857 4792 ἀρχηγοῦ
900 4708 1212 4791 ἀσφάλειαν,
1264 4709 1354 4765 καὶ
1403 4707 1500 4775 τὴν
1552 4712 1659 4764 τῶν
1708 4706 1944 4773 ὒπηκόωπ

2041 4728 2224 4772 unum
2242 4708 2481 4784 occidit,
2501 4719 2678 4787 atque
2697 4707 2780 4769 ita
2808 4706 3088 4769 confusus
3114 4704 3280 4766 abiit.
3317 4702 3686 4792 Quibusdam

304 4790 656 4885 περίφραξιν,
680 4790 814 4880 ⁷περ),
868 4790 1011 4880 ὥραν
1064 4795 1289 4866 δεκάτην
1336 4797 1491 4876 ῥίψας
1538 4795 1789 4876 μέγιστον
1832 4793 1944 4885 ,δέν-

2039 4817 2180 4861 vero
2222 4797 2502 4861 fratribus
2551 4803 2799 4857 mortem
2847 4795 3011 4856 canis
3060 4792 3476 4885 maerentibus,
3537 4790 3693 4853 dixit

301 4883 453 4974 ὅρον,
503 4893 590 4948 καὶ
646 4888 738 4947 ἕνα
792 4889 922 4946 κύνα
969 4888 1222 4970 φονεύσας
1278 4883 1958 4974 ἀπῆλθεᾼκατησχυμένος.

2048 4905 2296 4967 magnus
2330 4888 2537 4950 Pater:
2589 4887 2750 4963 lure,
2800 4903 2834 4944 ο
2887 4883 3122 4959 fratres,
3155 4880 3355 4943 divina
3387 4878 3700 4961 Scriptura

302 4967 479 5043 ’ίινῶν
530 4978 587 5037 δὲ
642 4976 890 5069 ἀδελφῶνῄ
936 4967 1054 5069 περὶ
1107 4982 1201 5069 τοῦ
1267 4977 1448 5069 κυνὸς
1466 4970 1815 5069 θλιβομένων,
1864 4972 1944 5069 ἔφτ

2047 4974 2315 5059 praecipit
2337 4975 2424 5050 30,
2448 4980 2511 5036 ut
2528 4990 2771 5054 semper
2799 4979 3024 5069 oretur,
3054 4988 3134 5069 ne
3160 4969 3454 5069 intremus
3474 4967 3539 5069 in
3563 4976 3691 5030 ten-

302 5074 334 5129 ὁ
367 5071 564 5151 μέγας,
604 5057 821 5142 Καλῶς,
851 5067 899 5124 ὦ
926 5064 1161 5147 ἀδελφοὶ,
1191 5060 1508 5145 προσέταξεν
1553 5065 1588 5131 ἡ
1617 5061 1729 5119 θεία
1759 5062 1940 5143 Γραφὴ

2050 5057 2356 5127 tationem.
2388 5061 2640 5127 Volebat
2659 5079 2811 5151 sane
2826 5059 3099 5151 diabolus
3118 5058 3181 5136 in
3204 5059 3446 5151 fratrem
3464 5057 3702 5151 vibrare

306 5144 389 5218 isi.
451 5144 845 5240 προσεύχεσθαι
918 5144 1087 5232 ἡμᾶς,
1138 5242 1156 5248 Α
1177 5156 1256 5248 μη
1282 5242 1296 5248 “
1325 5152 1612 5248 sieta-160W-
1648 5152 1723 5248 είς
1779 5173 1944 5233 πειρα.

2054 5153 2594 5233 suamiram,quam
2608 5149 2871 5248 ostendit
2892 5148 2954 5248 in
2976 5166 3212 5248 canem,
3243 5147 3351 5248 sed
3384 5145 3456 5208 ab
3488 5144 3700 5248 angelo

303 5234 513 5329 σμοῦςξ
564 5234 849 5317 Βοόληθεὶς
904 5246 1006 5325 γὰρ
1054 5247 1083 5302 δ
1132 5240 1373 5307 διάϐολος
1408 5240 1625 5336 fisi???
1678 5240 1944 5336 avla-751

2056 5241 2167 5336 Dei
2191 5243 2466 5336 detentus
2486 5247 2600 5336 est_,
2639 5239 2794 5336 sicut
2820 5237 2884 5336 in
2911 5236 3144 5336 Psalmo
3175 5234 3432 5336 habetur
3458 5251 3475 5299 :
3521 5256 3543 5292 α
3580 5234 3704 5296 im-

302 5324 397 5401 t6v
425 5342 597 5417 θυμὸν
629 5342 813 5412 αῦτοῦ,
845 5324 927 5393 ὃν
954 5324 1028 5399 εἷς
1083 5336 1176 5392 τὸν
1222 5335 1353 5391 κύνα
1398 5329 1687 5407 ἀπέδειξεν,
1739 5329 1944 5389 ἐκωλύθ·

2058 5330 2253 5393 mittet
2280 5330 2527 5411 angelus
2556 5327 2796 5417 Domini
2826 5326 2888 5389 in
2917 5325 3171 5389 circuitu
3197 5324 3541 5389 timentium
3571 5339 3709 5387 eum

296 5435 403 5491 ὑπὸ
433 5415 570 5490 Θεοῦ
598 5426 855 5508 ἀγγέλου,
889 5424 1065 5487 καθὼς
1094 5421 1239 5504 λέγει
1283 5426 1312 5480 6
1358 5420 1573 5508 ψαλμός
1608 5438 1621 5453 ν
1676 5440 1701 5476 ι
1734 5426 1944 5508 ,Παρεμς

2061 5426 2121 5482 et
2150 5419 2363 5502 eripiet
2392 5435 2496 5480 eos
2522 5415 2605 5478 δι.
2637 5441 2666 5474 ι

290 5521 456 5582 ϐαλεῖ
486 5507 721 5600 ἅγγελος
752 5513 952 5595 Κυρίου
981 5510 1161 5587 κύκλῳ
1187 5519 1294 5571 τῶν
1322 5507 1662 5594 φοϐουμένων
1690 5507 1871 5588 αύτὸν,
1902 5510 1992 5568 καὶ
2021 5510 2228 5591 ρύσεται
2261 5511 2474 5573 αὐτούς.
2512 5529 2537 5565 ι

369 5694 436 5747 28
466 5689 677 5756 Matth.
708 5700 869 5767 xm,
905 5681 1010 5746 21.
1091 5678 1389 5744 991Petr.
1424 5697 1479 5758 v,
1512 5683 1572 5742 8.
1653 5638 1720 5730 ὅσ
1746 5680 1955 5747 Matth.
1984 5693 2130 5756 nu,
2162 5677 2234 5740 4t
2272 5698 2289 5757 ;
2318 5679 2342 5742 ι
2370 5676 2586 5740 Thess.
2618 5693 2675 5754 ν,
2710 5674 2812 5739 17.
2893 5673 2950 5726 δι
2985 5672 3141 5739 Psal.
3172 5687 3379 5748 χχχιιι,
3408 5671 3472 5735 8.
