  <div class='ocr_page' id='page_1' title='image "/cluster/home/n/w/nwhite01/storage/ocr_20150623/120/coo.31924054870245/049.png"; bbox 0 0 4182 6444; ppageno 0'>
   <div class='ocr_carea' id='block_1_1' title="bbox 504 233 2156 303">
    <p class='ocr_par' dir='ltr' id='par_1_1' title="bbox 504 233 2156 300">
     <span class='ocr_line' id='line_1_1' title="bbox 504 233 2156 300; baseline -0.001 0"><span class='ocrx_word' id='word_1_1' title='bbox 504 233 585 300; x_wconf 87' lang='grc'><strong>83</strong></span> <span class='ocrx_word' id='word_1_2' title='bbox 1923 278 1939 294; x_wconf 91' lang='grc'><strong>.</strong></span> <span class='ocrx_word' id='word_1_3' title='bbox 2017 233 2156 299; x_wconf 76' lang='grc' dir='ltr'><strong>ΑΝ(</strong></span> 
     </span>
    </p>
   </div>
   <div class='ocr_carea' id='block_1_2' title="bbox 2240 233 3896 303">
    <p class='ocr_par' dir='ltr' id='par_1_2' title="bbox 2240 236 3896 303">
     <span class='ocr_line' id='line_1_2' title="bbox 2240 236 3896 303; baseline 0.002 -4"><span class='ocrx_word' id='word_1_4' title='bbox 2240 236 2380 299; x_wconf 87' lang='grc' dir='ltr'><strong>ΥΜΙ</strong></span> <span class='ocrx_word' id='word_1_5' title='bbox 3811 236 3896 303; x_wconf 74' lang='grc'><strong>84</strong></span> 
     </span>
    </p>
   </div>
   <div class='ocr_carea' id='block_1_3' title="bbox 584 357 2156 452">
    <p class='ocr_par' dir='ltr' id='par_1_3' title="bbox 584 362 2144 447">
     <span class='ocr_line' id='line_1_3' title="bbox 584 362 2144 447; baseline -0.002 -16"><span class='ocrx_word' id='word_1_6' title='bbox 584 368 689 432; x_wconf 70' lang='grc'><strong>44.</strong></span> <span class='ocrx_word' id='word_1_7' title='bbox 716 366 1072 447; x_wconf 89' lang='lat' dir='ltr'><strong>Hujusmodi</strong></span> <span class='ocrx_word' id='word_1_8' title='bbox 1093 364 1473 429; x_wconf 87' lang='lat' dir='ltr'><strong>sermonibus</strong></span> <span class='ocrx_word' id='word_1_9' title='bbox 1502 381 1572 427; x_wconf 89' lang='lat' dir='ltr'><strong>ac</strong></span> <span class='ocrx_word' id='word_1_10' title='bbox 1601 363 1843 426; x_wconf 81' lang='lat' dir='ltr'><strong>monitis</strong></span> <span class='ocrx_word' id='word_1_11' title='bbox 1889 362 2144 428; x_wconf 83' lang='lat' dir='ltr'><strong>docebat</strong></span> 
     </span>
    </p>
   </div>
   <div class='ocr_carea' id='block_1_4' title="bbox 2240 357 3875 452">
    <p class='ocr_par' dir='ltr' id='par_1_4' title="bbox 2303 357 3875 452">
     <span class='ocr_line' id='line_1_4' title="bbox 2303 357 3875 452; baseline 0.003 -28"><span class='ocrx_word' id='word_1_12' title='bbox 2303 357 2414 444; x_wconf 81' lang='grc' dir='ltr'>μδ’.</span> <span class='ocrx_word' id='word_1_13' title='bbox 2470 379 2685 434; x_wconf 83' lang='grc' dir='ltr'>Τουτοις</span> <span class='ocrx_word' id='word_1_14' title='bbox 2754 382 2874 434; x_wconf 76' lang='grc' dir='ltr'>τοῖς</span> <span class='ocrx_word' id='word_1_15' title='bbox 2948 370 3129 450; x_wconf 83' lang='grc' dir='ltr'><strong>λόγοις</strong></span> <span class='ocrx_word' id='word_1_16' title='bbox 3184 374 3273 429; x_wconf 80' lang='grc' dir='ltr'><strong>καὶ</strong></span> <span class='ocrx_word' id='word_1_17' title='bbox 3330 372 3548 452; x_wconf 71' lang='grc' dir='ltr'>τρόποις</span> <span class='ocrx_word' id='word_1_18' title='bbox 3602 370 3875 429; x_wconf 77' lang='grc' dir='ltr'>ἐδίδασκεν</span> 
     </span>
    </p>
   </div>
   <div class='ocr_carea' id='block_1_5' title="bbox 507 453 2156 542">
    <p class='ocr_par' dir='ltr' id='par_1_5' title="bbox 507 453 2156 536">
     <span class='ocr_line' id='line_1_5' title="bbox 507 453 2156 536; baseline -0.005 -12"><span class='ocrx_word' id='word_1_19' title='bbox 507 475 612 523; x_wconf 84' lang='lat' dir='ltr'><strong>eos</strong></span> <span class='ocrx_word' id='word_1_20' title='bbox 633 470 801 520; x_wconf 90' lang='lat' dir='ltr'><strong>orare</strong></span> <span class='ocrx_word' id='word_1_21' title='bbox 818 456 1029 536; x_wconf 84' lang='lat' dir='ltr'><strong>quovis</strong></span> <span class='ocrx_word' id='word_1_22' title='bbox 1053 455 1183 517; x_wconf 89' lang='lat' dir='ltr'><strong>loco</strong></span> <span class='ocrx_word' id='word_1_23' title='bbox 1208 462 1267 517; x_wconf 91' lang='lat' dir='ltr'><strong>et</strong></span> <span class='ocrx_word' id='word_1_24' title='bbox 1303 454 1601 534; x_wconf 81' lang='lat' dir='ltr'><strong>tempore,</strong></span> <span class='ocrx_word' id='word_1_25' title='bbox 1627 459 1800 534; x_wconf 90' lang='lat' dir='ltr'><strong>atque</strong></span> <span class='ocrx_word' id='word_1_26' title='bbox 1830 454 1910 514; x_wconf 88' lang='lat' dir='ltr'><strong>ita</strong></span> <span class='ocrx_word' id='word_1_27' title='bbox 1939 453 2156 516; x_wconf 85' lang='lat' dir='ltr'><strong>daemo-</strong></span> 
     </span>
    </p>
   </div>
   <div class='ocr_carea' id='block_1_6' title="bbox 2240 453 3888 542">
    <p class='ocr_par' dir='ltr' id='par_1_6' title="bbox 2240 456 3888 542">
     <span class='ocr_line' id='line_1_6' title="bbox 2240 456 3888 542; baseline 0.003 -30"><span class='ocrx_word' id='word_1_28' title='bbox 2240 456 2392 521; x_wconf 74' lang='grc' dir='ltr'>αὖτὸς</span> <span class='ocrx_word' id='word_1_29' title='bbox 2448 458 2501 515; x_wconf 82' lang='grc' dir='ltr'>ἐν</span> <span class='ocrx_word' id='word_1_30' title='bbox 2557 459 2714 516; x_wconf 81' lang='grc' dir='ltr'>παντὶ</span> <span class='ocrx_word' id='word_1_31' title='bbox 2767 466 2935 535; x_wconf 82' lang='grc' dir='ltr'><strong>καιρῷ</strong></span> <span class='ocrx_word' id='word_1_32' title='bbox 3004 462 3094 518; x_wconf 81' lang='grc' dir='ltr'><strong>καί</strong></span> <span class='ocrx_word' id='word_1_33' title='bbox 3146 461 3295 534; x_wconf 77' lang='grc' dir='ltr'>τόπῳ</span> <span class='ocrx_word' id='word_1_34' title='bbox 3353 461 3736 542; x_wconf 82' lang='grc' dir='ltr'>προσεύχεσθαι</span> <span class='ocrx_word' id='word_1_35' title='bbox 3768 461 3888 542; x_wconf 39' lang='lat' dir='ltr'><strong>“xui</strong></span> 
     </span>
    </p>
   </div>
   <div class='ocr_carea' id='block_1_7' title="bbox 505 533 2156 631">
    <p class='ocr_par' dir='ltr' id='par_1_7' title="bbox 505 533 2152 613">
     <span class='ocr_line' id='line_1_7' title="bbox 505 533 2152 613; baseline -0.002 -3"><span class='ocrx_word' id='word_1_36' title='bbox 505 564 650 611; x_wconf 90' lang='lat' dir='ltr'><strong>num</strong></span> <span class='ocrx_word' id='word_1_37' title='bbox 670 533 917 613; x_wconf 79' lang='lat' dir='ltr'><strong>insidias</strong></span> <span class='ocrx_word' id='word_1_38' title='bbox 939 544 1262 609; x_wconf 84' lang='lat' dir='ltr'><strong>declinare.</strong></span> <span class='ocrx_word' id='word_1_39' title='bbox 1291 550 1349 606; x_wconf 92' lang='lat' dir='ltr'><strong>et</strong></span> <span class='ocrx_word' id='word_1_40' title='bbox 1369 533 1508 605; x_wconf 85' lang='lat' dir='ltr'><strong>vero</strong></span> <span class='ocrx_word' id='word_1_41' title='bbox 1536 533 1716 604; x_wconf 91' lang='lat' dir='ltr'><strong>etiam</strong></span> <span class='ocrx_word' id='word_1_42' title='bbox 1734 559 1938 603; x_wconf 91' lang='lat' dir='ltr'><strong>rerum</strong></span> <span class='ocrx_word' id='word_1_43' title='bbox 1973 551 2152 606; x_wconf 91' lang='lat' dir='ltr'><strong>terre-</strong></span> 
     </span>
    </p>
   </div>
   <div class='ocr_carea' id='block_1_8' title="bbox 2240 533 3893 631">
    <p class='ocr_par' dir='ltr' id='par_1_8' title="bbox 2240 533 3893 631">
     <span class='ocr_line' id='line_1_8' title="bbox 2240 533 3893 631; baseline 0.001 -28"><span class='ocrx_word' id='word_1_44' title='bbox 2240 546 2373 603; x_wconf 57' lang='grc' dir='ltr'>οὕτω</span> <span class='ocrx_word' id='word_1_45' title='bbox 2399 549 2493 612; x_wconf 79' lang='grc' dir='ltr'>τὰς</span> <span class='ocrx_word' id='word_1_46' title='bbox 2544 546 2826 613; x_wconf 79' lang='grc' dir='ltr'>ἐπιϐουλὰς</span> <span class='ocrx_word' id='word_1_47' title='bbox 2877 550 2985 605; x_wconf 68' lang='grc' dir='ltr'><strong>τῶν</strong></span> <span class='ocrx_word' id='word_1_48' title='bbox 3030 547 3293 626; x_wconf 73' lang='grc' dir='ltr'><strong>δαιμόνων</strong></span> <span class='ocrx_word' id='word_1_49' title='bbox 3341 533 3702 631; x_wconf 70' lang='grc' dir='ltr'>ἐκτρέπεσθαι,</span> <span class='ocrx_word' id='word_1_50' title='bbox 3768 533 3893 608; x_wconf 66' lang='lat' dir='ltr'><strong>ﬂ[vat</strong></span> 
     </span>
    </p>
   </div>
   <div class='ocr_carea' id='block_1_9' title="bbox 507 631 2150 714">
    <p class='ocr_par' dir='ltr' id='par_1_9' title="bbox 507 631 2150 714">
     <span class='ocr_line' id='line_1_9' title="bbox 507 631 2150 714; baseline -0.004 -14"><span class='ocrx_word' id='word_1_51' title='bbox 507 654 721 700; x_wconf 87' lang='lat' dir='ltr'><strong>narum</strong></span> <span class='ocrx_word' id='word_1_52' title='bbox 750 636 967 697; x_wconf 73' lang='lat' dir='ltr'><strong>affectu</strong></span> <span class='ocrx_word' id='word_1_53' title='bbox 1023 653 1125 697; x_wconf 91' lang='lat' dir='ltr'><strong>eos</strong></span> <span class='ocrx_word' id='word_1_54' title='bbox 1173 639 1472 714; x_wconf 80' lang='lat' dir='ltr'><strong>purgaret,</strong></span> <span class='ocrx_word' id='word_1_55' title='bbox 1526 631 1946 711; x_wconf 86' lang='lat' dir='ltr'><strong>discerentque</strong></span> <span class='ocrx_word' id='word_1_56' title='bbox 1975 631 2047 693; x_wconf 89' lang='lat' dir='ltr'><strong>ab</strong></span> <span class='ocrx_word' id='word_1_57' title='bbox 2081 650 2150 694; x_wconf 93' lang='lat' dir='ltr'><strong>eo</strong></span> 
     </span>
    </p>
   </div>
   <div class='ocr_carea' id='block_1_10' title="bbox 505 718 2148 806">
    <p class='ocr_par' dir='ltr' id='par_1_10' title="bbox 505 718 2148 806">
     <span class='ocr_line' id='line_1_10' title="bbox 505 718 2148 806; baseline -0.005 -17"><span class='ocrx_word' id='word_1_58' title='bbox 505 724 721 806; x_wconf 78' lang='lat' dir='ltr'><strong>velipsi</strong></span> <span class='ocrx_word' id='word_1_59' title='bbox 741 724 875 787; x_wconf 75' lang='lat' dir='ltr'><strong>vitae</strong></span> <span class='ocrx_word' id='word_1_60' title='bbox 893 722 1291 786; x_wconf 86' lang='lat' dir='ltr'><strong>obedientiam</strong></span> <span class='ocrx_word' id='word_1_61' title='bbox 1312 738 1676 802; x_wconf 69' lang='lat' dir='ltr'><strong>prmponere,</strong></span> <span class='ocrx_word' id='word_1_62' title='bbox 1692 718 1851 781; x_wconf 85' lang='lat' dir='ltr'><strong>aliud</strong></span> <span class='ocrx_word' id='word_1_63' title='bbox 1869 719 2148 798; x_wconf 86' lang='lat' dir='ltr'><strong>quiddam</strong></span> 
     </span>
    </p>
   </div>
   <div class='ocr_carea' id='block_1_11' title="bbox 510 806 2146 892">
    <p class='ocr_par' dir='ltr' id='par_1_11' title="bbox 510 806 2146 892">
     <span class='ocr_line' id='line_1_11' title="bbox 510 806 2146 892; baseline -0.004 -17"><span class='ocrx_word' id='word_1_64' title='bbox 510 813 632 892; x_wconf 87' lang='lat' dir='ltr'><strong>egit</strong></span> <span class='ocrx_word' id='word_1_65' title='bbox 662 813 950 874; x_wconf 87' lang='lat' dir='ltr'><strong>memoria</strong></span> <span class='ocrx_word' id='word_1_66' title='bbox 979 811 1249 892; x_wconf 83' lang='lat' dir='ltr'><strong>dignum.</strong></span> <span class='ocrx_word' id='word_1_67' title='bbox 1289 809 1472 875; x_wconf 87' lang='lat' dir='ltr'><strong>Moris</strong></span> <span class='ocrx_word' id='word_1_68' title='bbox 1502 815 1629 869; x_wconf 89' lang='lat' dir='ltr'><strong>erat</strong></span> <span class='ocrx_word' id='word_1_69' title='bbox 1654 806 1823 869; x_wconf 88' lang='lat' dir='ltr'><strong>beato</strong></span> <span class='ocrx_word' id='word_1_70' title='bbox 1853 810 1997 869; x_wconf 89' lang='lat' dir='ltr'><strong>Viro</strong></span> <span class='ocrx_word' id='word_1_71' title='bbox 2027 827 2146 869; x_wconf 91' lang='lat' dir='ltr'><strong>non</strong></span> 
     </span>
    </p>
   </div>
   <div class='ocr_carea' id='block_1_12' title="bbox 508 895 2149 981">
    <p class='ocr_par' dir='ltr' id='par_1_12' title="bbox 508 895 2149 981">
     <span class='ocr_line' id='line_1_12' title="bbox 508 895 2149 981; baseline -0.006 -14"><span class='ocrx_word' id='word_1_72' title='bbox 508 910 772 967; x_wconf 86' lang='lat' dir='ltr'><strong>anatura</strong></span> <span class='ocrx_word' id='word_1_73' title='bbox 793 900 1058 981; x_wconf 87' lang='lat' dir='ltr'><strong>profecti,</strong></span> <span class='ocrx_word' id='word_1_74' title='bbox 1084 899 1190 961; x_wconf 92' lang='lat' dir='ltr'><strong>sed</strong></span> <span class='ocrx_word' id='word_1_75' title='bbox 1210 899 1426 960; x_wconf 81' lang='lat' dir='ltr'><strong>virtute</strong></span> <span class='ocrx_word' id='word_1_76' title='bbox 1464 895 1757 977; x_wconf 88' lang='lat' dir='ltr'><strong>acquisiti,</strong></span> <span class='ocrx_word' id='word_1_77' title='bbox 1793 914 1927 958; x_wconf 90' lang='lat' dir='ltr'><strong>sese</strong></span> <span class='ocrx_word' id='word_1_78' title='bbox 1957 897 2149 977; x_wconf 89' lang='lat' dir='ltr'><strong>quali-</strong></span> 
     </span>
    </p>
   </div>
   <div class='ocr_carea' id='block_1_13' title="bbox 509 985 2147 1071">
    <p class='ocr_par' dir='ltr' id='par_1_13' title="bbox 509 985 2147 1071">
     <span class='ocr_line' id='line_1_13' title="bbox 509 985 2147 1071; baseline -0.004 -18"><span class='ocrx_word' id='word_1_79' title='bbox 509 989 613 1054; x_wconf 84' lang='lat' dir='ltr'><strong>bet</strong></span> <span class='ocrx_word' id='word_1_80' title='bbox 639 989 702 1052; x_wconf 92' lang='lat' dir='ltr'><strong>in</strong></span> <span class='ocrx_word' id='word_1_81' title='bbox 730 1008 797 1053; x_wconf 88' lang='lat' dir='ltr'><strong>re</strong></span> <span class='ocrx_word' id='word_1_82' title='bbox 823 989 1268 1071; x_wconf 84' lang='lat' dir='ltr'><strong>reprehendere</strong></span> <span class='ocrx_word' id='word_1_83' title='bbox 1293 1006 1306 1051; x_wconf 92' lang='lat'>:</span> <span class='ocrx_word' id='word_1_84' title='bbox 1335 990 1516 1069; x_wconf 89' lang='lat' dir='ltr'><strong>quare</strong></span> <span class='ocrx_word' id='word_1_85' title='bbox 1546 1004 1748 1048; x_wconf 84' lang='lat' dir='ltr'><strong>secum</strong></span> <span class='ocrx_word' id='word_1_86' title='bbox 1784 985 1912 1066; x_wconf 88' lang='lat' dir='ltr'><strong>ipse</strong></span> <span class='ocrx_word' id='word_1_87' title='bbox 1941 987 2147 1048; x_wconf 87' lang='lat' dir='ltr'><strong>solita-</strong></span> 
     </span>
    </p>
   </div>
   <div class='ocr_carea' id='block_1_14' title="bbox 508 1076 2154 1159">
    <p class='ocr_par' dir='ltr' id='par_1_14' title="bbox 508 1076 2154 1159">
     <span class='ocr_line' id='line_1_14' title="bbox 508 1076 2154 1159; baseline -0.004 -16"><span class='ocrx_word' id='word_1_88' title='bbox 508 1080 616 1143; x_wconf 64' lang='lat' dir='ltr'><strong>riae</strong></span> <span class='ocrx_word' id='word_1_89' title='bbox 636 1080 768 1143; x_wconf 73' lang='lat' dir='ltr'><strong>vitae</strong></span> <span class='ocrx_word' id='word_1_90' title='bbox 785 1079 1131 1142; x_wconf 88' lang='lat' dir='ltr'><strong>suavitatem</strong></span> <span class='ocrx_word' id='word_1_91' title='bbox 1148 1097 1305 1159; x_wconf 68' lang='lat' dir='ltr'><strong>saepe</strong></span> <span class='ocrx_word' id='word_1_92' title='bbox 1327 1076 1610 1157; x_wconf 86' lang='lat' dir='ltr'><strong>cogitans,</strong></span> <span class='ocrx_word' id='word_1_93' title='bbox 1629 1084 1873 1156; x_wconf 88' lang='lat' dir='ltr'><strong>etquam</strong></span> <span class='ocrx_word' id='word_1_94' title='bbox 1893 1076 1975 1138; x_wconf 87' lang='lat' dir='ltr'><strong>sit</strong></span> <span class='ocrx_word' id='word_1_95' title='bbox 1990 1076 2154 1137; x_wconf 92' lang='lat' dir='ltr'><strong>omni</strong></span> 
     </span>
    </p>
   </div>
   <div class='ocr_carea' id='block_1_15' title="bbox 510 1164 2153 1246">
    <p class='ocr_par' dir='ltr' id='par_1_15' title="bbox 510 1164 2153 1246">
     <span class='ocr_line' id='line_1_15' title="bbox 510 1164 2153 1246; baseline -0.004 -14"><span class='ocrx_word' id='word_1_96' title='bbox 510 1169 916 1232; x_wconf 82' lang='lat' dir='ltr'><strong>sollicitudine</strong></span> <span class='ocrx_word' id='word_1_97' title='bbox 936 1187 1182 1231; x_wconf 89' lang='lat' dir='ltr'><strong>vacuum</strong></span> <span class='ocrx_word' id='word_1_98' title='bbox 1207 1166 1355 1228; x_wconf 86' lang='lat' dir='ltr'><strong>nihil</strong></span> <span class='ocrx_word' id='word_1_99' title='bbox 1396 1164 1733 1246; x_wconf 87' lang='lat' dir='ltr'><strong>possidere,</strong></span> <span class='ocrx_word' id='word_1_100' title='bbox 1762 1183 1998 1245; x_wconf 87' lang='lat' dir='ltr'><strong>quoque</strong></span> <span class='ocrx_word' id='word_1_101' title='bbox 2026 1165 2153 1245; x_wconf 83' lang='lat' dir='ltr'><strong>spi-</strong></span> 
     </span>
    </p>
   </div>
   <div class='ocr_carea' id='block_1_16' title="bbox 506 1253 2158 1336">
    <p class='ocr_par' dir='ltr' id='par_1_16' title="bbox 506 1253 2158 1336">
     <span class='ocr_line' id='line_1_16' title="bbox 506 1253 2158 1336; baseline -0.003 -17"><span class='ocrx_word' id='word_1_102' title='bbox 506 1257 769 1320; x_wconf 89' lang='lat' dir='ltr'><strong>ritalium</strong></span> <span class='ocrx_word' id='word_1_103' title='bbox 798 1257 1190 1319; x_wconf 85' lang='lat' dir='ltr'><strong>certaminum</strong></span> <span class='ocrx_word' id='word_1_104' title='bbox 1243 1254 1425 1336; x_wconf 80' lang='lat' dir='ltr'><strong>pugil,</strong></span> <span class='ocrx_word' id='word_1_105' title='bbox 1483 1253 1533 1315; x_wconf 92' lang='lat' dir='ltr'><strong>si</strong></span> <span class='ocrx_word' id='word_1_106' title='bbox 1583 1272 1717 1314; x_wconf 90' lang='lat' dir='ltr'><strong>cum</strong></span> <span class='ocrx_word' id='word_1_107' title='bbox 1752 1253 2034 1315; x_wconf 86' lang='lat' dir='ltr'><strong>fratribus</strong></span> <span class='ocrx_word' id='word_1_108' title='bbox 2064 1271 2158 1315; x_wconf 90' lang='lat' dir='ltr'><strong>se-</strong></span> 
     </span>
    </p>
   </div>
   <div class='ocr_carea' id='block_1_17' title="bbox 510 1342 2156 1424">
    <p class='ocr_par' dir='ltr' id='par_1_17' title="bbox 510 1342 2156 1424">
     <span class='ocr_line' id='line_1_17' title="bbox 510 1342 2156 1424; baseline -0.003 -16"><span class='ocrx_word' id='word_1_109' title='bbox 510 1345 668 1421; x_wconf 90' lang='lat' dir='ltr'><strong>deat,</strong></span> <span class='ocrx_word' id='word_1_110' title='bbox 701 1345 893 1408; x_wconf 93' lang='lat' dir='ltr'><strong>nullos</strong></span> <span class='ocrx_word' id='word_1_111' title='bbox 921 1346 1096 1408; x_wconf 87' lang='lat' dir='ltr'><strong>faciat</strong></span> <span class='ocrx_word' id='word_1_112' title='bbox 1122 1345 1183 1407; x_wconf 93' lang='lat' dir='ltr'><strong>in</strong></span> <span class='ocrx_word' id='word_1_113' title='bbox 1216 1344 1436 1405; x_wconf 90' lang='lat' dir='ltr'><strong>virtute</strong></span> <span class='ocrx_word' id='word_1_114' title='bbox 1468 1361 1864 1424; x_wconf 86' lang='lat' dir='ltr'><strong>progressus;</strong></span> <span class='ocrx_word' id='word_1_115' title='bbox 1912 1343 2032 1404; x_wconf 92' lang='lat' dir='ltr'><strong>imo</strong></span> <span class='ocrx_word' id='word_1_116' title='bbox 2066 1342 2156 1404; x_wconf 82' lang='lat' dir='ltr'><strong>vix</strong></span> 
     </span>
    </p>
   </div>
   <div class='ocr_carea' id='block_1_18' title="bbox 507 1430 2154 1517">
    <p class='ocr_par' dir='ltr' id='par_1_18' title="bbox 507 1430 2154 1517">
     <span class='ocr_line' id='line_1_18' title="bbox 507 1430 2154 1517; baseline -0.002 -20"><span class='ocrx_word' id='word_1_117' title='bbox 507 1434 854 1514; x_wconf 86' lang='lat' dir='ltr'><strong>contingere</strong></span> <span class='ocrx_word' id='word_1_118' title='bbox 884 1435 1090 1517; x_wconf 90' lang='lat' dir='ltr'><strong>possit,</strong></span> <span class='ocrx_word' id='word_1_119' title='bbox 1123 1434 1266 1516; x_wconf 87' lang='lat' dir='ltr'><strong>quin</strong></span> <span class='ocrx_word' id='word_1_120' title='bbox 1297 1432 1505 1496; x_wconf 87' lang='lat' dir='ltr'><strong>evadat</strong></span> <span class='ocrx_word' id='word_1_121' title='bbox 1534 1430 1838 1493; x_wconf 85' lang='lat' dir='ltr'><strong>deterior:</strong></span> <span class='ocrx_word' id='word_1_122' title='bbox 1876 1431 2022 1512; x_wconf 84' lang='lat' dir='ltr'><strong>haec,</strong></span> <span class='ocrx_word' id='word_1_123' title='bbox 2055 1431 2154 1493; x_wconf 90' lang='lat' dir='ltr'><strong>in-</strong></span> 
     </span>
    </p>
   </div>
   <div class='ocr_carea' id='block_1_19' title="bbox 506 1519 2151 1604">
    <p class='ocr_par' dir='ltr' id='par_1_19' title="bbox 506 1519 2151 1604">
     <span class='ocr_line' id='line_1_19' title="bbox 506 1519 2151 1604; baseline -0.002 -20"><span class='ocrx_word' id='word_1_124' title='bbox 506 1541 707 1604; x_wconf 91' lang='lat' dir='ltr'><strong>quam,</strong></span> <span class='ocrx_word' id='word_1_125' title='bbox 739 1524 941 1585; x_wconf 88' lang='lat' dir='ltr'><strong>omnia</strong></span> <span class='ocrx_word' id='word_1_126' title='bbox 962 1542 1163 1585; x_wconf 90' lang='lat' dir='ltr'><strong>secum</strong></span> <span class='ocrx_word' id='word_1_127' title='bbox 1196 1520 1486 1599; x_wconf 78' lang='lat' dir='ltr'><strong>cogitans,</strong></span> <span class='ocrx_word' id='word_1_128' title='bbox 1521 1520 1703 1581; x_wconf 90' lang='lat' dir='ltr'><strong>nimis</strong></span> <span class='ocrx_word' id='word_1_129' title='bbox 1729 1538 1883 1599; x_wconf 82' lang='lat' dir='ltr'><strong>aegre</strong></span> <span class='ocrx_word' id='word_1_130' title='bbox 1905 1519 2151 1597; x_wconf 87' lang='lat' dir='ltr'><strong>ferebat,</strong></span> 
     </span>
    </p>
   </div>
   <div class='ocr_carea' id='block_1_20' title="bbox 2232 635 3893 721">
    <p class='ocr_par' dir='ltr' id='par_1_20' title="bbox 2232 635 3893 721">
     <span class='ocr_line' id='line_1_20' title="bbox 2232 635 3893 721; baseline 0.002 -28"><span class='ocrx_word' id='word_1_131' title='bbox 2232 635 2287 692; x_wconf 77' lang='grc' dir='ltr'>δὲ</span> <span class='ocrx_word' id='word_1_132' title='bbox 2337 640 2425 695; x_wconf 85' lang='grc' dir='ltr'>καὶ</span> <span class='ocrx_word' id='word_1_133' title='bbox 2478 644 2577 707; x_wconf 78' lang='grc' dir='ltr'><strong>τῆς</strong></span> <span class='ocrx_word' id='word_1_134' title='bbox 2633 645 2740 695; x_wconf 83' lang='grc' dir='ltr'><strong>τῶν</strong></span> <span class='ocrx_word' id='word_1_135' title='bbox 2796 642 3006 717; x_wconf 73' lang='grc' dir='ltr'>γηΐνων</span> <span class='ocrx_word' id='word_1_136' title='bbox 3061 642 3413 721; x_wconf 81' lang='grc' dir='ltr'>προσπαθείας</span> <span class='ocrx_word' id='word_1_137' title='bbox 3470 642 3656 705; x_wconf 77' lang='grc' dir='ltr'>αὖτοὺς</span> <span class='ocrx_word' id='word_1_138' title='bbox 3704 639 3893 698; x_wconf 85' lang='grc' dir='ltr'>ἀπαλ-</span> 
     </span>
    </p>
   </div>
   <div class='ocr_carea' id='block_1_21' title="bbox 2231 723 3896 809">
    <p class='ocr_par' dir='ltr' id='par_1_21' title="bbox 2231 723 3896 809">
     <span class='ocr_line' id='line_1_21' title="bbox 2231 723 3896 809; baseline -0.003 -19"><span class='ocrx_word' id='word_1_139' title='bbox 2231 723 2386 806; x_wconf 76' lang='grc' dir='ltr'>λάξῃ,</span> <span class='ocrx_word' id='word_1_140' title='bbox 2458 729 2545 784; x_wconf 82' lang='grc' dir='ltr'><strong>καὶ</strong></span> <span class='ocrx_word' id='word_1_141' title='bbox 2608 726 2865 804; x_wconf 77' lang='grc' dir='ltr'>παιδεύσῃ</span> <span class='ocrx_word' id='word_1_142' title='bbox 2924 730 3110 793; x_wconf 78' lang='grc' dir='ltr'>αὐτοὺς</span> <span class='ocrx_word' id='word_1_143' title='bbox 3167 736 3431 809; x_wconf 82' lang='grc' dir='ltr'>προτιμᾷν</span> <span class='ocrx_word' id='word_1_144' title='bbox 3489 730 3588 797; x_wconf 77' lang='grc' dir='ltr'>τὴν</span> <span class='ocrx_word' id='word_1_145' title='bbox 3647 728 3896 796; x_wconf 76' lang='grc' dir='ltr'>ὑπακοὴν</span> 
     </span>
    </p>
   </div>
   <div class='ocr_carea' id='block_1_22' title="bbox 2230 816 3897 898">
    <p class='ocr_par' dir='ltr' id='par_1_22' title="bbox 2230 816 3897 898">
     <span class='ocr_line' id='line_1_22' title="bbox 2230 816 3897 898; baseline 0 -27"><span class='ocrx_word' id='word_1_146' title='bbox 2230 817 2318 872; x_wconf 83' lang='grc' dir='ltr'><strong>καὶ</strong></span> <span class='ocrx_word' id='word_1_147' title='bbox 2373 816 2537 884; x_wconf 74' lang='grc' dir='ltr'>αὖτῆς</span> <span class='ocrx_word' id='word_1_148' title='bbox 2588 822 2686 898; x_wconf 64' lang='grc' dir='ltr'>τῇς</span> <span class='ocrx_word' id='word_1_149' title='bbox 2743 822 2908 898; x_wconf 77' lang='grc' dir='ltr'>ζωῆς,</span> <span class='ocrx_word' id='word_1_150' title='bbox 2957 816 3089 874; x_wconf 85' lang='grc' dir='ltr'>ἀλλο</span> <span class='ocrx_word' id='word_1_151' title='bbox 3131 820 3391 886; x_wconf 88' lang='grc' dir='ltr'>πεποίηκε</span> <span class='ocrx_word' id='word_1_152' title='bbox 3433 820 3521 875; x_wconf 87' lang='grc' dir='ltr'><strong>καὶ</strong></span> <span class='ocrx_word' id='word_1_153' title='bbox 3569 818 3695 876; x_wconf 68' lang='grc' dir='ltr'>αὐτὸ</span> <span class='ocrx_word' id='word_1_154' title='bbox 3743 819 3897 894; x_wconf 73' lang='grc' dir='ltr'>μνή-</span> 
     </span>
    </p>
   </div>
   <div class='ocr_carea' id='block_1_23' title="bbox 2234 885 3893 988">
    <p class='ocr_par' dir='ltr' id='par_1_23' title="bbox 2234 885 3893 988">
     <span class='ocr_line' id='line_1_23' title="bbox 2234 885 3893 988; baseline 0.003 -30"><span class='ocrx_word' id='word_1_155' title='bbox 2234 927 2340 980; x_wconf 89' lang='grc' dir='ltr'><strong>μης</strong></span> <span class='ocrx_word' id='word_1_156' title='bbox 2386 903 2547 970; x_wconf 74' lang='grc' dir='ltr'>ἄξιον.</span> <span class='ocrx_word' id='word_1_157' title='bbox 2598 885 2767 971; x_wconf 38' lang='grc' dir='ltr'>’ῙΕθος-</span> <span class='ocrx_word' id='word_1_158' title='bbox 2803 907 2858 962; x_wconf 83' lang='grc' dir='ltr'>ἐν</span> <span class='ocrx_word' id='word_1_159' title='bbox 2895 885 2989 982; x_wconf 56' lang='grc' dir='ltr'>’τῷ</span> <span class='ocrx_word' id='word_1_160' title='bbox 3045 908 3286 986; x_wconf 77' lang='grc' dir='ltr'>μακαρίῳ</span> <span class='ocrx_word' id='word_1_161' title='bbox 3321 885 3391 974; x_wconf 10' lang='grc' dir='ltr'>νέξ</span> <span class='ocrx_word' id='word_1_162' title='bbox 3447 908 3638 988; x_wconf 75' lang='grc' dir='ltr'>ἀρετῆς</span> <span class='ocrx_word' id='word_1_163' title='bbox 3693 885 3893 973; x_wconf 59' lang='grc' dir='ltr'>κτηθεν</span> 
     </span>
    </p>
   </div>
   <div class='ocr_carea' id='block_1_24' title="bbox 2235 992 3894 1076">
    <p class='ocr_par' dir='ltr' id='par_1_24' title="bbox 2235 992 3894 1076">
     <span class='ocr_line' id='line_1_24' title="bbox 2235 992 3894 1076; baseline 0.001 -27"><span class='ocrx_word' id='word_1_164' title='bbox 2235 993 2328 1073; x_wconf 57' lang='grc' dir='ltr'><strong>οὔκ</strong></span> <span class='ocrx_word' id='word_1_165' title='bbox 2381 992 2442 1049; x_wconf 85' lang='grc' dir='ltr'>ἐκ</span> <span class='ocrx_word' id='word_1_166' title='bbox 2493 995 2719 1075; x_wconf 74' lang='grc' dir='ltr'>φύσεως,</span> <span class='ocrx_word' id='word_1_167' title='bbox 2775 996 2836 1051; x_wconf 78' lang='grc' dir='ltr'>τὸ</span> <span class='ocrx_word' id='word_1_168' title='bbox 2891 995 2945 1051; x_wconf 80' lang='grc' dir='ltr'>ἐν</span> <span class='ocrx_word' id='word_1_169' title='bbox 3001 997 3158 1053; x_wconf 82' lang='grc' dir='ltr'>παντὶ</span> <span class='ocrx_word' id='word_1_170' title='bbox 3203 996 3477 1076; x_wconf 80' lang='grc' dir='ltr'>πράγματι</span> <span class='ocrx_word' id='word_1_171' title='bbox 3523 997 3707 1056; x_wconf 75' lang='grc' dir='ltr'>ἑαυτὸν</span> <span class='ocrx_word' id='word_1_172' title='bbox 3760 994 3894 1051; x_wconf 82' lang='grc' dir='ltr'>ἐπι-</span> 
     </span>
    </p>
   </div>
   <div class='ocr_carea' id='block_1_25' title="bbox 2239 1080 3899 1163">
    <p class='ocr_par' dir='ltr' id='par_1_25' title="bbox 2239 1080 3899 1163">
     <span class='ocr_line' id='line_1_25' title="bbox 2239 1080 3899 1163; baseline 0.001 -26"><span class='ocrx_word' id='word_1_173' title='bbox 2239 1080 2554 1161; x_wconf 68' lang='grc' dir='ltr'>μέμφεσθαι.</span> <span class='ocrx_word' id='word_1_174' title='bbox 2649 1086 2776 1142; x_wconf 87' lang='grc' dir='ltr'>Οθεν</span> <span class='ocrx_word' id='word_1_175' title='bbox 2847 1082 3106 1148; x_wconf 81' lang='grc' dir='ltr'>πολλάκις</span> <span class='ocrx_word' id='word_1_176' title='bbox 3177 1083 3231 1139; x_wconf 76' lang='grc' dir='ltr'>ἒν</span> <span class='ocrx_word' id='word_1_177' title='bbox 3301 1086 3472 1160; x_wconf 75' lang='grc' dir='ltr'>ἑαυτῷ</span> <span class='ocrx_word' id='word_1_178' title='bbox 3547 1083 3899 1163; x_wconf 83' lang='grc' dir='ltr'>λογιζόμενος</span> 
     </span>
    </p>
   </div>
   <div class='ocr_carea' id='block_1_26' title="bbox 2236 1170 3905 1251">
    <p class='ocr_par' dir='ltr' id='par_1_26' title="bbox 2236 1170 3905 1251">
     <span class='ocr_line' id='line_1_26' title="bbox 2236 1170 3905 1251; baseline 0.002 -26"><span class='ocrx_word' id='word_1_179' title='bbox 2236 1170 2334 1237; x_wconf 78' lang='grc' dir='ltr'>τὴν</span> <span class='ocrx_word' id='word_1_180' title='bbox 2383 1174 2481 1237; x_wconf 76' lang='grc' dir='ltr'><strong>τῆς</strong></span> <span class='ocrx_word' id='word_1_181' title='bbox 2529 1172 2758 1251; x_wconf 76' lang='grc' dir='ltr'>ἡσυχίας</span> <span class='ocrx_word' id='word_1_182' title='bbox 2811 1171 3137 1250; x_wconf 82' lang='grc' dir='ltr'>γλυκύτητα,</span> <span class='ocrx_word' id='word_1_183' title='bbox 3189 1174 3278 1229; x_wconf 85' lang='grc' dir='ltr'><strong>καὶ</strong></span> <span class='ocrx_word' id='word_1_184' title='bbox 3330 1174 3391 1229; x_wconf 76' lang='grc' dir='ltr'>τὸ</span> <span class='ocrx_word' id='word_1_185' title='bbox 3443 1178 3542 1240; x_wconf 76' lang='grc' dir='ltr'><strong>τῆς</strong></span> <span class='ocrx_word' id='word_1_186' title='bbox 3591 1172 3905 1247; x_wconf 85' lang='grc' dir='ltr'>ἆκτημοσύ-</span> 
     </span>
    </p>
   </div>
   <div class='ocr_carea' id='block_1_27' title="bbox 2236 1258 3900 1342">
    <p class='ocr_par' dir='ltr' id='par_1_27' title="bbox 2236 1258 3900 1342">
     <span class='ocr_line' id='line_1_27' title="bbox 2236 1258 3900 1342; baseline 0.001 -28"><span class='ocrx_word' id='word_1_187' title='bbox 2236 1281 2332 1325; x_wconf 92' lang='grc' dir='ltr'><strong>νης</strong></span> <span class='ocrx_word' id='word_1_188' title='bbox 2395 1258 2705 1339; x_wconf 74' lang='grc' dir='ltr'>ἀμέριμνον,</span> <span class='ocrx_word' id='word_1_189' title='bbox 2760 1262 2848 1317; x_wconf 81' lang='grc' dir='ltr'><strong>καὶ</strong></span> <span class='ocrx_word' id='word_1_190' title='bbox 2904 1260 2984 1316; x_wconf 82' lang='grc' dir='ltr'><strong>ὅτι</strong></span> <span class='ocrx_word' id='word_1_191' title='bbox 3042 1263 3071 1317; x_wconf 81' lang='grc' dir='ltr'>ὁ</span> <span class='ocrx_word' id='word_1_192' title='bbox 3124 1262 3424 1337; x_wconf 77' lang='grc' dir='ltr'>καθήμενος</span> <span class='ocrx_word' id='word_1_193' title='bbox 3473 1263 3608 1338; x_wconf 81' lang='grc' dir='ltr'>μετᾶ</span> <span class='ocrx_word' id='word_1_194' title='bbox 3654 1260 3900 1342; x_wconf 65' lang='grc' dir='ltr'>ἀδελφῶν</span> 
     </span>
    </p>
   </div>
   <div class='ocr_carea' id='block_1_28' title="bbox 2236 1348 3902 1431">
    <p class='ocr_par' dir='ltr' id='par_1_28' title="bbox 2236 1348 3902 1431">
     <span class='ocr_line' id='line_1_28' title="bbox 2236 1348 3902 1431; baseline 0.001 -27"><span class='ocrx_word' id='word_1_195' title='bbox 2236 1348 2535 1426; x_wconf 78' lang='grc' dir='ltr'>ἀγωνιστὴς</span> <span class='ocrx_word' id='word_1_196' title='bbox 2612 1350 2685 1413; x_wconf 84' lang='grc' dir='ltr'>εἷς</span> <span class='ocrx_word' id='word_1_197' title='bbox 2756 1350 2947 1430; x_wconf 77' lang='grc' dir='ltr'>ἀρετὴν</span> <span class='ocrx_word' id='word_1_198' title='bbox 3017 1353 3077 1409; x_wconf 76' lang='grc' dir='ltr'>οὐ</span> <span class='ocrx_word' id='word_1_199' title='bbox 3144 1351 3463 1431; x_wconf 74' lang='grc' dir='ltr'>προκόπτει,</span> <span class='ocrx_word' id='word_1_200' title='bbox 3537 1352 3623 1429; x_wconf 77' lang='grc' dir='ltr'>βῖα</span> <span class='ocrx_word' id='word_1_201' title='bbox 3679 1348 3902 1429; x_wconf 78' lang='grc' dir='ltr'>μέτοιγέ</span> 
     </span>
    </p>
   </div>
   <div class='ocr_carea' id='block_1_29' title="bbox 2237 1438 3897 1518">
    <p class='ocr_par' dir='ltr' id='par_1_29' title="bbox 2237 1438 3897 1518">
     <span class='ocr_line' id='line_1_29' title="bbox 2237 1438 3897 1518; baseline 0.001 -25"><span class='ocrx_word' id='word_1_202' title='bbox 2237 1460 2318 1494; x_wconf 90' lang='grc' dir='ltr'><strong>τοι</strong></span> <span class='ocrx_word' id='word_1_203' title='bbox 2408 1438 2496 1494; x_wconf 86' lang='grc' dir='ltr'><strong>καὶ</strong></span> <span class='ocrx_word' id='word_1_204' title='bbox 2581 1440 2843 1518; x_wconf 72' lang='grc' dir='ltr'>ὑστερήσῃ</span> <span class='ocrx_word' id='word_1_205' title='bbox 2878 1458 2894 1474; x_wconf 76' lang='grc' dir='ltr'><strong>ο</strong></span> <span class='ocrx_word' id='word_1_206' title='bbox 2991 1446 3156 1498; x_wconf 82' lang='grc' dir='ltr'>ταῦτα</span> <span class='ocrx_word' id='word_1_207' title='bbox 3247 1441 3420 1497; x_wconf 81' lang='grc' dir='ltr'>πάντα</span> <span class='ocrx_word' id='word_1_208' title='bbox 3514 1440 3897 1516; x_wconf 81' lang='grc' dir='ltr'>ἐνθυμούμενος</span> 
     </span>
    </p>
   </div>
   <div class='ocr_carea' id='block_1_30' title="bbox 2238 1525 3902 1609">
    <p class='ocr_par' dir='ltr' id='par_1_30' title="bbox 2238 1525 3902 1609">
     <span class='ocr_line' id='line_1_30' title="bbox 2238 1525 3902 1609; baseline 0.001 -27"><span class='ocrx_word' id='word_1_209' title='bbox 2238 1525 2571 1607; x_wconf 76' lang='grc' dir='ltr'>ἐδυσχέραινε</span> <span class='ocrx_word' id='word_1_210' title='bbox 2625 1526 2821 1608; x_wconf 79' lang='grc' dir='ltr'>σφόδρα</span> <span class='ocrx_word' id='word_1_211' title='bbox 2873 1535 2943 1605; x_wconf 78' lang='grc' dir='ltr'><strong>τῇ</strong></span> <span class='ocrx_word' id='word_1_212' title='bbox 2998 1535 3101 1585; x_wconf 82' lang='grc' dir='ltr'><strong>τῶν</strong></span> <span class='ocrx_word' id='word_1_213' title='bbox 3157 1528 3368 1586; x_wconf 81' lang='grc' dir='ltr'>πολλῶν</span> <span class='ocrx_word' id='word_1_214' title='bbox 3427 1531 3748 1609; x_wconf 68' lang='grc' dir='ltr'>συνοικήσει,</span> <span class='ocrx_word' id='word_1_215' title='bbox 3804 1529 3902 1585; x_wconf 86' lang='grc' dir='ltr'><strong>καὶ</strong></span> 
     </span>
    </p>
   </div>
   <div class='ocr_carea' id='block_1_31' title="bbox 509 1606 2156 1699">
    <p class='ocr_par' dir='ltr' id='par_1_31' title="bbox 509 1606 2156 1699">
     <span class='ocr_line' id='line_1_31' title="bbox 509 1606 2156 1699; baseline -0.002 -26"><span class='ocrx_word' id='word_1_216' title='bbox 509 1628 642 1674; x_wconf 89' lang='lat' dir='ltr'><strong>esse</strong></span> <span class='ocrx_word' id='word_1_217' title='bbox 673 1611 791 1699; x_wconf 86' lang='lat' dir='ltr'><strong>sibi</strong></span> <span class='ocrx_word' id='word_1_218' title='bbox 841 1606 1060 1674; x_wconf 81' lang='lat' dir='ltr'><strong>multos</strong></span> <span class='ocrx_word' id='word_1_219' title='bbox 1088 1609 1470 1699; x_wconf 85' lang='lat' dir='ltr'><strong>habitationis</strong></span> <span class='ocrx_word' id='word_1_220' title='bbox 1513 1609 1728 1679; x_wconf 87' lang='lat' dir='ltr'><strong>socios,</strong></span> <span class='ocrx_word' id='word_1_221' title='bbox 1782 1616 1841 1699; x_wconf 78' lang='lat' dir='ltr'><strong>et</strong></span> <span class='ocrx_word' id='word_1_222' title='bbox 1888 1609 1982 1699; x_wconf 85' lang='lat' dir='ltr'><strong>vel</strong></span> <span class='ocrx_word' id='word_1_223' title='bbox 2027 1609 2156 1687; x_wconf 90' lang='lat' dir='ltr'><strong>ipsa</strong></span> 
     </span>
    </p>
   </div>
   <div class='ocr_carea' id='block_1_32' title="bbox 2240 1606 3899 1699">
    <p class='ocr_par' dir='ltr' id='par_1_32' title="bbox 2240 1606 3899 1699">
     <span class='ocr_line' id='line_1_32' title="bbox 2240 1606 3899 1699; baseline 0.002 -30"><span class='ocrx_word' id='word_1_224' title='bbox 2240 1606 2435 1695; x_wconf 65' lang='grc' dir='ltr'>ἤχθετο</span> <span class='ocrx_word' id='word_1_225' title='bbox 2468 1615 2629 1695; x_wconf 76' lang='grc' dir='ltr'>μέχρι</span> <span class='ocrx_word' id='word_1_226' title='bbox 2673 1606 2768 1672; x_wconf 39' lang='grc' dir='ltr'><strong>-καῖ</strong></span> <span class='ocrx_word' id='word_1_227' title='bbox 2812 1622 2912 1683; x_wconf 80' lang='grc' dir='ltr'>τῆς</span> <span class='ocrx_word' id='word_1_228' title='bbox 2972 1616 3143 1673; x_wconf 66' lang='grc' dir='ltr'>αὐτῶν</span> <span class='ocrx_word' id='word_1_229' title='bbox 3202 1619 3510 1699; x_wconf 77' lang='grc' dir='ltr'>συντυχίας,</span> <span class='ocrx_word' id='word_1_230' title='bbox 3562 1620 3636 1682; x_wconf 81' lang='grc' dir='ltr'>ὡς</span> <span class='ocrx_word' id='word_1_231' title='bbox 3666 1606 3899 1694; x_wconf 73' lang='grc' dir='ltr'>ἐμποδι-</span> 
     </span>
    </p>
   </div>
   <div class='ocr_carea' id='block_1_33' title="bbox 510 1682 2156 1786">
    <p class='ocr_par' dir='ltr' id='par_1_33' title="bbox 510 1682 2152 1786">
     <span class='ocr_line' id='line_1_33' title="bbox 510 1682 2152 1786; baseline -0.004 -24"><span class='ocrx_word' id='word_1_232' title='bbox 510 1718 646 1762; x_wconf 90' lang='lat' dir='ltr'><strong>cum</strong></span> <span class='ocrx_word' id='word_1_233' title='bbox 679 1698 767 1762; x_wconf 92' lang='lat' dir='ltr'><strong>eis</strong></span> <span class='ocrx_word' id='word_1_234' title='bbox 818 1699 1134 1762; x_wconf 91' lang='lat' dir='ltr'><strong>collocutio</strong></span> <span class='ocrx_word' id='word_1_235' title='bbox 1187 1698 1442 1759; x_wconf 90' lang='lat' dir='ltr'><strong>molesta</strong></span> <span class='ocrx_word' id='word_1_236' title='bbox 1486 1704 1630 1786; x_wconf 86' lang='lat' dir='ltr'><strong>erat,</strong></span> <span class='ocrx_word' id='word_1_237' title='bbox 1686 1696 1841 1786; x_wconf 80' lang='lat' dir='ltr'><strong>quod</strong></span> <span class='ocrx_word' id='word_1_238' title='bbox 1890 1682 2152 1786; x_wconf 61' lang='lat' dir='ltr'><strong>impelli-</strong></span> 
     </span>
    </p>
   </div>
   <div class='ocr_carea' id='block_1_34' title="bbox 2240 1682 3897 1786">
    <p class='ocr_par' dir='ltr' id='par_1_34' title="bbox 2240 1702 3897 1786">
     <span class='ocr_line' id='line_1_34' title="bbox 2240 1702 3897 1786; baseline 0.001 -27"><span class='ocrx_word' id='word_1_239' title='bbox 2240 1704 2429 1774; x_wconf 81' lang='grc' dir='ltr'>ζούσης</span> <span class='ocrx_word' id='word_1_240' title='bbox 2481 1705 2636 1762; x_wconf 77' lang='grc' dir='ltr'>αὐτὸν</span> <span class='ocrx_word' id='word_1_241' title='bbox 2692 1708 2790 1772; x_wconf 80' lang='grc' dir='ltr'><strong>τῆς</strong></span> <span class='ocrx_word' id='word_1_242' title='bbox 2849 1704 2985 1761; x_wconf 79' lang='grc' dir='ltr'>κατὰ</span> <span class='ocrx_word' id='word_1_243' title='bbox 3043 1712 3162 1762; x_wconf 80' lang='grc' dir='ltr'>νοῦν</span> <span class='ocrx_word' id='word_1_244' title='bbox 3220 1707 3462 1786; x_wconf 81' lang='grc' dir='ltr'>θεωρίας,</span> <span class='ocrx_word' id='word_1_245' title='bbox 3495 1708 3583 1763; x_wconf 84' lang='grc' dir='ltr'>καὶ</span> <span class='ocrx_word' id='word_1_246' title='bbox 3611 1710 3709 1773; x_wconf 81' lang='grc' dir='ltr'>τῆς</span> <span class='ocrx_word' id='word_1_247' title='bbox 3740 1702 3897 1761; x_wconf 75' lang='grc' dir='ltr'>ἔνδο-</span> 
     </span>
    </p>
   </div>
   <div class='ocr_carea' id='block_1_35' title="bbox 506 1783 2156 1875">
    <p class='ocr_par' dir='ltr' id='par_1_35' title="bbox 506 1783 2155 1875">
     <span class='ocr_line' id='line_1_35' title="bbox 506 1783 2155 1875; baseline -0.004 -25"><span class='ocrx_word' id='word_1_248' title='bbox 506 1794 707 1850; x_wconf 89' lang='lat' dir='ltr'><strong>mento</strong></span> <span class='ocrx_word' id='word_1_249' title='bbox 740 1796 899 1850; x_wconf 88' lang='lat' dir='ltr'><strong>esset</strong></span> <span class='ocrx_word' id='word_1_250' title='bbox 926 1786 1300 1849; x_wconf 87' lang='lat' dir='ltr'><strong>meditationi</strong></span> <span class='ocrx_word' id='word_1_251' title='bbox 1352 1785 1702 1875; x_wconf 87' lang='lat' dir='ltr'><strong>mentis,_et</strong></span> <span class='ocrx_word' id='word_1_252' title='bbox 1730 1783 2155 1875; x_wconf 71' lang='lat' dir='ltr'><strong>intuslatentis</strong></span> 
     </span>
    </p>
   </div>
   <div class='ocr_carea' id='block_1_36' title="bbox 2240 1783 3899 1875">
    <p class='ocr_par' dir='ltr' id='par_1_36' title="bbox 2240 1783 3899 1875">
     <span class='ocr_line' id='line_1_36' title="bbox 2240 1783 3899 1875; baseline 0 -27"><span class='ocrx_word' id='word_1_253' title='bbox 2240 1794 2322 1848; x_wconf 85' lang='grc' dir='ltr'><strong>θεν</strong></span> <span class='ocrx_word' id='word_1_254' title='bbox 2351 1797 2588 1871; x_wconf 80' lang='grc' dir='ltr'>κρυπτῆς</span> <span class='ocrx_word' id='word_1_255' title='bbox 2637 1792 2882 1871; x_wconf 80' lang='grc' dir='ltr'>ἐργασίας</span> <span class='ocrx_word' id='word_1_256' title='bbox 2915 1810 2929 1824; x_wconf 93' lang='grc'><strong>·</strong></span> <span class='ocrx_word' id='word_1_257' title='bbox 2978 1794 3046 1860; x_wconf 81' lang='grc' dir='ltr'><strong>ἧς</strong></span> <span class='ocrx_word' id='word_1_258' title='bbox 3097 1794 3248 1869; x_wconf 85' lang='grc' dir='ltr'>μόνοι</span> <span class='ocrx_word' id='word_1_259' title='bbox 3298 1783 3637 1875; x_wconf 80' lang='grc' dir='ltr'>πεπείρανται</span> <span class='ocrx_word' id='word_1_260' title='bbox 3696 1789 3899 1872; x_wconf 79' lang='grc' dir='ltr'>οἱπερὶ</span> 
     </span>
    </p>
   </div>
   <div class='ocr_carea' id='block_1_37' title="bbox 507 1872 2156 1961">
    <p class='ocr_par' dir='ltr' id='par_1_37' title="bbox 507 1872 2156 1961">
     <span class='ocr_line' id='line_1_37' title="bbox 507 1872 2156 1961; baseline -0.002 -23"><span class='ocrx_word' id='word_1_261' title='bbox 507 1875 782 1951; x_wconf 87' lang='lat' dir='ltr'><strong>actionis,</strong></span> <span class='ocrx_word' id='word_1_262' title='bbox 816 1895 991 1959; x_wconf 90' lang='lat' dir='ltr'><strong>quam</strong></span> <span class='ocrx_word' id='word_1_263' title='bbox 1022 1875 1249 1956; x_wconf 87' lang='lat' dir='ltr'><strong>experti</strong></span> <span class='ocrx_word' id='word_1_264' title='bbox 1274 1874 1387 1937; x_wconf 72' lang='lat' dir='ltr'><strong>:ioli</strong></span> <span class='ocrx_word' id='word_1_265' title='bbox 1420 1882 1557 1935; x_wconf 89' lang='lat' dir='ltr'><strong>sunt</strong></span> <span class='ocrx_word' id='word_1_266' title='bbox 1604 1872 1727 1935; x_wconf 93' lang='lat' dir='ltr'><strong>Deo</strong></span> <span class='ocrx_word' id='word_1_267' title='bbox 1761 1872 1921 1961; x_wconf 82' lang='lat' dir='ltr'><strong>pleni</strong></span> <span class='ocrx_word' id='word_1_268' title='bbox 1955 1872 2156 1936; x_wconf 85' lang='lat' dir='ltr'><strong>Patres</strong></span> 
     </span>
    </p>
   </div>
   <div class='ocr_carea' id='block_1_38' title="bbox 2240 1872 3898 1961">
    <p class='ocr_par' dir='ltr' id='par_1_38' title="bbox 2240 1872 3898 1961">
     <span class='ocr_line' id='line_1_38' title="bbox 2240 1872 3898 1961; baseline 0 -24"><span class='ocrx_word' id='word_1_269' title='bbox 2240 1877 2545 1957; x_wconf 85' lang='grc' dir='ltr'>Ἀντώνιον,</span> <span class='ocrx_word' id='word_1_270' title='bbox 2599 1882 2688 1937; x_wconf 85' lang='grc' dir='ltr'><strong>καὶ</strong></span> <span class='ocrx_word' id='word_1_271' title='bbox 2744 1879 3035 1961; x_wconf 81' lang='grc' dir='ltr'>Ἀρσένιον,</span> <span class='ocrx_word' id='word_1_272' title='bbox 3090 1884 3179 1939; x_wconf 86' lang='grc' dir='ltr'><strong>καὶ</strong></span> <span class='ocrx_word' id='word_1_273' title='bbox 3229 1872 3482 1951; x_wconf 84' lang='grc' dir='ltr'>Ἰωάννην</span> <span class='ocrx_word' id='word_1_274' title='bbox 3526 1885 3617 1940; x_wconf 84' lang='grc' dir='ltr'>τὸν</span> <span class='ocrx_word' id='word_1_275' title='bbox 3668 1879 3898 1941; x_wconf 76' lang='grc' dir='ltr'>Καλυϐί-</span> 
     </span>
    </p>
   </div>
   <div class='ocr_carea' id='block_1_39' title="bbox 506 1960 2156 2050">
    <p class='ocr_par' dir='ltr' id='par_1_39' title="bbox 506 1960 2156 2050">
     <span class='ocr_line' id='line_1_39' title="bbox 506 1960 2156 2050; baseline -0.004 -22"><span class='ocrx_word' id='word_1_276' title='bbox 506 1965 824 2038; x_wconf 87' lang='lat' dir='ltr'><strong>Antonius,</strong></span> <span class='ocrx_word' id='word_1_277' title='bbox 859 1966 1152 2029; x_wconf 88' lang='lat' dir='ltr'><strong>Arsenius</strong></span> <span class='ocrx_word' id='word_1_278' title='bbox 1181 1971 1239 2025; x_wconf 90' lang='lat' dir='ltr'><strong>et</strong></span> <span class='ocrx_word' id='word_1_279' title='bbox 1265 1962 1526 2025; x_wconf 85' lang='lat' dir='ltr'><strong>Joannes</strong></span> <span class='ocrx_word' id='word_1_280' title='bbox 1548 1962 1648 2025; x_wconf 89' lang='lat' dir='ltr'><strong>Cal</strong></span> <span class='ocrx_word' id='word_1_281' title='bbox 1659 1961 1842 2040; x_wconf 74' lang='lat' dir='ltr'><strong>ybila.</strong></span> <span class='ocrx_word' id='word_1_282' title='bbox 1863 1960 1909 2024; x_wconf 93' lang='lat' dir='ltr'><strong>E</strong></span> <span class='ocrx_word' id='word_1_283' title='bbox 1931 1970 2156 2050; x_wconf 85' lang='lat' dir='ltr'><strong>contra-</strong></span> 
     </span>
    </p>
   </div>
   <div class='ocr_carea' id='block_1_40' title="bbox 2240 1960 3898 2050">
    <p class='ocr_par' dir='ltr' id='par_1_40' title="bbox 2240 1960 3898 2050">
     <span class='ocr_line' id='line_1_40' title="bbox 2240 1960 3898 2050; baseline 0.002 -27"><span class='ocrx_word' id='word_1_284' title='bbox 2240 1991 2362 2048; x_wconf 84' lang='grc' dir='ltr'>την,</span> <span class='ocrx_word' id='word_1_285' title='bbox 2393 1970 2514 2032; x_wconf 77' lang='grc' dir='ltr'>τοὺς</span> <span class='ocrx_word' id='word_1_286' title='bbox 2544 1960 2821 2049; x_wconf 75' lang='grc' dir='ltr'>θεοφόρους</span> <span class='ocrx_word' id='word_1_287' title='bbox 2877 1969 3134 2050; x_wconf 86' lang='grc' dir='ltr'>Πατέρας.</span> <span class='ocrx_word' id='word_1_288' title='bbox 3183 1971 3396 2036; x_wconf 79' lang='grc' dir='ltr'>Τούτοις</span> <span class='ocrx_word' id='word_1_289' title='bbox 3438 1984 3557 2036; x_wconf 82' lang='grc' dir='ltr'>τοϊς</span> <span class='ocrx_word' id='word_1_290' title='bbox 3604 1970 3898 2050; x_wconf 74' lang='grc' dir='ltr'>λογισμοῖς</span> 
     </span>
    </p>
   </div>
   <div class='ocr_carea' id='block_1_41' title="bbox 506 2049 2154 2132">
    <p class='ocr_par' dir='ltr' id='par_1_41' title="bbox 506 2049 2154 2132">
     <span class='ocr_line' id='line_1_41' title="bbox 506 2049 2154 2132; baseline -0.002 -17"><span class='ocrx_word' id='word_1_291' title='bbox 506 2054 600 2115; x_wconf 88' lang='lat' dir='ltr'><strong>rio</strong></span> <span class='ocrx_word' id='word_1_292' title='bbox 629 2072 695 2116; x_wconf 87' lang='lat' dir='ltr'><strong>se</strong></span> <span class='ocrx_word' id='word_1_293' title='bbox 724 2054 1011 2116; x_wconf 79' lang='lat' dir='ltr'><strong>offerebat</strong></span> <span class='ocrx_word' id='word_1_294' title='bbox 1043 2054 1266 2125; x_wconf 88' lang='lat' dir='ltr'><strong>dictum</strong></span> <span class='ocrx_word' id='word_1_295' title='bbox 1315 2051 1463 2113; x_wconf 90' lang='lat' dir='ltr'><strong>illud</strong></span> <span class='ocrx_word' id='word_1_296' title='bbox 1513 2051 1778 2132; x_wconf 91' lang='lat' dir='ltr'><strong>Apostoli</strong></span> <span class='ocrx_word' id='word_1_297' title='bbox 1811 2067 1825 2114; x_wconf 91' lang='lat'><strong>:</strong></span> <span class='ocrx_word' id='word_1_298' title='bbox 1880 2074 1909 2107; x_wconf 77' lang='grc' dir='ltr'><strong>α</strong></span> <span class='ocrx_word' id='word_1_299' title='bbox 1942 2049 2154 2127; x_wconf 88' lang='lat' dir='ltr'><strong>Nemo,</strong></span> 
     </span>
    </p>
   </div>
   <div class='ocr_carea' id='block_1_42' title="bbox 511 2138 2161 2224">
    <p class='ocr_par' dir='ltr' id='par_1_42' title="bbox 511 2138 2161 2224">
     <span class='ocr_line' id='line_1_42' title="bbox 511 2138 2161 2224; baseline -0.003 -19"><span class='ocrx_word' id='word_1_300' title='bbox 511 2142 671 2224; x_wconf 88' lang='lat' dir='ltr'><strong>quod</strong></span> <span class='ocrx_word' id='word_1_301' title='bbox 701 2161 872 2204; x_wconf 88' lang='lat' dir='ltr'><strong>suum</strong></span> <span class='ocrx_word' id='word_1_302' title='bbox 903 2150 1014 2219; x_wconf 90' lang='lat' dir='ltr'><strong>est,</strong></span> <span class='ocrx_word' id='word_1_303' title='bbox 1068 2148 1312 2223; x_wconf 59' lang='lat' dir='ltr'><strong>quaerat,</strong></span> <span class='ocrx_word' id='word_1_304' title='bbox 1366 2140 1473 2203; x_wconf 90' lang='lat' dir='ltr'><strong>sed</strong></span> <span class='ocrx_word' id='word_1_305' title='bbox 1527 2138 1682 2220; x_wconf 88' lang='lat' dir='ltr'><strong>quod</strong></span> <span class='ocrx_word' id='word_1_306' title='bbox 1716 2139 2061 2213; x_wconf 86' lang='lat' dir='ltr'><strong>multorum,</strong></span> <span class='ocrx_word' id='word_1_307' title='bbox 2095 2148 2161 2200; x_wconf 86' lang='lat' dir='ltr'><strong>ut</strong></span> 
     </span>
    </p>
   </div>
   <div class='ocr_carea' id='block_1_43' title="bbox 511 2227 2154 2309">
    <p class='ocr_par' dir='ltr' id='par_1_43' title="bbox 511 2227 2154 2309">
     <span class='ocr_line' id='line_1_43' title="bbox 511 2227 2154 2309; baseline -0.002 -16"><span class='ocrx_word' id='word_1_308' title='bbox 511 2230 655 2293; x_wconf 85' lang='lat' dir='ltr'><strong>salvi</strong></span> <span class='ocrx_word' id='word_1_309' title='bbox 672 2231 905 2294; x_wconf 68' lang='lat' dir='ltr'><strong>ﬁant39.</strong></span> <span class='ocrx_word' id='word_1_310' title='bbox 939 2256 967 2288; x_wconf 68' lang='grc' dir='ltr'><strong><em>ι</em></strong></span> <span class='ocrx_word' id='word_1_311' title='bbox 984 2230 1188 2292; x_wconf 84' lang='lat' dir='ltr'><strong>Visum</strong></span> <span class='ocrx_word' id='word_1_312' title='bbox 1202 2248 1342 2309; x_wconf 88' lang='lat' dir='ltr'><strong>ergo</strong></span> <span class='ocrx_word' id='word_1_313' title='bbox 1362 2228 1574 2309; x_wconf 90' lang='lat' dir='ltr'><strong>estipsi</strong></span> <span class='ocrx_word' id='word_1_314' title='bbox 1592 2227 1918 2309; x_wconf 90' lang='lat' dir='ltr'><strong>periculum</strong></span> <span class='ocrx_word' id='word_1_315' title='bbox 1951 2246 2154 2290; x_wconf 90' lang='lat' dir='ltr'><strong>eorum</strong></span> 
     </span>
    </p>
   </div>
   <div class='ocr_carea' id='block_1_44' title="bbox 507 2315 2153 2401">
    <p class='ocr_par' dir='ltr' id='par_1_44' title="bbox 507 2315 2153 2401">
     <span class='ocr_line' id='line_1_44' title="bbox 507 2315 2153 2401; baseline -0.002 -20"><span class='ocrx_word' id='word_1_316' title='bbox 507 2318 809 2401; x_wconf 61' lang='grc' dir='ltr'>ἥιρει-ε,ζεὶ</span> <span class='ocrx_word' id='word_1_317' title='bbox 839 2319 982 2401; x_wconf 93' lang='lat' dir='ltr'><strong>quid</strong></span> <span class='ocrx_word' id='word_1_318' title='bbox 1012 2319 1099 2382; x_wconf 91' lang='lat' dir='ltr'><strong>eis</strong></span> <span class='ocrx_word' id='word_1_319' title='bbox 1127 2317 1372 2380; x_wconf 89' lang='lat' dir='ltr'><strong>absurdi</strong></span> <span class='ocrx_word' id='word_1_320' title='bbox 1402 2316 1788 2398; x_wconf 65' lang='lat' dir='ltr'><strong>praeciperet:</strong></span> <span class='ocrx_word' id='word_1_321' title='bbox 1823 2324 1885 2377; x_wconf 92' lang='lat' dir='ltr'><strong>ut</strong></span> <span class='ocrx_word' id='word_1_322' title='bbox 1912 2315 1963 2376; x_wconf 90' lang='lat' dir='ltr'><strong>si</strong></span> <span class='ocrx_word' id='word_1_323' title='bbox 1994 2316 2153 2401; x_wconf 73' lang='lat' dir='ltr'><strong>nullo</strong></span> 
     </span>
    </p>
   </div>
   <div class='ocr_carea' id='block_1_45' title="bbox 509 2404 2152 2483">
    <p class='ocr_par' dir='ltr' id='par_1_45' title="bbox 509 2404 2152 2483">
     <span class='ocr_line' id='line_1_45' title="bbox 509 2404 2152 2483; baseline -0.002 -12"><span class='ocrx_word' id='word_1_324' title='bbox 509 2408 780 2472; x_wconf 87' lang='lat' dir='ltr'><strong>adhibito</strong></span> <span class='ocrx_word' id='word_1_325' title='bbox 799 2409 1092 2483; x_wconf 80' lang='lat' dir='ltr'><strong>examine,</strong></span> <span class='ocrx_word' id='word_1_326' title='bbox 1118 2407 1282 2469; x_wconf 89' lang='lat' dir='ltr'><strong>nulla</strong></span> <span class='ocrx_word' id='word_1_327' title='bbox 1303 2406 1645 2469; x_wconf 89' lang='lat' dir='ltr'><strong>curiositate</strong></span> <span class='ocrx_word' id='word_1_328' title='bbox 1674 2404 2015 2467; x_wconf 88' lang='lat' dir='ltr'><strong>mandatum</strong></span> <span class='ocrx_word' id='word_1_329' title='bbox 2047 2424 2152 2467; x_wconf 90' lang='lat' dir='ltr'><strong>ac-</strong></span> 
     </span>
    </p>
   </div>
   <div class='ocr_carea' id='block_1_46' title="bbox 511 2492 2154 2578">
    <p class='ocr_par' dir='ltr' id='par_1_46' title="bbox 511 2492 2154 2578">
     <span class='ocr_line' id='line_1_46' title="bbox 511 2492 2154 2578; baseline -0.002 -20"><span class='ocrx_word' id='word_1_330' title='bbox 511 2496 801 2578; x_wconf 87' lang='lat' dir='ltr'><strong>ciperent,</strong></span> <span class='ocrx_word' id='word_1_331' title='bbox 835 2505 992 2560; x_wconf 91' lang='lat' dir='ltr'><strong>esset</strong></span> <span class='ocrx_word' id='word_1_332' title='bbox 1018 2495 1132 2558; x_wconf 90' lang='lat' dir='ltr'><strong>sibi</strong></span> <span class='ocrx_word' id='word_1_333' title='bbox 1164 2514 1299 2558; x_wconf 89' lang='lat' dir='ltr'><strong>cum</strong></span> <span class='ocrx_word' id='word_1_334' title='bbox 1331 2494 1404 2556; x_wconf 89' lang='lat' dir='ltr'><strong>iis</strong></span> <span class='ocrx_word' id='word_1_335' title='bbox 1454 2514 1571 2556; x_wconf 88' lang='lat' dir='ltr'><strong>una</strong></span> <span class='ocrx_word' id='word_1_336' title='bbox 1620 2493 1963 2568; x_wconf 88' lang='lat' dir='ltr'><strong>vivendum,</strong></span> <span class='ocrx_word' id='word_1_337' title='bbox 1997 2492 2154 2574; x_wconf 90' lang='lat' dir='ltr'><strong>quod</strong></span> 
     </span>
    </p>
   </div>
   <div class='ocr_carea' id='block_1_47' title="bbox 512 2582 2158 2667">
    <p class='ocr_par' dir='ltr' id='par_1_47' title="bbox 512 2582 2158 2667">
     <span class='ocr_line' id='line_1_47' title="bbox 512 2582 2158 2667; baseline -0.002 -19"><span class='ocrx_word' id='word_1_338' title='bbox 512 2603 585 2648; x_wconf 89' lang='lat' dir='ltr'><strong>ea</strong></span> <span class='ocrx_word' id='word_1_339' title='bbox 603 2586 832 2649; x_wconf 89' lang='lat' dir='ltr'><strong>ratione</strong></span> <span class='ocrx_word' id='word_1_340' title='bbox 849 2597 1091 2667; x_wconf 83' lang='lat' dir='ltr'><strong>possent</strong></span> <span class='ocrx_word' id='word_1_341' title='bbox 1115 2593 1173 2647; x_wconf 89' lang='lat' dir='ltr'><strong>et</strong></span> <span class='ocrx_word' id='word_1_342' title='bbox 1193 2583 1281 2646; x_wconf 89' lang='lat' dir='ltr'><strong>illi</strong></span> <span class='ocrx_word' id='word_1_343' title='bbox 1307 2582 1593 2664; x_wconf 89' lang='lat' dir='ltr'><strong>consequi</strong></span> <span class='ocrx_word' id='word_1_344' title='bbox 1620 2582 1868 2643; x_wconf 86' lang='lat' dir='ltr'><strong>salutem</strong></span> <span class='ocrx_word' id='word_1_345' title='bbox 1881 2632 1896 2663; x_wconf 95' lang='lat'><strong>,</strong></span> <span class='ocrx_word' id='word_1_346' title='bbox 1939 2589 1998 2643; x_wconf 90' lang='lat' dir='ltr'><strong>et</strong></span> <span class='ocrx_word' id='word_1_347' title='bbox 2027 2582 2158 2662; x_wconf 89' lang='lat' dir='ltr'><strong>ipse</strong></span> 
     </span>
    </p>
   </div>
   <div class='ocr_carea' id='block_1_48' title="bbox 513 2669 2160 2736">
    <p class='ocr_par' dir='ltr' id='par_1_48' title="bbox 513 2669 2160 2736">
     <span class='ocr_line' id='line_1_48' title="bbox 513 2669 2160 2736; baseline -0.004 1"><span class='ocrx_word' id='word_1_348' title='bbox 513 2693 548 2736; x_wconf 88' lang='lat' dir='ltr'><strong>a</strong></span> <span class='ocrx_word' id='word_1_349' title='bbox 575 2692 682 2736; x_wconf 91' lang='lat' dir='ltr'><strong>suo</strong></span> <span class='ocrx_word' id='word_1_350' title='bbox 709 2674 973 2736; x_wconf 88' lang='lat' dir='ltr'><strong>instituto</strong></span> <span class='ocrx_word' id='word_1_351' title='bbox 1002 2693 1121 2735; x_wconf 92' lang='lat' dir='ltr'><strong>non</strong></span> <span class='ocrx_word' id='word_1_352' title='bbox 1151 2673 1436 2735; x_wconf 89' lang='lat' dir='ltr'><strong>recedere</strong></span> <span class='ocrx_word' id='word_1_353' title='bbox 1464 2693 1484 2733; x_wconf 91' lang='lat'><strong><em>:</em></strong></span> <span class='ocrx_word' id='word_1_354' title='bbox 1542 2669 1591 2731; x_wconf 90' lang='lat' dir='ltr'><strong>si</strong></span> <span class='ocrx_word' id='word_1_355' title='bbox 1625 2688 1762 2731; x_wconf 89' lang='lat' dir='ltr'><strong>vero</strong></span> <span class='ocrx_word' id='word_1_356' title='bbox 1794 2677 1999 2731; x_wconf 91' lang='lat' dir='ltr'><strong>contra</strong></span> <span class='ocrx_word' id='word_1_357' title='bbox 2029 2688 2160 2732; x_wconf 88' lang='lat' dir='ltr'><strong>eve-</strong></span> 
     </span>
    </p>
   </div>
   <div class='ocr_carea' id='block_1_49' title="bbox 514 2756 2157 2843">
    <p class='ocr_par' dir='ltr' id='par_1_49' title="bbox 514 2756 2157 2843">
     <span class='ocr_line' id='line_1_49' title="bbox 514 2756 2157 2843; baseline -0.003 -18"><span class='ocrx_word' id='word_1_358' title='bbox 514 2762 690 2836; x_wconf 88' lang='lat' dir='ltr'><strong>niret,</strong></span> <span class='ocrx_word' id='word_1_359' title='bbox 724 2762 1094 2843; x_wconf 75' lang='lat' dir='ltr'><strong>praeferenda</strong></span> <span class='ocrx_word' id='word_1_360' title='bbox 1145 2768 1305 2822; x_wconf 91' lang='lat' dir='ltr'><strong>esset</strong></span> <span class='ocrx_word' id='word_1_361' title='bbox 1350 2758 1628 2821; x_wconf 79' lang='lat' dir='ltr'><strong>solitudo.</strong></span> <span class='ocrx_word' id='word_1_362' title='bbox 1682 2756 1849 2820; x_wconf 88' lang='lat' dir='ltr'><strong>Hanc</strong></span> <span class='ocrx_word' id='word_1_363' title='bbox 1874 2758 2055 2837; x_wconf 77' lang='lat' dir='ltr'><strong>igitur</strong></span> <span class='ocrx_word' id='word_1_364' title='bbox 2083 2758 2157 2820; x_wconf 94' lang='lat' dir='ltr'><strong>ob</strong></span> 
     </span>
    </p>
   </div>
   <div class='ocr_carea' id='block_1_50' title="bbox 2241 2056 3903 2135">
    <p class='ocr_par' dir='ltr' id='par_1_50' title="bbox 2241 2056 3903 2135">
     <span class='ocr_line' id='line_1_50' title="bbox 2241 2056 3903 2135; baseline 0.004 -24"><span class='ocrx_word' id='word_1_365' title='bbox 2241 2056 2584 2135; x_wconf 71' lang='grc' dir='ltr'>ἆντεισῆγετο</span> <span class='ocrx_word' id='word_1_366' title='bbox 2610 2059 2673 2113; x_wconf 78' lang='grc' dir='ltr'>τὸ</span> <span class='ocrx_word' id='word_1_367' title='bbox 2727 2064 2820 2115; x_wconf 81' lang='grc' dir='ltr'><strong>τοῦ</strong></span> <span class='ocrx_word' id='word_1_368' title='bbox 2871 2058 3199 2118; x_wconf 85' lang='grc' dir='ltr'>Ἀποστόλου</span> <span class='ocrx_word' id='word_1_369' title='bbox 3232 2079 3247 2093; x_wconf 79' lang='grc'><strong>⁸</strong></span> <span class='ocrx_word' id='word_1_370' title='bbox 3315 2082 3341 2117; x_wconf 78' lang='grc' dir='ltr'>(ι</span> <span class='ocrx_word' id='word_1_371' title='bbox 3394 2058 3587 2127; x_wconf 79' lang='grc' dir='ltr'><strong>Μηδεὶς</strong></span> <span class='ocrx_word' id='word_1_372' title='bbox 3619 2062 3680 2116; x_wconf 77' lang='grc' dir='ltr'>τὸ</span> <span class='ocrx_word' id='word_1_373' title='bbox 3708 2060 3903 2135; x_wconf 64' lang='grc' dir='ltr'>ἑαυτοῦ</span> 
     </span>
    </p>
   </div>
   <div class='ocr_carea' id='block_1_51' title="bbox 2242 2130 3899 2221">
    <p class='ocr_par' dir='ltr' id='par_1_51' title="bbox 2242 2130 3899 2221">
     <span class='ocr_line' id='line_1_51' title="bbox 2242 2130 3899 2221; baseline 0.002 -21"><span class='ocrx_word' id='word_1_374' title='bbox 2242 2145 2484 2221; x_wconf 76' lang='grc' dir='ltr'>ζητείτω,</span> <span class='ocrx_word' id='word_1_375' title='bbox 2518 2144 2654 2202; x_wconf 81' lang='grc' dir='ltr'>ἀλλὰ</span> <span class='ocrx_word' id='word_1_376' title='bbox 2681 2147 2742 2202; x_wconf 79' lang='grc' dir='ltr'>τὸ</span> <span class='ocrx_word' id='word_1_377' title='bbox 2771 2152 2876 2204; x_wconf 85' lang='grc' dir='ltr'>τῶν</span> <span class='ocrx_word' id='word_1_378' title='bbox 2905 2145 3144 2221; x_wconf 81' lang='grc' dir='ltr'>πολλῶν,</span> <span class='ocrx_word' id='word_1_379' title='bbox 3174 2147 3270 2204; x_wconf 71' lang='grc' dir='ltr'><strong>ἵνα</strong></span> <span class='ocrx_word' id='word_1_380' title='bbox 3320 2152 3580 2212; x_wconf 82' lang='grc' dir='ltr'>σωθῶσιν.</span> <span class='ocrx_word' id='word_1_381' title='bbox 3634 2171 3662 2203; x_wconf 81' lang='grc'>»</span> <span class='ocrx_word' id='word_1_382' title='bbox 3714 2130 3899 2213; x_wconf 66' lang='grc' dir='ltr'>’Ἔδοξε</span> 
     </span>
    </p>
   </div>
   <div class='ocr_carea' id='block_1_52' title="bbox 2244 2234 3898 2315">
    <p class='ocr_par' dir='ltr' id='par_1_52' title="bbox 2244 2234 3898 2315">
     <span class='ocr_line' id='line_1_52' title="bbox 2244 2234 3898 2315; baseline 0.005 -27"><span class='ocrx_word' id='word_1_383' title='bbox 2244 2234 2411 2290; x_wconf 81' lang='grc' dir='ltr'>τοίνυν</span> <span class='ocrx_word' id='word_1_384' title='bbox 2474 2235 2615 2309; x_wconf 80' lang='grc' dir='ltr'><strong>αὖτῷ</strong></span> <span class='ocrx_word' id='word_1_385' title='bbox 2700 2235 2943 2314; x_wconf 86' lang='grc' dir='ltr'>πειράσαι</span> <span class='ocrx_word' id='word_1_386' title='bbox 3038 2236 3221 2301; x_wconf 72' lang='grc' dir='ltr'>αὖτοὺς</span> <span class='ocrx_word' id='word_1_387' title='bbox 3292 2234 3346 2292; x_wconf 75' lang='grc' dir='ltr'>ἕν</span> <span class='ocrx_word' id='word_1_388' title='bbox 3415 2259 3516 2293; x_wconf 91' lang='grc' dir='ltr'>τινι</span> <span class='ocrx_word' id='word_1_389' title='bbox 3586 2236 3898 2315; x_wconf 71' lang='grc' dir='ltr'>παραλόγου</span> 
     </span>
    </p>
   </div>
   <div class='ocr_carea' id='block_1_53' title="bbox 2247 2320 3901 2405">
    <p class='ocr_par' dir='ltr' id='par_1_53' title="bbox 2247 2320 3901 2405">
     <span class='ocr_line' id='line_1_53' title="bbox 2247 2320 3901 2405; baseline 0.002 -28"><span class='ocrx_word' id='word_1_390' title='bbox 2247 2320 2508 2400; x_wconf 76' lang='grc' dir='ltr'>ἐπιταγῆς</span> <span class='ocrx_word' id='word_1_391' title='bbox 2576 2322 2896 2402; x_wconf 78' lang='grc' dir='ltr'>πράγματι·</span> <span class='ocrx_word' id='word_1_392' title='bbox 2983 2326 3072 2381; x_wconf 87' lang='grc' dir='ltr'>καὶ</span> <span class='ocrx_word' id='word_1_393' title='bbox 3143 2326 3187 2380; x_wconf 78' lang='grc' dir='ltr'>εἰ</span> <span class='ocrx_word' id='word_1_394' title='bbox 3258 2323 3354 2401; x_wconf 78' lang='grc' dir='ltr'>μὲν</span> <span class='ocrx_word' id='word_1_395' title='bbox 3427 2324 3737 2405; x_wconf 82' lang='grc' dir='ltr'>ἆδιακρίτως</span> <span class='ocrx_word' id='word_1_396' title='bbox 3803 2326 3901 2381; x_wconf 81' lang='grc' dir='ltr'><strong>καὶ</strong></span> 
     </span>
    </p>
   </div>
   <div class='ocr_carea' id='block_1_54' title="bbox 2244 2408 3897 2491">
    <p class='ocr_par' dir='ltr' id='par_1_54' title="bbox 2244 2408 3897 2491">
     <span class='ocr_line' id='line_1_54' title="bbox 2244 2408 3897 2491; baseline 0.002 -26"><span class='ocrx_word' id='word_1_397' title='bbox 2244 2408 2733 2489; x_wconf 82' lang='grc' dir='ltr'>ἆπολυπραγμόνως</span> <span class='ocrx_word' id='word_1_398' title='bbox 2821 2414 3333 2491; x_wconf 79' lang='grc' dir='ltr'>συγκαταθήσονται,</span> <span class='ocrx_word' id='word_1_399' title='bbox 3424 2412 3707 2491; x_wconf 77' lang='grc' dir='ltr'>ἆρήσεσθαι</span> <span class='ocrx_word' id='word_1_400' title='bbox 3794 2413 3897 2482; x_wconf 83' lang='grc' dir='ltr'><strong>τήν</strong></span> 
     </span>
    </p>
   </div>
   <div class='ocr_carea' id='block_1_55' title="bbox 2241 2499 3891 2581">
    <p class='ocr_par' dir='ltr' id='par_1_55' title="bbox 2241 2499 3891 2581">
     <span class='ocr_line' id='line_1_55' title="bbox 2241 2499 3891 2581; baseline -0.001 -25"><span class='ocrx_word' id='word_1_401' title='bbox 2241 2501 2566 2573; x_wconf 72' lang='grc' dir='ltr'>ωνοίκησιν,</span> <span class='ocrx_word' id='word_1_402' title='bbox 2620 2502 2694 2564; x_wconf 83' lang='grc' dir='ltr'>ὡς</span> <span class='ocrx_word' id='word_1_403' title='bbox 2746 2502 2832 2557; x_wconf 86' lang='grc' dir='ltr'>καὶ</span> <span class='ocrx_word' id='word_1_404' title='bbox 2882 2502 3053 2560; x_wconf 71' lang='grc' dir='ltr'>αὐτῶν</span> <span class='ocrx_word' id='word_1_405' title='bbox 3105 2500 3243 2559; x_wconf 69' lang='grc' dir='ltr'>οὕτω</span> <span class='ocrx_word' id='word_1_406' title='bbox 3285 2499 3583 2577; x_wconf 81' lang='grc' dir='ltr'>δυναμένων</span> <span class='ocrx_word' id='word_1_407' title='bbox 3632 2504 3891 2581; x_wconf 80' lang='grc' dir='ltr'>σωθῆναι,</span> 
     </span>
    </p>
   </div>
   <div class='ocr_carea' id='block_1_56' title="bbox 2243 2586 3893 2671">
    <p class='ocr_par' dir='ltr' id='par_1_56' title="bbox 2243 2586 3893 2671">
     <span class='ocr_line' id='line_1_56' title="bbox 2243 2586 3893 2671; baseline 0.002 -30"><span class='ocrx_word' id='word_1_408' title='bbox 2243 2586 2490 2644; x_wconf 79' lang='grc' dir='ltr'>κάκεῖνον</span> <span class='ocrx_word' id='word_1_409' title='bbox 2519 2588 2617 2655; x_wconf 81' lang='grc' dir='ltr'>τὴν</span> <span class='ocrx_word' id='word_1_410' title='bbox 2645 2586 2774 2646; x_wconf 81' lang='grc' dir='ltr'>ἰδίαν</span> <span class='ocrx_word' id='word_1_411' title='bbox 2835 2588 2978 2656; x_wconf 80' lang='grc' dir='ltr'>τάξιν</span> <span class='ocrx_word' id='word_1_412' title='bbox 3033 2589 3251 2671; x_wconf 75' lang='grc' dir='ltr'>φυλάξαι</span> <span class='ocrx_word' id='word_1_413' title='bbox 3287 2605 3300 2620; x_wconf 84' lang='grc'><em>’</em></span> <span class='ocrx_word' id='word_1_414' title='bbox 3362 2592 3404 2646; x_wconf 76' lang='grc' dir='ltr'><strong>εἰ</strong></span> <span class='ocrx_word' id='word_1_415' title='bbox 3451 2588 3515 2646; x_wconf 80' lang='grc' dir='ltr'><strong>δά</strong></span> <span class='ocrx_word' id='word_1_416' title='bbox 3563 2612 3614 2647; x_wconf 93' lang='grc' dir='ltr'><strong>τι</strong></span> <span class='ocrx_word' id='word_1_417' title='bbox 3672 2589 3893 2668; x_wconf 78' lang='grc' dir='ltr'>γένηται</span> 
     </span>
    </p>
   </div>
   <div class='ocr_carea' id='block_1_57' title="bbox 2245 2677 3891 2760">
    <p class='ocr_par' dir='ltr' id='par_1_57' title="bbox 2245 2677 3891 2760">
     <span class='ocr_line' id='line_1_57' title="bbox 2245 2677 3891 2760; baseline 0.001 -29"><span class='ocrx_word' id='word_1_418' title='bbox 2245 2677 2567 2753; x_wconf 69' lang='grc' dir='ltr'>τούναντιον,</span> <span class='ocrx_word' id='word_1_419' title='bbox 2600 2679 2699 2745; x_wconf 78' lang='grc' dir='ltr'>τὴν</span> <span class='ocrx_word' id='word_1_420' title='bbox 2744 2678 3087 2760; x_wconf 82' lang='grc' dir='ltr'>ἀναχώρησιν</span> <span class='ocrx_word' id='word_1_421' title='bbox 3135 2684 3488 2759; x_wconf 77' lang='grc' dir='ltr'>προτιμῆσαι.</span> <span class='ocrx_word' id='word_1_422' title='bbox 3539 2679 3638 2735; x_wconf 82' lang='grc' dir='ltr'><strong>Διὰ</strong></span> <span class='ocrx_word' id='word_1_423' title='bbox 3693 2679 3891 2745; x_wconf 88' lang='grc' dir='ltr'>ταύτην</span> 
     </span>
    </p>
   </div>
   <div class='ocr_carea' id='block_1_58' title="bbox 2246 2765 3896 2845">
    <p class='ocr_par' dir='ltr' id='par_1_58' title="bbox 2246 2765 3896 2845">
     <span class='ocr_line' id='line_1_58' title="bbox 2246 2765 3896 2845; baseline 0.002 -26"><span class='ocrx_word' id='word_1_424' title='bbox 2246 2765 2335 2820; x_wconf 75' lang='grc' dir='ltr'><strong>οὖν</strong></span> <span class='ocrx_word' id='word_1_425' title='bbox 2392 2765 2490 2833; x_wconf 72' lang='grc' dir='ltr'>τὴν</span> <span class='ocrx_word' id='word_1_426' title='bbox 2542 2767 2709 2823; x_wconf 74' lang='grc' dir='ltr'>αἰτίαν</span> <span class='ocrx_word' id='word_1_427' title='bbox 2764 2773 2861 2845; x_wconf 79' lang='grc' dir='ltr'><strong>τῇς</strong></span> <span class='ocrx_word' id='word_1_428' title='bbox 2928 2770 3145 2836; x_wconf 80' lang='grc' dir='ltr'>ἑωθινης</span> <span class='ocrx_word' id='word_1_429' title='bbox 3200 2766 3461 2844; x_wconf 74' lang='grc' dir='ltr'>ὑμνῳδίαις</span> <span class='ocrx_word' id='word_1_430' title='bbox 3510 2766 3564 2823; x_wconf 81' lang='grc' dir='ltr'>ἐν</span> <span class='ocrx_word' id='word_1_431' title='bbox 3608 2774 3703 2844; x_wconf 85' lang='grc' dir='ltr'><strong>μιᾷ</strong></span> <span class='ocrx_word' id='word_1_432' title='bbox 3743 2765 3896 2823; x_wconf 79' lang='grc' dir='ltr'>τελε-</span> 
     </span>
    </p>
   </div>
   <div class='ocr_carea' id='block_1_59' title="bbox 517 2846 2156 2937">
    <p class='ocr_par' dir='ltr' id='par_1_59' title="bbox 517 2846 2156 2931">
     <span class='ocr_line' id='line_1_59' title="bbox 517 2846 2156 2931; baseline -0.003 -17"><span class='ocrx_word' id='word_1_433' title='bbox 517 2867 754 2914; x_wconf 88' lang='lat' dir='ltr'><strong>causam</strong></span> <span class='ocrx_word' id='word_1_434' title='bbox 781 2849 879 2913; x_wconf 91' lang='lat' dir='ltr'><strong>die</strong></span> <span class='ocrx_word' id='word_1_435' title='bbox 909 2849 1161 2931; x_wconf 89' lang='lat' dir='ltr'><strong>quadam</strong></span> <span class='ocrx_word' id='word_1_436' title='bbox 1218 2854 1455 2929; x_wconf 90' lang='lat' dir='ltr'><strong>peracto</strong></span> <span class='ocrx_word' id='word_1_437' title='bbox 1513 2846 1800 2908; x_wconf 88' lang='lat' dir='ltr'><strong>matutino</strong></span> <span class='ocrx_word' id='word_1_438' title='bbox 1858 2847 2054 2908; x_wconf 84' lang='lat' dir='ltr'><strong>ofﬁcio</strong></span> <span class='ocrx_word' id='word_1_439' title='bbox 2109 2855 2156 2909; x_wconf 88' lang='lat' dir='ltr'><strong>el</strong></span> 
     </span>
    </p>
   </div>
   <div class='ocr_carea' id='block_1_60' title="bbox 2240 2846 3893 2937">
    <p class='ocr_par' dir='ltr' id='par_1_60' title="bbox 2246 2852 3893 2937">
     <span class='ocr_line' id='line_1_60' title="bbox 2246 2852 3893 2937; baseline 0.002 -29"><span class='ocrx_word' id='word_1_440' title='bbox 2246 2852 2478 2934; x_wconf 89' lang='grc' dir='ltr'>σθείσης,</span> <span class='ocrx_word' id='word_1_441' title='bbox 2537 2856 2623 2911; x_wconf 86' lang='grc' dir='ltr'><strong>καὶ</strong></span> <span class='ocrx_word' id='word_1_442' title='bbox 2694 2856 2905 2914; x_wconf 81' lang='grc' dir='ltr'>πάντων</span> <span class='ocrx_word' id='word_1_443' title='bbox 2957 2855 3436 2937; x_wconf 80' lang='grc' dir='ltr'>συνηθροισμένων,</span> <span class='ocrx_word' id='word_1_444' title='bbox 3506 2855 3649 2936; x_wconf 78' lang='grc' dir='ltr'>λέγει</span> <span class='ocrx_word' id='word_1_445' title='bbox 3704 2858 3893 2920; x_wconf 74' lang='grc' dir='ltr'>αὐτοῖς</span> 
     </span>
    </p>
   </div>
   <div class='ocr_carea' id='block_1_61' title="bbox 517 2937 2156 3031">
    <p class='ocr_par' dir='ltr' id='par_1_61' title="bbox 517 2937 2156 3031">
     <span class='ocr_line' id='line_1_61' title="bbox 517 2937 2156 3031; baseline -0.003 -26"><span class='ocrx_word' id='word_1_446' title='bbox 517 2940 909 3024; x_wconf 68' lang='lat' dir='ltr'><strong>praesentibus</strong></span> <span class='ocrx_word' id='word_1_447' title='bbox 933 2940 1240 3031; x_wconf 67' lang='lat' dir='ltr'><strong>omnibus,</strong></span> <span class='ocrx_word' id='word_1_448' title='bbox 1273 2941 1438 3002; x_wconf 85' lang='lat' dir='ltr'><strong>hunc</strong></span> <span class='ocrx_word' id='word_1_449' title='bbox 1486 2956 1732 3031; x_wconf 84' lang='lat' dir='ltr'><strong>magnus</strong></span> <span class='ocrx_word' id='word_1_450' title='bbox 1762 2940 1935 3031; x_wconf 48' lang='lat' dir='ltr'><strong>[fater</strong></span> <span class='ocrx_word' id='word_1_451' title='bbox 1961 2937 2156 3031; x_wconf 83' lang='lat' dir='ltr'><strong>habuit</strong></span> 
     </span>
    </p>
   </div>
   <div class='ocr_carea' id='block_1_62' title="bbox 2240 2937 3900 3031">
    <p class='ocr_par' dir='ltr' id='par_1_62' title="bbox 2247 2941 3900 3031">
     <span class='ocr_line' id='line_1_62' title="bbox 2247 2941 3900 3031; baseline 0.002 -35"><span class='ocrx_word' id='word_1_452' title='bbox 2247 2942 2299 3031; x_wconf 18' lang='grc' dir='ltr'>ὁ,</span> <span class='ocrx_word' id='word_1_453' title='bbox 2325 2941 2494 3021; x_wconf 81' lang='grc' dir='ltr'>μέγας</span> <span class='ocrx_word' id='word_1_454' title='bbox 2528 2958 2543 2973; x_wconf 84' lang='grc'><strong><em>⁸</em></strong></span> <span class='ocrx_word' id='word_1_455' title='bbox 2605 2942 2843 3008; x_wconf 76' lang='grc' dir='ltr'>Πολλοὺς</span> <span class='ocrx_word' id='word_1_456' title='bbox 2898 2944 3219 3022; x_wconf 76' lang='grc' dir='ltr'>ἀμπελῶνας</span> <span class='ocrx_word' id='word_1_457' title='bbox 3261 2943 3678 3023; x_wconf 79' lang='grc' dir='ltr'>πεφυτεύκαμεν,</span> <span class='ocrx_word' id='word_1_458' title='bbox 3712 2944 3758 3000; x_wconf 84' lang='grc' dir='ltr'><strong>ὦ</strong></span> <span class='ocrx_word' id='word_1_459' title='bbox 3786 2950 3900 3000; x_wconf 83' lang='grc' dir='ltr'><strong>Πα-</strong></span> 
     </span>
    </p>
   </div>
   <div class='ocr_carea' id='block_1_63' title="bbox 517 3027 2156 3114">
    <p class='ocr_par' dir='ltr' id='par_1_63' title="bbox 517 3027 2156 3108">
     <span class='ocr_line' id='line_1_63' title="bbox 517 3027 2156 3108; baseline -0.002 -15"><span class='ocrx_word' id='word_1_460' title='bbox 517 3029 1170 3107; x_wconf 85' lang='lat' dir='ltr'><strong>sermonem:Vineta,</strong></span> <span class='ocrx_word' id='word_1_461' title='bbox 1230 3031 1456 3108; x_wconf 85' lang='lat' dir='ltr'><strong>Patres,</strong></span> <span class='ocrx_word' id='word_1_462' title='bbox 1510 3027 1697 3091; x_wconf 88' lang='lat' dir='ltr'><strong>multa</strong></span> <span class='ocrx_word' id='word_1_463' title='bbox 1746 3027 2156 3108; x_wconf 89' lang='lat' dir='ltr'><strong>plantavimus,</strong></span> 
     </span>
    </p>
   </div>
   <div class='ocr_carea' id='block_1_64' title="bbox 2240 3027 3895 3114">
    <p class='ocr_par' dir='ltr' id='par_1_64' title="bbox 2245 3029 3895 3114">
     <span class='ocr_line' id='line_1_64' title="bbox 2245 3029 3895 3114; baseline 0.001 -29"><span class='ocrx_word' id='word_1_464' title='bbox 2245 3029 2412 3110; x_wconf 78' lang='grc' dir='ltr'>τέρες,</span> <span class='ocrx_word' id='word_1_465' title='bbox 2448 3032 2535 3088; x_wconf 86' lang='grc' dir='ltr'><strong>καὶ</strong></span> <span class='ocrx_word' id='word_1_466' title='bbox 2581 3042 2734 3092; x_wconf 79' lang='grc' dir='ltr'>τοῦτο</span> <span class='ocrx_word' id='word_1_467' title='bbox 2793 3032 3054 3114; x_wconf 84' lang='grc' dir='ltr'>λογίζεται</span> <span class='ocrx_word' id='word_1_468' title='bbox 3113 3036 3247 3110; x_wconf 76' lang='grc' dir='ltr'>ἡμῖν</span> <span class='ocrx_word' id='word_1_469' title='bbox 3305 3035 3378 3097; x_wconf 86' lang='grc' dir='ltr'>ὡς</span> <span class='ocrx_word' id='word_1_470' title='bbox 3435 3031 3725 3105; x_wconf 76' lang='grc' dir='ltr'>πλεονεξία,</span> <span class='ocrx_word' id='word_1_471' title='bbox 3761 3031 3895 3089; x_wconf 83' lang='grc' dir='ltr'>διότι</span> 
     </span>
    </p>
   </div>
   <div class='ocr_carea' id='block_1_65' title="bbox 516 3116 2156 3202">
    <p class='ocr_par' dir='ltr' id='par_1_65' title="bbox 516 3116 2156 3201">
     <span class='ocr_line' id='line_1_65' title="bbox 516 3116 2156 3201; baseline -0.002 -18"><span class='ocrx_word' id='word_1_472' title='bbox 516 3119 700 3201; x_wconf 90' lang='lat' dir='ltr'><strong>idque</strong></span> <span class='ocrx_word' id='word_1_473' title='bbox 730 3118 902 3181; x_wconf 90' lang='lat' dir='ltr'><strong>nobis</strong></span> <span class='ocrx_word' id='word_1_474' title='bbox 930 3118 1189 3181; x_wconf 60' lang='lat' dir='ltr'><strong>avaritiae</strong></span> <span class='ocrx_word' id='word_1_475' title='bbox 1219 3116 1520 3192; x_wconf 87' lang='lat' dir='ltr'><strong>tribuitur,</strong></span> <span class='ocrx_word' id='word_1_476' title='bbox 1572 3134 1645 3178; x_wconf 93' lang='lat' dir='ltr'><strong>eo</strong></span> <span class='ocrx_word' id='word_1_477' title='bbox 1676 3116 1834 3197; x_wconf 91' lang='lat' dir='ltr'><strong>quod</strong></span> <span class='ocrx_word' id='word_1_478' title='bbox 1864 3117 1985 3178; x_wconf 90' lang='lat' dir='ltr'><strong>sint</strong></span> <span class='ocrx_word' id='word_1_479' title='bbox 2013 3117 2156 3179; x_wconf 89' lang='lat' dir='ltr'><strong>ultra</strong></span> 
     </span>
    </p>
   </div>
   <div class='ocr_carea' id='block_1_66' title="bbox 2240 3116 3889 3202">
    <p class='ocr_par' dir='ltr' id='par_1_66' title="bbox 2245 3117 3889 3202">
     <span class='ocr_line' id='line_1_66' title="bbox 2245 3117 3889 3202; baseline 0.001 -26"><span class='ocrx_word' id='word_1_480' title='bbox 2245 3117 2407 3177; x_wconf 81' lang='grc' dir='ltr'>πλέον</span> <span class='ocrx_word' id='word_1_481' title='bbox 2474 3125 2573 3188; x_wconf 77' lang='grc' dir='ltr'><strong>τῆς</strong></span> <span class='ocrx_word' id='word_1_482' title='bbox 2643 3124 2825 3202; x_wconf 82' lang='grc' dir='ltr'>χρείας</span> <span class='ocrx_word' id='word_1_483' title='bbox 2892 3126 3047 3200; x_wconf 79' lang='grc' dir='ltr'>ἡμῶν</span> <span class='ocrx_word' id='word_1_484' title='bbox 3117 3123 3482 3199; x_wconf 71' lang='grc' dir='ltr'>ἐκτησάμεθα,</span> <span class='ocrx_word' id='word_1_485' title='bbox 3560 3127 3717 3177; x_wconf 80' lang='grc' dir='ltr'>Δεῦτε</span> <span class='ocrx_word' id='word_1_486' title='bbox 3786 3120 3889 3177; x_wconf 86' lang='grc' dir='ltr'>κό-</span> 
     </span>
    </p>
   </div>
   <div class='ocr_carea' id='block_1_67' title="bbox 519 3204 2162 3285">
    <p class='ocr_par' dir='ltr' id='par_1_67' title="bbox 519 3204 2162 3285">
     <span class='ocr_line' id='line_1_67' title="bbox 519 3204 2162 3285; baseline -0.002 -14"><span class='ocrx_word' id='word_1_487' title='bbox 519 3208 763 3271; x_wconf 90' lang='lat' dir='ltr'><strong>modum</strong></span> <span class='ocrx_word' id='word_1_488' title='bbox 793 3214 1012 3271; x_wconf 63' lang='lat' dir='ltr'><strong>nostra:</strong></span> <span class='ocrx_word' id='word_1_489' title='bbox 1052 3205 1423 3285; x_wconf 81' lang='lat' dir='ltr'><strong>indigentiae.</strong></span> <span class='ocrx_word' id='word_1_490' title='bbox 1473 3204 1814 3285; x_wconf 81' lang='lat' dir='ltr'><strong>Agitedum,</strong></span> <span class='ocrx_word' id='word_1_491' title='bbox 1869 3204 2162 3268; x_wconf 76' lang='lat' dir='ltr'><strong>caedamus</strong></span> 
     </span>
    </p>
   </div>
   <div class='ocr_carea' id='block_1_68' title="bbox 519 3293 2161 3381">
    <p class='ocr_par' dir='ltr' id='par_1_68' title="bbox 519 3293 2161 3381">
     <span class='ocr_line' id='line_1_68' title="bbox 519 3293 2161 3381; baseline -0.002 -21"><span class='ocrx_word' id='word_1_492' title='bbox 519 3304 751 3379; x_wconf 88' lang='lat' dir='ltr'><strong>partem</strong></span> <span class='ocrx_word' id='word_1_493' title='bbox 776 3314 1005 3381; x_wconf 87' lang='lat' dir='ltr'><strong>eorum,</strong></span> <span class='ocrx_word' id='word_1_494' title='bbox 1061 3312 1174 3359; x_wconf 91' lang='lat' dir='ltr'><strong>nec</strong></span> <span class='ocrx_word' id='word_1_495' title='bbox 1223 3293 1656 3378; x_wconf 88' lang='lat' dir='ltr'><strong>relinquamus,</strong></span> <span class='ocrx_word' id='word_1_496' title='bbox 1703 3293 1820 3356; x_wconf 89' lang='lat' dir='ltr'><strong>nisi</strong></span> <span class='ocrx_word' id='word_1_497' title='bbox 1849 3294 2007 3377; x_wconf 91' lang='lat' dir='ltr'><strong>quod</strong></span> <span class='ocrx_word' id='word_1_498' title='bbox 2038 3295 2161 3357; x_wconf 83' lang='lat' dir='ltr'><strong>suf-</strong></span> 
     </span>
    </p>
   </div>
   <div class='ocr_carea' id='block_1_69' title="bbox 518 3386 667 3450">
    <p class='ocr_par' dir='ltr' id='par_1_69' title="bbox 518 3386 667 3450">
     <span class='ocr_line' id='line_1_69' title="bbox 518 3386 667 3450; baseline 0 -1"><span class='ocrx_word' id='word_1_499' title='bbox 518 3386 667 3450; x_wconf 86' lang='lat' dir='ltr'><strong>ﬁcit.</strong></span> 
     </span>
    </p>
   </div>
   <div class='ocr_carea' id='block_1_70' title="bbox 595 3472 2159 3551">
    <p class='ocr_par' dir='ltr' id='par_1_70' title="bbox 595 3472 2159 3551">
     <span class='ocr_line' id='line_1_70' title="bbox 595 3472 2159 3551; baseline -0.002 -12"><span class='ocrx_word' id='word_1_500' title='bbox 595 3476 701 3539; x_wconf 80' lang='grc'><strong>45.</strong></span> <span class='ocrx_word' id='word_1_501' title='bbox 732 3475 839 3539; x_wconf 86' lang='lat' dir='ltr'><strong>His</strong></span> <span class='ocrx_word' id='word_1_502' title='bbox 868 3474 1066 3551; x_wconf 90' lang='lat' dir='ltr'><strong>dictis,</strong></span> <span class='ocrx_word' id='word_1_503' title='bbox 1101 3493 1234 3538; x_wconf 88' lang='lat' dir='ltr'><strong>cum</strong></span> <span class='ocrx_word' id='word_1_504' title='bbox 1287 3472 1535 3536; x_wconf 88' lang='lat' dir='ltr'><strong>vidisset</strong></span> <span class='ocrx_word' id='word_1_505' title='bbox 1560 3472 1694 3535; x_wconf 93' lang='lat' dir='ltr'><strong>illos</strong></span> <span class='ocrx_word' id='word_1_506' title='bbox 1724 3490 1842 3536; x_wconf 92' lang='lat' dir='ltr'><strong>non</strong></span> <span class='ocrx_word' id='word_1_507' title='bbox 1872 3472 2159 3551; x_wconf 90' lang='lat' dir='ltr'><strong>abnuere,</strong></span> 
     </span>
    </p>
   </div>
   <div class='ocr_carea' id='block_1_71' title="bbox 516 3562 2161 3644">
    <p class='ocr_par' dir='ltr' id='par_1_71' title="bbox 516 3562 2161 3644">
     <span class='ocr_line' id='line_1_71' title="bbox 516 3562 2161 3644; baseline -0.002 -17"><span class='ocrx_word' id='word_1_508' title='bbox 516 3564 776 3628; x_wconf 91' lang='lat' dir='ltr'><strong>securim</strong></span> <span class='ocrx_word' id='word_1_509' title='bbox 807 3564 1077 3627; x_wconf 90' lang='lat' dir='ltr'><strong>humeris</strong></span> <span class='ocrx_word' id='word_1_510' title='bbox 1109 3562 1332 3627; x_wconf 89' lang='lat' dir='ltr'><strong>tollens</strong></span> <span class='ocrx_word' id='word_1_511' title='bbox 1362 3564 1621 3644; x_wconf 86' lang='lat' dir='ltr'><strong>perrexit</strong></span> <span class='ocrx_word' id='word_1_512' title='bbox 1649 3562 1724 3625; x_wconf 89' lang='lat' dir='ltr'><strong>ad</strong></span> <span class='ocrx_word' id='word_1_513' title='bbox 1757 3562 2161 3644; x_wconf 90' lang='lat' dir='ltr'><strong>pulchriorem</strong></span> 
     </span>
    </p>
   </div>
   <div class='ocr_carea' id='block_1_72' title="bbox 517 3651 2160 3733">
    <p class='ocr_par' dir='ltr' id='par_1_72' title="bbox 517 3651 2160 3733">
     <span class='ocr_line' id='line_1_72' title="bbox 517 3651 2160 3733; baseline -0.002 -17"><span class='ocrx_word' id='word_1_514' title='bbox 517 3661 577 3717; x_wconf 86' lang='lat' dir='ltr'><strong>et</strong></span> <span class='ocrx_word' id='word_1_515' title='bbox 650 3653 992 3716; x_wconf 90' lang='lat' dir='ltr'><strong>uberiorem</strong></span> <span class='ocrx_word' id='word_1_516' title='bbox 1019 3653 1211 3715; x_wconf 71' lang='lat' dir='ltr'><strong>vineae</strong></span> <span class='ocrx_word' id='word_1_517' title='bbox 1255 3661 1504 3733; x_wconf 87' lang='lat' dir='ltr'><strong>partem,</strong></span> <span class='ocrx_word' id='word_1_518' title='bbox 1564 3651 1796 3713; x_wconf 89' lang='lat' dir='ltr'><strong>cunctis</strong></span> <span class='ocrx_word' id='word_1_519' title='bbox 1852 3659 1983 3732; x_wconf 88' lang='lat' dir='ltr'><strong>post</strong></span> <span class='ocrx_word' id='word_1_520' title='bbox 2024 3671 2160 3713; x_wconf 88' lang='lat' dir='ltr'><strong>eum</strong></span> 
     </span>
    </p>
   </div>
   <div class='ocr_carea' id='block_1_73' title="bbox 512 3740 2162 3824">
    <p class='ocr_par' dir='ltr' id='par_1_73' title="bbox 512 3740 2162 3824">
     <span class='ocr_line' id='line_1_73' title="bbox 512 3740 2162 3824; baseline -0.002 -19"><span class='ocrx_word' id='word_1_521' title='bbox 512 3742 987 3824; x_wconf 88' lang='lat' dir='ltr'><strong>insequentibus,</strong></span> <span class='ocrx_word' id='word_1_522' title='bbox 1020 3758 1099 3806; x_wconf 88' lang='lat' dir='ltr'><strong>ne</strong></span> <span class='ocrx_word' id='word_1_523' title='bbox 1127 3740 1308 3803; x_wconf 91' lang='lat' dir='ltr'><strong>verbo</strong></span> <span class='ocrx_word' id='word_1_524' title='bbox 1338 3740 1578 3822; x_wconf 90' lang='lat' dir='ltr'><strong>quidem</strong></span> <span class='ocrx_word' id='word_1_525' title='bbox 1610 3759 1730 3803; x_wconf 90' lang='lat' dir='ltr'><strong>uno</strong></span> <span class='ocrx_word' id='word_1_526' title='bbox 1756 3741 2008 3822; x_wconf 89' lang='lat' dir='ltr'><strong>prolato.</strong></span> <span class='ocrx_word' id='word_1_527' title='bbox 2039 3740 2162 3803; x_wconf 89' lang='lat' dir='ltr'><strong>Nec</strong></span> 
     </span>
    </p>
   </div>
   <div class='ocr_carea' id='block_1_74' title="bbox 518 3827 2159 3911">
    <p class='ocr_par' dir='ltr' id='par_1_74' title="bbox 518 3827 2159 3911">
     <span class='ocr_line' id='line_1_74' title="bbox 518 3827 2159 3911; baseline -0.002 -17"><span class='ocrx_word' id='word_1_528' title='bbox 518 3831 678 3894; x_wconf 89' lang='lat' dir='ltr'><strong>enim</strong></span> <span class='ocrx_word' id='word_1_529' title='bbox 708 3830 1018 3894; x_wconf 83' lang='lat' dir='ltr'><strong>dixerunt:</strong></span> <span class='ocrx_word' id='word_1_530' title='bbox 1046 3829 1300 3897; x_wconf 64' lang='lat' dir='ltr'><strong>~Insanit</strong></span> <span class='ocrx_word' id='word_1_531' title='bbox 1344 3829 1522 3891; x_wconf 91' lang='lat' dir='ltr'><strong>homo</strong></span> <span class='ocrx_word' id='word_1_532' title='bbox 1566 3827 1701 3905; x_wconf 91' lang='lat' dir='ltr'><strong>iste,</strong></span> <span class='ocrx_word' id='word_1_533' title='bbox 1754 3830 1964 3910; x_wconf 85' lang='lat' dir='ltr'><strong>nescit,</strong></span> <span class='ocrx_word' id='word_1_534' title='bbox 2016 3829 2159 3911; x_wconf 92' lang='lat' dir='ltr'><strong>quid</strong></span> 
     </span>
    </p>
   </div>
   <div class='ocr_carea' id='block_1_75' title="bbox 515 3918 2153 4002">
    <p class='ocr_par' dir='ltr' id='par_1_75' title="bbox 515 3918 2153 4002">
     <span class='ocr_line' id='line_1_75' title="bbox 515 3918 2153 4002; baseline -0.001 -18"><span class='ocrx_word' id='word_1_535' title='bbox 515 3929 669 4002; x_wconf 83' lang='lat' dir='ltr'><strong>agat,</strong></span> <span class='ocrx_word' id='word_1_536' title='bbox 700 3921 815 3985; x_wconf 89' lang='lat' dir='ltr'><strong>hoc</strong></span> <span class='ocrx_word' id='word_1_537' title='bbox 835 3938 1137 4001; x_wconf 87' lang='lat' dir='ltr'><strong>nunquam</strong></span> <span class='ocrx_word' id='word_1_538' title='bbox 1165 3918 1378 3996; x_wconf 89' lang='lat' dir='ltr'><strong>visum,</strong></span> <span class='ocrx_word' id='word_1_539' title='bbox 1410 3937 1713 4000; x_wconf 88' lang='lat' dir='ltr'><strong>nunquam</strong></span> <span class='ocrx_word' id='word_1_540' title='bbox 1737 3918 2000 3980; x_wconf 89' lang='lat' dir='ltr'><strong>auditum</strong></span> <span class='ocrx_word' id='word_1_541' title='bbox 2020 3928 2110 3982; x_wconf 90' lang='lat' dir='ltr'><strong>est</strong></span> <span class='ocrx_word' id='word_1_542' title='bbox 2139 3940 2153 3983; x_wconf 93' lang='lat'><strong>:</strong></span> 
     </span>
    </p>
   </div>
   <div class='ocr_carea' id='block_1_76' title="bbox 516 4006 2161 4090">
    <p class='ocr_par' dir='ltr' id='par_1_76' title="bbox 516 4006 2161 4090">
     <span class='ocr_line' id='line_1_76' title="bbox 516 4006 2161 4090; baseline 0 -20"><span class='ocrx_word' id='word_1_543' title='bbox 516 4007 622 4071; x_wconf 84' lang='lat' dir='ltr'><strong>sed</strong></span> <span class='ocrx_word' id='word_1_544' title='bbox 654 4007 807 4070; x_wconf 86' lang='lat' dir='ltr'><strong>facta</strong></span> <span class='ocrx_word' id='word_1_545' title='bbox 836 4007 1001 4090; x_wconf 88' lang='lat' dir='ltr'><strong>prius</strong></span> <span class='ocrx_word' id='word_1_546' title='bbox 1048 4007 1316 4069; x_wconf 89' lang='lat' dir='ltr'><strong>oratione</strong></span> <span class='ocrx_word' id='word_1_547' title='bbox 1364 4012 1678 4086; x_wconf 89' lang='lat' dir='ltr'><strong>coeperunt</strong></span> <span class='ocrx_word' id='word_1_548' title='bbox 1726 4024 1901 4069; x_wconf 91' lang='lat' dir='ltr'><strong>mane</strong></span> <span class='ocrx_word' id='word_1_549' title='bbox 1931 4006 2161 4070; x_wconf 85' lang='lat' dir='ltr'><strong>caedere</strong></span> 
     </span>
    </p>
   </div>
   <div class='ocr_carea' id='block_1_77' title="bbox 517 4093 2160 4178">
    <p class='ocr_par' dir='ltr' id='par_1_77' title="bbox 517 4093 2160 4178">
     <span class='ocr_line' id='line_1_77' title="bbox 517 4093 2160 4178; baseline 0 -19"><span class='ocrx_word' id='word_1_550' title='bbox 517 4114 708 4178; x_wconf 88' lang='lat' dir='ltr'><strong>usque</strong></span> <span class='ocrx_word' id='word_1_551' title='bbox 728 4096 801 4158; x_wconf 89' lang='lat' dir='ltr'><strong>ad</strong></span> <span class='ocrx_word' id='word_1_552' title='bbox 829 4096 1036 4157; x_wconf 90' lang='lat' dir='ltr'><strong>horam</strong></span> <span class='ocrx_word' id='word_1_553' title='bbox 1061 4095 1321 4159; x_wconf 90' lang='lat' dir='ltr'><strong>tertiam.</strong></span> <span class='ocrx_word' id='word_1_554' title='bbox 1341 4094 1508 4157; x_wconf 91' lang='lat' dir='ltr'><strong>Tunc</strong></span> <span class='ocrx_word' id='word_1_555' title='bbox 1535 4093 1732 4172; x_wconf 88' lang='lat' dir='ltr'><strong>Pater,</strong></span> <span class='ocrx_word' id='word_1_556' title='bbox 1774 4096 1972 4175; x_wconf 85' lang='lat' dir='ltr'><strong>agnita</strong></span> <span class='ocrx_word' id='word_1_557' title='bbox 2001 4095 2160 4159; x_wconf 82' lang='lat' dir='ltr'><strong>filio.-</strong></span> 
     </span>
    </p>
   </div>
   <div class='ocr_carea' id='block_1_78' title="bbox 519 4182 2156 4266">
    <p class='ocr_par' dir='ltr' id='par_1_78' title="bbox 519 4182 2156 4266">
     <span class='ocr_line' id='line_1_78' title="bbox 519 4182 2156 4266; baseline -0.001 -18"><span class='ocrx_word' id='word_1_558' title='bbox 519 4204 656 4248; x_wconf 91' lang='lat' dir='ltr'><strong>rum</strong></span> <span class='ocrx_word' id='word_1_559' title='bbox 681 4183 1042 4265; x_wconf 88' lang='lat' dir='ltr'><strong>obedientia,</strong></span> <span class='ocrx_word' id='word_1_560' title='bbox 1064 4202 1195 4266; x_wconf 73' lang='lat' dir='ltr'><strong>quae</strong></span> <span class='ocrx_word' id='word_1_561' title='bbox 1217 4183 1488 4265; x_wconf 90' lang='lat' dir='ltr'><strong>antiquas</strong></span> <span class='ocrx_word' id='word_1_562' title='bbox 1503 4182 1780 4246; x_wconf 89' lang='lat' dir='ltr'><strong>historias</strong></span> <span class='ocrx_word' id='word_1_563' title='bbox 1803 4192 2156 4266; x_wconf 83' lang='lat' dir='ltr'><strong>exaequaret,</strong></span> 
     </span>
    </p>
   </div>
   <div class='ocr_carea' id='block_1_79' title="bbox 2244 3207 3891 3290">
    <p class='ocr_par' dir='ltr' id='par_1_79' title="bbox 2244 3207 3891 3290">
     <span class='ocr_line' id='line_1_79' title="bbox 2244 3207 3891 3290; baseline 0.001 -25"><span class='ocrx_word' id='word_1_564' title='bbox 2244 3211 2431 3283; x_wconf 79' lang='grc' dir='ltr'>ψωμεν</span> <span class='ocrx_word' id='word_1_565' title='bbox 2475 3207 2526 3276; x_wconf 77' lang='grc' dir='ltr'>ἐξ</span> <span class='ocrx_word' id='word_1_566' title='bbox 2569 3210 2761 3289; x_wconf 68' lang='grc' dir='ltr'>αὐτῶν,</span> <span class='ocrx_word' id='word_1_567' title='bbox 2817 3213 2905 3270; x_wconf 82' lang='grc' dir='ltr'><strong>καὶ</strong></span> <span class='ocrx_word' id='word_1_568' title='bbox 2952 3215 3029 3290; x_wconf 80' lang='grc' dir='ltr'>μὴ</span> <span class='ocrx_word' id='word_1_569' title='bbox 3088 3213 3325 3290; x_wconf 79' lang='grc' dir='ltr'>ἐάσωμεν</span> <span class='ocrx_word' id='word_1_570' title='bbox 3384 3212 3427 3268; x_wconf 75' lang='grc' dir='ltr'><strong>εἰ</strong></span> <span class='ocrx_word' id='word_1_571' title='bbox 3477 3210 3554 3287; x_wconf 77' lang='grc' dir='ltr'><strong>μὴ</strong></span> <span class='ocrx_word' id='word_1_572' title='bbox 3612 3210 3770 3287; x_wconf 87' lang='grc' dir='ltr'>μόνον</span> <span class='ocrx_word' id='word_1_573' title='bbox 3827 3211 3891 3268; x_wconf 80' lang='grc' dir='ltr'>τὸ</span> 
     </span>
    </p>
   </div>
   <div class='ocr_carea' id='block_1_80' title="bbox 2243 3294 2519 3379">
    <p class='ocr_par' dir='ltr' id='par_1_80' title="bbox 2243 3294 2519 3379">
     <span class='ocr_line' id='line_1_80' title="bbox 2243 3294 2519 3379; baseline 0 -24"><span class='ocrx_word' id='word_1_574' title='bbox 2243 3294 2519 3379; x_wconf 67' lang='grc' dir='ltr'>αὔταρκες,</span> 
     </span>
    </p>
   </div>
   <div class='ocr_carea' id='block_1_81' title="bbox 2324 3464 3890 3559">
    <p class='ocr_par' dir='ltr' id='par_1_81' title="bbox 2324 3464 3890 3559">
     <span class='ocr_line' id='line_1_81' title="bbox 2324 3464 3890 3559; baseline -0.002 -21"><span class='ocrx_word' id='word_1_575' title='bbox 2324 3464 2432 3551; x_wconf 68' lang='grc' dir='ltr'>με’.</span> <span class='ocrx_word' id='word_1_576' title='bbox 2493 3482 2666 3536; x_wconf 79' lang='grc' dir='ltr'>Ταῦτα</span> <span class='ocrx_word' id='word_1_577' title='bbox 2720 3479 2904 3554; x_wconf 74' lang='grc' dir='ltr'>εἰπὼν,</span> <span class='ocrx_word' id='word_1_578' title='bbox 2961 3480 3049 3536; x_wconf 86' lang='grc' dir='ltr'><strong>καὶ</strong></span> <span class='ocrx_word' id='word_1_579' title='bbox 3103 3477 3223 3537; x_wconf 80' lang='grc' dir='ltr'>ἰδὼν</span> <span class='ocrx_word' id='word_1_580' title='bbox 3281 3479 3362 3552; x_wconf 75' lang='grc' dir='ltr'><strong>ὅτι</strong></span> <span class='ocrx_word' id='word_1_581' title='bbox 3404 3478 3890 3559; x_wconf 81' lang='grc' dir='ltr'>συγκατατίθενται,</span> 
     </span>
    </p>
   </div>
   <div class='ocr_carea' id='block_1_82' title="bbox 2242 3561 3892 3647">
    <p class='ocr_par' dir='ltr' id='par_1_82' title="bbox 2242 3561 3892 3647">
     <span class='ocr_line' id='line_1_82' title="bbox 2242 3561 3892 3647; baseline 0.009 -27"><span class='ocrx_word' id='word_1_582' title='bbox 2242 3561 2371 3646; x_wconf 71' lang='grc' dir='ltr'>ἄρας</span> <span class='ocrx_word' id='word_1_583' title='bbox 2425 3566 2518 3622; x_wconf 84' lang='grc' dir='ltr'><strong>τὸν</strong></span> <span class='ocrx_word' id='word_1_584' title='bbox 2571 3566 2794 3624; x_wconf 81' lang='grc' dir='ltr'>πέλεκυν</span> <span class='ocrx_word' id='word_1_585' title='bbox 2849 3568 2933 3625; x_wconf 79' lang='grc' dir='ltr'><strong>ἐπὶ</strong></span> <span class='ocrx_word' id='word_1_586' title='bbox 3004 3573 3110 3624; x_wconf 84' lang='grc' dir='ltr'><strong>τῶν</strong></span> <span class='ocrx_word' id='word_1_587' title='bbox 3187 3568 3348 3646; x_wconf 81' lang='grc' dir='ltr'>ὤμων</span> <span class='ocrx_word' id='word_1_588' title='bbox 3406 3572 3584 3643; x_wconf 75' lang='grc' dir='ltr'>αὐτοῦ,</span> <span class='ocrx_word' id='word_1_589' title='bbox 3643 3567 3892 3647; x_wconf 77' lang='grc' dir='ltr'>ὥρμησεν</span> 
     </span>
    </p>
   </div>
   <div class='ocr_carea' id='block_1_83' title="bbox 2243 3654 3894 3738">
    <p class='ocr_par' dir='ltr' id='par_1_83' title="bbox 2243 3654 3894 3738">
     <span class='ocr_line' id='line_1_83' title="bbox 2243 3654 3894 3738; baseline -0.001 -26"><span class='ocrx_word' id='word_1_590' title='bbox 2243 3654 2329 3712; x_wconf 80' lang='grc' dir='ltr'>ἐπὶ</span> <span class='ocrx_word' id='word_1_591' title='bbox 2376 3656 2438 3712; x_wconf 80' lang='grc' dir='ltr'>τὸ</span> <span class='ocrx_word' id='word_1_592' title='bbox 2486 3654 2701 3714; x_wconf 78' lang='grc' dir='ltr'>κάλλιον</span> <span class='ocrx_word' id='word_1_593' title='bbox 2753 3659 2841 3714; x_wconf 86' lang='grc' dir='ltr'><strong>καὶ</strong></span> <span class='ocrx_word' id='word_1_594' title='bbox 2891 3656 3241 3738; x_wconf 76' lang='grc' dir='ltr'>εὔφορώτερον</span> <span class='ocrx_word' id='word_1_595' title='bbox 3295 3658 3453 3738; x_wconf 81' lang='grc' dir='ltr'>μέρος</span> <span class='ocrx_word' id='word_1_596' title='bbox 3499 3663 3592 3715; x_wconf 80' lang='grc' dir='ltr'><strong>τοῦ</strong></span> <span class='ocrx_word' id='word_1_597' title='bbox 3641 3654 3894 3732; x_wconf 84' lang='grc' dir='ltr'>ἀμπελῶ-</span> 
     </span>
    </p>
   </div>
   <div class='ocr_carea' id='block_1_84' title="bbox 2240 3743 3881 3820">
    <p class='ocr_par' dir='ltr' id='par_1_84' title="bbox 2240 3743 3881 3820">
     <span class='ocr_line' id='line_1_84' title="bbox 2240 3743 3881 3820; baseline -0.001 -19"><span class='ocrx_word' id='word_1_598' title='bbox 2240 3765 2329 3808; x_wconf 89' lang='grc' dir='ltr'><strong>νος</strong></span> <span class='ocrx_word' id='word_1_599' title='bbox 2362 3759 2377 3774; x_wconf 88' lang='grc'><strong><em>⁸</em></strong></span> <span class='ocrx_word' id='word_1_600' title='bbox 2446 3745 2642 3820; x_wconf 81' lang='grc' dir='ltr'>ὁμοίως</span> <span class='ocrx_word' id='word_1_601' title='bbox 2715 3744 2780 3813; x_wconf 77' lang='grc' dir='ltr'>δὴ</span> <span class='ocrx_word' id='word_1_602' title='bbox 2852 3749 2940 3802; x_wconf 85' lang='grc' dir='ltr'><strong>καὶ</strong></span> <span class='ocrx_word' id='word_1_603' title='bbox 3013 3746 3157 3803; x_wconf 75' lang='grc' dir='ltr'>αὒτοὶ</span> <span class='ocrx_word' id='word_1_604' title='bbox 3231 3747 3460 3809; x_wconf 78' lang='grc' dir='ltr'>ἅπαντες</span> <span class='ocrx_word' id='word_1_605' title='bbox 3512 3743 3881 3813; x_wconf 76' lang='grc' dir='ltr'>ἧλολούθησαν</span> 
     </span>
    </p>
   </div>
   <div class='ocr_carea' id='block_1_85' title="bbox 2240 3831 3897 3914">
    <p class='ocr_par' dir='ltr' id='par_1_85' title="bbox 2240 3831 3897 3914">
     <span class='ocr_line' id='line_1_85' title="bbox 2240 3831 3897 3914; baseline 0.001 -25"><span class='ocrx_word' id='word_1_606' title='bbox 2240 3833 2409 3890; x_wconf 84' lang='grc' dir='ltr'>ὀπίσω</span> <span class='ocrx_word' id='word_1_607' title='bbox 2435 3835 2613 3914; x_wconf 70' lang='grc' dir='ltr'>αὐτοῦ,</span> <span class='ocrx_word' id='word_1_608' title='bbox 2654 3836 2708 3892; x_wconf 85' lang='grc' dir='ltr'>ἓν</span> <span class='ocrx_word' id='word_1_609' title='bbox 2763 3835 2908 3913; x_wconf 78' lang='grc' dir='ltr'>ῥῆμα</span> <span class='ocrx_word' id='word_1_610' title='bbox 2961 3836 3050 3891; x_wconf 86' lang='grc' dir='ltr'><strong>καὶ</strong></span> <span class='ocrx_word' id='word_1_611' title='bbox 3106 3835 3266 3912; x_wconf 87' lang='grc' dir='ltr'>μόνον</span> <span class='ocrx_word' id='word_1_612' title='bbox 3318 3836 3395 3913; x_wconf 75' lang='grc' dir='ltr'>μὴ</span> <span class='ocrx_word' id='word_1_613' title='bbox 3450 3831 3698 3913; x_wconf 77' lang='grc' dir='ltr'>ῥήξαντες</span> <span class='ocrx_word' id='word_1_614' title='bbox 3731 3852 3746 3867; x_wconf 86' lang='grc'>⁶</span> <span class='ocrx_word' id='word_1_615' title='bbox 3805 3834 3897 3890; x_wconf 83' lang='grc' dir='ltr'><strong>καὶ</strong></span> 
     </span>
    </p>
   </div>
   <div class='ocr_carea' id='block_1_86' title="bbox 2238 3914 3895 4003">
    <p class='ocr_par' dir='ltr' id='par_1_86' title="bbox 2238 3914 3895 4003">
     <span class='ocr_line' id='line_1_86' title="bbox 2238 3914 3895 4003; baseline 0.001 -25"><span class='ocrx_word' id='word_1_616' title='bbox 2238 3925 2336 3981; x_wconf 80' lang='grc' dir='ltr'>οὒκ</span> <span class='ocrx_word' id='word_1_617' title='bbox 2363 3922 2543 3993; x_wconf 80' lang='grc' dir='ltr'>εἷπον,</span> <span class='ocrx_word' id='word_1_618' title='bbox 2578 3921 2657 3979; x_wconf 81' lang='grc' dir='ltr'><strong>ὅτι</strong></span> <span class='ocrx_word' id='word_1_619' title='bbox 2691 3914 2748 3982; x_wconf 64' lang='grc' dir='ltr'>Ὀ</span> <span class='ocrx_word' id='word_1_620' title='bbox 2780 3922 3049 4003; x_wconf 78' lang='grc' dir='ltr'>ἅνθρωπος</span> <span class='ocrx_word' id='word_1_621' title='bbox 3080 3924 3275 4001; x_wconf 84' lang='grc' dir='ltr'>ἐμάνη,</span> <span class='ocrx_word' id='word_1_622' title='bbox 3316 3928 3409 3983; x_wconf 73' lang='grc' dir='ltr'><strong>οὐκ</strong></span> <span class='ocrx_word' id='word_1_623' title='bbox 3456 3921 3571 3980; x_wconf 77' lang='grc' dir='ltr'>οἶδε</span> <span class='ocrx_word' id='word_1_624' title='bbox 3617 3924 3667 3979; x_wconf 90' lang='grc' dir='ltr'><strong>τί</strong></span> <span class='ocrx_word' id='word_1_625' title='bbox 3694 3936 3845 3980; x_wconf 78' lang='grc' dir='ltr'>ποιεῖ</span> <span class='ocrx_word' id='word_1_626' title='bbox 3878 3942 3895 3960; x_wconf 79' lang='grc'><strong><em>⁸</em></strong></span> 
     </span>
    </p>
   </div>
   <div class='ocr_carea' id='block_1_87' title="bbox 2241 4009 3896 4092">
    <p class='ocr_par' dir='ltr' id='par_1_87' title="bbox 2241 4009 3896 4092">
     <span class='ocr_line' id='line_1_87' title="bbox 2241 4009 3896 4092; baseline 0.013 -26"><span class='ocrx_word' id='word_1_627' title='bbox 2241 4016 2395 4068; x_wconf 81' lang='grc' dir='ltr'>τοῦτο</span> <span class='ocrx_word' id='word_1_628' title='bbox 2449 4011 2578 4068; x_wconf 78' lang='grc' dir='ltr'>ποτὲ</span> <span class='ocrx_word' id='word_1_629' title='bbox 2626 4010 2743 4069; x_wconf 63' lang='grc' dir='ltr'>οὕτε</span> <span class='ocrx_word' id='word_1_630' title='bbox 2798 4012 2964 4092; x_wconf 65' lang='grc' dir='ltr'>ἐφάνη</span> <span class='ocrx_word' id='word_1_631' title='bbox 3024 4012 3141 4069; x_wconf 76' lang='grc' dir='ltr'>οὔτε</span> <span class='ocrx_word' id='word_1_632' title='bbox 3194 4013 3427 4082; x_wconf 67' lang='grc' dir='ltr'>ἠκούσθη</span> <span class='ocrx_word' id='word_1_633' title='bbox 3463 4029 3478 4043; x_wconf 83' lang='grc'><strong>⁹</strong></span> <span class='ocrx_word' id='word_1_634' title='bbox 3534 4009 3671 4069; x_wconf 73' lang='grc' dir='ltr'>ἀλλᾶ</span> <span class='ocrx_word' id='word_1_635' title='bbox 3724 4013 3896 4091; x_wconf 72' lang='grc' dir='ltr'>εὒχῆς</span> 
     </span>
    </p>
   </div>
   <div class='ocr_carea' id='block_1_88' title="bbox 2241 4098 3898 4181">
    <p class='ocr_par' dir='ltr' id='par_1_88' title="bbox 2241 4098 3898 4181">
     <span class='ocr_line' id='line_1_88' title="bbox 2241 4098 3898 4181; baseline -0.001 -26"><span class='ocrx_word' id='word_1_636' title='bbox 2241 4098 2534 4178; x_wconf 77' lang='grc' dir='ltr'>γενομένης</span> <span class='ocrx_word' id='word_1_637' title='bbox 2590 4098 2812 4181; x_wconf 71' lang='grc' dir='ltr'>ἤρξαντο</span> <span class='ocrx_word' id='word_1_638' title='bbox 2866 4100 3078 4158; x_wconf 84' lang='grc' dir='ltr'>κόπτειν</span> <span class='ocrx_word' id='word_1_639' title='bbox 3151 4102 3256 4159; x_wconf 82' lang='grc' dir='ltr'><strong>ἀπὸ</strong></span> <span class='ocrx_word' id='word_1_640' title='bbox 3326 4104 3471 4181; x_wconf 62' lang='grc' dir='ltr'>πρωῒ</span> <span class='ocrx_word' id='word_1_641' title='bbox 3542 4099 3642 4163; x_wconf 81' lang='grc' dir='ltr'>ἕως</span> <span class='ocrx_word' id='word_1_642' title='bbox 3714 4100 3898 4179; x_wconf 79' lang='grc' dir='ltr'>τρίτης</span> 
     </span>
    </p>
   </div>
   <div class='ocr_carea' id='block_1_89' title="bbox 2245 4187 3896 4272">
    <p class='ocr_par' dir='ltr' id='par_1_89' title="bbox 2245 4187 3896 4272">
     <span class='ocr_line' id='line_1_89' title="bbox 2245 4187 3896 4272; baseline -0.001 -27"><span class='ocrx_word' id='word_1_643' title='bbox 2245 4189 2409 4267; x_wconf 87' lang='grc' dir='ltr'>ὢρας.</span> <span class='ocrx_word' id='word_1_644' title='bbox 2468 4188 2597 4247; x_wconf 86' lang='grc' dir='ltr'>Τότε</span> <span class='ocrx_word' id='word_1_645' title='bbox 2652 4189 2807 4268; x_wconf 80' lang='grc' dir='ltr'>γνοὺς</span> <span class='ocrx_word' id='word_1_646' title='bbox 2861 4193 2889 4247; x_wconf 85' lang='grc' dir='ltr'>ὁ</span> <span class='ocrx_word' id='word_1_647' title='bbox 2958 4190 3141 4272; x_wconf 75' lang='grc' dir='ltr'>Πατὴρ</span> <span class='ocrx_word' id='word_1_648' title='bbox 3211 4191 3308 4259; x_wconf 78' lang='grc' dir='ltr'><strong>τὴν</strong></span> <span class='ocrx_word' id='word_1_649' title='bbox 3378 4196 3484 4249; x_wconf 82' lang='grc' dir='ltr'><strong>τῶν</strong></span> <span class='ocrx_word' id='word_1_650' title='bbox 3537 4187 3734 4245; x_wconf 78' lang='grc' dir='ltr'>τέκνων</span> <span class='ocrx_word' id='word_1_651' title='bbox 3787 4190 3896 4244; x_wconf 80' lang='grc' dir='ltr'><strong>ὑπ-</strong></span> 
     </span>
    </p>
   </div>
   <div class='ocr_carea' id='block_1_90' title="bbox 514 4252 2156 4358">
    <p class='ocr_par' dir='ltr' id='par_1_90' title="bbox 514 4252 2156 4358">
     <span class='ocr_line' id='line_1_90' title="bbox 514 4252 2156 4358; baseline 0 -22"><span class='ocrx_word' id='word_1_652' title='bbox 514 4274 813 4358; x_wconf 90' lang='lat' dir='ltr'><strong>pollicitus</strong></span> <span class='ocrx_word' id='word_1_653' title='bbox 843 4282 933 4337; x_wconf 92' lang='lat' dir='ltr'><strong>est</strong></span> <span class='ocrx_word' id='word_1_654' title='bbox 960 4252 1178 4336; x_wconf 44' lang='lat' dir='ltr'><strong>Deo.se</strong></span> <span class='ocrx_word' id='word_1_655' title='bbox 1218 4252 1407 4356; x_wconf 72' lang='lat' dir='ltr'><strong>usque</strong></span> <span class='ocrx_word' id='word_1_656' title='bbox 1457 4274 1530 4336; x_wconf 88' lang='lat' dir='ltr'><strong>ad</strong></span> <span class='ocrx_word' id='word_1_657' title='bbox 1581 4273 1857 4337; x_wconf 90' lang='lat' dir='ltr'><strong>ultimum</strong></span> <span class='ocrx_word' id='word_1_658' title='bbox 1884 4252 2156 4356; x_wconf 71' lang='lat' dir='ltr'><strong>spiritum</strong></span> 
     </span>
    </p>
   </div>
   <div class='ocr_carea' id='block_1_91' title="bbox 2240 4252 3896 4358">
    <p class='ocr_par' dir='ltr' id='par_1_91' title="bbox 2247 4252 3896 4357">
     <span class='ocr_line' id='line_1_91' title="bbox 2247 4252 3896 4357; baseline 0 -24"><span class='ocrx_word' id='word_1_659' title='bbox 2247 4252 2412 4344; x_wconf 71' lang='grc' dir='ltr'>ακοὴν</span> <span class='ocrx_word' id='word_1_660' title='bbox 2487 4252 2873 4352; x_wconf 74' lang='grc' dir='ltr'>ἁμιλληθεϊσαν</span> <span class='ocrx_word' id='word_1_661' title='bbox 2942 4291 3061 4343; x_wconf 72' lang='grc' dir='ltr'>τοῖς</span> <span class='ocrx_word' id='word_1_662' title='bbox 3332 4276 3740 4357; x_wconf 81' lang='grc' dir='ltr'>ἱστορουμένοις,</span> <span class='ocrx_word' id='word_1_663' title='bbox 3800 4274 3896 4333; x_wconf 81' lang='grc' dir='ltr'><strong>δὲ-</strong></span> 
     </span>
    </p>
   </div>
   <div class='ocr_carea' id='block_1_92' title="bbox 515 4362 2156 4447">
    <p class='ocr_par' dir='ltr' id='par_1_92' title="bbox 515 4362 2156 4447">
     <span class='ocr_line' id='line_1_92' title="bbox 515 4362 2156 4447; baseline -0.001 -20"><span class='ocrx_word' id='word_1_664' title='bbox 515 4364 667 4427; x_wconf 91' lang='lat' dir='ltr'><strong>nibil</strong></span> <span class='ocrx_word' id='word_1_665' title='bbox 715 4364 836 4428; x_wconf 89' lang='lat' dir='ltr'><strong>illis</strong></span> <span class='ocrx_word' id='word_1_666' title='bbox 866 4363 1341 4447; x_wconf 64' lang='lat' dir='ltr'><strong>praepositurum.</strong></span> <span class='ocrx_word' id='word_1_667' title='bbox 1375 4363 1522 4427; x_wconf 88' lang='lat' dir='ltr'><strong>Cum</strong></span> <span class='ocrx_word' id='word_1_668' title='bbox 1573 4362 1752 4443; x_wconf 77' lang='lat' dir='ltr'><strong>igitur</strong></span> <span class='ocrx_word' id='word_1_669' title='bbox 1800 4364 2156 4443; x_wconf 86' lang='lat' dir='ltr'><strong>divulgatum</strong></span> 
     </span>
    </p>
   </div>
   <div class='ocr_carea' id='block_1_93' title="bbox 2240 4362 3897 4447">
    <p class='ocr_par' dir='ltr' id='par_1_93' title="bbox 2245 4364 3897 4447">
     <span class='ocr_line' id='line_1_93' title="bbox 2245 4364 3897 4447; baseline -0.001 -26"><span class='ocrx_word' id='word_1_670' title='bbox 2245 4364 2381 4423; x_wconf 82' lang='grc' dir='ltr'>δωκε</span> <span class='ocrx_word' id='word_1_671' title='bbox 2435 4372 2512 4441; x_wconf 85' lang='grc' dir='ltr'>τῷ</span> <span class='ocrx_word' id='word_1_672' title='bbox 2566 4373 2682 4442; x_wconf 85' lang='grc' dir='ltr'><strong>Θεῷ</strong></span> <span class='ocrx_word' id='word_1_673' title='bbox 2730 4365 2898 4433; x_wconf 74' lang='grc' dir='ltr'>δεξιὰς</span> <span class='ocrx_word' id='word_1_674' title='bbox 2955 4366 3119 4444; x_wconf 79' lang='grc' dir='ltr'>μηδὲν</span> <span class='ocrx_word' id='word_1_675' title='bbox 3178 4372 3348 4427; x_wconf 76' lang='grc' dir='ltr'>αὐτῶν</span> <span class='ocrx_word' id='word_1_676' title='bbox 3404 4371 3732 4447; x_wconf 77' lang='grc' dir='ltr'>προτιμῆσαι</span> <span class='ocrx_word' id='word_1_677' title='bbox 3788 4364 3897 4440; x_wconf 80' lang='grc' dir='ltr'><strong>μὲ-</strong></span> 
     </span>
    </p>
   </div>
   <div class='ocr_carea' id='block_1_94' title="bbox 514 4451 2156 4535">
    <p class='ocr_par' dir='ltr' id='par_1_94' title="bbox 514 4451 2156 4535">
     <span class='ocr_line' id='line_1_94' title="bbox 514 4451 2156 4535; baseline -0.002 -18"><span class='ocrx_word' id='word_1_678' title='bbox 514 4453 631 4517; x_wconf 90' lang='lat' dir='ltr'><strong>hoc</strong></span> <span class='ocrx_word' id='word_1_679' title='bbox 680 4463 861 4530; x_wconf 87' lang='lat' dir='ltr'><strong>esset,</strong></span> <span class='ocrx_word' id='word_1_680' title='bbox 916 4462 975 4515; x_wconf 90' lang='lat' dir='ltr'><strong>et</strong></span> <span class='ocrx_word' id='word_1_681' title='bbox 1014 4470 1203 4533; x_wconf 90' lang='lat' dir='ltr'><strong>usque</strong></span> <span class='ocrx_word' id='word_1_682' title='bbox 1244 4452 1320 4514; x_wconf 91' lang='lat' dir='ltr'><strong>ad</strong></span> <span class='ocrx_word' id='word_1_683' title='bbox 1370 4459 1634 4514; x_wconf 90' lang='lat' dir='ltr'><strong>montem</strong></span> <span class='ocrx_word' id='word_1_684' title='bbox 1678 4451 1874 4515; x_wconf 86' lang='lat' dir='ltr'><strong>Athon</strong></span> <span class='ocrx_word' id='word_1_685' title='bbox 1926 4452 2052 4535; x_wconf 88' lang='lat'><strong>(35)</strong></span> <span class='ocrx_word' id='word_1_686' title='bbox 2107 4459 2156 4515; x_wconf 90' lang='lat' dir='ltr'><strong>el</strong></span> 
     </span>
    </p>
   </div>
   <div class='ocr_carea' id='block_1_95' title="bbox 2240 4451 3899 4535">
    <p class='ocr_par' dir='ltr' id='par_1_95' title="bbox 2244 4454 3899 4535">
     <span class='ocr_line' id='line_1_95' title="bbox 2244 4454 3899 4535; baseline -0.001 -25"><span class='ocrx_word' id='word_1_687' title='bbox 2244 4477 2369 4534; x_wconf 83' lang='grc' dir='ltr'>χρις</span> <span class='ocrx_word' id='word_1_688' title='bbox 2398 4454 2636 4535; x_wconf 77' lang='grc' dir='ltr'>ἐσχάτης</span> <span class='ocrx_word' id='word_1_689' title='bbox 2685 4454 2979 4524; x_wconf 73' lang='grc' dir='ltr'>ἀναπνοῆς.</span> <span class='ocrx_word' id='word_1_690' title='bbox 3040 4456 3237 4515; x_wconf 86' lang='grc' dir='ltr'>Τούτου</span> <span class='ocrx_word' id='word_1_691' title='bbox 3298 4455 3385 4513; x_wconf 74' lang='grc' dir='ltr'>οὖν</span> <span class='ocrx_word' id='word_1_692' title='bbox 3441 4462 3532 4512; x_wconf 79' lang='grc' dir='ltr'>τοῦ</span> <span class='ocrx_word' id='word_1_693' title='bbox 3559 4454 3712 4533; x_wconf 71' lang='grc' dir='ltr'>ἔργου</span> <span class='ocrx_word' id='word_1_694' title='bbox 3740 4475 3899 4534; x_wconf 87' lang='grc' dir='ltr'>περι-</span> 
     </span>
    </p>
   </div>
   <div class='ocr_carea' id='block_1_96' title="bbox 517 4540 2156 4624">
    <p class='ocr_par' dir='ltr' id='par_1_96' title="bbox 517 4540 2156 4613">
     <span class='ocr_line' id='line_1_96' title="bbox 517 4540 2156 4613; baseline -0.002 -7"><span class='ocrx_word' id='word_1_695' title='bbox 517 4540 781 4606; x_wconf 90' lang='lat' dir='ltr'><strong>Siciliam</strong></span> <span class='ocrx_word' id='word_1_696' title='bbox 809 4541 962 4605; x_wconf 85' lang='lat' dir='ltr'><strong>fama</strong></span> <span class='ocrx_word' id='word_1_697' title='bbox 994 4542 1358 4606; x_wconf 88' lang='lat' dir='ltr'><strong>celebratum</strong></span> <span class='ocrx_word' id='word_1_698' title='bbox 1392 4549 1569 4613; x_wconf 87' lang='lat' dir='ltr'><strong>esset,</strong></span> <span class='ocrx_word' id='word_1_699' title='bbox 1608 4560 1782 4604; x_wconf 90' lang='lat' dir='ltr'><strong>nemo</strong></span> <span class='ocrx_word' id='word_1_700' title='bbox 1806 4541 1897 4605; x_wconf 93' lang='lat' dir='ltr'><strong>rei</strong></span> <span class='ocrx_word' id='word_1_701' title='bbox 1926 4560 2156 4612; x_wconf 84' lang='lat' dir='ltr'><strong>causam</strong></span> 
     </span>
    </p>
   </div>
   <div class='ocr_carea' id='block_1_97' title="bbox 2240 4540 3902 4624">
    <p class='ocr_par' dir='ltr' id='par_1_97' title="bbox 2245 4540 3902 4624">
     <span class='ocr_line' id='line_1_97' title="bbox 2245 4540 3902 4624; baseline -0.001 -23"><span class='ocrx_word' id='word_1_702' title='bbox 2245 4546 2425 4624; x_wconf 80' lang='grc' dir='ltr'>φήμου</span> <span class='ocrx_word' id='word_1_703' title='bbox 2467 4544 2746 4623; x_wconf 88' lang='grc' dir='ltr'>γεγονότος</span> <span class='ocrx_word' id='word_1_704' title='bbox 2795 4546 2884 4601; x_wconf 82' lang='grc' dir='ltr'><strong>καὶ</strong></span> <span class='ocrx_word' id='word_1_705' title='bbox 2934 4544 3035 4609; x_wconf 76' lang='grc' dir='ltr'>ἕως</span> <span class='ocrx_word' id='word_1_706' title='bbox 3091 4545 3249 4600; x_wconf 72' lang='grc' dir='ltr'><strong>αὗτοῦ</strong></span> <span class='ocrx_word' id='word_1_707' title='bbox 3303 4551 3395 4601; x_wconf 81' lang='grc' dir='ltr'>τοῦ</span> <span class='ocrx_word' id='word_1_708' title='bbox 3424 4545 3574 4623; x_wconf 83' lang='grc' dir='ltr'>ἁγίου</span> <span class='ocrx_word' id='word_1_709' title='bbox 3603 4540 3774 4623; x_wconf 77' lang='grc' dir='ltr'>ὄρους,</span> <span class='ocrx_word' id='word_1_710' title='bbox 3808 4545 3902 4600; x_wconf 85' lang='grc' dir='ltr'><strong>καὶ</strong></span> 
     </span>
    </p>
   </div>
   <div class='ocr_carea' id='block_1_98' title="bbox 513 4628 2156 4714">
    <p class='ocr_par' dir='ltr' id='par_1_98' title="bbox 513 4630 2156 4714">
     <span class='ocr_line' id='line_1_98' title="bbox 513 4630 2156 4714; baseline -0.001 -20"><span class='ocrx_word' id='word_1_711' title='bbox 513 4634 753 4714; x_wconf 89' lang='lat' dir='ltr'><strong>assequi</strong></span> <span class='ocrx_word' id='word_1_712' title='bbox 801 4631 1033 4713; x_wconf 91' lang='lat' dir='ltr'><strong>potuit:</strong></span> <span class='ocrx_word' id='word_1_713' title='bbox 1087 4632 1193 4695; x_wconf 91' lang='lat' dir='ltr'><strong>sed</strong></span> <span class='ocrx_word' id='word_1_714' title='bbox 1244 4630 1485 4713; x_wconf 86' lang='lat' dir='ltr'><strong>quidam</strong></span> <span class='ocrx_word' id='word_1_715' title='bbox 1545 4631 1783 4693; x_wconf 90' lang='lat' dir='ltr'><strong>aiebant</strong></span> <span class='ocrx_word' id='word_1_716' title='bbox 1840 4632 2156 4694; x_wconf 87' lang='lat' dir='ltr'><strong>monachos</strong></span> 
     </span>
    </p>
   </div>
   <div class='ocr_carea' id='block_1_99' title="bbox 2240 4628 3902 4714">
    <p class='ocr_par' dir='ltr' id='par_1_99' title="bbox 2246 4628 3902 4712">
     <span class='ocr_line' id='line_1_99' title="bbox 2246 4628 3902 4712; baseline -0.001 -24"><span class='ocrx_word' id='word_1_717' title='bbox 2246 4632 2347 4696; x_wconf 79' lang='grc' dir='ltr'>ἕως</span> <span class='ocrx_word' id='word_1_718' title='bbox 2406 4641 2504 4705; x_wconf 81' lang='grc' dir='ltr'><strong>τῆς</strong></span> <span class='ocrx_word' id='word_1_719' title='bbox 2552 4629 2821 4712; x_wconf 85' lang='grc' dir='ltr'>Σικελίας,</span> <span class='ocrx_word' id='word_1_720' title='bbox 2873 4631 3035 4697; x_wconf 74' lang='grc' dir='ltr'>οὐδεὶς</span> <span class='ocrx_word' id='word_1_721' title='bbox 3089 4629 3309 4703; x_wconf 72' lang='grc' dir='ltr'>ἐδυνήθη</span> <span class='ocrx_word' id='word_1_722' title='bbox 3365 4628 3748 4689; x_wconf 73' lang='grc' dir='ltr'>καταλαϐέσθαι</span> <span class='ocrx_word' id='word_1_723' title='bbox 3803 4640 3902 4691; x_wconf 81' lang='grc' dir='ltr'>τοῦ</span> 
     </span>
    </p>
   </div>
   <div class='ocr_carea' id='block_1_100' title="bbox 516 4716 2156 4805">
    <p class='ocr_par' dir='ltr' id='par_1_100' title="bbox 516 4720 2156 4786">
     <span class='ocr_line' id='line_1_100' title="bbox 516 4720 2156 4786; baseline -0.001 -2"><span class='ocrx_word' id='word_1_724' title='bbox 516 4720 718 4784; x_wconf 87' lang='lat' dir='ltr'><strong>ebrios</strong></span> <span class='ocrx_word' id='word_1_725' title='bbox 746 4721 969 4786; x_wconf 80' lang='lat' dir='ltr'><strong>fuisse:</strong></span> <span class='ocrx_word' id='word_1_726' title='bbox 1028 4720 1131 4784; x_wconf 89' lang='lat' dir='ltr'><strong>alii</strong></span> <span class='ocrx_word' id='word_1_727' title='bbox 1159 4720 1353 4785; x_wconf 89' lang='lat' dir='ltr'><strong>Patris</strong></span> <span class='ocrx_word' id='word_1_728' title='bbox 1399 4720 1550 4782; x_wconf 89' lang='lat' dir='ltr'><strong>iram</strong></span> <span class='ocrx_word' id='word_1_729' title='bbox 1582 4727 1978 4783; x_wconf 88' lang='lat' dir='ltr'><strong>causabantur</strong></span> <span class='ocrx_word' id='word_1_730' title='bbox 2012 4742 2027 4786; x_wconf 87' lang='lat'>:</span> <span class='ocrx_word' id='word_1_731' title='bbox 2062 4720 2156 4782; x_wconf 84' lang='lat' dir='ltr'><strong>alii</strong></span> 
     </span>
    </p>
   </div>
   <div class='ocr_carea' id='block_1_101' title="bbox 2240 4716 3900 4805">
    <p class='ocr_par' dir='ltr' id='par_1_101' title="bbox 2244 4716 3900 4805">
     <span class='ocr_line' id='line_1_101' title="bbox 2244 4716 3900 4805; baseline -0.002 -28"><span class='ocrx_word' id='word_1_732' title='bbox 2244 4721 2556 4800; x_wconf 86' lang='grc' dir='ltr'>πράγματος</span> <span class='ocrx_word' id='word_1_733' title='bbox 2613 4722 2712 4788; x_wconf 80' lang='grc' dir='ltr'><strong>τὴν</strong></span> <span class='ocrx_word' id='word_1_734' title='bbox 2768 4721 3012 4779; x_wconf 76' lang='grc' dir='ltr'>ὑπόθεσιν</span> <span class='ocrx_word' id='word_1_735' title='bbox 3041 4736 3056 4750; x_wconf 83' lang='grc'><strong>⁸</strong></span> <span class='ocrx_word' id='word_1_736' title='bbox 3138 4719 3257 4778; x_wconf 80' lang='grc' dir='ltr'>ἀλλ’</span> <span class='ocrx_word' id='word_1_737' title='bbox 3330 4719 3497 4805; x_wconf 18' lang='grc' dir='ltr'>ἄλλοι,</span> <span class='ocrx_word' id='word_1_738' title='bbox 3534 4720 3632 4795; x_wconf 75' lang='grc' dir='ltr'>μὲν</span> <span class='ocrx_word' id='word_1_739' title='bbox 3686 4716 3900 4800; x_wconf 80' lang='grc' dir='ltr'>ἔλεγον,</span> 
     </span>
    </p>
   </div>
   <div class='ocr_carea' id='block_1_102' title="bbox 509 4807 2156 4894">
    <p class='ocr_par' dir='ltr' id='par_1_102' title="bbox 509 4809 2156 4894">
     <span class='ocr_line' id='line_1_102' title="bbox 509 4809 2156 4894; baseline 0.001 -21"><span class='ocrx_word' id='word_1_740' title='bbox 509 4827 679 4891; x_wconf 86' lang='lat' dir='ltr'><strong>vero,</strong></span> <span class='ocrx_word' id='word_1_741' title='bbox 741 4811 898 4894; x_wconf 90' lang='lat' dir='ltr'><strong>quod</strong></span> <span class='ocrx_word' id='word_1_742' title='bbox 954 4810 1170 4875; x_wconf 86' lang='lat' dir='ltr'><strong>multas</strong></span> <span class='ocrx_word' id='word_1_743' title='bbox 1212 4809 1506 4874; x_wconf 90' lang='lat' dir='ltr'><strong>haberent</strong></span> <span class='ocrx_word' id='word_1_744' title='bbox 1533 4809 1989 4892; x_wconf 80' lang='lat' dir='ltr'><strong>possessiones,</strong></span> <span class='ocrx_word' id='word_1_745' title='bbox 2050 4828 2156 4874; x_wconf 92' lang='lat' dir='ltr'><strong>nec</strong></span> 
     </span>
    </p>
   </div>
   <div class='ocr_carea' id='block_1_103' title="bbox 2240 4807 3904 4894">
    <p class='ocr_par' dir='ltr' id='par_1_103' title="bbox 2243 4807 3904 4892">
     <span class='ocr_line' id='line_1_103' title="bbox 2243 4807 3904 4892; baseline -0.001 -26"><span class='ocrx_word' id='word_1_746' title='bbox 2243 4809 2324 4866; x_wconf 80' lang='grc' dir='ltr'><strong>ὅτι</strong></span> <span class='ocrx_word' id='word_1_747' title='bbox 2354 4812 2403 4867; x_wconf 79' lang='grc' dir='ltr'>οἱ</span> <span class='ocrx_word' id='word_1_748' title='bbox 2441 4811 2672 4892; x_wconf 83' lang='grc' dir='ltr'>μοναχοὶ</span> <span class='ocrx_word' id='word_1_749' title='bbox 2717 4808 3071 4887; x_wconf 76' lang='grc' dir='ltr'>ἐμεθύσθησαν</span> <span class='ocrx_word' id='word_1_750' title='bbox 3104 4829 3120 4845; x_wconf 79' lang='grc' dir='ltr'><strong>ο</strong></span> <span class='ocrx_word' id='word_1_751' title='bbox 3168 4808 3319 4868; x_wconf 79' lang='grc' dir='ltr'>ἄλλοι</span> <span class='ocrx_word' id='word_1_752' title='bbox 3368 4808 3448 4886; x_wconf 77' lang='grc' dir='ltr'>δὲ,</span> <span class='ocrx_word' id='word_1_753' title='bbox 3504 4807 3584 4866; x_wconf 78' lang='grc' dir='ltr'><strong>ὅτι</strong></span> <span class='ocrx_word' id='word_1_754' title='bbox 3634 4810 3662 4865; x_wconf 87' lang='grc' dir='ltr'>ὁ</span> <span class='ocrx_word' id='word_1_755' title='bbox 3713 4809 3904 4892; x_wconf 74' lang='grc' dir='ltr'>Πατὴρ</span> 
     </span>
    </p>
   </div>
   <div class='ocr_carea' id='block_1_104' title="bbox 587 4978 1094 5061">
    <p class='ocr_par' dir='ltr' id='par_1_104' title="bbox 587 4978 1094 5061">
     <span class='ocr_line' id='line_1_104' title="bbox 587 4978 1094 5061; baseline 0.004 -16"><span class='ocrx_word' id='word_1_756' title='bbox 587 4979 649 5033; x_wconf 66' lang='lat'><strong>39</strong></span> <span class='ocrx_word' id='word_1_757' title='bbox 675 4978 704 5045; x_wconf 88' lang='grc' dir='ltr'><strong>Ι</strong></span> <span class='ocrx_word' id='word_1_758' title='bbox 730 4980 869 5046; x_wconf 83' lang='lat' dir='ltr'><strong>Cor.</strong></span> <span class='ocrx_word' id='word_1_759' title='bbox 899 4998 962 5061; x_wconf 88' lang='lat' dir='ltr'><strong>x,</strong></span> <span class='ocrx_word' id='word_1_760' title='bbox 992 4980 1094 5048; x_wconf 74' lang='grc'><strong>24.</strong></span> 
     </span>
    </p>
   </div>
   <div class='ocr_carea' id='block_1_105' title="bbox 1904 5083 2511 5151">
    <p class='ocr_par' dir='ltr' id='par_1_105' title="bbox 1904 5083 2511 5151">
     <span class='ocr_line' id='line_1_105' title="bbox 1904 5083 2511 5151; baseline -0.003 -1"><span class='ocrx_word' id='word_1_761' title='bbox 1904 5083 2149 5150; x_wconf 82' lang='lat' dir='ltr'><strong>Joannis</strong></span> <span class='ocrx_word' id='word_1_762' title='bbox 2181 5084 2307 5151; x_wconf 87' lang='lat' dir='ltr'><strong>Clei</strong></span> <span class='ocrx_word' id='word_1_763' title='bbox 2332 5090 2511 5150; x_wconf 61' lang='lat' dir='ltr'><strong>nota}.</strong></span> 
     </span>
    </p>
   </div>
   <div class='ocr_carea' id='block_1_106' title="bbox 594 5228 2163 5311">
    <p class='ocr_par' dir='ltr' id='par_1_106' title="bbox 594 5228 2163 5311">
     <span class='ocr_line' id='line_1_106' title="bbox 594 5228 2163 5311; baseline -0.001 -16"><span class='ocrx_word' id='word_1_764' title='bbox 594 5228 716 5309; x_wconf 88' lang='lat'><strong>(35)</strong></span> <span class='ocrx_word' id='word_1_765' title='bbox 737 5228 923 5293; x_wconf 87' lang='lat' dir='ltr'><strong>Athos</strong></span> <span class='ocrx_word' id='word_1_766' title='bbox 952 5246 1125 5311; x_wconf 90' lang='lat' dir='ltr'><strong>mons</strong></span> <span class='ocrx_word' id='word_1_767' title='bbox 1145 5235 1237 5293; x_wconf 88' lang='lat' dir='ltr'><strong>est</strong></span> <span class='ocrx_word' id='word_1_768' title='bbox 1254 5228 1640 5309; x_wconf 79' lang='lat' dir='ltr'><strong>Macedoniae,</strong></span> <span class='ocrx_word' id='word_1_769' title='bbox 1669 5231 1730 5293; x_wconf 89' lang='lat' dir='ltr'><strong>in</strong></span> <span class='ocrx_word' id='word_1_770' title='bbox 1741 5248 1906 5311; x_wconf 82' lang='lat' dir='ltr'><strong>mare</strong></span> <span class='ocrx_word' id='word_1_771' title='bbox 1916 5230 2163 5311; x_wconf 62' lang='lat' dir='ltr'><strong>.lEgeum</strong></span> 
     </span>
    </p>
   </div>
   <div class='ocr_carea' id='block_1_107' title="bbox 506 5310 2165 5392">
    <p class='ocr_par' dir='ltr' id='par_1_107' title="bbox 506 5310 2165 5392">
     <span class='ocr_line' id='line_1_107' title="bbox 506 5310 2165 5392; baseline 0 -19"><span class='ocrx_word' id='word_1_772' title='bbox 506 5310 697 5374; x_wconf 88' lang='lat' dir='ltr'><strong>instar</strong></span> <span class='ocrx_word' id='word_1_773' title='bbox 727 5310 1058 5392; x_wconf 67' lang='lat' dir='ltr'><strong>peninsulaa</strong></span> <span class='ocrx_word' id='word_1_774' title='bbox 1084 5329 1409 5375; x_wconf 83' lang='lat' dir='ltr'><strong>excurrens</strong></span> <span class='ocrx_word' id='word_1_775' title='bbox 1442 5312 1603 5374; x_wconf 89' lang='lat' dir='ltr'><strong>inter</strong></span> <span class='ocrx_word' id='word_1_776' title='bbox 1633 5311 1803 5375; x_wconf 86' lang='lat' dir='ltr'><strong>sinus</strong></span> <span class='ocrx_word' id='word_1_777' title='bbox 1832 5310 2165 5392; x_wconf 75' lang='lat' dir='ltr'><strong>Strymoni-</strong></span> 
     </span>
    </p>
   </div>
   <div class='ocr_carea' id='block_1_108' title="bbox 508 5389 2165 5472">
    <p class='ocr_par' dir='ltr' id='par_1_108' title="bbox 508 5389 2165 5472">
     <span class='ocr_line' id='line_1_108' title="bbox 508 5389 2165 5472; baseline 0 -18"><span class='ocrx_word' id='word_1_778' title='bbox 508 5411 643 5472; x_wconf 85' lang='lat' dir='ltr'><strong>cum</strong></span> <span class='ocrx_word' id='word_1_779' title='bbox 696 5389 755 5452; x_wconf 85' lang='lat' dir='ltr'><strong>et</strong></span> <span class='ocrx_word' id='word_1_780' title='bbox 802 5389 1502 5472; x_wconf 27' lang='lat' dir='ltr'><strong>SingiticumLPlurima</strong></span> <span class='ocrx_word' id='word_1_781' title='bbox 1550 5393 1626 5454; x_wconf 92' lang='lat' dir='ltr'><strong>de</strong></span> <span class='ocrx_word' id='word_1_782' title='bbox 1674 5389 1991 5454; x_wconf 82' lang='lat' dir='ltr'><strong>altitudine</strong></span> <span class='ocrx_word' id='word_1_783' title='bbox 2033 5392 2165 5472; x_wconf 90' lang='lat' dir='ltr'><strong>ejus</strong></span> 
     </span>
    </p>
   </div>
   <div class='ocr_carea' id='block_1_109' title="bbox 507 5469 2157 5552">
    <p class='ocr_par' dir='ltr' id='par_1_109' title="bbox 507 5469 2157 5552">
     <span class='ocr_line' id='line_1_109' title="bbox 507 5469 2157 5552; baseline 0.001 -17"><span class='ocrx_word' id='word_1_784' title='bbox 507 5471 777 5552; x_wconf 89' lang='lat' dir='ltr'><strong>scribunt</strong></span> <span class='ocrx_word' id='word_1_785' title='bbox 798 5469 1026 5532; x_wconf 88' lang='lat' dir='ltr'><strong>Plinius</strong></span> <span class='ocrx_word' id='word_1_786' title='bbox 1057 5478 1116 5533; x_wconf 88' lang='lat' dir='ltr'><strong>et</strong></span> <span class='ocrx_word' id='word_1_787' title='bbox 1148 5470 1249 5534; x_wconf 90' lang='lat' dir='ltr'><strong>alii</strong></span> <span class='ocrx_word' id='word_1_788' title='bbox 1277 5489 1290 5535; x_wconf 93' lang='lat'>:</span> <span class='ocrx_word' id='word_1_789' title='bbox 1325 5472 1398 5535; x_wconf 89' lang='lat' dir='ltr'><strong>ab</strong></span> <span class='ocrx_word' id='word_1_790' title='bbox 1429 5471 1595 5535; x_wconf 89' lang='lat' dir='ltr'><strong>Italis</strong></span> <span class='ocrx_word' id='word_1_791' title='bbox 1622 5472 1691 5552; x_wconf 17' lang='lat' dir='ltr'><strong>il,</strong></span> <span class='ocrx_word' id='word_1_792' title='bbox 1714 5479 1917 5552; x_wconf 72' lang='lat' dir='ltr'><strong>monte</strong></span> <span class='ocrx_word' id='word_1_793' title='bbox 1962 5469 2157 5552; x_wconf 67' lang='lat' dir='ltr'><strong>sunto,</strong></span> 
     </span>
    </p>
   </div>
   <div class='ocr_carea' id='block_1_110' title="bbox 504 5550 3899 5697">
    <p class='ocr_par' dir='ltr' id='par_1_110' title="bbox 504 5550 3899 5697">
     <span class='ocr_line' id='line_1_110' title="bbox 504 5550 3899 5633; baseline 0.001 -24"><span class='ocrx_word' id='word_1_794' title='bbox 504 5552 655 5631; x_wconf 78' lang='grc' dir='ltr'>ἅγιον</span> <span class='ocrx_word' id='word_1_795' title='bbox 686 5551 806 5631; x_wconf 78' lang='grc' dir='ltr'>ὅρος</span> <span class='ocrx_word' id='word_1_796' title='bbox 835 5568 871 5612; x_wconf 88' lang='lat' dir='ltr'><strong>a</strong></span> <span class='ocrx_word' id='word_1_797' title='bbox 898 5551 1123 5616; x_wconf 71' lang='lat' dir='ltr'><strong>Graecis</strong></span> <span class='ocrx_word' id='word_1_798' title='bbox 1151 5559 1211 5613; x_wconf 90' lang='lat' dir='ltr'><strong>et</strong></span> <span class='ocrx_word' id='word_1_799' title='bbox 1259 5553 1554 5618; x_wconf 73' lang='lat' dir='ltr'><strong>Monastir</strong></span> <span class='ocrx_word' id='word_1_800' title='bbox 1583 5570 1619 5614; x_wconf 89' lang='lat' dir='ltr'><strong>a</strong></span> <span class='ocrx_word' id='word_1_801' title='bbox 1649 5550 1862 5615; x_wconf 87' lang='lat' dir='ltr'><strong>Turcis</strong></span> <span class='ocrx_word' id='word_1_802' title='bbox 1891 5550 2161 5633; x_wconf 55' lang='lat' dir='ltr'><strong>appella-4</strong></span> <span class='ocrx_word' id='word_1_803' title='bbox 2243 5563 2590 5615; x_wconf 90' lang='lat' dir='ltr'><strong>sumuntur.</strong></span> <span class='ocrx_word' id='word_1_804' title='bbox 2625 5550 2713 5616; x_wconf 83' lang='lat' dir='ltr'><strong>De</strong></span> <span class='ocrx_word' id='word_1_805' title='bbox 2760 5555 2873 5617; x_wconf 90' lang='lat' dir='ltr'><strong>hoc</strong></span> <span class='ocrx_word' id='word_1_806' title='bbox 2917 5553 2935 5615; x_wconf 92' lang='lat' dir='ltr'><strong>i</strong></span> <span class='ocrx_word' id='word_1_807' title='bbox 2978 5553 3096 5614; x_wconf 90' lang='lat' dir='ltr'><strong>itur</strong></span> <span class='ocrx_word' id='word_1_808' title='bbox 3142 5560 3363 5626; x_wconf 91' lang='lat' dir='ltr'><strong>monte,</strong></span> <span class='ocrx_word' id='word_1_809' title='bbox 3418 5550 3521 5613; x_wconf 88' lang='lat' dir='ltr'><strong>ubi</strong></span> <span class='ocrx_word' id='word_1_810' title='bbox 3551 5552 3899 5613; x_wconf 76' lang='lat' dir='ltr'><strong>monasticae.</strong></span> 
     </span>
     <span class='ocr_line' id='line_1_111' title="bbox 507 5574 3884 5697; baseline -0.001 -4"><span class='ocrx_word' id='word_1_811' title='bbox 507 5638 623 5693; x_wconf 91' lang='lat' dir='ltr'><strong>tur.</strong></span> <span class='ocrx_word' id='word_1_812' title='bbox 642 5629 962 5694; x_wconf 89' lang='lat' dir='ltr'><strong>Nominum</strong></span> <span class='ocrx_word' id='word_1_813' title='bbox 986 5632 1225 5694; x_wconf 90' lang='lat' dir='ltr'><strong>illorum</strong></span> <span class='ocrx_word' id='word_1_814' title='bbox 1246 5631 2164 5697; x_wconf 74' lang='lat' dir='ltr'><strong>origoestamultitudinemona—</strong></span> <span class='ocrx_word' id='word_1_815' title='bbox 2240 5632 2376 5695; x_wconf 80' lang='lat' dir='ltr'><strong>vitae</strong></span> <span class='ocrx_word' id='word_1_816' title='bbox 2426 5640 2510 5696; x_wconf 91' lang='lat' dir='ltr'><strong>tot</strong></span> <span class='ocrx_word' id='word_1_817' title='bbox 2552 5632 2814 5697; x_wconf 85' lang='lat' dir='ltr'><strong>cultores</strong></span> <span class='ocrx_word' id='word_1_818' title='bbox 2868 5574 3237 5697; x_wconf 44' lang='lat' dir='ltr'><strong>habitabant.</strong></span> <span class='ocrx_word' id='word_1_819' title='bbox 3295 5649 3497 5696; x_wconf 86' lang='lat' dir='ltr'><strong>sermo</strong></span> <span class='ocrx_word' id='word_1_820' title='bbox 3552 5630 3884 5697; x_wconf 67' lang='lat' dir='ltr'><strong>biogranho</strong></span> 
     </span>
    </p>
   </div>
   <div class='ocr_carea' id='block_1_111' title="bbox 507 5630 2156 5798">
    <p class='ocr_par' dir='ltr' id='par_1_111' title="bbox 507 5630 2156 5798">
     <span class='ocr_line' id='line_1_112' title="bbox 507 5630 2156 5714; baseline 0.001 -21"><span class='ocrx_word' id='word_1_821' title='bbox 507 5638 623 5693; x_wconf 91' lang='lat' dir='ltr'><strong>tur.</strong></span> <span class='ocrx_word' id='word_1_822' title='bbox 642 5630 962 5694; x_wconf 88' lang='lat' dir='ltr'><strong>N0minum</strong></span> <span class='ocrx_word' id='word_1_823' title='bbox 986 5632 1225 5694; x_wconf 90' lang='lat' dir='ltr'><strong>illorum</strong></span> <span class='ocrx_word' id='word_1_824' title='bbox 1246 5632 1409 5714; x_wconf 85' lang='lat' dir='ltr'><strong>origo</strong></span> <span class='ocrx_word' id='word_1_825' title='bbox 1423 5630 1945 5696; x_wconf 83' lang='lat' dir='ltr'><strong>estamultitudine</strong></span> <span class='ocrx_word' id='word_1_826' title='bbox 1960 5630 2156 5695; x_wconf 81' lang='lat' dir='ltr'><strong>mona-</strong></span> 
     </span>
     <span class='ocr_line' id='line_1_113' title="bbox 507 5710 2156 5798; baseline 0.002 -24"><span class='ocrx_word' id='word_1_827' title='bbox 507 5710 825 5776; x_wconf 90' lang='lat' dir='ltr'><strong>steriorum</strong></span> <span class='ocrx_word' id='word_1_828' title='bbox 854 5729 986 5796; x_wconf 63' lang='lat' dir='ltr'><strong>quae</strong></span> <span class='ocrx_word' id='word_1_829' title='bbox 1032 5719 1297 5777; x_wconf 89' lang='lat' dir='ltr'><strong>montem</strong></span> <span class='ocrx_word' id='word_1_830' title='bbox 1351 5718 1674 5798; x_wconf 87' lang='lat' dir='ltr'><strong>occupant,</strong></span> <span class='ocrx_word' id='word_1_831' title='bbox 1699 5711 1928 5795; x_wconf 88' lang='lat' dir='ltr'><strong>ubique</strong></span> <span class='ocrx_word' id='word_1_832' title='bbox 1949 5711 2031 5778; x_wconf 80' lang='lat'>24</span> <span class='ocrx_word' id='word_1_833' title='bbox 2053 5731 2156 5777; x_wconf 90' lang='lat' dir='ltr'><strong>ca-</strong></span> 
     </span>
    </p>
   </div>
   <div class='ocr_carea' id='block_1_112' title="bbox 2240 5630 3884 5798">
    <p class='ocr_par' dir='ltr' id='par_1_112' title="bbox 2240 5630 3884 5779">
     <span class='ocr_line' id='line_1_114' title="bbox 2240 5630 3884 5777; baseline -0.002 -83"><span class='ocrx_word' id='word_1_834' title='bbox 2240 5632 2376 5777; x_wconf 53' lang='lat' dir='ltr'><strong>vitta‘,</strong></span> <span class='ocrx_word' id='word_1_835' title='bbox 2426 5640 2510 5696; x_wconf 90' lang='lat' dir='ltr'><strong>tot</strong></span> <span class='ocrx_word' id='word_1_836' title='bbox 2552 5632 2814 5698; x_wconf 84' lang='lat' dir='ltr'><strong>cultores</strong></span> <span class='ocrx_word' id='word_1_837' title='bbox 2868 5630 3237 5715; x_wconf 89' lang='lat' dir='ltr'><strong>habitabant,</strong></span> <span class='ocrx_word' id='word_1_838' title='bbox 3295 5649 3497 5696; x_wconf 85' lang='lat' dir='ltr'><strong>sermo</strong></span> <span class='ocrx_word' id='word_1_839' title='bbox 3552 5630 3884 5713; x_wconf 83' lang='lat' dir='ltr'><strong>biographo</strong></span> 
     </span>
     <span class='ocr_line' id='line_1_115' title="bbox 2242 5730 2356 5779; baseline 0.018 -2"><span class='ocrx_word' id='word_1_840' title='bbox 2242 5730 2307 5778; x_wconf 85' lang='lat' dir='ltr'><strong>es</strong></span> <span class='ocrx_word' id='word_1_841' title='bbox 2342 5763 2356 5779; x_wconf 92' lang='lat'><strong>.</strong></span> 
     </span>
    </p>
   </div>
   <div class='ocr_carea' id='block_1_113' title="bbox 2249 5227 3900 5309">
    <p class='ocr_par' dir='ltr' id='par_1_113' title="bbox 2249 5227 3900 5309">
     <span class='ocr_line' id='line_1_116' title="bbox 2249 5227 3900 5309; baseline 0.001 -18"><span class='ocrx_word' id='word_1_842' title='bbox 2249 5228 2614 5309; x_wconf 82' lang='lat' dir='ltr'><strong>logerorum,</strong></span> <span class='ocrx_word' id='word_1_843' title='bbox 2668 5247 2773 5293; x_wconf 82' lang='lat' dir='ltr'><strong>seu</strong></span> <span class='ocrx_word' id='word_1_844' title='bbox 2824 5230 3254 5295; x_wconf 88' lang='lat' dir='ltr'><strong>monachorum</strong></span> <span class='ocrx_word' id='word_1_845' title='bbox 3313 5228 3651 5294; x_wconf 55' lang='lat' dir='ltr'><strong>Graecorum</strong></span> <span class='ocrx_word' id='word_1_846' title='bbox 3709 5227 3900 5293; x_wconf 90' lang='lat' dir='ltr'><strong>solius</strong></span> 
     </span>
    </p>
   </div>
   <div class='ocr_carea' id='block_1_114' title="bbox 2249 5309 3899 5389">
    <p class='ocr_par' dir='ltr' id='par_1_114' title="bbox 2249 5309 3899 5389">
     <span class='ocr_line' id='line_1_117' title="bbox 2249 5309 3899 5389; baseline -0.004 -14"><span class='ocrx_word' id='word_1_847' title='bbox 2249 5310 2497 5375; x_wconf 89' lang='lat' dir='ltr'><strong>Ordinis</strong></span> <span class='ocrx_word' id='word_1_848' title='bbox 2522 5309 2583 5374; x_wconf 94' lang='lat' dir='ltr'><strong>S.</strong></span> <span class='ocrx_word' id='word_1_849' title='bbox 2614 5311 2842 5389; x_wconf 90' lang='lat' dir='ltr'><strong>Basilii,</strong></span> <span class='ocrx_word' id='word_1_850' title='bbox 2878 5311 3146 5374; x_wconf 89' lang='lat' dir='ltr'><strong>msnachi</strong></span> <span class='ocrx_word' id='word_1_851' title='bbox 3191 5328 3332 5372; x_wconf 90' lang='lat' dir='ltr'><strong>vero</strong></span> <span class='ocrx_word' id='word_1_852' title='bbox 3379 5310 3453 5372; x_wconf 92' lang='lat' dir='ltr'><strong>ad</strong></span> <span class='ocrx_word' id='word_1_853' title='bbox 3486 5310 3647 5374; x_wconf 75' lang='lat'><strong>6000</strong></span> <span class='ocrx_word' id='word_1_854' title='bbox 3676 5328 3899 5370; x_wconf 88' lang='lat' dir='ltr'><strong>nume-</strong></span> 
     </span>
    </p>
   </div>
   <div class='ocr_carea' id='block_1_115' title="bbox 2245 5388 3900 5473">
    <p class='ocr_par' dir='ltr' id='par_1_115' title="bbox 2245 5388 3900 5473">
     <span class='ocr_line' id='line_1_118' title="bbox 2245 5388 3900 5473; baseline 0.001 -21"><span class='ocrx_word' id='word_1_855' title='bbox 2245 5399 2474 5473; x_wconf 71' lang='lat' dir='ltr'><strong>rantur,</strong></span> <span class='ocrx_word' id='word_1_856' title='bbox 2512 5409 2583 5473; x_wconf 86' lang='lat' dir='ltr'><strong>ex</strong></span> <span class='ocrx_word' id='word_1_857' title='bbox 2614 5388 2833 5473; x_wconf 88' lang='lat' dir='ltr'><strong>quibus</strong></span> <span class='ocrx_word' id='word_1_858' title='bbox 2873 5390 3139 5473; x_wconf 86' lang='lat' dir='ltr'><strong>episcopi</strong></span> <span class='ocrx_word' id='word_1_859' title='bbox 3179 5409 3387 5473; x_wconf 84' lang='lat' dir='ltr'><strong>omnes</strong></span> <span class='ocrx_word' id='word_1_860' title='bbox 3416 5389 3524 5451; x_wconf 92' lang='lat' dir='ltr'><strong>sub</strong></span> <span class='ocrx_word' id='word_1_861' title='bbox 3557 5388 3900 5473; x_wconf 83' lang='lat' dir='ltr'><strong>patriarcha</strong></span> 
     </span>
    </p>
   </div>
   <div class='ocr_carea' id='block_1_116' title="bbox 2247 5470 3895 5561">
    <p class='ocr_par' dir='ltr' id='par_1_116' title="bbox 2247 5470 3895 5561">
     <span class='ocr_line' id='line_1_119' title="bbox 2247 5470 3895 5561; baseline -0.002 -26"><span class='ocrx_word' id='word_1_862' title='bbox 2247 5470 3030 5561; x_wconf 32' lang='lat' dir='ltr'><strong>Constantinopolitanoiad</strong></span> <span class='ocrx_word' id='word_1_863' title='bbox 3081 5470 3372 5561; x_wconf 83' lang='lat' dir='ltr'><strong>ecclesias</strong></span> <span class='ocrx_word' id='word_1_864' title='bbox 3427 5471 3721 5561; x_wconf 80' lang='lat' dir='ltr'><strong>regendas</strong></span> <span class='ocrx_word' id='word_1_865' title='bbox 3760 5470 3895 5561; x_wconf 26' lang='lat' dir='ltr'><strong>ide-</strong></span> 
     </span>
    </p>
   </div>
  </div>
