4182 6410
432 287 517 352 85

1637 289 1827 356 VITA
1867 290 1929 355 S.
1972 291 2142 358 NILI
2179 286 2555 359 JUNIORIS.

3748 303 3828 372 86

429 420 710 517 ξθυμῷη,
760 422 851 517 καὶ
904 421 994 480 διὰ
1047 430 1202 484 τοῦτο
1255 422 1473 517 ἐποίησε
1518 428 1673 482 τοῦτο
1708 442 1724 459 ·
1783 424 1869 482 καὶ
1914 422 2084 501 ἆλλοὶ,

2184 422 2528 517 sufﬁcerent
2544 422 2629 517 ad
2659 423 2942 517 colendas
2958 443 3188 517 omnes.
3214 427 3566 494 Necmirum
3576 430 3693 495 hoc
3709 438 3823 517 est,

425 509 512 566 ὅτι
562 509 736 568 πολλὰ
781 509 908 569 ὄντα
963 527 1162 589 καμεῖν
1219 513 1314 571 οὒκ
1356 510 1574 594 ἴσχυον.
1658 514 1759 573 Καὶ
1825 520 1980 573 τοῦτο
2034 516 2094 573 οὗ

426 601 756 675 θαυμαστδν,
807 599 1008 680 ὅπουγε
1064 600 1180 660 οὐδὲ
1234 602 1379 659 αὐτοὶ
1434 604 1482 660 οἰ
1531 604 1894 682 συγκόψαντες
1941 602 2093 672 ἤδει-

429 709 534 745 σαν
592 686 728 746 διατὶ
776 689 1004 771 ἔκοψαν,
1065 692 1109 748 εἰ
1184 692 1260 768 μὴ
1339 695 1425 757 οἶς
1495 689 1765 761 ἠϐούληθη
1840 694 1868 748 6
1926 691 2094 771 μέγας

436 779 629 857 Πατήρ
693 778 1060 856 ἀποκαλύψαι.
1130 780 1267 838 Ποτὲ
1332 786 1433 849 τῆς
1491 782 1644 860 ἁγίας
1701 779 1955 856 πέμπτης
2001 787 2095 838 τοῦ

434 866 633 947 Πάσχα
677 867 1107 946 καταλαϐούσης,
1155 868 1349 950 ἤνεγκέ
1400 892 1480 935 τις
1532 869 1720 951 ἰχθύας
1771 868 1826 925 ἐν
1854 875 1922 946 τῇ
1951 875 2090 947 μονῇ

434 952 631 1020 καλοὺς
684 959 775 1014 καὶ
828 956 1119 1039 μεγάλους,
1179 960 1234 1017 ἓν
1286 960 1519 1039 κοφίνων
1574 957 1796 1039 πλῆρες,
1849 957 1943 1014 ἵνα
1988 981 2086 1034 μι-

436 1044 565 1122 κρὰν
594 1045 930 1120 παράκλησιν
958 1045 1189 1105 λάϐωσιν
1246 1050 1293 1105 οἱ
1347 1046 1559 1129 ἀδελφοὶ
1612 1046 1673 1104 ἐκ
1725 1051 1824 1115 τῆς
1877 1044 2086 1114 πολλῆς

434 1132 527 1188 καὶ
554 1140 758 1212 μακρᾶς
792 1137 1043 1203 νηστείας
1073 1152 1087 1167 ’
1148 1138 1236 1193 καὶ
1293 1135 1414 1195 ἰδὼν
1471 1135 1658 1200 αὐτοὺς
1710 1138 1737 1193 6
1766 1134 1973 1215 Πατὴρ,
2005 1134 2087 1192 ὅτι

434 1222 622 1299 μικρὸν
687 1222 1119 1303 ἧγαλλιάσθησαν
1190 1223 1386 1289 ἰδόντες
1478 1224 1597 1289 τοὺς
1666 1223 1878 1305 ἰχθύας,
1937 1221 2087 1281 εἴασε

432 1309 534 1383 μὲν
589 1313 777 1375 αὐτοὺς
828 1311 999 1388 ξύσαι,
1061 1315 1150 1371 καὶ
1204 1312 1416 1394 πλῦναι,
1494 1314 1583 1369 καὶ
1642 1312 1918 1388 ἑτοιμάσαι
1953 1314 2085 1393 πρὸς

423 1398 493 1453 τὸ
545 1399 746 1474 ἑψῆσαι
779 1415 795 1433 ’
848 1402 990 1466 τινὸς
1033 1400 1089 1458 δὲ
1138 1403 1421 1482 προσαίτου
1465 1399 1878 1477 καταλαϐόντος,
1931 1399 2087 1458 δέδω-

421 1507 521 1544 κεν
552 1492 698 1564 αὐτῷ
726 1490 985 1560 ἅπαντας,
1019 1492 1098 1567 μὴ
1128 1492 1287 1555 ἐάσας
1337 1489 1389 1557 ἐξ
1438 1493 1605 1549 αὐτῶν
1652 1488 1855 1553 οὔδένα.
1905 1488 2083 1556 Οὕτως

424 1573 737 1636 ἐπαίδευσεν
767 1579 952 1643 αὖτοὺς
992 1578 1057 1635 ἐκ
1082 1578 1360 1642 διαθέσεως
1411 1578 1634 1655 ψάλλειν
1659 1580 1722 1635 τὸ
1755 1599 1769 1612 ⁸
1829 1597 1854 1635 (ι
1906 1578 2086 1659 Κύριε,

422 1662 670 1722 ἐναντίον
697 1688 794 1724 σου
819 1674 969 1725 πᾶσα
994 1671 1030 1736 ἡ
1059 1666 1306 1745 ἐπιθυμία
1336 1690 1438 1745 μου
1471 1685 1486 1702 ⁸
1542 1691 1571 1724 n
1603 1668 1693 1724 καὶ
1719 1667 1780 1724 τό
1807 1684 1823 1700 ⁸
1861 1685 1893 1727 (
1925 1668 2085 1747 Μερίς

2176 511 2411 594 quando
2424 510 2664 593 quidem
2678 515 2892 577 necilli
2914 515 3052 598 ipsi,
3080 517 3558 598 quiceciderant,
3584 510 3824 585 causam

2174 608 2408 673 norant,
2458 620 2565 664 cur
2602 602 2990 680 cecidissent,
3020 606 3139 668 nisi
3171 606 3388 688 quibus
3417 607 3548 689 ipse
3576 628 3827 687 magnus

2175 691 2349 751 Pater
2367 689 2587 753 detexit
2615 709 2921 757 arcanum.
2955 693 3318 759 Obtulerunt
3348 696 3586 777 quidam
3620 706 3827 761 sancta

2174 777 2323 840 feria
2351 778 2556 860 quinta
2589 780 2825 844 Pascha;
2874 786 3235 866 monasterio
3268 784 3508 848 corbem
3541 785 3822 866 egregio-

2173 876 2308 920 rum
2353 867 2413 921 et
2462 878 2809 938 magnorum
2860 862 3115 943 piscium
3167 865 3427 945 plenam,
3478 872 3545 928 ut
3582 862 3822 930 modico

2167 946 2546 1036 afﬁcerentur
2560 948 2866 1029 refrigerio
2880 950 3111 1027 fratres,
3134 952 3412 1015 diuturno
3424 971 3493 1016 ac
3522 951 3706 1016 nimio
3728 956 3823 1036 je-

2162 1033 2336 1124 junio
2358 1035 2617 1124 confecti
2641 1056 2656 1098 :
2689 1045 2748 1099 et
2769 1057 2907 1101 eum
2925 1040 3171 1104 vidisset
3194 1041 3329 1105 illos
3348 1039 3545 1118 Pater,
3569 1033 3823 1124 conspe-

2170 1121 2282 1212 ctis
2312 1122 2576 1203 piscibus
2605 1124 2820 1188 leviter
2865 1128 3223 1192 exhilaratos
3277 1130 3548 1211 permisit
3576 1121 3822 1212 quidem

2169 1209 2544 1300 desquamari
2574 1213 2791 1293 pisces,
2813 1215 2994 1279 lavari
3016 1224 3074 1279 et
3097 1217 3171 1280 ad
3195 1209 3576 1298 coquendum
3595 1209 3819 1300 parari,

2167 1299 2273 1362 sed
2299 1318 2508 1362 omnes
2531 1303 2807 1366 mendico
2832 1304 3067 1368 cuidam
3088 1313 3227 1368 tunc
3254 1324 3387 1368 sese
3407 1299 3684 1369 offerenti
3718 1307 3822 1370 do-

2168 1387 2349 1470 navit,
2384 1407 2460 1451 ne
2489 1408 2608 1452 uno
2639 1391 2879 1471 quidem
2927 1393 3161 1456 relicto.
3214 1396 3301 1457 Ita
3355 1394 3491 1456 illos
3521 1394 3723 1456 docuit
3751 1413 3823 1457 ex

2167 1476 2366 1539 animo
2387 1497 2631 1541 canere:
2660 1503 2687 1536 α
2712 1479 2986 1557 Domine,
3009 1491 3145 1544 ante
3168 1489 3227 1544 te
3249 1500 3425 1544 omne
3449 1480 3820 1545 desiderium

2172 1584 2375 1629 meum
2400 1568 2503 1648 33;
2552 1593 2581 1625 »
2621 1576 2716 1634 et:
2753 1594 2780 1626 α
2813 1569 3010 1633 Portio
3041 1590 3198 1645 mea,
3229 1571 3503 1647 Domine,
3538 1578 3596 1633 et
3626 1570 3819 1651 portio

2174 1655 2591 1720 desiderabilis
2602 1659 2686 1721 54.
2704 1684 2732 1715 »
2759 1659 2863 1721 Est
2885 1659 3212 1722 oratorium
3230 1659 3291 1720 in
3313 1678 3547 1722 summa
3567 1658 3821 1722 Rossani

424 1775 536 1827 μω
581 1754 662 1829 εἶ,
715 1756 890 1836 Κύριε,
948 1757 1063 1836 καὶ,
1095 1744 1291 1835 κλῆρος
1342 1744 1692 1823 νέπιπόθητος.
1728 1778 1756 1811 ε
1793 1744 2080 1836 Εὒκτήριόν

2171 1751 2336 1826 parte
2352 1746 2886 1836 speciosissimum,
2906 1757 3126 1811 sancta
3150 1747 3481 1811 Anastasiae
3499 1747 3625 1825 (36)
3653 1747 3817 1836 dica-

423 1838 573 1896 ἒστιν
601 1840 659 1898 ἐν
847 1835 995 1924 ἄκρῳ
1052 1835 1317 1904 Ῥυσιάνου
1367 1843 1720 1925 τερπνότατον
1749 1841 1834 1901 ἐπ’
1864 1843 2085 1920 ὀνόματι

422 1932 527 1992 τῆς
586 1926 742 2007 ἄγξας
800 1927 1179 2012 Ἀναστασίας,
1229 1933 1435 1989 κτισθὲν
1483 1932 1585 2007 μὲν
1639 1933 1742 1988 ὑπὸ
1798 1928 2085 2011 Εὒπραξίου

434 2022 530 2072 τώ
582 2015 877 2094 βασιλικοῦ,
935 2030 1116 2098 κριτοῦ
1159 2021 1439 2099 γεγονότος
1485 2018 1710 2085 Ἰταλίας
1764 2021 1853 2077 καὶ
1901 2018 2085 2079 Καλα-

439 2099 583 2181 6ρίις
606 2150 622 2177 ,
718 2109 1117 2187 φροντιστήριον
1214 2107 1269 2165 δὲ
1354 2112 1696 2190 χρηματίσαν
1787 2107 2079 2189 παρθένων.

436 2193 633 2253 Τούτου
681 2196 781 2263 τὴν
844 2197 1167 2277 προστασίαν
1217 2197 1494 2265 ἐπιστεύθη
1543 2196 1687 2277 παρὰ
1732 2202 1825 2255 τοῦ
1867 2196 2085 2277 Εύπρα-

426 2278 540 2345 ξίου
633 2282 783 2349 ὄντος
876 2284 933 2342 ἐν
1028 2284 1576 2344 Κωνσταντινουπόλει
1673 2285 1913 2362 μοναψός
2000 2307 2083 2349 τις

425 2366 717 2437 Ἀντώνιος
766 2380 845 2449 τῷ
900 2373 1122 2450 ὀνόματι
1156 2395 1174 2415 ο
1235 2376 1293 2439 ὃς
1349 2374 1646 2456 χρημάτων
1697 2372 1910 2454 ὑπάρξει
1938 2394 2084 2453 περι-

422 2461 751 2541 ερχόμενος,
823 2464 914 2521 καὶ
980 2465 1084 2521 ὑπὸ
1152 2471 1246 2522 τοῦ
1314 2465 1535 2522 θανάτου
1609 2462 2079 2543 κατεπειγόμενος,

420 2550 769 2629 ὑφορώμενος
861 2554 925 2610 τὸ
1021 2559 1128 2612 τῶν
1223 2553 1484 2635 ἆρχόντον
1584 2554 1907 2633 εῦάρπακτον
1993 2553 2082 2609 καὶ

422 2639 733 2720 εὖρόφιστον
760 2688 779 2716 ,
862 2641 950 2701 ἐπὶ
1036 2644 1126 2701 τὸν
1218 2642 1407 2702 ἄσυλον
1498 2643 1694 2722 μύργον
1763 2643 2080 2723 καταφεύγει

425 2728 638 2808 Πατέρα
691 2732 786 2788 τὸν
847 2730 991 2789 ὅσιον
1024 2747 1041 2763 '
1100 2733 1191 2790 καὶ
1257 2742 1442 2793 τοῦτον
1493 2732 1705 2789 πάντων
1760 2736 1865 2788 τῶν
1925 2735 2082 2791 αὐτοῦ

422 2818 769 2889 καταστήσας
867 2819 1169 2902 ἐπίτροπον,
1259 2821 1398 2880 οὕτω
1484 2819 1671 2878 λοιπὸν
1755 2819 2080 2901 ἀφρονίστως

420 2904 823 2975 τετελεύτηκεν.

504 2984 620 3087 μ’.
707 3006 849 3077 Οπερ
915 2999 1145 3065 ἀκούσας
1213 3002 1241 3058 6
1295 3006 1388 3058 τοῦ
1444 3005 1576 3057 Θεοῦ
1630 2997 1928 3075 οἰκονόμος,
1972 2998 2137 3087 ,κάρ

2172 1840 2320 1909 tum,
2342 1833 2415 1895 ab
2438 1833 2734 1915 Eupraxio
2756 1836 3052 1918 imperiali
3074 1836 3375 1918 quondam
3390 1836 3600 1917 judice
3637 1835 3821 1900 Italiae

2170 1928 2229 1984 et
2274 1921 2566 1986 Calabriae
2621 1925 3075 2008 exaediﬁcatum,
3126 1924 3284 2007 quod
3328 1932 3536 2006 postea
3579 1941 3817 1987 sacrum

2166 2011 2387 2076 exstitit
2420 2013 2596 2076 etiam
2629 2014 2999 2078 domicilium
3042 2013 3368 2094 virginum.
3422 2013 3618 2093 Hujus
3664 2012 3820 2075 sacri

2164 2097 2282 2161 ioci
2312 2119 2517 2164 curam
2568 2103 3029 2166 demandaverat
3074 2102 3237 2166 idem
3283 2101 3641 2183 Eupraxius,
3674 2099 3818 2162 dum

2165 2196 2323 2253 esset
2351 2190 2883 2274 Constantinopoli,
2913 2192 3151 2256 cuidam
3184 2192 3506 2272 monacho,
3552 2188 3815 2253 Antonio

2165 2282 2407 2343 nomine
2435 2301 2449 2343 :
2499 2282 2602 2364 qui
2632 2303 2768 2345 cum
2799 2291 2959 2346 esset
2984 2284 3345 2365 pecuniosus
3375 2290 3433 2348 et
3461 2283 3633 2344 morti
3668 2279 3814 2341 vici-

2165 2387 2301 2445 nus,
2335 2370 2554 2434 timens
2580 2371 2971 2453 rapacitatem
3001 2371 3334 2454 principum
3367 2378 3578 2433 cuncta
3606 2368 3813 2431 absor-

2163 2455 2456 2536 bentium,
2488 2459 2565 2522 ad
2596 2460 2949 2523 tutissimam
3002 2460 3238 2537 turrim,
3290 2460 3527 2523 beatum
3575 2460 3813 2522 Patrem

2165 2546 2452 2627 confugit,
2481 2567 2658 2630 quem
2691 2568 2932 2613 suarum
2962 2549 3224 2613 omnium
3256 2567 3459 2612 rerum
3474 2553 3812 2609 curatorem

2161 2633 2507 2720 instituens,
2542 2637 2697 2702 liber
2722 2646 2849 2703 tum
2892 2640 3133 2704 demum
3185 2638 3350 2702 cmni
3397 2633 3805 2701 sollicitudine

2163 2723 2483 2790 defunctus
2511 2734 2625 2793 est.

2234 3007 2338 3072 46.
2371 3006 2539 3081 Quod
2570 3007 2671 3071 ubi
2701 3008 2972 3088 cognovit
2994 3005 3102 3072 Dei
3132 3009 3810 3092 ceconomus,misertus

422 3083 843 3180 σπλαγχνισθεὶς
893 3093 954 3148 οὗ
1011 3096 1256 3148 τοσοῦτον
1297 3089 1397 3180 ’ἐπὶ
1584 3087 1911 3180 ἀπελθόντι,
1945 3085 2067 3180 ὅσον

2167 3114 2269 3158 ιοιι
2290 3103 2405 3158 tam
2433 3083 2902 3180 defuncti,quam
2914 3103 3100 3160 status
3123 3083 3615 3180 mouasteriiﬁam
3634 3098 3802 3161 enim

428 3170 534 3269 ξπ).-
566 3179 634 3250 τῇ
691 3181 792 3244 τῆς
848 3182 1020 3252 μονῆς
1073 3178 1390 3236 καταστάσει
1424 3195 1444 3216 ⁸
1497 3178 1562 3247 ἧν
1618 3178 1719 3259 γὰρ
1772 3176 1961 3234 λοιπὸν
2016 3174 2070 3242 ἐξ

2167 3170 2937 3269 iefecerat,dispersumque
2955 3194 3158 3250 eratex
3170 3205 3242 3250 eo
3260 3170 3545 3269 tempore)
3552 3187 3813 3267 ,ingres-

427 3259 622 3319 ἐκείνου
676 3264 1025 3346 ἀφανισθεῖσα
1074 3268 1164 3325 καὶ
1207 3266 1667 3348 διασκορπισθεϊςα
1699 3286 1714 3302 ·
1775 3265 2070 3347 εἰσέρχεται

426 3350 481 3407 ἐν
527 3359 604 3427 τῷ
657 3353 834 3435 ἄστει,
884 3357 972 3413 καὶ
1018 3356 1085 3417 τὰ
1133 3357 1230 3431 μὲν
1281 3355 1748 3437 ἐγκαταλείμματα
1796 3362 1888 3412 τοῦ
1916 3355 2080 3412 ἀποι-

425 3440 662 3519 χομένου
685 3439 945 3523 διεμέρισε
1004 3459 1123 3510 τοῖς
1180 3457 1456 3527 πτωχοῖς,
1512 3445 1603 3501 καὶ
1632 3441 1963 3524 ἐκκλησίαις,
1991 3444 2081 3501 καὶ

427 3534 505 3601 τῷ
554 3531 896 3610 μοναστηρίῳ
927 3550 944 3567 ·
1003 3538 1177 3591 πᾶσαν
1234 3533 1291 3590 δὲ
1345 3530 1576 3601 σπουδὴν
1624 3529 1943 3595 κατεϐάλετο
1991 3539 2083 3590 τοῦ

430 3617 529 3683 τὴν
586 3616 760 3692 μονὴν
818 3622 1270 3697 καταστήσασθαι,
1342 3623 1433 3679 καὶ
1486 3620 1771 3701 παρθένους
1832 3619 1888 3677 ἐν
1943 3623 2078 3697 αὐτῇ

424 3705 743 3785 ἔμφυτεῦσαι
794 3706 939 3775 ἀξίας
986 3719 1080 3769 τοῦ
1126 3693 1577 3789 ἐπαγγέλματος..
1610 3693 1764 3788 εδιιιιερ
1808 3710 1898 3766 καὶ
1947 3693 2080 3765 Θεοῦ

425 3804 803 3874 συνεργοῦντος
857 3796 1153 3874 τετέλεκεν,
1219 3800 1395 3864 πάσας
1462 3801 1559 3863 τὰς
1610 3796 2077 3878 διεσκορπισμένας

424 3883 676 3960 συνάξας,
732 3887 822 3942 καὶ
874 3888 1175 3965 ἡγούμενην
1232 3886 1316 3945 ἐπ’
1374 3891 1562 3951 αὐταῖς
1612 3887 1927 3961 ἐπιστήσας,
1956 3884 2078 3943 οἵαν

422 3973 623 4051 ἀπῄτει
681 3977 710 4031 6
760 3974 920 4055 λόγος
955 3993 970 4007 ·
1024 3976 1398 4056 παρακαλέσας
1453 3978 1574 4042 τοὺς
1630 3977 1907 4056 οἰκήτορας
1937 3974 2079 4033 πάν·-

419 4085 520 4126 τας
572 4069 666 4121 τοῦ
720 4064 945 4145 κάστρου
1003 4066 1283 4147 φροντίζειν
1328 4070 1522 4146 αὖτῶν,
1582 4068 1656 4131 ὡς
1712 4061 2078 4144 ἀσθενεστέρου

424 4152 619 4233 μέρους
646 4154 737 4209 καὶ
765 4155 839 4217 ὡς
868 4152 1008 4231 μέγα
1064 4153 1251 4235 ὀὶρελος
1276 4152 1375 4235 Δδι’
1432 4158 1604 4214 αὐτῶν
1632 4151 2026 4233 καρπουμένους
2056 4166 2071 4181 ⁸

629 4244 814 4306 αὐτοῖς
869 4225 964 4300 καὶ⁷
1009 4225 1165 4300 τοῦτο
1198 4262 1214 4278 °
1276 4225 1382 4301 cbri.
1438 4242 1527 4300 ἐὰν
1575 4265 1656 4307 τις
1705 4225 1767 4308 ’ἐξ
1995 4262 2079 4296 τε-

2160 3292 2261 3336 sus
2285 3284 2372 3336 est
2391 3275 2452 3336 in
2473 3276 2756 3358 oppidum
2781 3294 2796 3353 ;
2825 3285 2884 3339 et
2903 3275 3122 3338 mortui
3139 3275 3383 3358 quidem
3421 3294 3521 3339 res
3542 3294 3674 3358 quae
3697 3294 3808 3338 su-

2161 3370 2461 3445 pererant,
2482 3363 2544 3425 in
2571 3382 2865 3446 pauperes
2893 3372 2954 3427 et
2980 3363 3267 3427 ecclesias
3295 3373 3353 3427 et
3377 3364 3808 3426 monasterium

2163 3452 2444 3531 erogavit,
2472 3472 2649 3517 omne
2667 3472 2807 3516 vero
2830 3453 3094 3516 studium
3121 3453 3317 3534 posuit
3336 3454 3397 3514 in
3438 3452 3808 3515 restituendo

2164 3541 2524 3605 monasterio
2556 3550 2615 3604 et
2643 3540 3005 3604 collocandis
3048 3541 3173 3603 illic
3214 3539 3541 3621 virginibus
3569 3540 3808 3619 profes-

2161 3628 2331 3691 sione
2351 3629 2567 3710 dignis.
2591 3630 2759 3705 Quod
2785 3630 2987 3707 etiam,
3007 3628 3129 3692 Deo
3168 3629 3237 3692 ad
3238 3629 3501 3711 juvante,
3536 3627 3806 3711 perfecit,

2162 3725 2220 3780 et
2242 3736 2373 3799 quae
2394 3718 2679 3799 dispersae
2695 3726 2885 3795 erant,
2920 3736 3020 3780 eas
3039 3736 3224 3780 unum
3247 3717 3310 3779 in
3340 3718 3538 3780 locum
3553 3716 3807 3797 redegit,

2162 3806 2541 3888 praefecitque
2569 3807 2688 3869 illis
2716 3806 3013 3888 ejusmodi
3040 3806 3344 3882 feminam,
3378 3805 3611 3888 qualem
3633 3823 3809 3887 opor-

2160 3893 2346 3970 tebat,
2371 3913 2591 3973 rogans
2613 3914 2822 3958 omnes
2834 3895 3130 3959 civitatem
3147 3894 3501 3971 incolentes,
3522 3902 3586 3956 ut
3603 3911 3807 3956 curam

2160 3982 2399 4044 illarum
2431 3983 2824 4065 susciperent,
2881 3991 3158 4066 tanquam
3209 3982 3559 4045 infirmioris
3607 3999 3807 4057 sexus,

2157 4070 2316 4133 unde
2337 4069 2513 4133 etiam
2536 4080 2737 4135 essent
2773 4091 3048 4153 magnam
3080 4075 3417 4154 percepturi
3447 4070 3760 4133 utilitatem
3786 4089 3803 4131 :

2156 4156 2302 4220 illud
2335 4159 2583 4240 insuper
2605 4160 2832 4223 addens
2860 4183 2875 4225 :
2902 4160 3069 4234 Quod
3102 4160 3153 4221 si
3184 4160 3318 4241 quis
3346 4166 3609 4221 vestrum
3632 4159 3808 4220 dece-

2157 4246 2255 4308 dat
2285 4255 2342 4309 et
2370 4267 2520 4310 uxor
2547 4250 2680 4330 ejus
2710 4249 2850 4314 velit
2876 4249 2938 4311 in
2985 4255 3287 4328 posterum
3321 4246 3590 4310 caelibem
3622 4244 3806 4307 vitam

424 4329 688 4407 λευτήσῃ,
746 4331 834 4387 καὶ
883 4329 1119 4409 βουληθῇ
1173 4333 1209 4401 ἡ
1456 4332 1614 4390 αὐτοῦ
1662 4341 1758 4391 τοῦ
1807 4329 1997 4390 λοιποῦ
2024 4330 2078 4387 ἐν

2167 4353 2360 4415 agere,
2393 4335 2445 4397 si
2473 4324 2597 4397 non
2624 4338 2722 4419 sit,
2750 4357 2866 4419 quo
2911 4324 3012 4399 illa
3038 4336 3339 4415 confugiat
3369 4344 3427 4398 et
3455 4333 3706 4417 proinde
3731 4333 3807 4395 ad

607 4420 824 4497 βιῶσαι,
879 4421 958 4496 μὴ
1026 4419 1228 4502 ἔχουσα
1273 4420 1332 4478 δὲ
1386 4428 1489 4479 ποῦ
1531 4433 1876 4502 καταφυγεῖν,
1912 4419 2076 4501 ἑτέρῳ

2167 4423 2451 4485 secundas
2482 4424 2718 4506 nuptias
2746 4432 3028 4501 transeat,
3062 4443 3168 4486 vos
3194 4425 3257 4486 in
3289 4425 3466 4503 culpa
3497 4421 3686 4500 eritis,
3707 4420 3811 4503 qui

422 4510 588 4588 γάμῳ
652 4508 1051 4591 προσομιλήσῃ,
1122 4510 1370 4591 ὑμέτερόν
1440 4510 1551 4567 ἐστι
1621 4524 1891 4590 πταῖσμα,
1968 4514 2075 4567 τῶν

2167 4511 2415 4574 studium
2448 4531 2569 4574 non
2601 4513 3017 4591 adhibueritis,
3049 4522 3111 4575 ut
3139 4520 3253 4574 tam
3286 4511 3569 4577 nobibilis
3597 4509 3812 4573 civitas

422 4600 505 4673 μὴ
553 4596 960 4657 σπουδασάντων
1005 4598 1100 4656 ’ἱνα
1147 4600 1367 4668 τοιαύτη
1410 4598 1566 4663 πόλις
1613 4600 1669 4658 ἓν
1725 4600 2077 4680 μοναστήριον

2167 4619 2341 4663 unum
2375 4601 2589 4666 habeat
2613 4602 3063 4668 monasterium.
3115 4605 3407 4664 Caeterum
3438 4618 3573 4663 cum
3613 4599 3810 4662 adhuc

424 4686 559 4767 ἔχῃ.
636 4694 728 4744 Ετι
785 4684 842 4742 δὲ
902 4686 1062 4745 αυτοῦ
1116 4686 1170 4743 ἐν
1223 4695 1301 4763 τῷ
1353 4687 1566 4767 κάστρῳ
1629 4693 2077 4766 προσκαρτεροῦν-

2167 4698 2493 4753 moraretur
2520 4692 2583 4754 in
2613 4691 2831 4773 oppido
2882 4699 2942 4754 et
2986 4692 3048 4754 in
3094 4689 3370 4753 morbum
3420 4708 3541 4750 non
3570 4705 3809 4767 gravem

424 4797 541 4849 τος,
599 4777 691 4831 καὶ
745 4776 933 4855 μικρὸν
988 4777 1091 4834 ὑπὸ
1146 4776 1313 4862 νόσου,
1356 4773 1809 4862 καταληφθέντος,
1867 4773 2077 4843 εἰσῆλθε

2167 4777 2485 4856 incidisset,
2500 4780 2660 4844 venit
2677 4788 2736 4844 et
2751 4780 3127 4862 metropolita
3138 4777 3421 4844 Calabriae
3440 4774 3809 4857 Theophyla-

420 4868 512 4922 καὶ
568 4866 598 4921 6
669 4862 1069 4943 μητροπολίτης
1134 4861 1431 4945 Καλαϐρεας
1508 4861 1895 4945 Θεοφύλακτος,
1953 4886 2080 4923 συν·-

2167 4873 2288 4931 ctus
2306 4868 2523 4952 (37),et
2543 4888 2662 4935 una
2674 4889 2809 4935 cum
2829 4861 2963 4953 ipso
2974 4870 3093 4934 Leo
3111 4867 3474 4932 domesticus
3489 4863 3810 4947 (38),titte-

504 5025 572 5077 33
596 5023 763 5090 Psal.
790 5040 1017 5104 xxxvu,
1049 5022 1149 5091 10.
1229 5024 1296 5077 ³4
1320 5023 1478 5091 Psal.
1510 5039 1707 5101 cxvm,
1737 5022 1839 5087 57.

1808 5211 2057 5277 Joannis
2087 5212 2213 5279 Clei
2245 5225 2422 5282 notae.

512 5321 646 5403 (36)
676 5321 1008 5410 Eupraxius
1062 5322 1116 5386 is
1162 5323 1330 5410 idem
1367 5323 1612 5410 videtur.
1647 5321 1725 5384 de
1754 5340 1870 5410 quo
1900 5321 2074 5403 paulo
2157 5322 2291 5400 fuit,
2325 5325 2414 5386 uti
2451 5324 2608 5387 infra
2647 5316 3316 5410 narratur.g_Verisimile
3345 5332 3523 5410 porro
3557 5323 3668 5392 est,
3708 5333 3812 5410 re-

428 5401 568 5487 post
592 5401 702 5487 :‘at
727 5401 786 5465 is
810 5403 912 5466 diu
968 5414 1110 5487 ante
1152 5404 1439 5487 sacellum
1481 5401 2078 5487 S._Anastasiaa'con-
2158 5412 2485 5487 stauretum
2513 5424 2547 5467 a
2577 5411 2784 5487 sancto
2834 5401 3289 5487 parthenonem,
3344 5403 3551 5487 postea
3600 5401 3809 5487 conci-

428 5477 720 5567 strnxisse
748 5484 1086 5547 censendus
1107 5494 1217 5560 est,
1241 5477 1723 5567 quandoquidem
1737 5483 1867 5567 ejus
1886 5483 2077 5567 admi-
2159 5484 2346 5567 disse,
2380 5505 2515 5549 nam
2548 5486 2707 5550 illius
2735 5477 2897 5567 apud
2938 5483 3254 5560 Agrestam
3302 5477 3459 5561 saepe
3507 5477 3809 5541 laudatum

431 5564 709 5651 nistratio
739 5581 859 5630 non
891 5583 1070 5651 parvo
1101 5562 1370 5648 tempore
1398 5562 1667 5651 videatur
1696 5562 1808 5626 sub
1821 5563 2078 5627 Antonio
2165 5565 2529 5651 mentionem
2558 5562 2962 5651 noninvenio.
3277 5639 3301 5651 _
3372 5647 3383 5651 _
3554 5637 3570 5651 _
3615 5637 3652 5651 ﬂ

431 5646 642 5720 fuisse,
664 5663 709 5736 ἐ
738 5637 1087 5738 quo_legata
1117 5637 1471 5710 testamento
1500 5645 1657 5708 bona
1685 5652 1994 5725 acceperat
2024 5653 2084 5706 et
2249 5645 2377 5729 (37)
2405 5648 2497 5711 An
2525 5644 3035 5728 archiepiscopus,
3053 5658 3126 5704 an
3146 5639 3460 5724 praefectus
3462 5637 3815 5782 1palatinus?

435 5724 796 5782 muneribus
822 5726 1206 5782 distribuerat
1260 5731 1324 5782 ἓ-
1362 5727 1563 5782 Nilus;
1605 5731 1849 5782 nronter
1899 5743 2081 5782 quam
3491 5719 3526 5781 d
3561 5718 3814 5781 suadere

432 5718 796 5820 pauperibus
822 5718 1206 5820 distribuerat
1361 5727 1563 5820 Eilus;
1602 5718 1849 5820 propter
1899 5743 2081 5820 quam
2254 5718 2365 5820 ξμς
2424 5819 2427 5820 ν
2539 5808 2550 5820 ⁸
2734 5718 2779 5820 ’Δ
2904 5718 2923 5726 ’
3017 5718 3085 5820 ’1
3147 5718 3166 5724 ⁷
3550 5718 3814 5820 suadere

428 5799 570 5870 iem'
587 5805 851 5870 avaritia:
892 5806 1112 5873 deinde
1156 5809 1315 5891 apud
1361 5799 1734 5891 Eupraxium'
1771 5799 2087 5869 accusatus
2246 5808 2375 5891 (38)
2409 5808 2732 5890 Δομὲστικος
2763 5814 2887 5871 tum
2930 5801 3090 5887 apud
3137 5799 3495 5887 posteriores
3548 5799 3808 5866 Graecos.
