4182 6418
472 363 548 428 8⁸1
1987 353 2132 418 ANC

2217 353 2342 418 YMI
3778 349 3855 415 88

466 494 757 558 ratissimi
814 500 873 556 et
929 489 1325 556 eruditissimi
1377 488 1512 552 viri.
1570 487 1647 550 At
1692 502 1830 548 vero
1880 493 2124 550 sanctus

2217 488 2317 563 ίμα
2347 484 2402 544 δὲ
2459 488 2601 564 αὗτῷ
2656 491 2745 546 καὶ
2802 491 2830 546 6
2887 487 3199 566 δομέστικος
3260 488 3430 564 Λέων,
3466 484 3643 566 ἄνδρες
3675 507 3853 566 γραμ-

466 581 646 646 Pater
695 582 861 646 Nilus
886 581 1089 664 populi
1104 580 1342 644 turbam
1364 577 1596 658 fugiens
1617 582 1674 638 et
1696 575 1950 638 amicam
1965 576 2125 657 quie-

2217 576 2568 654 ματικώτατοι
2598 580 2688 634 καὶ
2735 577 3054 659 σοφώτατοι.
3125 570 3182 636 εΟ
3230 575 3285 633 δὲ
3315 575 3460 639 ὅσιος
3490 577 3674 653 Πατὴρ
3703 577 3857 649 ἡμῶν

474 674 593 736 tem
610 660 1174 754 semperexo'ptans,
1209 687 1417 750 parum
1448 667 1520 729 ab
1548 664 1764 754 oppido
1797 664 2121 754 digressus,

2217 662 2403 728 Νεῖλος
2434 665 2640 746 φεύγων
2671 666 2770 733 τὴν
2824 676 2916 724 τοῦ
2968 664 3099 722 λαοῦ
3151 664 3404 745 ὄχλησιν,
3456 665 3544 719 καὶ
3572 663 3670 729 τὴν
3703 660 3859 740 φίλην

474 760 648 841 petiit
678 750 1243 841 templum—cultoris
1295 756 1483 818 eremi
1529 752 1773 841 Joannis
1819 752 2117 841 Baptistae,

2217 754 2435 841 ᾕσυχίαν
2460 839 2470 841 ξ
2500 754 2579 811 ἀεὶ
2656 754 3041 831 ἀσπαζόμενος,
3118 752 3288 820 ἒξελθε
3356 752 3542 831 μικρὸν
3612 750 3716 807 ἀπὸ
3771 755 3865 805 τοῦ

475 839 649 929 cujus
704 839 881 910 etiam
944 846 1077 908 vitae
1125 845 1461 908 institutum
1506 840 2124 929 imitabatur,_ibique

2217 839 2392 904 ἵστεος
2456 839 2508 898 ὲν
2579 849 2657 917 τῷ
2727 850 2836 917 νειῷ
2906 849 2998 898 τοῦ
3066 842 3361 923 φιλερήμου
3417 840 3505 896 καὶ
3562 843 3862 895 Βαπτιστοῦ

473 926 610 998 cum
669 936 794 1000 Deo
853 934 1363 1006 sermocinabatur
1417 941 1571 995 totus
1628 929 1688 990 in
1740 927 2126 991 meditatione

2217 927 2480 1006 Ἰωάννου,
2532 933 2590 988 οὗ
2637 932 2724 988 καὶ
2771 933 2861 988 τὸν
2910 932 3023 1009 βίον
3073 930 3281 1006 ἐζήλου,
3331 929 3492 986 κάκεῖ
3539 926 3861 1009 προσωμίλει

476 1023 734 1091 deﬁxus.

2217 1024 2285 1092 τῷ
2320 1024 2457 1093 Θεῷ,
2490 1022 2579 1077 καὶ
2606 1027 2675 1097 τῇ
2707 1019 2904 1095 μελέτη
2934 1032 3248 1101 προσεῖχεν.

1966 1169 2210 1236 CAPUT
2241 1170 2367 1234 VII.

480 1291 828 1372 Propositus
854 1287 972 1351 sibi
997 1304 1074 1350 ea;
1099 1285 1294 1349 sacris
1324 1282 1571 1348 Litteris
1599 1280 1953 1372 quaestiones
1974 1279 2236 1372 resolvit,
2261 1297 2344 1343 ex
2364 1282 2562 1359 iisque
2580 1284 2973 1372 proponemus
2988 1276 3068 1340 ad
3080 1274 3298 1355 iudicii
3313 1264 3869 1372 timorm-uitaque

561 1360 1049 1443 emendationem
1081 1377 1394 1450 hortatur;
1437 1390 1573 1434 cum
1597 1360 1810 1433 Judaeo
1840 1386 2023 1448 agere
2041 1369 2116 1430 de
2142 1367 2264 1431 Deo
2294 1374 2571 1442 recusat;
2605 1367 2875 1431 habitum
2903 1369 3303 1430 monasticam
3332 1360 3729 1427 irridentibus
3756 1361 3870 1423 im-

555 1468 881 1532 minentem
911 1465 1190 1527 divinam
1218 1464 1509 1524 ultionem
1539 1458 1836 1541 praedicit.

554 1573 659 1635 47.
690 1568 917 1632 Prodiit
947 1586 1090 1649 ergo
1121 1566 1194 1629 ad
1224 1583 1359 1631 eum
1385 1563 1761 1644 metropolita
1791 1569 1849 1624 et
1878 1560 2120 1649 domes-7

477 1659 631 1722 ticus
658 1666 717 1722 et
739 1643 1135 1736 magistratus,
1160 1655 1448 1733 multique
1470 1643 1819 1715 sacerdotes
1832 1657 1889 1711 et
1922 1648 2125 1730 populi

2217 1648 2538 1730 Ξομέστικος,
2573 1651 2660 1707 καὶ
2717 1652 2763 1707 οἱ
2821 1648 3104 1730 ἄρχοντες,
3164 1649 3252 1705 καὶ
3299 1652 3406 1704 τῶν
3437 1646 3617 1726 ἱερέων
3648 1643 3865 1722 πολλοὶ,

476 1730 865 1811 nonminima
873 1762 1029 1826 pars.
1046 1745 1233 1806 Porro
1246 1730 1562 1804 interviam
1577 1740 1768 1801 iniere
1780 1738 2120 1812 consilium,

2217 1740 2294 1795 καὶ
2359 1737 2489 1796 λαοῦ
2559 1736 2720 1818 μέρος
2790 1742 2850 1797 οὗ
2919 1737 3279 1817 βραχύτατον.
3345 1733 3754 1793 Ἐϐουλεύσαντο
3811 1730 3871 1789 δὲ

479 1837 612 1919 quis
641 1835 782 1918 quid
813 1813 899 1895 illi
926 1839 1284 1914 proponeret
1316 1851 1348 1893 e
1379 1829 1699 1919 Scriptura;
1726 1826 1980 1919 arcanis,
2005 1844 2123 1919 non

2217 1825 2345 1882 κατά
2393 1826 2491 1893 τὴν
2550 1813 2693 1902 ὁδον,
2750 1825 2829 1888 τίς
2884 1813 3161 1881 scabram
3212 1823 3456 1902 ἐρωτήσῃ
3503 1829 3610 1879 τῶν
3651 1825 3868 1901 Γραφῆς

476 1912 598 1987 tam
626 1912 977 1986 addiscendi
1006 1912 1226 2001 studio,
1261 1938 1435 2001 quam
1466 1917 1798 2000 periculum
1842 1914 2122 1978 faciendi.

2217 1913 2515 1993 Ξιποῤῥήτων
2550 1933 2564 1948 ·
2637 1915 2696 1971 οὒ
2772 1924 3020 1973 τοσοῦτον
3108 1916 3320 1990 μαθεῖν,
3412 1912 3537 1970 ὅσον
3615 1916 3868 1991 πειρᾶσαι

481 2011 741 2078 Sedebat
763 2029 796 2072 e
816 2009 1060 2090 regione
1082 2007 1171 2071 vir
1190 1992 1452 2080 sanctus,
1468 1992 1537 2068 ἐι
1566 2024 1699 2068 cum
1728 2003 1973 2065 vidisset
1992 2002 2126 2064 illos

2217 2002 2543 2079 Βουλόμενοι.
2606 2004 2916 2080 Καθήμενος
2974 2000 3028 2058 δὲ
3085 2000 3137 2067 ἐξ
3193 2001 3429 2090 ἐναντίας
3479 2003 3507 2056 6
3553 1998 3720 2090 ὅσιος,
3774 1992 3869 2055 καὶ

2286 1550 2395 1637 μζ’.
2432 1558 2681 1628 Ἐξῆλθεν
2711 1560 2798 1619 οὗν
2828 1560 2959 1641 πρὸς
3011 1559 3168 1616 αὒτὸν
3213 1560 3241 1615 6
3291 1555 3688 1638 μητροπολίτης
3718 1556 3806 1611 καὶ
3836 1556 3867 1611 6

479 2101 554 2164 ad
585 2119 650 2162 se
669 2100 998 2177 venientes,
1043 2114 1244 2158 secum
1284 2094 1559 2157 dicebat:
1600 2093 1755 2155 Ecce
1796 2091 2038 2153 veniunt
2066 2090 2128 2152 hi

482 2195 542 2250 et
576 2203 923 2249 sermonum
966 2183 1137 2246 nobis
1156 2183 1421 2245 inanium
1452 2199 1625 2243 ansas
1654 2179 1897 2242 dabunt.
1933 2178 2006 2240 At
2039 2186 2124 2259 tu,

482 2275 738 2339 Domine
758 2275 901 2336 Jesu
924 2271 1178 2347 Christe,
1204 2271 1394 2333 libera
1413 2289 1523 2332 nos
1546 2288 1579 2331 e
1602 2267 1829 2349 laqueis
1852 2269 2128 2330 adversa-

477 2364 631 2428 riiet
651 2361 867 2441 largire
896 2360 1092 2437 nobis,
1128 2367 1193 2421 ut
1216 2359 1549 2438 cogitemus
1574 2366 1633 2418 et
1654 2357 1967 2437 loquamur
1996 2373 2128 2436 quae

479 2459 731 2532 oportet,
766 2457 826 2512 et
853 2467 1094 2528 agamus
1124 2466 1255 2529 quae
1284 2447 1391 2510 tibi
1424 2446 1642 2526 placita
1673 2451 1833 2506 sunt.
1863 2444 2007 2507 Cum
2047 2442 2130 2505 ita

474 2546 720 2616 orasset,
752 2538 942 2618 aperit
972 2537 1215 2612 librum,
1251 2554 1428 2617 quem
1480 2553 1604 2616 prae
1631 2532 1907 2595 manibus
1937 2532 2127 2593 habe-

479 2628 601 2709 bat,
634 2635 693 2691 et
718 2626 930 2689 incidit
973 2624 1127 2687 forte
1176 2625 1235 2685 in
1290 2624 1697 2686 narrationem
1754 2621 1833 2683 de
1878 2620 1965 2709 iis
1999 2638 2131 2709 quae

479 2707 736 2780 revelata
746 2715 979 2777 fuerant
995 2713 1166 2775 beato
1184 2711 1475 2785 Simeoni,
1495 2727 1825 2790 cognomen
1835 2716 1895 2772 to
1914 2707 2131 2770 Mentis

480 2803 848 2869 admirabilis
870 2803 1022 2881 (39).
1055 2802 1199 2866 Cum
1232 2819 1374 2881 ergo
1405 2799 1493 2861 illi
1524 2817 1711 2880 prope
1742 2796 2134 2859 accessissent

484 2901 544 2956 et
564 2897 802 2974 peracta
822 2890 1176 2952 salutatione
1191 2886 1857 2961 consedissentJibrum
1874 2885 2136 2967 porrexit

483 2980 809 3045 domestico
840 2997 1090 3058 magnus
1118 2977 1312 3052 Pater,
1347 2988 1412 3037 ut
1462 2977 1688 3055 legeret
1735 2974 1837 3035 ubi
1869 2981 2133 3035 notatum

485 3074 634 3132 erat.
663 3068 768 3131 Ille
816 3085 883 3129 os
926 3084 1098 3127 suum
1146 3064 1426 3146 aperiens
1473 3064 1652 3144 coepit
1698 3062 1903 3141 legere
1947 3061 2133 3122 multa

2206 2092 2527 2166 θεκσάμενος
2568 2092 2772 2155 ἀὖτοὺς
2821 2092 2954 2171 πρὸς
3010 2092 3165 2147 αὒτὸν
3232 2088 3581 2170 ἐρχομένους,
3634 2086 3777 2166 λέγει
3809 2086 3867 2143 ἐν

2208 2181 2378 2255 ἑαυτῷ
2409 2195 2423 2210 ⁸
2500 2178 2629 2237 Ἰδοὺ
2699 2188 2785 2239 νῦν
2856 2182 2997 2237 οὗτοι
3069 2177 3305 2242 ἐλθόντες
3379 2179 3454 2241 εἷς
3534 2175 3865 2256 ἀργολογίας

2208 2271 2352 2345 ἡμᾶς
2405 2266 2746 2345 ἐμϐαλοῦσιν.
2797 2265 2987 2341 Ἀλλὰ,
3047 2268 3202 2346 Κύριε
3260 2264 3437 2334 Ἰησοῦ
3488 2264 3702 2345 Χριστὲ,
3762 2263 3869 2319 λύ-

2209 2357 2403 2438 τρώσαι
2460 2359 2602 2433 ἡμᾶς
2658 2356 2718 2412 ἐκ
2774 2363 2880 2413 τῶν
2951 2354 3187 2435 παγίδων
3255 2364 3348 2414 τοῦ
3418 2353 3714 2433 ἀλλοτρίου,
3776 2354 3870 2409 καὶ

2209 2444 2442 2526 δώρησαι
2471 2448 2606 2514 ἡπῖν
2635 2444 2835 2503 ἐννοεῖν
2890 2447 2978 2502 καὶ
3033 2444 3219 2502 λαλεῖν
3277 2445 3311 2501 ἃ
3360 2442 3467 2524 δεῖ,
3499 2443 3588 2499 καὶ
3615 2443 3867 2523 πράττειν

2210 2537 2275 2592 τὰ
2304 2536 2385 2591 σοὶ
2445 2535 2719 2614 εύάρεστα.
2782 2535 2881 2593 Καὶ
2936 2540 3100 2592 ταῦτα
3159 2531 3463 2612 εὖξάμενος,
3511 2531 3708 2611 ἀνοίγει
3763 2532 3866 2598 τὴν

2212 2624 2264 2680 ἐν
2294 2629 2363 2701 τῇ
2419 2624 2560 2704 χειρὶ
2611 2623 2768 2679 αὒτοῦ
2822 2621 3026 2703 βίϐλον,
3080 2623 3165 2679 καὶ
3215 2623 3350 2679 κατὰ
3397 2621 3674 2700 συγκυρίαν
3721 2620 3866 2699 εὑρί-

2213 2733 2325 2768 σκει
2356 2711 2455 2778 τὴν
2520 2710 2814 2789 γενομένην
2871 2711 3205 2787 ἀποκάλυψιν
3263 2711 3396 2788 πρὸς
3451 2712 3542 2766 τὸν
3590 2709 3643 2765 ἐν
3691 2709 3867 2787 ἁγίοις

2214 2804 2470 2875 Συμεῶνα
2522 2800 2612 2855 τὸν
2668 2801 2740 2864 είς
2797 2800 2858 2855 τὸ
2912 2801 3210 2875 θαυμαστὸν
3263 2796 3406 2878 ὅρος.
3470 2794 3714 2855 Ἐκείνων
3758 2796 3868 2853 -οὗν

2214 2888 2563 2968 ἐγγισάντων,
2623 2890 2712 2945 καὶ
2768 2889 2904 2965 μετά
2959 2890 3059 2957 τὴν
3114 2891 3466 2970 προσκύνησιν
3512 2887 3864 2967 καθισάντων,

2215 2974 2510 3035 ἐπιδίδωσιν
2562 2980 2590 3034 6
2652 2976 2820 3057 μέγας
2877 2978 2976 3046 τὴν
3044 2975 3220 3035 ϐίϐλον
3276 2986 3353 3054 τῷ
3429 2976 3721 3054 δομεστίκῳ
3770 2985 3871 3035 τοῦ

2215 3066 2535 3146 ἀναγνῶναι,
2568 3065 2687 3122 ἔνθα
2742 3067 2804 3123 τὸ
2860 3079 3089 3143 σημεῖον
3147 3068 3380 3147 ὑπῆρχε,
3440 3057 3498 3124 εΟ
3557 3063 3613 3121 δὲ
3659 3063 3867 3129 ἀνοίξας

485 3176 624 3220 cum
644 3162 955 3218 venustate
976 3161 1036 3217 et
1063 3153 1482 3233 intelligentia.
1512 3154 1662 3214 Cum
1692 3159 1890 3213 autem
1920 3167 2130 3230 perve-

2217 3155 2273 3212 τὸ
2317 3154 2513 3230 στόμα,
2573 3152 2765 3234 ἣρξατο
2820 3155 2956 3215 πάνυ
3010 3158 3209 3237 εὐφυῶς
3264 3159 3353 3213 καὶ
3412 3159 3681 3235 νουνεχῶς
3728 3153 3868 3210 ἀνα-

483 3244 744 3309 nissetin
762 3241 1163 3319 locumillum,
1190 3222 1293 3304 ubi
1307 3222 1546 3322 dicitur,
1562 3239 1637 3301 de
1662 3222 2125 3300 millevixunam

2217 3250 2436 3323 γνῶγαι.
2498 3222 2772 3309 Ἐλθόντος
2829 3247 2917 3302 καὶ
2974 3222 3195 3312 εἷς,.τὸν
3253 3247 3442 3321 τόπον,
3501 3222 3637 3305 ὄπ’δυ
3690 3244 3865 3326 λέγει,

480 3332 732 3414 reperiri
763 3331 1021 3393 animam
1074 3330 1170 3392 his
1218 3327 1613 3411 temporibus,
1661 3345 1793 3407 quae
1820 3325 1883 3387 in
1914 3343 2128 3387 manus

2217 3332 2316 3389 ἀπὸ
2372 3333 2569 3413 μυρίων
2627 3332 2783 3409 μόλις
2840 3335 3160 3415 εὑρίσκεσθαι
3219 3338 3342 3412 μίαν
3400 3335 3584 3415 ψυχὴν
3642 3333 3695 3390 ἒν
3746 3347 3869 3397 τοῖς

481 3427 822 3485 sanctorum
851 3419 1199 3499 angelorum
1231 3418 1306 3481 de
1336 3435 1586 3498 corpore
1637 3422 1845 3490 exeat;
1891 3432 2130 3496 cmpere

2217 3421 2463 3477 ἓνεστῶσι
2506 3421 2723 3502 χρόνοις
2778 3424 2879 3490 τὴν
2926 3423 2981 3480 ἐν
3038 3426 3191 3504 χερσὶ
3243 3429 3350 3482 τῶν
3407 3427 3575 3502 ἁγιων
3625 3421 3870 3500 ἀγγέλων

484 3509 780 3592 quasiuno
806 3526 912 3570 ore
931 3526 1143 3570 omnes
1156 3506 1393 3572 dicere:
1417 3504 1610 3582 Absit,
1635 3523 1754 3566 non
1784 3510 1873 3565 est
1900 3521 2128 3585 verum,

2217 3511 2614 3591 προερχομένην
2649 3530 2664 3544 ⁶
2729 3509 2948 3592 ἤρξαντο
3005 3513 3200 3577 πάντες
3250 3515 3323 3577 ὡς
3379 3509 3431 3578 ἐξ
3462 3513 3577 3576 ἑνος
3604 3511 3869 3586 στόματος

482 3602 793 3664 hmreticus
810 3605 922 3681 est,
949 3598 1050 3681 qui
1079 3598 1194 3660 hoc
1232 3596 1401 3659 dixit.
1434 3596 1680 3658 Frustra
1709 3612 1847 3673 ergo
1879 3612 1990 3655 nos
2019 3594 2130 3656 ba-

2217 3599 2387 3678 λέγειν
2422 3616 2437 3629 ⁹
2498 3601 2588 3667 Μὴ
2642 3598 2850 3679 γένοιτο
2882 3616 2896 3630 ·
2958 3600 3053 3658 οὒκ
3110 3600 3250 3658 ἔστιν
3311 3600 3503 3668 ἀληθές
3538 3617 3552 3633 ⁸
3609 3599 3871 3679 αἱρετικός

484 3690 681 3771 ptizati
696 3707 903 3750 sumus
920 3694 973 3749 et
989 3703 1231 3750 crucem
1244 3687 1562 3749 adoramus
1588 3691 1648 3747 et
1670 3683 1888 3746 Christi
1920 3701 2132 3771 corpus

2217 3688 2359 3746 ἐστιν
2390 3690 2418 3745 6
2448 3686 2715 3759 λαλήσας.
2746 3690 2946 3746 Λοιπὸν
3000 3691 3166 3766 ἡμεῖς
3221 3689 3416 3770 δωρεὰν
3457 3687 3869 3766 ἐϐαπτίσθημεν,

490 3770 786 3839 sumimus
817 3782 876 3837 et
929 3773 1249 3839 Christiani
1273 3790 1553 3836 vocamur
1572 3778 1601 3837 ?
1628 3771 1733 3834 His
1762 3777 1820 3832 et
1848 3770 2132 3833 similibus

2220 3778 2309 3834 καὶ
2376 3777 2467 3833 τὸν
2537 3779 2755 3857 σταυρὸν
2827 3786 3241 3859 προσκυνοῦμεν,
3332 3779 3421 3836 καὶ
3491 3787 3874 3852 κοινωνοῦμεν,

485 3863 683 3926 verbis
698 3881 834 3927 cum
852 3881 1061 3925 omnes
1084 3861 1591 3937 contradicerent,
1615 3860 1962 3940 videretque
1985 3858 2132 3922 San-

2222 3867 2310 3922 κχὶ
2380 3867 2682 3945 Χριστιανοὶ
2766 3865 3069 3948 λεγόμεθας
3161 3876 3336 3926 Ταῦτα
3423 3868 3512 3924 καὶ
3581 3867 3648 3926 τὰ
3714 3864 3881 3936 ὅμοια

490 3960 642 4029 ctus,
674 3952 824 4013 nihil
847 3951 921 4014 ad
951 3952 1064 4013 hoc
1092 3969 1126 4013 a
1158 3950 1536 4033 metropolita
1563 3956 1623 4011 et
1673 3948 2002 4011 domestico
2031 3966 2132 4037 ref

2219 3953 2425 4017 τούτοις
2473 3953 2685 4011 πάντων
2733 3953 3135 4034 ἀντιλεγόντων,
3197 3954 3318 4013 ἰδὼν
3373 3959 3401 4014 6
3454 3957 3730 4037 μακάριος,
3792 3953 3879 4009 ὅτι

491 4041 799 4123 sponderi,
830 4039 1201 4122 respondens
1230 4040 1359 4121 ipse
1388 4038 1624 4122 placide
1656 4037 1803 4100 dixit
1829 4058 1842 4095 :
1894 4036 2065 4110 Quod
2088 4036 2132 4098 si

2221 4045 2250 4099 6
2301 4042 2697 4121 μητροπολίτης
2750 4045 2839 4100 καὶ
2887 4046 2915 4101 6
2970 4042 3281 4120 δομέστικος
3348 4043 3495 4102 οὒδὲν
3545 4047 3726 4108 αὒτοῖς
3776 4041 3879 4099 λέ-

490 4129 660 4192 vobis
674 4129 1017 4205 ostendero,
1032 4138 1089 4191 et
1100 4128 1383 4191 Basiliam
1397 4145 1696 4207 magnum,
1715 4124 2132 4207 etChrysosto-

2224 4152 2427 4210 γουσιν,
2492 4132 2745 4211 ἀπεκρίθη
2795 4132 3004 4212 πραέως
3057 4134 3145 4189 καὶ
3200 4134 3355 4190 εἶπεν
3390 4152 3406 4167 ο
3457 4131 3580 4191 Ἐὰν
3637 4131 3693 4189 δὲ
3745 4133 3880 4207 ὑμῖν

495 4237 680 4296 mum,
712 4226 770 4281 et
793 4217 1197 4281 beatissimum
1218 4219 1520 4299 Ephrsem,
1543 4214 1988 4278 etTheodorum
2013 4216 2132 4277 Stu-

2225 4217 2481 4285 ἀποδείξω
2547 4221 2635 4301 καὶ
2704 4223 2795 4278 τὸν
2853 4221 3020 4299 μέγαν
3078 4221 3366 4298 βασίλειον,
3429 4223 3518 4279 καὶ
3574 4221 3883 4301 Χρυσόστο-

491 4305 698 4379 ditam,
715 4305 1132 4387 etApostolum
1146 4306 1369 4386 ipsum,
1391 4324 1458 4367 ac
1470 4303 1852 4383 Evangelium
1870 4304 2132 4366 sentien-

2227 4328 2350 4384 μον,
2410 4309 2498 4366 καὶ
2559 4299 2792 4390 Ἐϐραλιμ
2842 4311 2935 4366 τὸν
2982 4310 3258 4382 πανόσιον,
3319 4312 3406 4367 καὶ
3465 4299 3731 4390 Θεόδωρον
3787 4312 3885 4366 τὸν

488 4399 578 4481 tes
606 4393 768 4456 idem
796 4400 973 4476 atque
984 4394 1368 4469 afﬁrmantes,
1390 4392 1529 4475 quid
1546 4409 1857 4481 poenarum
1876 4409 2006 4466 vos,
2030 4391 2132 4481 qui

2226 4395 2535 4477 Στουδίτην,
2587 4387 2677 4455 καὶ
2724 4400 2881 4458 αύτὸν
2924 4399 3014 4456 τὸν
3074 4396 3423 4481 Ἀπόστολον,
3480 4400 3569 4456 καὶ
3615 4387 3678 4455 τὶ)
3725 4397 3884 4477 ἇίγιον

487 4480 929 4545 inconsiderate
958 4501 1025 4544 os
1054 4481 1297 4563 aperitis
1326 4489 1385 4543 et
1433 4480 1681 4563 Spiritui
1710 4489 1917 4542 sancto
1946 4480 2132 4543 refra-

2223 4483 2549 4563 Εὒαγγέλιον
2612 4487 2704 4543 τὸν
2774 4488 2930 4544 αὐτὸν
2997 4488 3194 4545 σκοπὸν
3264 4489 3351 4545 καὶ
3420 4494 3734 4568 φρονοῦντας
3792 4488 3888 4544 καὶ

488 4570 713 4651 gamini
741 4578 802 4633 et
829 4569 1162 4634 tremendis
1207 4573 1446 4635 Patrum
1498 4568 1811 4633 sententiis
1845 4569 2132 4633 haereseos

2222 4572 2502 4655 λέγοντας,
2534 4574 2585 4631 τί
2614 4575 2853 4633 πείσεσθε
2902 4577 3064 4652 ὑμεῖς
3114 4579 3161 4634 οἱ
3212 4576 3464 4641 ἀσκόπως
3521 4577 3588 4633 τά
3642 4579 3885 4654 στόματα

1871 4760 2121 4825 Joannis
2154 4762 2279 4826 Clei
2307 4772 2485 4829 notae.

490 4867 557 4932 Id
598 4867 868 4961 suadere
920 4866 1181 4961 videtur,
1267 4867 1425 4961 quod
1496 4865 1734 4961 additur
1780 4867 2090 4961 Calabria:
2124 4886 2140 4932 :
2227 4870 2553 4961 phylactus,
2584 4872 2951 4961 potuit_Leo,
2988 4875 3089 4955 qui
3118 4874 3480 4961 domesticus
3512 4872 3643 4961 ejus
3671 4872 3886 4953 appel-

494 4949 936 5035 metropolitam
1011 4948 1187 5035 paulo
1240 4947 1393 5035 post
1467 4947 1722 5030 appellat
1780 4947 2146 5031 biographus
2227 4947 2401 5035 latur,
2442 4947 2625 5015 fuisse
2657 4947 2971 5035 praefectus
3004 4947 3218 5017 .cantui
3268 4947 3889 5035 ecclesias'lico,_"quae

489 5027 1037 5121 archiepiscopum?
1101 5027 1175 5120 Si.
1222 5027 1298 5091 de
1356 5027 1561 5121 hocce
1604 5047 1802 5121 sermo
1858 5027 2147 5121 est,'non
2230 5030 2488 5121 dignitas
2517 5052 2639 5095 non
2659 5027 2796 5097 'erat
2825 5054 2892 5096 ex
2916 5035 3169 5121 intimis,
3203 5035 3289 5097 uti
3337 5053 3456 5097 non
3487 5041 3577 5097 est
3606 5027 3788 5095 hodie
3821 5035 3887 5094 in

492 5117 617 5173 erat
690 5108 743 5191 is
815 5108 1532 5191 Bessanensis,_quippe
1597 5108 1701 5171 ubi
1777 5109 1983 5191 sedes_
2024 5115 2132 5171 tun

2230 5108 2433 5175 choris
2460 5132 2679 5176 munus
2708 5114 2988 5178 cantoris.

489 5188 776 5281 temporis
804 5187 1483 5272 archiepiscopalis'non
1539 5197 1687 5269 erat,
1720 5190 1828 5253 sed
1858 5188 1917 5253 S.
1953 5188 2137 5253 Seve-
2298 5193 2437 5286 $39)
2493 5192 2809 5286 Simeones
2860 5204 2982 5286 tres
3027 5196 3457 5286 homonymos,‘
3492 5193 3733 5277 Stylitas
3780 5211 3889 5286 ap-

491 5271 663 5333 rinm.
1019 5271 1026 5272 7
1185 5271 1197 5272 ί
2221 5271 2510 5357 penates,
2530 5274 2605 5357 in_
2623 5271 2822 5357 Opere
2846 5284 3055 5357 nostro
3086 5271 3271 5339 inter'
3299 5283 3535 5339 sanctos
3563 5271 3885 5357 recensui-r

2223 5353 2791 5448 mus._Prioris,:qui
2818 5356 3051 5448 _Senior
3069 5365 3351 5448 locatur,
3384 5358 3562 5448 Costa
3592 5355 3890 5448 illustrata

490 5435 638 5513 tum
659 5429 820 5513 apud
872 5430 1212 5513 mediimvi
1256 5432 1578 5513 scriptores
1626 5429 1894 5513 Latinos,
1947 5429 2136 5513 varias
2220 5441 2359 5497 sunt
2388 5435 2424 5499 5
2456 5429 2745 5511 Januarii,
2780 5437 3024 5499 alterius
3067 5436 3145 5501 26
3183 5429 3366 5501 Julii:
3402 5436 3476 5498 de
3506 5435 3683 5497 tertio
3716 5434 3885 5496 deni-

486 5509 956 5593 signiﬁcationes
984 5510 1188 5593 habet2
1221 5509 1436 5593 praeter
1464 5509 1789 5593 propriam,
1822 5509 1886 5572 in
1917 5529 2032 5593 qua
2064 5510 2137 5593 ab

482 5590 745 5684 antiquis
762 5598 1103 5684 usurpatur.
1138 5590 1632 5684 Venitnon'raro
1655 5610 1761 5684 pro
1801 5590 2012 5667 amico,
2035 5590 2140 5669 fa-

416 5722 423 5727 .
480 5671 999 5754 mitiorigsaapius
1021 5690 1128 5754 pro
1169 5671 1457 5752 dignitate
1496 5671 1765 5754 saeculari
1804 5690 1993 5752 eaque
2032 5690 2137 5754 va-

476 5751 591 5828 ria,
617 5751 973 5845 ‘fre‘quep'ter
1001 5751 1390 5845 prohmunere
1420 5752 1848 5845 ecclesiastico,
1876 5751 1939 5813 ut
1978 5752 2138 5844 varia

477 5831 637 5914 apud
678 5831 960 5914 Cangium
1003 5831 1066 5914 in
1108 5831 1931 5914 GlossarioCraeco-barbaro
1965 5832 2136 5895 testi-

478 5911 683 5978 monia
706 5911 888 5978 ﬁdem
912 5912 1158 5979 faciunt.
1183 5913 1245 5980 Si
1264 5913 1755 5997 archiepiscopus
1777 5919 1904 5976 erat
1932 5914 2127 5979 Theo-

2220 5534 2359 5600 (ΨΘ,
2393 5515 2497 5600 qui
2526 5515 2587 5600 il}
2618 5519 2817 5600 Monte
2850 5516 3328 5600 mirabiliprope
3352 5515 3735 5600 Antiochiam
3766 5514 3879 5597 Sy-

2219 5594 2348 5670 riae,
2383 5594 2485 5657 ubi
2529 5597 2846 5678 virtutibus
2872 5604 2932 5659 et
2962 5594 3265 5678 prodigiis
3281 5597 3514 5678 claruit,
3541 5594 3882 5678 nuntiatur,

2220 5685 2420 5770 actum
2453 5677 2806 5770 est‘prolixe
2832 5676 3185 5770 aiappingo
3216 5679 3288 5740 ad
3338 5677 3411 5739 24
3439 5677 3601 5770 Maii.
3634 5678 3721 5768 De
3742 5676 3890 5770 seri:

2220 5758 2347 5900 pp;
2366 5756 2499 5838 ejus
2532 5756 2844 5821 disseritur
2885 5756 3124 5822 ibidem
3145 5758 3480 5822 Comment.
3514 5756 3714 5840 praevii
3744 5756 3808 5839 ἓξ
3847 5757 3888 5819 4
