4182 6444
432 307 503 373 9i
1934 302 2293 368 ANONYMI

431 435 532 498 ubi
565 436 738 499 etiam
772 434 1111 513 didicisses,
1146 450 1354 498 rursus
1397 433 1795 515 perquireres,
1826 450 1958 512 quae
1988 431 2076 494 illi

2163 433 2336 495 ἄλλων
2366 438 2611 497 ἁπάντων
2647 458 2660 472 '

434 526 594 601 folia,
620 545 751 607 quae
773 525 938 588 radix
958 532 1104 593 erat,
1135 532 1237 587 aut
1264 531 1462 586 cortex
1491 544 1505 585 :
1541 530 1599 584 et
1625 541 1764 584 num
1800 540 2075 603 prrecera

435 624 595 677 esset
623 615 826 690 arbor,
859 633 931 675 an
965 632 1164 695 parva.
1212 613 1283 675 Et
1331 613 1466 694 quis
1516 629 1821 692 exponere
1868 610 2073 690 possit,

437 704 594 785 quod
625 703 814 771 oculis
840 720 1141 782 nunquam
1160 701 1339 764 viulit?
1370 699 1760 780 Respondeas
1793 697 2076 758 domesti-

438 812 543 855 cus
565 792 668 872 ait,
690 791 810 870 Ego
843 810 1099 871 quoque.
1126 792 1321 870 Pater,
1347 787 1748 865 interrogabo.
1781 786 1928 859 Quid
1964 785 2078 851 sibi

432 884 557 943 vult
606 880 828 941 dictum
882 879 1026 941 illud
1082 879 1349 958 Gregorii
1395 877 1717 956 Theologi:
1766 874 2075 948 Quomodo

434 970 595 1033 enim
617 969 787 1031 facile
812 968 981 1030 saluti
1005 968 1326 1030 eritaliena
1347 967 1427 1048 ei,
1451 985 1627 1047 quem
1652 964 1907 1046 perdidit
1937 982 2075 1044 pro-

433 1059 559 1141 pria
584 1058 609 1121 ?
628 1058 700 1120 Et
728 1056 906 1120 Pater
934 1057 1004 1119 ad
1038 1057 1202 1118 illum
1229 1075 1242 1120 :
1271 1059 1394 1120 Hoc
1411 1074 1443 1117 a
1460 1055 1700 1116 doctore
1725 1053 1828 1114 tibi
1852 1052 2076 1114 dictum

434 1156 543 1223 est,
578 1166 653 1209 ne
683 1146 944 1209 conﬁdas
972 1147 1101 1209 fore
1133 1154 1197 1207 ut
1226 1162 1333 1226 per
1363 1144 1680 1207 mulierem
1712 1144 1901 1225 possis
1927 1160 2077 1203 con-

435 1237 605 1318 sequi
655 1235 928 1299 salutem.
974 1234 1139 1307 Quod
1191 1234 1365 1297 etiam
1415 1232 1739 1314 Apostolus
1786 1230 2070 1318 castigato

433 1316 711 1389 sermone
742 1342 882 1385 usus
902 1323 1229 1398 afﬁrmavit,
1249 1322 1491 1384 dicens:
1519 1346 1541 1379 «ι
1560 1320 1730 1385 Unde
1751 1316 1911 1382 enim
1929 1318 2069 1394 scis,

435 1414 668 1484 mulier,
690 1411 738 1473 si
762 1411 949 1472 virum
972 1412 1192 1473 salvum
1217 1412 1393 1473 facies
1414 1410 1510 1474 55?
1551 1417 1865 1491 propterea
1887 1416 2070 1482 certe,

433 1503 570 1583 quia
598 1503 751 1563 solet
779 1500 1030 1581 perdere
1060 1501 1274 1562 virum.
1339 1500 1401 1563 Si
1448 1499 1646 1579 igitur,
1682 1516 1812 1578 qua:
1843 1514 2080 1576 egressa

434 1597 523 1652 est
551 1589 623 1651 de
653 1607 833 1650 carne
863 1589 1005 1651 Adae
1036 1597 1093 1651 et
1118 1588 1355 1671 propria
1380 1590 1510 1669 ejus
1533 1588 1640 1648 fuit
1678 1605 1873 1657 soror,
1908 1592 1974 1646 ut
2000 1584 2081 1645 ita

433 1677 651 1749 dicam,
701 1683 800 1739 aut
844 1675 983 1748 filia,
1018 1676 1284 1757 quinimo
1335 1676 1555 1737 arctius
1602 1674 1687 1735 illi
1735 1673 2074 1754 conjuncta,

434 1771 934 1844 transgressorem
964 1765 1109 1827 feeit
1137 1764 1323 1827 virum
1356 1773 1413 1825 et
1445 1762 1763 1844 perditioni
1814 1760 2075 1843 tradidit,

434 1854 732 1936 quomodo
764 1863 823 1916 te
854 1854 926 1916 ad
958 1854 1231 1917 virtutem
1281 1851 1672 1934 permovebit,
1724 1869 1856 1932 quae
1885 1849 2083 1912 aliena

434 1952 525 2006 est
553 1962 588 2004 a
617 1950 673 2003 te
695 1951 753 2004 et
780 1942 1080 2005 voluntate
1111 1950 1169 2004 et
1203 1944 1393 2022 positu
1445 1950 1504 2003 et
1532 1940 1736 2003 habitu
1766 1948 1825 2000 et
1854 1940 2080 2000 forma-

434 2031 598 2092 tione
617 2030 648 2089 ?
678 2032 830 2093 Cave
860 2031 1044 2108 igitur
1069 2039 1124 2092 et
1154 2031 1283 2110 ipse
1302 2030 1406 2092 tibi
1432 2039 1489 2091 et
1506 2038 1841 2110 suspectam
1869 2025 2081 2088 habeto

434 2137 707 2182 uxorem.
771 2118 907 2182 Haec
965 2128 1030 2182 et
1087 2120 1269 2181 multa
1319 2120 1434 2181 alia
1483 2138 1616 2180 cum
1670 2118 1757 2179 i|!i
1807 2116 2074 2191 dixisset,

3729 301 3808 371 92

2723 441 2752 497 ὃ
2798 442 2887 498 καὶ
2941 441 3079 517 μετά
3129 442 3189 498 τὸ
3247 444 3459 522 μαθετν,
3491 440 3804 522 ἀπορήσεις,

2157 526 2234 589 τίς
2258 523 2379 584 ποτ’
2409 526 2508 607 ἄρα
2562 530 2596 597 ἡ
2653 528 2789 607 ῥιζα,
2850 531 2901 586 τί
2957 530 3022 587 τά
3067 527 3239 608 φύλλα
3266 531 3354 586 καὶ
3383 533 3411 587 6
3444 528 3628 611 φλοιός
3665 546 3678 559 ”
3715 531 3803 586 καὶ

2158 615 2202 669 εἰ
2272 614 2433 692 μέγα,
2503 615 2539 684 ἢ
2610 618 2795 696 μικρὸν
2828 634 2845 653 ⁸
2909 618 2997 674 καὶ
3050 618 3129 681 τίς
3184 615 3393 673 δύναται
3459 618 3801 696 ἑρμηνεῦσαι,

2159 700 2288 782 ὅπερ
2343 717 2462 767 τοῗς
2508 704 2800 786 ὀφθαλμοῖς
2850 703 3096 766 οὐδέποτέ
3143 728 3222 770 τις
3280 703 3473 785 εἶδενς
3520 704 3804 786 Ἀπεκρίθη

2159 793 2187 847 6
2216 789 2548 868 δομέστικος,
2601 795 2688 850 καὶ
2744 795 2900 852 εἶπεν
2934 812 2947 825 ·
3013 792 3301 873 Ἐρωτήσω
3355 794 3526 873 κάγὼ,
3582 796 3751 874 Πάτερ
3784 810 3799 825 ⁸

2158 880 2219 937 Τί
2247 880 2385 936 ἐστιν
2442 881 2469 936 ὃ
2527 879 2670 959 λέγει
2724 885 2752 938 6
2810 882 3070 961 Θεολόγος
3128 884 3416 963 Γρηγόριος
3454 900 3470 915 ⁸
3529 890 3671 963 Πῶς,
3703 883 3807 961 γὰρ

2159 968 2318 1024 σώσει
2348 967 2532 1046 ῥᾳδίως
2565 971 2600 1038 ἡ
2651 969 2922 1051 ἀλλοτρία,
2979 973 3037 1028 ὃν
3092 962 3365 1029 ἀπώλεσεν
3410 973 3445 1040 ἡ
3475 968 3575 1028 ἰδία
3608 991 3625 1053 ;
3661 962 3718 1029 Ὀ
3750 969 3807 1026 δὲ

2161 1057 2341 1136 Πατὴρ
2369 1059 2499 1136 πρὸς
2550 1059 2702 1115 αὐτόν
2735 1077 2751 1092 ⁶
2805 1061 2969 1117 Τοῦτό
3017 1082 3098 1116 σοι
3143 1058 3361 1140 εἴρηκεν
3408 1062 3436 1116 6
3466 1057 3807 1138 διδάσκαλος,

2159 1142 2255 1230 Eva
2283 1145 2360 1220 μὴ
2411 1144 2697 1225 θαῤῥήσῃς,
2729 1150 2802 1213 ὡς
2859 1146 2944 1204 διά
2998 1150 3243 1228 γυναικὸς
3300 1148 3505 1230 ἰσχύεις
3545 1151 3803 1214 σωθῆναι.

2161 1216 2314 1314 τὅπερ
2368 1216 2542 1292 καὶυὸ
2598 1234 2922 1301 Ἀπόστολος
2954 1216 3397 1314 κεκολιιισιδαένωέν
3413 1238 3574 1295 εἰπών
3607 1252 3621 1268 '
3690 1258 3718 1291 α
3748 1234 3813 1293 Τί

2155 1325 2255 1404 γὰρ
2283 1322 2459 1397 οἶδας,
2493 1325 2668 1403 γύναι,
2731 1326 2775 1382 εί
2830 1330 2921 1382 τὸν
2980 1322 3141 1406 ἄνδρα
3197 1327 3433 1408 σώσεις,
3492 1326 3703 1389 πάντως
3733 1326 3809 1386 ὣς

2157 1414 2430 1483 συνήθειαν
2501 1413 2734 1494 ἐχούσης
2806 1421 2899 1472 τοῦ
2980 1417 3137 1474 αὺτὸν
3203 1414 3508 1475 ἀπολλύειν.
3571 1416 3630 1473 Εἰ
3685 1422 3812 1492 γοῦν

2158 1500 2333 1569 ἐκείνη
2362 1503 2397 1570 ἡ
2448 1501 2508 1559 ἐκ
2553 1510 2658 1560 τῶν
2721 1511 2929 1583 σαρκῶν
2984 1511 3076 1561 τοῦ
3132 1502 3310 1580 Ἀδὰμ
3365 1503 3664 1576 ἐξελθοῦσα,
3722 1504 3814 1559 καὶ

2158 1589 2259 1648 ἰδία
2321 1592 2462 1666 αὗτῷ
2517 1592 2670 1667 οὖσα,
2728 1595 2800 1657 ὡς
2858 1595 3052 1673 εἰπεῖν,
3109 1592 3308 1674 ἀδελφὴ
3368 1593 3404 1662 ἢ
3458 1593 3711 1672 θυγάτηρ,
3772 1590 3811 1658 ἢ

2165 1679 2366 1756 μᾶλλον
2430 1682 2561 1761 ὑπὲρ
2630 1692 2814 1757 ταῦτα,
2874 1680 3166 1763 παραϐάσει
3223 1685 3313 1739 τὸν
3366 1680 3523 1762 ἄνδρα
3579 1678 3810 1738 ὑπέϐαλε

2163 1773 2249 1827 καὶ
2307 1770 2574 1852 ἀπώλεσε,
2633 1778 2748 1836 πῶς
2807 1774 2878 1836 εἷς
2936 1773 3132 1852 ἀρετὴν
3188 1770 3393 1828 ἐλάσειε
3449 1772 3538 1828 καὶ
3580 1770 3730 1836 σώση
3772 1770 3809 1839 ᾗ

2162 1868 2255 1918 σοῦ
2284 1858 2531 1939 ἀλλοτρία
2579 1861 2669 1916 καὶ
2724 1883 2913 1938 γνωμῃ
2969 1863 3059 1918 καὶ
3111 1859 3249 1917 θέσει
3303 1861 3392 1917 καὶ
3443 1858 3544 1924 ἕξει
3573 1859 3663 1916 καὶ
3690 1855 3808 1913 δια-

2161 1945 2351 2004 πλάσει
2387 1965 2404 2023 ;
2460 1949 2703 2029 Πρόσεχε
2759 1950 2928 2009 τοίνυν
2974 1952 3063 2006 καὶ
3110 1951 3172 2006 σὺ
3202 1956 3428 2029 σεαυτῷ,
3461 1950 3549 2005 καὶ
3576 1947 3681 2003 ἀπὸ
3708 1951 3810 2013 τῆς

2163 2037 2437 2114 συγκοίτου
2504 2060 2595 2094 σου
2661 2035 2947 2118 πεφύλαξο.
3023 2048 3198 2098 Ταῦτα
3267 2040 3427 2095 εἰπὼν
3497 2039 3639 2111 αὒτῷ
3720 2037 3812 2091 καὶ

2162 2123 2312 2204 ἕτερα
2340 2124 2536 2192 πολλὰ,
2571 2123 2655 2181 διὰ
2711 2124 3027 2205 παραϐολῶν
3083 2128 3211 2207 ἧγεν
3263 2127 3421 2184 αὐτὸν
3470 2127 3542 2190 εἰς
3571 2126 3668 2192 τὴν
3700 2145 3808 2199 μο-

437 2207 813 2269 sermonibus
889 2227 1022 2269 eum
1099 2208 1267 2287 quasi
1345 2207 1462 2269 alio
1536 2205 1937 2289 spectantibus
2007 2204 2081 2265 ad

438 2295 826 2357 monas:icam
903 2294 1196 2357 invitabat
1266 2294 1488 2358 vitam:
1572 2313 1708 2356 nam
1791 2292 1960 2355 valde
2013 2293 2084 2354 il-

435 2384 557 2446 lum
631 2383 862 2446 amabat
929 2385 1004 2446 ob
1080 2386 1450 2447 relucentem
1526 2384 1589 2446 in
1664 2402 1736 2446 eo
1811 2382 2081 2464 pruden-

436 2473 598 2535 tiam.

518 2563 616 2626 50.
648 2567 720 2626 At
750 2564 851 2626 ille
876 2563 1227 2645 respondit:
1261 2562 1413 2626 Sane
1442 2560 1728 2643 quidquid
1764 2579 1835 2623 ex
1866 2568 2082 2623 tecon-

438 2651 579 2732 silii,
635 2653 920 2735 quidquid
978 2653 1403 2715 admonitionis
1461 2660 1573 2731 est,
1626 2658 1834 2712 sancte
1880 2650 2077 2726 Pater,

436 2740 704 2802 utilitatis
735 2742 974 2823 plenum
1001 2750 1123 2804 est:
1174 2760 1381 2804 verum
1431 2740 1494 2801 in
1543 2757 1712 2800 sacro
1760 2738 2081 2818 Evangelia

437 2829 728 2909 legimus:
761 2830 928 2904 Quod
957 2830 1115 2893 Deus
1145 2828 1469 2911 conjunxit,
1522 2829 1699 2890 homo
1751 2846 1869 2889 non
1896 2846 2074 2907 sepa-

2161 2825 2472 2900 συνέζευξεν,
2531 2826 2799 2907 ἄνθρωπος
2858 2828 2935 2904 μὴ
2996 2826 3294 2910 χωριζέτω,
3329 2846 3359 2888 )
3422 2827 3578 2906 Λέγει
3610 2830 3752 2901 αὒτῷ
3780 2828 3811 2883 6

434 2918 628 2983 ret56.
665 2944 692 2975 »
726 2918 799 2980 Et
827 2938 1071 2998 magnus
1098 2922 1305 2982 Pater:
1341 2918 1403 2981 Si
1433 2917 1675 2999 quidem
1694 2918 1871 2978 homo
1899 2935 2075 2998 sepa-

2161 2914 2326 2995 μέγας
2362 2931 2376 2946 ⁶
2412 2917 2471 2973 Εἰ
2515 2916 2609 2992 μὲν
2668 2915 2937 2995 ἄνθρωπος
2993 2918 3231 2998 χωρζει,
3287 2915 3465 2980 καλῶς
3496 2917 3683 2991 εἶπας,
3716 2915 3810 2982 Μὴ

435 3016 617 3084 raret,
650 3008 805 3071 bene
865 3008 1122 3071 diceres.
1174 3008 1260 3071 Ne
1304 3006 1584 3097 separet?
1634 3008 1717 3097 At
1732 3007 1811 3097 _si
1853 3006 2074 3069 dictum

2163 3004 2457 3097 χωριζέτω.
2491 3004 2549 3063 Ei
2570 3002 2630 3097 ⁸δὲ
2732 3003 2889 3084 λόγος
2921 3016 3038 3097 ,τοῦ
3091 3005 3330 3097 είπόντος
3372 3005 3517 3097 ,ἐστιν
3635 3004 3815 3097 χωρί-

433 3107 670 3178 separat
690 3097 771 3159 ita
792 3098 1231 3178 pronuntiantis
1258 3115 1272 3160 :
1300 3118 1331 3159 (ί
1356 3096 1465 3169 Qui
1489 3115 1606 3157 non
1637 3095 1943 3176 reliquerit
1963 3096 2076 3158 do-

2163 3101 2267 3165 ζων
2301 3108 2316 3124 ⁸
2352 3115 2381 3148 α
2413 3091 2504 3157 ”Ος
2535 3093 2630 3150 οὒκ
2658 3093 2859 3174 ἀφῆκεν
2890 3095 3077 3167 οἰκίας,
3110 3094 3147 3163 ἢ
3177 3092 3455 3174 ἀδελφοὺς,
3487 3092 3524 3163 ἣ
3553 3091 3809 3174 ἀδελφὰς,

436 3205 625 3260 mum,
647 3194 745 3249 aut
764 3188 994 3261 fratres,
1017 3194 1119 3248 aut
1139 3206 1407 3257 uxorem,
1432 3194 1531 3247 aut
1570 3185 1724 3247 filios
1755 3194 1813 3247 et
1842 3193 2075 3261 caetera,

2162 3182 2199 3251 ἢ
2252 3178 2508 3260 γυναῖκα,
2562 3185 2600 3250 ἢ
2658 3182 2836 3263 τέκνα,
2893 3184 2983 3240 καὶ
3030 3185 3096 3240 τὰ
3150 3182 3335 3263 λοιπὰ,
3395 3185 3489 3240 οὒκ
3545 3181 3653 3239 ἔστι
3708 3205 3811 3258 μου

435 3294 557 3337 non
588 3283 678 3337 est
708 3294 803 3337 me
832 3275 1046 3354 dignus
1079 3277 1166 3352 37,
1194 3276 1327 3358 quis
1360 3282 1470 3350 est,
1505 3274 1607 3357 qui
1638 3293 1785 3355 opus
1815 3273 1922 3337 hos
1955 3277 2076 3338 Deo

2163 3268 2303 3336 ἄξιος
2336 3286 2351 3301 ·
2388 3288 2417 3329 ι
2452 3272 2529 3332 τίς
2581 3270 2722 3327 ἐστιν
2778 3274 2807 3327 6
2868 3272 2929 3328 τὸ
2983 3273 3258 3352 θεάρεστον
3302 3281 3456 3331 τοῦτο
3506 3270 3757 3329 κωλύσων
3796 3291 3815 3352 ς

436 3372 664 3445 gratum
688 3364 980 3445 impedire
1000 3356 1377 3446 queat‘fQuis
1398 3372 1595 3425 autem
1619 3363 1798 3443 novit,
1823 3382 1897 3425 an
1920 3365 2076 3426 Deus

2161 3359 2249 3424 Τίς
2309 3356 2368 3446 δὲ
2423 3361 2511 3417 καὶ
2566 3357 2734 3434 οἶδεν,
2795 3362 2840 3417 εί
2894 3363 2923 3418 6
2981 3362 3110 3427 Θεός
3170 3361 3313 3417 ἐστιν
3372 3363 3401 3417 6
3429 3360 3693 3433 συζεύξας,
3723 3361 3816 3417 καὶ

437 3451 635 3529 fuerit,
660 3453 760 3533 qui
780 3453 995 3535 junxit,
1015 3445 1073 3515 et
1094 3473 1209 3516 non
1241 3471 1409 3515 amor
1444 3453 1638 3534 potius
1669 3468 1987 3532 corporum
2022 3458 2076 3512 et

2162 3449 2285 3535 οὖχὶ
2341 3445 2473 3526 ἔρως
2528 3450 2854 3530 σωματικὸς,
2914 3450 3002 3506 καὶ
3057 3447 3222 3519 ἡδονὴ
3277 3450 3495 3529 σαρκὸς,
3555 3450 3727 3512 καθὼς
3785 3450 3816 3506 6

436 3542 631 3604 carnis
672 3533 988 3621 voluptas,
1019 3543 1094 3605 ob
1148 3562 1322 3625 quam
1374 3533 1575 3603 monet
1620 3540 1963 3621 Apostolus,
2012 3547 2075 3601 ut

2162 3533 2486 3600 Ἀπόστολος
2517 3535 2659 3616 λέγει
2694 3553 2709 3568 ⁶
2761 3536 2843 3594 ὅτι
2903 3557 2935 3599 (
2964 3536 3048 3595 8οά
3075 3540 3168 3602 τὰς
3196 3539 3437 3618 πορνείας
3468 3536 3687 3602 ἕκαστος
3716 3538 3815 3606 τὴν

440 3636 683 3711 propter
713 3629 1165 3693 fornicationem
1196 3632 1606 3711 unusquisque
1636 3647 1803 3690 suam
1836 3646 2076 3689 uxorem

2164 3627 2350 3685 ἑαυτοῦ
2377 3639 2605 3704 γυναῖκα
2636 3625 2811 3707 ἐχέτω
2842 3647 2859 3708 ;
2920 3650 2949 3684 ι
3014 3634 3187 3686 Ταῦτα
3236 3629 3325 3684 καὶ
3372 3626 3588 3685 πλείονα
3616 3627 3814 3684 τούτων

448 3716 790 3781 habeat38?
833 3718 969 3781 Hazc
998 3728 1055 3781 et
1082 3720 1250 3801 plura
1278 3738 1412 3780 cum
1443 3718 1769 3792 audissent,
1802 3736 1922 3778 non
1954 3735 2076 3778 mo-

2167 3714 2509 3795 ἀκούσαντες,
2567 3717 2655 3771 καὶ
2711 3715 2958 3795 μεγάλως
3012 3716 3397 3797 ὠφεληθέντες,
3459 3717 3812 3797 ἀνεχώρησαν

445 3808 580 3870 dica
607 3806 856 3869 utilitate
914 3816 1211 3889 percepta,
1266 3815 1667 3877 recesserunt,
1722 3805 2076 3868 admirantes

2163 3804 2515 3879 θαυμάζοντες
2570 3810 2671 3872 τὴν
2720 3804 2911 3884 ἀρετὴν
2968 3806 3055 3862 καὶ
3112 3806 3296 3886 σοφίαν
3351 3812 3464 3889 τοῦ..
3500 3806 3756 3885 μακάρίου
3794 3823 3809 3838 ’

438 3897 713 3958 virtutem
746 3904 806 3958 et
831 3876 1179 3975 sapientiam
1204 3876 1367 3958 beati
1397 3894 1546 3956 viri:
1600 3902 1665 3955 ut
1710 3893 2076 3974 metropolita

2164 3894 2239 3955 ὡς
2264 3876 2355 3950 καὶ
2397 3893 2555 3949 αὒτὸν
2581 3895 2673 3949 τὸν
2704 3876 3097 3970 μητρὸπολίτην
3152 3876 3322 3951 εἷ’πετν
3357 3911 3372 3926 ’
3596 3896 3625 3951 6
3649 3876 3658 3885 '
3681 3895 3815 3957 Θεὸς

441 3986 572 4067 ipse
602 3984 863 4046 diceret:
896 3985 1017 4047 Deo
1047 3992 1219 4061 teste,
1244 3984 1449 4060 fateor,
1475 4001 1754 4062 magnum
1778 3999 1909 4044 esse
1926 3984 2076 4045 hunc

2164 3979 2304 4060 οἶδε,
2365 3980 2532 4061 μέγας
2588 3981 2726 4038 ἐστὶν
2782 3984 2810 4038 6
2868 3981 3180 4063 Καλόγηρος
3236 3986 3411 4047 οὗτος.
3457 3989 3535 4060 Τῇ
3564 3983 3808 4064 ἐπαύριον

442 4074 819 4154 Calogerum.
852 4076 1097 4137 Postero
1146 4073 1243 4135 die
1283 4073 1376 4136 vir
1416 4081 1661 4134 sanctus
1713 4070 1788 4132 de
1820 4070 1950 4131 loco
1982 4071 2076 4133 illo

2165 4069 2506 4136 κατελθόντος
2576 4076 2668 4128 τοῦ
2733 4071 2877 4128 ὁσίου
2932 4071 3156 4135 ἐκεῖθεν,
3216 4073 3306 4129 καὶ
3362 4072 3416 4129 ἐν
3472 4080 3548 4147 τῷ
3601 4073 3816 4152 κάστρῳ

450 4163 786 4234 descendit,
823 4170 879 4224 et
908 4182 1045 4225 cum
1098 4162 1399 4241 ingressus
1446 4169 1603 4223 esset
1649 4159 1709 4221 in
1758 4159 2076 4237 civitatem,

2165 4158 2580 4234 εἰσεληλυθότος,
2677 4158 2892 4241 ἔρχεται
2977 4162 3109 4240 πρὸς
3188 4164 3343 4220 αὐτὸν
3411 4159 3666 4226 Ἰουδαῖός
3731 4183 3817 4226 τις

444 4252 692 4315 accessit
719 4250 791 4313 ad
823 4272 959 4313 eum
1005 4250 1246 4315 Judaaus
1292 4251 1556 4333 quidam,
1600 4250 1928 4313 Domnulus
1972 4269 2076 4311 no-

2168 4251 2386 4326 ὀνόματι
2420 4247 2740 4325 Δόμνουλος,
2803 4251 2861 4315 ὃς
2917 4250 2982 4319 ἧν
3037 4255 3180 4327 αὐτῷ
3234 4253 3469 4330 γνωστὸς
3517 4251 3577 4307 ἐκ
3620 4251 3817 4320 νεότη-

446 4340 629 4416 mine,
688 4340 789 4433 qui
841 4349 1014 4433 notus
1058 4340 1153 4433 illi
1186 4349 1313 4403 erat
1362 4339 1643 4433 a‘prima
1685 4345 1878 4433 aetate,
1929 4339 2076 4420 quod

2171 4361 2261 4402 τος
2288 4342 2464 4418 αὺτοῦ,
2516 4336 2598 4433 διὰ
2654 4342 2715 4394 τὸ
2772 4339 2915 4396 εἶναι
2968 4339 3122 4396 αὐτὸν
3178 4337 3375 4420 σφόδρα
3395 4339 3696 4432 ’,φιλομάθῆ
3727 4343 3816 4398 καὶ

445 4410 625 4493 βεδε(
650 4410 969 4491 admodum
1001 4429 1298 4491 studiosus
1328 4437 1386 4491 et
1419 4410 1480 4490 in
1512 4428 1770 4491 melendi
1809 4410 2076 4490 arte'non

2170 4429 2346 4484 ἱκανὸν
2374 4410 2490 4506 περὶ
2517 4427 2616 4496 τὴν
2671 4428 2910 4507 ἰατρικὴν
2981 4410 3321 4505 ἐπιστήμην..
3395 4410 3408 4432 ’

443 4517 761 4597 vulgariter
781 4517 1013 4581 doctus.
1040 4516 1227 4598 Cmpit
1250 4537 1386 4597 ergo
1409 4517 1482 4579 ad
1510 4519 1739 4578 Patrem
1758 4516 1839 4579 ita
1850 4515 2076 4580 dicere:

2168 4515 2340 4595 λέγειν
2396 4512 2528 4596 πρϐς
2585 4518 2676 4572 τὸν
2722 4517 2979 4597 μακάριον
3032 4516 3199 4581 οὕτως
3235 4536 3248 4549 ·
3332 4525 3543 4575 Ηκουσα
3571 4519 3820 4597 περὶτῆς

443 4605 660 4670 Audivi
689 4606 762 4669 de
793 4623 1004 4687 aspera
1032 4605 1265 4668 vivendi
1294 4605 1544 4685 ratione,
1585 4623 1703 4685 qua
1734 4611 1789 4665 te
1819 4622 2076 4684 exerces,

2168 4605 2444 4675 ἀσκήσεώς
2474 4628 2589 4681 σου,
2623 4607 2710 4662 καὶ
2758 4604 2966 4672 πολλῆς
3023 4605 3352 4685 ἐγκρατείας,
3407 4607 3497 4662 καὶ
3542 4606 3822 4684 γινώσκων

444 4712 773 4775 magnaque
802 4694 1162 4756 abstinentia
1192 4702 1249 4756 et
1279 4693 1561 4773 mirabar,
1593 4693 1791 4755 sciens
1820 4692 2076 4773 corporis

2167 4695 2267 4762 τὴν
2340 4701 2523 4774 κρᾶσιν
2599 4700 2691 4751 τοῦ
2767 4695 3015 4771 σώματός
3090 4716 3185 4752 σου
3241 4695 3530 4770 ἐθαύμαζον
3589 4701 3705 4759 πῶς
3759 4694 3822 4751 οὗ

443 4784 530 4845 tui
560 4783 996 4859 habitudinem,
1057 4783 1214 4865 quod
1262 4801 1382 4844 non
1426 4800 1588 4844 esses
1633 4781 1832 4862 lapsus
1859 4781 1922 4843 in
1954 4783 2076 4863 epi-

2169 4784 2574 4864 περιπέπτωκας
2619 4782 2870 4860 ἐπιλήψει
2905 4801 2921 4817 ·
2978 4783 3114 4841 ἀλλὰ
3159 4786 3247 4842 rati
3295 4784 3401 4840 ἀπὸ
3456 4789 3549 4840 τοῦ
3606 4791 3716 4860 νῦν,
3777 4782 3827 4839 εἰ

441 4872 715 4953 lepsiam.
775 4871 930 4952 Ergo
986 4872 1037 4935 si
1092 4871 1260 4948 libet,
1322 4870 1476 4933 dabo
1525 4870 1632 4932 tibi
1694 4871 2076 4952 pharmacum

2169 4872 2422 4954 κελεύεις,
2501 4873 2612 4954 ἒφώ
2682 4895 2765 4930 σοι
2834 4872 2988 4932 δώσω
3040 4875 3319 4955 φάρμακον
3375 4875 3506 4954 πρὸς
3563 4873 3660 4942 τὴν
3716 4876 3819 4942 σὴν

447 4967 918 5042 temperamento
970 4979 1328 5043 congruens,
1381 4967 1446 5022 ut
1491 4960 1736 5041 posthac
1785 4966 1905 5022 toto
1952 4958 2076 5023 vita

2168 4969 2373 5044 κρᾶσιν,
2405 4962 2498 5019 ἵνα
2551 4962 2688 5045 ἔχῃς
2746 4965 2871 5021 αὒτὸ
2930 4964 3103 5029 πάσας
3136 4965 3255 5028 τὰς
3315 4963 3647 5045 ἡμέραςϋτῆς
3675 4968 3820 5036 ζωῆς

450 5030 595 5111 tua}.
626 5057 894 5129 tempore
951 5030 1175 5112 nullam
1232 5030 1620 5132 pertimescas
1667 5047 1966 5111 morbum.
2016 5046 2076 5108 EI

2170 5030 2287 5132 σὸυ,
2345 5030 2433 5110 καὶ
2498 5030 2760 5131 μηδεμίαν
2817 5053 3085 5112 ἀσθένειαν
3146 5030 3451 5135 φοϐηθῆὸῃι.
3514 5030 3651 5135 ῘΙΕφη

447 5156 699 5218 magnus
729 5137 938 5211 Pater:
970 5138 1161 5217 Unus,
1194 5139 1408 5221 inquit,
1456 5156 1527 5200 ex
1564 5138 1774 5199 vestris
1802 5136 2076 5200 Hebraeus

2171 5145 2200 5200 6
2230 5140 2395 5221 μέγας
2429 5162 2447 5180 ⁸
2506 5143 2647 5201 Εῖπε
2699 5145 2830 5223 πρὸς
2888 5145 3032 5219 ἡμᾶς
3088 5141 3140 5209 ἐξ
3162 5133 3170 5135 ⁷
3192 5144 3341 5220 ὑμῶν
3396 5146 3479 5206 εἷς
3512 5133 3762 5223 Ἐϐραῖος
3802 5158 3824 5180 ⁸

447 5225 597 5289 dixit
624 5226 837 5289 nobis:
880 5252 902 5285 ε
966 5228 1196 5291 Bonum
1244 5235 1333 5291 est
1380 5226 1685 5289 confidere
1730 5228 1792 5289 in
1837 5226 2076 5290 Dominc

2178 5254 2207 5287 α
2260 5229 2484 5311 Ἀγαθὸν
2536 5232 2840 5291 πεποιθέναι
2887 5233 2974 5290 ἐπὶ
3030 5234 3240 5313 Κύριον,
3380 5230 3685 5290 πεποιθέναι
3735 5229 3822 5289 ἐπ’

2163 2211 2379 2281 ναδικὴν
2425 2213 2740 2294 πολὶτείανς
2795 2214 2931 2272 πάνυ
2989 2215 3089 2295 γὰρ
3143 2216 3327 2294 ἠγάπα
3375 2215 3529 2273 αὐτὸν
3580 2210 3664 2269 διὰ
3709 2210 3810 2279 τὴν

2162 2303 2380 2370 συνετὴν
2408 2303 2727 2361 κατάστασιν
2759 2305 2937 2369 αὐτοῦ.

2242 2548 2313 2623 ν’.
2349 2551 2406 2620 ιΟ
2449 2557 2505 2618 δὲ
2553 2560 2888 2642 ἀποκρίνεται
2940 2562 3029 2619 καί
3080 2584 3240 2643 φησιν
3273 2579 3290 2597 ο
3360 2542 3577 2642 “Οντως,
3632 2567 3808 2642 Πατερ

2162 2649 2304 2729 ἅγιε,
2336 2650 2508 2711 πάντα
2559 2648 2802 2728 ὠφέλιμα
2860 2652 2948 2708 καὶ
3004 2648 3490 2729 συμϐουλεύειςμκαὶ
3515 2653 3806 2713 νουθετεῖς.

2164 2722 2331 2797 Ἀλλά
2359 2737 2501 2818 λέγει
2531 2741 2593 2796 τὸ
2620 2722 2793 2818 ’ἅγιον
2843 2722 3165 2818 Εὗαγγέλιον
3200 2757 3218 2774 ⁸
3281 2760 3307 2797 ι
3372 2722 3481 2798 εὈτι
3510 2738 3599 2795 οὗν
3626 2741 3653 2796 6
3676 2739 3808 2803 Θεὸς

342 5381 349 5387 ,
450 5335 624 5396 quam
655 5316 958 5379 conﬁdere
987 5318 1047 5378 in
1078 5317 1321 5379 homine
1364 5318 1448 5374 '59.
1502 5341 1530 5373 »
1584 5318 1707 5380 Nos
1734 5315 1912 5396 igitur
1939 5334 2076 5377 con-

2171 5318 2465 5400 ἄνθρωπον.
2522 5344 2552 5378 ι
2614 5323 2928 5386 Πεποιθότες
2988 5322 3076 5379 οὗν
3130 5324 3294 5398 ἡμεῖς
3345 5321 3432 5377 ἐπὶ
3483 5322 3575 5377 τὸν
3644 5323 3824 5401 ἰατρὸν

452 5403 706 5468 ﬁdentes
762 5415 964 5469 nostro
1018 5407 1250 5469 medico
1309 5407 1432 5471 Deo
1476 5414 1536 5471 et
1584 5406 1836 5471 Domino
1887 5414 2076 5469 nostrc

2171 5413 2324 5488 ἡμῶν
2383 5414 2514 5470 Θεὸν
2566 5414 2654 5472 καὶ
2706 5414 2894 5495 Κύριον
2949 5415 3106 5491 ἡμῶν
3163 5410 3368 5481 Ἰησοῦν
3440 5413 3691 5491 Χριστὸν,
3764 5413 3827 5471 οὔ

528 5584 804 5661 3510012
836 5604 935 5679 νη,
974 5591 1068 5665 16.
1150 5591 1216 5643 36
1240 5592 1444 5661 Matth.
1474 5608 1596 5669 xxx,
1630 5591 1690 5659 6.
1770 5591 1835 5646 57
1862 5591 2066 5661 Matth.
2097 5609 2222 5673 Xlx,
2255 5594 2354 5661 ‘29.
2436 5598 2501 5649 38
2527 5596 2554 5660 Ι
2583 5596 2718 5662 Cor.
2750 5615 2852 5676 vn,
2884 5596 2923 5661 2
3002 5596 3068 5648 59
3097 5594 3249 5661 Psal.
3284 5609 3460 5672 cxvu,
3495 5593 3558 5657 8.

3413 4427 3616 4508 Ηρξατο
3725 4429 3817 4486 οὖν
3902 4480 3915 4489 .
