4182 6408
421 319 502 384 95

417 544 812 608 reverendum
846 542 1102 621 aliquem
1132 543 1527 604 sacerdotem.
1558 541 1614 603 Is
1644 560 1779 603 cum
1813 541 2074 602 venisset

420 643 479 696 et
508 632 749 715 propius
778 633 848 694 ad
886 632 1103 693 lectum
1169 631 1540 711 accessisset,
1582 638 1667 704 ut,
1702 648 1809 691 cur
1836 637 2074 691 vocatus

421 730 603 796 esset,
682 740 918 783 causam
975 730 1382 799 cognosceret,
1460 718 1685 781 invenit
1742 737 1878 780 eum
1947 718 2072 798 jam

420 815 536 875 vita
591 812 881 873 functum.
956 813 1036 872 Ex
1101 829 1217 891 quo
1280 810 1456 871 timor
1505 807 1720 870 invasit
1775 826 1898 879 eos,
1974 807 2075 888 qui

421 901 773 963 redeuntem
822 899 991 961 illum
1046 920 1078 959 ο
1138 897 1498 969 monasterio
1556 896 1820 958 comitati
1876 905 2071 971 erant,

426 996 484 1052 et
542 987 909 1051 mirabantur
965 1006 1198 1069 omnes,
1258 986 1417 1069 quod
1473 993 1713 1048 sanctus
1778 983 2074 1066 praedixe-

423 1083 539 1141 rat.

1936 318 2294 385 ANONYMI

419 457 563 520 etin
612 454 833 520 lectum
888 472 952 516 se
1010 459 1421 534 prosternens,
1477 452 1655 534 jussit
1707 450 1903 514 vocari
1955 451 2073 514 sibi

2166 451 2317 533 ἔσχεν
2352 467 2368 484 ⁸

2153 540 2291 598 θίδιον
2322 542 2498 623 οἶκον,
2531 543 2620 599 καὶ
2669 542 2824 620 ῥίψας
2882 542 3067 597 ἑαυτὸν
3123 540 3178 598 ἐν
3234 547 3304 617 τῇ
3359 540 3538 637 κλίνη,
3570 538 3813 599 ἐκέλευσε

3733 316 3814 383 96

2432 452 2576 519 ὅστις
2649 453 2738 509 καὶ
2789 457 3125 533 παραχρῆμα
3196 451 3516 532 ἐπιστρέψας
3574 453 3647 516 εἷς
3718 452 3812 508 16v

2156 629 2419 698 κληθῆναι
2448 636 2591 706 αὖτῷ
2644 652 2761 686 τινα
2790 634 2894 685 τῶν
2952 628 3187 688 εὖλαϐὦν
3244 629 3446 709 ἱερέων.
3498 628 3592 693 “Ος
3622 628 3812 702 ἐλθὼν,

2156 720 2244 775 καὶ
2273 726 2341 796 τῇ
2391 718 2544 795 κλίνῃ
2595 717 2808 797 ἐγγίσας
2866 719 2996 797 πρὸς
3050 719 3110 774 τὸ
3169 722 3358 795 μαθεῖν
3414 724 3512 786 τῆς
3568 716 3813 788 κλήσεως

2157 808 2255 875 τὴν
2315 809 2503 888 αἰτίαν,
2566 807 2711 885 εὗρεν
2769 808 2925 865 αὐτὸν
2976 804 3079 873 ἤδη
3132 806 3484 865 ἀποθανόντα.
3533 806 3730 864 Τούτου
3760 803 3816 861 δὲ

2158 894 2464 976 γενομένου,
2535 893 2694 976 φόϐος
2767 894 2992 952 ἐπέπεσε
3062 908 3179 959 τοῖς
3250 895 3394 969 αὒτῷ
3449 893 3816 951 συνοδεύσασιν

2158 984 2265 1041 ἀπὸ
2331 990 2424 1040 106
2494 983 2871 1063 μοναστηρίου,
2938 984 3027 1039 καὶ
3093 983 3288 1048 πάντες
3360 982 3648 1059 ἐθαύμαζον
3717 982 3819 1049 τὴν

2158 1071 2446 1151 πρόῤῥησιν
2476 1079 2567 1130 τοῦ
2598 1071 2771 1152 ἁγίου.

1904 1238 2153 1305 CAPUT
2183 1238 2337 1303 VIII.

426 1376 491 1442 S.
522 1375 703 1440 Nilus
728 1376 1002 1458 fugitans
1032 1374 1405 1437 adulationis
1428 1374 1817 1455 Eupraxium
1841 1372 2143 1438 Calabriae
2158 1373 2506 1453 praefectum
2528 1371 2804 1452 inerepat
2823 1368 3155 1451 morboque
3174 1370 3536 1453 castigatum
3550 1377 3611 1433 et
3626 1375 3791 1451 paeni
3801 1405 3821 1417 -

507 1472 725 1528 tentem
761 1461 1104 1526 monachali
1134 1461 1352 1525 habitu
1404 1464 1632 1536 induit,
1680 1469 1789 1543 qui
1835 1464 2024 1542 paulo
2074 1467 2205 1542 post
2246 1462 2344 1541 pie
2393 1463 2684 1522 moritur.
2744 1461 3124 1522 Testamento
3174 1460 3375 1539 legata
3404 1458 3478 1522 ab
3505 1458 3616 1521 illo
3667 1459 3825 1522 bona

504 1560 750 1616 sanctus
781 1555 967 1616 Pater
996 1552 1430 1616 administrare
1460 1559 1701 1616 recusat
1723 1576 1747 1626 ;
1777 1553 1950 1615 ducis
1998 1550 2194 1631 ﬁlium
2248 1551 2517 1629 aliosque
2561 1548 2768 1631 plures
2796 1548 2963 1611 malo
2992 1548 3261 1610 daemone
3288 1555 3348 1610 et
3375 1547 3572 1650 variis
3600 1546 3825 1610 morbis

509 1641 750 1706 liberat.

508 1770 607 1834 53.
633 1770 883 1844 Quidam
900 1768 1307 1851 crgoimprobi
1326 1769 2081 1835 etadulatoresCanstanti-

2241 1760 2349 1851 νγ’.
2376 1771 2527 1834 Τινὲς
2557 1769 2647 1827 οὗν
2676 1782 3058 1849 κακεντρεχεϊς
3087 1790 3145 1825 τε
3171 1768 3257 1824 καὶ
3298 1765 3522 1831 κόλακες
3553 1765 3823 1847 ἅνθρωποι

427 1858 691 1939 nopolim
724 1859 970 1939 profecti
1002 1866 1357 1941 accusarunt
1384 1856 1626 1919 beatum
1680 1859 1870 1920 virum
1924 1861 2078 1941 apud

2166 1859 2472 1923 ἀνελθόντες
2544 1859 2599 1916 ἐν
2672 1855 3227 1916 Κωνσταντινουπόλει
3322 1853 3662 1935 ἐλοιδόρησαν
3733 1856 3826 1911 τὸν

428 1938 602 2009 aures
631 1938 931 2027 Eupraxii,
948 1946 1170 2026 judicis
1191 1938 1515 2026 imperialis
1566 1946 1716 2027 (4‘2),
1748 1948 1914 2028 quasi
1947 1938 2081 2010 mo-

2169 1949 2425 2028 μακάριον
2484 1949 2556 2012 είς
2612 1947 2679 2002 τὰ
2731 1946 2845 2002 ὦτα
2895 1956 2988 2005 106
3043 1944 3320 2022 βασιλικοῦ
3378 1942 3691 2023 Εὒπραξίου,
3749 1945 3825 2006 ὡς

429 2019 755 2097 nasterium
789 2019 1534 2125 ejus.essetdepopulatus
1564 2019 1620 2095 et
1654 2019 2077 2125 subripuisset,

2168 2036 2578 2107 λεηλατήσαντα
2649 2037 2709 2091 τὸ
2779 2034 2940 2092 αὐτοῦ
3009 2035 3384 2125 μοναστήριον,
3457 2032 3546 2088 καὶ
3611 2033 3678 2089 τὰ
3732 2040 3829 2090 106

431 2143 562 2205 qum
595 2132 763 2185 erant
791 2123 1053 2186 Antonii.
1090 2123 1194 2184 Ille
1223 2141 1361 2183 vero
1396 2123 1731 2202 hujusmodi
1764 2125 2080 2186 calumniis

432 2212 697 2274 irritatus
728 2212 970 2293 scripsit
1018 2213 1250 2273 cuidam
1300 2231 1370 2273 ex
1426 2211 1548 2274 suis
1600 2214 2081 2292 procuratoribus

436 2301 625 2363 minas
647 2301 706 2362 in
729 2303 1253 2381 Sanctumjactans
1271 2319 1339 2361 ac
1361 2299 1606 2362 dicens:
1646 2301 1788 2364 Cum
1846 2302 2083 2364 divinus

433 2390 598 2451 favor
628 2391 781 2452 bene
813 2390 1100 2452 valentem
1156 2408 1225 2452 eo
1276 2407 1371 2450 me
1420 2389 1784 2470 perduxerit,
1841 2391 2078 2467 videbo,

436 2479 568 2559 quis
589 2478 689 2541 ille
718 2478 1344 2558 sitmonachusNilus,
1371 2486 1424 2540 et
1453 2478 1727 2559 quisnam
1752 2479 2083 2560 imperialis

432 2565 786 2648 Eupraxius.
821 2568 966 2631 Cum
1015 2586 1154 2647 ergo
1205 2567 1575 2648 pervenisset
1606 2566 1705 2628 ille
1735 2587 1869 2628 cum
1899 2569 2081 2631 multo

434 2655 584 2717 fastu
608 2663 667 2716 et
692 2675 930 2737 pompa,
963 2656 1316 2719 constitutus
1347 2656 1506 2718 enim
1539 2666 1665 2716 erat
1711 2655 1784 2717 ab
1821 2660 2077 2737 impera-

436 2743 861 2806 toribusltaliaa
893 2754 949 2807 et
970 2745 1251 2808 Calabriae
1282 2744 1489 2824 judex,
1522 2763 1732 2806 omnes
1764 2746 2082 2826 provinciae

434 2831 677 2894 abbates
705 2833 779 2893 ad
810 2834 976 2895 illum
1030 2853 1161 2895 cum
1219 2833 1565 2896 muneribus
1595 2842 1653 2895 et
1680 2834 2083 2898 assentatione

431 2921 620 2997 ibant,
641 2921 897 2984 favorem
922 2924 1049 3003 ejus
1075 2931 1130 2983 et
1160 2922 1495 3002 prwsidium
1538 2921 1648 2983 sibi
1694 2934 2078 3003 aucupantes.

433 3010 509 3073 At
528 3028 664 3072 vero
687 3010 937 3073 eximius
961 3015 1133 3074 Pater
1154 3011 1345 3084 Nilus,
1364 3029 1439 3072 ne
1464 3011 1553 3072 vel
1570 3015 1761 3072 minas
1774 3012 2081 3074 hominum

434 3117 648 3180 pavere
664 3099 979 3175 videretur,
1000 3101 1090 3162 vel
1105 3100 1475 3163 contiderein
1511 3099 1904 3181 principibus,
1940 3120 2084 3183 quos

433 3188 898 3269 improperantis
928 3208 1106 3252 sensu
1153 3189 1306 3251 ﬁlios
1352 3190 1661 3250 hominum
1694 3198 1857 3251 vocat
1886 3190 2086 3269 regius

2165 2125 2447 2183 Ἀντωνίου
2499 2125 2786 2204 πράγματα
2844 2123 3254 2203 νοσφισάμενον.
3315 2120 3407 2184 "Oc
3464 2132 3586 2183 ταῖς
3639 2120 3826 2176 τοιαύ-

2160 2228 2285 2279 ταϊς
2344 2213 2714 2293 συκοφαντίαις
2787 2212 3083 2293 ἀγριωθεὶς,
3145 2211 3332 2291 γράφει
3388 2211 3489 2266 τινὶ
3543 2211 3647 2265 τῶν
3708 2206 3828 2265 ἐπι-

2163 2304 2371 2383 τρόπων
2429 2305 2587 2361 αὒτοῦ
2644 2300 2876 2358 ἀπειλῶν
2931 2307 3008 2374 τῷ
3071 2300 3204 2377 ἁγίῳ
3273 2299 3362 2355 καὶ
3420 2296 3588 2377 λέγων
3621 2315 3637 2330 ⁸
3722 2307 3820 2356 Οτι

2166 2389 2406 2458 ἀξιώσειέ
2458 2412 2525 2466 με
2584 2392 2611 2447 6
2671 2392 2799 2454 Θεὸς
2858 2388 3158 2468 ὑγιαίνοντα
3209 2385 3507 2459 κατελθεῖν,
3559 2386 3647 2442 καὶ
3675 2407 3827 2465 γνω-

2166 2480 2302 2560 ρίσαι
2332 2479 2411 2542 τίς
2469 2476 2611 2534 ἐστιν
2664 2481 2691 2535 ὁ
2739 2476 3041 2556 καλόγηρος
3101 2474 3322 2556 Νεῖλος²
3380 2475 3468 2531 καὶ
3496 2476 3572 2539 τίς
3603 2476 3631 2530 6
3661 2475 3825 2552 βασι-

2164 2570 2312 2632 λικὸς
2346 2565 2660 2648 Εὖπράξιος.
2722 2566 3081 2629 Κατελθόντος
3137 2564 3191 2621 δὲ
3249 2569 3407 2624 αὐτοῦ
3454 2564 3588 2639 μετά
3617 2562 3826 2630 πολλῆς

2162 2657 2441 2737 ὲπάρσεως
2509 2658 2597 2713 καὶ
2654 2656 2964 2736 φαντασίας,
3022 2653 3106 2711 διὰ
3159 2655 3220 2711 16
3275 2656 3665 2718 κατασταθῆναι
3724 2654 3826 2709 αὖ-

2161 2748 2253 2802 τὸν
2282 2747 2385 2802 ὑπὸ
2432 2750 2537 2801 τῶν
2597 2743 2858 2821 βασιλέων
2913 2744 3099 2824 κριτὴν
3157 2741 3380 2807 Ἰταλίας
3430 2763 3489 2799 τε
3519 2743 3607 2798 καὶ
3636 2739 3825 2799 Καλα-

2162 2833 2331 2914 ϐρίας,
2367 2833 2598 2897 ἅπαντες
2659 2834 2755 2909 μὲν
2808 2837 2855 2890 οἱ
2912 2834 3204 2912 ἡγούμενοι
3258 2838 3357 2900 τῆς
3416 2831 3601 2911 χώρας
3650 2853 3825 2910 προσ-

2162 2926 2399 3004 ἤρχοντο
2441 2924 2589 2980 αὒτὸ·
2626 2924 2760 2999 μετά
2816 2921 2981 3002 δώρον
3040 2923 3130 2979 καὶ
3188 2920 3464 2985 κολακείας
3513 2921 3612 2988 τῆν
3662 2924 3822 2981 αὐτοῦ

2166 3012 2446 3088 ἀντιλήψὶν
2500 3033 2557 3068 τε
2608 3013 2696 3068 καὶ
2753 3013 2998 3089 βοήθειαν
3056 3010 3201 3091 ἔχειν
3263 3008 3682 3090 παρακολοῦντες
3714 3025 3730 3040 ⁶
3793 3011 3825 3066 6

2165 3100 2220 3158 δὲ
2270 3100 2545 3165 θεσπέσιος
2606 3101 2788 3181 Πατὴρ
2843 3101 2998 3177 ἡμῶν
3056 3099 3274 3175 Νεῖλος,
3334 3099 3428 3156 ἵνα
3486 3098 3564 3175 μὴ
3621 3096 3744 3174 δόξῃ
3788 3098 3829 3165 ἦ

2164 3188 2388 3253 ἀπειλὰς
2460 3189 2785 3269 ἀνθρωπίνας
2853 3193 3142 3269 θροεῖσθαι,
3235 3188 3272 3257 ἢ
3357 3187 3663 3244 πεποιθέναι
3734 3183 3822 3243 ἐπ’

432 3275 750 3358 Propheta,
768 3277 826 3338 in
854 3279 1070 3358 quibus
1096 3298 1215 3340 non
1245 3288 1334 3341 est
1362 3277 1645 3354 salus,43,
1679 3296 1790 3340 nec
1821 3278 2081 3341 adulato-

2167 3277 2454 3359 ἄρχοντας,
2524 3279 2644 3343 τοὺς
2716 3277 3071 3342 ὀνειδιστικῶς
3130 3278 3267 3342 υἱοὺς
3338 3276 3623 3356 ἀνθρώπων
3692 3273 3830 3342 κλη-

434 3383 566 3427 rum
601 3385 765 3427 more
793 3367 1062 3441 accessit,
1115 3386 1225 3429 nec
1275 3368 1625 3429 muneribus
1675 3367 2081 3429 delinivitsu-

437 3453 763 3535 perbientis
791 3456 971 3517 animi
1004 3456 1217 3525 minas,
1252 3456 1360 3518 sed
1392 3456 1596 3537 quiete
1635 3455 1698 3517 in
1731 3475 1835 3518 suo
1866 3457 2083 3518 sedens

436 3544 794 3605 monasterio
831 3554 1039 3625 preces
1060 3546 1133 3607 ad
1164 3548 1354 3610 Deum
1390 3545 1671 3606 fundebat
1701 3564 1804 3626 pro
1839 3544 2078 3607 univer-

436 3649 638 3692 sorum
672 3640 732 3693 et
752 3633 1038 3714 principis
1067 3634 1278 3695 anima;
1308 3634 1533 3695 salutm.
1570 3635 1651 3695 Ex
1683 3653 1800 3714 quo
1830 3634 2077 3717 factum,

435 3726 503 3781 ut
529 3739 632 3780 cor
675 3721 833 3782 illius
880 3722 1189 3785 insolentis
1237 3722 1446 3802 majori
1494 3722 1719 3784 fureret
1750 3722 2075 3801 iracundia,

437 3809 594 3888 quod
626 3809 1020 3872 honoraretur
1049 3820 1106 3872 ct
1149 3808 1562 3873 observaretur
1613 3809 1684 3872 ad
1717 3810 2015 3885 omnibus,
2049 3830 2084 3873 a

440 3894 612 3956 beato
643 3897 767 3958 viro
798 3898 1111 3961 manifeste
1142 3900 1559 3979 negligeretur.
1595 3897 1790 3971 Quare
1820 3907 1877 3960 et
1905 3918 2079 3962 scru-

440 3984 615 4045 tando
637 3985 837 4048 deﬁcit
856 3987 1138 4050 abversus
1158 3989 1344 4050 virum
1364 3989 1591 4067 justum
1617 4005 1819 4048 ansam
1854 3988 2081 4069 iniqui-

439 4072 593 4133 tatis.
619 4072 765 4135 Nam
789 4075 915 4137 ﬁeri
949 4095 1064 4138 ncn
1099 4085 1311 4157 potest,
1340 4085 1403 4137 ut
1431 4083 1821 4155 cognoscatur
1848 4075 1940 4136 via
1972 4095 2077 4137 co-

439 4160 591 4222 lubri
608 4181 788 4243 super
798 4173 1018 4245 petram
1034 4166 1114 4238 45,
1137 4165 1291 4228 sicut
1309 4183 1501 4239 neque
1514 4163 1800 4245 principis
1819 4163 2084 4245 nequitia

440 4248 500 4309 in
536 4250 1109 4335 homine_coronato.

2163 3368 2346 3433 θέντας
2396 3369 2538 3446 παρά
2593 3373 2688 3424 106
2734 3367 3198 3447 προφητάνακτος,
3262 3369 3346 3429 οἷς
3409 3369 3504 3424 οὒκ
3558 3362 3668 3420 ἔστι
3720 3385 3829 3419 σω-

2163 3478 2322 3536 τηρια
2356 3472 2370 3487 ⁶
2430 3455 2546 3513 οὕτε
2607 3455 2873 3535 προσῆλθε
2929 3459 3265 3517 θωπευτικῶς
3320 3474 3378 3510 τε
3433 3453 3522 3510 καὶ
3577 3450 3829 3508 κολακευο

2162 3550 2351 3619 τικῶς,
2424 3545 2540 3602 οὔτε
2608 3547 2716 3621 μὴν
2789 3544 2975 3624 δώροις
3032 3541 3381 3620 ἐξεμειλίξατο
3433 3542 3532 3609 τὴν
3590 3538 3819 3607 ἀπειλὴν

2162 3640 2261 3701 τῆς
2312 3633 2470 3691 αὐτοῦ
2521 3632 2792 3698 αὐθαδείας
2848 3656 2906 3691 τε
2963 3635 3051 3691 καὶ
3105 3633 3426 3713 θρασύτητος
3457 3648 3471 3663 ⁸
3531 3629 3821 3710 ἡσυχάζων

2163 3723 2218 3781 δὲ
2248 3747 2407 3801 μονον
2439 3726 2511 3787 εἷς
2541 3727 2601 3781 16
2631 3724 2840 3783 κελλίον
2888 3725 3048 3782 αὒτοῦ
3094 3723 3149 3780 ἐν
3203 3730 3282 3798 τῷ
3308 3722 3422 3796 ἰδίῳ
3452 3720 3816 3799 μοναστηρίῳ,

2163 3814 2253 3870 16v
2286 3814 2414 3869 Θεὸν
2458 3811 2712 3870 ἐδυσώπει
2775 3813 2904 3894 ὑπέρ
2957 3835 3016 3870 τε
3073 3817 3171 3880 τῆς
3219 3818 3311 3869 τοῦ
3369 3812 3590 3894 κόσμου..
3623 3810 3828 3870 παντὸς

2164 3903 2252 3958 καὶ
2300 3906 2398 3968 τῆς
2451 3911 2544 3960 106
2599 3881 2887 3982 ἄρχοντος·
2916 3907 3157 3983 ψυχικῆς
3215 3881 3503 3979 σωτηρίας.
3564 3881 3722 3977 "Oa-sp
3754 3898 3831 3961 εἰς

2163 3988 2381 4047 πλείονα
2433 3992 2597 4066 θυμὸν
2669 3993 2758 4048 καὶ
2831 3992 3019 4068 μανίαν
3087 3990 3263 4065 ἀνῆψε
3318 3999 3416 4056 τὴν
3463 3984 3675 4067 καρδίαν
3734 3992 3830 4042 106

2163 4077 2677 4160 ὑψηλοφρονοῦντος,
2747 4082 2820 4145 ὡς
2891 4081 3034 4160 παρὰ
3101 4079 3312 4136 πάντων
3381 4075 3685 4153 τιμωμένου
3738 4075 3830 4131 καὶ

2161 4168 2575 4248 θεραπευομένου
2596 4217 2617 4243 ,
2694 4172 2797 4227 ὑπὸ
2872 4170 3120 4248 8621061
3155 4169 3297 4225 ὁσίου
3348 4173 3528 4246 σαφῶς
3582 4186 3832 4244 περιφρο-

2163 4256 2418 4332 νουμένου
2449 4274 2465 4290 ⁶
2541 4257 2622 4315 διὸ
2712 4261 2801 4316 καὶ
2891 4256 3126 4325 ἐξέλιπεν
3216 4254 3490 4336 ἐξερευνῶν
3561 4254 3827 4333 πρόφασιν

440 4338 661 4414 ἀνομίας
689 4344 826 4399 κατά
847 4351 939 4401 τού
969 4344 1192 4409 δικαίου,
1226 4345 1299 4404 06
1328 4344 1428 4425 γὰρ
1457 4342 1673 4402 δυνατὸν
1702 4347 2001 4424 γνωσθῆναι
2031 4342 2191 4426 έχνος
2223 4342 2392 4427 ὄφεως
2444 4346 2530 4405 ἐπὶ
2559 4348 2773 4430 πέτρας,
2808 4348 2986 4428 ὥσπερ
3017 4347 3105 4404 οὖν
3134 4345 3249 4405 οὐδὲ
3280 4343 3534 4424 πονηρίαν
3564 4341 3828 4423 ἄρχοντος

440 4425 494 4484 ἐν
526 4429 782 4509 ἀνθρώπῳ
808 4435 1242 4511 κατεστεμμένῳ.

520 4518 621 4580 54.
673 4520 739 4582 In
772 4519 860 4581 his
891 4521 1056 4583 illum
1098 4522 1355 4602 maligne
1384 4529 1442 4583 et
1470 4520 2090 4602 perﬁdioseZagentem

2253 4512 2352 4582 νδ’.
2388 4520 2477 4582 Ἐν
2531 4524 2701 4599 τούτῳ
2755 4522 3228 4605 γνωσιμαχοὼτός
3284 4543 3342 4577 τε
3400 4521 3487 4577 καὶ
3538 4539 3831 4598 πονηρευο·

438 4616 688 4684 repente
708 4609 1079 4688 perniciosus
1102 4612 1347 4673 morbus
1362 4610 1628 4672 adoritur
1658 4618 1715 4671 et
1744 4610 2081 4672 innocentia

2175 4611 2353 4688 μένου,
2386 4612 2581 4681 ἐπέστη
2636 4613 2848 4694 ὄλεθρος
2907 4612 3180 4695 αἰφνίδιος,
3238 4612 3327 4667 καὶ
3380 4611 3416 4677 ἡ
3448 4609 3586 4688 εὒχὴ
3616 4616 3708 4666 106
3737 4630 3828 4663 τι-

438 4697 763 4758 venerandi
788 4696 974 4760 Patris
996 4701 1331 4762 antevertit.
1358 4698 1603 4763 Morbus
1629 4698 1788 4759 enim
1818 4698 2083 4779 quidam,

441 4784 857 4864 cuigangrzena
871 4807 1084 4849 nomen
1100 4788 1633 4869 est,pudendorum
1650 4787 1780 4867 ejus
1794 4805 2090 4847 summam

440 4879 691 4952 partem,
728 4873 841 4937 hoc
873 4884 965 4936 est
993 4876 1266 4955 glandem
1303 4876 1482 4957 erepit
1508 4873 1773 4956 depasci,
1809 4880 1867 4936 et
1898 4874 2092 4935 medi-

440 4978 645 5021 corum
679 4962 918 5044 quidem
952 4965 1414 5027 sollicitudinem
1448 4965 1662 5026 frustra
1683 4981 1838 5036 esse,
1882 4972 2090 5023 osten—

440 5047 641 5125 debat,
665 5070 861 5132 paanas
882 5061 1078 5116 autem
1106 5054 1375 5133 exigebat
1389 5053 1462 5115 ab
1500 5054 1890 5115 instrumento
1923 5050 2093 5113 luxu-

440 5135 564 5215 riae,
600 5157 709 5221 per
735 5143 892 5222 quod
918 5142 1018 5205 ille
1068 5151 1290 5206 naturae
1338 5142 1571 5223 legibus
1622 5141 2094 5222 intemperanter

525 5337 584 5389 49
610 5336 763 5402 Peal.
797 5356 968 5424 CXLV,
1001 5340 1060 5405 3.
1144 5341 1210 5423 43
1235 5338 1407 5403 Prov.
1436 5355 1578 5417 xxx,
1613 5338 1711 5403 19.

2173 4702 2294 4777 μίου
2364 4705 2568 4783 Πατρὸς
2637 4703 2797 4760 αὐτὸν
2868 4699 3318 4785 προκατελάϐετο.
3391 4698 3560 4760 Πάθος
3616 4697 3716 4776 γάρ
3774 4719 3830 4752 τι

2171 4791 2232 4845 16
2260 4787 2548 4869 λεγόμενον
2604 4791 2899 4872 γάγγραινα
2955 4792 3073 4871 περὶ
3128 4791 3228 4857 τῆν
3283 4785 3512 4865 βάλανον
3568 4791 3824 4872 του-παι-

2174 4876 2390 4956 δογόνου
2421 4880 2602 4960 μορίου
2659 4870 2815 4940 αὐτοῦ
2871 4870 3082 4960 ἐκφυὲν,
3140 4884 3245 4934 τῶν
3304 4876 3402 4952 μὲν
3432 4875 3621 4953 ἰατρῶν
3653 4870 3830 4951 ἄπρα-

2175 4988 2297 5023 κτον
2328 4965 2583 5049 διήλεγχε
2640 4970 2737 5037 τὴν
2792 4967 3109 5049 περιοδείαν,
3170 4965 3315 5027 δίκας
3375 4961 3429 5019 δὲ
3460 4962 3831 5041 εἰσεπράττετο

2174 5056 2235 5110 16
2286 5060 2385 5121 τῆς
2443 5056 2670 5122 ἀσωτίας
2722 5057 2965 5137 ὄργανον,
3028 5054 3094 5113 δι’
3152 5057 3227 5110 ὧν
3284 5053 3524 5132 ἀκρατῶς
3581 5052 3671 5107 τὸν
3726 5055 3829 5117 τῆς

2175 5142 2378 5222 φύσεως
2409 5144 2572 5221 νόμον
2625 5143 2907 5227 ἐξύϐρισεν,
2969 5144 3166 5204 Ἐλθὼν
3223 5141 3312 5199 οὖν
3366 5141 3441 5204 εἰς
3491 5139 3830 5204 συναίσθησιν

1824 5467 2070 5535 Joannis
2098 5467 2226 5532 Clei
2253 5475 2429 5533 notae.

525 5583 652 5667 (42)
704 5581 985 5667 Βασιλξκὸς
1025 5582 1460 5667 interpretatur
1509 5577 1893 5667 Caryopbilus
1912 5578 2088 5667 judi-

439 5658 567 5756 cent
599 5663 994 5756 ἰιζιρενὶςι-ιεντι2
1020 5658 1537 5756 Sirlet'unsregium
1557 5658 1782 5756 etalibi
1814 5658 2087 5756 regalem

440 5739 755 5826 adjective.
783 5739 1068 5826 “Cangius
1097 5744 1174 5826 in
1222 5739 1517 5826 Glossario
1537 5741 1768 5826 “Graeco
1818 5739 2082 5826 Barbare

445 5821 715 5905 exempla
741 5821 975 5905 allegat,
1010 5823 1112 5905 ubi
1143 5842 1249 5905 pro
1280 5824 1458 5886 variis
1488 5821 1701 5887 ofﬁciis
1741 5821 1995 5883 sumitur
2023 5827 2084 5883 et

435 5905 498 5970 in
528 5904 823 5972 Glossario
848 5904 1005 5971 Med.
1051 5904 1179 5968 Lat.
1210 5905 1407 5969 locum
1438 5904 1598 5967 hunc
1628 5910 1899 5964 nostrum
1934 5918 2075 5983 pro-

2169 5577 2307 5660 fert,
2344 5577 2399 5640 in
2431 5595 2547 5658 quo
2573 5576 2759 5660 judex
2782 5578 3174 5660 signiﬁcetur.
3207 5573 3445 5660 Certum
3479 5573 3594 5660 est,
3627 5566 3829 5659 digni-

2171 5657 2348 5720 tatem
2418 5657 2735 5739 quamdam
2790 5657 3046 5723 similem
3096 5675 3227 5719 eam
3274 5670 3346 5715 ue
3402 5657 3566 5711 inter
3620 5657 3831 5729 praeci-

2171 5757 2315 5798 ouas
2341 5736 2664 5798 designari.
2699 5741 2955 5798 ideonue
3004 5739 3181 5798 etiam
3232 5673 3625 5798 Earvophilus
3659 5735 3824 5798 βοει-

2170 5757 2315 5819 puas
2341 5729 2691 5823 des-ignariL
2699 5741 2955 5823 ideoque
3004 5739 3181 5802 etiam
3233 5729 3824 5823 Caryopbil‘uspost-

2169 5808 2239 5882 ea
2266 5837 2385 5881 non
2417 5808 2619 5901 inepte
2645 5808 3010 5905 Eupraiium
3035 5808 3368 5903 proregeui
3389 5808 3671 5893 appellat.
