4182 6394
424 429 505 494 97

1947 417 2303 485 ΑΝΟΝΥΜΙ

3743 429 3822 495 98

422 565 610 635 αὖτοῦ,
659 559 751 616 κάὶ
802 555 1160 634 μεμψάμενος
1214 552 1313 620 τὴν
1366 550 1507 609 κατὰ
1560 557 1655 608 τοῖ’)
1710 547 1861 628 ἁγίου
1886 549 2109 622 θρασύ-η

2194 546 2388 613 ὠιιειιε
2409 557 2558 615 erat.
2585 548 2769 613 Suum
2793 552 2977 632 igitur
3000 571 3329 634 agnoscens
3356 577 3647 637 errorem,
3680 562 3821 627 sibi-

422 673 564 719 τητα
594 650 782 708 ἑαυτοῦ
809 665 825 679 ⁶
884 647 954 714 ἦν
1007 646 1105 725 γὰρ
1160 642 1403 724 ἐχέφρων
1456 643 1650 704 ἱκανῶς
1683 641 1711 695 δ
1741 639 1899 719 ἀνὴρ,
1931 640 1975 695 εἷ
2003 639 2092 695 καὶ

424 741 697 819 τετύφωτο
768 742 838 813 τῇ
906 740 1009 802 τῆς
1083 731 1311 798 ἐξουσίας
1367 732 1611 809 ὑπεροχῇ
1644 746 1661 763 ⁸
1711 727 1900 819 ’ἱκέτης
1957 730 2091 819 κοιθῖ

434 814 639 886 ίσταται
710 829 740 883 6
808 824 1000 905 πρώην
1071 818 1473 901 ἐμϐριμώμενος
1526 830 1651 881 ταῖς
1701 815 1977 890 ἀπειλαῖς,
2038 814 2092 871 εἴ

435 940 553 982 πως
600 921 700 983 τῆς
755 914 877 977 θέας
937 911 1171 991 ἐπιτύχῃ
1227 911 1316 965 καὶ
1373 908 1532 984 μόνον
1590 905 1830 991 εὐλογίας
1893 927 1950 961 τε
2003 905 2092 961 καὶ

436 1006 837 1085 συγχωρήσεως
880 1007 981 1069 τῆς
1032 987 1157 1079 παρ’
1217 997 1425 1085 ἐκείνου,
1473 993 1736 1062 ἀξιωθείη,
1802 987 1859 1053 εΟ
1888 992 1942 1050 δὲ
1974 1000 2091 1085 ﬂet-

438 1082 554 1174 τήρ-
568 1082 700 1173 πρὸς
731 1092 831 1168 μὲν
876 1093 942 1147 τὸ
996 1091 1161 1169 παρὸν
1223 1082 1542 1145 ἀνεϐάλλετο
1594 1086 1695 1150 τὴν
1746 1085 1883 1141 κατᾶ
1920 1082 2093 1163 πρόσ-

438 1172 586 1240 ωπον
614 1172 852 1258 ὁμιλίαν,
887 1180 1025 1256 μήτε
1082 1177 1286 1234 ἐκεῖνον
1331 1172 1765 1255 καταδεχόμενος
1798 1172 2093 1253 ἐρχόμενον

439 1272 494 1329 ἐν
525 1271 606 1346 τῷ
635 1268 1008 1348 μοναστηρίῳ,
1063 1267 1200 1343 μήτε
1246 1265 1405 1328 αὐτὸς
1462 1262 1790 1340 βαυλόμενος
1822 1259 2096 1336 ἀπελθεῖν,

2172 660 2287 731 que
2306 640 2544 703 crimini
2562 640 2731 731 dans,
2747 642 2907 723 quod
2924 643 2984 704 in
3001 653 3272 706 sanctum
3294 647 3481 711 virum
3517 653 3825 731 procacior

2172 730 2380 791 fuisset
2400 736 2545 820 (erat
2567 729 2793 820 quippe
2818 730 2957 794 satis
2985 733 3270 812 prudens,
3298 729 3640 820 quanquam
3672 740 3821 803 fastu

2174 820 2366 882 elatus
2386 819 2460 880 ob
2484 818 2897 880 oxcellentiam
2923 823 3247 903 potestatis)
3268 818 3516 907 supplex
3544 829 3821 906 efficitur,

2174 908 2275 991 qui
2298 907 2539 1000 pridem
2583 909 3147 1000 comminationibus
3199 912 3575 991 infremebat,
3628 919 3824 1000 siquo

2175 999 2351 1089 modo
2369 997 2755 1089 illum‘posset
2777 997 2865 1089 vel
2884 999 3156 1089 contueri
3194 1008 3441 1078 tantum,
3476 997 3825 1089 veniamque

2175 1086 2248 1149 ab
2271 1105 2342 1148 eo
2372 1105 2505 1147 cum
2537 1084 2958 1148 benedictione
2977 1086 3350 1169 impetraret.
3374 1093 3458 1154 Ac
3476 1095 3647 1157 Pater
3686 1084 3826 1158 tunc

2178 1172 3178 1266 quidemdifferebalcongressum,
3214 1198 3325 1241 nec
3356 1198 3421 1241 se
3452 1201 3649 1244 coram
3682 1203 3826 1266 prae-

2181 1264 2359 1327 bebat
2380 1263 2718 1344 vivendum,
2751 1271 2849 1324 aut
2880 1264 3250 1343 permittens,
3284 1277 3347 1330 ut
3377 1269 3477 1331 ille
3508 1271 3580 1333 ad
3613 1263 3825 1335 mona-

434 1362 525 1417 καὶ
582 1360 683 1426 τὴν
738 1356 918 1425 δέησιν
977 1357 1134 1414 αὐτοῦ
1203 1351 1501 1422 ἐκτελέσαι,
1568 1352 1645 1426 τῷ
1701 1350 1924 1425 τοιούτῳ
1942 1357 2101 1440 ’,γοῦν

2194 1353 2430 1416 sterium
2454 1351 2767 1443 accederet
2794 1368 2807 1414 :
2843 1353 3091 1443 autipse
3111 1355 3181 1415 ad
3208 1356 3373 1418 illum
3406 1358 3493 1420 ire
3536 1360 3827 1443 cegitans,

432 1449 623 1528 τρόπῳ
676 1447 775 1514 τὴν
832 1443 1096 1524 σωτηρίαν
1154 1443 1296 1517 αὒτῷ
1351 1439 1881 1528 πραγματευόμενος.
1942 1435 2102 1508 ’ῌδει

2194 1451 2252 1505 ut
2278 1441 2508 1523 roganti
2534 1439 2923 1522 satisfaceret,
2948 1442 3229 1504 nimirum
3252 1445 3362 1507 hac
3381 1435 3631 1511 ratione
3650 1435 3828 1514 saluti

608 1536 663 1593 ἐν
734 1534 925 1608 εὐθέτῳ
980 1534 1151 1613 καιρῷ
1219 1531 1309 1587 καὶ
1363 1530 1452 1618 τῷ.
1496 1530 1641 1610 τύφῳ
1689 1526 1912 1618 δεόντως
1968 1527 2105 1584 κατὰ

2194 1535 2320 1612 ejus
2348 1529 2689 1592 consulens.
2750 1528 2991 1592 Sciebat
3035 1532 3193 1593 enim
3242 1534 3304 1596 in
3354 1542 3621 1618 tempore
3677 1539 3827 1601 fastu

434 1609 551 1682 vis}.
634 1624 965 1694 ἀναισθήτων
1036 1609 1361 1701 χρήσασθαι.
1438 1609 1531 1682 Ὠς
1574 1609 1724 1698 ίγοῦν
1782 1617 1868 1674 ἐπὶ
1923 1620 2105 1696 τριετῆ

2194 1609 2364 1683 etiam
2396 1619 2682 1681 decenter
2709 1628 2914 1681 contra
2962 1621 3309 1701 insipientes
3338 1626 3444 1686 uti.
3479 1609 3630 1707 Ergo
3662 1638 3828 1706 post-

439 1715 643 1795 χρόνον
713 1715 751 1782 ἡ
819 1713 1153 1788 θεόπεμπτος
1223 1707 1396 1775 ἐκείνη
1467 1708 1619 1772 νόσος
1691 1708 1829 1764 κατὰ
1883 1706 2105 1796 σμικρὸν

2194 1727 2369 1792 quam
2383 1707 2637 1770 triennio
2650 1707 2891 1769 morbus
2908 1708 3010 1771 ille
3030 1729 3063 1771 a
3084 1709 3206 1773 Deo
3229 1711 3530 1776 immissus
3551 1706 3829 1796 paulatim

440 1792 769 1860 ἆναλώσασα
834 1802 903 1858 τὰ
955 1799 1293 1880 κρύπτομενα
1351 1796 1532 1878 μόρια,
1592 1796 1921 1875 προσήγγισε
1977 1792 2098 1849 λοι-

444 1894 548 1949 πὸν
578 1892 656 1965 τῷ
704 1889 1041 1970 καιριωτάτῳ
1096 1893 1201 1946 τῶν
1261 1885 1461 1966 μελῶν,
1517 1886 1605 1942 καὶ
1645 1884 1865 1941 θάνατον
1895 1883 2101 1950 ἠπείλει

447 1988 520 2059 τῇ
585 1981 771 2037 τούτου
839 1976 1114 2057 διαφθορᾷ,
1179 1976 1300 2033 τότε
1349 1974 1626 2053 πορεύεται
1682 1974 1814 2053 πρὸς
1870 1972 2026 2030 αὐτὸν
2074 1972 2102 2027 6

455 2070 680 2148 ψυχικὸς
734 2068 937 2147 ἰατρὸς,
999 2064 1322 2132 δυσωπηθεὶς
1378 2076 1499 2128 ταῖς
1532 2061 1888 2142 εἷκτροτάταις
1946 2062 2104 2118 αὗτοῦ

455 2147 787 2221 ἐπιστολαῖς,
842 2153 989 2214 Ἰδὼν
1034 2156 1202 2214 τοίνυν
1241 2155 1334 2211 τὸν
1385 2151 1533 2209 ὅσιον
1591 2154 1620 2209 6
1685 2147 1984 2229 βασιλικὸς,
2014 2149 2104 2204 καὶ

447 2242 747 2326 περιλαϐὼν
776 2245 899 2308 τοὺς
950 2244 1157 2319 τιμίους
1208 2239 1374 2305 πόδας
1432 2240 1612 2320 αὐτοῦ,
1670 2245 1920 2297 τοσοῦτον
1949 2236 2101 2304 πλῆ-

446 2339 538 2399 θος
612 2333 847 2413 δακρύων
911 2330 1092 2412 ἐξέχεε
1161 2328 1469 2410 καταφιλῶν
1536 2328 1748 2400 αὐτοὺς,
1828 2326 1966 2384 ὥστε
2019 2326 2108 2382 καὶ

450 2425 616 2483 αὐτὸν
672 2423 826 2501 ἅγιον
895 2422 1104 2501 Πατέρα
1159 2421 1247 2477 καὶ
1300 2420 1504 2484 πάντας
1561 2419 1686 2482 τοὺς
1738 2437 2110 2497 συμπαρεστη-

446 2513 619 2575 κότας
673 2513 985 2590 συνθρηνετν
1041 2509 1206 2590 αὐτῷ,
1263 2510 1352 2565 καὶ
1402 2507 1602 2565 κλαὶειν
1658 2504 1918 2587 σφοδρῶς.
1953 2502 2109 2564 Οὐδὲν

449 2602 556 2681 γὰρ
586 2598 721 2656 ἄλλο
766 2599 971 2655 εἰκάσαι
1018 2596 1087 2666 ἦν
1145 2599 1234 2654 καὶ
1288 2595 1418 2655 ἰδεῖν
1473 2593 1599 2676 παρ’
1660 2600 1869 2670 αὐτοῖς,
1929 2593 1966 2662 ἢ
2012 2594 2111 2660 τὴν

451 2688 663 2766 πόρνην
694 2686 749 2745 ἐν
780 2684 1052 2752 κατανύξει
1099 2686 1433 2767 κατέχουσαν
1477 2687 1600 2750 τοὺς
1644 2688 1896 2765 Σωτῆρος
1924 2680 2112 2763 πόδας,

450 2777 544 2834 καὶ
574 2774 762 2857 ἄφεσιν
790 2781 897 2831 τῶν
925 2773 1436 2853 πλημμελημάτων.

533 2879 635 2950 νε’.
697 2888 843 2949 Ἰδὼν
899 2889 989 2949 οὗν
1041 2890 1225 2948 αὐτὸνν
1266 2892 1294 2947 6
1362 2890 1548 2970 Πατὴρ
1605 2886 1965 2970 χορτασθέντα
2018 2896 2110 2947 τοῦ

2177 1797 2441 1863 verenda
2456 1797 2869 1877 absumpserat
2892 1807 3357 1881 perveneratque
3378 1803 3450 1864 ad
3475 1805 3830 1886 praecipuam

2183 1887 2454 1970 corporis
2484 1894 2735 1967 partem,
2781 1894 2839 1948 et
2868 1895 3122 1950 mortem
3152 1906 3220 1950 ea
3253 1900 3529 1972 corrupta
3557 1893 3829 1956 minaba-

2189 1988 2300 2047 tur,
2326 1986 2462 2040 tunc
2475 1975 3036 2056 spiritalismedicus
3057 1978 3361 2058 profectus
3383 1987 3492 2055 est,
3529 1992 3833 2062 permotus

2186 2064 2641 2130 luctuosissimis
2671 2065 2802 2145 ejus
2833 2064 3120 2146 epistolis.
3158 2065 3272 2130 Ubi
3316 2086 3527 2148 prorex
3560 2082 3832 2135 sanctum

2184 2160 2373 2219 virum
2405 2154 2735 2235 conspexit,
2783 2155 3154 2216 venerandos
3201 2158 3571 2237 amplexatus
3626 2162 3830 2242 pedes,

2186 2253 2409 2308 tantam
2432 2262 2536 2306 eos
2557 2242 2957 2305 deesculando
2984 2244 3247 2325 profudit
3268 2246 3661 2328 lacrymarum
3690 2251 3831 2328 vim,

2188 2343 2254 2397 ut
2282 2339 2521 2397 sanctus
2547 2331 2677 2408 ipse
2706 2330 2879 2393 Pater
2908 2340 2967 2394 et
2994 2342 3250 2396 astantes
3280 2352 3488 2398 omnes
3530 2338 3706 2402 simul
3737 2338 3834 2400 lu-

2191 2428 2398 2502 gerent
2428 2428 2487 2482 et
2514 2420 2898 2481 vehementes
2948 2421 3198 2483 ederent
3239 2423 3437 2485 ﬂetus.
3485 2424 3643 2488 Nihil
3673 2426 3836 2489 enim

2195 2510 2356 2573 aliud
2383 2508 2588 2571 videre
2618 2508 2774 2588 apud
2806 2527 2910 2571 eos
2941 2517 3089 2595 erat,
3122 2528 3298 2590 quam
3324 2514 3675 2592 peccatricis
3695 2516 3839 2577 ima-

2197 2599 2397 2680 ginem
2429 2597 2682 2688 contrito
2713 2597 2912 2660 auimo
2962 2599 3217 2661 tenentis
3265 2598 3580 2665 Salvatoris
3627 2605 3837 2688 pedes,

2201 2696 2261 2753 et
2290 2686 2544 2770 petentis
2571 2694 2905 2751 erratorum
2936 2691 3189 2754 veniam.

2272 2887 2498 2954 55.Ubi
2515 2889 2639 2969 jam
2663 2896 3061 2955 exsaturatum
3083 2891 3230 2954 ﬂetu
3253 2890 3401 2955 vidit
3434 2880 3630 2970 Pater,
3653 2893 3843 2960 instar

449 2979 750 3058 κλαυθμώ,
821 2980 1055 3061 καθάπερ
1142 2978 1330 3061 βρέφος
1416 3002 1509 3037 του
1601 2979 1789 3037 οἰκείου
1878 2984 2103 3055 μαστοῦ,

2194 2978 2451 3055 infantis,
2477 2978 2579 3060 qui
2599 2979 2689 3042 lac
2711 2998 2784 3043 ex
2826 2980 3112 3044 uberibus
3154 2980 3392 3045 abunde
3437 2985 3686 3062 suxerit,
3734 3004 3843 3048 ex-

452 3047 695 3153 ξκτείνας
728 3047 843 3137 ’τὴν
885 3047 1051 3149 χεῖρα
1107 3047 1394 3126 ἐπελάϐετο
1448 3069 1538 3126 καὶ
1593 3047 1891 3136 ἀνέστησεν.
1928 3047 2107 3127 αὐτόν..

2195 3068 2386 3132 tendit
2411 3047 2652 3130 manum
2703 3076 2762 3131 et
2804 3069 3266 3153 apprehendens
3308 3071 3519 3135 erexit.
3564 3047 3842 3137 Ille'vero

457 3150 519 3217 Ὀ
575 3155 633 3214 δὲ
701 3164 832 3215 πᾶσι
899 3157 1156 3222 κελεύσας
1224 3155 1453 3224 ἐξελθεῖν
1522 3154 1616 3215 ἀπ’
1683 3156 1862 3232 αὐτοῦ,
1920 3153 2113 3236 ἤρξατο

458 3246 889 3326 ἀπογυμνοῦσθαι
957 3248 1052 3303 σὺν
1119 3259 1237 3310 τοῖς
1306 3251 1567 3327 ψυχικοῖς
1636 3246 1822 3303 πάθεσι
1891 3245 1981 3302 καὶ
2050 3244 2117 3302 τὰ

460 3336 769 3416 σωματικὰ,
835 3337 926 3392 καὶ
994 3333 1225 3415 δακρύων
1295 3334 1475 3414 ἔλεγεν
1509 3353 1524 3369 ⁸
1598 3332 1755 3416 Ἰδοὺ,
1829 3333 2117 3410 τιμιώτατε

464 3426 638 3504 Πάτερ
707 3424 958 3504 τριετίαν,
1051 3424 1253 3505 ἡμέραν
1336 3427 1426 3483 καὶ
1515 3425 1676 3482 νύκτα
1739 3422 2117 3502 βεϐασύνισμαι

463 3516 566 3570 61:6
624 3520 718 3570 τοῦ
766 3512 1073 3573 δεινοτάτου
1128 3514 1348 3596 πάθους,
1402 3513 1585 3578 πόνοις
1645 3512 1975 3593 δριμυτάτοις
2030 3511 2119 3567 καὶ

465 3602 663 3681 ἆγάπῳ
710 3600 935 3676 δυσωδιᾳ
975 3603 1234 3661 πικτεύων
1271 3620 1286 3635 ⁸
1332 3604 1399 3670 ἣν
1445 3600 1563 3659 οὔτε
1609 3601 1812 3670 πλῆθος
1862 3621 2119 3682 προστρι-

464 3689 691 3768 ϐόμενος
722 3693 927 3772 μύρων,
984 3690 1104 3748 οὕτε
1161 3691 1268 3768 μὴν
1325 3697 1394 3768 τῇ
1441 3690 1732 3758 πυκνότητι
1759 3695 1864 3747 τῶν
1895 3688 2116 3766 ἱματίων

460 3779 711 3839 παλαιῶν
745 3798 761 3813 ’
813 3780 1034 3863 ἑπτάκις
1081 3781 1181 3861 γὰρ
1236 3785 1334 3846 τῆς
1390 3780 1595 3863 ἡμέρας
1624 3779 1875 3837 ἀλλάσσω
1904 3795 1918 3811 ⁸
1952 3778 2118 3858 ἐκφυ-

461 3884 586 3949 γεῖν
616 3868 873 3941 ἠδυνήθη,
905 3857 1006 3927 Ἠν
1046 3857 1107 3926 δέ
1155 3857 1217 3926 τὸ
1272 3857 1460 3943 πάθος,
1503 3857 1593 3935 *ὡς
1651 3872 1680 3928 6
1710 3868 1966 3949 μακάριος
1994 3857 2118 3923 ’ἐλε-

462 3981 585 4039 τεν,
614 3961 716 4017 ὑπὸ
768 3962 830 4017 τδ
879 3959 1040 4040 ἦτρον
1099 3960 1259 4020 αὐτοῦ
1312 3961 1491 4041 ὥσπερ
1549 3961 1656 4018 ἀπὸ
1710 3957 1961 4028 διαϐητου
2007 3954 2121 4012 δει-

2190 3156 2587 3238 jussisegredi
2603 3157 2902 3236 omnibus,
2933 3159 3237 3222 denudare
3254 3160 3433 3242 coepit
3461 3180 3597 3223 cum
3619 3163 3844 3227 morbis

2200 3246 2382 3310 animi
2411 3254 2472 3308 et
2501 3246 2771 3328 corporis
2820 3248 2973 3310 mala
3003 3257 3062 3311 et
3091 3250 3465 3330 lacrymando
3492 3250 3723 3315 aiebat:
3756 3251 3846 3315 En

2196 3335 2537 3398 venerande
2599 3338 2797 3413 Pater,
2849 3336 2955 3398 diu
3011 3346 3311 3419 noctuque
3360 3358 3468 3420 per
3521 3341 3845 3404 triennium

2200 3424 2545 3506 gravissimo
2600 3424 2713 3486 hoc
2758 3424 2914 3486 malo
2964 3426 3276 3487 aﬂlictatus
3318 3445 3473 3505 sum,
3531 3430 3847 3492 acerrimis

2202 3534 2521 3598 oppressus
2551 3514 2860 3576 doloribus
2890 3522 2948 3577 et
2975 3514 3360 3577 inenarrabili
3399 3517 3630 3592 foetore,
3663 3538 3844 3600 quem

2201 3625 2400 3687 neque.
2454 3613 2892 3685 unguentorum
2949 3603 3351 3667 adhibitorum
3410 3608 3601 3690 copia,
3651 3628 3846 3691 neque

2200 3694 2524 3759 mutatione
2553 3696 2765 3756 crebra
2810 3693 3085 3769 vestium,
3137 3694 3277 3776 quia
3325 3696 3549 3777 septies
3576 3708 3712 3760 utor
3741 3717 3851 3780 per

2200 3786 2329 3848 dies
2349 3784 2636 3865 singulos‘
2673 3784 2931 3863 effugere
2963 3782 3147 3864 potui,
3202 3783 3344 3846 Erat
3372 3804 3549 3866 porro
3579 3788 3847 3865 morbus,

2200 3882 2267 3957 ut
2292 3874 2499 3957 beatus
2528 3873 2704 3936 Pater
2726 3871 3027 3957 narrabat,
3078 3871 3188 3934 sub
3236 3877 3495 3957 pectine,
3528 3877 3696 3957 quasi
3725 3877 3849 3940 cir-

2203 3956 2340 4019 cino
2370 3955 2734 4017 circumacto
2767 3951 3126 4033 descriptus,
3152 3963 3215 4014 ut
3237 3951 3625 4035 pendentium
3655 3976 3851 4019 mem-

463 4050 625 4129 χθὲν,
668 4050 757 4106 καὶ
796 4048 927 4130 ἔχον
982 4048 1043 4105 ἐκ
1095 4055 1200 4107 τῶν
1254 4050 1638 4130 κεχωρισμέων
1698 4048 1898 4128 μορίων
1950 4042 2109 4105 οὐδέν

2204 4045 2451 4108 brorum
2482 4043 2632 4106 nihil
2657 4050 3019 4124 superesset.
3040 4043 3271 4106 Rursus
3289 4042 3467 4123 igitur
3486 4064 3695 4126 prorex
3709 4066 3852 4109 san-

467 4136 638 4194 Πάλιν
666 4137 757 4195 οὗν
783 4139 877 4202 τὰς
907 4150 1102 4218 χεῖρας
1129 4146 1222 4196 τοῦ
1279 4136 1479 4198 δικαίου
1531 4145 1736 4218 κρατῶν
1768 4140 1796 4194 6
1826 4133 2109 4214 βασιλικὸς1

2207 4134 2286 4197 cti
2316 4134 2428 4198 viri
2457 4151 2669 4195 manus
2700 4141 2911 4194 tenens
2941 4138 2999 4194 et
3044 4132 3242 4212 rigans
3291 4133 3565 4215 lacrymis
3615 4136 3849 4199 aiebat:

464 4228 559 4285 καὶ
608 4225 820 4283 πλύνων
861 4229 1022 4291 αὐτὰς
1074 4240 1192 4292 τοῖς
1237 4226 1481 4308 δάκρυσιν
1509 4225 1687 4306 ἔλεγεν
1722 4245 1737 4264 ·
1771 4223 2027 4291 Ἐλέησόν
2055 4242 2109 4298 με

2209 4224 2496 4286 Miserere
2521 4221 2669 4284 mihi
2691 4239 2797 4301 per
2820 4219 3161 4297 Dominum,
3191 4221 3410 4285 Christi
3445 4226 3682 4287 Domini
3711 4225 3853 4289 imi-

468 4312 557 4371 διὰ
586 4316 679 4372 τὸν
710 4316 916 4396 Κύριον,
950 4337 1160 4393 μιμητα
1208 4326 1302 4376 τοῦ
1334 4316 1603 4373 Δεσπότου
1634 4323 1881 4397 Χριστοῦ,
1912 4313 2002 4369 καὶ
2030 4332 2109 4367 κα-

2194 4323 2389 4390 .tator,
2414 4331 2526 4376 nec
2574 4329 2669 4373 me
2686 4310 3206 4390 dedignerishisce
3218 4314 3572 4376 venerandis
3583 4316 3857 4379 manibus

468 4402 729 4470 τιξίωσον
764 4418 886 4470 ταῖς
915 4407 1115 4479 τιμίαις
1144 4427 1236 4463 σου
1280 4406 1496 4470 ταύταις
1529 4406 1713 4486 χορσὶν
1747 4401 2030 4481 ἀποκεῖραι
2059 4421 2109 4476 με

2214 4403 2378 4467 omni
2420 4400 2651 4464 luxuria
2680 4400 2920 4481 plenum
2945 4401 3222 4463 monachi
3254 4411 3494 4465 tonsura
3541 4403 3853 4483 insignire,

469 4496 562 4552 τὸν
594 4495 908 4570 μανάσωτον
940 4510 955 4525 ⁸
990 4493 1174 4563 ἐπειδὴ
1232 4494 1564 4574 ὡμολόγησα
1616 4501 1695 4569 τῷ
1724 4500 1839 4569 Θεῷ
1867 4500 1960 4550 τοῦ
1982 4487 2109 4577 γενέι

2209 4491 2458 4577 promisi
2488 4489 2649 4553 enim
2679 4487 2800 4551 Deo
2823 4490 3229 4577 monasticam
3260 4490 3462 4554 subire
3494 4491 3853 4559 institutum.

469 4586 591 4640 σθαι
623 4585 886 4665 μοναχός,
919 4583 1076 4665 Λέγει
1107 4585 1195 4642 οὖν
1223 4585 1517 4666 πρὸςαῦτὸν
1549 4587 1577 4642 6
1608 4584 1792 4664 Πατήρ
1825 4597 1840 4613 ‘
1888 4583 1994 4639 Οὐκ
2022 4576 2109 4645 ’έξεε

2210 4574 2304 4644 Ἀεὶ
2336 4598 2513 4662 quem
2562 4580 2776 4641 Pater:
2822 4574 2952 4640 Non
2998 4578 3135 4641 licet
3183 4578 3289 4641 tibi
3331 4579 3457 4642 viro
3492 4581 3772 4663 prudenti
3800 4590 3862 4647 et

469 4674 557 4731 στί
600 4692 687 4729 σοι
740 4673 997 4752 ἀνθρώπῳ
1054 4682 1257 4751 συνετῷ
1311 4673 1444 4752 ὄντι,
1496 4675 1584 4733 καὶ
1612 4672 1812 4755 σφόδρα
1839 4665 2109 4728 πεπαιδευ·

2213 4688 2500 4754 perquam
2529 4668 2704 4732 docto
2735 4684 2947 4748 sapere
2975 4676 3077 4730 aut
3124 4666 3287 4749 loqui
3311 4686 3478 4730 more
3507 4669 3856 4749 multorum,

471 4762 623 4839 μένῳ
647 4764 715 4822 τὰ
741 4769 844 4821 νῶν
894 4770 1087 4822 κοινῶν
1140 4763 1426 4846 ἀνθρώπων
1475 4763 1629 4844 λόγια
1684 4774 1898 4845 φρονεῖν
1952 4780 2011 4815 τε
2044 4778 2109 4815 κα

2216 4778 2425 4824 omnes
2449 4757 2633 4846 enim,
2651 4755 2760 4846 qui
2779 4773 3015 4818 sacrum
3049 4755 3340 4837 baptisma
3368 4775 3716 4837 suscepere,
3749 4779 3863 4824 nec

472 4851 655 4933 λέγειν
687 4867 704 4882 '
739 4851 969 4919 ἅπαντες
1019 4855 1120 4934 γὰρ
1176 4843 1245 4911 0i
1276 4864 1371 4915 τοῦ
1415 4843 1562 4913 θείου
1603 4843 1968 4932 βαπτίσματος
1995 4869 2109 4906 κατι

2217 4866 2430 4934 purum
2450 4845 2597 4909 illud
2613 4843 2687 4907 ab
2708 4846 2868 4908 omni
2891 4853 3132 4925 peccato
3158 4861 3492 4927 servavere,
3509 4846 3640 4909 sine
3653 4848 3865 4929 quovis

474 4939 809 5018 αξιωθέντες,
860 4944 950 5000 καὶ
1004 4933 1298 5021 ἀμόλυντον
1350 4944 1457 5001 ἀπὸ
1515 4944 1693 5012 πάσης
1741 4939 1997 5021 ἁμαρτίας
2055 4934 2109 5015 μέ

2214 4933 2349 5002 voto
2380 4944 2658 5000 tenentur
2685 4934 2758 4996 ad
2789 4950 3025 4996 sacrum
3074 4934 3187 4995 hoc
3216 4933 3630 5016 recipiendum
3665 4936 3864 5019 bapti-

479 5028 803 5110 φυλάξαντες
858 5042 1036 5108 τοῦτο,
1109 5035 1276 5115 χωρὶς
1345 5034 1523 5103 πάσης
1595 5031 1881 5111 ὁμολογίας
1950 5048 2135 5115 χρεω-

476 5129 660 5179 στοῦσι
691 5118 851 5177 πάλιν
907 5125 971 5179 τὸ
1014 5114 1274 5205 μακάριον
1317 5131 1471 5181 τοῦτο
1515 5124 1792 5201 βάπτισμα
1824 5138 1839 5154 ⁸
1892 5116 2021 5196 ὅπερ
2050 5114 2136 5172 διὰ

474 5207 689 5277 πολλὴν
746 5209 1143 5292 εὖσπλαγχνίαν
1198 5214 1287 5270 καί
1344 5213 1648 5293 ἀγαθότητα
1692 5224 1812 5274 τοῖς
1842 5207 2135 5288 ἀνθρώποις

475 5302 508 5356 6
554 5301 688 5366 Θεὸς
743 5298 1074 5385 ἐδωρήσατο,
1123 5301 1394 5369 πλουσίοις
1448 5304 1561 5361 καὶ.
1589 5302 1805 5382 πένησι,
1864 5295 2134 5377 βασιλεῦσι

2218 5046 2348 5092 sma
2379 5026 2526 5104 (43],
2560 5023 2720 5104 quod
2757 5039 2861 5102 pro
2892 5022 3079 5085 multa
3107 5040 3215 5084 sua
3253 5023 3574 5087 clementia
3603 5034 3660 5087 et
3691 5026 3866 5090 boni-

2218 5125 2339 5182 tate
2367 5115 2526 5179 Deus
2574 5111 2916 5175 hominibus
2967 5112 3208 5175 donavit
3235 5112 3515 5176 divitibus
3547 5122 3604 5176 et
3633 5117 3866 5195 egenis,

2214 5205 2457 5287 regibus
2487 5212 2545 5266 et
2560 5199 2953 5285 principibus,
2981 5202 3463 5265 sacerdotibuset
3485 5204 3870 5284 pontiﬁcibus

2218 5303 2278 5360 et
2303 5294 2490 5359 cuivis
2519 5291 2735 5356 animae
2776 5289 3021 5367 volenti,
3054 5309 3174 5354 uno
3230 5291 3517 5374 temporis
3567 5304 3870 5361 momento

1867 5469 2113 5534 Joannis
2143 5465 2268 5532 Clei
2296 5473 2473 5530 notae.

575 5597 700 5686 (43)
746 5600 841 5686 Ad
894 5602 1165 5673 dolorem
1212 5604 1442 5668 scilicet
1479 5605 1782 5667 sincerum
1836 5611 1896 5666 et
1943 5602 2141 5686 pceni-
2225 5607 2526 5686 assumpto
2558 5597 3029 5686 monachali'ceu
3080 5597 3444 5686 paenitentiae
3489 5600 3693 5664 habitu
3728 5626 3741 5665 :
3775 5621 3875 5668 cu-

485 5679 741 5767 tentiam
772 5683 850 5745 de
881 5687 1145 5767 peccatis
1192 5686 1774 5767 commissis._llanc
1820 5679 1996 5767 porro
2025 5685 2146 5746 illis
2220 5679 2479 5767 jus_rei
2555 5679 2874 5742 innumera
2951 5679 3224 5762 exempla
3298 5689 3436 5744 sunt
3511 5689 3570 5744 et
3651 5687 3877 5764 passim

491 5761 731 5827 saeculis
761 5761 967 5829 testari
996 5766 1174 5832 etiam
1219 5766 1462 5831 maximi
1510 5761 2142 5850 principes'solebant,
2228 5761 2427 5829 obvia.
