  <div class='ocr_page' id='page_1' title='image "/cluster/home/n/w/nwhite01/storage/ocr_20150623/120/coo.31924054870245/057.png"; bbox 0 0 4182 6422; ppageno 0'>
   <div class='ocr_carea' id='block_1_1' title="bbox 375 425 454 491">
    <p class='ocr_par' dir='ltr' id='par_1_1' title="bbox 375 425 454 491">
     <span class='ocr_line' id='line_1_1' title="bbox 375 425 454 491; baseline 0.013 -1"><span class='ocrx_word' id='word_1_1' title='bbox 375 425 454 491; x_wconf 90' lang='grc'><strong>99</strong></span> 
     </span>
    </p>
   </div>
   <div class='ocr_carea' id='block_1_2' title="bbox 1854 410 2211 481">
    <p class='ocr_par' dir='ltr' id='par_1_2' title="bbox 1854 410 2211 481">
     <span class='ocr_line' id='line_1_2' title="bbox 1854 410 2211 481; baseline -0.008 -2"><span class='ocrx_word' id='word_1_2' title='bbox 1854 410 2211 481; x_wconf 86' lang='lat' dir='ltr'><strong>ANONYMI</strong></span> 
     </span>
    </p>
   </div>
   <div class='ocr_carea' id='block_1_3' title="bbox 3633 407 3752 472">
    <p class='ocr_par' dir='ltr' id='par_1_3' title="bbox 3633 407 3752 472">
     <span class='ocr_line' id='line_1_3' title="bbox 3633 407 3752 472; baseline 0 0"><span class='ocrx_word' id='word_1_3' title='bbox 3633 407 3752 472; x_wconf 76' lang='grc'><strong>100</strong></span> 
     </span>
    </p>
   </div>
   <div class='ocr_carea' id='block_1_4' title="bbox 361 540 1987 637">
    <p class='ocr_par' dir='ltr' id='par_1_4' title="bbox 361 545 1987 637">
     <span class='ocr_line' id='line_1_4' title="bbox 361 545 1987 637; baseline -0.008 -19"><span class='ocrx_word' id='word_1_4' title='bbox 361 555 619 637; x_wconf 86' lang='lat' dir='ltr'><strong>renasci,</strong></span> <span class='ocrx_word' id='word_1_5' title='bbox 654 555 812 619; x_wconf 89' lang='lat' dir='ltr'><strong>sicut</strong></span> <span class='ocrx_word' id='word_1_6' title='bbox 838 552 1054 636; x_wconf 84' lang='lat' dir='ltr'><strong>aquilae</strong></span> <span class='ocrx_word' id='word_1_7' title='bbox 1105 553 1415 632; x_wconf 75' lang='lat' dir='ltr'><strong>juventus,</strong></span> <span class='ocrx_word' id='word_1_8' title='bbox 1466 556 1525 611; x_wconf 89' lang='lat' dir='ltr'><strong>et</strong></span> <span class='ocrx_word' id='word_1_9' title='bbox 1572 545 1987 637; x_wconf 81' lang='lat' dir='ltr'><strong>praeteritorun</strong></span> 
     </span>
    </p>
   </div>
   <div class='ocr_carea' id='block_1_5' title="bbox 2072 540 3742 637">
    <p class='ocr_par' dir='ltr' id='par_1_5' title="bbox 2072 540 3742 627">
     <span class='ocr_line' id='line_1_5' title="bbox 2072 540 3742 627; baseline -0.004 -23"><span class='ocrx_word' id='word_1_10' title='bbox 2072 546 2177 604; x_wconf 79' lang='grc' dir='ltr'>,καὶ</span> <span class='ocrx_word' id='word_1_11' title='bbox 2236 545 2512 626; x_wconf 74' lang='grc' dir='ltr'>ἄρχουσιν,</span> <span class='ocrx_word' id='word_1_12' title='bbox 2570 547 2761 627; x_wconf 74' lang='grc' dir='ltr'>ἱερεῦσί</span> <span class='ocrx_word' id='word_1_13' title='bbox 2816 567 2876 603; x_wconf 88' lang='grc' dir='ltr'><strong>τε</strong></span> <span class='ocrx_word' id='word_1_14' title='bbox 2926 547 3014 603; x_wconf 88' lang='grc' dir='ltr'><strong>καὶ</strong></span> <span class='ocrx_word' id='word_1_15' title='bbox 3069 545 3397 627; x_wconf 76' lang='grc' dir='ltr'><strong>ἀρχιερεῦσι,</strong></span> <span class='ocrx_word' id='word_1_16' title='bbox 3452 542 3541 600; x_wconf 85' lang='grc' dir='ltr'><strong>καὶ</strong></span> <span class='ocrx_word' id='word_1_17' title='bbox 3595 540 3742 617; x_wconf 74' lang='grc' dir='ltr'>πάσῃ</span> 
     </span>
    </p>
   </div>
   <div class='ocr_carea' id='block_1_6' title="bbox 362 634 2008 727">
    <p class='ocr_par' dir='ltr' id='par_1_6' title="bbox 362 634 2008 727">
     <span class='ocr_line' id='line_1_6' title="bbox 362 634 2008 727; baseline -0.007 -21"><span class='ocrx_word' id='word_1_18' title='bbox 362 634 687 727; x_wconf 86' lang='lat' dir='ltr'><strong>impetrare</strong></span> <span class='ocrx_word' id='word_1_19' title='bbox 716 634 948 706; x_wconf 85' lang='lat' dir='ltr'><strong>veniam</strong></span> <span class='ocrx_word' id='word_1_20' title='bbox 978 642 1358 704; x_wconf 85' lang='lat' dir='ltr'><strong>delictorum.</strong></span> <span class='ocrx_word' id='word_1_21' title='bbox 1414 638 1580 712; x_wconf 90' lang='lat' dir='ltr'><strong>Quod</strong></span> <span class='ocrx_word' id='word_1_22' title='bbox 1612 654 1753 699; x_wconf 92' lang='lat' dir='ltr'><strong>vero</strong></span> <span class='ocrx_word' id='word_1_23' title='bbox 1784 634 2008 727; x_wconf 81' lang='lat' dir='ltr'><strong>aiebas,</strong></span> 
     </span>
    </p>
   </div>
   <div class='ocr_carea' id='block_1_7' title="bbox 361 722 2011 810">
    <p class='ocr_par' dir='ltr' id='par_1_7' title="bbox 361 722 2011 810">
     <span class='ocr_line' id='line_1_7' title="bbox 361 722 2011 810; baseline -0.008 -15"><span class='ocrx_word' id='word_1_24' title='bbox 361 742 427 795; x_wconf 91' lang='lat' dir='ltr'><strong>ut</strong></span> <span class='ocrx_word' id='word_1_25' title='bbox 453 722 514 798; x_wconf 80' lang='lat' dir='ltr'><strong>te</strong></span> <span class='ocrx_word' id='word_1_26' title='bbox 543 734 879 807; x_wconf 86' lang='lat' dir='ltr'><strong>tonderem,</strong></span> <span class='ocrx_word' id='word_1_27' title='bbox 912 750 1019 810; x_wconf 86' lang='lat' dir='ltr'><strong>ego</strong></span> <span class='ocrx_word' id='word_1_28' title='bbox 1071 748 1214 792; x_wconf 86' lang='lat' dir='ltr'><strong>sane</strong></span> <span class='ocrx_word' id='word_1_29' title='bbox 1268 728 1694 790; x_wconf 83' lang='lat' dir='ltr'><strong>monachorum</strong></span> <span class='ocrx_word' id='word_1_30' title='bbox 1726 722 2011 785; x_wconf 91' lang='lat' dir='ltr'><strong>minimus</strong></span> 
     </span>
    </p>
   </div>
   <div class='ocr_carea' id='block_1_8' title="bbox 362 814 2011 898">
    <p class='ocr_par' dir='ltr' id='par_1_8' title="bbox 362 814 2011 898">
     <span class='ocr_line' id='line_1_8' title="bbox 362 814 2011 898; baseline -0.007 -15"><span class='ocrx_word' id='word_1_31' title='bbox 362 840 515 898; x_wconf 92' lang='lat' dir='ltr'><strong>sum,</strong></span> <span class='ocrx_word' id='word_1_32' title='bbox 542 822 703 884; x_wconf 88' lang='lat' dir='ltr'><strong>nullo</strong></span> <span class='ocrx_word' id='word_1_33' title='bbox 731 819 1045 883; x_wconf 82' lang='lat' dir='ltr'><strong>sacerdotii</strong></span> <span class='ocrx_word' id='word_1_34' title='bbox 1079 818 1267 897; x_wconf 81' lang='lat' dir='ltr'><strong>gradu</strong></span> <span class='ocrx_word' id='word_1_35' title='bbox 1287 824 1554 879; x_wconf 89' lang='lat' dir='ltr'><strong>ornatus.</strong></span> <span class='ocrx_word' id='word_1_36' title='bbox 1578 814 1692 876; x_wconf 91' lang='lat' dir='ltr'><strong>Hic</strong></span> <span class='ocrx_word' id='word_1_37' title='bbox 1714 821 2011 891; x_wconf 91' lang='lat' dir='ltr'><strong>metropo-</strong></span> 
     </span>
    </p>
   </div>
   <div class='ocr_carea' id='block_1_9' title="bbox 362 901 2006 985">
    <p class='ocr_par' dir='ltr' id='par_1_9' title="bbox 362 901 2006 985">
     <span class='ocr_line' id='line_1_9' title="bbox 362 901 2006 985; baseline -0.009 -14"><span class='ocrx_word' id='word_1_38' title='bbox 362 909 465 971; x_wconf 89' lang='lat' dir='ltr'><strong>lita</strong></span> <span class='ocrx_word' id='word_1_39' title='bbox 485 918 574 972; x_wconf 92' lang='lat' dir='ltr'><strong>est</strong></span> <span class='ocrx_word' id='word_1_40' title='bbox 600 918 744 979; x_wconf 85' lang='lat' dir='ltr'><strong>(erat</strong></span> <span class='ocrx_word' id='word_1_41' title='bbox 771 909 929 971; x_wconf 90' lang='lat' dir='ltr'><strong>enim</strong></span> <span class='ocrx_word' id='word_1_42' title='bbox 964 906 1047 968; x_wconf 87' lang='lat' dir='ltr'><strong>ibi</strong></span> <span class='ocrx_word' id='word_1_43' title='bbox 1082 925 1188 980; x_wconf 77' lang='lat' dir='ltr'><strong>per</strong></span> <span class='ocrx_word' id='word_1_44' title='bbox 1216 905 1274 966; x_wconf 93' lang='lat' dir='ltr'><strong>id</strong></span> <span class='ocrx_word' id='word_1_45' title='bbox 1308 913 1543 985; x_wconf 82' lang='lat' dir='ltr'><strong>tempus</strong></span> <span class='ocrx_word' id='word_1_46' title='bbox 1573 908 1791 963; x_wconf 61' lang='lat' dir='ltr'><strong>sanctae</strong></span> <span class='ocrx_word' id='word_1_47' title='bbox 1818 901 2006 960; x_wconf 91' lang='lat' dir='ltr'><strong>Seve-</strong></span> 
     </span>
    </p>
   </div>
   <div class='ocr_carea' id='block_1_10' title="bbox 359 985 2008 1079">
    <p class='ocr_par' dir='ltr' id='par_1_10' title="bbox 359 985 2008 1079">
     <span class='ocr_line' id='line_1_10' title="bbox 359 985 2008 1079; baseline -0.007 -20"><span class='ocrx_word' id='word_1_48' title='bbox 359 998 509 1059; x_wconf 73' lang='lat' dir='ltr'><strong>rinae</strong></span> <span class='ocrx_word' id='word_1_49' title='bbox 541 998 666 1079; x_wconf 77' lang='grc'><strong>(44)</strong></span> <span class='ocrx_word' id='word_1_50' title='bbox 717 995 1137 1077; x_wconf 89' lang='lat' dir='ltr'><strong>metropolita),</strong></span> <span class='ocrx_word' id='word_1_51' title='bbox 1203 1002 1413 1076; x_wconf 58' lang='lat' dir='ltr'><strong>praesto</strong></span> <span class='ocrx_word' id='word_1_52' title='bbox 1463 998 1600 1053; x_wconf 90' lang='lat' dir='ltr'><strong>sunt</strong></span> <span class='ocrx_word' id='word_1_53' title='bbox 1650 985 1915 1079; x_wconf 86' lang='lat' dir='ltr'><strong>episcopi</strong></span> <span class='ocrx_word' id='word_1_54' title='bbox 1947 992 2008 1048; x_wconf 92' lang='lat' dir='ltr'><strong>et</strong></span> 
     </span>
    </p>
   </div>
   <div class='ocr_carea' id='block_1_11' title="bbox 360 1077 2007 1164">
    <p class='ocr_par' dir='ltr' id='par_1_11' title="bbox 360 1077 2007 1164">
     <span class='ocr_line' id='line_1_11' title="bbox 360 1077 2007 1164; baseline -0.008 -16"><span class='ocrx_word' id='word_1_55' title='bbox 360 1077 875 1148; x_wconf 69' lang='lat' dir='ltr'><strong>archimandritas:</strong></span> <span class='ocrx_word' id='word_1_56' title='bbox 934 1083 1048 1164; x_wconf 91' lang='lat' dir='ltr'><strong>ipsi</strong></span> <span class='ocrx_word' id='word_1_57' title='bbox 1079 1091 1212 1144; x_wconf 88' lang='lat' dir='ltr'><strong>vota</strong></span> <span class='ocrx_word' id='word_1_58' title='bbox 1246 1093 1349 1144; x_wconf 91' lang='lat' dir='ltr'><strong>tua</strong></span> <span class='ocrx_word' id='word_1_59' title='bbox 1378 1079 1699 1162; x_wconf 79' lang='lat' dir='ltr'><strong>expleant:</strong></span> <span class='ocrx_word' id='word_1_60' title='bbox 1736 1077 1867 1158; x_wconf 88' lang='lat' dir='ltr'><strong>quis</strong></span> <span class='ocrx_word' id='word_1_61' title='bbox 1900 1095 2007 1164; x_wconf 85' lang='lat' dir='ltr'><strong>ego</strong></span> 
     </span>
    </p>
   </div>
   <div class='ocr_carea' id='block_1_12' title="bbox 361 1162 2010 1250">
    <p class='ocr_par' dir='ltr' id='par_1_12' title="bbox 361 1162 2010 1250">
     <span class='ocr_line' id='line_1_12' title="bbox 361 1162 2010 1250; baseline -0.008 -14"><span class='ocrx_word' id='word_1_62' title='bbox 361 1192 517 1250; x_wconf 92' lang='lat' dir='ltr'><strong>sum,</strong></span> <span class='ocrx_word' id='word_1_63' title='bbox 551 1183 614 1236; x_wconf 90' lang='lat' dir='ltr'><strong>ut</strong></span> <span class='ocrx_word' id='word_1_64' title='bbox 644 1192 739 1235; x_wconf 89' lang='lat' dir='ltr'><strong>me</strong></span> <span class='ocrx_word' id='word_1_65' title='bbox 770 1162 1135 1234; x_wconf 80' lang='lat' dir='ltr'><strong>immisceam</strong></span> <span class='ocrx_word' id='word_1_66' title='bbox 1155 1170 1186 1231; x_wconf 85' lang='lat'><strong>‘?</strong></span> <span class='ocrx_word' id='word_1_67' title='bbox 1242 1170 1345 1232; x_wconf 91' lang='lat' dir='ltr'><strong>Ille</strong></span> <span class='ocrx_word' id='word_1_68' title='bbox 1374 1186 1581 1231; x_wconf 91' lang='lat' dir='ltr'><strong>rursus</strong></span> <span class='ocrx_word' id='word_1_69' title='bbox 1601 1165 1789 1228; x_wconf 82' lang='lat' dir='ltr'><strong>sancti</strong></span> <span class='ocrx_word' id='word_1_70' title='bbox 1823 1162 2010 1227; x_wconf 77' lang='lat' dir='ltr'><strong>Patris</strong></span> 
     </span>
    </p>
   </div>
   <div class='ocr_carea' id='block_1_13' title="bbox 362 1251 2009 1339">
    <p class='ocr_par' dir='ltr' id='par_1_13' title="bbox 362 1251 2009 1339">
     <span class='ocr_line' id='line_1_13' title="bbox 362 1251 2009 1339; baseline -0.007 -17"><span class='ocrx_word' id='word_1_71' title='bbox 362 1280 573 1324; x_wconf 90' lang='lat' dir='ltr'><strong>manus</strong></span> <span class='ocrx_word' id='word_1_72' title='bbox 619 1261 969 1323; x_wconf 91' lang='lat' dir='ltr'><strong>deosculans</strong></span> <span class='ocrx_word' id='word_1_73' title='bbox 1017 1259 1249 1339; x_wconf 82' lang='lat' dir='ltr'><strong>precari</strong></span> <span class='ocrx_word' id='word_1_74' title='bbox 1295 1257 1472 1319; x_wconf 91' lang='lat' dir='ltr'><strong>simul</strong></span> <span class='ocrx_word' id='word_1_75' title='bbox 1506 1264 1566 1317; x_wconf 92' lang='lat' dir='ltr'><strong>et</strong></span> <span class='ocrx_word' id='word_1_76' title='bbox 1592 1251 1898 1327; x_wconf 87' lang='lat' dir='ltr'><strong>obtestari,</strong></span> <span class='ocrx_word' id='word_1_77' title='bbox 1933 1267 2009 1311; x_wconf 89' lang='lat' dir='ltr'><strong>ne</strong></span> 
     </span>
    </p>
   </div>
   <div class='ocr_carea' id='block_1_14' title="bbox 363 1343 2007 1431">
    <p class='ocr_par' dir='ltr' id='par_1_14' title="bbox 363 1343 2007 1431">
     <span class='ocr_line' id='line_1_14' title="bbox 363 1343 2007 1431; baseline -0.007 -21"><span class='ocrx_word' id='word_1_78' title='bbox 363 1368 513 1431; x_wconf 88' lang='lat' dir='ltr'><strong>opus</strong></span> <span class='ocrx_word' id='word_1_79' title='bbox 537 1350 649 1412; x_wconf 89' lang='lat' dir='ltr'><strong>hoc</strong></span> <span class='ocrx_word' id='word_1_80' title='bbox 669 1348 769 1410; x_wconf 87' lang='lat' dir='ltr'><strong>alii</strong></span> <span class='ocrx_word' id='word_1_81' title='bbox 794 1348 1184 1427; x_wconf 86' lang='lat' dir='ltr'><strong>permitteret,</strong></span> <span class='ocrx_word' id='word_1_82' title='bbox 1210 1345 1316 1408; x_wconf 93' lang='lat' dir='ltr'><strong>sed</strong></span> <span class='ocrx_word' id='word_1_83' title='bbox 1341 1343 1544 1406; x_wconf 89' lang='lat' dir='ltr'><strong>habitu</strong></span> <span class='ocrx_word' id='word_1_84' title='bbox 1569 1348 1774 1404; x_wconf 87' lang='lat' dir='ltr'><strong>sancto</strong></span> <span class='ocrx_word' id='word_1_85' title='bbox 1792 1348 1851 1402; x_wconf 91' lang='lat' dir='ltr'><strong>et</strong></span> <span class='ocrx_word' id='word_1_86' title='bbox 1871 1358 2007 1419; x_wconf 89' lang='lat' dir='ltr'><strong>apo-</strong></span> 
     </span>
    </p>
   </div>
   <div class='ocr_carea' id='block_1_15' title="bbox 362 1431 2008 1517">
    <p class='ocr_par' dir='ltr' id='par_1_15' title="bbox 362 1431 2008 1517">
     <span class='ocr_line' id='line_1_15' title="bbox 362 1431 2008 1517; baseline -0.006 -18"><span class='ocrx_word' id='word_1_87' title='bbox 362 1438 571 1500; x_wconf 89' lang='lat' dir='ltr'><strong>stolico</strong></span> <span class='ocrx_word' id='word_1_88' title='bbox 590 1440 722 1517; x_wconf 90' lang='lat' dir='ltr'><strong>ipse</strong></span> <span class='ocrx_word' id='word_1_89' title='bbox 746 1437 912 1498; x_wconf 86' lang='lat' dir='ltr'><strong>illum</strong></span> <span class='ocrx_word' id='word_1_90' title='bbox 935 1435 1229 1511; x_wconf 88' lang='lat' dir='ltr'><strong>indueret,</strong></span> <span class='ocrx_word' id='word_1_91' title='bbox 1251 1436 1539 1515; x_wconf 78' lang='lat' dir='ltr'><strong>fieretque</strong></span> <span class='ocrx_word' id='word_1_92' title='bbox 1561 1431 1674 1493; x_wconf 90' lang='lat' dir='ltr'><strong>sibi</strong></span> <span class='ocrx_word' id='word_1_93' title='bbox 1697 1437 2008 1511; x_wconf 86' lang='lat' dir='ltr'><strong>sequester</strong></span> 
     </span>
    </p>
   </div>
   <div class='ocr_carea' id='block_1_16' title="bbox 360 1524 1083 1607">
    <p class='ocr_par' dir='ltr' id='par_1_16' title="bbox 360 1524 1083 1607">
     <span class='ocr_line' id='line_1_16' title="bbox 360 1524 1083 1607; baseline 0.001 -21"><span class='ocrx_word' id='word_1_94' title='bbox 360 1524 433 1586; x_wconf 93' lang='lat' dir='ltr'><strong>ad</strong></span> <span class='ocrx_word' id='word_1_95' title='bbox 465 1525 652 1587; x_wconf 89' lang='lat' dir='ltr'><strong>Deum</strong></span> <span class='ocrx_word' id='word_1_96' title='bbox 683 1532 747 1589; x_wconf 92' lang='lat' dir='ltr'><strong>et</strong></span> <span class='ocrx_word' id='word_1_97' title='bbox 775 1533 1083 1607; x_wconf 89' lang='lat' dir='ltr'><strong>patronus.</strong></span> 
     </span>
    </p>
   </div>
   <div class='ocr_carea' id='block_1_17' title="bbox 2097 633 3738 714">
    <p class='ocr_par' dir='ltr' id='par_1_17' title="bbox 2097 633 3738 714">
     <span class='ocr_line' id='line_1_17' title="bbox 2097 633 3738 714; baseline 0.005 -26"><span class='ocrx_word' id='word_1_98' title='bbox 2097 637 2249 714; x_wconf 79' lang='grc' dir='ltr'>ψυχῇ</span> <span class='ocrx_word' id='word_1_99' title='bbox 2276 640 2346 712; x_wconf 75' lang='grc' dir='ltr'>τῇ</span> <span class='ocrx_word' id='word_1_100' title='bbox 2399 633 2695 712; x_wconf 77' lang='grc' dir='ltr'><strong>βουλομένῃ</strong></span> <span class='ocrx_word' id='word_1_101' title='bbox 2748 634 2802 691; x_wconf 80' lang='grc' dir='ltr'><strong>ἐν</strong></span> <span class='ocrx_word' id='word_1_102' title='bbox 2860 641 2956 711; x_wconf 84' lang='grc' dir='ltr'>μιᾷ</span> <span class='ocrx_word' id='word_1_103' title='bbox 3008 646 3191 711; x_wconf 97' lang='grc' dir='ltr'>καιροῦ</span> <span class='ocrx_word' id='word_1_104' title='bbox 3246 636 3384 714; x_wconf 74' lang='grc' dir='ltr'>ῥοπῇ</span> <span class='ocrx_word' id='word_1_105' title='bbox 3439 633 3738 710; x_wconf 73' lang='grc' dir='ltr'>ἀναγεννη-</span> 
     </span>
    </p>
   </div>
   <div class='ocr_carea' id='block_1_18' title="bbox 2093 720 3747 798">
    <p class='ocr_par' dir='ltr' id='par_1_18' title="bbox 2093 720 3747 798">
     <span class='ocr_line' id='line_1_18' title="bbox 2093 720 3747 798; baseline -0.002 -20"><span class='ocrx_word' id='word_1_106' title='bbox 2093 725 2246 789; x_wconf 84' lang='grc' dir='ltr'>θῆναι</span> <span class='ocrx_word' id='word_1_107' title='bbox 2275 726 2349 787; x_wconf 83' lang='grc' dir='ltr'>ὡς</span> <span class='ocrx_word' id='word_1_108' title='bbox 2392 725 2548 783; x_wconf 80' lang='grc' dir='ltr'>ἀετοῦ</span> <span class='ocrx_word' id='word_1_109' title='bbox 2602 727 2636 793; x_wconf 80' lang='grc' dir='ltr'><strong>ἡ</strong></span> <span class='ocrx_word' id='word_1_110' title='bbox 2695 724 2905 796; x_wconf 82' lang='grc' dir='ltr'><strong>νεότης,</strong></span> <span class='ocrx_word' id='word_1_111' title='bbox 2965 726 3054 781; x_wconf 86' lang='grc' dir='ltr'><strong>καὶ</strong></span> <span class='ocrx_word' id='word_1_112' title='bbox 3109 725 3319 781; x_wconf 83' lang='grc' dir='ltr'>πάντων</span> <span class='ocrx_word' id='word_1_113' title='bbox 3374 720 3747 798; x_wconf 65' lang='grc' dir='ltr'><strong>ιίιναλλαγῆνειιι</strong></span> 
     </span>
    </p>
   </div>
   <div class='ocr_carea' id='block_1_19' title="bbox 2092 809 3738 891">
    <p class='ocr_par' dir='ltr' id='par_1_19' title="bbox 2092 809 3738 891">
     <span class='ocr_line' id='line_1_19' title="bbox 2092 809 3738 891; baseline -0.001 -28"><span class='ocrx_word' id='word_1_114' title='bbox 2092 815 2199 864; x_wconf 78' lang='grc' dir='ltr'>τῶν</span> <span class='ocrx_word' id='word_1_115' title='bbox 2246 811 2763 891; x_wconf 72' lang='grc' dir='ltr'><strong>προημαρτημένων,</strong></span> <span class='ocrx_word' id='word_1_116' title='bbox 2827 812 3010 875; x_wconf 80' lang='grc' dir='ltr'><strong>Καθὼς</strong></span> <span class='ocrx_word' id='word_1_117' title='bbox 3057 809 3111 867; x_wconf 74' lang='grc' dir='ltr'><strong>δὲ</strong></span> <span class='ocrx_word' id='word_1_118' title='bbox 3167 809 3298 890; x_wconf 76' lang='grc' dir='ltr'>ἔφης</span> <span class='ocrx_word' id='word_1_119' title='bbox 3352 810 3471 889; x_wconf 83' lang='grc' dir='ltr'>περὶ</span> <span class='ocrx_word' id='word_1_120' title='bbox 3525 816 3619 866; x_wconf 84' lang='grc' dir='ltr'><strong>τοῦ</strong></span> <span class='ocrx_word' id='word_1_121' title='bbox 3671 827 3738 883; x_wconf 88' lang='grc' dir='ltr'><strong>με</strong></span> 
     </span>
    </p>
   </div>
   <div class='ocr_carea' id='block_1_20' title="bbox 2091 896 3733 980">
    <p class='ocr_par' dir='ltr' id='par_1_20' title="bbox 2091 896 3733 980">
     <span class='ocr_line' id='line_1_20' title="bbox 2091 896 3733 980; baseline -0.001 -27"><span class='ocrx_word' id='word_1_122' title='bbox 2091 897 2470 979; x_wconf 71' lang='grc' dir='ltr'>ἀποκουρεῦςαί</span> <span class='ocrx_word' id='word_1_123' title='bbox 2539 922 2619 980; x_wconf 88' lang='grc' dir='ltr'><strong>σε,</strong></span> <span class='ocrx_word' id='word_1_124' title='bbox 2694 899 2899 964; x_wconf 72' lang='grc' dir='ltr'>εὖτελὲς</span> <span class='ocrx_word' id='word_1_125' title='bbox 2985 898 3350 980; x_wconf 78' lang='grc' dir='ltr'>καλογηρίζειν</span> <span class='ocrx_word' id='word_1_126' title='bbox 3430 899 3534 974; x_wconf 74' lang='grc' dir='ltr'>εἰμὶ</span> <span class='ocrx_word' id='word_1_127' title='bbox 3602 896 3733 974; x_wconf 86' lang='grc' dir='ltr'>ἐγὼ,</span> 
     </span>
    </p>
   </div>
   <div class='ocr_carea' id='block_1_21' title="bbox 2093 985 3738 1068">
    <p class='ocr_par' dir='ltr' id='par_1_21' title="bbox 2093 985 3738 1068">
     <span class='ocr_line' id='line_1_21' title="bbox 2093 985 3738 1068; baseline -0.001 -25"><span class='ocrx_word' id='word_1_128' title='bbox 2093 985 2293 1063; x_wconf 77' lang='grc' dir='ltr'>μηδένα</span> <span class='ocrx_word' id='word_1_129' title='bbox 2360 990 2685 1067; x_wconf 78' lang='grc' dir='ltr'><strong>κεκτημένος</strong></span> <span class='ocrx_word' id='word_1_130' title='bbox 2756 991 2954 1067; x_wconf 82' lang='grc' dir='ltr'>βαθμὸν</span> <span class='ocrx_word' id='word_1_131' title='bbox 3024 991 3302 1068; x_wconf 75' lang='grc' dir='ltr'>ἱερατικὸν.</span> <span class='ocrx_word' id='word_1_132' title='bbox 3383 985 3484 1044; x_wconf 81' lang='grc' dir='ltr'><strong>Ωδε</strong></span> <span class='ocrx_word' id='word_1_133' title='bbox 3542 1006 3738 1064; x_wconf 86' lang='grc' dir='ltr'>μητρο-</span> 
     </span>
    </p>
   </div>
   <div class='ocr_carea' id='block_1_22' title="bbox 2091 1072 3736 1158">
    <p class='ocr_par' dir='ltr' id='par_1_22' title="bbox 2091 1072 3736 1158">
     <span class='ocr_line' id='line_1_22' title="bbox 2091 1072 3736 1158; baseline -0.001 -28"><span class='ocrx_word' id='word_1_134' title='bbox 2091 1073 2313 1144; x_wconf 89' lang='grc' dir='ltr'>πολίτης</span> <span class='ocrx_word' id='word_1_135' title='bbox 2345 1076 2482 1135; x_wconf 86' lang='grc' dir='ltr'>ἐστίν</span> <span class='ocrx_word' id='word_1_136' title='bbox 2515 1096 2530 1111; x_wconf 89' lang='grc'><strong>·</strong></span> <span class='ocrx_word' id='word_1_137' title='bbox 2590 1079 2656 1147; x_wconf 76' lang='grc' dir='ltr'><strong>ῆν</strong></span> <span class='ocrx_word' id='word_1_138' title='bbox 2697 1079 2798 1158; x_wconf 75' lang='grc' dir='ltr'><strong>γὰρ</strong></span> <span class='ocrx_word' id='word_1_139' title='bbox 2853 1079 2971 1134; x_wconf 77' lang='grc' dir='ltr'>τότε</span> <span class='ocrx_word' id='word_1_140' title='bbox 3027 1078 3142 1135; x_wconf 81' lang='grc' dir='ltr'>ἐκεῖ</span> <span class='ocrx_word' id='word_1_141' title='bbox 3195 1080 3224 1134; x_wconf 99' lang='lat'><strong>6</strong></span> <span class='ocrx_word' id='word_1_142' title='bbox 3251 1082 3351 1146; x_wconf 88' lang='grc' dir='ltr'><strong>τῆς</strong></span> <span class='ocrx_word' id='word_1_143' title='bbox 3382 1077 3533 1154; x_wconf 84' lang='grc' dir='ltr'>ἁγίας</span> <span class='ocrx_word' id='word_1_144' title='bbox 3559 1072 3736 1144; x_wconf 70' lang='lat'><strong>2661‘,-</strong></span> 
     </span>
    </p>
   </div>
   <div class='ocr_carea' id='block_1_23' title="bbox 2091 1164 3735 1247">
    <p class='ocr_par' dir='ltr' id='par_1_23' title="bbox 2091 1164 3735 1247">
     <span class='ocr_line' id='line_1_23' title="bbox 2091 1164 3735 1247; baseline -0.007 -19"><span class='ocrx_word' id='word_1_145' title='bbox 2091 1164 2238 1241; x_wconf 80' lang='grc' dir='ltr'>ρίνης</span> <span class='ocrx_word' id='word_1_146' title='bbox 2295 1166 2693 1247; x_wconf 86' lang='grc' dir='ltr'>μητροπολίτης</span> <span class='ocrx_word' id='word_1_147' title='bbox 2729 1185 2744 1200; x_wconf 79' lang='grc'><strong>⁸</strong></span> <span class='ocrx_word' id='word_1_148' title='bbox 2817 1165 2918 1221; x_wconf 81' lang='grc' dir='ltr'><strong>ὦδε</strong></span> <span class='ocrx_word' id='word_1_149' title='bbox 2976 1166 3259 1229; x_wconf 82' lang='grc' dir='ltr'>ἐπίσκοπος</span> <span class='ocrx_word' id='word_1_150' title='bbox 3315 1167 3401 1222; x_wconf 86' lang='grc' dir='ltr'><strong>καὶ</strong></span> <span class='ocrx_word' id='word_1_151' title='bbox 3460 1164 3735 1243; x_wconf 77' lang='grc' dir='ltr'>ἀρχιμαν-</span> 
     </span>
    </p>
   </div>
   <div class='ocr_carea' id='block_1_24' title="bbox 2089 1249 3734 1330">
    <p class='ocr_par' dir='ltr' id='par_1_24' title="bbox 2089 1249 3734 1330">
     <span class='ocr_line' id='line_1_24' title="bbox 2089 1249 3734 1330; baseline -0.001 -23"><span class='ocrx_word' id='word_1_152' title='bbox 2089 1249 2261 1330; x_wconf 74' lang='grc' dir='ltr'>δρῒται</span> <span class='ocrx_word' id='word_1_153' title='bbox 2309 1256 2433 1311; x_wconf 78' lang='grc' dir='ltr'>εἰσίν</span> <span class='ocrx_word' id='word_1_154' title='bbox 2469 1272 2482 1287; x_wconf 90' lang='grc'><strong>·</strong></span> <span class='ocrx_word' id='word_1_155' title='bbox 2544 1255 2688 1312; x_wconf 73' lang='grc' dir='ltr'>αὗτοὶ</span> <span class='ocrx_word' id='word_1_156' title='bbox 2739 1254 2836 1323; x_wconf 74' lang='grc' dir='ltr'>τὴν</span> <span class='ocrx_word' id='word_1_157' title='bbox 2894 1253 3167 1330; x_wconf 78' lang='grc' dir='ltr'>ἐπιθυμίαν</span> <span class='ocrx_word' id='word_1_158' title='bbox 3226 1277 3320 1312; x_wconf 87' lang='grc' dir='ltr'><strong>σου</strong></span> <span class='ocrx_word' id='word_1_159' title='bbox 3370 1252 3734 1319; x_wconf 81' lang='grc' dir='ltr'>πλησιώσουσι</span> 
     </span>
    </p>
   </div>
   <div class='ocr_carea' id='block_1_25' title="bbox 2086 1333 3732 1424">
    <p class='ocr_par' dir='ltr' id='par_1_25' title="bbox 2086 1333 3732 1424">
     <span class='ocr_line' id='line_1_25' title="bbox 2086 1333 3732 1424; baseline 0.001 -29"><span class='ocrx_word' id='word_1_160' title='bbox 2086 1342 2175 1396; x_wconf 86' lang='grc' dir='ltr'><strong>καὶ</strong></span> <span class='ocrx_word' id='word_1_161' title='bbox 2199 1340 2307 1420; x_wconf 83' lang='grc' dir='ltr'><strong>ἐγὼ</strong></span> <span class='ocrx_word' id='word_1_162' title='bbox 2334 1346 2409 1408; x_wconf 85' lang='grc' dir='ltr'><strong>τίς</strong></span> <span class='ocrx_word' id='word_1_163' title='bbox 2463 1345 2592 1420; x_wconf 76' lang='grc' dir='ltr'>εἶμι,</span> <span class='ocrx_word' id='word_1_164' title='bbox 2651 1343 2743 1401; x_wconf 71' lang='grc' dir='ltr'>’ίνα</span> <span class='ocrx_word' id='word_1_165' title='bbox 2801 1344 3160 1424; x_wconf 70' lang='grc' dir='ltr'>μεσάζωμαις</span> <span class='ocrx_word' id='word_1_166' title='bbox 3216 1333 3258 1401; x_wconf 71' lang='grc' dir='ltr'><strong>ἶ)</strong></span> <span class='ocrx_word' id='word_1_167' title='bbox 3312 1340 3367 1398; x_wconf 74' lang='grc' dir='ltr'><strong>δὲ</strong></span> <span class='ocrx_word' id='word_1_168' title='bbox 3422 1340 3582 1398; x_wconf 90' lang='grc' dir='ltr'>παλιν</span> <span class='ocrx_word' id='word_1_169' title='bbox 3637 1342 3732 1404; x_wconf 80' lang='grc' dir='ltr'><strong>τὰς</strong></span> 
     </span>
    </p>
   </div>
   <div class='ocr_carea' id='block_1_26' title="bbox 2090 1430 3738 1514">
    <p class='ocr_par' dir='ltr' id='par_1_26' title="bbox 2090 1430 3738 1514">
     <span class='ocr_line' id='line_1_26' title="bbox 2090 1430 3738 1514; baseline 0 -29"><span class='ocrx_word' id='word_1_170' title='bbox 2090 1443 2284 1509; x_wconf 79' lang='grc' dir='ltr'>χεῖρας</span> <span class='ocrx_word' id='word_1_171' title='bbox 2340 1432 2644 1514; x_wconf 64' lang='grc' dir='ltr'>καταριλῶν</span> <span class='ocrx_word' id='word_1_172' title='bbox 2694 1439 2787 1489; x_wconf 81' lang='grc' dir='ltr'><strong>τοῦ</strong></span> <span class='ocrx_word' id='word_1_173' title='bbox 2841 1433 2977 1489; x_wconf 89' lang='grc' dir='ltr'>θείου</span> <span class='ocrx_word' id='word_1_174' title='bbox 3032 1435 3237 1512; x_wconf 78' lang='grc' dir='ltr'>Πατρὸς</span> <span class='ocrx_word' id='word_1_175' title='bbox 3284 1430 3570 1511; x_wconf 75' lang='grc' dir='ltr'>παρεκάλει</span> <span class='ocrx_word' id='word_1_176' title='bbox 3603 1431 3738 1505; x_wconf 79' lang='grc' dir='ltr'>ὁμοῦ</span> 
     </span>
    </p>
   </div>
   <div class='ocr_carea' id='block_1_27' title="bbox 2089 1518 3736 1599">
    <p class='ocr_par' dir='ltr' id='par_1_27' title="bbox 2089 1518 3736 1599">
     <span class='ocr_line' id='line_1_27' title="bbox 2089 1518 3736 1599; baseline 0.001 -26"><span class='ocrx_word' id='word_1_177' title='bbox 2089 1520 2406 1599; x_wconf 81' lang='grc' dir='ltr'>καθορκίζων</span> <span class='ocrx_word' id='word_1_178' title='bbox 2475 1528 2567 1578; x_wconf 78' lang='grc' dir='ltr'><strong>τοῦ</strong></span> <span class='ocrx_word' id='word_1_179' title='bbox 2638 1522 2715 1597; x_wconf 82' lang='grc' dir='ltr'>μὴ</span> <span class='ocrx_word' id='word_1_180' title='bbox 2788 1519 2934 1595; x_wconf 78' lang='grc' dir='ltr'>ἄλλῳ</span> <span class='ocrx_word' id='word_1_181' title='bbox 3001 1522 3102 1578; x_wconf 80' lang='grc' dir='ltr'>τινὶ</span> <span class='ocrx_word' id='word_1_182' title='bbox 3168 1524 3229 1578; x_wconf 76' lang='grc' dir='ltr'>τὸ</span> <span class='ocrx_word' id='word_1_183' title='bbox 3296 1527 3532 1578; x_wconf 81' lang='grc' dir='ltr'>τοιοῦτον</span> <span class='ocrx_word' id='word_1_184' title='bbox 3584 1518 3736 1598; x_wconf 78' lang='grc' dir='ltr'>ἔργον</span> 
     </span>
    </p>
   </div>
   <div class='ocr_carea' id='block_1_28' title="bbox 359 1602 3738 1695">
    <p class='ocr_par' dir='ltr' id='par_1_28' title="bbox 359 1602 3738 1695">
     <span class='ocr_line' id='line_1_28' title="bbox 359 1602 3738 1695; baseline -0.002 -25"><span class='ocrx_word' id='word_1_185' title='bbox 359 1602 793 1695; x_wconf 58' lang='grc' dir='ltr'><strong>παραχωρῆσαι,⁷</strong></span> <span class='ocrx_word' id='word_1_186' title='bbox 837 1613 973 1670; x_wconf 81' lang='grc' dir='ltr'>ἀλλὰ</span> <span class='ocrx_word' id='word_1_187' title='bbox 1027 1609 1093 1669; x_wconf 78' lang='grc' dir='ltr'><strong>δι’</strong></span> <span class='ocrx_word' id='word_1_188' title='bbox 1151 1616 1309 1671; x_wconf 75' lang='grc' dir='ltr'><strong>αὖτοῦ</strong></span> <span class='ocrx_word' id='word_1_189' title='bbox 1363 1612 1425 1667; x_wconf 74' lang='grc' dir='ltr'>τὸ</span> <span class='ocrx_word' id='word_1_190' title='bbox 1481 1610 1632 1689; x_wconf 76' lang='grc' dir='ltr'>ἅγιον</span> <span class='ocrx_word' id='word_1_191' title='bbox 1678 1608 1766 1665; x_wconf 88' lang='grc' dir='ltr'><strong>καὶ</strong></span> <span class='ocrx_word' id='word_1_192' title='bbox 1846 1602 2196 1662; x_wconf 72' lang='grc' dir='ltr'>ἀποστολικὸν</span> <span class='ocrx_word' id='word_1_193' title='bbox 2247 1613 2440 1688; x_wconf 62' lang='grc' dir='ltr'>σχῆμα</span> <span class='ocrx_word' id='word_1_194' title='bbox 2490 1610 2872 1691; x_wconf 68' lang='grc' dir='ltr'>ἀμφιασθῆναι,</span> <span class='ocrx_word' id='word_1_195' title='bbox 2931 1611 3018 1667; x_wconf 84' lang='grc' dir='ltr'>καὶ</span> <span class='ocrx_word' id='word_1_196' title='bbox 3073 1612 3205 1691; x_wconf 82' lang='grc' dir='ltr'>πρὸς</span> <span class='ocrx_word' id='word_1_197' title='bbox 3261 1612 3352 1667; x_wconf 85' lang='grc' dir='ltr'><strong>τὸν</strong></span> <span class='ocrx_word' id='word_1_198' title='bbox 3410 1610 3538 1666; x_wconf 84' lang='grc' dir='ltr'>Θεὸν</span> <span class='ocrx_word' id='word_1_199' title='bbox 3594 1608 3738 1664; x_wconf 77' lang='grc' dir='ltr'>αὒτῶ</span> 
     </span>
    </p>
   </div>
   <div class='ocr_carea' id='block_1_29' title="bbox 358 1701 1317 1784">
    <p class='ocr_par' dir='ltr' id='par_1_29' title="bbox 358 1701 1317 1784">
     <span class='ocr_line' id='line_1_29' title="bbox 358 1701 1317 1784; baseline -0.002 -25"><span class='ocrx_word' id='word_1_200' title='bbox 358 1710 578 1779; x_wconf 80' lang='grc' dir='ltr'>μεσίτην</span> <span class='ocrx_word' id='word_1_201' title='bbox 607 1705 695 1759; x_wconf 86' lang='grc' dir='ltr'><strong>καὶ</strong></span> <span class='ocrx_word' id='word_1_202' title='bbox 723 1704 1027 1784; x_wconf 81' lang='grc' dir='ltr'>προστάτην</span> <span class='ocrx_word' id='word_1_203' title='bbox 1054 1701 1317 1781; x_wconf 75' lang='grc' dir='ltr'>γενέσθαι.</span> 
     </span>
    </p>
   </div>
   <div class='ocr_carea' id='block_1_30' title="bbox 441 1775 1987 1878">
    <p class='ocr_par' dir='ltr' id='par_1_30' title="bbox 441 1775 1982 1868">
     <span class='ocr_line' id='line_1_30' title="bbox 441 1775 1982 1868; baseline -0.004 -17"><span class='ocrx_word' id='word_1_204' title='bbox 441 1790 542 1851; x_wconf 83' lang='lat'><strong>56.</strong></span> <span class='ocrx_word' id='word_1_205' title='bbox 571 1775 822 1852; x_wconf 63' lang='lat' dir='ltr'><strong>Flexere</strong></span> <span class='ocrx_word' id='word_1_206' title='bbox 851 1775 1086 1853; x_wconf 84' lang='lat' dir='ltr'><strong>Patrem</strong></span> <span class='ocrx_word' id='word_1_207' title='bbox 1139 1788 1410 1868; x_wconf 71' lang='lat' dir='ltr'><strong>lacrymte</strong></span> <span class='ocrx_word' id='word_1_208' title='bbox 1452 1805 1585 1849; x_wconf 91' lang='lat' dir='ltr'><strong>cum</strong></span> <span class='ocrx_word' id='word_1_209' title='bbox 1618 1784 1916 1867; x_wconf 77' lang='lat' dir='ltr'><strong>preci&#39;bus,</strong></span> <span class='ocrx_word' id='word_1_210' title='bbox 1950 1801 1982 1845; x_wconf 93' lang='lat' dir='ltr'><strong>e</strong></span> 
     </span>
    </p>
   </div>
   <div class='ocr_carea' id='block_1_31' title="bbox 2072 1775 3736 1878">
    <p class='ocr_par' dir='ltr' id='par_1_31' title="bbox 2167 1775 3736 1869">
     <span class='ocr_line' id='line_1_31' title="bbox 2167 1775 3736 1869; baseline -0.001 -26"><span class='ocrx_word' id='word_1_211' title='bbox 2167 1775 2267 1851; x_wconf 72' lang='grc' dir='ltr'>νς’.</span> <span class='ocrx_word' id='word_1_212' title='bbox 2340 1789 2605 1869; x_wconf 78' lang='grc' dir='ltr'>Κ-αμφθεὶς</span> <span class='ocrx_word' id='word_1_213' title='bbox 2668 1788 2754 1846; x_wconf 72' lang='grc' dir='ltr'><strong>οὖν</strong></span> <span class='ocrx_word' id='word_1_214' title='bbox 2825 1790 2853 1845; x_wconf 86' lang='grc' dir='ltr'>ὁ</span> <span class='ocrx_word' id='word_1_215' title='bbox 2922 1790 3105 1867; x_wconf 78' lang='grc' dir='ltr'>Πατὴρ</span> <span class='ocrx_word' id='word_1_216' title='bbox 3178 1800 3296 1851; x_wconf 66' lang='grc' dir='ltr'>τοῖς</span> <span class='ocrx_word' id='word_1_217' title='bbox 3364 1785 3575 1867; x_wconf 79' lang='grc' dir='ltr'>δάκρυσι</span> <span class='ocrx_word' id='word_1_218' title='bbox 3646 1785 3736 1842; x_wconf 87' lang='grc' dir='ltr'><strong>καὶ</strong></span> 
     </span>
    </p>
   </div>
   <div class='ocr_carea' id='block_1_32' title="bbox 359 1876 2756 1956">
    <p class='ocr_par' dir='ltr' id='par_1_32' title="bbox 359 1876 2756 1956">
     <span class='ocr_line' id='line_1_32' title="bbox 359 1876 2756 1956; baseline -0.002 -17"><span class='ocrx_word' id='word_1_219' title='bbox 359 1877 485 1939; x_wconf 89' lang='lat' dir='ltr'><strong>suis</strong></span> <span class='ocrx_word' id='word_1_220' title='bbox 515 1878 683 1939; x_wconf 92' lang='lat' dir='ltr'><strong>illum</strong></span> <span class='ocrx_word' id='word_1_221' title='bbox 715 1878 966 1939; x_wconf 89' lang='lat' dir='ltr'><strong>totondit</strong></span> <span class='ocrx_word' id='word_1_222' title='bbox 995 1877 1267 1938; x_wconf 88' lang='lat' dir='ltr'><strong>manibus</strong></span> <span class='ocrx_word' id='word_1_223' title='bbox 1298 1876 1515 1956; x_wconf 83' lang='lat' dir='ltr'><strong>vilique</strong></span> <span class='ocrx_word' id='word_1_224' title='bbox 1546 1876 1789 1946; x_wconf 82' lang='lat' dir='ltr'><strong>amictu,</strong></span> <span class='ocrx_word' id='word_1_225' title='bbox 1824 1890 2004 1952; x_wconf 83' lang='lat' dir='ltr'><strong>quem</strong></span> <span class='ocrx_word' id='word_1_226' title='bbox 2025 1876 2057 1878; x_wconf 16' lang='grc' dir='ltr'><strong>ᾗ</strong></span> <span class='ocrx_word' id='word_1_227' title='bbox 2087 1887 2208 1938; x_wconf 79' lang='grc' dir='ltr'>ταῖς</span> <span class='ocrx_word' id='word_1_228' title='bbox 2287 1876 2503 1941; x_wconf 75' lang='grc' dir='ltr'>ἱκεσίαις</span> <span class='ocrx_word' id='word_1_229' title='bbox 2580 1880 2756 1950; x_wconf 59' lang='lat' dir='ltr'><strong>ana-cos,</strong></span> 
     </span>
    </p>
   </div>
   <div class='ocr_carea' id='block_1_33' title="bbox 355 1963 2004 2045">
    <p class='ocr_par' dir='ltr' id='par_1_33' title="bbox 355 1963 2004 2045">
     <span class='ocr_line' id='line_1_33' title="bbox 355 1963 2004 2045; baseline -0.004 -17"><span class='ocrx_word' id='word_1_230' title='bbox 355 1967 696 2028; x_wconf 85' lang='lat' dir='ltr'><strong>veneranda</strong></span> <span class='ocrx_word' id='word_1_231' title='bbox 710 1966 1010 2029; x_wconf 88' lang='lat' dir='ltr'><strong>humilitas</strong></span> <span class='ocrx_word' id='word_1_232' title='bbox 1026 1966 1349 2045; x_wconf 84' lang='lat' dir='ltr'><strong>gloriosum</strong></span> <span class='ocrx_word' id='word_1_233' title='bbox 1367 1963 1593 2042; x_wconf 91' lang='lat' dir='ltr'><strong>reddit,</strong></span> <span class='ocrx_word' id='word_1_234' title='bbox 1612 1964 1779 2025; x_wconf 91' lang='lat' dir='ltr'><strong>illum</strong></span> <span class='ocrx_word' id='word_1_235' title='bbox 1806 1969 2004 2023; x_wconf 92' lang='lat' dir='ltr'><strong>conte-</strong></span> 
     </span>
    </p>
   </div>
   <div class='ocr_carea' id='block_1_34' title="bbox 354 2050 2001 2137">
    <p class='ocr_par' dir='ltr' id='par_1_34' title="bbox 354 2050 2001 2137">
     <span class='ocr_line' id='line_1_34' title="bbox 354 2050 2001 2137; baseline -0.004 -21"><span class='ocrx_word' id='word_1_236' title='bbox 354 2055 462 2133; x_wconf 76' lang='lat' dir='ltr'><strong>xit,</strong></span> <span class='ocrx_word' id='word_1_237' title='bbox 497 2055 598 2137; x_wconf 90' lang='lat' dir='ltr'><strong>qui</strong></span> <span class='ocrx_word' id='word_1_238' title='bbox 628 2074 822 2136; x_wconf 91' lang='lat' dir='ltr'><strong>nuper</strong></span> <span class='ocrx_word' id='word_1_239' title='bbox 851 2055 1015 2116; x_wconf 91' lang='lat' dir='ltr'><strong>molli</strong></span> <span class='ocrx_word' id='word_1_240' title='bbox 1044 2073 1112 2115; x_wconf 93' lang='lat' dir='ltr'><strong>ac</strong></span> <span class='ocrx_word' id='word_1_241' title='bbox 1143 2054 1453 2115; x_wconf 85' lang='lat' dir='ltr'><strong>difﬂuente</strong></span> <span class='ocrx_word' id='word_1_242' title='bbox 1484 2050 1834 2113; x_wconf 89' lang='lat' dir='ltr'><strong>vestimento</strong></span> <span class='ocrx_word' id='word_1_243' title='bbox 1864 2068 2001 2111; x_wconf 88' lang='lat' dir='ltr'><strong>sec-</strong></span> 
     </span>
    </p>
   </div>
   <div class='ocr_carea' id='block_1_35' title="bbox 356 2138 2000 2224">
    <p class='ocr_par' dir='ltr' id='par_1_35' title="bbox 356 2138 2000 2224">
     <span class='ocr_line' id='line_1_35' title="bbox 356 2138 2000 2224; baseline -0.003 -21"><span class='ocrx_word' id='word_1_244' title='bbox 356 2143 589 2205; x_wconf 88' lang='lat' dir='ltr'><strong>tabatur</strong></span> <span class='ocrx_word' id='word_1_245' title='bbox 615 2142 882 2216; x_wconf 88' lang='lat' dir='ltr'><strong>delicias,</strong></span> <span class='ocrx_word' id='word_1_246' title='bbox 936 2152 1232 2224; x_wconf 67' lang='lat' dir='ltr'><strong>praesente</strong></span> <span class='ocrx_word' id='word_1_247' title='bbox 1279 2139 1656 2221; x_wconf 88' lang='lat' dir='ltr'><strong>metropolita</strong></span> <span class='ocrx_word' id='word_1_248' title='bbox 1702 2138 2000 2219; x_wconf 87' lang='lat' dir='ltr'><strong>Stephano</strong></span> 
     </span>
    </p>
   </div>
   <div class='ocr_carea' id='block_1_36' title="bbox 355 2226 1995 2313">
    <p class='ocr_par' dir='ltr' id='par_1_36' title="bbox 355 2226 1995 2313">
     <span class='ocr_line' id='line_1_36' title="bbox 355 2226 1995 2313; baseline -0.004 -20"><span class='ocrx_word' id='word_1_249' title='bbox 355 2249 491 2293; x_wconf 89' lang='lat' dir='ltr'><strong>cum</strong></span> <span class='ocrx_word' id='word_1_250' title='bbox 524 2231 802 2313; x_wconf 92' lang='lat' dir='ltr'><strong>episcopo</strong></span> <span class='ocrx_word' id='word_1_251' title='bbox 833 2231 997 2293; x_wconf 85' lang='lat' dir='ltr'><strong>urbis</strong></span> <span class='ocrx_word' id='word_1_252' title='bbox 1031 2232 1184 2313; x_wconf 71' lang='lat'><strong>(45),</strong></span> <span class='ocrx_word' id='word_1_253' title='bbox 1239 2229 1590 2308; x_wconf 89' lang='lat' dir='ltr'><strong>hegumenis</strong></span> <span class='ocrx_word' id='word_1_254' title='bbox 1621 2247 1740 2289; x_wconf 91' lang='lat' dir='ltr'><strong>non</strong></span> <span class='ocrx_word' id='word_1_255' title='bbox 1770 2226 1995 2308; x_wconf 88' lang='lat' dir='ltr'><strong>paucis,</strong></span> 
     </span>
    </p>
   </div>
   <div class='ocr_carea' id='block_1_37' title="bbox 355 2314 2000 2399">
    <p class='ocr_par' dir='ltr' id='par_1_37' title="bbox 355 2314 2000 2399">
     <span class='ocr_line' id='line_1_37' title="bbox 355 2314 2000 2399; baseline -0.004 -18"><span class='ocrx_word' id='word_1_256' title='bbox 355 2327 412 2381; x_wconf 91' lang='lat' dir='ltr'><strong>et</strong></span> <span class='ocrx_word' id='word_1_257' title='bbox 440 2319 570 2381; x_wconf 91' lang='lat' dir='ltr'><strong>aliis</strong></span> <span class='ocrx_word' id='word_1_258' title='bbox 601 2320 1028 2382; x_wconf 88' lang='lat' dir='ltr'><strong>sacerdotibus.</strong></span> <span class='ocrx_word' id='word_1_259' title='bbox 1055 2319 1533 2399; x_wconf 82' lang='lat' dir='ltr'><strong>Aderatqueque</strong></span> <span class='ocrx_word' id='word_1_260' title='bbox 1558 2316 1799 2380; x_wconf 84' lang='lat' dir='ltr'><strong>Judaeus</strong></span> <span class='ocrx_word' id='word_1_261' title='bbox 1825 2314 2000 2379; x_wconf 90' lang='lat' dir='ltr'><strong>Dom-</strong></span> 
     </span>
    </p>
   </div>
   <div class='ocr_carea' id='block_1_38' title="bbox 355 2406 1998 2490">
    <p class='ocr_par' dir='ltr' id='par_1_38' title="bbox 355 2406 1998 2490">
     <span class='ocr_line' id='line_1_38' title="bbox 355 2406 1998 2490; baseline -0.003 -21"><span class='ocrx_word' id='word_1_262' title='bbox 355 2408 552 2483; x_wconf 89' lang='lat' dir='ltr'><strong>nulus,</strong></span> <span class='ocrx_word' id='word_1_263' title='bbox 586 2428 800 2490; x_wconf 91' lang='lat' dir='ltr'><strong>nempe</strong></span> <span class='ocrx_word' id='word_1_264' title='bbox 827 2418 894 2471; x_wconf 89' lang='lat' dir='ltr'><strong>ut</strong></span> <span class='ocrx_word' id='word_1_265' title='bbox 926 2409 1212 2483; x_wconf 84' lang='lat' dir='ltr'><strong>medicus,</strong></span> <span class='ocrx_word' id='word_1_266' title='bbox 1248 2408 1419 2488; x_wconf 87' lang='lat' dir='ltr'><strong>cujus</strong></span> <span class='ocrx_word' id='word_1_267' title='bbox 1453 2406 1626 2468; x_wconf 90' lang='lat' dir='ltr'><strong>etiam</strong></span> <span class='ocrx_word' id='word_1_268' title='bbox 1655 2411 1835 2466; x_wconf 88' lang='lat' dir='ltr'><strong>antea</strong></span> <span class='ocrx_word' id='word_1_269' title='bbox 1864 2422 1998 2465; x_wconf 86' lang='lat' dir='ltr'><strong>me-</strong></span> 
     </span>
    </p>
   </div>
   <div class='ocr_carea' id='block_1_39' title="bbox 355 2493 2000 2578">
    <p class='ocr_par' dir='ltr' id='par_1_39' title="bbox 355 2493 2000 2578">
     <span class='ocr_line' id='line_1_39' title="bbox 355 2493 2000 2578; baseline -0.004 -19"><span class='ocrx_word' id='word_1_270' title='bbox 355 2496 524 2571; x_wconf 88' lang='lat' dir='ltr'><strong>mini,</strong></span> <span class='ocrx_word' id='word_1_271' title='bbox 553 2505 850 2578; x_wconf 84' lang='lat' dir='ltr'><strong>spectator</strong></span> <span class='ocrx_word' id='word_1_272' title='bbox 874 2516 1097 2569; x_wconf 86' lang='lat' dir='ltr'><strong>earum,</strong></span> <span class='ocrx_word' id='word_1_273' title='bbox 1125 2516 1257 2578; x_wconf 67' lang='lat' dir='ltr'><strong>qua:</strong></span> <span class='ocrx_word' id='word_1_274' title='bbox 1277 2497 1632 2576; x_wconf 86' lang='lat' dir='ltr'><strong>agebantur:</strong></span> <span class='ocrx_word' id='word_1_275' title='bbox 1666 2493 1764 2575; x_wconf 87' lang='lat' dir='ltr'><strong>qui</strong></span> <span class='ocrx_word' id='word_1_276' title='bbox 1794 2511 2000 2572; x_wconf 86' lang='lat' dir='ltr'><strong>egres-</strong></span> 
     </span>
    </p>
   </div>
   <div class='ocr_carea' id='block_1_40' title="bbox 356 2581 1999 2667">
    <p class='ocr_par' dir='ltr' id='par_1_40' title="bbox 356 2581 1999 2667">
     <span class='ocr_line' id='line_1_40' title="bbox 356 2581 1999 2667; baseline -0.004 -20"><span class='ocrx_word' id='word_1_277' title='bbox 356 2602 479 2667; x_wconf 88' lang='lat' dir='ltr'><strong>sus,</strong></span> <span class='ocrx_word' id='word_1_278' title='bbox 501 2595 557 2647; x_wconf 91' lang='lat' dir='ltr'><strong>et</strong></span> <span class='ocrx_word' id='word_1_279' title='bbox 584 2586 930 2662; x_wconf 87' lang='lat' dir='ltr'><strong>admiratus,</strong></span> <span class='ocrx_word' id='word_1_280' title='bbox 962 2605 1092 2667; x_wconf 63' lang='lat' dir='ltr'><strong>qua:</strong></span> <span class='ocrx_word' id='word_1_281' title='bbox 1120 2587 1271 2647; x_wconf 85' lang='lat' dir='ltr'><strong>facta</strong></span> <span class='ocrx_word' id='word_1_282' title='bbox 1303 2592 1492 2662; x_wconf 90' lang='lat' dir='ltr'><strong>erant,</strong></span> <span class='ocrx_word' id='word_1_283' title='bbox 1526 2583 1606 2646; x_wconf 86' lang='lat' dir='ltr'><strong>ita</strong></span> <span class='ocrx_word' id='word_1_284' title='bbox 1631 2590 1888 2644; x_wconf 79' lang='lat' dir='ltr'><strong>astantes</strong></span> <span class='ocrx_word' id='word_1_285' title='bbox 1908 2581 1999 2642; x_wconf 83' lang='lat' dir='ltr'><strong>af-</strong></span> 
     </span>
    </p>
   </div>
   <div class='ocr_carea' id='block_1_41' title="bbox 348 2668 1998 2753">
    <p class='ocr_par' dir='ltr' id='par_1_41' title="bbox 348 2668 1998 2753">
     <span class='ocr_line' id='line_1_41' title="bbox 348 2668 1998 2753; baseline -0.002 -19"><span class='ocrx_word' id='word_1_286' title='bbox 348 2673 502 2735; x_wconf 82' lang='lat' dir='ltr'><strong>fatus</strong></span> <span class='ocrx_word' id='word_1_287' title='bbox 532 2684 660 2738; x_wconf 90' lang='lat' dir='ltr'><strong>est:</strong></span> <span class='ocrx_word' id='word_1_288' title='bbox 695 2676 887 2738; x_wconf 89' lang='lat' dir='ltr'><strong>Hodie</strong></span> <span class='ocrx_word' id='word_1_289' title='bbox 941 2673 1243 2735; x_wconf 81' lang='lat' dir='ltr'><strong>mirabilia</strong></span> <span class='ocrx_word' id='word_1_290' title='bbox 1287 2673 1429 2748; x_wconf 90' lang='lat' dir='ltr'><strong>vidi,</strong></span> <span class='ocrx_word' id='word_1_291' title='bbox 1495 2690 1627 2753; x_wconf 74' lang='lat' dir='ltr'><strong>quae</strong></span> <span class='ocrx_word' id='word_1_292' title='bbox 1672 2671 1824 2731; x_wconf 86' lang='lat' dir='ltr'><strong>facta</strong></span> <span class='ocrx_word' id='word_1_293' title='bbox 1853 2668 1998 2732; x_wconf 91' lang='lat' dir='ltr'><strong>olim</strong></span> 
     </span>
    </p>
   </div>
   <div class='ocr_carea' id='block_1_42' title="bbox 348 2758 1997 2842">
    <p class='ocr_par' dir='ltr' id='par_1_42' title="bbox 348 2758 1997 2842">
     <span class='ocr_line' id='line_1_42' title="bbox 348 2758 1997 2842; baseline -0.003 -19"><span class='ocrx_word' id='word_1_294' title='bbox 348 2763 700 2824; x_wconf 90' lang='lat' dir='ltr'><strong>audivimus.</strong></span> <span class='ocrx_word' id='word_1_295' title='bbox 731 2762 900 2825; x_wconf 93' lang='lat' dir='ltr'><strong>Nunc</strong></span> <span class='ocrx_word' id='word_1_296' title='bbox 930 2762 1049 2824; x_wconf 89' lang='lat' dir='ltr'><strong>vidi</strong></span> <span class='ocrx_word' id='word_1_297' title='bbox 1080 2762 1386 2824; x_wconf 91' lang='lat' dir='ltr'><strong>Danielem</strong></span> <span class='ocrx_word' id='word_1_298' title='bbox 1444 2761 1797 2842; x_wconf 88' lang='lat' dir='ltr'><strong>prophetam</strong></span> <span class='ocrx_word' id='word_1_299' title='bbox 1828 2758 1997 2819; x_wconf 91' lang='lat' dir='ltr'><strong>cicu-</strong></span> 
     </span>
    </p>
   </div>
   <div class='ocr_carea' id='block_1_43' title="bbox 346 2845 1996 2930">
    <p class='ocr_par' dir='ltr' id='par_1_43' title="bbox 346 2845 1996 2930">
     <span class='ocr_line' id='line_1_43' title="bbox 346 2845 1996 2930; baseline -0.004 -18"><span class='ocrx_word' id='word_1_300' title='bbox 346 2858 577 2912; x_wconf 90' lang='lat' dir='ltr'><strong>rantem</strong></span> <span class='ocrx_word' id='word_1_301' title='bbox 608 2851 837 2914; x_wconf 88' lang='lat' dir='ltr'><strong>leones.</strong></span> <span class='ocrx_word' id='word_1_302' title='bbox 890 2849 1035 2923; x_wconf 89' lang='lat' dir='ltr'><strong>Quis</strong></span> <span class='ocrx_word' id='word_1_303' title='bbox 1090 2849 1250 2912; x_wconf 89' lang='lat' dir='ltr'><strong>enim</strong></span> <span class='ocrx_word' id='word_1_304' title='bbox 1300 2867 1558 2930; x_wconf 87' lang='lat' dir='ltr'><strong>unquam</strong></span> <span class='ocrx_word' id='word_1_305' title='bbox 1619 2845 1810 2929; x_wconf 89' lang='lat' dir='ltr'><strong>potuit</strong></span> <span class='ocrx_word' id='word_1_306' title='bbox 1839 2846 1996 2907; x_wconf 92' lang='lat' dir='ltr'><strong>leoni</strong></span> 
     </span>
    </p>
   </div>
   <div class='ocr_carea' id='block_1_44' title="bbox 347 2935 1997 3001">
    <p class='ocr_par' dir='ltr' id='par_1_44' title="bbox 347 2935 1997 3001">
     <span class='ocr_line' id='line_1_44' title="bbox 347 2935 1997 3001; baseline -0.002 -1"><span class='ocrx_word' id='word_1_307' title='bbox 347 2937 488 3000; x_wconf 87' lang='lat' dir='ltr'><strong>huic</strong></span> <span class='ocrx_word' id='word_1_308' title='bbox 516 2938 839 3001; x_wconf 82' lang='lat' dir='ltr'><strong>admovere</strong></span> <span class='ocrx_word' id='word_1_309' title='bbox 873 2937 1135 3001; x_wconf 88' lang='lat' dir='ltr'><strong>manus?</strong></span> <span class='ocrx_word' id='word_1_310' title='bbox 1190 2938 1266 3000; x_wconf 86' lang='lat' dir='ltr'><strong>At</strong></span> <span class='ocrx_word' id='word_1_311' title='bbox 1312 2956 1496 2999; x_wconf 89' lang='lat' dir='ltr'><strong>novus</strong></span> <span class='ocrx_word' id='word_1_312' title='bbox 1540 2936 1638 2998; x_wconf 94' lang='lat' dir='ltr'><strong>hic</strong></span> <span class='ocrx_word' id='word_1_313' title='bbox 1687 2935 1894 2997; x_wconf 91' lang='lat' dir='ltr'><strong>Daniel</strong></span> <span class='ocrx_word' id='word_1_314' title='bbox 1939 2943 1997 2996; x_wconf 93' lang='lat' dir='ltr'><strong>et</strong></span> 
     </span>
    </p>
   </div>
   <div class='ocr_carea' id='block_1_45' title="bbox 348 3023 1990 3105">
    <p class='ocr_par' dir='ltr' id='par_1_45' title="bbox 348 3023 1990 3105">
     <span class='ocr_line' id='line_1_45' title="bbox 348 3023 1990 3105; baseline -0.003 -16"><span class='ocrx_word' id='word_1_315' title='bbox 348 3042 580 3089; x_wconf 89' lang='lat' dir='ltr'><strong>comam</strong></span> <span class='ocrx_word' id='word_1_316' title='bbox 641 3027 863 3089; x_wconf 89' lang='lat' dir='ltr'><strong>derasit</strong></span> <span class='ocrx_word' id='word_1_317' title='bbox 917 3037 976 3091; x_wconf 88' lang='lat' dir='ltr'><strong>et</strong></span> <span class='ocrx_word' id='word_1_318' title='bbox 1024 3027 1417 3089; x_wconf 85' lang='lat' dir='ltr'><strong>monasticum</strong></span> <span class='ocrx_word' id='word_1_319' title='bbox 1459 3024 1746 3105; x_wconf 88' lang='lat' dir='ltr'><strong>imposuit</strong></span> <span class='ocrx_word' id='word_1_320' title='bbox 1798 3023 1990 3105; x_wconf 92' lang='lat' dir='ltr'><strong>pileo-</strong></span> 
     </span>
    </p>
   </div>
   <div class='ocr_carea' id='block_1_46' title="bbox 344 3114 1988 3197">
    <p class='ocr_par' dir='ltr' id='par_1_46' title="bbox 344 3114 1988 3197">
     <span class='ocr_line' id='line_1_46' title="bbox 344 3114 1988 3197; baseline -0.001 -21"><span class='ocrx_word' id='word_1_321' title='bbox 344 3114 467 3177; x_wconf 92' lang='lat' dir='ltr'><strong>lum</strong></span> <span class='ocrx_word' id='word_1_322' title='bbox 487 3116 630 3194; x_wconf 77' lang='lat'><strong>(46).</strong></span> <span class='ocrx_word' id='word_1_323' title='bbox 653 3115 726 3177; x_wconf 89' lang='lat' dir='ltr'><strong>Et</strong></span> <span class='ocrx_word' id='word_1_324' title='bbox 746 3117 870 3178; x_wconf 70' lang='lat' dir='ltr'><strong>hmc</strong></span> <span class='ocrx_word' id='word_1_325' title='bbox 892 3116 1132 3197; x_wconf 87' lang='lat' dir='ltr'><strong>quidem</strong></span> <span class='ocrx_word' id='word_1_326' title='bbox 1160 3115 1468 3177; x_wconf 86' lang='lat' dir='ltr'><strong>Hebraeus.</strong></span> <span class='ocrx_word' id='word_1_327' title='bbox 1494 3116 1571 3179; x_wconf 87' lang='lat' dir='ltr'><strong>At</strong></span> <span class='ocrx_word' id='word_1_328' title='bbox 1593 3131 1731 3175; x_wconf 89' lang='lat' dir='ltr'><strong>vero</strong></span> <span class='ocrx_word' id='word_1_329' title='bbox 1754 3131 1988 3194; x_wconf 87' lang='lat' dir='ltr'><strong>prorex,</strong></span> 
     </span>
    </p>
   </div>
   <div class='ocr_carea' id='block_1_47' title="bbox 2852 1874 3729 1957">
    <p class='ocr_par' dir='ltr' id='par_1_47' title="bbox 2852 1874 3729 1957">
     <span class='ocr_line' id='line_1_47' title="bbox 2852 1874 3729 1957; baseline -0.002 -25"><span class='ocrx_word' id='word_1_330' title='bbox 2852 1890 2975 1941; x_wconf 69' lang='grc' dir='ltr'>ταῖς</span> <span class='ocrx_word' id='word_1_331' title='bbox 3044 1876 3259 1939; x_wconf 73' lang='grc' dir='ltr'>οἰκείαις</span> <span class='ocrx_word' id='word_1_332' title='bbox 3322 1877 3504 1957; x_wconf 80' lang='grc' dir='ltr'>χερσὶν</span> <span class='ocrx_word' id='word_1_333' title='bbox 3575 1874 3729 1932; x_wconf 74' lang='grc' dir='ltr'>αὒτὸν</span> 
     </span>
    </p>
   </div>
   <div class='ocr_carea' id='block_1_48' title="bbox 2086 1962 3734 2043">
    <p class='ocr_par' dir='ltr' id='par_1_48' title="bbox 2086 1962 3734 2043">
     <span class='ocr_line' id='line_1_48' title="bbox 2086 1962 3734 2043; baseline 0 -24"><span class='ocrx_word' id='word_1_334' title='bbox 2086 1963 2418 2043; x_wconf 87' lang='grc' dir='ltr'>ἀπεκείρατο,</span> <span class='ocrx_word' id='word_1_335' title='bbox 2491 1967 2580 2023; x_wconf 84' lang='grc' dir='ltr'><strong>καὶ</strong></span> <span class='ocrx_word' id='word_1_336' title='bbox 2647 1967 2713 2021; x_wconf 76' lang='grc' dir='ltr'>τὰ</span> <span class='ocrx_word' id='word_1_337' title='bbox 2778 1971 2847 2042; x_wconf 79' lang='grc' dir='ltr'>τῇ</span> <span class='ocrx_word' id='word_1_338' title='bbox 2912 1971 3083 2042; x_wconf 78' lang='grc' dir='ltr'>σεμνῇ</span> <span class='ocrx_word' id='word_1_339' title='bbox 3152 1966 3466 2022; x_wconf 84' lang='grc' dir='ltr'>ταπεινώσει</span> <span class='ocrx_word' id='word_1_340' title='bbox 3530 1962 3734 2029; x_wconf 77' lang='grc' dir='ltr'>δεδοξα-</span> 
     </span>
    </p>
   </div>
   <div class='ocr_carea' id='block_1_49' title="bbox 2085 2051 3732 2133">
    <p class='ocr_par' dir='ltr' id='par_1_49' title="bbox 2085 2051 3732 2133">
     <span class='ocr_line' id='line_1_49' title="bbox 2085 2051 3732 2133; baseline 0.001 -26"><span class='ocrx_word' id='word_1_341' title='bbox 2085 2052 2251 2127; x_wconf 80' lang='grc' dir='ltr'>σμὲνα</span> <span class='ocrx_word' id='word_1_342' title='bbox 2281 2054 2416 2131; x_wconf 75' lang='grc' dir='ltr'>ῥάκη</span> <span class='ocrx_word' id='word_1_343' title='bbox 2468 2051 2830 2133; x_wconf 75' lang='grc' dir='ltr'>περιεϐάλετο,</span> <span class='ocrx_word' id='word_1_344' title='bbox 2899 2060 2967 2131; x_wconf 80' lang='grc' dir='ltr'>τῇ</span> <span class='ocrx_word' id='word_1_345' title='bbox 3024 2052 3206 2131; x_wconf 82' lang='grc' dir='ltr'>ἁπαλῇ</span> <span class='ocrx_word' id='word_1_346' title='bbox 3249 2054 3337 2110; x_wconf 83' lang='grc' dir='ltr'><strong>καὶ</strong></span> <span class='ocrx_word' id='word_1_347' title='bbox 3393 2051 3732 2133; x_wconf 75' lang='grc' dir='ltr'>περιῤῥεούσῃ</span> 
     </span>
    </p>
   </div>
   <div class='ocr_carea' id='block_1_50' title="bbox 2085 2140 3735 2223">
    <p class='ocr_par' dir='ltr' id='par_1_50' title="bbox 2085 2140 3735 2223">
     <span class='ocr_line' id='line_1_50' title="bbox 2085 2140 3735 2223; baseline 0.001 -27"><span class='ocrx_word' id='word_1_348' title='bbox 2085 2140 2263 2208; x_wconf 86' lang='grc' dir='ltr'>ἐσθῆτι</span> <span class='ocrx_word' id='word_1_349' title='bbox 2318 2142 2503 2221; x_wconf 68' lang='grc' dir='ltr'>πρῴην</span> <span class='ocrx_word' id='word_1_350' title='bbox 2561 2141 3009 2220; x_wconf 82' lang='grc' dir='ltr'>μαλακιζόμενον,</span> <span class='ocrx_word' id='word_1_351' title='bbox 3073 2143 3335 2223; x_wconf 81' lang='grc' dir='ltr'>παρόντος</span> <span class='ocrx_word' id='word_1_352' title='bbox 3388 2150 3478 2200; x_wconf 79' lang='grc' dir='ltr'><strong>τοῦ</strong></span> <span class='ocrx_word' id='word_1_353' title='bbox 3534 2163 3735 2220; x_wconf 87' lang='grc' dir='ltr'>μητρο-</span> 
     </span>
    </p>
   </div>
   <div class='ocr_carea' id='block_1_51' title="bbox 2081 2228 3729 2313">
    <p class='ocr_par' dir='ltr' id='par_1_51' title="bbox 2081 2228 3729 2313">
     <span class='ocr_line' id='line_1_51' title="bbox 2081 2228 3729 2313; baseline 0.001 -28"><span class='ocrx_word' id='word_1_354' title='bbox 2081 2228 2298 2289; x_wconf 83' lang='grc' dir='ltr'>πολίτου</span> <span class='ocrx_word' id='word_1_355' title='bbox 2364 2231 2630 2313; x_wconf 60' lang='grc' dir='ltr'>Στεφάνου</span> <span class='ocrx_word' id='word_1_356' title='bbox 2698 2233 2789 2290; x_wconf 83' lang='grc' dir='ltr'><strong>σὺν</strong></span> <span class='ocrx_word' id='word_1_357' title='bbox 2850 2234 2927 2308; x_wconf 74' lang='grc' dir='ltr'>τῷ</span> <span class='ocrx_word' id='word_1_358' title='bbox 2995 2232 3272 2308; x_wconf 81' lang='grc' dir='ltr'>ἐπισκόπῳ</span> <span class='ocrx_word' id='word_1_359' title='bbox 3319 2239 3413 2289; x_wconf 83' lang='grc' dir='ltr'><strong>τοῦ</strong></span> <span class='ocrx_word' id='word_1_360' title='bbox 3468 2232 3729 2311; x_wconf 80' lang='grc' dir='ltr'>Κάστρου,</span> 
     </span>
    </p>
   </div>
   <div class='ocr_carea' id='block_1_52' title="bbox 2081 2318 3730 2399">
    <p class='ocr_par' dir='ltr' id='par_1_52' title="bbox 2081 2318 3730 2399">
     <span class='ocr_line' id='line_1_52' title="bbox 2081 2318 3730 2399; baseline 0.001 -26"><span class='ocrx_word' id='word_1_361' title='bbox 2081 2319 2393 2397; x_wconf 78' lang='grc' dir='ltr'>ἡγουμένοις</span> <span class='ocrx_word' id='word_1_362' title='bbox 2422 2341 2481 2376; x_wconf 90' lang='grc' dir='ltr'><strong>τε</strong></span> <span class='ocrx_word' id='word_1_363' title='bbox 2530 2320 2625 2377; x_wconf 74' lang='grc' dir='ltr'><strong>οὒκ</strong></span> <span class='ocrx_word' id='word_1_364' title='bbox 2680 2319 2900 2399; x_wconf 82' lang='grc' dir='ltr'>ὀλίγοις,</span> <span class='ocrx_word' id='word_1_365' title='bbox 2958 2323 3045 2378; x_wconf 85' lang='grc' dir='ltr'><strong>καὶ</strong></span> <span class='ocrx_word' id='word_1_366' title='bbox 3104 2318 3285 2384; x_wconf 73' lang='grc' dir='ltr'>ἄλλοις</span> <span class='ocrx_word' id='word_1_367' title='bbox 3339 2324 3549 2399; x_wconf 79' lang='grc' dir='ltr'>ἱερεῦσι,</span> <span class='ocrx_word' id='word_1_368' title='bbox 3579 2326 3730 2398; x_wconf 87' lang='grc' dir='ltr'>Παρ-</span> 
     </span>
    </p>
   </div>
   <div class='ocr_carea' id='block_1_53' title="bbox 2082 2408 3728 2488">
    <p class='ocr_par' dir='ltr' id='par_1_53' title="bbox 2082 2408 3728 2488">
     <span class='ocr_line' id='line_1_53' title="bbox 2082 2408 3728 2488; baseline 0 -24"><span class='ocrx_word' id='word_1_369' title='bbox 2082 2411 2313 2479; x_wconf 76' lang='grc' dir='ltr'>ειστήκει</span> <span class='ocrx_word' id='word_1_370' title='bbox 2385 2408 2439 2465; x_wconf 79' lang='grc' dir='ltr'><em>δὲ</em></span> <span class='ocrx_word' id='word_1_371' title='bbox 2509 2412 2597 2466; x_wconf 87' lang='grc' dir='ltr'><strong>καὶ</strong></span> <span class='ocrx_word' id='word_1_372' title='bbox 2652 2414 2680 2467; x_wconf 91' lang='lat'><strong>6</strong></span> <span class='ocrx_word' id='word_1_373' title='bbox 2730 2409 2983 2475; x_wconf 73' lang='grc' dir='ltr'>Ἰουδαῖος</span> <span class='ocrx_word' id='word_1_374' title='bbox 3044 2411 3343 2486; x_wconf 79' lang='grc' dir='ltr'>Δόμνουλος</span> <span class='ocrx_word' id='word_1_375' title='bbox 3397 2412 3469 2474; x_wconf 83' lang='grc' dir='ltr'>ὡς</span> <span class='ocrx_word' id='word_1_376' title='bbox 3526 2410 3728 2488; x_wconf 76' lang='grc' dir='ltr'>ἰατρὸς,</span> 
     </span>
    </p>
   </div>
   <div class='ocr_carea' id='block_1_54' title="bbox 2082 2498 3733 2579">
    <p class='ocr_par' dir='ltr' id='par_1_54' title="bbox 2082 2498 3733 2579">
     <span class='ocr_line' id='line_1_54' title="bbox 2082 2498 3733 2579; baseline -0.001 -26"><span class='ocrx_word' id='word_1_377' title='bbox 2082 2500 2143 2553; x_wconf 66' lang='grc' dir='ltr'>οὗ</span> <span class='ocrx_word' id='word_1_378' title='bbox 2205 2500 2294 2555; x_wconf 88' lang='grc' dir='ltr'><strong>καὶ</strong></span> <span class='ocrx_word' id='word_1_379' title='bbox 2347 2499 2533 2579; x_wconf 83' lang='grc' dir='ltr'>πρῴην</span> <span class='ocrx_word' id='word_1_380' title='bbox 2606 2498 2895 2575; x_wconf 71' lang='grc' dir='ltr'>ἐμνήσθην,</span> <span class='ocrx_word' id='word_1_381' title='bbox 2968 2503 3175 2579; x_wconf 78' lang='grc' dir='ltr'>θεωρῶν</span> <span class='ocrx_word' id='word_1_382' title='bbox 3247 2500 3453 2556; x_wconf 77' lang='grc' dir='ltr'>ἅπαντα</span> <span class='ocrx_word' id='word_1_383' title='bbox 3519 2499 3585 2555; x_wconf 80' lang='grc' dir='ltr'>τὰ</span> <span class='ocrx_word' id='word_1_384' title='bbox 3649 2518 3733 2552; x_wconf 82' lang='grc' dir='ltr'>τε-</span> 
     </span>
    </p>
   </div>
   <div class='ocr_carea' id='block_1_55' title="bbox 2082 2584 3729 2668">
    <p class='ocr_par' dir='ltr' id='par_1_55' title="bbox 2082 2584 3729 2668">
     <span class='ocr_line' id='line_1_55' title="bbox 2082 2584 3729 2668; baseline 0.001 -27"><span class='ocrx_word' id='word_1_385' title='bbox 2082 2584 2313 2663; x_wconf 85' lang='grc' dir='ltr'>λούμενα</span> <span class='ocrx_word' id='word_1_386' title='bbox 2351 2605 2364 2620; x_wconf 82' lang='grc'>⁸</span> <span class='ocrx_word' id='word_1_387' title='bbox 2413 2590 2471 2652; x_wconf 88' lang='grc' dir='ltr'>ὃς</span> <span class='ocrx_word' id='word_1_388' title='bbox 2524 2587 2741 2654; x_wconf 79' lang='grc' dir='ltr'>ἐξελθὼν</span> <span class='ocrx_word' id='word_1_389' title='bbox 2790 2588 2912 2668; x_wconf 79' lang='grc' dir='ltr'>ἕξω,</span> <span class='ocrx_word' id='word_1_390' title='bbox 2954 2590 3043 2644; x_wconf 86' lang='grc' dir='ltr'><strong>καὶ</strong></span> <span class='ocrx_word' id='word_1_391' title='bbox 3097 2590 3163 2645; x_wconf 69' lang='grc' dir='ltr'>τὰ</span> <span class='ocrx_word' id='word_1_392' title='bbox 3213 2587 3542 2667; x_wconf 78' lang='grc' dir='ltr'>γεγενημένα</span> <span class='ocrx_word' id='word_1_393' title='bbox 3596 2589 3729 2643; x_wconf 85' lang='grc' dir='ltr'>θαυ-</span> 
     </span>
    </p>
   </div>
   <div class='ocr_carea' id='block_1_56' title="bbox 2084 2674 3726 2757">
    <p class='ocr_par' dir='ltr' id='par_1_56' title="bbox 2084 2674 3726 2757">
     <span class='ocr_line' id='line_1_56' title="bbox 2084 2674 3726 2757; baseline 0 -26"><span class='ocrx_word' id='word_1_394' title='bbox 2084 2676 2279 2756; x_wconf 81' lang='grc' dir='ltr'>μάσας,</span> <span class='ocrx_word' id='word_1_395' title='bbox 2323 2674 2423 2757; x_wconf 73' lang='grc' dir='ltr'><strong>ἔφη</strong></span> <span class='ocrx_word' id='word_1_396' title='bbox 2473 2679 2603 2755; x_wconf 77' lang='grc' dir='ltr'>πρὸς</span> <span class='ocrx_word' id='word_1_397' title='bbox 2658 2678 2779 2741; x_wconf 78' lang='grc' dir='ltr'>τοὺς</span> <span class='ocrx_word' id='word_1_398' title='bbox 2835 2677 3099 2756; x_wconf 76' lang='grc' dir='ltr'>παρόντας</span> <span class='ocrx_word' id='word_1_399' title='bbox 3136 2694 3152 2712; x_wconf 77' lang='grc' dir='ltr'><strong>ο</strong></span> <span class='ocrx_word' id='word_1_400' title='bbox 3210 2678 3455 2756; x_wconf 80' lang='grc' dir='ltr'>Σήμερον</span> <span class='ocrx_word' id='word_1_401' title='bbox 3503 2675 3726 2732; x_wconf 83' lang='grc' dir='ltr'>ἐθεασά-</span> 
     </span>
    </p>
   </div>
   <div class='ocr_carea' id='block_1_57' title="bbox 2083 2765 3725 2846">
    <p class='ocr_par' dir='ltr' id='par_1_57' title="bbox 2083 2765 3725 2846">
     <span class='ocr_line' id='line_1_57' title="bbox 2083 2765 3725 2846; baseline 0.004 -27"><span class='ocrx_word' id='word_1_402' title='bbox 2083 2786 2190 2838; x_wconf 86' lang='grc' dir='ltr'><strong>μην</strong></span> <span class='ocrx_word' id='word_1_403' title='bbox 2259 2766 2544 2841; x_wconf 77' lang='grc' dir='ltr'>θαυμάσια,</span> <span class='ocrx_word' id='word_1_404' title='bbox 2630 2765 2764 2846; x_wconf 77' lang='grc' dir='ltr'>ἅπερ</span> <span class='ocrx_word' id='word_1_405' title='bbox 2831 2765 2997 2827; x_wconf 71' lang='grc' dir='ltr'>πάλαι</span> <span class='ocrx_word' id='word_1_406' title='bbox 3080 2765 3319 2844; x_wconf 81' lang='grc' dir='ltr'>γενέσθαι</span> <span class='ocrx_word' id='word_1_407' title='bbox 3391 2766 3725 2841; x_wconf 77' lang='grc' dir='ltr'>ἀκηκόαμεν.</span> 
     </span>
    </p>
   </div>
   <div class='ocr_carea' id='block_1_58' title="bbox 2081 2851 3726 2936">
    <p class='ocr_par' dir='ltr' id='par_1_58' title="bbox 2081 2851 3726 2936">
     <span class='ocr_line' id='line_1_58' title="bbox 2081 2851 3726 2936; baseline 0.001 -27"><span class='ocrx_word' id='word_1_408' title='bbox 2081 2861 2182 2911; x_wconf 83' lang='grc' dir='ltr'>Νῦν</span> <span class='ocrx_word' id='word_1_409' title='bbox 2249 2851 2395 2911; x_wconf 78' lang='grc' dir='ltr'>εἶδον</span> <span class='ocrx_word' id='word_1_410' title='bbox 2456 2856 2543 2911; x_wconf 85' lang='grc' dir='ltr'>τὸν</span> <span class='ocrx_word' id='word_1_411' title='bbox 2615 2856 2894 2936; x_wconf 70' lang='grc' dir='ltr'>προφήτην</span> <span class='ocrx_word' id='word_1_412' title='bbox 2971 2853 3174 2922; x_wconf 76' lang='grc' dir='ltr'>Δανιὴλ</span> <span class='ocrx_word' id='word_1_413' title='bbox 3243 2856 3541 2935; x_wconf 67' lang='grc' dir='ltr'>ἡμεροῦνται</span> <span class='ocrx_word' id='word_1_414' title='bbox 3606 2854 3726 2919; x_wconf 81' lang='grc' dir='ltr'>τοὺς</span> 
     </span>
    </p>
   </div>
   <div class='ocr_carea' id='block_1_59' title="bbox 2077 2938 3725 3023">
    <p class='ocr_par' dir='ltr' id='par_1_59' title="bbox 2077 2938 3725 3023">
     <span class='ocr_line' id='line_1_59' title="bbox 2077 2938 3725 3023; baseline 0 -27"><span class='ocrx_word' id='word_1_415' title='bbox 2077 2938 2318 3006; x_wconf 77' lang='grc' dir='ltr'>λέοντας.</span> <span class='ocrx_word' id='word_1_416' title='bbox 2375 2944 2463 3007; x_wconf 85' lang='grc' dir='ltr'><strong>Τίς</strong></span> <span class='ocrx_word' id='word_1_417' title='bbox 2517 2944 2615 3023; x_wconf 66' lang='grc' dir='ltr'>γάρ</span> <span class='ocrx_word' id='word_1_418' title='bbox 2672 2941 2904 3023; x_wconf 74' lang='grc' dir='ltr'>ἠδυνήθη</span> <span class='ocrx_word' id='word_1_419' title='bbox 2961 2944 3091 3000; x_wconf 77' lang='grc' dir='ltr'>ποτὲ</span> <span class='ocrx_word' id='word_1_420' title='bbox 3144 2955 3310 3023; x_wconf 74' lang='grc' dir='ltr'>χεῖρα</span> <span class='ocrx_word' id='word_1_421' title='bbox 3385 2939 3725 2998; x_wconf 80' lang='grc' dir='ltr'>ἐπιϐαλέσθαι</span> 
     </span>
    </p>
   </div>
   <div class='ocr_carea' id='block_1_60' title="bbox 2074 3022 3725 3113">
    <p class='ocr_par' dir='ltr' id='par_1_60' title="bbox 2074 3022 3725 3113">
     <span class='ocr_line' id='line_1_60' title="bbox 2074 3022 3725 3113; baseline 0.001 -28"><span class='ocrx_word' id='word_1_422' title='bbox 2074 3030 2245 3105; x_wconf 82' lang='grc' dir='ltr'>τούτῳ</span> <span class='ocrx_word' id='word_1_423' title='bbox 2272 3038 2348 3106; x_wconf 86' lang='grc' dir='ltr'>τῷ</span> <span class='ocrx_word' id='word_1_424' title='bbox 2398 3030 2615 3113; x_wconf 69' lang='grc' dir='ltr'>λέοντις</span> <span class='ocrx_word' id='word_1_425' title='bbox 2680 3022 2737 3090; x_wconf 59' lang='grc' dir='ltr'>Ὀ</span> <span class='ocrx_word' id='word_1_426' title='bbox 2795 3030 2849 3087; x_wconf 76' lang='grc' dir='ltr'><strong>δὲ</strong></span> <span class='ocrx_word' id='word_1_427' title='bbox 2906 3032 3021 3095; x_wconf 76' lang='grc' dir='ltr'>νέος</span> <span class='ocrx_word' id='word_1_428' title='bbox 3080 3031 3229 3096; x_wconf 76' lang='grc' dir='ltr'>οὗτος</span> <span class='ocrx_word' id='word_1_429' title='bbox 3285 3030 3485 3099; x_wconf 74' lang='grc' dir='ltr'>Δανιὴλ</span> <span class='ocrx_word' id='word_1_430' title='bbox 3513 3031 3600 3087; x_wconf 88' lang='grc' dir='ltr'><strong>καὶ</strong></span> <span class='ocrx_word' id='word_1_431' title='bbox 3625 3030 3725 3097; x_wconf 77' lang='grc' dir='ltr'><strong>τῆν</strong></span> 
     </span>
    </p>
   </div>
   <div class='ocr_carea' id='block_1_61' title="bbox 2073 3118 3725 3196">
    <p class='ocr_par' dir='ltr' id='par_1_61' title="bbox 2073 3118 3725 3196">
     <span class='ocr_line' id='line_1_61' title="bbox 2073 3118 3725 3196; baseline 0 -21"><span class='ocrx_word' id='word_1_432' title='bbox 2073 3118 2249 3194; x_wconf 82' lang='grc' dir='ltr'>κόμην</span> <span class='ocrx_word' id='word_1_433' title='bbox 2318 3120 2570 3196; x_wconf 74' lang='grc' dir='ltr'>ἀπέτεμε,</span> <span class='ocrx_word' id='word_1_434' title='bbox 2650 3122 2739 3177; x_wconf 86' lang='grc' dir='ltr'><strong>καὶ</strong></span> <span class='ocrx_word' id='word_1_435' title='bbox 2819 3119 3126 3179; x_wconf 84' lang='grc' dir='ltr'>κουκούλιον</span> <span class='ocrx_word' id='word_1_436' title='bbox 3211 3121 3551 3181; x_wconf 71' lang='grc' dir='ltr'>ἐπιτέθεικεν,</span> <span class='ocrx_word' id='word_1_437' title='bbox 3624 3119 3725 3177; x_wconf 84' lang='grc' dir='ltr'><strong>Καὶ</strong></span> 
     </span>
    </p>
   </div>
   <div class='ocr_carea' id='block_1_62' title="bbox 345 3183 1987 3287">
    <p class='ocr_par' dir='ltr' id='par_1_62' title="bbox 345 3183 1986 3284">
     <span class='ocr_line' id='line_1_62' title="bbox 345 3183 1986 3284; baseline -0.001 -20"><span class='ocrx_word' id='word_1_438' title='bbox 345 3183 598 3284; x_wconf 78' lang='lat' dir='ltr'><strong>peractis</strong></span> <span class='ocrx_word' id='word_1_439' title='bbox 623 3203 738 3266; x_wconf 91' lang='lat' dir='ltr'><strong>sibi</strong></span> <span class='ocrx_word' id='word_1_440' title='bbox 759 3183 1012 3283; x_wconf 75' lang='lat' dir='ltr'><strong>angelici</strong></span> <span class='ocrx_word' id='word_1_441' title='bbox 1033 3204 1266 3267; x_wconf 91' lang='lat' dir='ltr'><strong>habitus</strong></span> <span class='ocrx_word' id='word_1_442' title='bbox 1289 3203 1568 3266; x_wconf 93' lang='lat' dir='ltr'><strong>omnibus</strong></span> <span class='ocrx_word' id='word_1_443' title='bbox 1588 3183 1986 3282; x_wconf 62' lang='lat' dir='ltr'><strong>caeremoniis,</strong></span> 
     </span>
    </p>
   </div>
   <div class='ocr_carea' id='block_1_63' title="bbox 2072 3183 3725 3287">
    <p class='ocr_par' dir='ltr' id='par_1_63' title="bbox 2075 3183 3725 3287">
     <span class='ocr_line' id='line_1_63' title="bbox 2141 3183 3683 3230; baseline -0.002 -3"><span class='ocrx_word' id='word_1_444' title='bbox 2141 3183 2161 3222; x_wconf 62' lang='grc' dir='ltr'>ἱ</span> <span class='ocrx_word' id='word_1_445' title='bbox 2208 3183 2217 3186; x_wconf 54' lang='grc'>⁷</span> <span class='ocrx_word' id='word_1_446' title='bbox 2308 3209 2323 3228; x_wconf 60' lang='grc' dir='ltr'>κ</span> <span class='ocrx_word' id='word_1_447' title='bbox 2453 3183 2570 3230; x_wconf 74' lang='grc' dir='ltr'>ι’,ρ’</span> <span class='ocrx_word' id='word_1_448' title='bbox 2785 3200 2801 3221; x_wconf 71' lang='grc' dir='ltr'><strong>ι</strong></span> <span class='ocrx_word' id='word_1_449' title='bbox 2904 3207 2945 3228; x_wconf 61' lang='grc' dir='ltr'><strong>ικκ</strong></span> <span class='ocrx_word' id='word_1_450' title='bbox 3196 3209 3210 3227; x_wconf 64' lang='grc' dir='ltr'>ς</span> <span class='ocrx_word' id='word_1_451' title='bbox 3421 3210 3434 3226; x_wconf 60' lang='grc' dir='ltr'><strong>ε</strong></span> <span class='ocrx_word' id='word_1_452' title='bbox 3658 3214 3683 3223; x_wconf 65' lang='grc' dir='ltr'><strong><em>η</em></strong></span> 
     </span>
     <span class='ocr_line' id='line_1_64' title="bbox 2075 3207 3725 3287; baseline 0 -24"><span class='ocrx_word' id='word_1_453' title='bbox 2075 3229 2234 3264; x_wconf 84' lang='grc' dir='ltr'>ταυτα</span> <span class='ocrx_word' id='word_1_454' title='bbox 2265 3231 2361 3285; x_wconf 86' lang='grc' dir='ltr'><strong>μεν</strong></span> <span class='ocrx_word' id='word_1_455' title='bbox 2391 3211 2418 3265; x_wconf 87' lang='lat'><strong>6</strong></span> <span class='ocrx_word' id='word_1_456' title='bbox 2470 3219 2720 3287; x_wconf 67' lang='lat' dir='ltr'><strong>Lopzt‘oq.</strong></span> <span class='ocrx_word' id='word_1_457' title='bbox 2803 3218 2843 3267; x_wconf 94' lang='grc' dir='ltr'><strong>Ο</strong></span> <span class='ocrx_word' id='word_1_458' title='bbox 2899 3228 2953 3265; x_wconf 83' lang='grc' dir='ltr'><strong>οε</strong></span> <span class='ocrx_word' id='word_1_459' title='bbox 3008 3207 3254 3287; x_wconf 83' lang='grc' dir='ltr'>βασιλευς</span> <span class='ocrx_word' id='word_1_460' title='bbox 3316 3231 3450 3286; x_wconf 85' lang='grc' dir='ltr'>μετα</span> <span class='ocrx_word' id='word_1_461' title='bbox 3504 3209 3564 3264; x_wconf 80' lang='grc' dir='ltr'>τὸ</span> <span class='ocrx_word' id='word_1_462' title='bbox 3612 3230 3725 3264; x_wconf 86' lang='grc' dir='ltr'>πα-</span> 
     </span>
    </p>
   </div>
   <div class='ocr_carea' id='block_1_64' title="bbox 344 3290 1989 3375">
    <p class='ocr_par' dir='ltr' id='par_1_64' title="bbox 344 3290 1989 3375">
     <span class='ocr_line' id='line_1_65' title="bbox 344 3290 1989 3375; baseline -0.002 -22"><span class='ocrx_word' id='word_1_463' title='bbox 344 3293 688 3354; x_wconf 86' lang='lat' dir='ltr'><strong>cohortatus</strong></span> <span class='ocrx_word' id='word_1_464' title='bbox 717 3311 927 3355; x_wconf 88' lang='lat' dir='ltr'><strong>omnes</strong></span> <span class='ocrx_word' id='word_1_465' title='bbox 957 3306 1022 3356; x_wconf 90' lang='lat' dir='ltr'><strong>ut</strong></span> <span class='ocrx_word' id='word_1_466' title='bbox 1072 3293 1453 3375; x_wconf 89' lang='lat' dir='ltr'><strong>pranderent,</strong></span> <span class='ocrx_word' id='word_1_467' title='bbox 1488 3292 1619 3374; x_wconf 91' lang='lat' dir='ltr'><strong>ipse</strong></span> <span class='ocrx_word' id='word_1_468' title='bbox 1655 3290 1989 3351; x_wconf 87' lang='lat' dir='ltr'><strong>ministrum</strong></span> 
     </span>
    </p>
   </div>
   <div class='ocr_carea' id='block_1_65' title="bbox 342 3378 1989 3462">
    <p class='ocr_par' dir='ltr' id='par_1_65' title="bbox 342 3378 1989 3462">
     <span class='ocr_line' id='line_1_66' title="bbox 342 3378 1989 3462; baseline 0 -22"><span class='ocrx_word' id='word_1_469' title='bbox 342 3396 407 3440; x_wconf 90' lang='lat' dir='ltr'><strong>se</strong></span> <span class='ocrx_word' id='word_1_470' title='bbox 432 3379 704 3461; x_wconf 62' lang='lat' dir='ltr'><strong>prwbuit,</strong></span> <span class='ocrx_word' id='word_1_471' title='bbox 728 3381 1073 3462; x_wconf 86' lang='lat' dir='ltr'><strong>astabatque</strong></span> <span class='ocrx_word' id='word_1_472' title='bbox 1098 3383 1288 3445; x_wconf 86' lang='lat' dir='ltr'><strong>instar</strong></span> <span class='ocrx_word' id='word_1_473' title='bbox 1306 3380 1513 3441; x_wconf 84' lang='lat' dir='ltr'><strong>famuli</strong></span> <span class='ocrx_word' id='word_1_474' title='bbox 1534 3379 1608 3441; x_wconf 88' lang='lat' dir='ltr'><strong>ad</strong></span> <span class='ocrx_word' id='word_1_475' title='bbox 1654 3378 1989 3461; x_wconf 68' lang='lat' dir='ltr'><strong>praestanda</strong></span> 
     </span>
    </p>
   </div>
   <div class='ocr_carea' id='block_1_66' title="bbox 341 3466 1988 3553">
    <p class='ocr_par' dir='ltr' id='par_1_66' title="bbox 341 3466 1988 3553">
     <span class='ocr_line' id='line_1_67' title="bbox 341 3466 1988 3553; baseline -0.001 -25"><span class='ocrx_word' id='word_1_476' title='bbox 341 3466 625 3548; x_wconf 88' lang='lat' dir='ltr'><strong>obsequia</strong></span> <span class='ocrx_word' id='word_1_477' title='bbox 650 3469 1082 3552; x_wconf 90' lang='lat' dir='ltr'><strong>paratissimus,</strong></span> <span class='ocrx_word' id='word_1_478' title='bbox 1108 3470 1206 3553; x_wconf 90' lang='lat' dir='ltr'><strong>qui</strong></span> <span class='ocrx_word' id='word_1_479' title='bbox 1230 3489 1338 3551; x_wconf 89' lang='lat' dir='ltr'><strong>per</strong></span> <span class='ocrx_word' id='word_1_480' title='bbox 1358 3469 1609 3530; x_wconf 93' lang='lat' dir='ltr'><strong>multum</strong></span> <span class='ocrx_word' id='word_1_481' title='bbox 1631 3475 1803 3529; x_wconf 83' lang='lat' dir='ltr'><strong>antea</strong></span> <span class='ocrx_word' id='word_1_482' title='bbox 1833 3475 1988 3529; x_wconf 91' lang='lat' dir='ltr'><strong>tem-</strong></span> 
     </span>
    </p>
   </div>
   <div class='ocr_carea' id='block_1_67' title="bbox 343 3554 1990 3640">
    <p class='ocr_par' dir='ltr' id='par_1_67' title="bbox 343 3554 1990 3640">
     <span class='ocr_line' id='line_1_68' title="bbox 343 3554 1990 3640; baseline -0.001 -23"><span class='ocrx_word' id='word_1_483' title='bbox 343 3573 451 3637; x_wconf 85' lang='lat' dir='ltr'><strong>pus</strong></span> <span class='ocrx_word' id='word_1_484' title='bbox 482 3573 516 3618; x_wconf 88' lang='lat' dir='ltr'><strong>e</strong></span> <span class='ocrx_word' id='word_1_485' title='bbox 548 3556 700 3618; x_wconf 90' lang='lat' dir='ltr'><strong>lecto</strong></span> <span class='ocrx_word' id='word_1_486' title='bbox 732 3576 980 3636; x_wconf 84' lang='lat' dir='ltr'><strong>surgere</strong></span> <span class='ocrx_word' id='word_1_487' title='bbox 1012 3578 1128 3620; x_wconf 92' lang='lat' dir='ltr'><strong>non</strong></span> <span class='ocrx_word' id='word_1_488' title='bbox 1185 3565 1437 3640; x_wconf 83' lang='lat' dir='ltr'><strong>poterat,</strong></span> <span class='ocrx_word' id='word_1_489' title='bbox 1490 3558 1703 3619; x_wconf 88' lang='lat' dir='ltr'><strong>virtute</strong></span> <span class='ocrx_word' id='word_1_490' title='bbox 1735 3554 1990 3637; x_wconf 91' lang='lat' dir='ltr'><strong>Spiritus</strong></span> 
     </span>
    </p>
   </div>
   <div class='ocr_carea' id='block_1_68' title="bbox 338 3642 1983 3709">
    <p class='ocr_par' dir='ltr' id='par_1_68' title="bbox 338 3642 1983 3709">
     <span class='ocr_line' id='line_1_69' title="bbox 338 3642 1983 3709; baseline 0.001 -5"><span class='ocrx_word' id='word_1_491' title='bbox 338 3650 399 3704; x_wconf 90' lang='lat' dir='ltr'><strong>et</strong></span> <span class='ocrx_word' id='word_1_492' title='bbox 425 3642 583 3705; x_wconf 91' lang='lat' dir='ltr'><strong>beati</strong></span> <span class='ocrx_word' id='word_1_493' title='bbox 610 3643 719 3705; x_wconf 89' lang='lat' dir='ltr'><strong>viri</strong></span> <span class='ocrx_word' id='word_1_494' title='bbox 750 3664 928 3707; x_wconf 88' lang='lat' dir='ltr'><strong>tnanu</strong></span> <span class='ocrx_word' id='word_1_495' title='bbox 981 3655 1239 3709; x_wconf 89' lang='lat' dir='ltr'><strong>sanatus.</strong></span> <span class='ocrx_word' id='word_1_496' title='bbox 1283 3646 1492 3709; x_wconf 88' lang='lat' dir='ltr'><strong>Jussus</strong></span> <span class='ocrx_word' id='word_1_497' title='bbox 1540 3652 1736 3709; x_wconf 87' lang='lat' dir='ltr'><strong>autem</strong></span> <span class='ocrx_word' id='word_1_498' title='bbox 1771 3644 1983 3706; x_wconf 89' lang='lat' dir='ltr'><strong>sedere</strong></span> 
     </span>
    </p>
   </div>
   <div class='ocr_carea' id='block_1_69' title="bbox 337 3732 1981 3817">
    <p class='ocr_par' dir='ltr' id='par_1_69' title="bbox 337 3732 1981 3817">
     <span class='ocr_line' id='line_1_70' title="bbox 337 3732 1981 3817; baseline 0.001 -25"><span class='ocrx_word' id='word_1_499' title='bbox 337 3749 527 3812; x_wconf 90' lang='lat' dir='ltr'><strong>prope</strong></span> <span class='ocrx_word' id='word_1_500' title='bbox 571 3732 787 3812; x_wconf 90' lang='lat' dir='ltr'><strong>ipsum,</strong></span> <span class='ocrx_word' id='word_1_501' title='bbox 815 3752 1024 3797; x_wconf 88' lang='lat' dir='ltr'><strong>rursus</strong></span> <span class='ocrx_word' id='word_1_502' title='bbox 1058 3737 1388 3797; x_wconf 77' lang='lat' dir='ltr'><strong>facultatem</strong></span> <span class='ocrx_word' id='word_1_503' title='bbox 1412 3735 1579 3817; x_wconf 90' lang='lat' dir='ltr'><strong>petiit</strong></span> <span class='ocrx_word' id='word_1_504' title='bbox 1609 3733 1981 3796; x_wconf 88' lang='lat' dir='ltr'><strong>ministrandi</strong></span> 
     </span>
    </p>
   </div>
   <div class='ocr_carea' id='block_1_70' title="bbox 334 3819 1978 3905">
    <p class='ocr_par' dir='ltr' id='par_1_70' title="bbox 334 3819 1978 3905">
     <span class='ocr_line' id='line_1_71' title="bbox 334 3819 1978 3905; baseline 0.002 -24"><span class='ocrx_word' id='word_1_505' title='bbox 334 3819 409 3881; x_wconf 90' lang='lat' dir='ltr'><strong>ad</strong></span> <span class='ocrx_word' id='word_1_506' title='bbox 438 3837 704 3883; x_wconf 86' lang='lat' dir='ltr'><strong>mensam</strong></span> <span class='ocrx_word' id='word_1_507' title='bbox 733 3839 747 3883; x_wconf 91' lang='lat'>:</span> <span class='ocrx_word' id='word_1_508' title='bbox 793 3824 953 3903; x_wconf 86' lang='lat' dir='ltr'><strong>quod</strong></span> <span class='ocrx_word' id='word_1_509' title='bbox 985 3824 1087 3887; x_wconf 90' lang='lat' dir='ltr'><strong>ubi</strong></span> <span class='ocrx_word' id='word_1_510' title='bbox 1117 3824 1355 3899; x_wconf 85' lang='lat' dir='ltr'><strong>factum,</strong></span> <span class='ocrx_word' id='word_1_511' title='bbox 1389 3834 1632 3905; x_wconf 86' lang='lat' dir='ltr'><strong>stupere</strong></span> <span class='ocrx_word' id='word_1_512' title='bbox 1662 3842 1874 3885; x_wconf 92' lang='lat' dir='ltr'><strong>omnes</strong></span> <span class='ocrx_word' id='word_1_513' title='bbox 1904 3822 1978 3885; x_wconf 91' lang='lat' dir='ltr'><strong>ob</strong></span> 
     </span>
    </p>
   </div>
   <div class='ocr_carea' id='block_1_71' title="bbox 332 3909 1976 3992">
    <p class='ocr_par' dir='ltr' id='par_1_71' title="bbox 332 3909 1976 3992">
     <span class='ocr_line' id='line_1_72' title="bbox 332 3909 1976 3992; baseline 0.002 -23"><span class='ocrx_word' id='word_1_514' title='bbox 332 3909 664 3971; x_wconf 89' lang='lat' dir='ltr'><strong>restitutam</strong></span> <span class='ocrx_word' id='word_1_515' title='bbox 696 3910 821 3971; x_wconf 88' lang='lat' dir='ltr'><strong>viro</strong></span> <span class='ocrx_word' id='word_1_516' title='bbox 856 3911 1069 3973; x_wconf 91' lang='lat' dir='ltr'><strong>bonam</strong></span> <span class='ocrx_word' id='word_1_517' title='bbox 1123 3913 1547 3987; x_wconf 89' lang='lat' dir='ltr'><strong>valetudinem,</strong></span> <span class='ocrx_word' id='word_1_518' title='bbox 1582 3931 1828 3992; x_wconf 63' lang='lat' dir='ltr'><strong>qusque</strong></span> <span class='ocrx_word' id='word_1_519' title='bbox 1861 3911 1976 3972; x_wconf 86' lang='lat' dir='ltr'><strong>mi-</strong></span> 
     </span>
    </p>
   </div>
   <div class='ocr_carea' id='block_1_72' title="bbox 332 3997 1983 4083">
    <p class='ocr_par' dir='ltr' id='par_1_72' title="bbox 332 3997 1983 4083">
     <span class='ocr_line' id='line_1_73' title="bbox 332 3997 1983 4083; baseline 0.004 -25"><span class='ocrx_word' id='word_1_520' title='bbox 332 3997 642 4060; x_wconf 86' lang='lat' dir='ltr'><strong>nistrando</strong></span> <span class='ocrx_word' id='word_1_521' title='bbox 667 3997 953 4074; x_wconf 90' lang='lat' dir='ltr'><strong>studium,</strong></span> <span class='ocrx_word' id='word_1_522' title='bbox 978 4001 1218 4083; x_wconf 90' lang='lat' dir='ltr'><strong>Deoque</strong></span> <span class='ocrx_word' id='word_1_523' title='bbox 1242 4002 1459 4078; x_wconf 87' lang='lat' dir='ltr'><strong>gratias</strong></span> <span class='ocrx_word' id='word_1_524' title='bbox 1479 4020 1675 4079; x_wconf 84' lang='lat' dir='ltr'><strong>agere.</strong></span> <span class='ocrx_word' id='word_1_525' title='bbox 1694 3999 1832 4062; x_wconf 89' lang='lat' dir='ltr'><strong>Post</strong></span> <span class='ocrx_word' id='word_1_526' title='bbox 1857 4001 1983 4066; x_wconf 82' lang='lat' dir='ltr'><strong>haec</strong></span> 
     </span>
    </p>
   </div>
   <div class='ocr_carea' id='block_1_73' title="bbox 331 4087 1981 4171">
    <p class='ocr_par' dir='ltr' id='par_1_73' title="bbox 331 4087 1981 4171">
     <span class='ocr_line' id='line_1_74' title="bbox 331 4087 1981 4171; baseline 0.004 -24"><span class='ocrx_word' id='word_1_527' title='bbox 331 4092 541 4148; x_wconf 86' lang='lat' dir='ltr'><strong>omnes</strong></span> <span class='ocrx_word' id='word_1_528' title='bbox 569 4105 707 4148; x_wconf 91' lang='lat' dir='ltr'><strong>suas</strong></span> <span class='ocrx_word' id='word_1_529' title='bbox 735 4087 1044 4152; x_wconf 88' lang='lat' dir='ltr'><strong>facultates</strong></span> <span class='ocrx_word' id='word_1_530' title='bbox 1075 4111 1254 4153; x_wconf 79' lang='lat' dir='ltr'><strong>manu</strong></span> <span class='ocrx_word' id='word_1_531' title='bbox 1287 4110 1394 4153; x_wconf 90' lang='lat' dir='ltr'><strong>sua</strong></span> <span class='ocrx_word' id='word_1_532' title='bbox 1422 4091 1728 4171; x_wconf 84' lang='lat' dir='ltr'><strong>dilargitus</strong></span> <span class='ocrx_word' id='word_1_533' title='bbox 1752 4110 1981 4171; x_wconf 89' lang='lat' dir='ltr'><strong>paupe-</strong></span> 
     </span>
    </p>
   </div>
   <div class='ocr_carea' id='block_1_74' title="bbox 328 4173 1981 4261">
    <p class='ocr_par' dir='ltr' id='par_1_74' title="bbox 328 4173 1981 4261">
     <span class='ocr_line' id='line_1_75' title="bbox 328 4173 1981 4261; baseline 0.003 -25"><span class='ocrx_word' id='word_1_534' title='bbox 328 4173 496 4237; x_wconf 90' lang='lat' dir='ltr'><strong>ribus</strong></span> <span class='ocrx_word' id='word_1_535' title='bbox 525 4183 583 4238; x_wconf 91' lang='lat' dir='ltr'><strong>et</strong></span> <span class='ocrx_word' id='word_1_536' title='bbox 611 4176 886 4239; x_wconf 89' lang='lat' dir='ltr'><strong>ecclesiis</strong></span> <span class='ocrx_word' id='word_1_537' title='bbox 939 4188 993 4240; x_wconf 91' lang='lat' dir='ltr'><strong>et</strong></span> <span class='ocrx_word' id='word_1_538' title='bbox 1017 4179 1249 4242; x_wconf 90' lang='lat' dir='ltr'><strong>cunctis</strong></span> <span class='ocrx_word' id='word_1_539' title='bbox 1303 4180 1638 4261; x_wconf 83' lang='lat' dir='ltr'><strong>egentibus,</strong></span> <span class='ocrx_word' id='word_1_540' title='bbox 1692 4178 1981 4241; x_wconf 89' lang='lat' dir='ltr'><strong>distribu-</strong></span> 
     </span>
    </p>
   </div>
   <div class='ocr_carea' id='block_1_75' title="bbox 328 4264 1977 4350">
    <p class='ocr_par' dir='ltr' id='par_1_75' title="bbox 328 4264 1977 4350">
     <span class='ocr_line' id='line_1_76' title="bbox 328 4264 1977 4350; baseline 0.005 -27"><span class='ocrx_word' id='word_1_541' title='bbox 328 4264 523 4344; x_wconf 90' lang='lat' dir='ltr'><strong>tisque</strong></span> <span class='ocrx_word' id='word_1_542' title='bbox 579 4282 683 4346; x_wconf 90' lang='lat' dir='ltr'><strong>pro</strong></span> <span class='ocrx_word' id='word_1_543' title='bbox 740 4267 1015 4332; x_wconf 79' lang='lat' dir='ltr'><strong>universa</strong></span> <span class='ocrx_word' id='word_1_544' title='bbox 1072 4269 1293 4331; x_wconf 79' lang='lat' dir='ltr'><strong>familia</strong></span> <span class='ocrx_word' id='word_1_545' title='bbox 1342 4269 1573 4347; x_wconf 88' lang='lat' dir='ltr'><strong>legatis,</strong></span> <span class='ocrx_word' id='word_1_546' title='bbox 1641 4267 1977 4350; x_wconf 90' lang='lat' dir='ltr'><strong>donataque</strong></span> 
     </span>
    </p>
   </div>
   <div class='ocr_carea' id='block_1_76' title="bbox 326 4352 1967 4437">
    <p class='ocr_par' dir='ltr' id='par_1_76' title="bbox 326 4352 1967 4437">
     <span class='ocr_line' id='line_1_77' title="bbox 326 4352 1967 4437; baseline 0.003 -24"><span class='ocrx_word' id='word_1_547' title='bbox 326 4352 623 4430; x_wconf 87' lang='lat' dir='ltr'><strong>libertate,</strong></span> <span class='ocrx_word' id='word_1_548' title='bbox 694 4355 865 4416; x_wconf 89' lang='lat' dir='ltr'><strong>tertio</strong></span> <span class='ocrx_word' id='word_1_549' title='bbox 947 4356 1046 4419; x_wconf 93' lang='lat' dir='ltr'><strong>die</strong></span> <span class='ocrx_word' id='word_1_550' title='bbox 1118 4358 1400 4437; x_wconf 79' lang='lat' dir='ltr'><strong>migravit</strong></span> <span class='ocrx_word' id='word_1_551' title='bbox 1471 4358 1547 4419; x_wconf 87' lang='lat' dir='ltr'><strong>ad</strong></span> <span class='ocrx_word' id='word_1_552' title='bbox 1618 4356 1967 4435; x_wconf 90' lang='lat' dir='ltr'><strong>Dominum,</strong></span> 
     </span>
    </p>
   </div>
   <div class='ocr_carea' id='block_1_77' title="bbox 327 4444 2214 4528">
    <p class='ocr_par' dir='ltr' id='par_1_77' title="bbox 327 4444 2214 4528">
     <span class='ocr_line' id='line_1_78' title="bbox 327 4444 2214 4528; baseline 0.005 -25"><span class='ocrx_word' id='word_1_553' title='bbox 327 4460 560 4503; x_wconf 91' lang='lat' dir='ltr'><strong>summa</strong></span> <span class='ocrx_word' id='word_1_554' title='bbox 599 4444 1065 4524; x_wconf 89' lang='lat' dir='ltr'><strong>compunctione</strong></span> <span class='ocrx_word' id='word_1_555' title='bbox 1111 4447 1295 4508; x_wconf 90' lang='lat' dir='ltr'><strong>animi</strong></span> <span class='ocrx_word' id='word_1_556' title='bbox 1350 4454 1410 4508; x_wconf 92' lang='lat' dir='ltr'><strong>et</strong></span> <span class='ocrx_word' id='word_1_557' title='bbox 1468 4463 1603 4507; x_wconf 87' lang='lat' dir='ltr'><strong>cum</strong></span> <span class='ocrx_word' id='word_1_558' title='bbox 1650 4444 1971 4524; x_wconf 87' lang='lat' dir='ltr'><strong>gratiarum</strong></span> <span class='ocrx_word' id='word_1_559' title='bbox 1994 4456 2214 4528; x_wconf 67' lang='grc' dir='ltr'>θαύτοῦ</span> 
     </span>
    </p>
   </div>
   <div class='ocr_carea' id='block_1_78' title="bbox 328 4531 1969 4617">
    <p class='ocr_par' dir='ltr' id='par_1_78' title="bbox 328 4531 1969 4617">
     <span class='ocr_line' id='line_1_79' title="bbox 328 4531 1969 4617; baseline 0.002 -23"><span class='ocrx_word' id='word_1_560' title='bbox 328 4531 586 4609; x_wconf 88' lang='lat' dir='ltr'><strong>actione,</strong></span> <span class='ocrx_word' id='word_1_561' title='bbox 645 4533 762 4594; x_wconf 87' lang='lat' dir='ltr'><strong>fide</strong></span> <span class='ocrx_word' id='word_1_562' title='bbox 819 4552 887 4595; x_wconf 90' lang='lat' dir='ltr'><strong>ac</strong></span> <span class='ocrx_word' id='word_1_563' title='bbox 941 4553 1050 4617; x_wconf 89' lang='lat' dir='ltr'><strong>spe</strong></span> <span class='ocrx_word' id='word_1_564' title='bbox 1107 4543 1269 4597; x_wconf 88' lang='lat' dir='ltr'><strong>certa</strong></span> <span class='ocrx_word' id='word_1_565' title='bbox 1322 4535 1625 4617; x_wconf 79' lang='lat' dir='ltr'><strong>profectus</strong></span> <span class='ocrx_word' id='word_1_566' title='bbox 1671 4532 1745 4595; x_wconf 91' lang='lat' dir='ltr'><strong>ad</strong></span> <span class='ocrx_word' id='word_1_567' title='bbox 1808 4555 1969 4614; x_wconf 88' lang='lat' dir='ltr'><strong>eum,</strong></span> 
     </span>
    </p>
   </div>
   <div class='ocr_carea' id='block_1_79' title="bbox 2075 3295 3721 3379">
    <p class='ocr_par' dir='ltr' id='par_1_79' title="bbox 2075 3295 3721 3379">
     <span class='ocr_line' id='line_1_80' title="bbox 2075 3295 3721 3379; baseline 0.002 -28"><span class='ocrx_word' id='word_1_568' title='bbox 2075 3318 2169 3355; x_wconf 89' lang='grc' dir='ltr'><strong>σαν</strong></span> <span class='ocrx_word' id='word_1_569' title='bbox 2198 3297 2296 3364; x_wconf 63' lang='grc' dir='ltr'>τὴν</span> <span class='ocrx_word' id='word_1_570' title='bbox 2354 3296 2645 3376; x_wconf 76' lang='grc' dir='ltr'>ἀγγελικὴν</span> <span class='ocrx_word' id='word_1_571' title='bbox 2704 3297 3013 3358; x_wconf 70' lang='grc' dir='ltr'>ἀκολουθίαν</span> <span class='ocrx_word' id='word_1_572' title='bbox 3071 3298 3382 3367; x_wconf 78' lang='grc' dir='ltr'>τελεσθῆναι</span> <span class='ocrx_word' id='word_1_573' title='bbox 3439 3295 3523 3355; x_wconf 85' lang='grc' dir='ltr'>ἐπ’</span> <span class='ocrx_word' id='word_1_574' title='bbox 3555 3301 3721 3379; x_wconf 71' lang='grc' dir='ltr'>αὑτῷ,</span> 
     </span>
    </p>
   </div>
   <div class='ocr_carea' id='block_1_80' title="bbox 2070 3385 3725 3468">
    <p class='ocr_par' dir='ltr' id='par_1_80' title="bbox 2070 3385 3725 3468">
     <span class='ocr_line' id='line_1_81' title="bbox 2070 3385 3725 3468; baseline 0 -27"><span class='ocrx_word' id='word_1_575' title='bbox 2070 3385 2500 3465; x_wconf 67' lang='grc' dir='ltr'>προτρεψάμενος</span> <span class='ocrx_word' id='word_1_576' title='bbox 2560 3386 2796 3451; x_wconf 74' lang='grc' dir='ltr'>ἅπαντας</span> <span class='ocrx_word' id='word_1_577' title='bbox 2850 3388 2937 3445; x_wconf 84' lang='grc' dir='ltr'><strong>ἐπὶ</strong></span> <span class='ocrx_word' id='word_1_578' title='bbox 2992 3390 3053 3444; x_wconf 76' lang='grc' dir='ltr'><strong>τὸ</strong></span> <span class='ocrx_word' id='word_1_579' title='bbox 3108 3389 3414 3468; x_wconf 79' lang='grc' dir='ltr'>γεύσασθαι,</span> <span class='ocrx_word' id='word_1_580' title='bbox 3462 3389 3549 3444; x_wconf 87' lang='grc' dir='ltr'><strong>καὶ</strong></span> <span class='ocrx_word' id='word_1_581' title='bbox 3606 3408 3725 3446; x_wconf 86' lang='grc' dir='ltr'>συν-</span> 
     </span>
    </p>
   </div>
   <div class='ocr_carea' id='block_1_81' title="bbox 2071 3472 3721 3557">
    <p class='ocr_par' dir='ltr' id='par_1_81' title="bbox 2071 3472 3721 3557">
     <span class='ocr_line' id='line_1_82' title="bbox 2071 3472 3721 3557; baseline 0.001 -28"><span class='ocrx_word' id='word_1_582' title='bbox 2071 3474 2227 3539; x_wconf 80' lang='grc' dir='ltr'>τάξας</span> <span class='ocrx_word' id='word_1_583' title='bbox 2280 3472 2346 3529; x_wconf 82' lang='grc' dir='ltr'>δι’</span> <span class='ocrx_word' id='word_1_584' title='bbox 2406 3476 2591 3531; x_wconf 78' lang='grc' dir='ltr'>ἑαυτοῦ</span> <span class='ocrx_word' id='word_1_585' title='bbox 2649 3478 2937 3556; x_wconf 86' lang='grc' dir='ltr'>παρίστατο</span> <span class='ocrx_word' id='word_1_586' title='bbox 2988 3478 3224 3557; x_wconf 68' lang='grc' dir='ltr'>καθάπερ</span> <span class='ocrx_word' id='word_1_587' title='bbox 3296 3476 3526 3556; x_wconf 82' lang='grc' dir='ltr'>εἰκὲτης,</span> <span class='ocrx_word' id='word_1_588' title='bbox 3582 3497 3721 3555; x_wconf 89' lang='grc' dir='ltr'>προ-</span> 
     </span>
    </p>
   </div>
   <div class='ocr_carea' id='block_1_82' title="bbox 2070 3564 3721 3645">
    <p class='ocr_par' dir='ltr' id='par_1_82' title="bbox 2070 3564 3721 3645">
     <span class='ocr_line' id='line_1_83' title="bbox 2070 3564 3721 3645; baseline 0.001 -26"><span class='ocrx_word' id='word_1_589' title='bbox 2070 3564 2393 3639; x_wconf 81' lang='grc' dir='ltr'>θυμούμενος</span> <span class='ocrx_word' id='word_1_590' title='bbox 2440 3565 2768 3644; x_wconf 75' lang='grc' dir='ltr'>ὑπουργῆσαι</span> <span class='ocrx_word' id='word_1_591' title='bbox 2827 3568 2855 3622; x_wconf 86' lang='lat'><strong>6</strong></span> <span class='ocrx_word' id='word_1_592' title='bbox 2912 3568 3013 3645; x_wconf 83' lang='grc' dir='ltr'><strong>πρὸ</strong></span> <span class='ocrx_word' id='word_1_593' title='bbox 3068 3564 3285 3623; x_wconf 82' lang='grc' dir='ltr'>πολλῶν</span> <span class='ocrx_word' id='word_1_594' title='bbox 3339 3567 3554 3644; x_wconf 79' lang='grc' dir='ltr'>ἡμερῶν</span> <span class='ocrx_word' id='word_1_595' title='bbox 3622 3570 3721 3632; x_wconf 85' lang='grc' dir='ltr'><strong>τῆς</strong></span> 
     </span>
    </p>
   </div>
   <div class='ocr_carea' id='block_1_83' title="bbox 2068 3651 3719 3733">
    <p class='ocr_par' dir='ltr' id='par_1_83' title="bbox 2068 3651 3719 3733">
     <span class='ocr_line' id='line_1_84' title="bbox 2068 3651 3719 3733; baseline -0.001 -22"><span class='ocrx_word' id='word_1_596' title='bbox 2068 3652 2252 3721; x_wconf 81' lang='grc' dir='ltr'>κλίνης</span> <span class='ocrx_word' id='word_1_597' title='bbox 2323 3653 2401 3729; x_wconf 76' lang='grc' dir='ltr'>μὴ</span> <span class='ocrx_word' id='word_1_598' title='bbox 2458 3652 2742 3730; x_wconf 67' lang='grc' dir='ltr'>δυνάμενος</span> <span class='ocrx_word' id='word_1_599' title='bbox 2799 3655 3118 3731; x_wconf 79' lang='grc' dir='ltr'>ἀναστῆναι,</span> <span class='ocrx_word' id='word_1_600' title='bbox 3177 3656 3390 3733; x_wconf 82' lang='grc' dir='ltr'>ῥωσθεὶς</span> <span class='ocrx_word' id='word_1_601' title='bbox 3445 3660 3513 3731; x_wconf 79' lang='grc' dir='ltr'><strong>τῆ</strong></span> <span class='ocrx_word' id='word_1_602' title='bbox 3571 3651 3719 3710; x_wconf 79' lang='grc' dir='ltr'>δυνά-</span> 
     </span>
    </p>
   </div>
   <div class='ocr_carea' id='block_1_84' title="bbox 2065 3743 3724 3825">
    <p class='ocr_par' dir='ltr' id='par_1_84' title="bbox 2065 3743 3724 3825">
     <span class='ocr_line' id='line_1_85' title="bbox 2065 3743 3724 3825; baseline 0.001 -26"><span class='ocrx_word' id='word_1_603' title='bbox 2065 3765 2150 3819; x_wconf 88' lang='grc' dir='ltr'><strong>μει</strong></span> <span class='ocrx_word' id='word_1_604' title='bbox 2180 3754 2272 3802; x_wconf 81' lang='grc' dir='ltr'><strong>τοῦ</strong></span> <span class='ocrx_word' id='word_1_605' title='bbox 2302 3743 2627 3819; x_wconf 81' lang='grc' dir='ltr'>Πνεύματος,</span> <span class='ocrx_word' id='word_1_606' title='bbox 2679 3746 2767 3801; x_wconf 87' lang='grc' dir='ltr'><strong>καὶ</strong></span> <span class='ocrx_word' id='word_1_607' title='bbox 2816 3758 2939 3809; x_wconf 76' lang='grc' dir='ltr'>ταῖς</span> <span class='ocrx_word' id='word_1_608' title='bbox 2997 3753 3089 3802; x_wconf 83' lang='grc' dir='ltr'><strong>τοῦ</strong></span> <span class='ocrx_word' id='word_1_609' title='bbox 3146 3747 3287 3803; x_wconf 83' lang='grc' dir='ltr'>ὁσίου</span> <span class='ocrx_word' id='word_1_610' title='bbox 3344 3745 3549 3825; x_wconf 82' lang='grc' dir='ltr'>χερσίν.</span> <span class='ocrx_word' id='word_1_611' title='bbox 3612 3751 3724 3800; x_wconf 59' lang='lat' dir='ltr'><strong>[In</strong></span> 
     </span>
    </p>
   </div>
   <div class='ocr_carea' id='block_1_85' title="bbox 2063 3831 3710 3914">
    <p class='ocr_par' dir='ltr' id='par_1_85' title="bbox 2063 3831 3710 3914">
     <span class='ocr_line' id='line_1_86' title="bbox 2063 3831 3710 3914; baseline 0.001 -26"><span class='ocrx_word' id='word_1_612' title='bbox 2063 3831 2386 3913; x_wconf 80' lang='grc' dir='ltr'>ρακελευθεὶς</span> <span class='ocrx_word' id='word_1_613' title='bbox 2452 3832 2506 3888; x_wconf 77' lang='grc' dir='ltr'><strong>δὲ</strong></span> <span class='ocrx_word' id='word_1_614' title='bbox 2576 3837 2887 3901; x_wconf 76' lang='grc' dir='ltr'>καθεσθῆναι</span> <span class='ocrx_word' id='word_1_615' title='bbox 2960 3832 3178 3913; x_wconf 76' lang='grc' dir='ltr'>ἔγγιστα</span> <span class='ocrx_word' id='word_1_616' title='bbox 3228 3834 3406 3914; x_wconf 66' lang='grc' dir='ltr'>αὐτοῦ,</span> <span class='ocrx_word' id='word_1_617' title='bbox 3466 3833 3710 3909; x_wconf 76' lang='grc' dir='ltr'>ᾐτήσατο</span> 
     </span>
    </p>
   </div>
   <div class='ocr_carea' id='block_1_86' title="bbox 2064 3920 3720 4004">
    <p class='ocr_par' dir='ltr' id='par_1_86' title="bbox 2064 3920 3720 4004">
     <span class='ocr_line' id='line_1_87' title="bbox 2064 3920 3720 4004; baseline 0.001 -26"><span class='ocrx_word' id='word_1_618' title='bbox 2064 3921 2224 3980; x_wconf 75' lang='grc' dir='ltr'>πάλιν</span> <span class='ocrx_word' id='word_1_619' title='bbox 2279 3928 2370 3978; x_wconf 78' lang='grc' dir='ltr'><strong>τοῦ</strong></span> <span class='ocrx_word' id='word_1_620' title='bbox 2429 3920 2761 3988; x_wconf 70' lang='grc' dir='ltr'>διατέξασθαι</span> <span class='ocrx_word' id='word_1_621' title='bbox 2816 3922 2902 3981; x_wconf 83' lang='grc' dir='ltr'><strong>ἐπὶ</strong></span> <span class='ocrx_word' id='word_1_622' title='bbox 2955 3930 3055 3991; x_wconf 80' lang='grc' dir='ltr'><strong>τῆς</strong></span> <span class='ocrx_word' id='word_1_623' title='bbox 3102 3922 3366 4004; x_wconf 72' lang='grc' dir='ltr'>τραπέζης</span> <span class='ocrx_word' id='word_1_624' title='bbox 3418 3921 3562 3980; x_wconf 76' lang='grc' dir='ltr'>λύσιν</span> <span class='ocrx_word' id='word_1_625' title='bbox 3613 3920 3720 3979; x_wconf 82' lang='grc' dir='ltr'>λα·-</span> 
     </span>
    </p>
   </div>
   <div class='ocr_carea' id='block_1_87' title="bbox 2065 4006 3721 4089">
    <p class='ocr_par' dir='ltr' id='par_1_87' title="bbox 2065 4006 3721 4089">
     <span class='ocr_line' id='line_1_88' title="bbox 2065 4006 3721 4089; baseline 0.001 -25"><span class='ocrx_word' id='word_1_626' title='bbox 2065 4006 2202 4073; x_wconf 58' lang='lat' dir='ltr'><strong>651v.</strong></span> <span class='ocrx_word' id='word_1_627' title='bbox 2237 4011 2337 4067; x_wconf 80' lang='grc' dir='ltr'><strong>Καὶ</strong></span> <span class='ocrx_word' id='word_1_628' title='bbox 2388 4010 2575 4067; x_wconf 86' lang='grc' dir='ltr'>τούτου</span> <span class='ocrx_word' id='word_1_629' title='bbox 2630 4011 2937 4089; x_wconf 75' lang='grc' dir='ltr'>γενομένου,</span> <span class='ocrx_word' id='word_1_630' title='bbox 2995 4012 3188 4077; x_wconf 80' lang='grc' dir='ltr'>πάντες</span> <span class='ocrx_word' id='word_1_631' title='bbox 3243 4010 3505 4077; x_wconf 78' lang='grc' dir='ltr'>ἐξίσταντο</span> <span class='ocrx_word' id='word_1_632' title='bbox 3537 4009 3622 4066; x_wconf 86' lang='grc' dir='ltr'><strong>ἐπὶ</strong></span> <span class='ocrx_word' id='word_1_633' title='bbox 3650 4016 3721 4087; x_wconf 80' lang='grc' dir='ltr'>τῇ</span> 
     </span>
    </p>
   </div>
   <div class='ocr_carea' id='block_1_88' title="bbox 2067 4097 3719 4181">
    <p class='ocr_par' dir='ltr' id='par_1_88' title="bbox 2067 4097 3719 4181">
     <span class='ocr_line' id='line_1_89' title="bbox 2067 4097 3719 4181; baseline 0.001 -27"><span class='ocrx_word' id='word_1_634' title='bbox 2067 4097 2356 4177; x_wconf 75' lang='grc' dir='ltr'>ἀναῤῥώσει</span> <span class='ocrx_word' id='word_1_635' title='bbox 2425 4101 2514 4156; x_wconf 84' lang='grc' dir='ltr'><strong>καὶ</strong></span> <span class='ocrx_word' id='word_1_636' title='bbox 2584 4102 2842 4180; x_wconf 76' lang='grc' dir='ltr'>προθυμίᾳ</span> <span class='ocrx_word' id='word_1_637' title='bbox 2909 4110 3002 4160; x_wconf 86' lang='grc' dir='ltr'><strong>τοῦ</strong></span> <span class='ocrx_word' id='word_1_638' title='bbox 3070 4098 3280 4181; x_wconf 83' lang='grc' dir='ltr'>ἀνδρὸς,</span> <span class='ocrx_word' id='word_1_639' title='bbox 3337 4103 3425 4157; x_wconf 87' lang='grc' dir='ltr'><strong>καὶ</strong></span> <span class='ocrx_word' id='word_1_640' title='bbox 3482 4098 3719 4170; x_wconf 78' lang='grc' dir='ltr'>ἐδόξαζον</span> 
     </span>
    </p>
   </div>
   <div class='ocr_carea' id='block_1_89' title="bbox 2068 4186 3721 4269">
    <p class='ocr_par' dir='ltr' id='par_1_89' title="bbox 2068 4186 3721 4269">
     <span class='ocr_line' id='line_1_90' title="bbox 2068 4186 3721 4269; baseline 0.001 -27"><span class='ocrx_word' id='word_1_641' title='bbox 2068 4186 2154 4242; x_wconf 79' lang='grc' dir='ltr'>ἐὸν</span> <span class='ocrx_word' id='word_1_642' title='bbox 2187 4188 2340 4246; x_wconf 85' lang='grc' dir='ltr'>Θεόν.</span> <span class='ocrx_word' id='word_1_643' title='bbox 2374 4188 2519 4243; x_wconf 79' lang='grc' dir='ltr'>Μετά</span> <span class='ocrx_word' id='word_1_644' title='bbox 2548 4186 2602 4244; x_wconf 75' lang='grc' dir='ltr'><strong>δὲ</strong></span> <span class='ocrx_word' id='word_1_645' title='bbox 2631 4199 2816 4268; x_wconf 83' lang='grc' dir='ltr'>ταῦτα,</span> <span class='ocrx_word' id='word_1_646' title='bbox 2876 4190 3049 4249; x_wconf 70' lang='grc' dir='ltr'>πάντα</span> <span class='ocrx_word' id='word_1_647' title='bbox 3101 4191 3167 4245; x_wconf 73' lang='grc' dir='ltr'>τὰ</span> <span class='ocrx_word' id='word_1_648' title='bbox 3218 4190 3527 4269; x_wconf 75' lang='grc' dir='ltr'>ὑπάρχοντα</span> <span class='ocrx_word' id='word_1_649' title='bbox 3578 4192 3721 4263; x_wconf 74' lang='grc' dir='ltr'>αὐτῷ</span> 
     </span>
    </p>
   </div>
   <div class='ocr_carea' id='block_1_90' title="bbox 2066 4274 3719 4357">
    <p class='ocr_par' dir='ltr' id='par_1_90' title="bbox 2066 4274 3719 4357">
     <span class='ocr_line' id='line_1_91' title="bbox 2066 4274 3719 4357; baseline 0.002 -27"><span class='ocrx_word' id='word_1_650' title='bbox 2066 4280 2135 4351; x_wconf 76' lang='grc' dir='ltr'>τῇ</span> <span class='ocrx_word' id='word_1_651' title='bbox 2161 4276 2260 4349; x_wconf 77' lang='grc' dir='ltr'>ἰδίᾳ</span> <span class='ocrx_word' id='word_1_652' title='bbox 2318 4278 2458 4357; x_wconf 73' lang='grc' dir='ltr'>χειρὶ</span> <span class='ocrx_word' id='word_1_653' title='bbox 2519 4274 2635 4342; x_wconf 79' lang='grc' dir='ltr'>δοὺς</span> <span class='ocrx_word' id='word_1_654' title='bbox 2693 4277 2909 4354; x_wconf 82' lang='grc' dir='ltr'>πένησι,</span> <span class='ocrx_word' id='word_1_655' title='bbox 2972 4280 3059 4335; x_wconf 83' lang='grc' dir='ltr'><strong>καὶ</strong></span> <span class='ocrx_word' id='word_1_656' title='bbox 3110 4277 3439 4351; x_wconf 84' lang='grc' dir='ltr'>ἐκκλησίαις,</span> <span class='ocrx_word' id='word_1_657' title='bbox 3473 4278 3561 4334; x_wconf 84' lang='grc' dir='ltr'><strong>καὶ</strong></span> <span class='ocrx_word' id='word_1_658' title='bbox 3590 4283 3719 4333; x_wconf 82' lang='grc' dir='ltr'>πᾶσι</span> 
     </span>
    </p>
   </div>
   <div class='ocr_carea' id='block_1_91' title="bbox 2058 4362 3717 4446">
    <p class='ocr_par' dir='ltr' id='par_1_91' title="bbox 2058 4362 3717 4446">
     <span class='ocr_line' id='line_1_92' title="bbox 2058 4362 3717 4446; baseline 0.001 -26"><span class='ocrx_word' id='word_1_659' title='bbox 2058 4377 2174 4427; x_wconf 70' lang='grc' dir='ltr'>τοῖς</span> <span class='ocrx_word' id='word_1_660' title='bbox 2203 4362 2491 4442; x_wconf 73' lang='grc' dir='ltr'>δεομένοις,</span> <span class='ocrx_word' id='word_1_661' title='bbox 2553 4365 2883 4446; x_wconf 77' lang='grc' dir='ltr'>ληγατεύσας</span> <span class='ocrx_word' id='word_1_662' title='bbox 2940 4388 2996 4422; x_wconf 86' lang='grc' dir='ltr'><strong>τε</strong></span> <span class='ocrx_word' id='word_1_663' title='bbox 3044 4367 3253 4424; x_wconf 70' lang='grc' dir='ltr'>ἅπασαν</span> <span class='ocrx_word' id='word_1_664' title='bbox 3304 4369 3402 4435; x_wconf 85' lang='grc' dir='ltr'><strong>τῆν</strong></span> <span class='ocrx_word' id='word_1_665' title='bbox 3464 4367 3717 4423; x_wconf 80' lang='grc' dir='ltr'>οἰκετείαν</span> 
     </span>
    </p>
   </div>
   <div class='ocr_carea' id='block_1_92' title="bbox 2221 4453 3707 4537">
    <p class='ocr_par' dir='ltr' id='par_1_92' title="bbox 2221 4453 3707 4537">
     <span class='ocr_line' id='line_1_93' title="bbox 2221 4453 3707 4537; baseline 0 -27"><span class='ocrx_word' id='word_1_666' title='bbox 2221 4502 2236 4535; x_wconf 89' lang='grc'><strong>,</strong></span> <span class='ocrx_word' id='word_1_667' title='bbox 2294 4457 2382 4511; x_wconf 82' lang='grc' dir='ltr'>καὶ</span> <span class='ocrx_word' id='word_1_668' title='bbox 2438 4453 2725 4535; x_wconf 76' lang='grc' dir='ltr'>ἐλευθερίας</span> <span class='ocrx_word' id='word_1_669' title='bbox 2777 4454 3128 4537; x_wconf 77' lang='grc' dir='ltr'>καταξιώσας,</span> <span class='ocrx_word' id='word_1_670' title='bbox 3193 4462 3260 4533; x_wconf 78' lang='grc' dir='ltr'>τῇ</span> <span class='ocrx_word' id='word_1_671' title='bbox 3316 4457 3465 4535; x_wconf 77' lang='grc' dir='ltr'>τρίτῃ</span> <span class='ocrx_word' id='word_1_672' title='bbox 3530 4455 3707 4534; x_wconf 71' lang='grc' dir='ltr'>ἡμέρα</span> 
     </span>
    </p>
   </div>
   <div class='ocr_carea' id='block_1_93' title="bbox 2053 4543 3699 4625">
    <p class='ocr_par' dir='ltr' id='par_1_93' title="bbox 2053 4543 3699 4625">
     <span class='ocr_line' id='line_1_94' title="bbox 2053 4543 3699 4625; baseline 0 -25"><span class='ocrx_word' id='word_1_673' title='bbox 2053 4544 2182 4623; x_wconf 83' lang='grc' dir='ltr'>πρὸς</span> <span class='ocrx_word' id='word_1_674' title='bbox 2250 4544 2435 4625; x_wconf 80' lang='grc' dir='ltr'>Κύριον</span> <span class='ocrx_word' id='word_1_675' title='bbox 2508 4543 2821 4620; x_wconf 64' lang='grc' dir='ltr'>ἀπεδήμησε</span> <span class='ocrx_word' id='word_1_676' title='bbox 2905 4546 3039 4622; x_wconf 68' lang='grc' dir='ltr'>μετα</span> <span class='ocrx_word' id='word_1_677' title='bbox 3061 4564 3080 4625; x_wconf 58' lang='lat'>3</span> <span class='ocrx_word' id='word_1_678' title='bbox 3120 4545 3297 4613; x_wconf 64' lang='grc' dir='ltr'>πάσης</span> <span class='ocrx_word' id='word_1_679' title='bbox 3369 4544 3699 4611; x_wconf 73' lang='grc' dir='ltr'>κατανύξεως</span> 
     </span>
    </p>
   </div>
   <div class='ocr_carea' id='block_1_94' title="bbox 1735 4718 2341 4786">
    <p class='ocr_par' dir='ltr' id='par_1_94' title="bbox 1735 4718 2341 4786">
     <span class='ocr_line' id='line_1_95' title="bbox 1735 4718 2341 4786; baseline 0.003 -3"><span class='ocrx_word' id='word_1_680' title='bbox 1735 4718 1980 4783; x_wconf 81' lang='lat' dir='ltr'><strong>Joannis</strong></span> <span class='ocrx_word' id='word_1_681' title='bbox 2008 4720 2135 4786; x_wconf 89' lang='lat' dir='ltr'><strong>Clei</strong></span> <span class='ocrx_word' id='word_1_682' title='bbox 2164 4729 2341 4785; x_wconf 70' lang='lat' dir='ltr'><strong>notae.</strong></span> 
     </span>
    </p>
   </div>
   <div class='ocr_carea' id='block_1_95' title="bbox 414 4842 1971 4935">
    <p class='ocr_par' dir='ltr' id='par_1_95' title="bbox 414 4842 1971 4935">
     <span class='ocr_line' id='line_1_96' title="bbox 414 4842 1971 4935; baseline 0.006 -28"><span class='ocrx_word' id='word_1_683' title='bbox 414 4845 532 4935; x_wconf 57' lang='grc' dir='ltr'><strong>(μ)</strong></span> <span class='ocrx_word' id='word_1_684' title='bbox 555 4842 639 4908; x_wconf 85' lang='lat' dir='ltr'><strong>Ex</strong></span> <span class='ocrx_word' id='word_1_685' title='bbox 671 4845 833 4911; x_wconf 82' lang='lat' dir='ltr'><strong>hisce</strong></span> <span class='ocrx_word' id='word_1_686' title='bbox 862 4849 1006 4935; x_wconf 83' lang='lat' dir='ltr'><strong>satis</strong></span> <span class='ocrx_word' id='word_1_687' title='bbox 1035 4850 1413 4935; x_wconf 82' lang='lat' dir='ltr'><strong>clareliquet,</strong></span> <span class='ocrx_word' id='word_1_688' title='bbox 1439 4842 1822 4915; x_wconf 89' lang='lat' dir='ltr'><strong>verisimilius</strong></span> <span class='ocrx_word' id='word_1_689' title='bbox 1842 4872 1971 4935; x_wconf 28' lang='lat' dir='ltr'><strong>‘non</strong></span> 
     </span>
    </p>
   </div>
   <div class='ocr_carea' id='block_1_96' title="bbox 328 4925 1972 5008">
    <p class='ocr_par' dir='ltr' id='par_1_96' title="bbox 328 4925 1972 5008">
     <span class='ocr_line' id='line_1_97' title="bbox 328 4925 1972 5008; baseline 0.005 -20"><span class='ocrx_word' id='word_1_690' title='bbox 328 4925 675 5008; x_wconf 82' lang='lat' dir='ltr'><strong>dignitatem</strong></span> <span class='ocrx_word' id='word_1_691' title='bbox 706 4931 1021 5008; x_wconf 90' lang='lat' dir='ltr'><strong>quamdam</strong></span> <span class='ocrx_word' id='word_1_692' title='bbox 1045 4925 1766 4996; x_wconf 52' lang='lat' dir='ltr'><strong>civilem&#39;autsaecularem</strong></span> <span class='ocrx_word' id='word_1_693' title='bbox 1788 4951 1823 4993; x_wconf 91' lang='lat' dir='ltr'><strong>a</strong></span> <span class='ocrx_word' id='word_1_694' title='bbox 1841 4932 1972 4997; x_wconf 88' lang='lat' dir='ltr'><strong>bio-</strong></span> 
     </span>
    </p>
   </div>
   <div class='ocr_carea' id='block_1_97' title="bbox 327 5007 1969 5098">
    <p class='ocr_par' dir='ltr' id='par_1_97' title="bbox 327 5007 1969 5098">
     <span class='ocr_line' id='line_1_98' title="bbox 327 5007 1969 5098; baseline 0.005 -31"><span class='ocrx_word' id='word_1_695' title='bbox 327 5007 577 5098; x_wconf 74' lang='lat' dir='ltr'><strong>grapho,</strong></span> <span class='ocrx_word' id='word_1_696' title='bbox 611 5007 744 5098; x_wconf 66' lang='lat' dir='ltr'><strong>sed</strong></span> <span class='ocrx_word' id='word_1_697' title='bbox 790 5011 1249 5075; x_wconf 89' lang='lat' dir='ltr'><strong>ecclesiasticam</strong></span> <span class='ocrx_word' id='word_1_698' title='bbox 1301 5015 1969 5098; x_wconf 75' lang='lat' dir='ltr'><strong>etarchiepiscopalem</strong></span> 
     </span>
    </p>
   </div>
   <div class='ocr_carea' id='block_1_98' title="bbox 328 5086 1971 5176">
    <p class='ocr_par' dir='ltr' id='par_1_98' title="bbox 328 5086 1971 5176">
     <span class='ocr_line' id='line_1_99' title="bbox 328 5086 1971 5176; baseline 0.005 -29"><span class='ocrx_word' id='word_1_699' title='bbox 328 5086 649 5176; x_wconf 63' lang='lat' dir='ltr'><strong>designari.</strong></span> <span class='ocrx_word' id='word_1_700' title='bbox 666 5086 954 5176; x_wconf 82' lang='lat' dir='ltr'><strong>Siberona</strong></span> <span class='ocrx_word' id='word_1_701' title='bbox 977 5111 1179 5176; x_wconf 74' lang='lat' dir='ltr'><strong>porro,</strong></span> <span class='ocrx_word' id='word_1_702' title='bbox 1211 5113 1342 5176; x_wconf 60' lang='lat' dir='ltr'><strong>quae</strong></span> <span class='ocrx_word' id='word_1_703' title='bbox 1365 5095 1542 5157; x_wconf 91' lang='lat' dir='ltr'><strong>hodie</strong></span> <span class='ocrx_word' id='word_1_704' title='bbox 1563 5086 1730 5174; x_wconf 81' lang='lat' dir='ltr'><strong>vulgo</strong></span> <span class='ocrx_word' id='word_1_705' title='bbox 1757 5086 1971 5176; x_wconf 83' lang='lat' dir='ltr'><strong>Sancta</strong></span> 
     </span>
    </p>
   </div>
   <div class='ocr_carea' id='block_1_99' title="bbox 326 5170 1967 5260">
    <p class='ocr_par' dir='ltr' id='par_1_99' title="bbox 326 5170 1967 5260">
     <span class='ocr_line' id='line_1_100' title="bbox 326 5170 1967 5260; baseline 0.005 -33"><span class='ocrx_word' id='word_1_706' title='bbox 326 5170 993 5260; x_wconf 42' lang='lat' dir='ltr'><strong>Severinalappellatur,‘</strong></span> <span class='ocrx_word' id='word_1_707' title='bbox 1019 5170 1245 5260; x_wconf 47' lang='lat' dir='ltr'><strong>civitas</strong></span> <span class='ocrx_word' id='word_1_708' title='bbox 1275 5184 1355 5260; x_wconf 87' lang='lat' dir='ltr'><strong>e_t_</strong></span> <span class='ocrx_word' id='word_1_709' title='bbox 1380 5176 1618 5256; x_wconf 91' lang='lat' dir='ltr'><strong>antiqua</strong></span> <span class='ocrx_word' id='word_1_710' title='bbox 1663 5170 1718 5236; x_wconf 77' lang='lat' dir='ltr'><strong>et</strong></span> <span class='ocrx_word' id='word_1_711' title='bbox 1743 5175 1967 5260; x_wconf 71' lang='lat' dir='ltr'><strong>muni-</strong></span> 
     </span>
    </p>
   </div>
   <div class='ocr_carea' id='block_1_100' title="bbox 328 5249 1969 5318">
    <p class='ocr_par' dir='ltr' id='par_1_100' title="bbox 328 5249 1969 5318">
     <span class='ocr_line' id='line_1_101' title="bbox 328 5249 1969 5318; baseline 0.006 -10"><span class='ocrx_word' id='word_1_712' title='bbox 328 5249 555 5308; x_wconf 90' lang='lat' dir='ltr'><strong>tissima</strong></span> <span class='ocrx_word' id='word_1_713' title='bbox 578 5249 878 5313; x_wconf 90' lang='lat' dir='ltr'><strong>ulterioris</strong></span> <span class='ocrx_word' id='word_1_714' title='bbox 936 5251 1239 5316; x_wconf 64' lang='lat' dir='ltr'><strong>Calabriae.</strong></span> <span class='ocrx_word' id='word_1_715' title='bbox 1287 5255 1477 5317; x_wconf 89' lang='lat' dir='ltr'><strong>Distat</strong></span> <span class='ocrx_word' id='word_1_716' title='bbox 1522 5249 1561 5318; x_wconf 79' lang='lat' dir='ltr'><strong>a</strong></span> <span class='ocrx_word' id='word_1_717' title='bbox 1611 5257 1756 5317; x_wconf 90' lang='lat' dir='ltr'><strong>mari</strong></span> <span class='ocrx_word' id='word_1_718' title='bbox 1802 5252 1969 5318; x_wconf 93' lang='lat' dir='ltr'><strong>Ionio</strong></span> 
     </span>
    </p>
   </div>
   <div class='ocr_carea' id='block_1_101' title="bbox 327 5326 1966 5417">
    <p class='ocr_par' dir='ltr' id='par_1_101' title="bbox 327 5326 1966 5417">
     <span class='ocr_line' id='line_1_102' title="bbox 327 5326 1966 5417; baseline 0.007 -31"><span class='ocrx_word' id='word_1_719' title='bbox 327 5326 681 5417; x_wconf 70' lang='lat' dir='ltr'><strong>milliaribus</strong></span> <span class='ocrx_word' id='word_1_720' title='bbox 707 5330 809 5417; x_wconf 70' lang='lat'><strong>10,</strong></span> <span class='ocrx_word' id='word_1_721' title='bbox 826 5331 1081 5417; x_wconf 76' lang='lat' dir='ltr'><strong>crotone</strong></span> <span class='ocrx_word' id='word_1_722' title='bbox 1119 5339 1214 5398; x_wconf 80' lang='lat'><strong>1‘2.</strong></span> <span class='ocrx_word' id='word_1_723' title='bbox 1237 5333 1424 5398; x_wconf 88' lang='lat' dir='ltr'><strong>Sedes</strong></span> <span class='ocrx_word' id='word_1_724' title='bbox 1443 5335 1966 5417; x_wconf 86' lang='lat' dir='ltr'><strong>archiepiscopalis</strong></span> 
     </span>
    </p>
   </div>
   <div class='ocr_carea' id='block_1_102' title="bbox 325 5408 1965 5497">
    <p class='ocr_par' dir='ltr' id='par_1_102' title="bbox 325 5408 1965 5497">
     <span class='ocr_line' id='line_1_103' title="bbox 325 5408 1965 5497; baseline 0.007 -30"><span class='ocrx_word' id='word_1_725' title='bbox 325 5408 722 5497; x_wconf 59' lang='lat' dir='ltr'><strong>suifraganeas</strong></span> <span class='ocrx_word' id='word_1_726' title='bbox 797 5410 1164 5497; x_wconf 50' lang='grc' dir='ltr'>δείξει-εει,</span> <span class='ocrx_word' id='word_1_727' title='bbox 1258 5417 1333 5480; x_wconf 89' lang='lat' dir='ltr'><strong>de</strong></span> <span class='ocrx_word' id='word_1_728' title='bbox 1408 5408 1965 5497; x_wconf 47' lang='lat' dir='ltr'><strong>quibus-omnibus</strong></span> 
     </span>
    </p>
   </div>
   <div class='ocr_carea' id='block_1_103' title="bbox 323 5486 1968 5567">
    <p class='ocr_par' dir='ltr' id='par_1_103' title="bbox 323 5486 1968 5567">
     <span class='ocr_line' id='line_1_104' title="bbox 323 5486 1968 5567; baseline 0.004 -16"><span class='ocrx_word' id='word_1_729' title='bbox 323 5486 606 5567; x_wconf 87' lang='lat' dir='ltr'><strong>Ughellus</strong></span> <span class='ocrx_word' id='word_1_730' title='bbox 662 5496 807 5567; x_wconf 86' lang='lat' dir='ltr'><strong>tom.</strong></span> <span class='ocrx_word' id='word_1_731' title='bbox 857 5490 932 5552; x_wconf 86' lang='lat' dir='ltr'><strong>1X</strong></span> <span class='ocrx_word' id='word_1_732' title='bbox 977 5486 1175 5557; x_wconf 67' lang='lat' dir='ltr'><strong>Italiae</strong></span> <span class='ocrx_word' id='word_1_733' title='bbox 1222 5486 1444 5559; x_wconf 54' lang='lat' dir='ltr'><strong>sacres:</strong></span> <span class='ocrx_word' id='word_1_734' title='bbox 1488 5495 1741 5559; x_wconf 92' lang='lat' dir='ltr'><strong>Unicum</strong></span> <span class='ocrx_word' id='word_1_735' title='bbox 1791 5496 1968 5558; x_wconf 90' lang='lat' dir='ltr'><strong>habet</strong></span> 
     </span>
    </p>
   </div>
   <div class='ocr_carea' id='block_1_104' title="bbox 324 5566 1964 5660">
    <p class='ocr_par' dir='ltr' id='par_1_104' title="bbox 324 5566 1964 5660">
     <span class='ocr_line' id='line_1_105' title="bbox 324 5566 1964 5660; baseline 0.005 -31"><span class='ocrx_word' id='word_1_736' title='bbox 324 5566 714 5660; x_wconf 66' lang='lat' dir='ltr'><strong>praesulem</strong></span> <span class='ocrx_word' id='word_1_737' title='bbox 729 5570 1027 5660; x_wconf 64' lang='lat' dir='ltr'><strong>Severinaa</strong></span> <span class='ocrx_word' id='word_1_738' title='bbox 1041 5584 1175 5660; x_wconf 80' lang='lat' dir='ltr'><strong>ante</strong></span> <span class='ocrx_word' id='word_1_739' title='bbox 1189 5572 1557 5660; x_wconf 78' lang='lat' dir='ltr'><strong>Stephanum</strong></span> <span class='ocrx_word' id='word_1_740' title='bbox 1574 5586 1964 5660; x_wconf 86' lang='lat' dir='ltr'><strong>memoratum</strong></span> 
     </span>
    </p>
   </div>
   <div class='ocr_carea' id='block_1_105' title="bbox 323 5651 1967 5739">
    <p class='ocr_par' dir='ltr' id='par_1_105' title="bbox 323 5651 1967 5739">
     <span class='ocr_line' id='line_1_106' title="bbox 323 5651 1967 5739; baseline 0.007 -31"><span class='ocrx_word' id='word_1_741' title='bbox 323 5651 386 5739; x_wconf 63' lang='lat' dir='ltr'><strong>in</strong></span> <span class='ocrx_word' id='word_1_742' title='bbox 407 5651 611 5739; x_wconf 73' lang='lat' dir='ltr'><strong>charta</strong></span> <span class='ocrx_word' id='word_1_743' title='bbox 631 5651 877 5739; x_wconf 80' lang='lat' dir='ltr'><strong>Rpgerii</strong></span> <span class='ocrx_word' id='word_1_744' title='bbox 898 5654 1139 5739; x_wconf 64' lang='lat' dir='ltr'><strong>comitis</strong></span> <span class='ocrx_word' id='word_1_745' title='bbox 1187 5651 1329 5718; x_wconf 83' lang='lat' dir='ltr'><strong>anni</strong></span> <span class='ocrx_word' id='word_1_746' title='bbox 1358 5657 1537 5738; x_wconf 81' lang='grc'>1056,</span> <span class='ocrx_word' id='word_1_747' title='bbox 1572 5658 1967 5739; x_wconf 82' lang='lat' dir='ltr'><strong>observatque</strong></span> 
     </span>
    </p>
   </div>
   <div class='ocr_carea' id='block_1_106' title="bbox 325 5727 1964 5821">
    <p class='ocr_par' dir='ltr' id='par_1_106' title="bbox 325 5727 1964 5821">
     <span class='ocr_line' id='line_1_107' title="bbox 325 5727 1964 5821; baseline 0.004 -28"><span class='ocrx_word' id='word_1_748' title='bbox 325 5727 626 5821; x_wconf 40' lang='lat' dir='ltr'><strong>pgbellus,</strong></span> <span class='ocrx_word' id='word_1_749' title='bbox 685 5727 979 5821; x_wconf 48' lang='grc' dir='ltr'>ἡμιιονὶὺί</span> <span class='ocrx_word' id='word_1_750' title='bbox 1054 5743 1280 5821; x_wconf 74' lang='lat' dir='ltr'><strong>tantum</strong></span> <span class='ocrx_word' id='word_1_751' title='bbox 1342 5727 1685 5821; x_wconf 83' lang='lat' dir='ltr'><strong>episcopum</strong></span> <span class='ocrx_word' id='word_1_752' title='bbox 1759 5727 1964 5821; x_wconf 50' lang='lat' dir='ltr'><strong>app&#39;el-</strong></span> 
     </span>
    </p>
   </div>
   <div class='ocr_carea' id='block_1_107' title="bbox 323 5808 1968 5900">
    <p class='ocr_par' dir='ltr' id='par_1_107' title="bbox 323 5808 1968 5900">
     <span class='ocr_line' id='line_1_108' title="bbox 323 5808 1968 5900; baseline 0.007 -30"><span class='ocrx_word' id='word_1_753' title='bbox 323 5808 458 5900; x_wconf 68' lang='lat' dir='ltr'><strong>lari,</strong></span> <span class='ocrx_word' id='word_1_754' title='bbox 492 5808 653 5900; x_wconf 61' lang='lat' dir='ltr'><strong>unde</strong></span> <span class='ocrx_word' id='word_1_755' title='bbox 704 5811 959 5895; x_wconf 86' lang='lat' dir='ltr'><strong>dubitat,</strong></span> <span class='ocrx_word' id='word_1_756' title='bbox 1015 5833 1093 5900; x_wconf 83' lang='lat' dir='ltr'><strong>an</strong></span> <span class='ocrx_word' id='word_1_757' title='bbox 1139 5817 1244 5880; x_wconf 90' lang='lat' dir='ltr'><strong>illo</strong></span> <span class='ocrx_word' id='word_1_758' title='bbox 1296 5808 1564 5900; x_wconf 76' lang='lat' dir='ltr'><strong>tempore</strong></span> <span class='ocrx_word' id='word_1_759' title='bbox 1603 5818 1730 5900; x_wconf 84' lang='lat' dir='ltr'><strong>jam</strong></span> <span class='ocrx_word' id='word_1_760' title='bbox 1759 5808 1968 5900; x_wconf 59' lang='lat' dir='ltr'><strong>archi-</strong></span> 
     </span>
    </p>
   </div>
   <div class='ocr_carea' id='block_1_108' title="bbox 323 5889 1967 5984">
    <p class='ocr_par' dir='ltr' id='par_1_108' title="bbox 323 5889 1967 5984">
     <span class='ocr_line' id='line_1_109' title="bbox 323 5889 1967 5984; baseline 0.01 -32"><span class='ocrx_word' id='word_1_761' title='bbox 323 5889 681 5974; x_wconf 85' lang='lat' dir='ltr'><strong>episcopalis</strong></span> <span class='ocrx_word' id='word_1_762' title='bbox 711 5902 868 5963; x_wconf 79' lang='lat' dir='ltr'><strong>esset</strong></span> <span class='ocrx_word' id='word_1_763' title='bbox 882 5889 955 5966; x_wconf 63' lang='lat' dir='ltr'><strong>ea</strong></span> <span class='ocrx_word' id='word_1_764' title='bbox 972 5895 1171 5967; x_wconf 82' lang='lat' dir='ltr'><strong>sedes.</strong></span> <span class='ocrx_word' id='word_1_765' title='bbox 1194 5889 1543 5984; x_wconf 60' lang='lat' dir='ltr'><strong>Perper&#39;am,</strong></span> <span class='ocrx_word' id='word_1_766' title='bbox 1561 5889 1627 5964; x_wconf 76' lang='lat' dir='ltr'><strong>ut</strong></span> <span class='ocrx_word' id='word_1_767' title='bbox 1640 5898 1740 5965; x_wconf 91' lang='lat' dir='ltr'><strong>hic</strong></span> <span class='ocrx_word' id='word_1_768' title='bbox 1759 5896 1967 5984; x_wconf 86' lang='lat' dir='ltr'><strong>liquet.</strong></span> 
     </span>
    </p>
   </div>
   <div class='ocr_carea' id='block_1_109' title="bbox 2137 4853 3724 4938">
    <p class='ocr_par' dir='ltr' id='par_1_109' title="bbox 2137 4853 3724 4938">
     <span class='ocr_line' id='line_1_110' title="bbox 2137 4853 3724 4938; baseline -0.001 -20"><span class='ocrx_word' id='word_1_769' title='bbox 2137 4857 2255 4938; x_wconf 76' lang='grc'><strong>(45)</strong></span> <span class='ocrx_word' id='word_1_770' title='bbox 2303 4858 2389 4938; x_wconf 87' lang='lat' dir='ltr'><strong>De</strong></span> <span class='ocrx_word' id='word_1_771' title='bbox 2429 4855 3123 4938; x_wconf 11' lang='lat' dir='ltr'><strong>episcopogRossanensi</strong></span> <span class='ocrx_word' id='word_1_772' title='bbox 3172 4853 3269 4918; x_wconf 91' lang='lat' dir='ltr'><strong>hic</strong></span> <span class='ocrx_word' id='word_1_773' title='bbox 3318 4874 3513 4938; x_wconf 75' lang='lat' dir='ltr'><strong>sermo</strong></span> <span class='ocrx_word' id='word_1_774' title='bbox 3563 4861 3652 4938; x_wconf 88' lang='lat' dir='ltr'><strong>est</strong></span> <span class='ocrx_word' id='word_1_775' title='bbox 3692 4854 3724 4938; x_wconf 62' lang='grc' dir='ltr'><strong><em>ζ</em></strong></span> 
     </span>
    </p>
   </div>
   <div class='ocr_carea' id='block_1_110' title="bbox 2055 4936 3713 5018">
    <p class='ocr_par' dir='ltr' id='par_1_110' title="bbox 2055 4936 3713 5018">
     <span class='ocr_line' id='line_1_111' title="bbox 2055 4936 3713 5018; baseline 0.001 -21"><span class='ocrx_word' id='word_1_776' title='bbox 2055 4937 2276 5018; x_wconf 80' lang='lat' dir='ltr'><strong>quippe</strong></span> <span class='ocrx_word' id='word_1_777' title='bbox 2304 4936 2365 4998; x_wconf 92' lang='lat' dir='ltr'><strong>in</strong></span> <span class='ocrx_word' id='word_1_778' title='bbox 2397 4936 2606 5018; x_wconf 87' lang='lat' dir='ltr'><strong>eadem</strong></span> <span class='ocrx_word' id='word_1_779' title='bbox 2639 4936 2826 5011; x_wconf 72' lang='lat' dir='ltr'><strong>urbe,</strong></span> <span class='ocrx_word' id='word_1_780' title='bbox 2878 4945 2942 4999; x_wconf 91' lang='lat' dir='ltr'><strong>ut</strong></span> <span class='ocrx_word' id='word_1_781' title='bbox 2990 4938 3144 4998; x_wconf 82' lang='lat' dir='ltr'><strong>infra</strong></span> <span class='ocrx_word' id='word_1_782' title='bbox 3191 4937 3460 5018; x_wconf 86' lang='lat' dir='ltr'><strong>liquebit,</strong></span> <span class='ocrx_word' id='word_1_783' title='bbox 3497 4936 3713 5016; x_wconf 79' lang='lat' dir='ltr'><strong>agebal</strong></span> 
     </span>
    </p>
   </div>
   <div class='ocr_carea' id='block_1_111' title="bbox 2052 5017 3710 5098">
    <p class='ocr_par' dir='ltr' id='par_1_111' title="bbox 2052 5017 3710 5098">
     <span class='ocr_line' id='line_1_112' title="bbox 2052 5017 3710 5098; baseline 0.001 -21"><span class='ocrx_word' id='word_1_784' title='bbox 2052 5034 2208 5098; x_wconf 59' lang='lat' dir='ltr'><strong>aeger</strong></span> <span class='ocrx_word' id='word_1_785' title='bbox 2236 5017 2584 5098; x_wconf 74' lang='lat' dir='ltr'><strong>Eupraxius,</strong></span> <span class='ocrx_word' id='word_1_786' title='bbox 2620 5018 2968 5098; x_wconf 88' lang='lat' dir='ltr'><strong>ubimortui</strong></span> <span class='ocrx_word' id='word_1_787' title='bbox 3000 5036 3219 5097; x_wconf 85' lang='lat' dir='ltr'><strong>corpus</strong></span> <span class='ocrx_word' id='word_1_788' title='bbox 3251 5017 3473 5079; x_wconf 85' lang='lat' dir='ltr'><strong>deinde</strong></span> <span class='ocrx_word' id='word_1_789' title='bbox 3506 5025 3710 5078; x_wconf 91' lang='lat' dir='ltr'><strong>tumu-</strong></span> 
     </span>
    </p>
   </div>
   <div class='ocr_carea' id='block_1_112' title="bbox 2052 5096 3708 5178">
    <p class='ocr_par' dir='ltr' id='par_1_112' title="bbox 2052 5096 3708 5178">
     <span class='ocr_line' id='line_1_113' title="bbox 2052 5096 3708 5178; baseline 0 -21"><span class='ocrx_word' id='word_1_790' title='bbox 2052 5096 2234 5158; x_wconf 91' lang='lat' dir='ltr'><strong>latum</strong></span> <span class='ocrx_word' id='word_1_791' title='bbox 2283 5096 2393 5160; x_wconf 82' lang='lat' dir='ltr'><strong>fuit</strong></span> <span class='ocrx_word' id='word_1_792' title='bbox 2426 5097 2503 5178; x_wconf 87' lang='lat' dir='ltr'><strong>in</strong></span> <span class='ocrx_word' id='word_1_793' title='bbox 2542 5099 2669 5178; x_wconf 59' lang='lat' dir='ltr'><strong>aede</strong></span> <span class='ocrx_word' id='word_1_794' title='bbox 2711 5097 2771 5161; x_wconf 91' lang='lat' dir='ltr'><strong>S.</strong></span> <span class='ocrx_word' id='word_1_795' title='bbox 2820 5096 3170 5173; x_wconf 82' lang='lat' dir='ltr'><strong>Anastasiae,</strong></span> <span class='ocrx_word' id='word_1_796' title='bbox 3224 5116 3400 5178; x_wconf 90' lang='lat' dir='ltr'><strong>quam</strong></span> <span class='ocrx_word' id='word_1_797' title='bbox 3461 5109 3519 5158; x_wconf 90' lang='lat' dir='ltr'><strong>et</strong></span> <span class='ocrx_word' id='word_1_798' title='bbox 3547 5098 3708 5160; x_wconf 90' lang='lat' dir='ltr'><strong>idem</strong></span> 
     </span>
    </p>
   </div>
   <div class='ocr_carea' id='block_1_113' title="bbox 2053 5177 3703 5259">
    <p class='ocr_par' dir='ltr' id='par_1_113' title="bbox 2053 5177 3703 5259">
     <span class='ocr_line' id='line_1_114' title="bbox 2053 5177 3703 5259; baseline 0.002 -22"><span class='ocrx_word' id='word_1_799' title='bbox 2053 5179 2384 5259; x_wconf 76' lang='lat' dir='ltr'><strong>Eupraxius</strong></span> <span class='ocrx_word' id='word_1_800' title='bbox 2414 5177 2758 5240; x_wconf 88' lang='lat' dir='ltr'><strong>fundaverat</strong></span> <span class='ocrx_word' id='word_1_801' title='bbox 2785 5177 3255 5259; x_wconf 28' lang='lat' dir='ltr'><strong>ornaveratque,’</strong></span> <span class='ocrx_word' id='word_1_802' title='bbox 3288 5187 3350 5240; x_wconf 92' lang='lat' dir='ltr'><strong>ut</strong></span> <span class='ocrx_word' id='word_1_803' title='bbox 3381 5186 3539 5259; x_wconf 91' lang='lat' dir='ltr'><strong>patet</strong></span> <span class='ocrx_word' id='word_1_804' title='bbox 3569 5196 3703 5257; x_wconf 81' lang='lat' dir='ltr'><strong>cap.</strong></span> 
     </span>
    </p>
   </div>
   <div class='ocr_carea' id='block_1_114' title="bbox 2010 5257 3704 5339">
    <p class='ocr_par' dir='ltr' id='par_1_114' title="bbox 2010 5257 3704 5339">
     <span class='ocr_line' id='line_1_115' title="bbox 2010 5257 3704 5339; baseline -0.002 -14"><span class='ocrx_word' id='word_1_805' title='bbox 2010 5257 2114 5333; x_wconf 91' lang='lat'><strong>.6,</strong></span> <span class='ocrx_word' id='word_1_806' title='bbox 2178 5277 2343 5321; x_wconf 89' lang='lat' dir='ltr'><strong>num.</strong></span> <span class='ocrx_word' id='word_1_807' title='bbox 2404 5259 2484 5322; x_wconf 83' lang='grc'>45</span> <span class='ocrx_word' id='word_1_808' title='bbox 2541 5267 2600 5321; x_wconf 91' lang='lat' dir='ltr'><strong>et</strong></span> <span class='ocrx_word' id='word_1_809' title='bbox 2656 5268 2793 5321; x_wconf 90' lang='lat' dir='ltr'><strong>nota</strong></span> <span class='ocrx_word' id='word_1_810' title='bbox 2850 5260 2953 5322; x_wconf 86' lang='lat'><strong>36.</strong></span> <span class='ocrx_word' id='word_1_811' title='bbox 2998 5257 3171 5339; x_wconf 12' lang='lat' dir='ltr'><strong>iHaéc</strong></span> <span class='ocrx_word' id='word_1_812' title='bbox 3233 5257 3412 5339; x_wconf 86' lang='lat' dir='ltr'><strong>porro</strong></span> <span class='ocrx_word' id='word_1_813' title='bbox 3464 5268 3595 5339; x_wconf 73' lang='lat' dir='ltr'><strong>erat</strong></span> <span class='ocrx_word' id='word_1_814' title='bbox 3641 5260 3704 5322; x_wconf 89' lang='lat' dir='ltr'><strong>in</strong></span> 
     </span>
    </p>
   </div>
   <div class='ocr_carea' id='block_1_115' title="bbox 2051 5337 3704 5420">
    <p class='ocr_par' dir='ltr' id='par_1_115' title="bbox 2051 5337 3704 5420">
     <span class='ocr_line' id='line_1_116' title="bbox 2051 5337 3704 5420; baseline 0.001 -22"><span class='ocrx_word' id='word_1_815' title='bbox 2051 5356 2284 5399; x_wconf 90' lang='lat' dir='ltr'><strong>summa</strong></span> <span class='ocrx_word' id='word_1_816' title='bbox 2313 5340 2569 5402; x_wconf 82' lang='lat' dir='ltr'><strong>Rossani</strong></span> <span class='ocrx_word' id='word_1_817' title='bbox 2627 5348 2814 5420; x_wconf 90' lang='lat' dir='ltr'><strong>parte,</strong></span> <span class='ocrx_word' id='word_1_818' title='bbox 2866 5347 2931 5401; x_wconf 90' lang='lat' dir='ltr'><strong>ut</strong></span> <span class='ocrx_word' id='word_1_819' title='bbox 2973 5338 3197 5420; x_wconf 85' lang='lat' dir='ltr'><strong>ibidem</strong></span> <span class='ocrx_word' id='word_1_820' title='bbox 3234 5337 3485 5420; x_wconf 78' lang='lat' dir='ltr'><strong>dicitur.</strong></span> <span class='ocrx_word' id='word_1_821' title='bbox 3519 5337 3704 5418; x_wconf 90' lang='lat' dir='ltr'><strong>Igitur</strong></span> 
     </span>
    </p>
   </div>
   <div class='ocr_carea' id='block_1_116' title="bbox 2050 5419 3700 5497">
    <p class='ocr_par' dir='ltr' id='par_1_116' title="bbox 2050 5419 3700 5497">
     <span class='ocr_line' id='line_1_117' title="bbox 2050 5419 3700 5497; baseline 0.001 -18"><span class='ocrx_word' id='word_1_822' title='bbox 2050 5425 2170 5479; x_wconf 93' lang='lat' dir='ltr'><strong>tum</strong></span> <span class='ocrx_word' id='word_1_823' title='bbox 2204 5420 2518 5497; x_wconf 86' lang='lat' dir='ltr'><strong>temporis,</strong></span> <span class='ocrx_word' id='word_1_824' title='bbox 2552 5419 2662 5482; x_wconf 87' lang='lat' dir='ltr'><strong>sub</strong></span> <span class='ocrx_word' id='word_1_825' title='bbox 2696 5422 2873 5482; x_wconf 89' lang='lat' dir='ltr'><strong>tinem</strong></span> <span class='ocrx_word' id='word_1_826' title='bbox 2922 5419 3202 5480; x_wconf 89' lang='lat' dir='ltr'><strong>nimirum</strong></span> <span class='ocrx_word' id='word_1_827' title='bbox 3252 5419 3452 5483; x_wconf 65' lang='lat' dir='ltr'><strong>saeculi</strong></span> <span class='ocrx_word' id='word_1_828' title='bbox 3480 5437 3542 5496; x_wconf 83' lang='lat' dir='ltr'><strong>x,</strong></span> <span class='ocrx_word' id='word_1_829' title='bbox 3578 5437 3700 5480; x_wconf 91' lang='lat' dir='ltr'><strong>non</strong></span> 
     </span>
    </p>
   </div>
   <div class='ocr_carea' id='block_1_117' title="bbox 2049 5499 3703 5581">
    <p class='ocr_par' dir='ltr' id='par_1_117' title="bbox 2049 5499 3703 5581">
     <span class='ocr_line' id='line_1_118' title="bbox 2049 5499 3703 5581; baseline 0 -21"><span class='ocrx_word' id='word_1_830' title='bbox 2049 5505 2176 5581; x_wconf 84' lang='lat' dir='ltr'><strong>erat</strong></span> <span class='ocrx_word' id='word_1_831' title='bbox 2203 5499 2724 5581; x_wconf 82' lang='lat' dir='ltr'><strong>archiepiscOpalis</strong></span> <span class='ocrx_word' id='word_1_832' title='bbox 2751 5502 3006 5564; x_wconf 82' lang='lat' dir='ltr'><strong>Rossani</strong></span> <span class='ocrx_word' id='word_1_833' title='bbox 3028 5500 3226 5579; x_wconf 90' lang='lat' dir='ltr'><strong>sedes,</strong></span> <span class='ocrx_word' id='word_1_834' title='bbox 3250 5518 3382 5581; x_wconf 90' lang='lat' dir='ltr'><strong>cum</strong></span> <span class='ocrx_word' id='word_1_835' title='bbox 3404 5500 3534 5580; x_wconf 88' lang='lat' dir='ltr'><strong>ejus</strong></span> <span class='ocrx_word' id='word_1_836' title='bbox 3553 5517 3703 5581; x_wconf 78' lang='lat' dir='ltr'><strong>prae-</strong></span> 
     </span>
    </p>
   </div>
   <div class='ocr_carea' id='block_1_118' title="bbox 2050 5578 3698 5673">
    <p class='ocr_par' dir='ltr' id='par_1_118' title="bbox 2050 5578 3698 5673">
     <span class='ocr_line' id='line_1_119' title="bbox 2050 5578 3698 5673; baseline 0.001 -33"><span class='ocrx_word' id='word_1_837' title='bbox 2050 5578 2157 5673; x_wconf 63' lang='lat' dir='ltr'><strong>sul-</strong></span> <span class='ocrx_word' id='word_1_838' title='bbox 2174 5578 2748 5673; x_wconf 45' lang='lat' dir='ltr'><strong>tannturrn&#39;episcopus</strong></span> <span class='ocrx_word' id='word_1_839' title='bbox 2778 5578 3272 5673; x_wconf 73' lang='lat' dir='ltr'><strong>hic__appelletur_,</strong></span> <span class='ocrx_word' id='word_1_840' title='bbox 3304 5578 3698 5673; x_wconf 65' lang='lat' dir='ltr'><strong>videaturque</strong></span> 
     </span>
    </p>
   </div>
   <div class='ocr_carea' id='block_1_119' title="bbox 2047 5658 3702 5742">
    <p class='ocr_par' dir='ltr' id='par_1_119' title="bbox 2047 5658 3702 5742">
     <span class='ocr_line' id='line_1_120' title="bbox 2047 5658 3702 5742; baseline 0.001 -22"><span class='ocrx_word' id='word_1_841' title='bbox 2047 5658 2233 5742; x_wconf 81' lang='lat' dir='ltr'><strong>fuisse</strong></span> <span class='ocrx_word' id='word_1_842' title='bbox 2256 5659 2318 5725; x_wconf 92' lang='lat' dir='ltr'><strong>S.</strong></span> <span class='ocrx_word' id='word_1_843' title='bbox 2354 5658 2656 5724; x_wconf 63' lang='lat' dir='ltr'><strong>Severinaé</strong></span> <span class='ocrx_word' id='word_1_844' title='bbox 2707 5662 2798 5725; x_wconf 91' lang='lat' dir='ltr'><strong>vel</strong></span> <span class='ocrx_word' id='word_1_845' title='bbox 2843 5658 3090 5725; x_wconf 78' lang='lat' dir='ltr'><strong>alterius</strong></span> <span class='ocrx_word' id='word_1_846' title='bbox 3137 5668 3301 5723; x_wconf 92' lang='lat' dir='ltr'><strong>certe</strong></span> <span class='ocrx_word' id='word_1_847' title='bbox 3348 5658 3702 5742; x_wconf 80' lang='lat' dir='ltr'><strong>metropolis</strong></span> 
     </span>
    </p>
   </div>
   <div class='ocr_carea' id='block_1_120' title="bbox 2048 5740 2477 5820">
    <p class='ocr_par' dir='ltr' id='par_1_120' title="bbox 2048 5740 2477 5820">
     <span class='ocr_line' id='line_1_121' title="bbox 2048 5740 2477 5820; baseline 0.002 -17"><span class='ocrx_word' id='word_1_848' title='bbox 2048 5740 2477 5820; x_wconf 77' lang='lat' dir='ltr'><strong>suifraganeus.</strong></span> 
     </span>
    </p>
   </div>
   <div class='ocr_carea' id='block_1_121' title="bbox 2052 5819 3701 5969">
    <p class='ocr_par' dir='ltr' id='par_1_121' title="bbox 2052 5819 3701 5969">
     <span class='ocr_line' id='line_1_122' title="bbox 2052 5819 3701 5969; baseline -0.001 -81"><span class='ocrx_word' id='word_1_849' title='bbox 2052 5823 2258 5969; x_wconf 63' lang='grc' dir='ltr'><strong>ϐ</strong></span> <span class='ocrx_word' id='word_1_850' title='bbox 2295 5821 2363 5887; x_wconf 86' lang='lat' dir='ltr'><strong>Id</strong></span> <span class='ocrx_word' id='word_1_851' title='bbox 2408 5830 2499 5889; x_wconf 89' lang='lat' dir='ltr'><strong>est</strong></span> <span class='ocrx_word' id='word_1_852' title='bbox 2545 5840 2793 5908; x_wconf 89' lang='lat' dir='ltr'><strong>cappam</strong></span> <span class='ocrx_word' id='word_1_853' title='bbox 2836 5841 2945 5889; x_wconf 89' lang='lat' dir='ltr'><strong>seu</strong></span> <span class='ocrx_word' id='word_1_854' title='bbox 2989 5821 3316 5904; x_wconf 81' lang='lat' dir='ltr'><strong>cucullum,</strong></span> <span class='ocrx_word' id='word_1_855' title='bbox 3364 5829 3434 5887; x_wconf 87' lang='lat' dir='ltr'><strong>ut</strong></span> <span class='ocrx_word' id='word_1_856' title='bbox 3500 5827 3590 5887; x_wconf 89' lang='lat' dir='ltr'><strong>est</strong></span> <span class='ocrx_word' id='word_1_857' title='bbox 3635 5819 3701 5886; x_wconf 88' lang='lat' dir='ltr'><strong>in</strong></span> 
     </span>
    </p>
   </div>
   <div class='ocr_carea' id='block_1_122' title="bbox 2102 5919 2282 5970">
    <p class='ocr_par' dir='ltr' id='par_1_122' title="bbox 2102 5919 2282 5970">
     <span class='ocr_line' id='line_1_123' title="bbox 2102 5919 2282 5970; baseline 0.017 -3"><span class='ocrx_word' id='word_1_858' title='bbox 2102 5919 2258 5968; x_wconf 86' lang='lat' dir='ltr'><strong>raeco</strong></span> <span class='ocrx_word' id='word_1_859' title='bbox 2267 5952 2282 5970; x_wconf 86' lang='lat'><strong>.</strong></span> 
     </span>
    </p>
   </div>
   <div class='ocr_carea' id='block_1_123' title="bbox 2409 5966 2445 5992">
    <p class='ocr_par' dir='ltr' id='par_1_123' title="bbox 2409 5966 2445 5992">
     <span class='ocr_line' id='line_1_124' title="bbox 2409 5966 2445 5992; baseline 0.028 -1"><span class='ocrx_word' id='word_1_860' title='bbox 2409 5966 2445 5992; x_wconf 70' lang='grc' dir='ltr'><strong>..ι</strong></span> 
     </span>
    </p>
   </div>
  </div>
