4182 6376
273 381 383 447 101

1513 384 1704 450 VITA
1746 384 1807 448 S.
1855 383 2024 450 NILI
2064 379 2442 450 IUNIORIS.

3558 387 3672 453 102

280 518 374 574 καὶ
431 516 799 599 εὴαριστίας,
874 516 1102 582 πίστεώς
1169 539 1228 575 τε
1295 517 1385 576 καὶ
1440 516 1650 583 ἐλπίδος
1724 515 1937 597 βεϐαίας

2034 515 2122 598 ιιιί
2152 534 2258 598 per
2289 514 2635 598 prophetam
2667 513 2853 577 dixit:
2889 514 3040 579 Nolo
3091 524 3343 581 mortem
3387 527 3669 600 peccato-

284 605 530 663 ἀπελθὼν
559 608 692 686 πρὸς
721 608 817 663 τὸν
867 607 1115 687 εἰρηκότα
1154 605 1239 663 διὰ
1294 617 1387 668 τοῦ
1418 609 1694 689 προφήτου
1727 625 1744 643 θ
1812 627 1837 663 α
1874 611 1945 666 Οὔ

282 693 428 751 θέλω
455 697 548 752 τὸν
598 696 825 753 θάνατον
878 702 972 752 τοῦ
1023 695 1357 777 ἀελαρτωλοῦ,
1413 698 1488 762 ὡς
1543 699 1606 754 τὸ
1636 694 1946 777 ἐπιπρέψαι

286 785 382 841 καὶ
408 790 564 856 ζῆσαι
594 784 752 841 αὒτὸν
781 785 930 856 ζωὴν
957 784 1057 851 τὴν
1078 784 1314 847 αἰώνιον.
1346 809 1375 842 ι

374 862 476 945 vf,"
534 873 681 929 Μετᾶ
735 871 793 930 δὲ
848 876 913 930 τὸ
960 877 1317 953 ,κατατεθῆναι
1362 876 1427 933 τὸ
1476 881 1631 953 σῶμα
1680 878 1836 935 αὐτοῦ
1890 874 1944 933 ἒν

292 968 374 1035 τῷ
404 961 740 1041 μοναστηρίῳ
792 967 893 1029 τῆς
954 951 1132 1040 Ἆγίας
1188 951 1689 1031 ,.K‘Iaﬂ16{1;VTﬁC
1747 962 1945 1042 παρθέ-

294 1071 410 1121 νου,
467 1048 819 1129 προσέρχεται
868 1056 947 1124 τῷ
1001 1051 1258 1126 θεσπεσίῳ
1317 1053 1480 1131 Πατρὶ
1532 1054 1561 1109 ὁ
1609 1053 1781 1131 ῥηθεὶς
1831 1074 1945 1127 μη-

295 1135 612 1216 τροπολίτης
679 1136 1032 1195 ὑποδεικνύων
1130 1142 1271 1214 αὒτῷ
1338 1140 1438 1207 τὴν
1508 1149 1604 1198 τοῦ
1672 1137 1948 1217 βασιλικοῦ

297 1223 554 1295 διαθήκην
587 1242 601 1256 ⁸
662 1225 718 1281 ἐν
786 1230 825 1304 ᾗ
880 1236 973 1285 τοῦ
1021 1247 1078 1282 τε
1132 1226 1279 1303 πάσῃ
1323 1234 1519 1306 κινητῇ
1572 1229 1658 1285 καὶ
1713 1228 1948 1302 ἀκινήτῳ

300 1315 458 1370 αὐτοῦ
507 1313 791 1394 ὑποστάσει
860 1314 1139 1394 ἐπίτροπον
1206 1316 1294 1372 καὶ
1345 1313 1607 1384 δεσπότην
1657 1316 1748 1372 τόν
1802 1313 1948 1372 ὅσιον

294 1398 644 1480 διεγράψατο,
679 1386 876 1482 Ἦνπερ
931 1386 1251 1479 θεασάμενος
1300 1406 1328 1461 ὁ
1385 1405 1667 1486 μακάριος,
1717 1405 1807 1461 καὶ
1848 1404 1949 1471 τὴν

292 1489 350 1546 ἐν
406 1490 628 1554 ἐκείνοις
682 1504 802 1556 τοῖς
858 1492 1164 1571 πράγμασιν
1222 1492 1484 1573 ἀσχολίαν
1542 1491 1738 1573 παγίδα
1806 1493 1948 1549 εἶναι

286 1580 386 1635 καὶ
418 1578 624 1660 χλεύην
670 1587 763 1638 τοῦ
818 1578 1063 1637 διαϐόλου
1114 1583 1472 1663 κατανοήσας,
1531 1582 1707 1640 πάντα
1734 1580 1949 1661 ἐπιτρέ-

289 1671 408 1743 ψας
455 1676 537 1744 τῷ
591 1671 732 1745 αὖτῷ
774 1668 1130 1749 μετροπολίτῃ
1184 1667 1399 1751 δικαίωρ
1454 1673 1823 1751 οἰκονομῆσαι,
1876 1672 1950 1733 ὥς

2025 604 2133 687 ris,
2184 624 2360 745 (ἔρωτι
2407 612 2470 668 ιιι
2525 612 2907 669 convertatur
2957 614 3017 669 et
3060 606 3235 670 vitam
3287 607 3437 670 vivat
3485 617 3665 672 aeter-

2027 713 2162 745 nam
2268 744 2274 745 ,
2314 720 2343 745 ι

2027 713 2165 756 nam
2194 713 2277 758 44.
2314 720 2343 753 n

2110 875 2208 939 57.
2242 875 2557 958 Postquam
2613 893 2828 957 corpus
2876 875 3004 956 ejus
3059 873 3392 957 depositum
3453 874 3560 938 fuit
3609 875 3672 938 in

2029 965 2388 1027 monasterio
2417 972 2635 1026 sanctae
2665 964 2908 1043 virginis
2935 964 3280 1038 Anastasiae,
3318 965 3571 1028 accessit
3594 965 3669 1027 ad

2027 1056 2428 1118 venerandum
2460 1056 2692 1117 Patrem
2728 1056 3122 1137 metropolita,
3177 1074 3352 1136 quem
3384 1056 3666 1131 diximus,

2029 1163 2296 1226 proregis
2328 1153 2737 1207 testamentem
2770 1144 3110 1219 ostendi-ns,
3162 1145 3222 1207 in
3254 1164 3370 1226 quo
3404 1145 3669 1207 omnium

2028 1233 2130 1296 ille
2161 1234 2452 1296 bonorum
2483 1253 2723 1297 suorum
2786 1234 3096 1296 mobilium
3150 1234 3668 1316 immobiliumque

2029 1331 2360 1385 curatorem
2387 1331 2446 1384 et
2474 1323 2783 1384 dominum
2818 1324 3136 1403 scripserat
3152 1331 3419 1385 sanctum
3453 1323 3669 1386 virum.

2031 1409 2200 1483 Quod
2230 1411 2358 1491 ipse
2385 1410 2590 1473 videns
2622 1419 2680 1472 et
2709 1410 3083 1490 negotiorum
3116 1410 3458 1490 hujusmodi
3488 1430 3673 1473 occu-

2033 1500 2355 1580 pationem,
2430 1498 2650 1561 diaboli
2708 1500 2982 1581 laqueum
3055 1506 3114 1561 et
3169 1499 3488 1561 ludibrium
3541 1517 3675 1561 esse

2031 1588 2391 1669 intelligens,
2422 1588 2616 1651 eidem
2675 1588 3065 1669 metropolitse
3113 1588 3417 1650 tractanda
3473 1587 3675 1650 omnia

2027 1676 2188 1757 juste
2221 1677 2510 1759 permisit,
2561 1684 2835 1758 tanquam
2888 1677 3184 1740 rationem
3239 1677 3547 1739 reddituro
3600 1677 3676 1738 de

293 1763 377 1831 τῷ
437 1758 504 1813 τὰ
548 1757 723 1814 πάντα
779 1758 1030 1840 ἐφερῶντι
1088 1765 1203 1833 Θεῷ
1271 1758 1598 1817 ἀποδώσοντι
1667 1760 1766 1827 τὴν
1834 1760 1951 1838 περὶ

2034 1765 2154 1828 illis
2182 1757 2519 1846 inspicienti
2563 1757 2763 1828 omnia
2807 1765 2964 1828 Deo:
3022 1766 3152 1847 ipse
3198 1784 3335 1828 vero
3387 1764 3449 1826 in
3502 1784 3675 1827 suum

296 1847 500 1903 τούτων
559 1845 875 1927 ἀπολογίαν,
926 1848 1081 1911 αὐτὸς
1135 1849 1195 1904 τὸ
1254 1849 1453 1905 οἰκεῖον
1505 1845 1768 1905 κατέλαϐε
1815 1869 1951 1922 μον-

302 1936 577 2014 αστῆριον,
654 1938 823 2012 ἑαυτῷ
890 1936 1198 2017 προσέχων,
1268 1938 1356 1993 καὶ
1414 1944 1493 2013 τῷ
1544 1944 1659 2012 Θεῷ
1714 1958 1951 2017 προσαν-

310 2023 479 2103 έχων,
529 2026 614 2082 καὶ
673 2024 985 2101 πειθόμενος
1055 2038 1172 2089 τοῖς
1244 2025 1416 2102 ἁγίοις
1487 2024 1737 2105 ἀγγέλοις
1808 2029 1953 2099 αὒτῷ

310 2113 613 2191 παραινοῦσί
637 2135 696 2170 τε
747 2115 837 2171 καὶ
887 2112 1127 2191 λέγωσιν
1162 2129 1177 2145 ⁸
1245 2137 1272 2169 α
1333 2116 1730 2174 Μεταναστεύου
1772 2114 1858 2171 ἐπὶ
1886 2114 1952 2170 τὰ

307 2199 409 2280 ὁξοη
440 2203 513 2265 ὡς
568 2204 853 2283 στρουθίον,
893 2226 918 2259 υ
984 2202 1066 2261 ὅτι
1122 2200 1230 2260 ἰδοὺ
1281 2206 1327 2260 οἱ
1380 2202 1433 2270 ἐξ
1462 2206 1616 2280 ἡμῶν
1646 2202 1952 2284 ἁμαρτωλοὶ

302 2289 563 2346 ἐνέτειναν
629 2290 802 2372 τόξον,
874 2291 974 2359 τὴν
1040 2296 1144 2349 τῶν
1222 2292 1560 2372 ἀνθρωπίνων
1623 2293 1949 2372 πραγμάτων

297 2377 611 2455 ἐπιμέλειαν
680 2382 769 2437 καὶ
832 2377 1099 2461 φροντίδα,
1182 2382 1271 2437 καὶ
1337 2382 1632 2457 ἡτοίμασαν
1688 2379 1820 2458 βέλη
1877 2382 1952 2445 εἷς

295 2467 587 2549 φαρέτραν,
643 2470 711 2526 τὰ
775 2476 845 2547 τῇ
912 2468 1115 2543 διανοίᾳ
1159 2473 1332 2528 αὐτῶν
1378 2468 1786 2547 ἐναποτιθέμενα
1842 2493 1951 2527 πο-

294 2558 437 2636 νηρὲ
492 2555 827 2634 βουλεύματα
879 2559 968 2615 καὶ
1038 2555 1389 2639 διανοήμανα,
1447 2556 1538 2639 ἀφ’
1586 2561 1665 2616 ὦ)
1718 2579 1953 2615 κατατο-

297 2643 475 2710 ξεῦσαι
532 2645 588 2702 ἐν
646 2647 957 2724 σκοτομήνῃ
1012 2645 1347 2723 βουλεύονται
1394 2650 1443 2704 οἱ
1497 2645 1782 2727 ἀλάστορες
1831 2648 1953 2711 τοὺς

298 2735 472 2799 εὖθεϊς
523 2741 595 2811 τῇ
911 2745 1015 2795 Τοῦ
1070 2736 1239 2793 τοίνυν
1290 2735 1576 2813 θαυμασίου
1633 2739 1835 2817 Πατρὸς
1886 2742 1955 2814 τῇ

298 2829 582 2904 προσευχῇ
608 2824 697 2881 καὶ
723 2829 791 2902 τῇ
846 2821 1046 2899 διανοίᾳ
1090 2831 1184 2883 τοῦ
1243 2823 1407 2904 λόγου
1464 2825 1598 2902 μετὰ
1643 2831 1748 2882 τῶν
1790 2822 1951 2881 ἀδελ-

295 2918 412 2993 ιρῶν
480 2912 738 2994 φιλοθέως
807 2921 1343 2995 προσκαρτεροῦντος,
1422 2913 1637 2996 ἔρχεταί
1690 2937 1771 2979 τις
1820 2916 1951 2995 πρὸς

296 3004 461 3059 αὒτὸν
516 3002 912 3082 στρατηλάτης,
990 3003 1316 3068 Πολυευκτος
1384 3002 1638 3081 τοῦνομα,
1692 3003 1798 3061 ἀπὸ
1851 3008 1951 3071 τῆς

297 3112 586 3167 παροικιας
636 3089 994 3152 Μεσουϐιάνου
1044 3098 1146 3161 τῆς
1201 3090 1521 3173 Καλαϐρίας,
1593 3092 1764 3174 φέρων
1837 3089 1951 3169 μεθ’

2034 1873 2099 1917 se
2127 1855 2376 1917 contulit
2404 1854 2853 1930 monasterium,
2906 1854 3022 1917 sibi
3071 1854 3384 1917 attendens
3433 1853 3677 1935 Deoque

2033 1962 2250 2006 vacans
2275 1953 2332 2005 et
2361 1944 2584 2007 sanctis
2629 1944 2855 2023 angelis
2903 1945 3171 2019 audiens,
3208 1942 3580 2005 hortantibus
3610 1962 3679 2005 ac

2034 2031 2403 2096 dicentibus:
2465 2032 2853 2110 Transmigra
2904 2032 2965 2094 in
3023 2039 3255 2094 montes
3329 2032 3482 2093 sicut
3540 2050 3678 2112 pas-

2033 2139 2133 2183 ser
2158 2122 2252 2194 ‘5;
2277 2122 2555 2203 quoniam
2588 2140 2752 2199 ecce,
2784 2121 2884 2202 qui
2914 2122 2989 2184 de
3020 2121 3193 2183 nobis
3224 2130 3364 2184 sunt
3395 2128 3675 2202 peccato-

2032 2228 2155 2286 res,
2170 2210 2554 2273 intenderunt
2571 2230 2797 2284 arcum,
2814 2229 3015 2273 rerum
3030 2210 3262 2274 scilicet
3277 2210 3673 2272 humanarum

2035 2299 2510 2381 procurationem
2560 2311 2623 2362 et
2669 2298 3162 2375 sollicitudinem,
3219 2306 3277 2360 et
3327 2306 3681 2380 paraverunt

2034 2388 2278 2468 sagittas
2320 2389 2382 2450 in
2432 2390 2729 2469 pharetra,
2790 2405 2966 2469 prava
3011 2386 3293 2449 videlicet
3340 2386 3589 2448 consilia
3620 2388 3680 2449 et

2034 2476 2442 2556 cogitationes,
2463 2496 2607 2558 quas
2624 2477 2684 2539 in
2707 2485 2964 2538 mentem
2980 2474 3326 2555 immittunt,
3342 2473 3680 2556 quibusque

2032 2565 2095 2628 in
2126 2566 2378 2631 obscuro
2408 2575 2603 2628 rectos
2628 2566 2808 2629 corde
2856 2565 3134 2645 sagittare
3163 2564 3375 2627 nefarii
3404 2564 3673 2626 student.
3746 2602 3759 2606 ι

2037 2654 2182 2718 Cum
2215 2657 2412 2737 itaque
2441 2654 2826 2717 admirandus
2850 2654 2939 2715 vir
2987 2660 3145 2715 totus
3194 2661 3355 2716 esset
3385 2672 3518 2715 cum
3549 2653 3677 2713 fra-

2036 2744 2226 2807 tribus
2271 2746 2334 2806 in
2393 2745 2662 2807 oratione
2714 2745 3129 2823 sermonisque
3173 2742 3269 2824 pio
3319 2742 3677 2818 ministerio,

2035 2834 2151 2897 dux
2180 2834 2418 2916 quidam
2452 2835 2745 2897 exercitus
2793 2834 2955 2896 venit
3000 2832 3075 2895 ad
3131 2851 3291 2914 eum,
3325 2833 3678 2914 Polyeuctus

2034 2924 2303 2999 nomine,
2327 2942 2361 3000 e
2384 2924 2627 3004 regione
2648 2921 2976 2989 Mesubiani
2998 2921 3126 3004 (47)
3144 2920 3452 3003 Calabriae,
3472 2938 3680 2985 secum

2033 3012 2259 3075 ducens
2312 3014 2500 3076 ﬁlium
2555 3032 2726 3076 suum
2803 3010 3171 3094 nequissimo
3241 3010 3512 3074 daemone
3568 3030 3680 3093 op-

2036 3121 2329 3184 pressum.
2390 3102 2715 3167 Procidens
2770 3102 2952 3183 igitur
3004 3100 3077 3163 ad
3132 3099 3314 3175 pedes
3360 3100 3521 3163 beati
3562 3104 3678 3165 Pa-

306 3181 488 3241 ἒαυτοῦ
554 3183 646 3239 τὸν
695 3184 808 3239 υἱὸν
876 3184 1036 3242 αὐτοῦ
1082 3182 1448 3264 κατεχόμενον
1503 3183 1606 3240 ὁπὸ
1646 3179 1952 3262 σφοδρωτά-

2034 3179 2139 3255 tris
2189 3192 2456 3272 rogabat,
2520 3205 2588 3255 ut
2634 3179 3047 3254 misericordia
3102 3190 3470 3267 ﬂecteretur,
3531 3209 3678 3252 suo-

308 3289 397 3328 του
451 3268 695 3347 δαίμονος
748 3272 1069 3350 Προσπεσὼν
1123 3271 1211 3330 οὗν
1277 3272 1421 3352 παρά
1464 3271 1585 3333 τοὺς
1642 3267 1806 3334 πόδας
1864 3275 1957 3327 τοῦ

305 3360 562 3438 μακαρίου
632 3362 839 3440 [ἰατρὸς
909 3359 1196 3441 παρεκάλει
1266 3362 1424 3420 αὐτὸν
1492 3358 1956 3440 σπλαγχνισθῆναι

306 3445 392 3504 ἐπ’
421 3448 587 3525 αὐτῷ,
618 3451 707 3506 καὶ
762 3447 981 3517 ἐλεῆσαι
1033 3452 1126 3509 τὸν
1182 3452 1292 3507 υἱὸν
1347 3451 1528 3524 αὐτοῦ,
1573 3446 1871 3516 ἀπαλλάξαι
1898 3468 1957 3505 τε

309 3536 464 3593 αὸτὸν
484 3549 580 3597 τοῦ
597 3536 768 3597 δεινοῦ
794 3540 1117 3616 πνεύματος.

387 3616 496 3693 νηί
532 3618 593 3685 Ὀ
648 3625 705 3683 δὲ
760 3624 926 3691 ὄντως
977 3630 1088 3692 υἱὸς
1133 3634 1233 3697 τῆς
1290 3628 1720 3710 χριστομιμήτου
1759 3647 1954 3684 ταπει-

311 3715 628 3795 νοφροσύνης
711 3716 1026 3797 ἀπεκρίνατο
1119 3719 1251 3798 πρὸς
1349 3718 1503 3774 αὑτὸν
1539 3732 1553 3748 ⁸
1644 3718 1953 3791 Πίστευσον,

305 3803 569 3887 ἄνθρωπε,
640 3802 723 3861 ὅτι
794 3803 1043 3863 οὐδέποτε
1100 3803 1436 3888 παρεκάλεσα
1494 3806 1585 3863 τὸν
1667 3807 1798 3863 Θεὸν
1864 3809 1956 3861 τοῦ

298 3890 639 3972 δωρήσασθαι
867 3893 1182 3951 ταπεινώσει
1272 3916 1374 3971 μου
1460 3893 1620 3974 χάριν
1688 3892 1950 3970 ἰαμάτων,

296 3982 337 4051 ἢ
391 3988 645 4062 πονηρῶν
701 3983 1014 4060 πνευμάτων
1070 3981 1371 4055 ἀποσοϐήν.
1439 3981 1568 4041 Εἴτε
1636 3989 1742 4041 τῶν
1811 3980 1954 4039 πολ-

297 4071 412 4130 λῶν
484 4095 586 4146 μου
660 4073 1058 4153 ἁμαρτημάτων
1111 4070 1365 4149 δυναίμην
1422 4072 1743 4152 συγγνώμην
1797 4072 1957 4143 αἰτή-

299 4166 494 4220 σασθαι
562 4163 656 4219 τὸν
726 4164 881 4243 Θεὸν,
937 4163 1026 4219 καὶ
1081 4160 1398 4241 ἀπαλλαγὴν
1457 4168 1563 4218 τῶν
1618 4161 1699 4219 ἀεὶ
1753 4181 1955 4241 παρεν-

298 4250 615 4331 οχλούντων
643 4271 713 4327 με
738 4256 986 4331 πονηρῶν
1040 4248 1335 4329 λογισμῶν.
1393 4256 1553 4330 Δεῦρο
1598 4251 1769 4308 τοίνυν
1800 4250 1955 4313 αὐτὸς

2038 3301 2156 3383 que
2227 3283 2348 3347 ﬁlio
2419 3302 2594 3365 opem
2657 3282 2863 3358 ferret,
2924 3279 3177 3361 depulso
3236 3280 3491 3360 maligno
3552 3280 3681 3362 spi-

2035 3379 2177 3436 ritu.

2119 3618 2219 3681 58.
2254 3613 2360 3679 Ille
2388 3634 2711 3695 germanus
2741 3614 2920 3695 plane
2968 3611 3325 3677 humilitatis
3373 3611 3678 3676 Christum

2036 3706 2325 3771 imitantis
2354 3706 2509 3768 ﬁlius
2537 3704 2878 3786 respondit:
2901 3705 3240 3784 Nunquam,
3268 3702 3438 3780 mihi,
3475 3702 3677 3779 crede,

2037 3797 2241 3877 rogavi
2268 3794 2607 3870 Dominum,
2639 3803 2703 3856 ut
2736 3812 2883 3855 mea;
2909 3792 3187 3857 tenuitati
3230 3793 3481 3855 donaret
3507 3809 3683 3853 cura-

2036 3887 2264 3949 tionum
2281 3884 2672 3966 gratiam,aut
2691 3883 3002 3965 spirituum
3043 3882 3437 3963 malignorum
3479 3881 3687 3962 depul-

2041 3977 2292 4039 sionem.
2307 3972 2539 4038 Utinam
2562 3973 2887 4054 impetrare
2899 3992 2932 4035 a
2953 3972 3074 4035 Deo
3103 3990 3339 4052 possem
3361 3971 3681 4033 multorum
3791 4044 3796 4049 θ

2039 4082 2309 4128 meorum
2334 4063 2567 4127 veniam
2597 4071 2975 4145 peccatorum
3033 4070 3093 4124 et
3149 4060 3392 4123 liberari
3420 4079 3455 4121 a
3486 4059 3682 4141 pravis

2040 4153 2516 4235 cogitationibus,
2552 4172 2682 4234 quae
2709 4151 2858 4215 mihi
2901 4151 3159 4214 assuduo
3190 4150 3456 4212 molestae
3484 4157 3623 4211 sunt
3659 4147 3673 4211 !

2037 4246 2173 4326 Ipse
2203 4252 2263 4305 tu
2295 4241 2483 4323 magis
2511 4260 2617 4324 pro
2648 4260 2744 4305 me
2792 4242 2865 4305 ad
2908 4241 3097 4303 Deum
3126 4258 3336 4322 preces
3365 4237 3677 4315 effundite,

302 4326 675 4417 παρακάλεσον
731 4342 822 4397 τὸν
883 4326 1022 4397 Θεὸν
1091 4326 1293 4415 μᾶλλον
1346 4326 1674 4420 ὑπὲρέμοῦ,
1736 4336 1948 4420 ἀδελφὲ,

2034 4333 2237 4413 frater,
2262 4330 2319 4420 isi
2346 4331 2496 4393 forte
2524 4329 2769 4420 liberari
2788 4347 3015 4420 queam
3042 4347 3076 4391 a
3107 4326 3678 4420 multiscircumob-

306 4428 478 4494 εἴπως
534 4428 600 4486 ἂν
637 4430 842 4508 ῥυθείην
888 4435 996 4487 τῶν
1049 4427 1503 4509 περικυκλούντων
1550 4449 1618 4504 με
1670 4425 1952 4504 δαιμονίων

302 4516 542 4579 πολλων.
609 4509 667 4577 Ὀ
692 4520 823 4599 *γὰρ
892 4518 986 4582 σὸς
1055 4518 1164 4581 υἱὸς
1237 4518 1290 4575 ἓν
1348 4513 1618 4593 δαιμόνιον
1669 4513 1811 4595 ἔχει,
1866 4515 1954 4571 καὶ

304 4609 435 4666 ωότὸ
461 4606 747 4683 ἀκουσίως,
778 4605 915 4671 ἴσως
971 4604 1027 4661 δὲ
1080 4606 1169 4661 καὶ
1221 4606 1354 4684 πρὸς
1402 4604 1667 4685 σωτηρίαν
1696 4608 1796 4671 τῆς
1823 4601 1956 4667 ίδίας

308 4701 519 4777 ψυχῆς,
578 4695 692 4753 εἴτε
740 4697 876 4777 πρὸς
942 4694 1351 4775 παρῳχηκότων
1406 4692 1807 4773 ἁμαρτημάτων
1861 4691 1957 4748 ἐκ-

304 4784 583 4866 λύτρωσιν,
637 4785 749 4842 εἴτε
802 4788 892 4842 καὶ
941 4786 1074 4863 πρὸς
1133 4782 1437 4861 μελλόντων
1483 4783 1780 4853 ἀνακοπήν,
1815 4778 1960 4861 Ἐγὼ

304 4872 360 4931 δὲ
388 4882 463 4951 τῇ
513 4874 623 4951 ἐμῇ
675 4875 895 4954 ῥᾳθυμίᾳ
950 4874 1039 4930 καὶ
1094 4871 1315 4949 ἀμελείᾳ
1370 4868 1488 4930 καθ’
1543 4871 1774 4938 ἑκάστην
1833 4868 1959 4929 δου-

300 4960 502 5037 λοῦμαι
532 4959 742 5043 χιλιτῖωι
789 4982 848 5018 τε
898 4962 987 5018 καὶ
1043 4961 1257 5041 μυριάσι
1317 4959 1583 5037 δαιμόνων
1638 4961 1773 5039 πρὸς
1801 4957 1960 5015 ἀπω-

300 5051 454 5108 λειαν
483 5057 584 5119 τῆς
641 5055 826 5133 ψυχῆς
884 5071 1013 5126 μου.
1072 5055 1247 5107 Ταῦτα
1303 5049 1487 5130 εἰπὼν,
1546 5049 1635 5105 καὶ
1661 5049 1961 5126 ὑπαναχω-

306 5143 476 5222 pica;
563 5143 773 5223 μικρὸν,
852 5138 1154 5218 ἀπέκρυψεν
1247 5138 1430 5197 ἑαυτὸν
1515 5135 1720 5216 ἡμέρας
1788 5137 1958 5214 τινὰς,

382 5312 450 5363 44
473 5309 689 5377 Ezech.
720 5327 933 5388 xum,
968 5307 1067 5372 ll.
1149 5306 1214 5360 45
1241 5304 1398 5374 Psal.
1423 5322 1490 5386 X,
1516 5305 1578 5369 2.

2034 4419 2369 4484 sidentibus
2398 4438 2496 4482 me
2525 4418 2915 4482 daemonibus.
2950 4421 3103 4486 Nam
3135 4426 3271 4480 tuus
3311 4416 3466 4478 ﬁlius
3496 4434 3680 4477 unum

2035 4509 2215 4574 habet
2243 4508 2622 4586 daemonium,
2652 4509 2833 4590 idque
2862 4527 2983 4570 non
3008 4524 3115 4570 sua
3170 4514 3406 4588 sponte,
3436 4506 3682 4568 fortasse

2033 4617 2176 4662 vero
2206 4598 2279 4660 ad
2300 4598 2549 4661 salutem
2572 4598 2807 4681 animae,
2838 4598 2962 4661 sive
2993 4597 3068 4659 ob
3100 4598 3536 4678 praeteritorum
3568 4613 3683 4658 exe

2040 4687 2365 4770 piationem
2396 4687 2740 4763 criminum,
2773 4686 2896 4749 sive
2910 4685 2985 4748 ob
3009 4686 3223 4761 futura,
3259 4684 3331 4746 ad
3365 4683 3682 4748 cautelam.

2039 4776 2161 4856 Ego
2203 4794 2341 4838 vero
2398 4776 2462 4838 in
2508 4776 2759 4856 segnitie
2807 4784 2867 4839 et
2913 4775 3187 4838 socordia
3235 4791 3369 4836 mea
3416 4772 3685 4854 quotidie

2042 4864 2676 4947 subjiciorinnumeris
2704 4865 3039 4927 daemonum
3074 4863 3261 4945 copiis
3291 4863 3352 4925 in
3406 4861 3688 4944 perditio-

2041 4973 2181 5019 nem
2212 4955 2426 5017 anima:
2453 4974 2623 5020 meae.
2648 4956 2759 5018 Hic
2782 4954 2978 5025 dictis,
3032 4954 3272 5031 paulum
3310 4970 3375 5014 se
3407 4950 3686 5013 subduxit

2045 5051 2104 5108 et
2133 5062 2241 5126 per
2268 5044 2400 5106 dies
2430 5045 2656 5127 aliquot
2675 5045 2865 5123 latuit,
2892 5043 3111 5106 veritus
3130 5061 3227 5119 ne,
3252 5043 3302 5104 si
3331 5041 3688 5104 liberaretur

2045 5151 2370 5217 oppressus
2398 5150 2433 5198 a
2461 5134 2757 5213 daemone,
2790 5134 2947 5196 fama
2999 5151 3107 5216 per
3150 5139 3332 5195 totam
3386 5137 3692 5194 emanaret

1713 5480 1963 5547 Joannis
1990 5484 2115 5551 Clei
2146 5492 2319 5549 notae.

390 5618 515 5697 (47)
557 5618 811 5683 Sirletus
837 5611 1050 5708 _habet
1099 5607 1441 5705 Mesiriqnf.
1472 5604 1540 5669 In
1569 5604 1803 5751 maps?
1830 5624 1968 5750 ἷεοο
2049 5605 2373 5700 ulterioriq

390 5699 592 5751 mhinia
643 5702 899 5751 immmo
960 5709 1182 5751 uacum
1257 5688 1527 5751 Μωδαηο
1580 5705 1645 5749 ιιι
1781 5687 1837 5751 la
1879 5705 1970 5751 na
2053 5686 2373 5751 distantem

312 5685 592 5783 graphicis
641 5695 899 5766 invenio
959 5709 1182 5777 pagum
1257 5688 1527 5755 Μιδέαηο
1580 5685 1645 5749 in

2049 5605 2320 5689 ulteriori
2345 5605 2551 5689 quinto
2604 5606 2847 5671 milliari
2892 5624 3100 5672 versus
3148 5606 3446 5672 orientem
3496 5604 3696 5669 Mileto
