4182 6410
494 398 609 465 103

490 619 690 700 quiete
746 621 963 682 vivere.
1021 623 1096 683 At
1150 617 1504 697 Polyeuctus
1564 612 1680 674 ﬁde
1738 621 1796 675 et
1853 630 1982 700 spe,
2034 628 2137 700 cor

487 697 657 768 suum
675 707 948 768 muniens
963 704 1291 768 nonabibat
1314 722 1346 765 e
1377 704 1762 776 monasterio,
1791 697 2134 779 sedjejunio

488 813 557 857 se
587 795 884 875 affligebat
914 803 971 857 et
1000 813 1136 856 cum
1169 791 1440 873 lacrymis
1488 789 1755 851 dicebat:
1809 787 1937 849 Non
1963 804 2134 848 rece-

486 883 621 946 dam
655 883 814 957 hinc,
851 883 1041 944 donec
1070 881 1227 943 ﬁlius
1290 897 1459 940 meus
1502 886 1765 940 curetur.
1818 875 2136 956 Perspecta

486 971 696 1035 beatus
723 972 806 1034 vir
832 972 1113 1053 praeclara
1136 971 1265 1050 ejus
1289 969 1406 1029 ﬁtle
1431 975 1489 1029 et
1516 965 1821 1047 patientia,
1857 965 2139 1026 misertus

489 1067 579 1121 est
623 1060 806 1140 ipsius
854 1068 911 1121 et
961 1059 1089 1132 ﬁlii,
1142 1073 1541 1136 reversusque
1592 1055 1651 1114 in
1712 1053 2137 1140 monasterium

487 1139 687 1208 secum
714 1146 844 1226 ipse
876 1164 1002 1208 rem
1035 1144 1288 1224 graviter
1310 1145 1509 1204 ferens
1546 1141 1779 1203 aiebat:
1814 1140 1964 1213 Quid
1998 1139 2140 1203 huic

485 1232 713 1295 homini
744 1232 977 1309 faciam,
1028 1232 1276 1310 ignoro;
1334 1249 1471 1292 nam
1526 1239 1583 1291 et
1634 1236 1863 1301 sanato,
1925 1241 2137 1290 etnon

485 1330 686 1383 sanato
712 1323 838 1401 ejus
862 1321 1004 1401 ﬁlio,
1035 1321 1312 1400 utrinque
1358 1318 1532 1380 nobis
1569 1317 1802 1379 vexatio
1836 1316 2132 1378 imminet.

485 1410 772 1473 Caeterum
795 1409 953 1471 nullo
976 1410 1152 1471 modo
1177 1427 1381 1490 passus
1402 1408 1494 1469 vel
1520 1406 1740 1468 intueri
1779 1422 2133 1486 oppressum

484 1517 517 1560 a
542 1498 833 1580 daemone,
867 1507 1133 1560 vocatum
1168 1495 1530 1559 sacerdotali
1553 1495 1763 1557 ordine
1786 1495 2130 1574 fungentem

476 1586 650 1666 jubet
697 1587 785 1648 ire
831 1588 894 1647 in
937 1585 1288 1661 oratorium,
1340 1593 1400 1646 et
1428 1584 1575 1646 fusis
1617 1602 1799 1665 super
1847 1592 2132 1662 aegrotum

482 1675 783 1757 precibus,
817 1693 1041 1756 ungere
1063 1675 1229 1737 illum
1251 1675 1323 1737 de
1345 1675 1478 1736 oleo
1502 1673 1818 1755 lampadis,
1846 1690 1915 1734 ac
1940 1671 2136 1734 dimit-

480 1770 633 1826 tere.
824 1776 833 1784 '

1991 382 2351 457 ANONYMI

487 529 792 610 regionem
824 536 883 591 et
911 528 1026 592 sibi
1080 548 1199 591 non
1250 525 1699 607 permitteretur
1741 522 1802 585 in
1851 523 1982 586 loco
2015 522 2117 584 illo

2217 520 2448 586 ἲεδοικὼς

2148 1767 2329 1828 Βσθαι
2399 1773 2491 1827 τὸν
2561 1773 3062 1849 πνευματιζόμενον,
3137 1770 3365 1836 καλέσας
3422 1774 3511 1829 τὸν
3575 1777 3675 1839 τῆς

3764 394 3886 459 104

2540 523 2615 598 μή
2700 543 2816 586 πως
2902 521 3136 588 ἶαθέντος
3257 530 3350 580 τοῦ
3447 522 3881 601 δαιμονιζομένου

2216 608 2409 675 ἐξέλθοι
2439 611 2474 675 ἡ
2505 611 2661 690 φήμη
2718 608 2836 667 καθ’
2883 609 3016 677 ὅλης
3071 615 3170 678 τῆς
3203 612 3410 691 χώρας,
3445 613 3533 668 καὶ
3564 612 3657 669 οὒκ
3686 612 3870 668 ἐάσω-

2217 721 2299 754 σιν
2348 698 2505 754 αὒτὸν
2534 700 2801 777 ἠρεμῆσαι
2859 698 2912 756 ἐν
2967 707 3046 774 τῷ
3099 700 3248 774 τόπῳ
3305 700 3511 776 ἐκείνῳ.
3569 691 3626 758 Ὀ
3680 698 3734 757 δὲ
3766 707 3878 757 Ποι-

2216 785 2463 850 λύευκτος
2492 787 2892 868 κατωχυρώσας
2951 788 3108 847 αὒτοῦ
3164 791 3261 855 τὴν
3310 787 3523 869 καρδίαν
3579 796 3647 866 τῇ
3700 791 3879 846 πίστει

2216 877 2304 931 καὶ
2367 881 2435 952 τῇ
2494 874 2684 950 ἐλπίδι,
2753 875 3068 957 διεκαρτέρει
3143 876 3198 932 ἐν
3252 884 3328 953 τῷ
3389 880 3727 958 μοναστηρίῳ
3783 902 3882 945 νη-

2220 963 2416 1019 σεεύων
2474 965 2562 1020 καὶ
2630 965 3082 1044 κοκουχούμενος,
3156 963 3328 1044 λέγων
3396 966 3530 1041 μετά
3585 964 3819 1045 δακρύων
3858 985 3876 999 ⁸

2222 1051 2330 1108 Οὔκ
2357 1050 2697 1131 ἀναχωρήσω
2718 1063 2811 1111 τοῦ
2839 1050 2964 1127 ὦδε,
3015 1053 3116 1117 ἕως
3166 1056 3225 1110 οὗ
3280 1056 3307 1111 6
3363 1057 3470 1118 υἱὸς
3525 1077 3626 1129 μου
3683 1054 3881 1117 ἰάσεως

2221 1139 2479 1219 ἐπιτύχῃ,
2553 1138 2698 1197 Ἰδὼν
2765 1140 2855 1198 οὖν
2927 1145 2955 1198 6
3027 1143 3285 1222 μακάριος
3340 1142 3438 1210 τὴν
3489 1140 3661 1199 ἔνθεον
3718 1144 3883 1201 αὒτοῦ

2219 1228 2393 1284 πίστιν
2451 1231 2538 1286 καὶ
2593 1231 2887 1310 ὑπομονὴν,
2961 1230 3376 1311 σπλαγχνισθεὶς
3452 1229 3535 1287 ἐπ’
3595 1236 3736 1305 αὖτῷ
3791 1227 3886 1287 καὶ

2220 1315 2304 1373 ἐπὶ
2360 1324 2435 1393 τῷ
2503 1320 2597 1393 υἱῴ
2668 1323 2845 1393 αιότοῦ,
2908 1321 2996 1376 καὶ
3047 1319 3102 1375 ἐν
3158 1326 3234 1395 τῷ
3295 1319 3631 1399 μοναστηρίε)
3686 1318 3879 1399 ἐλθὼν,

2219 1412 2485 1495 ἐδυσφόρει
2521 1416 2574 1473 ἐν
2637 1417 2817 1492 ἑαυτῷ.
2862 1416 3033 1495 λέγων
3069 1432 3082 1446 ’
3136 1417 3196 1474 Τί
3253 1418 3468 1486 ποιήσω
3514 1423 3591 1491 τῷ
3618 1416 3884 1496 ἀνθρώπῳ

2215 1503 2383 1578 τούτῳ
2453 1508 2548 1563 οὐκ
2615 1503 2739 1562 οἶδα
2774 1526 2787 1541 ⁸
2853 1507 2942 1561 καὶ
3001 1507 3099 1584 γὰρ
3149 1505 3517 1585 ἀμφοτέρωθεν
3578 1506 3879 1584 πειρασμὸς

2214 1592 2351 1667 ἡμῖν
2384 1594 2731 1675 άπρόσκειται,
2784 1593 2897 1650 ε’ίτε
2954 1595 3075 1670 ἰαθῇ
3134 1596 3162 1650 6
3223 1595 3331 1658 υἱὸς
3393 1596 3571 1670 αὖτοῦ,
3623 1592 3735 1649 εἴτε
3785 1594 3881 1649 καὶ

2257 1663 2265 1667 -
2384 1663 2409 1690 υ
2442 1663 2452 1673 ·
2636 1684 2663 1704 ‘I'
2717 1663 2730 1675 '
2831 1682 2882 1705 Nl
3052 1663 3061 1670 Ι
3246 1680 3266 1703 Γ
3287 1682 3299 1703 Ι
3549 1663 3583 1704 'O\
3746 1683 3758 1702 1

2216 1682 2317 1755 μή.
2398 1692 2557 1758 Ομως
2605 1705 2694 1740 ουν
2745 1683 2992 1760 μηοολως
3049 1680 3464 1759 καταδεξαμενος
3514 1704 3613 1739 καν
3670 1686 3877 1740 θεασα-

3610 1777 3675 1839 ἦς
3731 1774 3878 1851 ἱερα-

481 1853 623 1917 τείας
665 1875 764 1920 την
814 1850 956 1918 τάξιν
1004 1851 1358 1929 ἐνδεδυμένον,
1410 1851 1610 1909 κελεύει
1660 1853 1815 1908 αὐτὸν
1863 1849 2114 1909 ἀπελθεῖν
2158 1854 2213 1912 ἐν
2258 1858 2335 1933 τῷ
2383 1861 2658 1943 εὖκτηρίώ,
2711 1863 2798 1918 καὶ
2855 1858 3160 1926 ἐπεύξασθαι
3216 1858 3293 1934 τῷ
3340 1871 3612 1936 νοσοῦντι,
3651 1849 3879 1936 ἀλεῗῷαί

481 1962 540 1996 τε
571 1941 727 1996 αὒτὸν
758 1939 918 2014 ἐλαίῳ
946 1946 1040 2017 τῇς
1072 1939 1336 2011 κανδήλας
1366 1942 1454 1997 καὶ
1483 1939 1763 1998 ἁπολύσαι.

563 2027 662 2090 59.
697 2026 865 2100 Quod
916 2027 1017 2089 ubi
1064 2028 1312 2105 factum,
1369 2029 1563 2089 statim
1613 2028 1849 2107 juvenis
1901 2027 2135 2091 sanitati

479 2117 786 2180 restitutus
808 2124 917 2191 est,
953 2135 1191 2196 egresso
1220 2119 1408 2179 instar
1441 2116 1590 2178 fumi
1621 2117 1696 2177 de
1730 2116 1974 2179 naribus
2003 2120 2134 2199 ejus

480 2205 772 2267 daemone.
807 2204 975 2277 Quod
1025 2208 1203 2269 Pater
1247 2206 1378 2286 ejus
1428 2225 1563 2268 cum
1617 2205 1881 2281 vidisset,
1917 2206 2130 2287 gaudio

484 2302 660 2375 atque
680 2293 1071 2356 admiratione
1092 2294 1270 2357 simul
1297 2295 1548 2357 affectus
1576 2294 1763 2356 ﬁlium
1786 2295 2125 2375 prehendit,

484 2400 720 2462 unaque
749 2400 882 2444 cum
905 2382 1007 2444 illo
1048 2382 1120 2444 ad
1167 2382 1355 2445 Patris
1377 2402 1570 2463 genua
1598 2383 1877 2464 procidit,
1913 2384 2131 2464 gratias

478 2469 602 2533 Deo
624 2486 803 2551 agens
823 2477 882 2532 et
919 2471 1054 2553 ipsi,
1091 2471 1191 2553 qui
1229 2476 1355 2534 soto
1381 2473 1556 2553 jussu
1590 2470 1913 2552 malignum
1947 2472 2130 2554 spiri-

479 2568 602 2622 tum
635 2579 668 2623 e
692 2560 815 2622 ﬁlio
842 2560 1191 2642 depulisset.
1227 2563 1305 2624 At
1338 2560 1546 2623 beatus
1576 2559 1752 2623 Pater
1789 2561 2132 2623 vehementi

480 2667 760 2711 sermone
789 2668 931 2711 usus
962 2650 1242 2731 praecepit
1272 2650 1381 2725 illi,
1417 2668 1492 2711 ne
1548 2649 1648 2712 cui
1693 2668 1827 2711 rem
1858 2649 2129 2728 diceret;

480 2739 641 2800 Deus
670 2737 854 2818 enim,
887 2737 1101 2817 inquit,
1138 2738 1268 2819 tibi,
1301 2757 1420 2799 non
1455 2757 1588 2818 ego,
1640 2737 1867 2799 curavit
1899 2737 2086 2800 ﬁlium
2113 2759 2130 2815 ;

482 2831 540 2885 et
560 2823 924 2886 benedicens
949 2824 1176 2887 dimisit
1196 2825 1330 2888 illos
1363 2826 1607 2887 domum
1638 2825 1700 2887 in
1722 2844 1888 2906 pace,
1915 2827 2132 2905 gratias

480 2913 607 2976 Deo
628 2920 894 2992 agentes.
921 2914 1137 2975 Multos
1159 2932 1336 2994 porro
1381 2913 1442 2975 in
1472 2915 1629 2975 hunc
1661 2914 1903 2976 modum
1935 2914 2130 2976 admi-

478 2999 703 3062 randus
732 3001 821 3062 vir
848 3002 1222 3065 daemonibus
1254 3002 1814 3066 obsessosliberavit
1846 3010 1969 3064 tum
2002 3024 2130 3066 mo-

2298 2018 2398 2092 νθ’.
2471 2031 2665 2088 Τούτου
2736 2029 2790 2087 δὶ
2862 2031 3169 2110 γενομένου,
3244 2036 3582 2110 παραχρῆμα
3651 2032 3679 2086 6
3750 2027 3874 2093 νέος

2215 2116 2405 2181 ἰάσεως
2454 2117 2677 2193 ἠξιώθη,
2736 2125 2829 2175 τοῦ
2888 2116 3132 2195 δαίμονος
3192 2119 3298 2197 ἀπὸ
3351 2123 3458 2175 τῶν
3517 2119 3875 2197 αἰσθητηρίων

2216 2205 2372 2261 αὐτοῦ
2427 2206 2552 2261 ὡσεὶ
2605 2207 2805 2271 καπνὸς
2861 2204 3181 2272 ἐξελθόντος.
3247 2190 3400 2284 ⁸ὅπερ
3446 2205 3568 2262 ἰδὼν
3613 2208 3641 2262 6
3691 2205 3873 2285 πατὴρ

2213 2290 2393 2367 αὐτοῦ,
2474 2295 2561 2350 καὶ
2631 2301 2805 2375 χαρᾶς
2876 2292 3154 2375 πλησθεὶς,
3229 2291 3630 2374 παραλαμϐάνει
3705 2296 3868 2352 αὐτὸν

2211 2381 2299 2436 καὶ
2328 2382 2643 2460 προσπίπτει
2694 2380 2812 2459 μετ’
2860 2387 3017 2442 αὐτοῦ
3065 2398 3183 2448 τοῖς
3241 2390 3332 2441 τοῦ
3390 2384 3595 2464 Πατρδς
3625 2383 3865 2462 γόνασιν,

2214 2472 2542 2549 εὔχαριστῶν
2590 2478 2666 2547 τῷ
2718 2478 2855 2552 Θεῷ,
2914 2474 3004 2528 καὶ
3059 2475 3200 2547 αὐτῴ
3257 2476 3335 2548 τῷ
3381 2470 3466 2529 διὰ
3505 2473 3677 2539 πόνης
3706 2494 3873 2552 προσ-

2213 2558 2408 2623 τάξεως
2478 2562 2539 2617 τὸ
2604 2563 2836 2641 πονηρὸν
2901 2570 3107 2638 πνεῦμα
3184 2568 3276 2618 τοῦ
3349 2564 3460 2622 υἱοῦ
3540 2563 3696 2619 αὒτοῦ
3752 2561 3870 2618 ἀπ-

2213 2644 2480 2707 ελάσαντι.
2558 2646 3060 2728 Ἐμϐριμησάμενος
3132 2648 3187 2705 δὲ
3271 2649 3413 2730 αύτῷ
3482 2652 3509 2707 6
3582 2649 3866 2730 μακάριος,

2212 2735 2540 2814 παρήγγειλε
2573 2734 2758 2813 μηδενὶ
2809 2745 2965 2795 τοῦτο
3024 2740 3194 2796 εἰπεῖν
3229 2756 3242 2771 ⁸
3314 2729 3371 2797 Ὀ
3429 2739 3560 2802 Θεὸς
3608 2740 3730 2817 γὰρ,
3763 2729 3870 2819 φηὲ

2213 2825 2316 2896 σὶν,
2379 2825 2563 2883 ἰάσατο
2618 2827 2709 2883 τὸν
2767 2828 2858 2884 σὸν
2918 2828 3027 2886 υἱὸν
3083 2827 3179 2883 οὒκ
3234 2826 3361 2906 ἐγώ.
3425 2828 3525 2885 Καὶ
3569 2826 3869 2906 εὐλογήσας
3965 2880 3971 2884 .

2213 2914 2398 2979 αὖτοὺς
2430 2913 2684 2971 ἀπέλυσεν
2717 2917 2902 2980 αὐτοὺς
2961 2916 3015 2972 ἐν
3058 2917 3241 2996 εἰρήνῃ
3292 2919 3364 2981 εἰς
3414 2918 3504 2973 τὸν
3562 2917 3717 2973 οἶκον
3765 2919 3871 2975 αὖ·

2213 3006 2317 3058 τῶν
2347 3001 2498 3058 ὒοίάν
2563 3027 2590 3036 -
2635 3027 2655 3040 ο
2705 3006 2766 3061 τὸ
2942 3004 2952 3024 ’
3154 3004 3167 3028 ’
3309 3003 3332 3023 ’⁸
3454 3011 3480 3022 ”’
3599 3005 3610 3026 ’

2412 3048 2433 3069 ,
2471 3026 2653 3075 5ovat,
2716 3039 2733 3061 ι
2770 3027 2796 3060 ν
2854 3012 3005 3063 Θεον.
3068 3014 3248 3078 Τουτῳ
3305 3005 3359 3061 οὲ
3412 3027 3490 3079 τῳ
3519 3027 3699 3084 τροπῳ
3727 3004 3864 3062 πολ-

479 3089 728 3171 nachos,
759 3097 880 3151 tum
914 3089 1120 3169 laicos,
1170 3091 1293 3155 sive
1339 3091 1470 3154 oleo
1514 3111 1620 3173 per
1663 3092 2003 3155 sacerdotes
2032 3094 2127 3154 in-

2217 3088 2335 3154 λοὺς
2360 3091 2465 3148 ἀπὸ
2516 3091 2779 3169 δαιμόνων
2834 3096 2863 3150 6
2922 3094 3210 3170 θαυμάσιος
3252 3094 3561 3174 ἐθεράπευσε
3593 3094 3870 3174 μοναχούς

478 3197 731 3256 ungens,
788 3197 858 3240 eo
915 3179 1071 3259 quod
1115 3178 1249 3260 ipse
1294 3198 1595 3261 nunquam
1645 3180 1735 3241 vel
1781 3182 1905 3242 sola
1950 3199 2128 3244 manu

476 3265 957 3329 benedictionem
976 3266 1415 3348 illisimpertire
1437 3268 1707 3337 voluerit,
1727 3269 1851 3331 sive
1874 3271 2124 3330 Romam

479 3355 718 3418 mittens
773 3355 844 3416 ad
890 3355 1195 3417 beatorum
1242 3357 1649 3438 apostolorum
1705 3366 1764 3420 et
1806 3365 2127 3439 martyrum

481 3444 734 3509 tumbas.
768 3443 993 3516 Quibus
1037 3453 1256 3520 tamen,
1292 3447 1435 3507 dum
1472 3449 1648 3521 irent,
1707 3446 1951 3507 liberari
1983 3466 2128 3508 con-

489 3532 770 3613 tingebat,
803 3540 1125 3614 apparente
1154 3533 1272 3595 illis
1305 3532 1618 3595 manifeste
1655 3532 1827 3594 beato
1860 3535 2033 3596 Patre
2062 3552 2130 3594 ac

487 3621 787 3683 daemones
816 3623 1174 3702 depellente.
1198 3621 1368 3694 Quod
1400 3640 1544 3684 sane
1572 3621 1766 3697 fiebat,
1795 3640 1870 3685 ne
1890 3622 2128 3697 ﬁducia,

483 3729 599 3791 qua
628 3709 864 3772 beatum
894 3715 1123 3772 Patrem
1149 3711 1405 3773 laturum
1440 3729 1612 3792 opem
1662 3710 1749 3772 illi
1777 3710 2124 3792 sperabant,

473 3817 623 3860 vana
672 3798 1113 3874 ostenderetur,
1175 3808 1231 3861 et
1288 3799 1483 3862 inanis
1542 3798 1985 3879 confugentium
2052 3799 2127 3861 ad

474 3887 671 3970 ipsum
706 3888 895 3950 labor.
928 3886 1074 3949 Nam
1108 3888 1218 3949 etsi
1249 3889 1555 3950 humilitas
1586 3889 1770 3949 animi
1801 3888 2121 3965 efﬁciebat,

478 3993 555 4036 ne
574 3974 761 4055 palam
783 3993 963 4056 super
981 3976 1113 4037 illos
1139 3994 1347 4056 preces
1370 3975 1725 4051 effunderet,
1753 3985 1816 4037 ut
1841 3977 2130 4053 humanas

479 4062 687 4125 laudes
717 4063 951 4138 vitaret,
991 4064 1209 4145 pietate
1256 4073 1451 4127 tamen
1497 4068 1710 4141 victus,
1746 4065 1887 4126 dum
1919 4065 2131 4126 lateret

2211 3203 2269 3237 τε
2341 3184 2428 3239 καὶ
2489 3181 2707 3247 λα’ίκούς
2743 3202 2758 3218 ·
2815 3184 2935 3248 τοῦς
3003 3187 3099 3261 μὲν
3171 3184 3331 3259 ἐλαίῳ
3387 3183 3471 3243 διὰ
3522 3191 3625 3242 τῶν
3683 3184 3868 3265 ἱερέων

2212 3268 2461 3351 ἀλείφων,
2533 3274 2689 3336 αὖτὸς
2741 3272 3008 3349 μηδέποτε
3065 3272 3483 3352 καταδεξάμενος
3544 3273 3705 3354 μέχρι
3776 3277 3871 3331 καὶ

2211 3365 2309 3426 τῆς
2341 3358 2424 3416 διὰ
2458 3364 2642 3442 χειρὸς
2698 3361 2987 3442 σφραγῖδος
3046 3360 3131 3420 ἐπ’
3184 3364 3409 3428 αὕτως-ο
3470 3364 3590 3428 τοὺς
3650 3361 3704 3418 δὲ
3733 3363 3867 3419 ἀπο·

2212 3446 2447 3503 στέλλων
2494 3451 2624 3529 πρὸς
2668 3451 2761 3515 τάς
2814 3457 2920 3507 τῶν
2983 3454 3253 3530 μακαρίων
3304 3449 3615 3509 ἀποστόλων
3664 3472 3721 3506 τε
3778 3452 3872 3508 καὶ

2214 3537 2487 3617 μαρτύρων
2526 3541 2694 3609 θήκας
2747 3540 2842 3603 τὰς
2902 3538 2955 3596 ἐν
3013 3546 3081 3617 τῇ
3140 3533 3344 3621 Ῥώμῃ,
3377 3540 3573 3603 οἵτινες
3602 3540 3739 3596 κατά
3767 3540 3869 3607 τὴν

2214 3623 2333 3682 ὁδὸν
2379 3625 2761 3707 ἐκαθαρίζοντο,
2805 3634 2897 3685 τοῦ
2948 3630 3206 3707 μακαρίου
3263 3630 3466 3708 Πατρὸς
3515 3627 3868 3708 ὀφθαλμοιρα-

2212 3720 2315 3778 νῶς
2346 3718 2528 3779 αιότοῖς
2560 3716 2938 3792 ὀπτανομένου,
2986 3720 3074 3774 καὶ
3128 3719 3249 3781 τοὺς
3304 3715 3554 3794 δαίμονας
3615 3716 3665 3782 ἐξ
3695 3719 3872 3773 αὐτῶν

2212 3800 2624 3868 ἀπελαύνοντος,
2658 3814 2822 3865 Τοῦτο
2852 3804 2907 3861 δὲ
2953 3805 3177 3886 ἐγίνετο,
3223 3805 3315 3864 *ἕνα
3361 3806 3438 3882 μὴ
3469 3806 3596 3872 κενὴ
3623 3807 3656 3874 ἦ
3689 3806 3871 3870 πίστις

2210 3892 2244 3959 ἡ
2275 3893 2405 3972 πρὸς
2436 3894 2527 3949 τὸν
2557 3891 2700 3951 ὅσιον
2732 3893 2902 3951 αὗτῶν
2934 3893 3247 3975 ἀναδειχθῇ,
3278 3897 3365 3951 καὶ
3396 3897 3423 3951 6
3461 3895 3624 3957 κόπος
3655 3893 3863 3961 ἀνόνη-

2210 4002 2301 4044 τος
2332 3986 2431 4048 τῆς
2459 3988 2793 4061 καταφυγῆς.
2854 3984 2914 4041 Εἰ
2970 3984 3070 4063 γὰρ
3125 3984 3212 4040 καὶ
3263 3982 3409 4062 λόγῳ
3457 3984 3873 4062 ταπεινοφροσύ-

2216 4093 2311 4137 νης
2369 4077 2606 4151 φανερῶς
2665 4073 2759 4129 οὒκ
2825 4073 3082 4151 ἐπεύχετο
3141 4077 3347 4145 αὒτοῖς,
3410 4073 3726 4153 ἀποφεύγων
3773 4074 3883 4128 τὸν

488 4150 553 4211 in
574 4150 742 4224 cella,
771 4151 1061 4213 daemonia
1085 4152 1212 4214 suis
1234 4152 1424 4233 igneis
1445 4152 1979 4234 supplicationibus
2002 4170 2130 4215 ure-

2217 4165 2320 4216 τῶν
2352 4160 2639 4240 ἀνθρώπων
2674 4159 2908 4242 ἔπαινον,
2956 4150 3092 4218 ἀλλὰ
3147 4168 3215 4239 τῇ
3259 4150 3873 4242 φιλανθρωπίανικώμε-

492 4239 591 4301 bat
619 4248 676 4300 et
705 4240 945 4301 morbos
976 4242 1234 4320 fugebat.
1289 4242 1431 4315 Quae
1459 4242 1510 4302 si
1540 4242 1752 4303 vellam
1784 4241 2007 4317 omnia,
2041 4242 2133 4303 vel

2218 4270 2329 4323 νος,
2366 4249 2471 4306 ἀπὸ
2499 4258 2590 4307 τοῦ
2617 4260 2847 4331 κρυπτοῦ
2896 4256 2995 4318 τῆς
3044 4250 3240 4318 κέλλης
3291 4250 3447 4307 αὔτοῦ
3476 4264 3595 4313 ταῖς
3629 4252 3870 4328 πυρίναις

492 4329 887 4392 minutissima
916 4332 1236 4407 narrando,
1273 4331 1511 4412 scriptis
1541 4332 1847 4406 mandare,
1901 4337 2130 4412 tempus

2220 4336 2473 4404 ἐντεύξεσι
2507 4329 2805 4421 κατέφλεγε
2860 4341 2928 4399 τὰ
2972 4338 3240 4420 δαιμόνια,
3300 4340 3509 4403 καὶτὰς
3539 4339 3720 4401 νόσους
3753 4338 3869 4395 ἀπ-

492 4437 588 4508 rne
621 4419 793 4508 plane
825 4420 1247 4499 praeterlabens
1299 4410 1603 4482 deﬁceret.
1653 4420 1809 4481 Satis
1850 4428 1976 4481 erat
2019 4410 2130 4501 piis

2221 4426 2464 4498 ἤλαυνεν.
2506 4410 2898 4508 ηΑπεριᾶπαντα
2933 4430 2977 4484 εἰ
3024 4410 3159 4485 κατά
3218 4410 3376 4507 μέρος
3410 4426 3692 4505 βουληθείη
3728 4449 3871 4507 γρα-

488 4507 834 4571 horninibus
878 4527 947 4571 ex
1003 4517 1166 4591 parte
1216 4516 1401 4572 totum
1449 4527 1687 4590 capere,
1738 4516 2016 4590 tanquam
2063 4527 2133 4570 ex

486 4597 783 4677 unguibus
811 4598 1070 4662 leonem.

2216 4521 2290 4597 φῇ
2318 4514 2657 4599 παραδοῦναι,
2708 4518 2801 4574 οὒκ
2847 4516 3120 4597 ἐπαρκέσει
3177 4540 3268 4594 μοι
3318 4520 3346 4573 6
3375 4517 3569 4598 χρόνος
3600 4522 3667 4593 τῇ
3697 4514 3873 4595 δρομῇ

2216 4604 2569 4685 παρατρέχων
2604 4626 2619 4639 ·
2660 4606 2813 4685 ἀρκεῖ
2842 4604 2896 4661 δὲ
2948 4619 3066 4669 τοῖς
3126 4602 3366 4664 εὒλαϐέσι
3424 4606 3511 4661 καὶ
3561 4605 3621 4662 ἐκ
3677 4604 3870 4684 μέρους

2218 4693 2278 4749 τὸ
2308 4692 2430 4750 ὅλον
2462 4693 2878 4769 καταλαϐἀσθαι,
2911 4696 2985 4758 ὡς
3018 4691 3070 4760 ἐξ
3100 4695 3310 4773 ὀνύχων
3341 4694 3433 4751 τὸν
3463 4691 3672 4756 λέοντα.

1987 4867 2230 4934 CAPUT
2258 4869 2356 4934 IX.

484 5004 893 5089 Popularibus
921 5007 1049 5069 suis
1078 5003 1555 5069 Rossanensibus
1583 5002 1931 5067 rebellionis
1975 5022 2189 5084 poenas
2232 5006 2620 5069 imminentes
2666 5006 3072 5089 deprecatur.-
3115 5008 3183 5070 in
3237 5007 3470 5071 visione
3493 5025 3530 5068 a
3558 5004 3875 5070 doloribus

562 5116 641 5159 ca:
687 5095 937 5160 vulnere
993 5099 1189 5160 cruris
1236 5102 1548 5158 sanatur:
1599 5093 1831 5157 oblatas
1878 5095 1947 5155 in
1994 5093 2333 5158 subsidium
2390 5096 2834 5161 monachorum
2875 5103 3163 5178 pecunias
3207 5102 3467 5172 recusat,
3513 5098 3874 5175 frustraque

563 5194 849 5256 tentatus.
879 5194 955 5246 ut
978 5187 1062 5255 ad
1092 5184 1300 5248 aulam
1329 5183 1769 5266 proﬁciscatur,
1802 5181 2250 5246 cubicularium
2280 5188 2667 5266 imperatoris
2706 5188 2785 5251 ad
2812 5188 3176 5251 divitiarum
3202 5194 3603 5267 contemptum
3632 5194 3688 5248 et
3716 5185 3871 5248 soli-

561 5275 832 5337 tudinem
861 5273 1167 5338 hortatur.

564 5381 662 5445 60.
678 5380 934 5444 Dederat
949 5399 1085 5443 vero
1104 5378 1754 5462 illiomnipotensDeus
1770 5399 1887 5442 non
1907 5379 2121 5457 solum,

478 5478 546 5534 ut
575 5470 843 5548 singulos
864 5489 1127 5551 quosque
1149 5469 1223 5532 ad
1247 5488 1311 5531 se
1334 5468 1644 5532 venientes
1666 5469 1761 5550 pie
1792 5468 2129 5531 sublevaret

481 5560 735 5623 afﬂictos
765 5569 823 5621 et
847 5559 1024 5621 variis
1054 5559 1227 5621 malis
1255 5577 1628 5640 oppresssos,
1660 5578 1728 5620 ac
1761 5559 2123 5635 mederetur,

475 5650 581 5712 sed
628 5649 894 5711 civitates
943 5668 1179 5731 quoque
1224 5655 1373 5710 totas
1423 5656 1488 5711 ut
1534 5649 1798 5730 eriperet
1846 5648 2128 5727 periculis

479 5747 538 5801 et
594 5738 1032 5801 calamitatibus
1086 5736 1390 5801 liberaret.
1471 5737 1639 5810 Quod
1714 5738 1954 5819 planum
2023 5738 2128 5801 ﬁet

477 5827 777 5911 exempto,
811 5825 971 5911 quod
998 5826 1279 5896 referam.
1329 5824 1594 5908 Regebat
1640 5825 1784 5892 olim
1813 5832 2128 5908 utramque

2290 5371 2359 5448 ξ’,
2395 5380 2599 5440 Δέδωκε
2629 5381 2681 5440 δέ
2714 5387 2855 5461 αύτῷ
2885 5386 3042 5466 χάριν
3074 5387 3101 5443 6
3132 5392 3236 5443 τῶν
3282 5383 3422 5442 ὅλων
3455 5384 3584 5447 Θεὸς
3615 5385 3675 5441 οὗ
3704 5382 3867 5459 μόνον

2207 5471 2328 5535 τοὺς
2398 5470 2516 5529 καθ’
2586 5471 2807 5531 ἕκαστον
2876 5474 3338 5555 προσερχομένους
3393 5475 3549 5548 οὒτῷ,
3609 5470 3866 5546 θλιϐομέ-

2209 5584 2328 5624 νους
2399 5563 2486 5617 καὶ
2565 5564 2839 5627 παντοίαις
2911 5565 3168 5643 ἀνάγκαις
3241 5562 3626 5642 συνεχομένους
3692 5560 3870 5618 ἐλεεῖν

2207 5652 2298 5707 καὶ
2356 5651 2551 5731 ἰᾶσθαι,
2611 5650 2748 5708 ἀλλά
2802 5654 2890 5709 καὶ
2940 5651 3148 5710 πόλεων
3206 5650 3515 5731 ὁλοκλήρων
3572 5650 3625 5707 ἐν
3679 5647 3867 5707 κινδύ-

2209 5761 2322 5804 νοις
2380 5737 2878 5823 ἀντιλαμϐάνεσθαι,
2948 5742 3037 5799 καὶ
3092 5738 3399 5821 λυτροῦσθαι
3454 5745 3559 5797 τῶν
3615 5740 3871 5820 περιστά-

2207 5850 2369 5900 σεων.
2403 5827 2647 5901 Δηλώσει
2674 5827 2730 5890 δὲ
2758 5839 2913 5894 τοῦτο
2957 5831 3020 5891 τὸ
3072 5838 3162 5894 νῦν
3222 5829 3583 5910 ῥηθησόμενον
3621 5846 3636 5867 ·
3670 5824 3871 5912 Ἐκρά-
