4182 6418
510 373 620 455 m

1995 385 2351 455 A‘NONYMI

3799 407 3919 472 112

591 521 948 622 Videns
996 537 1174 605 porro
1223 520 1457 622 piorum
1497 520 1708 622 hos-tis,
1750 527 1819 622 et
1869 521 1932 622 in
1949 521 2143 622 bonos

2321 518 2429 622 ξδ’.Δ
2453 529 2660 622 ταύτην
2692 530 2780 589 οὖν
2838 534 2936 602 τῆν
2991 535 3135 616 παρᾶ
3192 546 3285 598 τοῦ
3341 543 3600 622 μακαρίου
3654 545 3913 620 βοήθειαν

511 612 740 676 invidia
795 620 1074 687 aestuans,
1139 619 1425 694 quantum
1481 611 1686 674 auxilii
1744 611 1924 674 ferret
1949 610 2158 675 beatus

513 701 688 766 Pater
717 710 840 765 tum
873 699 1212 779 animabus,
1267 709 1388 764 tum
1437 699 1790 782 corporibus
1819 701 2155 774 hominum,

514 791 808 873 studebat,
885 791 935 852 si
1006 810 1123 872 quo
1197 789 1373 852 modo
1433 798 1652 871 posset,
1712 797 1894 853 totam
1954 791 2162 853 mundi

513 880 762 961 gloriam
781 887 840 942 et
863 898 1006 961 opes
1029 877 1529 960 subjicereipsius
1554 878 1765 955 oculis,
1799 888 1862 940 ut
1884 879 2159 944 hebetio-

511 988 642 1032 rem
674 969 960 1032 redderet
989 985 1194 1030 eorum
1225 967 1417 1030 aciem
1447 966 1522 1028 ad
1553 967 1944 1046 spectandum
1967 967 2160 1029 virtu-

509 1065 654 1134 tem,
691 1057 949 1139 privaret
997 1075 1135 1120 vero
1192 1055 1480 1118 mundum
1525 1055 1804 1131 utilitate,
1867 1075 1999 1137 quae
2029 1075 2160 1137 per-

510 1146 681 1208 illum
713 1145 912 1208 ﬁebat.
963 1144 1133 1208 Multi
1160 1144 1424 1225 profecto
1457 1142 1822 1224 principum,
1857 1144 1958 1225 qui
1983 1145 2158 1206 adve-

511 1234 778 1309 niebant,
813 1250 1081 1313 magnam
1102 1231 1374 1314 pecuniae
1401 1231 1517 1292 vim
1542 1230 1631 1293 illi
1648 1232 1975 1294 offerebant
1997 1252 2154 1314 prae-

513 1331 672 1386 textu
703 1322 1079 1386 necessitatis
1107 1321 1376 1394 fratrum,
1435 1319 1536 1402 qui
1565 1339 1698 1383 cum
1735 1339 1804 1382 eo
1834 1320 2154 1401 degebant,

510 1419 572 1475 et
598 1412 895 1480 alimoniae
924 1428 1274 1492 pauperum.
1327 1408 1434 1472 Ille
1476 1428 1615 1471 vero
1646 1409 1774 1471 hmc
1803 1417 1866 1470 ut
1893 1419 2158 1472 stercora

509 1520 588 1564 ne
616 1500 944 1582 respiciens
966 1499 1234 1582 quidem,
1268 1498 1465 1560 aiebat
1496 1497 1906 1579 offerentibus,
1942 1498 2158 1562 fratres

507 1608 542 1652 a
562 1589 784 1652 Davide
807 1588 1014 1651 beatos
1044 1587 1164 1650 dici
1181 1589 1266 1664 48,
1293 1587 1343 1648 si
1359 1586 1593 1649 labores
1616 1605 1897 1649 manuum
1912 1607 2154 1650 suarum

509 1677 843 1756 comedant,
877 1685 938 1740 et
965 1675 1222 1758 peccatis
1277 1676 1488 1738 alienis
1534 1695 1652 1737 non
1683 1676 2148 1739 communicent.

508 1767 814 1848 Pauperes
841 1785 980 1828 vero
1002 1765 1078 1828 de
1092 1764 1256 1827 vobis
1273 1763 1539 1846 quidem,
1561 1763 1666 1840 ait,
1686 1772 2150 1846 conquerentur,

2241 630 2359 681 τοῖς
2408 617 2697 699 ἀνθρώποις
2755 624 3166 702 χορηγουμένην
3226 617 3502 708 ψυχικῶξ
3530 653 3589 687 τε
3637 617 3728 689 καὶ
3784 657 3902 691 σω-

2242 713 2479 800 ματικῶς
2549 710 2685 788 ὁρῶν
2756 711 2816 800 ὁλ
2856 718 2963 767 τῶν
3033 711 3248 772 δικαίων
3337 717 3554 800 ἐχθρὸς,
3621 723 3710 778 καὶ
3773 729 3904 779 πᾶσι

2241 795 2537 870 βασκαίνων
2605 810 2724 862 τοῖς
2796 798 3041 876 ἀγαθοῖς,
3115 795 3405 864 ἔσπευδεν-⁷
3433 795 3477 864 εἰ
3540 795 3764 867 ⁷δυνατὸν
3833 811 3901 879 ῆν

2241 886 2384 958 αὒτῷ
2439 890 2614 941 πᾶσαν
2670 886 2769 954 τὴν
2827 885 2976 954 δόξαν
3036 892 3123 948 καὶ
3179 894 3271 949 τὸν
3320 893 3550 954 πλοῦτον
3580 904 3671 954 τοῦ
3698 899 3902 974 κόσμου

2242 985 2586 1064 γυναγαγεῖνλ
2613 976 2713 1053 πρὸ
2738 980 2868 1064 λτῶν
2925 975 3209 1058 ὀφθαλμῶν
3267 985 3449 1064 αὐτοῦ,
3505 987 3594 1042 καὶ
3650 983 3900 1060 ἀμϐλυω-

2241 1065 2412 1127 πῆσαι
2481 1062 2632 1120 αὐτὸν
2695 1061 2791 1122 μὲν
2860 1063 2965 1121 ἀπὸ
3036 1071 3135 1134 τῆς
3208 1075 3316 1126 τῶν
3386 1061 3585 1151 ἀρετῶν
3654 1075 3896 1156 θεωρίας,

2242 1153 2491 1241 στξῆἧσαι
2549 1146 2603 1204 δὲ
2672 1151 2762 1206 τὸν
2803 1151 3006 1228 κόσμον
3061 1159 3160 1222 τῆς
3213 1155 3340 1236 παρ’
3397 1146 3557 1216 αὐτοῦ
3611 1146 3894 1241 ὠφελείας-ί

2241 1235 2438 1327 Πολλοί
2515 1247 2640 1316 γοῦν
2710 1245 2829 1327 τῶν
2885 1235 3299 1323 κατερχομένων
3377 1235 3683 1327 ἀρχόντων.
3713 1249 3896 1320 πλήθη

2241 1324 2536 1413 χρημάτων
2632 1326 3014 1407 προσφέροντες
3108 1331 3250 1407 αὖτῷ
3285 1380 3302 1412 ,
3599 1337 3905 1413 οἰκονομίαν

2238 1419 2344 1468 τῶν
2401 1411 2517 1487 μετ’
2586 1414 2742 1474 αὒτοῦ
2795 1415 3054 1497 ἀδελφῶν,
3109 1421 3198 1476 καὶ
3252 1411 3351 1488 τῆν
3406 1427 3730 1504 προστασίαν
3779 1411 3901 1483 τῶν

2237 1507 2474 1580 πτωχῶν
2533 1501 2925 1582 προεϐάλλοντο
2960 1525 2976 1541 ⁸
3029 1508 3057 1563 ὁ
3115 1505 3169 1564 δὲ
3227 1509 3405 1590 ὥσπερ
3451 1501 3698 1570 ’σκύϐαλα
3755 1514 3900 1572 ἀπο-

2237 1592 2587 1669 στρεφόμενος
2656 1599 2818 1649 ταῦτα
2845 1641 2862 1676 ,
2907 1592 3064 1673 έλαγε
3135 1611 3255 1662 τοῖς
3325 1598 3618 1680 ἄρχουσιν,
3689 1601 3768 1658 ὅτι
3834 1607 3896 1662 Οἱ

2238 1676 2334 1770 μὲν
2386 1677 2598 1760 ἀδελφοὶ
2668 1683 2809 1760 παρᾶ
2879 1690 2971 1740 τοῦ
3044 1682 3206 1741 Δαϐὶδ
3275 1676 3674 1766 μακαρίζονται,
3737 1689 3892 1770 εἴπερ

2236 1766 2356 1831 τούς
2386 1770 2577 1833 πόνους
2638 1777 2742 1826 τῶν
2802 1777 3002 1852 χειρῶν
3055 1772 3228 1829 αὐτῶν
3283 1777 3576 1856 φέγωνται,
3611 1780 3710 1834 καὶ
3730 1766 3890 1837 ἀλλοξ

515 1853 922 1949 detinentibus
942 1871 1074 1935 quae
1089 1860 1228 1916 sunt
1247 1853 1509 1949 illorum,
1530 1871 1627 1949 me
1643 1870 1782 1949 vero
1801 1852 2143 1949 laudabunt,

2237 1858 2400 1949 τρίαις
2453 1861 2730 1940 ἁμαρτίαις
2795 1861 2881 1949 μῆ
2943 1852 3379 1932 κοινωνήσωσιν.⁷
3437 1870 3495 1924 Οἱ
3554 1866 3608 1923 δὲ
3673 1871 3888 1949 πτωχοὶ

505 1951 573 2008 ut
609 1943 759 2008 nihil
788 1941 1110 2008 habentem
1142 1951 1198 2005 et
1230 1940 1431 2004 omnia
1460 1941 1888 2022 possidentem.
1944 1941 2151 2005 Eunu-

509 2033 660 2095 chus
689 2031 1092 2094 cubicularius
1112 2049 1245 2093 cum
1277 2029 1610 2094 Rossanum
1645 2029 1770 2110 (5t)
1825 2039 1984 2092 esset
2007 2031 2150 2092 olim

506 2120 834 2201 ingressus,
871 2139 981 2182 nec
1010 2119 1252 2184 vidisset
1282 2119 1359 2181 ad
1413 2137 1478 2180 se
1533 2120 1864 2181 accurrisse
1891 2121 2148 2201 Patrem,

509 2217 683 2272 norat
710 2227 849 2272 vero
879 2209 1044 2274 illum
1077 2208 1201 2270 solo
1231 2208 1403 2270 fama),
1418 2225 1683 2289 rumore,
1714 2207 1964 2270 miratus
1992 2207 2151 2271 dice-

507 2297 610 2362 bat
635 2297 709 2361 ad
741 2316 844 2360 eos
872 2299 972 2380 qui
1024 2304 1347 2380 praesentes
1389 2295 1678 2359 aderant:
1731 2294 1845 2360 Ubi
1887 2305 2151 2360 moratur

507 2387 676 2450 Nilus
703 2387 1056 2462 monachus,
1091 2397 1148 2450 et
1179 2404 1296 2468 qua
1347 2386 1579 2448 ratione
1608 2404 1728 2448 non
1760 2383 1918 2447 venit
1944 2385 2016 2447 ad
2051 2403 2148 2448 me

501 2495 637 2540 cum
668 2475 945 2538 omnibus
973 2474 1351 2556 hegumenis,
1405 2473 1608 2536 audito
1666 2494 1801 2538 meo
1831 2475 2082 2536 adventu
2114 2474 2145 2536 ‘?

497 2565 585 2629 Ita
609 2567 769 2630 enim
803 2585 914 2630 nec
942 2564 1070 2646 ipse
1099 2564 1437 2646 patrtarcba
1487 2582 1724 2626 mecum
1757 2581 1938 2644 agere
1966 2583 2145 2626 ausus

484 2664 680 2731 esset,
713 2663 778 2717 ut
800 2654 1094 2735 jactanter
1147 2655 1463 2717 adventum
1486 2671 1684 2715 meum
1715 2653 2146 2734 contempsisse

500 2744 824 2810 videretur.
857 2743 946 2806 Ad
977 2744 1102 2806 hac
1131 2743 1259 2806 illi:
1288 2743 1614 2808 Monachus
1637 2740 1775 2822 iste,
1807 2741 1884 2804 de
1909 2761 2022 2824 quo
2051 2751 2148 2806 tua

499 2831 760 2914 loquitur
790 2830 1160 2905 excellentia,
1223 2848 1334 2892 nec
1385 2829 1720 2912 patriarcha
1751 2837 1862 2905 est,
1895 2849 2005 2892 nec
2035 2847 2143 2909 pa—

496 2921 820 2986 triarcham
845 2920 1036 2996 timet,
1060 2920 1164 2982 sed
1193 2937 1304 2982 nec
1323 2919 1517 3001 ipsum
1541 2918 1769 2982 cunctis
1790 2917 2141 2983 formidabi-

496 3007 616 3072 lem
645 3010 1094 3090 imperatorem.
1147 3008 1330 3071 Sedet
1384 3015 1583 3070 autem
1617 3025 1734 3069 una
1761 3025 1895 3070 cum
1938 3013 2142 3088 paucis

2233 1945 2351 2003 καθ’
2378 1949 2525 2024 ὑμῶν
2555 1950 2651 2024 μὲν
2706 1947 3066 2030 κεκράξονται,
3130 1953 3204 2016 ὡς
3257 1954 3322 2011 τὰ
3377 1955 3574 2013 τούτων
3625 1945 3888 2038 κατεχόν-

2233 2057 2338 2092 των
2373 2054 2387 2068 ·
2447 2036 2540 2113 ἐμὲ
2567 2035 2621 2093 δὲ
2651 2039 3033 2119 θαυμάσονται,
3093 2041 3166 2104 ὡς
3221 2039 3388 2117 μηδὲν
3448 2042 3668 2124 ἔχοντα,
3701 2035 3797 2104 καί
3819 2048 3886 2103 τὰ

2232 2124 2404 2180 πάντα
2451 2125 2774 2206 κατέχοντα,
2836 2125 3104 2208 Εὗνοὺχος
3175 2132 3203 2186 ὁ
3275 2134 3586 2200 κοιτωνίτης
3646 2134 3894 2192 εἰσελθὼν

2230 2233 2361 2270 ποτε
2389 2213 2443 2269 ἐν
2467 2221 2543 2290 τῴ
2599 2208 2870 2291 Ῥυσιάνῳ,
2925 2218 3014 2272 καὶ
3075 2214 3194 2275 ἰδὼν
3253 2220 3343 2275 τὸν
3399 2229 3657 2298 μακάριον
3713 2221 3892 2300 μηδα-

2231 2307 2344 2377 μῶς
2401 2304 2552 2377 αύτῳ
2619 2301 3026 2384 προσδραμόντα
3059 2323 3075 2340 ⁶
3147 2307 3408 2374 ἠπίστατο
3461 2311 3562 2390 γὰρ
3616 2312 3772 2368 αὐτὸν
3829 2312 3890 2370 ἐκ

2229 2391 2398 2482 μόνης
2426 2397 2523 2460 τῆς
2551 2393 2736 2473 φήμης
2771 2412 2786 2426 ο
2841 2391 2991 2482 ἔλεγε
3043 2395 3321 2470 θαυμάζων
3377 2399 3507 2477 πρὸς
3563 2401 3683 2464 τοὺς
3735 2424 3876 2482 παρ·
3937 2401 3948 2405 ’

2227 2479 2424 2545 όντας⁹
2461 2487 2567 2540 Ποῦ
2592 2485 2816 2549 καθῆται
2869 2480 3063 2546 Νεῖλος
3121 2486 3153 2538 δ
3205 2483 3552 2567 καλόγηροςς
3616 2490 3703 2546 καὶ
3760 2479 3875 2555 πῶς

2229 2569 2288 2625 οὗ
2356 2568 2623 2650 προσῆλθέ
2694 2593 2784 2645 μοι
2857 2572 2991 2647 μετὰ
3059 2572 3271 2630 πάντων
3353 2581 3458 2631 τῶν
3547 2579 3881 2659 ἡγουμένων,

2227 2657 2455 2722 ἀκούσας
2484 2659 2582 2726 τῆν
2637 2659 2774 2734 ἐμὴν
2834 2657 3057 2742 ἄφιξινς
3118 2671 3272 2719 τοῦτο
3328 2663 3427 2743 γὰρ
3476 2663 3603 2740 μηδ’
3660 2657 3882 2731 αὒτὶςὸ

2227 2747 2565 2827 πατριάρχης
2633 2746 2927 2824 ἐτόλμησεν
2999 2748 3060 2806 ἂν
3127 2749 3244 2826 ἐμοὶ
3325 2755 3722 2832 καυχήσασθαι,
3793 2759 3882 2814 καὶ

2226 2841 2620 2917 καταφρονῆσαι
2666 2842 2764 2904 τῆς
2806 2838 2942 2913 ἐμῆς
3003 2837 3283 2903 ἐλεύσεως.
3330 2843 3390 2898 Οἱ
3442 2839 3496 2898 δὲ
3547 2851 3880 2923 παρεστῶτες

2225 2925 2368 3014 αὐτῷ
2411 2923 2766 3014 *ἀπεκρίναντο
2800 2943 2813 2960 '
2873 2928 3035 2991 Οὗτος
3096 2927 3153 2984 ὃν
3209 2926 3310 3009 ἔφη
3371 2930 3405 2997 ἡ
3454 2929 3523 2998 σῆ
3579 2929 3878 3014 ἐνδοξότης,

2229 3001 2284 3101 Ὀ
2339 3001 2662 3093 καλόγηρος,
2721 3011 2839 3071 οὔτε
2904 3001 3259 3096 πατριάρχης·
3295 3015 3455 3096 ἐστὶν,
3518 3017 3635 3076 οὔτε
3689 3001 3876 3101 πατριί

499 3098 881 3160 monachisin
895 3095 1762 3178 montenulliusopeindigens.
1782 3094 1928 3157 Nam
1943 3115 2139 3178 neque

2228 3099 2399 3191 ᾇρχῃν
2456 3100 2721 3184 φοϐεῖται,
2779 3101 2901 3161 ἀλλ’
2953 3102 3059 3164 οὐδ’
3105 3094 3272 3163 Ἵαύτὸν
3327 3094 3445 3163 τὸν.
3474 3115 3602 3165 πᾶσι
3657 3094 3880 3191 φοϐερὸν

496 3186 713 3268 amplis
744 3185 962 3250 ﬁnibus
994 3185 1354 3261 continetur,
1378 3162 1503 3278 inec
1526 3162 1936 3278 jumentorum
1969 3162 2140 3266 copia

2228 3162 2768 3259 3L3ié:,'x&0n€at
2825 3191 2880 3249 δὲ
2934 3162 3047 3270 ἅμα
3093 3193 3290 3273 ὀλίγοις
3352 3162 3630 3278 μοναγοῖς
3664 3162 3872 3276 Ῐέῠνηῖτῶ

499 3275 808 3338 devinctus
838 3283 949 3352 est,
981 3276 1141 3344 unde
1171 3292 1280 3338 nec
1338 3272 1521 3335 ullam
1579 3291 1714 3335 cum
1746 3271 1866 3335 ullo
1893 3273 2138 3336 homine

494 3366 960 3428 controversiam
990 3364 1193 3430 habet.
1245 3361 1566 3427 Unicornis
1623 3362 1722 3423 hic
1774 3368 1885 3438 est,
1918 3361 2136 3425 animal

492 3455 685 3520 libere
714 3455 827 3518 sibi
852 3455 1074 3533 vivens,
1107 3463 1164 3519 et
1193 3454 1245 3517 si
1294 3452 1463 3515 illum
1515 3449 1768 3514 volueris
1797 3471 1931 3514 cum
1963 3461 2137 3534 pote-

489 3553 643 3608 state
688 3545 1010 3627 adducere,
1065 3561 1370 3625 nunquam
1427 3540 1654 3623 poteris
1709 3541 1920 3604 faciem
1977 3542 2136 3605 illius

489 3633 722 3697 videre.
760 3626 907 3696 Cum
963 3626 1085 3700 haec
1141 3633 1410 3696 audisset
1463 3629 1888 3706 cubicularius,
1947 3631 2134 3694 multo

493 3722 680 3803 magis
704 3722 1033 3790 admiratus
1064 3730 1155 3786 est
1181 3722 1418 3784 beatum
1457 3719 1674 3792 virum,
1708 3719 2134 3802 epistolamque

491 3815 823 3896 supplicem
845 3814 917 3876 ad
937 3834 1076 3878 eum
1091 3814 1282 3891 dedit,
1303 3812 1375 3874 ad
1377 3812 1588 3892 jurens
1613 3813 1788 3876 etiam
1814 3811 2133 3880 horrendis

488 3905 708 3984 verbis,
741 3914 806 3969 ut
832 3906 924 3968 vel
963 3906 1076 3970 sibi
1106 3905 1184 3968 ad
1222 3924 1354 3968 eum
1387 3903 1649 3985 profecto
1665 3923 1731 3966 se
1758 3923 1873 3966 non
1898 3903 2136 3966 subtra-

490 3996 684 4074 heret,
717 3996 813 4059 vel
859 4005 1023 4060 certe
1051 4016 1171 4059 non
1199 3995 1620 4070 dedignaretur
1646 3994 1850 4058 venire
1880 3995 1942 4056 in
1973 3995 2138 4076 oppi-

488 4087 632 4158 dum
661 4095 720 4151 et
749 4087 1234 4154 benedictionem
1285 4085 1403 4152 sibi
1442 4084 1684 4169 suisque
1710 4085 1986 4152 omnibus
2013 4085 2135 4149 im-

490 4176 829 4257 pertiretur.

513 4429 516 4432 ,
567 4356 669 4420 65.
702 4356 776 4419 At
806 4363 1045 4424 sanctus
1071 4355 1250 4420 Pater
1272 4351 1470 4432 Nilus,
1510 4362 1634 4421 tum
1667 4353 1806 4436 quia
1834 4354 2137 4434 adjuratus

2219 3278 2350 3356 ὄρει,
2384 3280 2462 3356 μὴ
2493 3277 2742 3357 δεόμενος
2791 3283 2933 3346 τινὸς
2988 3281 3347 3360 ἀντιλήψεως.
3408 3284 3536 3344 Οὔτε
3593 3287 3692 3367 γὰρ
3739 3285 3876 3349 πλά-

2217 3389 2294 3424 τει
2341 3369 2494 3448 ὁρίων
2543 3370 2848 3452 συνέχεται,
2915 3372 3032 3430 οὔτε
3082 3371 3272 3444 πλήθει
3327 3375 3686 3452 βοσκημάτων
3743 3399 3872 3433 συν-

2219 3453 2438 3518 δέδεται.
2509 3459 2604 3514 Διὸ
2669 3457 2774 3516 οὐδ’
2846 3458 3164 3543 ἀμφιϐολίαν
3232 3462 3486 3532 κέκτηται
3543 3465 3674 3544 πρός
3728 3487 3872 3527 τινα.

2217 3547 2531 3627 Μονόκερως
2601 3547 2737 3608 ἐστὶν
2808 3553 2981 3624 οὗτος,
3054 3557 3190 3622 ζῶον
3260 3557 3548 3628 αύτονομον
3590 3572 3607 3590 ο
3687 3556 3774 3612 καὶ
3832 3567 3878 3622 εἰ

2215 3636 2446 3714 θελήσῃς
2518 3641 2675 3698 αὐτὸν
2746 3636 2865 3716 μετ’
2923 3639 3154 3706 ἐξουσίας
3209 3641 3436 3722 ἀγαγεῖν
3489 3641 3732 3701 οὐδέποτε
3791 3643 3880 3702 δυ-

2221 3728 2358 3804 νήσῃ
2390 3729 2450 3786 τὸ
2497 3727 2782 3809 πρόσωπον
2829 3731 2985 3790 αὐτοῦ
3034 3728 3294 3794 καδιδεῖν.
3355 3741 3529 3792 Ταῦτα
3587 3733 3816 3798 ἄκουσας
3850 3737 3878 3792 ὁ

2219 3816 2557 3892 κοιτωνίτῃς,
2629 3821 2721 3877 καὶ
2787 3819 2872 3877 ἐπὶ
2940 3819 3132 3878 πλεῖον
3201 3823 3291 3878 τὸν
3361 3819 3519 3902 ἄνδρα
3573 3823 3879 3906 θαυμάσας,

2219 3906 2406 3986 γράφει
2476 3907 2618 3984 αὐτῷ
2688 3907 2975 3977 ἐπιστολὴν
3049 3907 3425 3978 δυσωπητικὴν
3460 3959 3477 3987 ,
3578 3911 3880 3988 συμπλέξας

2218 3997 2354 4072 αὖτῇ
2382 3996 2472 4054 καὶ
2499 3995 2686 4076 ὅρκους
2738 3999 3010 4079 φρικτοὺς³
3064 3999 3158 4057 ἵνα
3202 3997 3315 4056 εἴτε
3364 4001 3496 4080 πρὸς
3546 4003 3702 4060 αὐτὸν
3731 4000 3880 4082 ἐξερ-

2218 4084 2436 4166 χομένῳ
2464 4085 2542 4161 μὴ
2590 4085 2874 4168 ἀποκρύψῃ
2937 4088 3122 4146 ἑαυτὸν
3183 4086 3279 4146 ἀπ’
3319 4093 3497 4165 αὐτοῦ,
3557 4090 3669 4148 εἴτε
3714 4112 3880 4149 κατα-

2218 4171 2381 4251 ξιώσῃ
2410 4173 2464 4230 ἐν
2517 4180 2593 4249 τῷ
2647 4176 2858 4257 κάστρῳ
2910 4174 3163 4235 εἰσελθεῖν
3209 4177 3299 4236 καὶ
3353 4177 3643 4258 εὐλογῆσαι
3693 4181 3876 4260 αὐτὸν,

2218 4265 2306 4320 καὶ
2332 4263 2532 4342 πάντας
2560 4265 2680 4328 τοὺς
2709 4266 2801 4322 σὺν
2830 4267 2994 4342 αύτῷ.

2299 4341 2396 4419 ξεί
2433 4343 2490 4411 Ὀ
2523 4350 2578 4410 δὲ
2633 4353 2777 4419 ὅσιος
2835 4341 3018 4436 Πατὴρ
3076 4356 3234 4432 ἡμῶν
3291 4355 3485 4424 Νεῖλος
3544 4359 3606 4415 τὸ
3665 4359 3763 4437 μὲν
3791 4358 3880 4417 διὰ

487 4453 636 4516 erat,
670 4453 794 4508 tum
823 4453 890 4508 ut
918 4454 978 4509 et
1002 4446 1135 4526 ipse
1179 4445 1513 4526 principem
1543 4444 1658 4507 sibi
1685 4444 1758 4506 ad
1788 4443 2134 4509 auscultano

2228 4441 2340 4504 τοὺς
2397 4441 2795 4522 γεγραμμένους
2841 4441 3054 4524 ὅρκους,
3105 4447 3167 4502 τὸ
3223 4443 3278 4502 δὲ
3333 4445 3426 4504 ’ίνα
3481 4446 3642 4504 πάλιν
3697 4447 3732 4505 δ’
3783 4447 3878 4528 ἄρ-

486 4535 630 4619 dum
656 4535 1014 4616 paratiorem
1039 4535 1319 4602 redderet
1341 4553 1446 4615 pro
1489 4533 1849 4620 pauperibus
1876 4531 2130 4612 roganti,

489 4624 650 4688 venit
677 4623 741 4686 in
771 4623 1056 4705 oppidum
1089 4634 1146 4688 et
1175 4623 1426 4690 accessit
1454 4623 1528 4685 ad
1559 4621 2133 4687 cubicularium.llle

488 4712 752 4778 habitum
779 4722 837 4778 et
859 4713 1069 4778 faciem
1099 4712 1348 4777 intuitus
1378 4710 1812 4792 propheticam,
1845 4710 1965 4774 imo
1993 4730 2130 4776 vero

492 4803 848 4883 angelicam,
886 4802 1140 4884 procidit
1168 4801 1245 4866 ad
1275 4801 1459 4884 pedes
1484 4801 1662 4880 ejus,
1700 4808 1758 4862 et
1790 4819 1968 4864 manu
1999 4801 2132 4881 ejus

490 4892 806 4972 prehensa,
857 4892 1032 4956 simul
1083 4891 1338 4971 ingressi
1385 4897 1522 4952 sunt
1571 4888 1931 4955 cubiculum.
1967 4889 2136 4961 Tunc

491 4981 775 5066 praecepit
802 4981 1038 5046 cuidam
1084 5001 1156 5044 ex
1213 4978 1599 5046 ﬁdelissimis.
1631 4979 1766 5056 sibi,
1799 4989 1866 5043 ut
1894 4981 2133 5048 aﬂ‘erret

492 5068 710 5136 librum
739 5069 1066 5154 Exangelii,
1097 5073 1298 5152 aitque
1322 5069 1395 5131 ad
1428 5076 1697 5135 sanctum
1731 5085 1746 5131 :
1809 5068 2127 5146 Quoniam,

488 5157 663 5229 beate
715 5161 914 5238 Pater,
966 5159 1228 5243 suspicio
1283 5157 1582 5226 mendacii
1635 5157 1776 5227 facit
1827 5165 1894 5227 ut
1947 5159 2126 5228 homo

557 5351 623 5405 48
647 5351 803 5418 Psal.
831 5368 1057 5433 cxxvn,
1084 5351 1147 5416 2.

2217 4553 2336 4613 χων
2365 4533 2508 4606 αὐτῷ
2536 4533 2811 4610 ὑπακούσῃ
2868 4532 2922 4590 ἐν
2975 4539 3046 4612 τῇ
3099 4535 3217 4613 περὶ
3272 4539 3378 4592 τῶν
3435 4542 3674 4617 πτωχῶν
3703 4558 3881 4616 παρα-

2215 4620 2427 4696 κλήσει,
2500 4619 2895 4698 καταλαμϐάνει
2931 4624 3026 4705 ’τὸ
3103 4623 3351 4703 κάστρον,
3425 4626 3518 4682 καὶ
3581 4626 3712 4705 πρὸς
3781 4627 3879 4682 τὸν

2215 4711 2529 4777 κοιτωνίτην
2593 4709 2854 4778 είσῆλθεν.
2929 4702 2987 4770 ιΟ
3043 4709 3105 4768 δὲ
3159 4702 3481 4789 θεασάμενος
3537 4702 3731 4795 σχῆμα
3783 4718 3880 4773 καὶ

2213 4800 2496 4880 πρόσωπον
2558 4802 2909 4884 προφητικὸν³
2971 4799 3172 4877 μᾶλλον
3229 4799 3284 4860 δὲ
3341 4801 3648 4881 ἆγγελικὸν,
3707 4823 3881 4884 προσ-

2218 4890 2470 4959 εκύνησεν
2500 4890 2584 4948 ἐπὶ
2614 4891 2734 4954 τοὺς
2791 4889 2957 4956 πόδας
3015 4893 3172 4951 αὐτοῦ
3201 4906 3216 4920 ⁸
3279 4892 3369 4949 καὶ
3413 4894 3682 4972 κρατήσας
3714 4892 3877 4950 αὐτὸν

2215 4984 2314 5048 τῆς
2371 4981 2580 5062 χειρὸς,
2644 4978 2884 5049 εἰσῆλθον
2956 4980 3116 5062 ἄμφω
3174 4979 3228 5038 ἐν
3275 4987 3354 5056 τῷ
3411 4987 3627 5039 κοιτῶνι
3684 4981 3871 5048 αὐτοῦ,

2215 5069 2482 5135 Κελεύσας
2540 5068 2596 5126 δὲ
2653 5069 2745 5128 ἕνα
2799 5076 2905 5128 τῶν
2960 5070 3290 5130 πιστοτάτων
3349 5069 3492 5148 αύτῷ
3535 5072 3596 5127 τὸ
3625 5070 3873 5150 Εὐαγγέ-

2212 5153 2329 5218 λιον
2396 5157 2658 5238 ἐνεγκεῖν,
2731 5155 2880 5240 λέγει
2935 5166 3016 5243 τῷ
3069 5160 3334 5239 μακαρίτῃ
3367 5173 3388 5198 ⁸
3459 5156 3688 5238 Επειδὴ²
3747 5159 3874 5242 ἅγιε

1865 5521 2114 5586 Joannis
2141 5521 2268 5587 Clei
2295 5530 2470 5588 notae.

571 5694 690 5779 (51)
735 5693 990 5779 Sirletus
1044 5712 1118 5758 ex
1163 5696 1394 5779 Graeco
1426 5693 1721 5779 κοιτονίτης
1748 5691 1925 5779 vertit
1949 5701 2135 5779 creto-

493 5772 686 5860 rietes,
722 5777 881 5860 quod
912 5774 1594 5860 tamen_cub_icularium
1626 5772 1913 5860 principis
1940 5773 2134 5854 signi-

493 5794 686 5855 neres,
722 5794 881 5860 quoa
912 5794 1110 5839 tamen
1165 5794 1594 5841 ευοιουιενιιιω
1665 5794 1913 5856 rtnclpts
1940 5794 2132 5854 διεω-

487 5855 646 5936 ﬁcat,
678 5869 746 5924 ut
758 5857 924 5924 varie
941 5857 1098 5941 apud
1111 5854 1398 5937 Caesium
1412 5794 1686 5936 exempl):
1695 5853 2132 5922 demonstrant.

2213 5693 2434 5777 Eorum
2465 5712 2613 5777 pore
2635 5711 2764 5769 non
2779 5710 2970 5777 pana
2985 5697 3114 5759 erit
3132 5691 3869 5775 digitaewtoritasque,

2214 5783 2284 5840 ut
2308 5774 2536 5842 ibidem
2565 5774 2774 5858 liquet.
