4182 6394
443 323 562 390 115

1951 328 2313 397 ΛΝΟΝΥΜΙ

3725 340 3842 406 116

441 459 636 556 potest
664 473 835 556 meus
884 454 1400 556 esse_discipulus
1461 458 1572 556 fit.
1616 481 1665 556 »_
1703 456 1796 522 Ad
1826 456 2103 556 haecpon

2190 482 2219 516 ε
2256 458 2440 556 ,Ἐμόν
2468 463 2580 556 ἐστι
2627 465 2689 556 τδ
2719 465 2939 556 χρυσίον
2986 466 3077 523 καὶ
3131 467 3193 524 τδ
3248 466 3495 548 ἀργύριον
3529 488 3546 506 ο
3607 492 3637 526 ι
3699 470 3788 526 καί
3819 486 3839 505 ⁶

441 543 863 625 acquiescente
916 544 1308 625 cubiculario,
1371 549 1479 611 sed
1539 546 1693 623 ﬁeri,
1752 544 1911 628 quod
1969 547 2101 629 ipse

441 632 679 783 valetbat
708 633 1041 719 adnitente,
1098 635 1345 720 reliquit
1406 658 1545 703 eum
1600 637 1812 702 beatus
1841 637 2016 699 Pater
2044 646 2104 701 et

445 738 482 783 a
524 741 566 783 ιι
599 772 613 783 .

445 738 613 787 ιωιι.

2189 573 2217 606 ι
2258 552 2429 618 Ὀστις
2498 554 2593 610 οῦκ
2659 552 3018 615 ἀποτάσσεται
3093 561 3221 612 πᾶσι
3288 559 3412 622 τοῖς
3493 559 3698 630 ἑαυτοῦ,
3779 558 3841 616 οὗ

2183 638 2397 699 δύναταί
2465 663 2566 717 μου
2632 643 2776 699 εἶναι
2846 643 3116 720 μαθητής,
3174 645 3316 709 Παὸς
3368 655 3533 707 ταῦτα
3584 654 3677 705 τοῦ
3727 667 3842 703 κοί·-

2184 730 2403 787 τωνίτου
2472 728 2836 813 ἐνισταμένου,
2907 732 2997 789 καὶ
3062 733 3126 790 τὸ
3195 731 3331 791 ἴδιον
3409 734 3616 813 θέλημα
3694 733 3843 813 γενέ-

2186 820 2304 875 σθαι
2375 817 2821 902 φιλονεικοῦντος,
2878 818 3187 880 καταλιπὼν
3259 822 3415 882 αὐτὸν
3485 828 3513 883 ὁ
3582 824 3842 903 μακάριος

2186 904 2421 975 ἐξῆλθεν,

1965 1071 2208 1138 CAPUT
2234 1071 2309 1139 X.

440 1176 708 1244 Insidias
733 1200 770 1244 a
797 1182 1071 1248 daemone
1089 1190 1355 1249 structas
1383 1187 1453 1251 S.
1482 1184 1664 1249 Nilus
1710 1190 1768 1248 et
1813 1187 2221 1265 episcopatum
2264 1180 2701 1247 Rossanensem
2749 1184 2870 1248 sibi
2923 1185 3302 1250 destinatum
3328 1188 3477 1265 fuga
3526 1185 3836 1249 declinat:

522 1270 967 1353 archiepiscopo
996 1277 1247 1337 consilio
1275 1292 1386 1338 suo
1417 1275 1799 1356 acquiescere
1825 1271 2059 1335 nolenti
2087 1276 2334 1334 mortem
2369 1272 2673 1337 funestam
2718 1274 2999 1354 praedicit
3031 1293 3046 1340 :
3094 1295 3134 1337 a
3179 1276 3440 1357 dynasta
3469 1274 3843 1339 Sarraceno-

520 1375 659 1421 rum
683 1376 795 1422 sua
825 1361 1079 1443 epistola
1106 1365 1391 1446 famaque
1420 1371 1579 1427 moto
1607 1362 1892 1426 abductos
1923 1369 2039 1424 tres
2065 1361 2387 1424 monachos
2416 1362 2636 1426 liberos
2663 1380 2798 1428 cum
2826 1365 3016 1427 variis
3041 1366 3295 1446 insuper
3321 1362 3495 1426 donis
3522 1365 3757 1444 recipit.

523 1526 623 1591 67.
656 1526 1176 1610 Euntiigiturcum
1188 1530 1413 1596 Davide
1433 1532 1725 1615 propheta
1740 1538 1799 1594 et
1825 1530 1899 1593 ad
1927 1547 2098 1592 suum

441 1617 765 1679 revertenti
831 1622 1283 1694 monasterium,
1344 1621 1486 1684 dum
1543 1621 1902 1684 versiculum
1931 1619 2100 1681 illum

440 1705 724 1769 recitaret
756 1725 772 1771 :
811 1729 835 1766 ι
872 1707 938 1771 In
968 1709 1067 1772 via
1092 1712 1226 1783 hac,
1259 1729 1376 1792 qua
1404 1710 1808 1793 ambulabam,
1841 1709 2101 1773 abscon-

444 1793 663 1857 derunt
694 1796 977 1878 laqueum
1010 1799 1159 1861 mihi
1189 1799 1265 1881 53,
1321 1824 1349 1855 ι
1408 1799 1640 1862 obviam
1702 1799 1769 1862 fit
1823 1799 1879 1861 ei
1909 1795 2105 1879 puella

445 1883 714 1964 quaedam
733 1885 857 1950 sola
880 1887 1117 1967 (53-54)
1134 1887 1197 1949 in
1222 1888 1419 1951 media
1438 1888 1552 1965 via,
1580 1907 1709 1971 quae
1731 1904 2106 1969 praecurrens

444 1972 788 2054 anteipsum
816 1976 1069 2055 projecit
1089 1995 1154 2039 se
1176 1986 1594 2058 transrersam,
1627 1996 1763 2040 cum
1780 1975 2104 2039 deﬂectere

444 2060 561 2123 alio
594 2080 715 2123 non
747 2061 956 2126 liceret
984 2064 1156 2128 beato
1193 2064 1376 2128 Patri.
1430 2064 1602 2129 Tunc
1632 2066 1842 2128 beatus
1871 2064 1960 2126 vir
1988 2063 2107 2145 spi-

445 2148 680 2212 ritalent
713 2168 1028 2219 assumens
1058 2153 1469 2217 fortitudinem
1530 2163 1590 2217 et
1638 2156 1871 2217 Satanae
1899 2152 2105 2215 dolum

445 2257 800 2322 agnoscens,
820 2242 1535 2325 percutitquidemipsam
1558 2243 1796 2318 baculo,
1833 2261 2012 2324 quem
2043 2241 2105 2303 in

447 2345 628 2389 manu
656 2326 932 2406 habebat,
958 2330 1181 2395 acriter
1212 2330 1502 2395 minatus:
1531 2331 1748 2394 resiliit
1774 2348 1914 2392 vero
1947 2330 2107 2392 velo-

444 2416 595 2479 citet
623 2418 787 2481 nulla
811 2418 1165 2502 interposita
1196 2439 1383 2497 mora,
1414 2420 1584 2501 juxta
1615 2419 2021 2502 proverbium,
2041 2433 2105 2481 et

446 2505 614 2570 abiit.
648 2506 723 2569 Et
752 2526 825 2571 ex
849 2527 921 2571 eo
974 2518 1241 2593 tempore
1289 2520 1574 2573 statutum
1634 2508 1864 2584 habuit,
1896 2517 1961 2570 ut
1992 2527 2102 2571 nec

448 2594 587 2671 sibi,
621 2614 733 2659 nec
790 2596 1039 2662 fratrum
1093 2598 1353 2679 cuipiam
1409 2598 1553 2660 solis
1582 2597 1674 2660 ire
1704 2596 2099 2679 permitteret.

448 2683 661 2747 Melius
695 2685 854 2747 enim
893 2695 1007 2765 est,
1040 2686 1258 2764 innuit,
1292 2686 1443 2749 duos
1474 2703 1627 2760 esse,
1658 2704 1834 2767 quam
1866 2704 2050 2746 unum
2085 2706 2099 2749 :

451 2779 550 2835 et:
587 2793 617 2835 ε
655 2773 754 2835 Vm
782 2774 918 2856 soli,
951 2774 1098 2856 quia
1125 2793 1260 2837 cum
1288 2774 1736 2856 ceciderit,non
1762 2771 1941 2835 habet
1962 2772 2105 2835 snb-

449 2860 744 2924 levantem
775 2880 839 2924 se
866 2864 952 2926 5‘.
986 2886 1015 2925 ι
1054 2862 1121 2925 In
1151 2863 1247 2926 his
1274 2862 1554 2925 omnibus
1584 2873 1790 2925 contra
1817 2862 2103 2924 adversa-

450 2948 615 3013 rium
642 2949 851 3015 beatus
881 2955 1054 3015 Pater
1081 2960 1287 3015 noster
1341 2952 1517 3017 Nilus
1559 2970 1696 3014 cum
1726 2969 1792 3013 se
1820 2950 2105 3013 victorem

451 3057 563 3122 per
594 3038 802 3119 Deum,
833 3040 937 3123 qui
967 3040 1180 3104 dilexit
1208 3041 1401 3120 illum,
1436 3049 1495 3104 et
1517 3041 1825 3123 probatum
1848 3041 2105 3122 pugilem

2266 1528 2342 1603 ξζ.
2376 1533 2475 1590 Καὶ
2504 1531 2567 1600 δὴ
2597 1533 2936 1614 πορευομένῳ
2961 1534 3054 1591 σὺν
3113 1531 3273 1591 Δαϐὶδ
3315 1541 3394 1610 τῷ
3442 1534 3714 1614 προ-ρήτῇ,
3746 1536 3842 1591 καὶ

2184 1619 2315 1698 πρὸς
2367 1620 2429 1676 τὸ
2498 1622 2695 1679 οἰκεῖον
2765 1622 3141 1704 ὑποστρέφοντι
3213 1625 3587 1705 μοναστήριοδ,
3656 1622 3709 1679 ἐν
3756 1629 3838 1698 τῷ

2186 1704 2360 1787 λέγειν
2377 1710 2547 1783 ,αὐτόν
2581 1725 2595 1741 ⁸
2648 1734 2676 1766 ο(
2708 1708 2800 1769 Ἐν
2829 1710 2934 1787 ὁδῷ
2962 1713 3127 1790 ταύτῃ
3157 1716 3193 1792 ᾗ
3222 1712 3579 1793 ἐπορευόμην,
3612 1710 3843 1791 apud/1v

2187 1795 2381 1875 παγίδα
2412 1821 2502 1874 μοι
2537 1818 2553 1833 ·
2592 1822 2616 1856 ι
2652 1801 2853 1874 ὑπαντᾷ
2907 1803 3048 1877 αύτῷ
3089 1803 3225 1861 κατὰ
3272 1803 3444 1880 μέσην
3471 1802 3569 1870 τὴν
3600 1799 3717 1859 ὁδὸν
3747 1802 3844 1877 μία

2186 1886 2321 1966 κόρη
2385 1888 2603 1968 μοναχὴ
2674 1892 2793 1961 ἥτις
2849 1890 3253 1971 προσδραμοῦσα
3308 1889 3598 1972 ἔμπροσθεν
3656 1890 3840 1963 αὖτοῦ,

2186 1972 2396 2055 ἔρριψεν
2467 1977 2659 2045 ἑαυτὴν
2728 1977 2780 2037 ἐν
2851 1987 3013 2057 στενῇ
3083 1978 3341 2057 διαϐάσει,
3418 1980 3470 2038 ἐν
3526 1983 3563 2058 ῇ
3629 1983 3723 2038 οὐκ
3773 1978 3842 2046 ἦν

2187 2062 2405 2122 ἄλλοθεν
2475 2064 2775 2147 διέρχεσθαι
2849 2070 2942 2125 τὸν
3028 2069 3309 2149 μακάριον,
3397 2070 3527 2127 Τότε
3596 2072 3624 2125 ὁ
3692 2072 3842 2133 θεῖος

2188 2151 2321 2233 ἀνὴρ
2377 2155 2741 2230 πνευματικὴν
2790 2154 2997 2235 ἀνδρίαν
3054 2154 3355 2229 ἀναλαϐὼν,
3409 2158 3498 2213 καὶ
3542 2158 3631 2213 τὸν
3686 2154 3841 2211 δόλον

2186 2249 2278 2298 τοῦ
2306 2249 2516 2299 Σατανᾶ
2571 2242 2838 2322 ἐπιγνοὺς,
2897 2245 3079 2301 τύπτει
3136 2246 3233 2321 μὲν
3287 2245 3450 2313 αὒτὴν
3481 2251 3549 2322 τῇ
3575 2245 3841 2323 βακτηρίᾳ

2185 2335 2286 2397 τῆς
2357 2333 2542 2412 χειρὸς
2612 2332 2770 2388 αὐτοῦ
2836 2330 3326 2414 ἐμϐριμησάμενος,
3402 2330 3711 2403 ἀπεπήδησε
3784 2330 3842 2387 δὲ

2185 2417 2444 2513 ταχέως,
2472 2422 2549 2497 μὴ
2620 2420 2935 2513 ἐγχρονίσας
3003 2422 3140 2513 κατὰ
3206 2422 3328 2513 τὴν,
3379 2422 3688 2513 παροιμίαν,
3750 2421 3842 2513 καὶ

2183 2506 2385 2587 ᾤχετο.
2420 2506 2633 2567 Ἐκτοτε
2706 2510 2876 2568 τοίνυν
2940 2508 3197 2585 συνεῖδεν,
3256 2512 3393 2587 μήτε
3449 2511 3641 2584 ἐαυτῷ,
3701 2511 3841 2584 μήτε

2186 2595 2478 2670 οἱῳδήποτε
2568 2603 2674 2655 τνῦν
2757 2596 2994 2678 ἀδελφῶν
3079 2600 3217 2655 κατὰ
3296 2599 3461 2674 μόνας
3540 2597 3839 2678 ἐπιτρέπειν

2184 2686 2511 2765 πορεύεσθαι.
2545 2685 2760 2766 Ἀγαθοὶ
2790 2689 2909 2768 γὰρ,
2941 2690 3120 2770 φησὶν,
3176 2691 3222 2745 οἱ
3278 2686 3366 2745 δύο
3420 2686 3548 2768 ὑπὲρ
3571 2689 3661 2744 τὸν
3692 2686 3786 2744 ἓνα
3824 2706 3839 2720 ⁶

2185 2776 2295 2856 καὶ,
2332 2798 2360 2830 ι
2396 2777 2523 2834 Οὐαὶ
2550 2783 2627 2852 τῷ
2653 2778 2749 2854 ἐνὶ,
2781 2775 2862 2834 ὅτι
2893 2777 2983 2836 ἐὰν
3040 2777 3200 2855 πέσῃ,
3253 2778 3347 2835 οὐκ
3397 2775 3536 2834 ἔστιν
3568 2778 3595 2833 ὁ
3623 2776 3837 2854 ἐγείρων

2186 2864 2365 2927 αὐτόν.
2397 2883 2428 2924 )
2468 2861 2556 2922 Ἐν
2585 2866 2788 2931 τούτοις
2817 2873 2976 2923 πᾶσιν
3033 2868 3388 2945 ὑπερνικτςσας
3422 2869 3449 2923 ὁ
3478 2864 3622 2928 ὅσιος
3653 2866 3839 2942 Πατὴρ

2186 2954 2340 3027 ἡμῶν
2394 2951 2588 3019 Νεῖλος
2644 2955 2737 3011 τὸν
2781 2954 3139 3030 ἀντικείμενον
3188 2953 3272 3011 διὰ
3320 2961 3413 3011 τοῦ
3466 2954 3842 3033 ἀγαπήσαντος

2188 3042 2343 3100 αὐτὸν
2400 3049 2551 3122 Θεοῦ,
2611 3045 2700 3100 val.
2766 3040 2980 3120 δόκιμος
3038 3042 3339 3111 παλαιστὴς
3400 3040 3726 3122 ἀναδειχθεὶς
3787 3041 3842 3099 ἕν

452 3128 809 3212 praebuisset
838 3139 897 3195 et
928 3131 988 3194 in
1020 3131 1268 3195 ferenda
1294 3130 1451 3194 fame
1479 3139 1536 3195 et
1554 3131 1961 3196 intentatione
1984 3149 2103 3192 mu-

2188 3152 2242 3186 τε
2296 3137 2365 3207 τῇ
2413 3136 2515 3198 τῆς
2573 3132 2759 3199 πείνης
2820 3134 3086 3210 ὑπομονῇ,
3147 3134 3236 3189 καὶ
3292 3137 3362 3209 τῇ
3416 3136 3515 3199 τῇς
3573 3129 3633 3188 ἐκ
3686 3129 3845 3188 λὶθων

453 3219 769 3283 tandorum
801 3220 1067 3303 lapidum
1116 3219 1180 3283 in
1237 3239 1443 3303 panes,
1502 3238 1740 3284 necnon
1769 3219 2107 3302 spernenda

454 3309 637 3371 totius
650 3309 860 3373 mundi
879 3309 1069 3391 gloria
1093 3316 1151 3372 et
1178 3309 1455 3391 pecunia,
1491 3328 1599 3391 per
1626 3327 1778 3391 quae,
1821 3308 1924 3390 qui
1954 3308 2109 3370 labi-

453 3405 571 3474 tur,
607 3404 961 3462 tentatorem
1010 3397 1239 3474 adorat,
1294 3398 1601 3481 victorque
1632 3417 1751 3460 non
1782 3397 1971 3460 semel
1999 3417 2106 3460 ex-

451 3486 719 3567 stitisset,
747 3488 856 3551 sed
887 3506 1043 3571 saepe
1074 3495 1132 3551 et
1159 3488 1222 3552 in
1254 3489 1410 3559 .aliis
1454 3488 1728 3569 plurimis
1773 3486 2112 3551 tentationi-

451 3576 566 3640 bus
610 3578 768 3660 quas
821 3578 1202 3641 multifariam
1264 3578 1585 3661 multisque
1641 3576 1836 3640 modis
1900 3595 2110 3658 passus

452 3673 564 3748 est,
590 3665 901 3748 oportebat
914 3685 1059 3730 sane
1083 3666 1253 3729 illum
1276 3667 1337 3730 in
1358 3666 1677 3749 pinnaculo
1698 3684 1935 3748 quoque
1964 3674 2109 3728 tem-

452 3753 534 3836 pli
565 3764 866 3836 postremo
896 3754 1164 3836 probari,
1199 3755 1252 3818 si
1294 3755 1358 3817 in
1418 3774 1489 3818 eo
1522 3773 1589 3818 se
1619 3755 1798 3817 vellet
1827 3754 2107 3819 deorsum

454 3843 716 3908 mittere.
748 3842 817 3907 In
845 3864 963 3927 quo
991 3844 1150 3927 vide,
1211 3864 1389 3927 quam
1446 3844 1600 3908 bene
1645 3844 1970 3909 Dominum
1999 3864 2106 3908 ac-

453 3932 805 4013 magistrum
832 3936 909 3996 sit
934 3933 1222 3999 imitatus.
1254 3936 1372 3998 Per
1395 3933 1541 3997 illud
1574 3942 1812 4015 tempus
1827 3927 2106 3997 defuncto

450 4021 704 4086 Rossani
733 4022 984 4105 praesule
1017 4023 1172 4105 (55),
1232 4023 1631 4105 quaerebatur,
1662 4025 1759 4105 qui
1791 4021 1865 4085 ad
1892 4041 2106 4086 succe-

452 4110 714 4173 dendum
774 4111 1032 4175 idoneus
1088 4119 1273 4187 esset,
1333 4109 1487 4191 Ergo
1544 4128 1779 4185 omnes,
1838 4129 1874 4173 a
1929 4128 2107 4193 parvo

2188 3219 2584 3298 ἀρτοποιήσεως
2639 3219 2908 3301 προσϐολῇ
2944 3240 2960 3257 ·
3018 3223 3149 3301 πρὸς
3204 3220 3410 3284 τούτοις
3465 3226 3533 3297 τῇ
3580 3225 3673 3276 τοῦ
3714 3241 3845 3276 παν-

2186 3310 2278 3373 τὸς
2309 3308 2511 3386 κόσμου
2542 3306 2689 3387 δόξῃ,
2749 3312 2837 3368 καὶ
3005 3316 3111 3366 τῶν
3170 3308 3469 3390 χρημάτων
3499 3308 3838 3388 ἀποστροφῇ,

2188 3396 2255 3455 δι’
2312 3401 2387 3455 ὦν
2456 3419 2536 3461 τις
2608 3402 2816 3456 πίπτων
2883 3406 2961 3473 τῷ
3017 3404 3279 3477 πειραστῇ
3349 3409 3632 3476 προσκυνεῖ
3664 3415 3679 3431 ⁸
3754 3398 3847 3452 καὶ

2189 3496 2352 3547 ταῦτα
2421 3487 2526 3569 οὔχ
2594 3485 2755 3558 ἅπαξ,
2816 3486 2951 3544 ἀλλὰ
3012 3485 3269 3550 πολλάκις
3313 3506 3328 3520 ⁸
3388 3486 3476 3542 καὶ
3529 3483 3582 3542 ἐν
3640 3484 3841 3565 ἑτέροις

2191 3575 2458 3641 πλείστοις
2514 3571 2811 3657 πειρασθεὶς
2868 3578 2954 3633 καὶ
3006 3577 3226 3646 νικήσας
3283 3572 3597 3654 πολυμερῶς
3646 3595 3705 3630 τε
3752 3576 3843 3631 καὶ

2187 3665 2534 3738 πολυτρόπως
2566 3684 2582 3701 ⁸
2643 3664 2745 3722 ἔδει
2793 3663 2848 3722 δὲ
2898 3665 3054 3722 αὗτὸν
3107 3665 3197 3721 καὶ
3256 3663 3309 3719 ἐν
3351 3669 3429 3738 τῷ
3459 3663 3721 3743 πτερυγίῳ
3746 3670 3843 3721 τ)ῦ

2186 3757 2325 3833 ἱεροῦ
2374 3753 2670 3820 ἀκολούθως
2730 3752 3136 3830 δοκιμασθῆναι,
3200 3751 3319 3831 εἶ’γε
3370 3749 3703 3817 καταδέξοιτο
3758 3749 3845 3807 δια

2187 3845 2371 3904 τούτου
2425 3841 2821 3911 καταϐληθῖψαι
2858 3861 2874 3878 ⁶
2934 3843 3029 3923 ὅρα
3085 3850 3199 3907 πῶς
3261 3841 3501 3918 μιμητὴς
3560 3839 3841 3920 ἀνεδείχθη

2188 3931 2285 3989 κάν
2329 3933 2499 4007 τούτῳ
2542 3939 2635 3990 τοῦ
2683 3930 2936 3990 δεσπότου
2986 3933 3074 3988 καὶ
3130 3928 3467 3993 διδασκάλου,
3501 3927 3589 3988 Ἐν
3619 3929 3843 3994 ἐκείναις

2187 4021 2288 4100 γὰρ
2346 4034 2470 4085 ταῖς
2525 4020 2751 4100 ἡμέραις
2812 4020 3227 4091 τελευτήσαντος
3284 4025 3376 4077 τοῦ
3434 4018 3848 4099 ἀρχιερατεύον-

2188 4130 2279 4175 τος
2349 4109 2404 4166 ἐν
2468 4116 2545 4186 trp
2614 4101 2886 4191 (Ρυσιάνῳ,
2959 4110 3137 4190 ἐτέρου
3218 4106 3273 4164 δὲ
3342 4107 3669 4184 ζητουμένου
3749 4115 3845 4164 τοῦ

451 4217 642 4281 usque
666 4199 741 4263 ad
773 4218 1078 4280 magnum,
1104 4219 1224 4262 uno
1245 4218 1543 4263 consensu
1566 4197 2009 4280 conspirarunt,
2042 4206 2108 4262 ut

2193 4197 2481 4276 δυναμένου
2548 4199 2640 4256 τὸν
2708 4199 2871 4258 τόπον
2944 4196 3350 4277 ἀναπληρῶσαι,
3427 4203 3551 4273 μιᾶς
3621 4196 3845 4274 γνώμης

451 4287 690 4351 beatum
723 4293 982 4369 Patrem,
1015 4288 1165 4352 nihil
1201 4288 1320 4352 tale
1342 4287 1708 4370 opinantem,
1740 4293 2015 4349 tenerent
2051 4293 2108 4349 et

2190 4288 2436 4367 γεγόνασι
2465 4286 2682 4363 πάντες,
2742 4287 2920 4367 μικροί
2973 4308 3030 4343 τε
3083 4286 3173 4343 καὶ
3230 4284 3474 4363 μεγάλοι,
3528 4294 3621 4344 τοῦ
3649 4285 3845 4364 ἀπροσ-

451 4396 561 4461 per
587 4377 705 4440 vim
731 4377 1138 4442 ecclesiastica
1166 4378 1229 4440 in
1260 4377 1405 4441 sede
1456 4377 1847 4467 collocarent,
1881 4375 2103 4459 quippe

2194 4373 2431 4447 δοκήτως
2487 4388 2824 4456 περικρατεῖς
2873 4374 3112 4461 γενέσθαι
3160 4383 3255 4432 τοῦ
3307 4373 3580 4430 θεσπεσίου
3616 4374 3841 4454 Πατρὸς,

450 4459 550 4550 qui
581 4468 758 4531 vitam
789 4475 1019 4549 ageret,
1055 4486 1233 4549 quam
1262 4485 1461 4530 sermo
1493 4464 1832 4549 exprimere
1863 4484 1981 4527 non
2010 4483 2107 4527 va-

2192 4465 2282 4522 καὶ
2333 4466 2422 4542 βίᾳ
2447 4471 2631 4521 τοῦτον
2661 4471 2737 4539 τῷ
2764 4464 2931 4544 θρόνῳ
2954 4459 3056 4531 ’τῇς
3116 4460 3400 4550 ἐκκλησίας
3456 4459 3844 4550 ἐγκαθιδρῦσαι,

450 4547 593 4640 leat,
607 4564 665 4621 et
685 4547 1026 4621 sermonem
1043 4547 1435 4620 b'aberetvitaa
1454 4547 1943 4638 respondentem.
1960 4553 2106 4619 Cum

2190 4557 2264 4620 ὡς
2323 4554 2416 4611 ἅτε
2486 4555 2597 4632 βίον
2672 4552 2868 4634 ἔχοντα
2937 4552 3067 4631 ὑπὲρ
3121 4549 3305 4630 λόγον,
3366 4551 3455 4607 καὶ
3523 4552 3615 4607 τὸν
3685 4547 3847 4627 λόγον

449 4638 586 4710 hoc
616 4646 922 4729 cepissent
989 4644 1251 4725 consilii,
1311 4645 1728 4728 primoresque
1786 4642 1994 4726 populi
2049 4652 2108 4709 et

2190 4641 2483 4725 ἐφαμιλλον
2551 4641 2880 4718 κεκτημένον
2947 4644 3024 4715 τῷ
3077 4640 3194 4717 βίῳ.
3253 4639 3433 4714 Τούτῳ
3487 4640 3655 4697 τοίνυν
3712 4638 3845 4714 βου·-

450 4734 658 4799 clerici
688 4727 993 4816 digniores
1024 4727 1366 4811 tenderent,
1414 4742 1478 4796 ut
1530 4732 1901 4797 exsecutioni
1934 4751 2104 4794 man-

2189 4731 2550 4809 λευσαμένων,
2614 4734 2701 4788 καὶ
2756 4729 3106 4811 ὁρμησάντων
3165 4727 3440 4808 ἀρχόντων
3490 4750 3547 4785 τε
3599 4729 3687 4785 καὶ
3742 4733 3848 4784 τῶν

449 4824 687 4900 darent,
723 4814 883 4905 quod
914 4830 1270 4899 statuerant,
1303 4822 1615 4905 praecurrit
1640 4821 1904 4905 quidam,
1937 4840 2105 4884 rem-

2191 4820 2395 4902 ἐξόχων
2455 4828 2549 4879 τοῦ
2619 4818 2819 4900 κλήρου
2889 4820 3018 4899 πρὸς
3090 4819 3151 4875 τὸ
3208 4815 3489 4896 πληρῶσαι
3548 4819 3609 4874 τὸ
3665 4814 3841 4891 δόξαν,

453 4932 571 4996 que
599 4911 762 4978 Patri
790 4911 1104 4976 denuntiat
1135 4933 1151 4978 :
1200 4912 1448 4996 putabat
1468 4911 1655 4989 enim,
1679 4930 1747 4977 se
1770 4911 2104 4992 illigratum

2188 4908 2549 4992 προλαμϐάνει
2619 4932 2724 4991 τις,
2812 4910 2901 4966 καὶ
2985 4911 3063 4984 τῷ
3152 4907 3313 4986 Πατρὶ
3397 4905 3714 4987 ἀναγγέλλει
3785 4908 3847 4963 τὸ

527 5082 589 5138 δ’
613 5083 762 5150 Luc.
786 5097 912 5161 xiv,
944 5080 1049 5150 33.
1130 5080 1187 5129 ⁵³
1212 5082 1371 5150 Psal.
1399 5097 1558 5164 om,
1589 5083 1652 5149 4.
1734 5082 1800 5137 54
1819 5078 1982 5147 Eccl.
2014 5095 2099 5159 ιν,
2135 5080 2231 5145 10.

1832 5257 2081 5323 Joannis
2118 5256 2247 5323 Clei
2274 5263 2451 5321 notae.

525 5396 764 5480 (53-54)
791 5395 995 5462 Sirleti
1016 5391 1211 5460 versio
1235 5393 1415 5459 habet
1422 5392 1636 5482 puella
1652 5390 1982 5482 monacho:
2009 5415 2112 5469 μο-
2190 5393 2303 5482 si_m
2334 5411 2455 5482 pro
2474 5391 2770 5475 primariis
2788 5393 2863 5482 _in
2892 5392 3246 5482 sacerdotali
3277 5390 3489 5482 ordine
3519 5396 3578 5482 et
3601 5388 3841 5482 episco-

447 5472 595 5564 vaﬁ.
616 5496 725 5560 per
742 5472 937 5543 solum
959 5485 1183 5541 tantum
1204 5472 1501 5564 expressit
1517 5472 1907 5564 Caryophilus
1932 5492 1948 5548 ;
1988 5489 2110 5535 non
2194 5472 2578 5564 pissiimit'ur,
2604 5473 2997 5564 superiusque
3011 5473 3256 5564 evidens
3271 5481 3383 5564 est,
3410 5481 3532 5564 tum
3555 5472 3843 5550 temporis

445 5551 634 5646 recte,
665 5576 731 5631 ut
756 5567 1032 5649 videtur}
1052 5551 1456 5649 quippe'quod
1487 5562 1586 5626 hic
1616 5551 1976 5627 mouacham
1992 5579 2101 5624 seu
2180 5551 2750 5649 archiepiscopalem
2775 5551 3035 5649 nondum
3060 5555 3240 5647 fuisse
3263 5551 3839 5649 sedemﬁossanen:

446 5630 795 5715 solitariam
822 5630 1133 5730 signiﬁcat.
1158 5630 1176 5648 ⁸
1199 5630 1217 5648 ³
1295 5630 1337 5730 μ’
1520 5724 1534 5730 _
1791 5728 1799 5730 _
1853 5728 1860 5730 Α
2181 5653 2332 5730 sem.
2357 5630 2578 5730 fideli
2604 5647 2897 5730 possim},
2922 5654 3052 5728 qua;
3102 5634 3262 5730 circa
3290 5635 3401 5696 hac
3430 5630 3841 5730 observavioail

532 5711 658 5809 (55)
675 5711 967 5809 'Sirleti‘is
994 5726 1459 5809 ἆρχιερατεύοντος
1517 5724 1945 5809 interpretetur
1991 5739 2102 5784 ar-

2188 5715 2330 5778 Acta
2356 5716 2463 5809 εξ,
2497 5711 2771 5799 Cypriani
2789 5724 2846 5780 et
2867 5711 3118 5780 Iustinae
3138 5717 3476 5778 Comment.
3504 5711 3703 5794 praevii
3727 5711 3756 5793 §
3778 5714 3841 5788 ὃ,

448 5797 839 5895 chiepiscopo,
867 5807 974 5874 sed
1006 5797 1359 5892 perperam;
1381 5805 1603 5870 etenim
1630 5797 1738 5867 vox
1757 5800 2102 5886 Graecapas-
2184 5814 2354 5860 num.
2392 5797 2486 5861 76.
