4182 6406
450 378 568 450 119

1950 383 2305 453 ΑΝΟΝΥΜΙ

3714 386 3833 456 120

440 513 641 609 gladio
666 482 731 579 [te
777 513 1166 597 perimentes.
1223 511 1311 609 D_e
1371 531 1538 609 pace
1575 520 1775 609 autem
1804 512 2116 609 Calabriae.

2198 520 2313 597 ῐῖμά
2382 546 2477 582 σου
2547 526 2754 585 πίονται
2819 530 3061 609 μαχαίρᾳ
3110 549 3169 593 σε
3223 528 3646 591 θανατώσαντες.
3723 523 3833 583 Καὶ

446 622 524 666 ne
552 602 817 680 labores,
842 622 955 666 nec
973 620 1182 685 preces
1204 602 1499 677 eﬂ'undas,
1521 603 1636 665 hoc
1668 601 1826 664 enim
1850 603 2101 667 univer-

447 709 654 753 sorum
688 690 944 754 Domino
977 710 1095 753 non
1129 690 1343 773 placet.
1372 689 1540 752 Tunc
1568 689 1766 753 fratris
1799 699 2099 772 metropo—

446 779 566 863 litae
595 779 785 842 ﬁlius:
808 779 1244 862 Vides,inquit,
1262 786 1468 842 sancte
1487 781 1681 857 Pater,
1699 789 1842 861 quot
1869 781 2101 843 animas

443 868 987 932 reverendissimus
1043 866 1368 931 liberavit?
1421 867 1754 945 Respondit
1811 877 2095 932 sanctus:

445 959 572 1023 Nos
610 957 861 1036 animas,
898 959 1005 1021 sed
1027 957 1596 1039 corporaliberavit.
1630 958 1881 1022 Prodest
1901 967 2096 1021 autem

448 1046 719 1131 pluribus
741 1055 799 1109 et
819 1066 1138 1129 corporum
1159 1046 1424 1123 afflictio,
1451 1047 1668 1128 quibus
1697 1048 1944 1112 libertas
1956 1049 2103 1111 mul-

449 1144 643 1226 torum
664 1137 956 1200 malorum
979 1137 1044 1198 ﬁt
1066 1154 1233 1211 ansa,
1250 1136 1753 1218 quemadmodum
1769 1136 2102 1226 furentibus

450 1225 714 1309 prodest,
748 1226 906 1309 quod
942 1226 1164 1289 medici
1193 1226 1331 1289 illos
1355 1226 1677 1288 occludant
1705 1235 1765 1288 et
1786 1227 1942 1289 fame
1971 1225 2103 1288 cru-

449 1315 632 1378 cient.
663 1314 833 1388 Quod
879 1315 930 1377 si
986 1315 1134 1392 haec,
1199 1333 1331 1396 qua:
1391 1314 1643 1377 molesta
1690 1315 1998 1391 videntur,
2029 1315 2100 1377 ad

452 1404 773 1467 multorum
806 1405 1057 1468 salutem
1091 1404 1240 1467 nihil
1299 1403 1668 1481 conferrent,
1725 1412 1887 1468 certe
1918 1424 1948 1467 a
1978 1405 2103 1468 Deo

451 1514 572 1558 non
603 1495 1111 1577 permitterentur.
1172 1494 1422 1577 Oportet
1472 1503 1670 1557 tamen
1700 1514 1735 1559 a
1765 1498 2107 1578 potentibus

448 1584 731 1648 auxilium
769 1585 858 1647 eis
888 1584 1138 1664 impedi,
1165 1584 1357 1666 quoad
1407 1585 1540 1666 ejus
1582 1585 1713 1647 ﬁeri
1748 1585 1951 1666 possit.
1986 1588 2108 1650 Me-

2184 613 2301 697 “FP1
2354 618 2453 681 τῆς
2509 616 2725 696 εἶρήνης
2777 622 2877 684 τῆς
2947 615 3246 697 Καλαϐρίας
3305 617 3383 694 μὴ
3436 621 3632 689 κοπιῶ,
3692 610 3836 689 μηδὲ

2183 696 2343 776 ἀξίου,
2406 703 2465 760 οὗ
2535 706 2635 784 γὰρ
2694 702 2901 763 εὗδοκεϊ
2957 708 2986 763 ὁ
3218 705 3355 764 ὅλων
3431 705 3704 771 Δεσπότης
3776 701 3836 757 ἐν

2181 790 2372 864 τούτῳ.
2419 792 2575 874 ᾼέγει
2604 791 2659 849 δὲ
2700 796 2831 874 πρὸς
2891 797 3046 855 αὐτὸν
3107 798 3136 853 ὁ
3187 795 3405 872 ἀνεψιὸς
3432 804 3526 854 τοῦ
3552 812 3837 872 μητροπο-

2181 874 2326 936 λίτου
2358 896 2373 911 ⁸
2426 871 2605 961 Ὀρᾷς,
2658 871 2830 963 Πάτερ
2879 882 3020 965 ἅγιε,
3072 883 3242 948 πόσας
3302 871 3619 949 δδεσπότης
3650 871 3838 959 ψυχὰς

2184 965 2582 1052 ἠλευθέρωσεν,
2630 967 2915 1044 Ἀπεκρίθη
2961 970 3015 1028 δὲ
3058 972 3201 1047 αὐτῷ
3247 974 3275 1030 ὁ
3304 970 3448 1034 ὅσιος
3483 987 3500 1005 ⁸
3554 970 3625 1028 θ’)
3655 969 3842 1048 ψυχὰς

2185 1054 2534 1137 ἦλευθέρωσεν
2566 1106 2585 1136 ,
2656 1058 2792 1117 ἀλλὰ
2878 1060 3125 1137 σώματα,
3215 1059 3496 1118 Λυσιτελεϊ
3582 1056 3636 1114 δὲ
3714 1069 3842 1118 το·’ς

2186 1144 2412 1211 πολλοῖς
2468 1150 2557 1204 καὶ
2612 1150 2646 1218 ἡ
2714 1156 2821 1207 τῶν
2894 1150 3161 1226 σωμάτων
3230 1151 3487 1230 κάκωσις,
3559 1146 3701 1230 ὅσῃς
3774 1146 3841 1201 τδ

2184 1231 2551 1314 ἐλευθεριάζειν
2607 1235 2823 1294 πολλῶν
2892 1218 3072 1295 κακῶν
3141 1238 3295 1297 αἵτον
3352 1218 3575 1317 γίνεται.
3640 1218 3840 1313 ’Ὠσπερ

2186 1324 2238 1377 αἱ
2306 1324 2449 1402 παρὰ
2515 1328 2620 1381 τῶν
2690 1328 2882 1407 ἰατρῶν
2938 1341 3059 1391 τοῖς
3119 1325 3459 1405 μαινομένοις
3514 1322 3843 1403 συγκλείσεις

2186 1432 2243 1466 τε
2271 1413 2359 1468 καὶ
2387 1411 2762 1494 λιμαγχονίαι,
2794 1418 2853 1474 Ei
2883 1414 2937 1472 δὲ
2997 1416 3075 1493 μὴ
3131 1424 3297 1474 ταῦτα
3352 1414 3603 1472 δοκοῦντα
3629 1411 3849 1490 λυπηρὰ

2186 1505 2255 1577 τῇ
2322 1507 2428 1558 τῶν
2484 1501 2699 1560 πολλῶν
2768 1512 3011 1586 σωτηρίᾳ
3072 1503 3379 1585 κυνέὄαλεν,
3443 1503 3539 1561 οὒκ
3593 1499 3655 1557 ἂν
3708 1500 3847 1579 πρὸς

2188 1599 2281 1649 τοῦ
2311 1597 2441 1650 Θεοῦ
2486 1595 2934 1674 συνεχωρήθησαν
2990 1595 3245 1673 γίνεσθαι,
3310 1602 3407 1650 Δεῖ
3436 1590 3493 1648 δὲ
3546 1590 3690 1667 ὅμως
3720 1590 3849 1651 τοὺς

450 1674 728 1756 tropolita
755 1692 888 1737 cum
913 1675 1041 1736 haec
1081 1674 1346 1736 audisset
1385 1682 1445 1735 et
1480 1674 1730 1737 consilio
1766 1674 1957 1737 Patris
1988 1693 2109 1737 non

2198 1675 2504 1752 δυναμένους
2571 1683 2787 1758 βοηθεῖν
2843 1696 2962 1748 τοῖς
3017 1684 3302 1759 τοιούτοις,
3364 1681 3485 1739 ὅσον
3539 1678 3844 1759 ἐκδέχεται,

453 1762 775 1844 paruisset,
808 1762 1154 1851 vaticinium
1183 1762 1246 1823 in
1276 1779 1341 1824 se
1370 1762 1747 1844 adimplevit.
1769 1763 1843 1826 At
1871 1773 2110 1827 sanctus

2198 1775 2367 1826 Ταῦτα
2410 1772 2438 1825 ὁ
2486 1770 2880 1851 μητροπολίτης
2937 1772 3187 1842 ἀκούσας,
3248 1772 3337 1829 καὶ
3389 1776 3458 1847 τῆ
3507 1791 3564 1826 τε
3632 1769 3839 1845 Πατρὸς

452 1854 631 1915 Pater
658 1859 863 1915 noster
886 1850 1055 1914 Nilus
1086 1858 1211 1914 tum
1244 1851 1431 1914 nimio
1479 1852 1827 1915 austerioris
1854 1853 1989 1915 vitae
2018 1854 2104 1915 la-

2198 1855 2478 1932 συμϐουλίᾳ
2532 1848 2609 1935 μῆ
2664 1862 2989 1942 ύπακούσας,
3050 1862 3110 1917 τὸ
3168 1860 3528 1942 προφητευθὶν
3584 1858 3727 1932 αὒτῷ
3753 1853 3844 1913 ἐπ’

453 1941 623 2016 bore,
656 1949 783 2003 tum
812 1940 1267 2031 ingravescente
1293 1941 1642 2031 jam_a3tate,
1692 1960 1829 2003 nam
1860 1941 1985 2004 fere
2015 1960 2108 2004 se-

2198 1946 2344 2002 αΒτὸν
2373 1945 2642 2016 ἐτελέσθη,
2682 1940 2738 2007 Ὀ
2795 1947 2849 2005 δὲ
2905 1949 3049 2014 ὅσιος
3112 1940 3296 2031 Πατὴρ
3348 1952 3503 2025 ἡμῶν
3558 1945 3749 2009 Νεῖλος
3779 1946 3846 2001 τὸ

453 2029 822 2111 xagesimum
850 2028 1063 2110 agebat
1089 2047 1337 2105 annum,
1403 2028 1822 2093 deficientibus
1848 2030 2104 2114 viribus,

2198 2036 2285 2111 μὲν
2316 2035 2377 2091 ἐκ
2430 2045 2525 2096 τοῦ
2573 2036 2773 2095 πολλοῦ
2828 2046 2927 2107 τῆς
2984 2028 3278 2110 ἀσκήσεως*
3319 2039 3506 2109 πόνου.
3564 2039 3625 2092 τὸ
3674 2034 3728 2091 δὲ
3782 2034 3850 2091 ἐς

456 2138 579 2181 non
605 2117 837 2180 valebat
860 2118 1122 2198 amplius
1154 2116 1345 2198 longis
1369 2118 1688 2180 itineribus
1737 2119 2014 2202 pedester
2041 2138 2106 2183 se

2198 2127 2293 2182 τῶν
2322 2126 2531 2206 χρόνων
2563 2130 2748 2196 ἱκανῆς
2795 2128 3037 2209 περιόδου
3073 2150 3087 2165 ⁸
3147 2131 3266 2210 περὶ
3318 2130 3418 2208 γὰρ
3473 2128 3540 2184 τὰ
3588 2124 3850 2197 ἑξήκοντα

456 2206 830 2297 committere
850 2206 982 2270 sine
1005 2207 1272 2288 periculo
1303 2228 1316 2271 :
1339 2206 1538 2288 itaque
1558 2208 1834 2271 utebatur
1852 2226 2005 2290 equo
2030 2208 2104 2271 ad

2198 2213 2281 2283 ίτη
2309 2217 2551 2297 ὑπῆρχεν
2584 2234 2600 2250 ⁸
2653 2206 2980 2289 ἀδυνατήσας
3035 2206 3247 2289 λοιπὸν,
3306 2206 3401 2274 καί
3424 2215 3615 2292 μηκέτι
3642 2215 3849 2295 ἰσχύων

457 2296 787 2361 subsidium
819 2317 1049 2379 magna;
1092 2297 1568 2387 imbecillitatis:
1631 2317 1767 2360 nam
1814 2298 2102 2387 majorem

2198 2307 2279 2370 τὰς
2351 2307 2557 2387 μακρὰς
2629 2305 2777 2371 ὁδοὺς
2834 2306 3118 2372 ἀκινδύνως
3186 2314 3521 2384 πεζοπορεϊν,
3584 2303 3853 2383 ἐκέχρητο

453 2387 689 2450 itineris
717 2395 944 2470 partem
974 2386 1169 2450 studio
1210 2382 1517 2449 servandae
1552 2386 1956 2469 continentia,
1988 2404 2108 2468 qua

2198 2393 2344 2468 ίππεμ
2404 2382 2534 2473 πρὸς
2584 2399 2863 2475 θεραπειαν
2915 2401 3015 2464 τῆς
3078 2395 3287 2464 πολλῆς
3335 2382 3543 2457 ἀτονίας
3577 2409 3594 2427 ⁸
3651 2382 3838 2471 ἐνγΞιρ

455 2475 734 2566 virtutes
768 2476 1179 2566 continentur,
1233 2494 1451 2558 equum
1510 2478 1765 2566 trahens
1801 2475 1933 2557 ipse
1959 2475 2103 2539 ibat.

2198 2491 2267 2559 τῷ
2320 2482 2521 2541 πλείονι
2576 2491 2675 2553 τῆς
2745 2483 2865 2542 ὁδοῦ
2921 2485 3090 2566 μέρει,
3141 2484 3289 2565 λόγῳ
3344 2489 3444 2551 τῆς
3501 2486 3844 2563 περιεκτικῆς

458 2563 670 2643 Quem,
701 2563 843 2628 dum
871 2572 1111 2628 sanctus
1138 2564 1322 2628 Pater
1344 2583 1478 2627 cum
1502 2563 1956 2654 archiepiscopo
1988 2582 2111 2626 ser-

2198 2573 2493 2652 ἐγκρατείας
2566 2573 2822 2652 ἐπισύρων
2894 2563 3086 2634 οιῦτὲιν⁷
3142 2563 3441 2654 ἐπορεύετο.
3489 2578 3682 2630 Τοῦτον
3750 2571 3848 2625 τὸν

462 2670 700 2716 monem
729 2655 1048 2730 conferret,
1087 2663 1442 2734 suggerente
1471 2653 1735 2734 diabolo,
1768 2654 1998 2715 furatus
2023 2661 2114 2715 est

2198 2662 2363 2719 ἵππον
2430 2662 2485 2719 ἐν
2541 2670 2618 2738 τῷ
2671 2666 2761 2720 τὸν
2819 2662 2962 2720 ὅσιον
3004 2653 3286 2744 τυγχάνειν
3332 2661 3467 2738 μετὰ
3517 2668 3611 2721 τοῦ
3676 2658 3846 2739 ἀρχι-

462 2743 701 2826 quidam
728 2749 788 2804 et
808 2743 975 2808 abiit.
1001 2744 1149 2807 Cum
1172 2733 1334 2817 vero,
1362 2743 1677 2831 eunteillo,
1696 2733 1939 2806 coortus
1956 2748 2114 2831 esset

2198 2750 2506 2831 επισκόπου,
2538 2733 2851 2820 ὑποϐληθείς
2908 2775 2988 2817 τις
3201 2760 3293 2811 τοῦ
3333 2733 3610 2829 διαϐόλου,
3644 2733 3851 2821 mih:

463 2831 662 2909 turbo,
697 2850 767 2894 ex
797 2850 952 2914 equo
999 2831 1376 2920 descendens
1430 2830 1541 2893 sub
1599 2830 2115 2920 quadamiarbore

2198 2830 2564 2920 ἀνεχώρησεν.
2652 2842 2798 2898 Κατὰ
2870 2838 2925 2898 δὲ
2989 2842 3088 2910 τὴν
3159 2838 3277 2898 ὁδὸν
3342 2843 3612 2919 χειμῶνος
3707 2835 3856 2909 αλδ-τῷ

464 2923 676 2997 stabat,
710 2929 1058 3001 exspectans
1094 2919 1485 2983 serenitatem
1526 2919 1703 2993 aeris,
1759 2926 1818 2984 et
1858 2919 2053 2999 fulgur
2082 2937 2115 2981 e

2198 2926 2533 3003 ἐπελθόντος,
2590 2928 2795 2994 ἀποϐὰς
2848 2942 2944 2991 τοῦ
2992 2930 3170 2990 ἵππου
3223 2929 3413 2985 ἵστατο
3469 2925 3554 3006 ὑφ’
3612 2924 3687 2981 ἑνὶ
3741 2929 3853 2980 τῶν

464 3011 621 3075 coelo
642 3011 873 3092 lapsum
898 3009 1190 3092 percussit
1212 3010 1497 3073 miserum
1521 3017 1581 3072 et
1600 3028 1740 3071 orco
1761 3010 2111 3084 transmisit,

2198 3015 2415 3098 δένδρων
2472 3016 2819 3099 ἐνδεχόμενος
2884 3019 3169 3101 παρελθεῖν
3224 3018 3323 3085 τῆν
3379 3012 3707 3101 σφοδρότητα
3759 3018 3858 3069 τοῦ

464 3099 622 3183 quod
648 3115 767 3164 non
796 3099 1089 3163 audiverit
1118 3098 1418 3162 dicentem
1445 3119 1459 3160 :
1502 3098 1855 3197 «ADamnum
1887 3098 2113 3161 inferre

2198 3105 2370 3197 ἀέρος.
2433 3098 2636 3187 Βροντῆ
2705 3106 2760 3166 δὲ
2829 3098 3101 3191 οὐρανόθεν
3165 3106 3388 3197 ἐλθοῦσα
3456 3100 3680 3197 ἐπάταξε
3707 3193 3720 3197 _
3743 3103 3858 3197 ’τὸν

460 3191 623 3272 justo
654 3208 775 3251 non
799 3197 890 3252 est
910 3189 1134 3252 bonum
1157 3187 1223 3241 ϐο
1250 3209 1267 3267 ;
1298 3212 1323 3246 υ
1356 3196 1448 3253 et:
1481 3208 1508 3248 ι
1528 3186 1974 3277 Quifurabatur,
1990 3188 2116 3277 jam

2200 3186 2558 3276 ταλαίπωρον,
2616 3198 2704 3254 καὶ
2756 3199 2834 3273 τῴ
2884 3186 2990 3276 ᾅδῃ
3042 3196 3384 3277 παρέπεμψε,
3444 3193 3522 3269 μὴ
3578 3188 3860 3277 πεισθέντα

469 3268 589 3342 non
609 3279 861 3353 fureiur,
898 3278 1088 3360 magis
1104 3286 1303 3342 autem
1324 3276 1555 3341 laboret
1585 3275 1890 3359 operando
1920 3276 2116 3339 mani-

2201 3285 2279 3358 τῲ
2305 3268 2515 3363 λέγοντι
2552 3303 2567 3321 ⁸
2607 3305 2631 3341 α
2667 3268 2905 3363 Σημιοῦν
2932 3268 3207 3367 ἄνδρα,ὀό
3235 3268 3422 3344 καλόν.
3450 3268 3488 3340 ν)
3543 3280 3644 3339 Καί
3678 3299 3691 3314 ⁸
3731 3302 3758 3333 α
3797 3268 3858 3334 Ὀ

467 3368 582 3433 bus
613 3368 760 3445 suis,
794 3375 861 3431 ut
915 3368 1158 3451 habeat,
1214 3368 1378 3432 unde
1425 3367 1647 3430 tribuat
1700 3366 2116 3429 necessitatem

2202 3371 2447 3431 κλέπτων
2518 3375 2710 3451 μηκέτι
2779 3374 3074 3456 κλεπτέτω,
3135 3372 3271 3430 ἀλλὰ
3324 3371 3565 3429 κοπιάτω
3634 3366 3862 3449 ἐργαζό-

470 3458 719 3542 patienti
763 3456 846 3522 6⁸.
900 3479 931 3520 ›
988 3461 1064 3524 Et.
1113 3459 1219 3521 ille
1274 3457 1517 3541 quidem
1574 3456 1783 3520 infelix
1834 3456 2116 3546 peccavit,

2206 3484 2363 3540 μενος
2419 3477 2543 3529 ταῖς
2614 3463 2765 3529 ἰδίαις
2840 3466 3046 3546 χερσὶν,
3117 3460 3193 3520 ’ἔν’
3251 3461 3358 3542 ἔχῃ
3416 3456 3727 3546 μεταδούναι
3784 3456 3865 3529 τῷ

471 3547 697 3611 frustra
759 3555 1036 3630 operatus
1102 3547 1529 3630 iniquitatem:
1624 3545 1912 3628 postridie
1981 3564 2116 3608 vero

2205 3552 2389 3633 χρείαν
2421 3550 2626 3633 ἔχοντι,
2664 3576 2692 3610 ι
2750 3543 2924 3612 Καὶμδ
2982 3552 3076 3629 μὲν
3129 3549 3306 3615 ἅθλιος
3365 3549 3571 3610 ἐκεῖνος
3623 3543 3864 3633 ἥμαρτεν

472 3637 714 3720 quidam
786 3637 923 3700 illac
991 3642 1369 3700 transeuntes
1438 3643 1807 3715 agnoverunt
1875 3653 2116 3717 equum,

2206 3630 2489 3718 divomque—
2529 3640 2774 3710 διακενῆς
2809 3656 2848 3674 ⁸·
2879 3641 3019 3705 τινὲς
3071 3638 3125 3696 δὲ
3183 3644 3252 3717 τῇ
3301 3637 3543 3715 ἐπαύριον
3586 3635 3685 3702 τὴν
3741 3630 3864 3689 ὁδὸν

475 3726 579 3809 qui
635 3726 721 3789 ibi
776 3725 1153 3807 pascebatur,
1212 3733 1273 3787 et
1325 3724 1390 3787 in
1424 3723 1871 3813 monasterium
1930 3724 2116 3787 dedo-

2206 3729 2565 3813 διερχόμενοι,
2639 3734 2729 3790 καὶ
2797 3734 2887 3790 τὸν
2955 3731 3126 3788 ’ίππον
3196 3728 3564 3813 γνωρίσαντες-
3615 3723 3701 3813 ἐπί
3765 3727 3867 3779 τοῦ

474 3822 718 3892 xerunt,
774 3814 1021 3897 viroque
1061 3814 1225 3896 justo
1283 3812 1444 3895 quod
1501 3830 1675 3875 suum
1734 3820 1861 3875 erat
1916 3813 2116 3875 reddi-

2207 3811 2372 3879 τόπου
2431 3811 2742 3897 νεμόμενον,
2817 3822 2949 3903 πρὸς
3016 3823 3078 3877 τὸ
3142 3818 3492 3896 μοναστήριον
3544 3811 3865 3869 διεσώσαντο

479 3903 716 3969 derent.

2209 3910 2298 3966 καὶ
2326 3908 2581 3967 ἀπέδοντο
2610 3917 2687 3986 τῷ
2714 3908 2901 3985 δικαίῲ
2926 3912 2988 3968 τὸ
3017 3908 3178 3973 ἴδιον.

562 3993 659 4057 '70.
679 3992 811 4056 Alio
832 4009 1071 4075 quoque
1092 3990 1541 4074 temporemiles
1561 3990 1806 4071 quidam
1833 3990 2116 4073 profectus

2291 3986 2365 4060 θ’.
2455 3996 2655 4075 ᾼλλοτε
2728 3998 2889 4057 πάλιν
2940 4004 3047 4056 τῶν
3102 3998 3437 4078 στρατιωτῶν
3478 4015 3560 4058 τις
3625 3992 3870 4072 ὁρμήσας

479 4088 571 4146 est
589 4081 787 4146 animo
814 4080 1050 4144 furandi
1074 4099 1293 4163 equum
1317 4098 1351 4143 e
1381 4079 1763 4155 monasterio,
1789 4089 1848 4143 et
1875 4100 2010 4143 cum
2041 4080 2116 4143 soi

2211 4087 2341 4167 πρὸς
2396 4088 2457 4143 τὸ
2519 4089 2609 4145 τὸν
2666 4088 2837 4147 ἵππον
2906 4088 3012 4147 ἀπο
3068 4098 3161 4148 τοῦ
3218 4083 3573 4163 μοναστηρίου
3615 4080 3866 4155 συλῆσαι,

468 4164 607 4235 fere
629 4173 753 4253 jam
783 4171 1082 4235 occideret
1131 4175 1194 4235 et
1247 4170 1351 4234 ille
1407 4189 1440 4233 e
1488 4169 1735 4251 regione
1782 4171 2116 4236 monasterii

2211 4164 2299 4232 καὶ
2349 4177 2467 4256 περὶ
2521 4174 2720 4253 δυσμὰς
2762 4176 2913 4247 ἡλίου
2969 4175 3132 4234 ἐλθὼν
3189 4179 3286 4241 τῆς
3319 4176 3487 4248 μονῆς
3518 4168 3570 4235 ἒξ
3606 4168 3868 4243 ἒνπιντίκς,

480 4269 687 4340 staret,
713 4260 982 4343 illudque
1004 4260 1195 4324 oculis
1237 4258 1629 4341 prospiceret,
1655 4268 1892 4324 noctem
1922 4280 2116 4342 exspe-

2210 4262 2348 4321 ὥστε
2418 4264 2509 4322 καὶ
2567 4265 2985 4348 ὀφθαλμοφανῶς
3072 4265 3198 4322 αὐτὸ
3281 4260 3519 4340 βλέπειν,
3590 4257 3875 4337 ποριέμενε

481 4359 672 4428 etans,
705 4360 768 4413 ut
798 4358 1089 4413 nocturno
1121 4358 1392 4447 tempore
1422 4348 1803 4411 tenebrarum
1832 4368 1981 4431 opus
2011 4350 2116 4412 efIi‘

2198 4354 2319 4429 ⁵τὴν
2351 4354 2530 4426 νύκτα,
2563 4355 2655 4412 ἵνα
2706 4354 2760 4412 ἐν
2817 4347 2993 4413 σκότει
3049 4355 3251 4430 ποιήσῃ
3307 4352 3369 4407 τὸ
3426 4349 3579 4429 ἔργον
3626 4354 3718 4403 τοῦ
3748 4347 3875 4403 σκό-

483 4449 669 4505 ceret.
702 4439 850 4503 Cum
900 4457 1041 4503 vero
1103 4445 1224 4500 tota
1277 4437 1380 4500 illa
1436 4445 1611 4500 nocte
1641 4438 2111 4519 perambulasset

2219 4464 2368 4508 τους.
2403 4446 2776 4523 Περιπατήσας
2832 4442 2886 4500 δὲ
2940 4450 3115 4501 πᾶσαν
3156 4442 3255 4509 τὴν
3284 4440 3444 4496 νύκτα
3476 4437 3681 4504 ἐκείνην
3713 4433 3874 4495 0-386-

484 4548 791 4612 nunquam
840 4528 1032 4611 potuit
1061 4526 1427 4591 monasterio
1460 4526 1878 4609 propinquare,
1914 4528 2020 4591 sed
2051 4528 2114 4590 in

2225 4529 2333 4596 λως
2364 4531 2559 4613 ἴσχυσε
2612 4539 2682 4611 τῇ
2741 4538 2877 4611 μονῇ
2922 4532 3288 4613 προσεγγίσαι,
3340 4526 3478 4584 ἀλλᾶ
3531 4524 3751 4606 φάραγξι
3781 4525 3876 4581 καὶ

485 4619 692 4683 cidens
721 4619 782 4681 in
814 4624 1110 4701 praerupta
1139 4624 1199 4679 et
1225 4634 1408 4698 rupes
1436 4615 1799 4695 inaccessas,
1828 4618 1973 4680 satis
2001 4635 2116 4699 pae-

2218 4634 2484 4703 κρημνοϊς
2542 4619 2777 4703 ἐντυχὼν
2848 4619 3086 4696 ἀϐάτοις,
3159 4617 3455 4699 ἀρκούντως
3527 4613 3846 4693 ἐταριχεύθη

484 4727 697 4771 narum
751 4700 825 4770 et
865 4706 1085 4770 laboris
1139 4724 1347 4788 passus
1373 4711 1505 4768 est:
1567 4704 1673 4767 ubi
1727 4724 1866 4768 vero
1917 4705 2111 4769 illuxit

2224 4700 2453 4789 Ἠμέρας
2523 4706 2580 4765 δὲ
2647 4700 2942 4789 γενομένης
3014 4709 3303 4788 ἔμπροσθεν
3362 4704 3518 4763 αὒτοῦ
3572 4705 3631 4759 τὸ
3699 4724 3839 4778 μονα

481 4796 909 4860 monasterium
936 4803 1072 4859 ante
1092 4814 1158 4859 se
1172 4793 1342 4859 vidit.
1371 4796 1577 4877 Itaque
1608 4795 1996 4859 vehementer
2023 4795 2116 4858 ob-

2221 4800 2434 4879 στήριον
2465 4796 2608 4857 εἶδεν
2643 4817 2658 4831 ⁸
2716 4802 2804 4857 καὶ
2860 4802 2937 4876 τῲ
2990 4800 3213 4875 θαύματι
3263 4793 3459 4877 σρόδρα
3487 4790 3876 4871 καταπλαγεὶς,

488 4887 854 4969 stupefactus
883 4884 1193 4961 miraculo,
1228 4884 1399 4949 addit
1427 4883 1844 4967 paenitentiam
1875 4904 2058 4966 agens
2080 4903 2112 4948 e

2221 4889 2386 4967 εἰσῄει
2444 4895 2740 4971 μετανοῶν,
2812 4891 2900 4947 καὶ
2970 4889 3069 4957 τὴν
3144 4888 3338 4944 οἰκείαν
3397 4881 3849 4960 ἐξομολογούμενο

489 4977 686 5061 palam
718 4975 1039 5039 enuntians
1059 4974 1153 5037 sui
1173 4973 1408 5037 consilii
1438 4973 1809 5057 pravitatem.
1840 4977 1957 5038 Per
1990 4974 2137 5037 illud

490 5077 730 5147 tempus
758 5064 1082 5147 impiorum
1128 5062 1543 5146 Agarenoyum
1591 5063 1936 5129 incursione
1965 5063 2143 5127 deva-

490 5164 684 5219 stante
732 5153 1065 5219 Calabriam
1116 5164 1180 5216 et.
1233 5152 1435 5216 omnia
1462 5152 1870 5235 depraedante,
1902 5162 2143 5217 sanctus

491 5244 669 5309 Pater
696 5243 866 5308 Nilus
919 5242 984 5306 in
1039 5261 1241 5306 arcem
1293 5261 1359 5305 se
1415 5242 1671 5306 contulit
1694 5261 1830 5306 cum
1859 5242 2142 5306 fratribus

492 5334 701 5415 ibique
721 5341 845 5395 tuto
868 5331 1252 5409 morabatur;
1298 5340 1421 5395 tres
1452 5350 1593 5394 vero
1616 5330 1906 5412 segregati
1926 5331 2000 5394 ab
2022 5331 2143 5395 illis

495 5428 849 5485 manserunt
876 5420 939 5482 in
969 5418 1361 5483 monasteaio.
1394 5419 1672 5502 captique
1702 5428 1840 5482 sunt
1868 5438 1902 5481 a
1928 5422 2141 5483 Sarra-

499 5511 667 5575 cenis
699 5518 758 5574 et
797 5508 1043 5573 abducti
1096 5508 1162 5572 in
1192 5507 1485 5574 Siciliam.
1517 5509 1677 5583 Quos
1704 5517 1907 5574 tamen
1936 5508 2144 5575 beatus

571 5680 637 5733 ϐο
663 5680 832 5746 Prov.
864 5694 1011 5758 xvu,
1042 5678 1145 5745 26.
1227 5679 1283 5731 θί
1315 5678 1536 5764 Ephes.
1567 5694 1651 5743 1v.
1682 5678 1783 5746 28.

2221 4976 2591 5042 κακοϐουλίαν.
2627 4977 2717 5036 Ἐν
2747 4978 2823 5055 τῷ
2865 4978 3032 5060 καιρῷ
3083 4976 3267 5051 ἐκείνῷ
3322 4972 3716 5060 ἐπιδραμόντων
3772 4976 3882 5027 τῶν

2222 5066 2389 5124 ἀθέων
2459 5065 2768 5148 Ἀγαρηνῶν
2839 5057 3170 5145 1:350:59.th
3251 5069 3351 5131 τῆς
3410 5057 3761 5148 Καλαϐρίας,
3790 5061 3883 5115 καὶ

2223 5156 2395 5213 πάντα
2464 5147 2811 5238 λε’ἰζομένων,
2873 5160 2901 5214 ὁ
2946 5156 3042 5234 μὲν
3098 5154 3243 5217 ὅσιος
3301 5151 3482 5229 Πατὴρ
3525 5150 3586 5206 τὸ
3637 5147 3884 5238 φρούριον

2223 5243 2539 5304 καταλαϐὼν
2594 5233 2687 5304 σὺν
2742 5233 2862 5311 τοῖς
2931 5243 3181 5326 ἀδελφοῖς
3253 5239 3530 5311 διεσώζετο
3562 5252 3578 5268 ⁸
3624 5249 3771 5316 τρεῖς
3826 5233 3885 5291 δὲ

2224 5333 2275 5401 ἐξ
2344 5334 2515 5393 αὐτῶν
2570 5333 2908 5416 ἰδιοῤῥύθμως
2961 5325 3519 5416 προσκαρτερήσαντες
3571 5325 3649 5402 τῷ
3707 5347 3884 5416 μονα-

2224 5425 2422 5505 στηρίῳ
2477 5427 2579 5483 ὑπὸ
2634 5412 2740 5482 τῶν
2796 5412 3182 5506 ίΣαῤῥακηνῶνή
3220 5421 3629 5506 ἐκρατήθησαν,
3670 5416 3759 5471 καὶ
3828 5412 3884 5506 ἐν

2226 5504 2441 5587 Σικελίᾳ
2511 5504 2901 5597 ἀπήχθησαν(
2955 5522 3139 5595 Εκρινε
3209 5520 3333 5592 γοῦν
3404 5511 3433 5565 ὁ
3491 5505 3748 5585 μακάριος
3802 5504 3885 5580 μὴ
