4182 6376
366 330 479 395 125

1581 279 1770 395 vim
1811 332 1871 397 s.
1917 330 2086 396 NILI
2127 332 2505 399 JUNIORIS.

3646 334 3762 402 196

368 465 621 547 μακάριον
648 466 724 531 εἷς
775 468 841 524 τὸ
902 469 1259 547 μοναστήριον
1317 467 1589 546 ἀνήγαγον
1621 485 1639 503 ο
1697 465 1843 525 οὗδέν
1894 465 1987 524 ἆλλ

2075 465 2350 534 Lbeatum
2378 465 2571 529 virum
2598 467 2674 531 ad
2707 471 3135 534 monasterium
3174 471 3573 549 deduxerunt,
3608 472 3758 535 nihil

364 552 630 619 δοκοῦντες
659 555 870 613 ἀκούειν
899 557 991 613 καὶ
1040 554 1283 636 Βλέπειν,
1337 555 1373 625 ἢ
1432 554 1513 613 ὅτι
1557 558 1586 613 6
1617 556 1784 635 μέγας
1816 552 1983 613 Ἀντώ

2102 556 2261 618 aliud
2280 575 2346 618 se
2367 566 2644 636 putantes
2664 558 2869 621 audire
2890 568 2949 621 et
2968 560 3194 635 videre,
3219 580 3392 642 quam
3424 562 3754 623 advenien—

364 668 475 709 νιος
528 646 634 703 ἀπὸ
683 642 1091 726 Ἀλεξανδρείας
1146 647 1277 725 πρὸς
1345 644 1531 710 αὖτοὺς
1587 644 1930 725 παρεγένετο,
1982 670 1987 697 τ

2103 655 2221 707 tem
2244 645 2608 709 Alexandria
2637 667 2917 729 magnum
2947 649 3298 731 Antonium,
3325 651 3412 712 vel
3436 650 3749 713 excitatura

357 733 421 791 ἐκ
489 736 683 813 νεκρῶν
748 733 954 816 ἠγέρθη
1028 737 1058 792 6
1127 734 1292 813 μέγας
1375 731 1704 814 Βενέδικτος,
1776 736 1805 791 6
1870 737 1985 792 θετο

2096 751 2131 796 a
2159 734 2410 797 mortuis
2443 752 2726 817 magnum
2783 740 3019 801 Patrem
3066 738 3484 818 Benedictum,
3517 759 3751 803 sacrum

356 822 650 920 νρμοθέτης
734 827 911 884 αὐτῶν
981 824 1072 881 καὶ
1139 820 1477 920 διδάσκαλος,
1552 823 1650 882 Καί
1716 844 1788 920 γε,
1847 823 1983 903 ὀρθῶ

2095 822 2497 903 legislatorem
2530 833 2590 888 et
2622 827 2967 907 magistrum
3027 846 3257 891 eorum.
3313 829 3383 892 Et
3412 848 3556 892 sane
3584 836 3752 891 recte

351 910 678 993 ἐλογίζοντο,
736 913 828 970 καὶ
873 921 969 971 τοῦ
1022 917 1222 969 σκοποῦ
1278 912 1338 968 οὔ
1394 908 1705 991 διήμαρτον.
1763 908 2010 976 Ἅπαντες

353 1002 460 1081 γὰρ
484 1005 649 1060 αὐτῶν
694 1000 749 1059 οἵ
778 1021 838 1057 τε
866 1013 1220 1078 σωματικοῖς,
1273 999 1327 1056 οῗ
1383 1021 1442 1056 ἰε
1489 1003 1749 1080 ψυχικοῖς
1777 1000 2008 1081 συνεχό-

358 1110 509 1165 μενοι
554 1092 771 1147 πάθεσιν
826 1089 1270 1169 ἐθεραπεύθησαν,
1325 1090 1413 1145 καὶ
1468 1089 1661 1153 πάντες
1716 1089 1783 1149 τὰ
1836 1089 2006 1169 πρόσ-

355 1201 490 1258 φορα
590 1176 716 1260 παρ’
783 1180 944 1238 αὺτοῦ
1011 1179 1317 1255 ἐκομίζοντο
1370 1198 1386 1216 ⁸
1460 1179 1508 1236 οἰ
1569 1177 1625 1234 ἐν
1693 1177 1840 1259 λόγῳ
1907 1178 2006 1248 τὴν

354 1264 714 1348 διδασκαλίαν,
807 1270 855 1324 οἱ
945 1266 1002 1323 ἒν
1088 1264 1226 1348 ἔργῳ
1309 1274 1408 1335 τὴν
1478 1265 1761 1347 ποδηγίαν,
1834 1270 1882 1323 οἱ
1950 1266 2005 1323 ἐν

348 1356 636 1436 ἁμαρτίαις
686 1357 784 1424 τὴν
833 1355 1127 1435 διόρθωσιν,
1187 1359 1236 1413 οἱ
1291 1354 1346 1414 ἐν
1402 1355 1617 1436 ἀρεταῖς
1671 1356 1770 1424 τὴν
1824 1356 2001 1436 παρά-

341 1445 569 1520 κλησιν,
624 1449 674 1503 οἱ
727 1446 781 1503 ἐν
834 1446 984 1524 ὑγεία
1035 1444 1134 1513 τὴν
1194 1444 1526 1525 ἐγκράτειαν,
1584 1447 1631 1504 οἱ
1662 1443 1716 1502 ὲν
1746 1444 2003 1524 ἀρρωστίᾳ

339 1535 450 1601 τὴν
502 1533 674 1596 ἴασιν.
736 1535 835 1593 Καὶ
891 1534 1164 1611 συντόμως
1220 1536 1413 1615 εἰπεῖν,
1471 1533 1647 1614 ὥςπερ
1697 1535 1829 1591 ποτὲ
1883 1547 2001 1598 τοῖς

338 1620 700 1704 Ἰσραηλίταις
752 1625 814 1680 τὸ
870 1624 1041 1699 μάννα
1096 1622 1302 1699 ἑκάστῳ
1355 1624 1487 1703 πρὸς
1540 1623 1640 1691 τὴν
1696 1629 1880 1703 κρᾶσιν
1910 1625 1999 1680 καὶ

332 1713 439 1781 τὴν
488 1711 654 1793 ὄρεξιν
709 1709 1089 1789 μετεϐάλλετο,
1121 1709 1200 1768 διὸ
1254 1713 1343 1768 καὶ
1400 1715 1497 1771 οὒκ
1547 1711 1617 1780 ἦν
1645 1726 1768 1777 ταῖς
1799 1710 1995 1792 φυλαῖς

332 1806 511 1861 αὔτῶν
578 1804 608 1858 6
679 1801 934 1882 ἀσθενῶν,

344 1889 655 1969 διεγίγνετο.
714 1888 1174 1970 Ἀποθεραπεύσας
1246 1891 1417 1948 τοίνυν
1488 1889 1677 1954 αὐτοὺς
1746 1896 1815 1967 τῇ
1867 1892 1992 1948 θεο-

349 1993 556 2056 usme
608 1981 765 2037 αὐτοῦ
818 1980 1100 2059 παρουσίᾳ,
1172 1980 1260 2036 καὶ
1329 1977 1618 2058 πληρώσας
1675 1980 1994 2061 εὐφροσύνης

348 2074 729 2150 πνευματικῆς,
799 2068 938 2124 πάνυ
994 2065 1050 2123 δὲ
1119 2069 1207 2125 καὶ
1264 2069 1420 2131 αὐτὸς
1474 2067 1712 2146 ἆγοσθεὶς
1768 2068 1855 2125 ἐπὶ
1923 2076 1991 2146 τῇ

343 2156 548 2230 εὐταξίᾳ
611 2159 701 2215 καὶ
769 2154 1164 2233 πεπαιδευμένη
1234 2156 1553 2213 καταστάσει
1638 2159 1834 2232 αὐτῶν,
1903 2159 1992 2215 καὶ

332 2246 611 2323 θαυμάσας
677 2246 745 2303 τὰ
813 2245 985 2303 αὐτῶν
1052 2244 1179 2324 ὑπὲρ
1246 2245 1315 2301 τὰ
1380 2245 1561 2325 ἡμῶν,
1618 2244 1990 2325 προεπέμπετο

330 2334 497 2392 πάλιν
554 2336 656 2391 ὑπὸ
700 2356 761 2391 τε
811 2343 906 2393 τοῦ
953 2330 1089 2389 ἆϐϐἆ
1132 2334 1219 2390 καὶ
1268 2338 1377 2390 τῶν
1428 2332 1483 2390 ἐν
1533 2331 1698 2414 ἐξοχῇ
1750 2332 1986 2414 ἀδελφων

328 2425 409 2487 εἷς
439 2424 503 2480 τὸ
534 2425 909 2502 μσναστήριον,
943 2420 1075 2479 ὅπου
1126 2419 1229 2495 ἔδει
1276 2422 1368 2479 σὺν
1425 2434 1545 2486 τοῖς
1595 2422 1798 2486 τέκνοις
1832 2424 1989 2484 αὒτοῦ

326 2515 674 2580 καθεσθῆναι.
709 2503 767 2571 Ὀ
798 2510 1255 2592 Ἀρχιστράτηγος
1304 2508 1360 2566 δὲ
1416 2517 1572 2569 τοῦτο
1598 2511 1665 2581 ἧν
1694 2514 1756 2569 τὸ
1785 2512 1984 2570 καλού-

325 2624 493 2678 μενον
525 2599 933 2663 Βαλλελούκιον,
967 2598 1335 2680 Παρεκάλεσαν
1386 2597 1441 2655 δὲ
1492 2600 1646 2658 αὐτὸν
1674 2599 1704 2657 ὅ
1732 2623 1789 2657 τε
1817 2603 1986 2681 ἡγού-

326 2711 491 2767 μενος
520 2691 610 2746 καὶ
638 2692 686 2746 οἱ
714 2687 927 2771 ἀδελφοὶ
954 2711 1046 2747 τον
1077 2690 1167 2746 σὺν
1196 2689 1343 2765 πάσῃ
1372 2694 1441 2766 τῇ
1468 2686 1556 2746 ὑπ’
1590 2691 1746 2747 αὐτὸν
1769 2688 1989 2773 ᾇδελφό-

324 2801 452 2847 τητι
513 2776 745 2836 ἐλθεῖνὲν
775 2780 855 2854 τῲ
881 2780 1114 2857 μεγίστῳ
1158 2779 1519 2858 μοναστηρίῳ,
1562 2780 1649 2836 καὶ
1677 2786 1745 2856 τῇ
1778 2771 1987 2837 Ἑλλᾶδι

322 2875 481 2951 φωνῇ
510 2868 567 2925 ἐν
594 2874 665 2946 τῇ
692 2872 861 2928 αὐτῶν
887 2866 1142 2940 ἐκκλησίᾳ
1185 2870 1278 2925 τὸν
1332 2868 1530 2924 κανόνα
1559 2866 1863 2950 πληρῶσαι,
1894 2867 1989 2927 ἵνα

322 2958 575 3038 γένηται,
610 2960 769 3038 φησὶν
799 2961 828 3014 6
858 2959 1011 3030 Θεὸς,
1043 2958 1110 3015 τὰ
1137 2957 1310 3014 πάντα
1338 2956 1582 3039 ὲνῌπᾶσιν
1616 2973 1630 2987 '
1680 2957 1810 3039 ὅπερ
1839 2961 1926 3016 καὶ
1957 2962 1985 3016 6

323 3030 609 3129 προφήτης
626 3030 1035 3127 ’προαναφωνῶν
1092 3046 1270 3126 ἔλεγεν
1305 3066 1320 3082 ·
1390 3030 1498 3104 Ὀτι
1559 3045 1695 3105 λέων
1742 3030 1830 3106 καὶ
1858 3050 1981 3126 βοῦς

331 3137 457 3212 ἅμιι
485 3138 897 3213 βοσκηθήσοντα
924 3139 1013 3194 καὶ
1040 3137 1151 3214 ἅμα
1176 3138 1243 3193 τὰ
1271 3133 1450 3194 παιδία
1482 3137 1654 3194 αὐτῶν
1685 3135 1913 3198 ἔσονται.
1948 3160 1977 3195 ι

408 3217 507 3286 οδ’.
573 3218 635 3284 Ὀ
688 3224 746 3284 δὲ
794 3226 1066 3292 θεσπέσιος
1123 3225 1320 3291 Νεῖλος
1375 3227 1442 3283 τὰ
1500 3225 1597 3302 μὲν
1654 3234 1837 3308 πρῶτα
1887 3230 1983 3286 οὔκ

327 3314 601 3373 ἐπένευσεν
631 3316 739 3373 ἀπὸ
765 3315 1245 3397 ταπεινοφροσύνης
1276 3313 1448 3393 λέγων
1479 3331 1495 3347 ’
1565 3335 1591 3373 ε
1632 3322 1749 3380 Πῶς
1783 3315 1979 3392 ᾅσομεν

328 3406 424 3471 τὴν
673 3404 862 3484 Κυρίου
910 3403 997 3461 ἐπὶ
1050 3409 1152 3483 γῆς
1209 3402 1512 3485 ἀλλοτρίας,
1548 3426 1577 3461 ι
1638 3406 1686 3461 οἱ
1742 3405 1978 3485 σήμερον

327 3495 561 3551 ταπεινοὶ
630 3492 685 3550 ἰν
756 3494 906 3572 πέσῃ
974 3499 1043 3570 τῇ
1097 3498 1167 3572 γῇ
1222 3491 1307 3550 διὰ
1361 3495 1456 3557 τὰς
1512 3495 1769 3572 ἁμαρτίας
1823 3496 1978 3571 ἡμῶν

323 3585 698 3664 ὺπάρχοντεςς
763 3565 935 3659 ’δμὼς
984 3565 1068 3644 διὰ
1110 3565 1183 3639 *τὸ
1234 3565 1742 3662 συμπαρακληθῆναι
1798 3565 1874 3641 ἐν’
1907 3591 1976 3662 τῇ

633 3653 833 3746 πίστει,
890 3673 978 3729 καὶ
1034 3674 1095 3729 τὸ
1164 3653 1311 3750 μέγα⁷
1375 3653 1544 3749 ὄνομα
1596 3679 1689 3728 τοῦ
1748 3653 1977 3753 Χριστοῧ

314 3759 655 3841 δοξασθῆναι,
721 3758 1034 3826 κατεδέξατο
1121 3762 1247 3818 αὐτὸ
1316 3767 1472 3817 τοῦτο
1552 3765 1801 3828 ποιῆσαι.
1877 3761 1977 3821 Καὶ

311 3853 565 3916 τυπώσας
618 3852 724 3909 ἀπὸ
776 3858 994 3930 καρπῶν
1052 3851 1260 3933 χελέων
1318 3852 1474 3910 αὐτοῦ
1525 3850 1784 3928 ὑμνῳδίαν
1842 3855 1974 3934 πρὸς

312 3943 409 3997 τὸν
478 3940 621 3997 ὅσιον
690 3940 898 4021 Πατέρα
964 3942 1122 4017 ἡμῶν
1205 3939 1533 4015 Βενέδικτον,
1623 3941 1975 4022 περιέχουσαν

313 4030 494 4087 πάντα
554 4030 622 4085 τὰ
677 4029 734 4086 ἒν
777 4037 857 4104 τῷ
912 4029 1011 4107 βίῳ
1065 4029 1225 4090 αὖτοῦ
1281 4031 1528 4109 τεράστια
1580 4028 1923 4110 γεγραμμένα
1955 4050 1969 4065 ⁸

312 4115 640 4197 παραλαϐών
706 4139 765 4175 τε
833 4119 1034 4183 πάντας
1102 4118 1224 4183 τοὺς
1294 4116 1571 4199 ἀδελφοὺς,
1644 4118 1773 4197 ὑπὲρ
1851 4120 1971 4185 τοὺς

2085 910 2461 993 judicabant,
2496 930 2605 975 nec
2639 913 2851 977 fefellit
2879 934 2983 978 eos
3028 921 3251 998 opinio.
3284 918 3429 980 Nam
3464 925 3752 998 quotquot

2090 997 2249 1062 inter
2276 999 2441 1081 ipsos
2468 1010 2567 1063 aut
2595 1006 2868 1084 corporis
2898 1014 2998 1068 aut
3053 1006 3241 1068 animi
3274 997 3493 1068 morbo,
3515 1005 3749 1069 labara-

2089 1084 2254 1162 bant,
2288 1106 2499 1149 omnes
2523 1091 2710 1151 curati
2743 1100 2881 1153 sunt
2911 1101 2970 1154 et
3000 1095 3391 1174 congruentia
3418 1113 3627 1156 omnes
3654 1113 3749 1157 ac-

2087 1175 2389 1258 cipiebant
2415 1176 2488 1239 ab
2538 1195 2650 1243 eo:
2706 1179 2958 1244 studiosi
2993 1182 3350 1259 doctrinam,
3378 1183 3605 1246 actuosi
3633 1183 3747 1245 du-

2087 1272 2279 1353 catum
2313 1273 2666 1346 peccatores
2714 1269 3225 1347 emendationem,
3255 1274 3469 1335 virtute
3516 1271 3747 1353 praediti

2087 1351 2928 1430 adhortationem,incolumes
2940 1351 3748 1439 continentiam,a3grotantes

2085 1440 2404 1514 medelam,
2438 1452 2638 1524 atque,
2676 1457 2740 1505 ut
2770 1465 2887 1508 uno
2922 1448 3101 1510 verbo
3156 1449 3376 1526 dicam,
3410 1450 3566 1511 sicut
3598 1449 3741 1511 olim

2084 1546 2300 1591 manna
2319 1529 2603 1593 Israelitis
2630 1531 2702 1593 ad
2722 1539 2990 1613 corporis
3012 1536 3300 1619 cujusque
3331 1537 3738 1601 habitudinem

2083 1619 2487 1708 etappetitum
2513 1622 3039 1698 transmutabatur,
3068 1634 3432 1708 quapropter
3449 1629 3506 1688 in
3530 1645 3739 1689 eorum

2079 1703 2333 1767 tribulus
2362 1727 2489 1769 non
2520 1717 2647 1770 erat
2674 1708 2971 1785 inﬁrmus,
3023 1703 3104 1774 ita
3152 1703 3245 1775 his
3286 1703 3463 1775 etiam
3494 1714 3581 1775 vir
3625 1713 3737 1775 ad-

994 1799 1131 1857 οῧτω
1186 1800 1284 1857 κᾶν
1326 1799 1534 1864 τούτοις
1610 1802 1639 1857 6
1692 1800 1987 1876 θαυμαστὸς

2075 1793 2368 1857 mirabilis
2384 1815 2450 1859 se
2470 1799 2977 1862 accommodabat.
2998 1799 3201 1883 Itaque
3221 1802 3341 1864 illis
3360 1822 3393 1864 a
3416 1805 3534 1865 Deo
3560 1803 3739 1864 missa
3800 1870 3807 1873 _

2077 1900 2197 1974 sua
2216 1886 2529 1974 praesentia
2559 1888 2830 1967 perfecte
2859 1890 3104 1965 sanatis,
3138 1891 3511 1974 spiritalique
3531 1891 3737 1954 laetitia

2073 1973 2340 2053 repletis,
2375 1993 2510 2037 cum
2571 1984 2630 2037 et
2685 1976 2814 2057 ipse
2870 1978 3133 2041 vicissim
3191 1973 3516 2043 admiratus
3578 1990 3736 2044 esset

2075 2062 2371 2142 egregiam
2401 2063 2640 2127 illorum
2671 2066 3049 2148 disciplinam
3103 2077 3162 2132 et
3221 2071 3371 2133 bene
3401 2070 3730 2133 ordinatam

2072 2149 2309 2213 vivendi
2340 2171 2632 2236 normam,
2667 2155 3147 2239 collaudasetque
3202 2158 3467 2221 instituta
3525 2178 3731 2222 eorum

2074 2239 2382 2321 plusquam
2414 2250 2638 2319 nostra,
2690 2244 3101 2308 deducebatur
3154 2267 3364 2310 rursus
3412 2249 3486 2312 ab
3516 2249 3730 2313 abbate

2072 2329 2502 2412 praecipuisque
2533 2331 2809 2395 fratribus
2865 2336 2936 2397 ad
3000 2338 3449 2414 monasterium,
3512 2338 3574 2400 in
3604 2360 3720 2421 quo

2070 2435 2204 2479 cum
2235 2418 2362 2480 suis
2406 2419 2544 2482 filiis
2573 2421 2703 2501 ipse
2731 2433 3307 2487 commemoraturus
3339 2434 3485 2490 erat.
3521 2418 3725 2491 Sancti

2072 2505 2376 2570 Michaelis
2401 2509 2533 2589 (62)
2563 2510 2618 2571 id
2657 2520 2804 2585 erat,
2839 2512 3081 2574 nomine
3130 2513 3545 2579 Vallelucium.
3574 2516 3725 2579 Tum

2072 2597 2425 2677 praepositus
2456 2605 2514 2659 et
2564 2599 2775 2662 fratres
2833 2614 3142 2679 rogarunt,
3204 2613 3265 2665 ut
3296 2623 3412 2665 una
3439 2623 3573 2666 cum
3605 2605 3729 2668 suis

2069 2685 2351 2748 fratribus
2382 2687 2683 2750 universis
2711 2691 3070 2752 ascenderet
3089 2692 3147 2752 in
3170 2693 3488 2755 maximum
3516 2714 3724 2756 mona-

2071 2774 2325 2836 sterium
2381 2783 2442 2836 (-t
2500 2776 2704 2840 Graeco
2761 2797 3041 2842 sermone
3094 2781 3351 2844 officium
3384 2793 3628 2846 caneret
3663 2784 3722 2846 in

2072 2863 2328 2925 ecclesia
2358 2883 2590 2941 eorum,
2642 2875 2705 2927 ut
2763 2867 2884 2944 ﬁat,
2946 2869 3161 2951 inquit,
3224 2870 3383 2933 Deus
3432 2872 3723 2935 omniain

2068 2951 2348 3015 omnibus
2376 2954 2451 3018 αδ.
2486 2956 2571 3018 De
2621 2976 2736 3037 quo
2795 2957 2970 3019 etiam
3029 2958 3327 3039 Propheta
3363 2960 3723 3024 vaticinatus

2067 3047 2217 3115 erat,
2259 3062 2286 3101 α
2308 3043 2427 3105 Leo
2455 3050 2512 3104 et
2542 3042 2649 3107 bos
2674 3045 2853 3108 simul
2885 3055 3208 3128 pascentur
3227 3056 3287 3110 et
3311 3049 3488 3111 catuli
3515 3068 3718 3113 eorum

2065 3130 2243 3190 simul
2275 3140 2448 3193 erunt
2476 3131 2561 3195 64.
2600 3158 2628 3190 η

2143 3219 2245 3281 74.
2281 3219 2355 3281 At
2384 3220 2742 3283 venerabilis
2770 3220 2939 3285 Nilus
2970 3224 3166 3305 primo
3188 3226 3427 3305 quidem
3452 3226 3718 3292 abnuere

2063 3324 2184 3387 prae
2215 3307 2572 3391 humilitate,
2604 3311 2849 3373 dicens:
2922 3333 2950 3370 ‹
3010 3315 3320 3387 Quomodo
3352 3318 3720 3382 cantabimus

2061 3396 2356 3458 canticum
2381 3397 2616 3461 Domini
2637 3401 2695 3461 in
2719 3409 2878 3462 terra
2898 3401 3093 3464 aliena
3111 3403 3196 3478 65,
3227 3425 3256 3463 ι
3282 3405 3384 3482 qui
3416 3426 3572 3468 nunc
3604 3408 3716 3469 hu-

2064 3482 2236 3545 miles
2264 3503 2470 3574 sumus
2501 3490 2558 3549 in
2612 3506 2905 3551 unuversa
2963 3498 3119 3553 terra
3179 3504 3422 3573 propter
3470 3504 3711 3574 peccata

2061 3580 2263 3634 nostra
2283 3579 2312 3637 ?
2336 3573 2405 3638 Ut
2422 3575 2599 3637 simul
2625 3585 2819 3639 tamen
2841 3580 3165 3641 consolatio
3184 3573 3587 3662 susciperetur
3611 3603 3718 3664 per

2060 3681 2218 3744 eam,
2246 3683 2377 3746 quae
2407 3670 2740 3728 communis
2772 3675 2883 3741 est,
2919 3668 3096 3730 fidem
3123 3680 3176 3731 et
3196 3689 3471 3750 magnum
3499 3672 3715 3735 Christi

2060 3773 2278 3815 nomen
2336 3754 2795 3833 glorificaretur,
2856 3757 3092 3819 tandem
3152 3778 3435 3821 assensus
3491 3768 3602 3834 est,
3658 3771 3714 3824 et

2059 3841 2404 3922 compositis
2434 3843 2670 3923 hymnis
2700 3844 2776 3905 de
2806 3845 2996 3906 fructu
3048 3845 3341 3909 labiorum
3372 3866 3617 3910 suorum
3651 3850 3710 3911 in

2056 3934 2347 4022 Sanctum,
2398 3933 2629 3995 Patrem
2687 3944 2954 3997 nostrum
3012 3938 3422 4015 Benedictum,
3496 3940 3712 4022 quibus

2057 4031 2274 4084 cuncta
2302 4021 2434 4085 vitae
2464 4023 2597 4103 ejus
2624 4025 2977 4087 admiranda
3034 4045 3216 4108 opera
3244 4021 3715 4109 comprehende-

2054 4110 2270 4173 bantur
2332 4110 2479 4192 (63),
2541 4120 2598 4174 et
2653 4115 2990 4178 convocatis
3047 4116 3345 4179 universis
3400 4118 3707 4193 fratribus,

310 4206 573 4277 ἑξήκοντα
608 4205 787 4281 ὄντας,
847 4205 1069 4273 ἀνῆλθεν
1124 4206 1177 4263 ἐν
1236 4213 1314 4282 τῷ
1370 4208 1708 4287 μοναστηρίῳ
1767 4208 1966 4265 Κασσί-

2080 4206 2249 4261 erant
2277 4213 2475 4261 autem
2509 4218 2686 4281 supra
2745 4203 3099 4285 sexaginta),
3158 4206 3218 4266 in
3277 4209 3702 4272 monasterium

310 4320 429 4371 νου,
479 4298 569 4354 καὶ
630 4297 726 4364 τὴν
782 4296 1068 4377 ἀγρυπνίαν
1125 4295 1331 4354 ἐτέλεσε
1391 4295 1784 4377 παναρμονίως,
1820 4296 1963 4378 Εἶχε

2075 4288 2276 4352 lassini
2298 4289 2567 4351 ascendit
2586 4297 2643 4351 et
2660 4293 3031 4371 pernoctavit
3055 4295 3290 4374 egregie
3325 4297 3707 4375 modu’ando,

308 4389 414 4467 γὰρ
441 4384 698 4466 ἀδελφοὺς
728 4384 841 4462 μεθ’
889 4386 1075 4443 ἑαυτοῦ
1130 4387 1397 4467 συνετοὺς,
1455 4387 1543 4443 καὶ
1590 4386 1797 4449 ἱκανοὺς
1832 4384 1883 4442 ἔν
1909 4409 1968 4443 τε

2075 4378 2304 4441 ιεώθδειι
2334 4379 2491 4441 enim
2524 4380 2679 4460 apud
2711 4399 2775 4441 se
2824 4381 3037 4444 fratres
3097 4385 3254 4467 acris
3287 4384 3533 4463 ingenii.
3567 4397 3706 4466 apte

307 4464 609 4554 ἄναγνώσει
659 4477 748 4532 καὶ
804 4472 1111 4551 ψαλμῳδίᾳ,
1164 4477 1253 4540 οὓς
1309 4464 1465 4540 αὐτὸς
1518 4472 1639 4533 κατ’
1694 4474 1966 4556 ἀμφότερα

2075 4476 2318 4549 egentes
2345 4476 2403 4530 et
2428 4476 2733 4544 canentes,
2770 4490 2921 4551 quos
2948 4472 3020 4533 ad
3053 4464 3373 4554 utrumque
3402 4474 3530 4555 ipse
3562 4464 3703 4538 satis

305 4563 690 4630 έξεπαίδευσεν.
722 4564 869 4619 Μετὰ
925 4560 981 4618 δὲ
1036 4564 1136 4631 τὴν
1190 4562 1571 4644 συμπλήρωσιν
1624 4570 1716 4620 τοῦ
1744 4563 1965 4629 κανόνος

2075 4564 2428 4620 nstruxerat.
2463 4557 2704 4619 Peracto
2730 4560 2947 4635 ofﬁcio,
2970 4571 3375 4623 convenerunt
3404 4564 3473 4624 ad
3507 4564 3702 4645 ipsum

304 4652 559 4721 συνῆλθον
590 4655 723 4733 πρὸς
752 4652 908 4708 αὐτὸν
956 4650 1185 4717 ἅπαντες
1229 4656 1277 4710 οἱ
1335 4655 1564 4734 μονιχοὶ
1621 4653 1755 4730 μετὰ
1783 4674 1960 4732 παρα-

2075 4665 2255 4709 .mnes
2301 4646 2599 4720 monachi,
2651 4646 2866 4709 abbato
2899 4668 3010 4710 suo
3043 4650 3449 4737 permittente,
3479 4672 3597 4714 non
3628 4656 3699 4716 ad

298 4743 499 4805 θέσεως
527 4752 622 4801 τοῦ
648 4738 783 4798 ἆϐϐἆ
813 4740 986 4797 αὐτῶν
1020 4755 1034 4770 '
1087 4742 1176 4797 καὶ
1203 4743 1305 4822 γὰρ
1334 4741 1495 4823 μέχρι
1525 4744 1711 4801 τούτου
1738 4740 1838 4809 τὴν
1868 4745 1960 4800 εὗ·-

2075 4755 2157 4798 ιοο
2209 4754 2396 4817 usque
2444 4734 2826 4815 disciplinam
2881 4734 3156 4800 servant:
3219 4748 3279 4801 et
3334 4740 3703 4805 admirantes

296 4830 483 4897 ταξίαν
552 4828 871 4911 φυλάττοπι
900 4845 921 4864 ⁸
978 4829 1068 4885 καὶ
1117 4831 1468 4906 θαυμάζοντες
1520 4830 1608 4887 ἐπὶ
1662 4834 1730 4907 τῇ
1786 4826 1956 4908 αἴγλη

2075 4826 2328 4907 uigorem
2352 4823 2596 4907 spiritus
2617 4824 2689 4887 de
2715 4825 2871 4887 vultu
2903 4828 3034 4909 ejus
3064 4829 3445 4907 emicantem,
3480 4831 3691 4912 cupie-

380 4998 438 5043 53
466 4996 633 5064 [Cor
656 5015 756 5076 xv,
781 4996 885 5062 28.
968 4994 1035 5049 οι
1057 4995 1172 5061 Isa.
1204 5015 1344 5064 1.1x.
1376 4999 1479 5065 25.
1559 4997 1626 5051 6'5
1652 4995 1811 5061 Psal.
1844 5014 2046 5074 XXXVI,
2078 4995 2181 5062 94.

1706 5171 1959 5238 Joannis
1986 5173 2113 5240 Clei
2149 5181 2328 5239 notae.

375 5308 508 5393 (ὃὲ)
537 5309 1021 5393 Ἀρχιστρὶτηγοςᾼ
1056 5309 1234 5374 vertit
1286 5308 1672 5393 Caryophilus
1702 5311 1815 5393 _S.7
1841 5307 1953 5393 AMi-

2115 5308 2240 5389 (63)
2273 5307 2570 5389 Hymnum
2607 5307 2773 5389 illum
2834 5324 2939 5370 seu
2997 5327 3286 5373 canonem
3319 5330 3453 5374 cum
3485 5311 3690 5375 Latina

295 5388 552 5473 chaelis,
586 5388 856 5473 areae,
891 5388 955 5454 ut
984 5391 1175 5473 liquet
1198 5393 1350 5473 apud
1383 5388 1670 5473 Cangium
1700 5390 1762 5453 in
1785 5391 1953 5473 Glos-
2034 5388 2525 5473 interpretatione
2552 5388 2625 5450 ad
2680 5388 2931 5473 Calcem_
2965 5389 3114 5453 Vitae
3173 5393 3241 5473 Β.
3280 5394 3699 5473 llarlholomzei

296 5472 461 5535 sario
490 5471 1014 5549 Graeco-barbaro,
1036 5469 1143 5534 ubi
1169 5469 1436 5553 ex'empla
1458 5469 1681 5553 profert
1707 5470 1949 5553 probat-
2035 5469 2273 5553 excudit
2301 5469 2746 5553 Sciommarius,
2779 5469 2932 5549 apud
2967 5491 3141 5553 quem
3176 5472 3366 5548 illum,
3421 5475 3468 5534 si
3500 5472 3693 5546 lubet.

298 5554 439 5645 q‘ue,
465 5552 728 5614 voceilla
773 5548 1048 5616 sanctum
1078 5548 1502 5645 archangelum
1521 5548 1952 5645 illum'saapius
2032 5550 2185 5612 vide.
2222 5548 2445 5645 Unicus
2490 5558 2771 5645 superest
2820 5548 2889 5612 ex
2937 5548 3233 5645 pluribus,
3266 5572 3420 5645 quos
3447 5553 3698 5645 Sanctus

342 5572 439 5625 ue,
465 5572 728 5614 vocema
773 5572 1048 5616 sanctum
1078 5572 1502 5632 arcnangeium
1533 5572 1701 5613 mum
1731 5572 1952 5626 saepius
2032 5572 2185 5612 vxue.
2226 5572 2445 5613 Uﬂlcus
2500 5572 2771 5631 superBSL
2821 5572 2889 5612 ex
2943 5572 3233 5632 plut'tDUS,
3266 5572 3416 5696 (gius
3447 5572 3698 5645 nanctus

296 5572 639 5709 designari:
693 5634 869 5695 tacite
893 5633 1182 5715 praeteriit
1207 5632 1949 5715 Sirletus._Monasteri_um
2032 5629 2384 5715 composuit,
2419 5640 2625 5715 estque
2656 5632 3077 5715 compendium
3117 5634 3259 5697 Vita:
3339 5682 3351 5692 .
3384 5635 3698 5701 Benedicti

292 5708 485 5795 porro
506 5711 649 5775 illud
673 5708 1552 5795 modoAVallem-Lucii,modo
1576 5711 1953 5795 Vallilucium
2038 5728 2074 5773 a
2096 5708 2381 5791 Gregorio
2415 5708 2673 5792 scriptae.

290 5791 549 5877 appellat
573 5791 986 5861 Mabillonius.
