4182 6438
452 336 559 422 is!
1951 354 2306 420 meum:
2372 347 2379 353 '
3712 353 3829 420 las

446 485 590 550 bant
615 484 796 548 verba
822 503 1058 567 quoque
1088 485 1301 549 audire
1330 486 1405 549 de
1436 504 1542 551 ore
1573 488 1725 568 ejus.
1754 487 1983 551 Exinde
2006 488 2088 550 illi

2188 498 2266 549 τοῦ
2319 490 2619 565 πνεύματος
2676 490 3059 568 ἐκπεμπομένη
3126 492 3233 548 ἀπὸ
3288 497 3387 560 τῆς
3442 491 3584 557 ἰδέας
3639 492 3831 573 αὒτοῦ,

446 574 691 658 quaesita
719 574 1063 657 hujusmodi
1091 576 1432 639 continuata
1457 578 1615 639 serie
1666 580 2091 658 proponebant.

2188 577 2461 659 ἑγλίχοντο
2489 581 2576 637 καὶ
2606 579 2711 637 ἀπὸ
2756 587 2860 638 τῶν
2918 580 3170 662 ῥημάτων
3229 590 3320 641 τοῦ
3377 581 3642 658 στόματος
3674 587 3834 642 αὐτοῦ

443 663 635 728 Dicito
656 663 854 743 nobis,
879 666 1056 727 Pater
1074 677 1302 747 sancte,
1329 664 1487 747 quod
1526 674 1618 730 est
1643 686 1793 748 opus
1823 666 2099 730 monachi

2188 666 2530 739 ὲνιοτίζεσθαι.
2602 670 2696 725 Διὸ
2748 671 2835 726 καὶ
2891 666 3248 749 προϐλήματα
3301 676 3504 751 συνεχῆ
3556 677 3833 752 προσῆγον

448 761 506 817 et
519 755 819 836 quomodo
833 753 2102 838 misericordiamconsequemur?Aperiens

2188 757 2325 832 αυτῷ
2372 755 2639 836 λέγοντες.
2700 760 2829 816 Εἰπὲ
2882 761 3041 840 ἡμῖν,
3102 759 3220 838 ἅγιε
3277 761 3471 841 Πάτερ,
3531 761 3582 818 τί
3629 761 3740 820 ἐστι
3767 764 3834 821 τὸ

448 851 645 906 autem
675 847 889 907 Beatus
918 845 1094 907 Pater
1121 863 1187 908 os
1215 864 1409 907 suum.
1445 846 1651 908 Latine
1679 845 1862 908 dixit:
1888 846 2099 909 Mona-

2188 843 2332 926 ἔργον
2361 856 2453 906 τοῦ
2483 856 2745 929 μοναχοῦ,
2805 849 2894 905 καὶ
2946 854 3064 912 πῶς
3122 847 3355 928 εὕρωμεν
3411 847 3593 931 ἔλεοςς
3658 843 3717 909 ¹0
3775 850 3841 908 δὲ·

449 932 597 995 chus
628 937 720 997 est
746 933 1016 1012 angelus,
1050 952 1197 1015 opus
1248 941 1443 996 autem
1473 934 1603 1013 ejus
1632 942 1720 996 est
1751 935 2095 997 misericor-

449 1021 572 1102 dia,
600 1041 732 1103 pax,
755 1023 1115 1087 sacriﬁcium
1158 1023 1371 1086 laudis.
1411 1023 1559 1086 Nam
1590 1024 2091 1107 quemadmodum

449 1110 638 1173 sancti
659 1112 859 1192 angeli
878 1116 1000 1178 Deo
1019 1113 1259 1195 quidem
1275 1123 1627 1196 perpetuum
1647 1115 1904 1177 oll'erunt
1917 1115 2098 1177 sacri-

451 1202 652 1264 ficium
684 1202 900 1279 laudis,
934 1203 1089 1265 inter
1113 1223 1179 1266 se
1201 1222 1339 1267 vero
1373 1212 1572 1266 mutua
1622 1203 1928 1267 charitatis
1953 1223 2097 1286 pace

452 1291 758 1370 conjuncti
790 1301 926 1354 sunt
958 1301 1017 1354 et
1065 1292 1426 1355 miserantur
1476 1292 1770 1369 homines,
1805 1312 2098 1375 opemque

2178 936 2433 1016 μακάριος
2462 934 2668 1002 ἀνοίξαις
2695 938 2756 994 τὸ
2786 938 2959 1013 στόμα
3009 941 3169 998 αὐτοῦ
3209 943 3278 1015 τῇ
3331 938 3584 1017 ῥωμαῖκῇ
3613 940 3839 1021 γλώσσῃ

2177 1025 2278 1109 ἐφη
2314 1038 2328 1054 ⁸
2391 1026 2642 1106 Μοναχός
2699 1025 2838 1085 ἐστιν
2894 1025 3120 1106 ἄγγελος
3154 1044 3173 1064 ⁸
3230 1028 3293 1085 τὸ
3348 1026 3422 1109 δὲα
3469 1028 3621 1109 ἔργον
3676 1035 3839 1092 αὐτοῦ

2176 1098 2317 1170 ἔστιν
2361 1098 2799 1195 ἕλεος,”εὶρήνη,
2859 1098 3008 1172 θυσία
3053 1114 3326 1181 αἰνέσεως.
3395 1098 3591 1198 εὨσπέρ
3645 1120 3749 1200 γὰρ
3777 1124 3830 1178 οἱ

2178 1200 2319 1281 ἅγιοι
2350 1200 2567 1281 ἄγγελοι
2626 1210 2703 1278 τῷ
2760 1205 2857 1278 μὲν
2914 1206 3031 1279 Θεῴ
3080 1202 3430 1270 ἀδιαλείπτως
3484 1202 3662 1267 θυσίαν
3694 1209 3836 1267 αἰνέ-

2180 1312 2315 1355 σεως
2370 1291 2770 1373 προσφέρουσιν,
2822 1292 2878 1350 ἐν
2928 1292 3182 1364 ἀλλήλοις
3238 1291 3293 1350 δὲ
3347 1297 3561 1374 εἰρήνην
3609 1297 3837 1377 ἀγαπη-

449 1376 570 1441 illis
595 1380 793 1442 ferunt
819 1381 987 1463 quasi
1032 1382 1365 1444 minoribus
1398 1383 1701 1458 fratribus,
1734 1382 1813 1445 ita
1842 1391 1902 1446 et
1929 1402 2103 1446 verus

2188 1387 2347 1446 τικῶς
2415 1379 2693 1456 κέκτηναι,
2764 1380 2967 1442 ἐλεοῦσι
3060 1381 3115 1438 δὲ
3201 1384 3291 1440 καὶ
3359 1376 3841 1462 ἀντιλαμϐάνοντκι

452 1470 778 1531 monachus
799 1469 976 1533 debet
995 1470 1057 1533 in
1080 1470 1343 1534 minores
1371 1479 1432 1534 et
1452 1472 1710 1534 advenas
1736 1472 1952 1534 fratres
1973 1490 2103 1535 esse

2188 1475 2292 1525 τῶν
2322 1469 2606 1550 ἀνθρώπων
2635 1473 2709 1536 ὡς
2763 1470 3084 1552 μικροτέρων
3130 1471 3388 1553 ἀδελφῶν,
3449 1474 3587 1533 οὕτω
3638 1474 3724 1534 δετ
3750 1480 3844 1535 καὶ

451 1556 821 1648 misericors,
868 1578 1068 1622 amare
1096 1560 1356 1642 equales
1384 1561 1446 1622 in
1480 1577 1623 1641 pace
1656 1560 2103 1640 proficientibus

2188 1560 2279 1616 τὸν
2332 1557 2506 1627 ἀλγιθῆ
2579 1562 2821 1642 μοναχὸν
2891 1559 3037 1625 ἕλεος
3110 1561 3206 1636 μὲν
3275 1560 3651 1624 ἐπιδείκνυσθαι
3704 1570 3841 1648 πρὸς

455 1663 579 1735 non
610 1645 906 1725 invidere,
965 1649 1267 1730 ﬁdemque
1326 1649 1572 1710 minime
1628 1650 1823 1711 ﬁctam
1854 1656 1914 1711 et
1937 1667 2103 1728 Spem

2188 1649 2307 1735 τοὺς
2338 1648 2774 1730 ἐλαχιστοτέρους
2802 1652 2891 1708 καὶ
2944 1649 3120 1716 ξένους
3174 1657 3282 1708 τῶν
3331 1650 3591 1734 ἀδελφῶν,
3624 1645 3842 1735 ἀγαπᾷν

452 1733 675 1796 habere
708 1736 768 1797 in
818 1736 1009 1798 Deum
1066 1745 1126 1798 et
1180 1737 1240 1799 in
1299 1737 1628 1819 spiritalem
1681 1736 1935 1799 Patrem.
1971 1738 2103 1800 Haec

2188 1734 2243 1792 δὲ
2305 1736 2357 1795 ἐν
2417 1739 2601 1818 ὲιρήνῃ
2656 1740 2779 1804 τοὺς
2845 1740 3137 1821 ἰσοτίμους,
3194 1753 3312 1805 τοῖς
3368 1739 3423 1797 δὲ
3473 1733 3841 1823 προκόπτουσι

452 1823 564 1885 tria
595 1824 696 1905 qui
729 1824 1019 1914 possidet,
1054 1825 1231 1887 vitam
1284 1826 1473 1904 agitin
1528 1827 1702 1889 terris
1731 1827 2059 1906 angelicam
2086 1844 2101 1890 :

2190 1826 2268 1900 μὴ
2298 1830 2510 1905 φθονεῖν
2545 1842 2558 1858 ⁸
2612 1828 2786 1885 πίστιν
2815 1827 2871 1884 δὲ
2932 1827 3119 1887 ἄδολον
3174 1830 3262 1886 καὶ
3318 1828 3502 1888 ἐλπίδα
3531 1831 3678 1913 ἔχειν
3704 1835 3842 1914 πρός

451 1914 748 1976 contraria
768 1913 870 1995 qui
894 1913 1094 1989 habet,
1120 1915 1233 1977 hoc
1254 1924 1343 1976 est
1363 1915 1869 1989 incredulitatem,
1904 1916 2106 1978 odium

453 2008 514 2062 et
543 2000 1061 2074 inhumanitatem,
1093 2004 1361 2065 omnium
1392 2004 1683 2066 malorum
1709 2005 1771 2066 fit
1795 2004 2102 2068 habitacu-

452 2087 577 2151 lum
605 2097 665 2151 et
694 2090 868 2173 plane
899 2095 960 2154 in
991 2091 1322 2156 daemonem
1352 2092 1583 2157 transit.

537 2358 636 2423 75.
655 2358 1348 2443 Namubiquismonachi
1380 2359 1644 2424 habiturn
1664 2360 1951 2436 induerit,
1984 2381 2102 2424 non

453 2449 719 2530 amplius
739 2449 800 2511 in
832 2469 903 2512 eo
934 2459 1047 2526 est,
1080 2459 1146 2512 ut
1174 2451 1249 2512 sit
1275 2452 1474 2526 homo,
1521 2452 1626 2513 sed
1668 2450 1919 2512 duorum
1950 2451 2106 2513 alte-

449 2555 606 2613 rum,
635 2549 736 2600 aut
758 2541 1027 2619 angelus,
1052 2549 1153 2603 aut
1194 2540 1430 2602 daemon
1472 2539 1794 2601 videbitur.
1829 2539 1914 2602 De
1941 2539 2108 2603 vobis

451 2637 672 2701 autem,
706 2627 941 2702 fratres,
966 2629 1202 2692 conﬁdo
1230 2629 1477 2691 meliora
1501 2637 1560 2693 et
1580 2629 1870 2690 viciniora
1899 2629 2100 2693 saluti.

450 2713 589 2778 Haec
624 2724 683 2779 et
711 2716 826 2779 alia
856 2736 988 2798 qua:
1036 2717 1275 2799 scriptis
1322 2717 1609 2779 mandare
1639 2715 1890 2779 nimium
1921 2727 2099 2793 esset,

452 2821 593 2869 cum
649 2805 740 2866 vir
809 2814 1048 2869 sanctus
1104 2807 1506 2881 disseruisset,
1568 2806 1913 2887 compuncti
1970 2814 2107 2868 sunt

453 2893 660 2955 corde.
694 2895 1087 2975 Respondens
1117 2904 1312 2957 autem
1366 2894 1606 2977 quidam
1658 2912 1728 2957 ex
1787 2893 1900 2957 iis:
1963 2894 2103 2976 Cur,

2188 1934 2246 1969 τε
2313 1916 2405 1971 τὸν
2476 1916 2631 1995 Θεὸν,
2703 1917 2792 1972 καὶ
2860 1918 2952 1973 τὸν
3020 1916 3075 1973 ἐν
3145 1917 3406 1992 πνεύματι
3475 1921 3703 2000 Πατέρα.
3779 1916 3842 1981 ιΟ

2187 2005 2514 2082 κεκτημένος
2571 2008 2637 2065 τὰ
2704 2010 2821 2087 τρία
2875 2018 3038 2068 ταῦτα
3090 2006 3372 2087 ἀγγελικὸν
3426 2011 3538 2087 βίον
3595 2012 3682 2070 ἐπὶ
3734 2017 3844 2093 γῆς

2187 2093 2354 2174 διάγει
2391 2112 2408 2130 ⁸
2481 2098 2510 2152 6
2579 2093 2633 2151 δὲ
2702 2096 2973 2178 τάναντία,
3059 2095 3325 2154 τουτέστιν
3401 2098 3666 2171 ἀπιστίαν,
3751 2104 3847 2159 καὶ

2188 2197 2373 2260 μῖσος,
2423 2185 2512 2241 καὶ
2566 2182 2973 2271 ἀσπλαγχνίαν,
3031 2187 3230 2249 παντὸς
3290 2208 3455 2245 κακου
3507 2189 3845 2271 ταταγώγιον

2184 2272 2409 2353 γίνεται,
2439 2273 2526 2330 καὶ
2557 2270 2757 2348 δαίμων
2787 2275 3068 2353 προέρανῶς
3097 2272 3478 2340 ἀναδείκνυται,

2270 2349 2524 2441 οε’,⁷Ἀφ’
2557 2364 2619 2419 οὗ
2667 2363 2770 2442 γὰρ
2825 2349 2916 2426 τις.
2962 2363 3199 2440 μονάσῃ,
3260 2363 3434 2421 οὐκέτι
3490 2362 3721 2443 διαμένει
3749 2378 3849 2429 τοῦ

2190 2448 2333 2505 εἶναι
2360 2447 2655 2529 ἅνθρωπος,
2687 2447 2807 2505 ἀλλ’
2837 2449 2899 2506 ἐκ
2961 2455 3066 2506 τῶν
3118 2448 3207 2508 δύο
3263 2452 3341 2524 ἓν,
3401 2449 3438 2519 ἢ
3496 2449 3742 2530 ἅγγελος,
3803 2453 3845 2523 ἢ

2189 2535 2387 2613 δαίμων
2420 2539 2734 2618 φανήσεται.
2768 2539 3064 2615 Πέπεισμαι
3115 2537 3170 2595 δὲ
3227 2540 3347 2619 περὶ
3402 2541 3572 2622 ὑμῶν,
3603 2539 3840 2624 ἀδελφοὶ,

2186 2626 2253 2681 τὰ
2320 2627 2592 2706 κρείττονα
2659 2629 2748 2685 καὶ
2839 2627 3076 2710 ἐχόπενα
3146 2629 3436 2709 σωτηρίας,
3510 2639 3685 2690 Ταῦτα
3751 2642 3850 2699 καὶ

2184 2715 2338 2796 ἔτερα
2418 2718 2548 2798 ὑπὲρ
2617 2719 2924 2800 συγγραφὴν
2990 2717 3422 2799 διαγορεύσαντος
3491 2730 3586 2779 τοῦ
3665 2723 3841 2801 ἁγίου,

2185 2807 2548 2884 κατενύγησαν
2605 2820 2731 2869 ταῖς
2801 2805 3037 2886 καρδίαις
3109 2810 3280 2865 αὖτῶν
3317 2824 3331 2838 ⁸
3394 2809 3484 2866 καὶ
3544 2809 3845 2890 ἀποκριθείς

2186 2917 2267 2960 τις
2298 2893 2349 2961 ἐξ
2379 2899 2548 2954 αὐτῶν
2579 2896 2706 2952 εἶπε
2740 2916 2756 2933 ⁶
2798 2897 2946 2953 Διατί
2972 2896 3118 2976 λέγει
3174 2900 3203 2954 6
3258 2895 3419 2954 Δαϐίδ
3449 2914 3465 2929 ⁸
3525 2900 3671 2955 Μετὰ
3698 2901 3846 2958 ὁσίου

453 2982 669 3064 inquit,
705 2985 931 3048 dictum
962 3004 997 3047 a
1032 2986 1252 3049 Davide
1299 2994 1428 3048 est:
1463 2988 1610 3047 Cum
1641 2993 1843 3047 sancto
1869 2993 2103 3047 sanctus

2189 2984 2331 3050 ὅσιος
2389 2983 2519 3069 ἔσῃ,
2581 2987 2669 3042 καὶ
2728 2988 2860 3063 μετὰ
2916 2985 3164 3045 ἐκλεκτοῦ
3220 2986 3494 3062 ἐκλεκτὺς,
3550 2991 3640 3046 καὶ
3703 2992 3844 3067 μετὰ

453 3071 597 3147 eris,
632 3080 854 3136 etcum
886 3075 1073 3138 electo
1109 3077 1333 3138 electus
1383 3077 1524 3151 eris,
1573 3085 1632 3137 et
1664 3093 1796 3137 cum
1830 3092 2103 3154 perverso

2190 3070 2439 3153 στρεϐλοῖ)
2467 3068 2848 3156 διαστρέψειςς
2900 3075 3056 3155 Λέγει
3110 3076 3253 3152 αύτῷ
3308 3078 3336 3133 6
3394 3076 3563 3156 μέγας
3596 3093 3613 3109 ⁸
3676 3086 3845 3137 Τοῦτο

453 3163 815 3244 perverteris
832 3164 897 3213 66
920 3163 945 3226 ?
971 3191 997 3221 κ
1021 3164 1092 3226 Et
1110 3183 1358 3245 magnus
1383 3164 1554 3226 Pater
1581 3185 1595 3226 :
1630 3168 1752 3227 Hoc
1781 3162 1928 3225 dixit
1961 3166 2107 3225 Pro-

452 3254 637 3333 pheta
667 3273 800 3315 cum
832 3254 955 3317 Deo
986 3254 1262 3336 loquens,
1326 3273 1445 3317 non
1478 3274 1613 3316 cum
1645 3253 1889 3317 homine
1922 3273 1936 3317 :
1971 3272 2108 3315 nam

449 3342 609 3423 quod
635 3343 927 3425 sequitur,
955 3343 1073 3406 Deo
1097 3344 1397 3418 convenit,
1429 3361 1550 3406 non
1588 3343 1854 3406 homini:
1894 3368 1921 3399 α
1955 3341 2111 3416 Quo-

449 3431 608 3495 niam
642 3439 700 3492 tu
727 3433 1006 3514 populum
1035 3433 1323 3496 humilem
1350 3435 1577 3496 salvum
1598 3433 1782 3496 facies
1813 3440 1869 3496 et
1904 3433 2109 3494 oculos

456 3520 852 3603 superborum
881 3522 1227 3585 humiliabis
1246 3522 1329 3584 67.
1350 3547 1377 3580 η
1394 3522 1709 3586 Audiverat
1739 3522 1901 3584 enim
1930 3520 2110 3584 David

451 3611 755 3674 dicentem
788 3612 970 3673 Deum
1001 3630 1016 3676 :
1082 3637 1109 3668 ι
1170 3610 1314 3675 Vivo
1370 3630 1481 3692 ego
1520 3611 1831 3688 Dominus,
1865 3611 1917 3673 si
1947 3619 2110 3673 recte

450 3696 688 3763 inecum
720 3698 1137 3781 ambulaveris,
1173 3709 1233 3764 et
1277 3720 1383 3780 ego
1439 3707 1604 3763 recte
1659 3699 1979 3763 amhulabo
2012 3707 2107 3762 te-

454 3808 591 3851 cum
619 3789 705 3852 68.
742 3813 770 3846 ι
804 3789 1396 3873 Etrursusscriptum
1430 3798 1520 3851 est
1547 3790 1619 3851 ad
1654 3789 1930 3871 obliquos
1954 3792 2110 3870 (per-

449 3877 592 3941 inde
623 3878 782 3941 enim
817 3886 906 3940 est
934 3897 1002 3940 ac
1032 3878 1235 3941 dicere
1284 3886 1617 3960 perversos)
1648 3898 1663 3940 :
1736 3901 1760 3933 α
1825 3877 2110 3959 Obliquas

447 3968 574 4030 vias
604 3968 794 4030 mittet
821 3969 1134 4042 Dominus,
1168 3976 1227 4030 et
1256 3987 1373 4030 non
1400 3969 1602 4029 homo.
1640 3993 1668 4025 ω
1692 3969 1983 4031 Caeterum
2006 3969 2110 4030 ho-

449 4056 715 4120 minibus
738 4068 1096 4138 praeceptum
1123 4065 1234 4139 est,
1269 4065 1333 4118 ut
1370 4056 1647 4118 inimicos
1667 4056 1957 4137 diligant;
1992 4057 2106 4120 he-

2188 3166 2322 3243 πρὸς
2352 3165 2440 3221 τὸν
2474 3165 2603 3220 Θεὸν
2659 3163 2918 3232 ἐλάλησεν
2963 3168 2991 3222 ὁ
3044 3166 3350 3246 προφήτης,
3389 3170 3448 3225 οὗ
3476 3168 3608 3246 πρὸς
3637 3166 3843 3249 ἅνθρωο

2189 3274 2313 3333 πον,
2345 3253 2563 3338 καὶηγᾶιρ
2592 3260 2708 3328 Θεῷ
2736 3253 2923 3333 πρέπει
2971 3256 3033 3311 τὸ
3091 3253 3400 3335 ἀκόλουθον,
3435 3255 3530 3312 οὐκ
3558 3255 3839 3338 ἀνθρώπῳ,

2190 3338 2250 3394 τό
2285 3354 2299 3368 ⁸
2342 3362 2370 3394 α
2437 3322 2543 3396 τδτι
2573 3340 2635 3395 σὺ
2669 3338 2798 3396 λαὸν
2855 3343 3132 3424 ταπεινὸνΜ
3158 3322 3492 3416 σώσεις,’καὶ
3542 3322 3844 3424 ὀφθαλμοὺς

2188 3429 2548 3508 ὑπηρηφάνων
2579 3431 2947 3495 ταπεινώσεις,
3010 3450 3040 3490 ›
3105 3411 3328 3488 νΗκουσε
3355 3411 3471 3511 ’γὰρ
3501 3435 3529 3489 6
3561 3411 3724 3490 Ᾰαϐὶέ
3750 3441 3845 3492 τοῦ

2194 3524 2326 3574 Θεοῦ
2376 3515 2648 3598 λέγοντος,
2698 3518 2800 3593 ὅτι,
2866 3540 2890 3577 ε
2952 3526 3042 3576 Σῶ
3099 3518 3207 3598 ἐγὼ
3263 3521 3474 3603 Κύριος,
3532 3519 3623 3580 ἐὰν
3675 3524 3844 3603 ὀρθῶς

2190 3607 2433 3683 πορεύσῃ
2483 3604 2601 3682 μετ’
2669 3608 2818 3684 ἐμοῦ,
2891 3609 3055 3689 ὀρθῶς
3111 3602 3434 3688 πορεύσομαι
3492 3610 3646 3689 κάγὼ
3701 3602 3842 3687 μετά

2191 3704 2308 3756 σοῦ.
2374 3719 2398 3751 ιι
2460 3698 2560 3753 Καὶ
2630 3695 2788 3755 πάλιν
2860 3698 3152 3777 γέγραπται
3207 3700 3339 3777 πρὸς
3397 3700 3519 3763 τοὺς
3571 3699 3841 3777 σκολιοὺς,

2190 3783 2380 3841 ταῦτὸν
2410 3782 2466 3840 δέ
2495 3784 2605 3842 ἐστι
2635 3788 2723 3842 καὶ
2751 3789 2779 3843 6
2808 3785 3054 3867 στρεϐλός
3089 3803 3104 3819 ⁸
3172 3810 3198 3841 ι
3263 3786 3489 3853 Σκολιᾶς
3520 3787 3670 3853 ὁδοὺς
3698 3790 3845 3848 ἀπο-

2190 3873 2370 3931 στελεῖ
2402 3875 2613 3954 Κύριος,
2665 3877 2754 3932 καὶ
2809 3876 2905 3933 οὐκ
2960 3875 3255 3956 ἅνθρωπος,
3318 3900 3347 3933 ι
3411 3877 3734 3956 Ἀνθρώποις
3790 3879 3849 3937 δὲ

2191 3962 2597 4040 νενομοθέτηται
2646 3965 2709 4021 τὸ
2764 3965 2976 4044 ἀγαπᾷν
3033 3969 3154 4031 τοὺς
3227 3966 3473 4047 ἐχθροὺς,
3536 3969 3596 4024 τὸ
3663 3975 3847 4034 καλῶς

2189 4066 2368 4111 ποιεῖν
2413 4066 2530 4118 τοῖς
2585 4062 2795 4130 μισοῦσι
2848 4059 2937 4113 καὶ
2992 4058 3155 4113 κακὸν
3218 4056 3331 4113 ἀντὶ
3386 4067 3554 4116 κακοῦ
3606 4080 3709 4114 τινι
3766 4060 3848 4135 μὴ

452 4146 753 4209 nefaciant
781 4145 853 4207 iis
883 4146 985 4227 qui
1018 4147 1278 4209 oderunt
1307 4165 1435 4222 eos,
1468 4154 1526 4209 et
1556 4146 1781 4207 malum
1815 4165 1921 4225 pro
1953 4147 2103 4208 malo

2189 4140 2493 4227 ἀποδοῦναι.
2530 4141 2694 4200 Πάλιν
2748 4144 3026 4224 ἠμίιτησεν
3083 4143 3258 4225 ἕτερος
3296 4162 3310 4175 ⁸
3374 4146 3435 4202 Τί
3463 4145 3603 4203 ἐστιν
3645 4148 3673 4203 ὃ
3702 4146 3849 4226 λέγει

450 4254 572 4298 non
593 4234 846 4298 reddant
900 4226 1128 4297 Deinde
1160 4235 1543 4315 interrogavit
1571 4235 1724 4296 alius
1750 4256 1764 4294 :
1810 4233 1961 4308 Quid
1992 4235 2103 4297 sibi

2192 4226 2495 4307 Ἀὅὸακοὺμ
2549 4233 2579 4288 6
2623 4234 2903 4312 προφήτης
2937 4248 2951 4263 ⁸
3021 4250 3051 4291 (
3106 4229 3505 4307 Ἀναπαύσομαι
3563 4232 3618 4290 ἐν
3671 4233 3850 4315 ἡμέρᾳ

450 4323 634 4422 velint
654 4324 760 4422 illa
777 4322 1054 4422 H_ab_acu_c
1086 4326 1391 4407 propheta:
1420 4324 1630 4422 verba:
1661 4349 1686 4380 α
1715 4323 2103 4422 Requiescam

2190 4317 2419 4394 θλίψεώς
2444 4342 2603 4421 ιιμου,
2660 4330 2754 4379 τοῦ
2808 4318 3065 4384 ἀναϐῆναί
3121 4342 3188 4397 με
3246 4322 3321 4385 εἷς
3377 4321 3506 4378 λαὸν
3563 4323 3847 4402 παροικίας

448 4415 513 4477 in
543 4414 641 4476 die
664 4412 1062 4475 tribulationis
1086 4400 1257 4495 meae,
1282 4423 1345 4476 ut
1367 4414 1682 4478 ascendam
1714 4415 1784 4475 ad
1822 4400 2103 4495 populum

2191 4430 2292 4483 μου
2326 4427 2342 4489 ;
2381 4429 2405 4464 ε
2444 4400 2501 4466 Ὀ
2532 4406 2585 4464 δὲ
2616 4407 2762 4473 ὅσιος
2793 4409 3068 4489 ἀπεκρίθη³
3097 4420 3200 4471 Τοῦ
3219 4409 3546 4468 Ἀποστόλου
3567 4400 3843 4490 λέγοντος,

451 4501 949 4586 peregrinationis
978 4521 1126 4564 mem
1152 4503 1239 4564 69.
1281 4529 1304 4561 υ
1342 4502 1675 4585 Respondit
1703 4501 1791 4563 vir
1821 4510 2061 4564 sanctus
2087 4523 2100 4563 :

2189 4496 2269 4553 ὅ;ι
2346 4519 2370 4554 ι
2446 4507 2619 4556 Ταῦτα
2688 4499 2859 4555 πάντα
2920 4506 3154 4562 τυπικῶς
3225 4497 3526 4559 συνέϐαινεν
3596 4499 3844 4576 ἐκείνοις,

449 4584 595 4658 Cum
627 4591 942 4672 Apostolus
967 4592 1143 4667 dicat,
1177 4619 1203 4649 ι
1229 4592 1366 4655 Haac
1385 4600 1583 4655 autem
1606 4592 1805 4654 omnia
1827 4592 1885 4653 in
1917 4592 2103 4674 ﬁgura

2189 4587 2392 4668 ἐγράφη
2422 4584 2476 4642 δὲ
2507 4589 2639 4667 πρὸς
2668 4587 2767 4654 την
2791 4589 2945 4664 ἡμῶν
2970 4588 3236 4645 νουθεσίαν
3272 4607 3289 4624 ’
3342 4611 3369 4643 ιι
3405 4588 3515 4667 ἐγὼ
3541 4595 3715 4646 πᾶσαν
3744 4590 3847 4658 τὴν

450 4681 1034 4762 contingebantillis,
1056 4683 1276 4764 scripta
1293 4690 1427 4744 sunt
1444 4691 1637 4743 autem
1649 4681 1719 4744 ad
1747 4683 2103 4762 corrreptio-

2190 4677 2402 4757 Γραφὴν
2485 4677 2557 4739 εἷς
2643 4676 2871 4753 ἐμαυτὸν
2956 4676 3252 4756 ἑρμηνεύω.
3329 4679 3429 4735 Τὸν
3502 4679 3602 4758 γὰρ
3673 4675 3851 4754 Ἀδὰμ

449 4792 589 4836 nem
615 4780 883 4835 nostram
912 4772 1014 4834 70:
1073 4797 1100 4828 ι
1138 4791 1279 4853 ergo
1312 4781 1488 4834 totam
1521 4771 1887 4852 Scripturam
1917 4769 1976 4832 in
2009 4788 2103 4833 me

2188 4766 2416 4833 ἀκούων,
2458 4766 2546 4821 καὶ
2575 4765 2665 4822 τὸν
2698 4766 2858 4847 Κάϊν,
2889 4767 2976 4822 καὶ
3001 4768 3092 4823 τὸν
3124 4766 3340 4845 Λάμεχ,
3373 4768 3462 4822 καὶ
3488 4767 3690 4831 πάντας
3720 4769 3847 4833 τοὺς

449 4862 649 4945 ipsum
698 4862 1078 4944 interpretor.
1116 4862 1378 4925 Audiens
1407 4860 1628 4942 quippe
1657 4859 1845 4924 Adam
1876 4869 1935 4921 et
1961 4858 2103 4922 Cain

2188 4861 2265 4929 τῷ
2320 4860 2437 4928 Θεῷ
2492 4852 2833 4945 ἐπταικότας,
2884 4854 3234 4931 ἐνθυμοῦμαι,
3309 4854 3390 4912 ὅτι
3441 4855 3594 4934 κάγώ
3650 4858 3758 4932 εἶμι
3817 4861 3848 4915 6

449 4941 510 5014 et
528 4950 807 5029 Lamech,
837 4941 894 5012 et
914 4968 1147 5032 omnes,
1172 4950 1273 5032 qui
1297 4941 1598 5031 peccando
1622 4951 1809 5013 Deum
1831 4948 2103 5011 offende-

2188 4952 2447 5015 τοιοῦτος,
2480 4943 2567 4999 καὶ
2599 4941 2721 5023 οὒχὶ
2750 4942 2934 5007 ἄλλος.
2992 4950 3159 5002 Τοῦτο
3214 4942 3386 4999 τοίνυν
3439 4945 3502 5000 τὸ
3560 4945 3720 5022 ρητον
3750 4954 3847 5004 τοῦ

449 5047 613 5114 runt,
646 5040 922 5102 existimo
954 5031 1140 5101 illum,
1170 5031 1267 5101 me
1316 5057 1472 5113 esse,
1504 5049 1566 5100 et
1598 5057 1717 5099 non
1743 5037 1925 5099 alium
1980 5036 2103 5100 Hoc

2188 5034 2463 5114 προφήτου
2508 5031 2768 5112 ἀνθρώπῳ
2822 5032 3012 5113 πρέπει
3067 5040 3290 5108 συνετῷ,
3354 5035 3640 5109 καθημένῳ
3696 5036 3847 5092 κάτω

445 5127 630 5210 igitur
661 5129 966 5210 prophetae
995 5128 1220 5191 dictum
1251 5129 1375 5190 viro
1426 5127 1665 5190 cordato
1695 5126 1967 5209 congruit
1996 5145 2096 5189 se-

449 5217 614 5281 denti
642 5217 702 5280 in
735 5217 829 5279 his
852 5216 1264 5299 inferioribus,
1288 5216 1351 5278 in
1372 5216 1571 5280 saeculi
1593 5214 1758 5290 faece,
1775 5233 2100 5297 secumque

450 5305 753 5385 cogitanti,
806 5325 875 5369 ac
904 5306 1166 5371 dicenti:
1205 5331 1232 5363 α
1268 5305 1588 5389 Quousque
1614 5305 1803 5369 Deum
1835 5324 1962 5379 oro,
1989 5322 2102 5366 nec

448 5393 741 5475 intelligo,
766 5414 899 5479 qua:
927 5393 1177 5482 loquor?
1215 5419 1237 5453 ι
1267 5394 1780 5477 Tumqueinfert:
1819 5420 1843 5451 α
1879 5393 2104 5459 Obser-

445 5482 576 5551 νονί
609 5492 667 5548 et
695 5483 1109 5551 conturbatum
1161 5492 1250 5545 est
1300 5502 1404 5546 cor
1437 5503 1635 5547 meum
1663 5483 1743 5561 71,
1779 5508 1806 5543 ω
1842 5484 1956 5546 hoc
1988 5489 2102 5558 est,

525 5653 591 5707 66
618 5652 777 5721 Psal.
807 5670 953 5729 XVII,
1000 5652 1102 5719 27.
1186 5653 1251 5707 67
1292 5653 1444 5721 Ibid.
1498 5654 1597 5719 28.
1679 5655 1746 5707 68
1792 5653 1980 5720 Levit.
2020 5668 2103 5717 xx

2236 5647 2296 5723 3,
2354 5647 2451 5714 12.
2532 5646 2599 5699 69
2645 5644 2871 5711 Hahae.
2923 5661 3011 5724 tu,
3070 5645 3171 5711 16.

449 5736 507 5799 ’Il
542 5734 763 5809 Hahae.
797 5753 883 5820 Ill,
920 5737 1020 5802 16.

2188 5124 2260 5185 εἷς
2289 5123 2388 5190 τὴν
2432 5119 2562 5189 ὕλην
2620 5127 2734 5202 τοῦ..
2767 5122 2991 5198 κόσμου,
3057 5120 3392 5202 λογιζομένῳ
3418 5143 3477 5178 τε
3506 5121 3623 5180 καθ’
3654 5124 3845 5183 ἑαυτὸν

2179 5214 2268 5269 καὶ
2295 5209 2504 5290 λέγοντι
2538 5229 2555 5248 ⁸
2619 5233 2648 5266 α
2708 5194 2838 5275 "Eoo;
2885 5211 3016 5267 πότε
3064 5212 3455 5292 προσεύχομαι,
3491 5210 3644 5268 καὶᾶ
3700 5210 3849 5291 λέγω

2183 5305 2243 5360 οὗ
2270 5306 2377 5357 νοῶ
2406 5319 2424 5381 ς
2464 5324 2489 5354 ο
2525 5300 2655 5358 Τότε
2684 5298 2868 5379 ἐπάγει
2897 5298 3068 5379 λέγων
3095 5321 3110 5336 ⁸
3147 5321 3170 5356 ε
3204 5298 3605 5381 Ἐιρυλαξάμην,
3638 5322 3663 5357 ιι
3689 5322 3845 5357 τουτ-

2185 5391 2324 5447 έστιν
2354 5389 2651 5469 ἐσκόπησα,
2701 5391 2788 5447 καὶ
2839 5389 3153 5466 ἐσκεψάμην
3210 5389 3310 5456 τὴν
3367 5389 3675 5469 προσευχὴν
3732 5396 3845 5446 τῶν

2186 5478 2416 5561 χειλέων
2445 5500 2545 5555 μου
2576 5495 2592 5512 ⁸
2656 5478 2884 5559 εὔχομαι
2937 5475 3016 5555 δὲ,
3076 5475 3158 5534 ὅτι
3224 5479 3283 5535 Εἰ
3346 5476 3690 5536 ἀνταπέδωκα
3721 5493 3843 5544 τοῖς

3257 5644 3386 5709 701
3435 5645 3573 5712 Cor.
3623 5646 3840 5724 Χ,11.
