4182 6406
512 338 614 405 131

2017 335 2351 405 ANONYM
2357 338 2383 401 Ι

3773 332 3893 401 132

498 471 618 535 sari
688 469 1014 534 videamini
1080 468 1365 533 Ecclesiae
1434 470 1731 533 columnis
1799 471 2122 536 Athanasio

2210 475 2406 552 ⁸ἁγίοις
2477 472 2740 552 Πατράσιν
2828 469 3239 547 ἐναντιούμενοι,
3321 483 3444 536 τοῖς
3512 469 3720 536 στύλοις
3784 476 3886 540 τῆς

493 562 739 643 Basilio,
765 559 1052 641 Gregorio
1081 568 1140 622 et
1167 558 1382 623 Joanni
1410 560 1867 640 Chrysostomo,
1898 561 2122 643 aliisqw

2235 560 2557 629 Ἐκκλησίας
2647 557 2958 641 Ἀθανασίῳ,
3028 557 3333 634 ιΒασιλείῳ,

3420 560 3509 617 καὶ
3588 560 3883 641 Γρηγορίιρ,

494 650 831 713 innumeris
863 658 922 713 et
947 648 1135 712 sacris
1169 648 1461 724 conciliis,
1502 667 1536 710 a
1566 648 1807 731 quibus,
1842 651 1998 730 quod
2032 670 2122 712 n01

2233 651 2322 707 καὶ
2391 649 2612 725 Ἰωάννῃ
2693 654 2772 706 τῶ
2863 648 3240 728 Χρυσοστόμῳ,
3326 647 3418 705 καὶ
3504 645 3686 712 ἄλλοις
3774 670 3882 723 μυ-

495 740 898 814 observatum,
960 757 1072 801 nec
1130 738 1311 800 etiam
1371 738 1504 817 lege
1555 743 1795 801 cautum
1850 746 1961 802 est.
1995 738 2150 812 Quin

495 832 675 893 etiam
709 827 1028 892 Ambrosio
1059 826 1290 890 doctori
1342 836 1561 909 vestro,
1595 826 1670 889 de
1699 846 1814 909 quo
1846 826 2062 907 legitur
2088 828 2122 890 i1

2233 828 2511 901 ἐποίησαν,
2583 824 2699 886 οῦδὲ
2768 824 3152 902 ἐνομοθέτησαν
3204 841 3218 855 ⁶

496 921 627 1000 ejus
654 920 816 987 Vita,
858 924 975 978 tota
1005 915 1382 978 hebdomada
1404 916 1684 996 jejunare
1705 916 1943 979 solitum
1978 936 2148 980 exce-

497 1011 656 1090 pisse
686 1006 1006 1070 Salihatum
1067 1024 1136 1067 ac
1193 1005 1353 1067 diem
1405 1004 1802 1068 Dominicum.
1857 1005 1978 1086 Ego
2008 1026 2145 1069 vero

495 1116 606 1159 nec
635 1096 827 1178 ipsum
861 1101 1130 1156 sanctum
1181 1091 1535 1156 Silvestrum
1567 1094 2142 1176 arbitrorjejunium

491 1187 607 1249 hoc
669 1183 938 1247 sanxisse
983 1191 1198 1263 praeter
1247 1184 1741 1247 consuetudinem
1802 1192 2141 1247 sanctorum

489 1278 754 1350 Patrum,
786 1291 897 1335 nec
929 1271 1091 1334 enim
1129 1272 1378 1352 potestis
1408 1271 1483 1334 de
1513 1272 1627 1335 hoc
1654 1276 1925 1354 proferre
1954 1273 2142 1336 ratio-

492 1383 652 1440 nem,
679 1371 779 1424 aut
799 1380 1091 1424 canouem
1144 1360 1258 1422 nisi
1289 1368 1513 1422 tantum
1549 1362 1677 1441 ejus
1706 1361 1856 1425 Vitae
1883 1362 2140 1442 scripto-

487 1474 639 1526 rem,
675 1452 768 1514 cui
803 1451 973 1512 facile
1005 1467 1182 1513 nemo
1214 1449 1562 1531 crediderit,
1596 1450 1735 1531 quia
1764 1450 1915 1513 nihil
1944 1451 2138 1526 aﬂert,

485 1543 645 1604 unde
668 1541 1035 1603 demonstret
1067 1539 1226 1619 (66).
1257 1540 1334 1601 At
1367 1557 1477 1601 nos
1506 1539 1729 1602 omissa
1756 1539 2137 1614 verbositate,

476 1633 753 1714 jejunare
773 1630 929 1693 enim
952 1629 1175 1692 malum
1196 1647 1311 1690 non
1354 1636 1468 1710 est,
1510 1629 1778 1692 dicamus
1810 1630 1958 1693 illud
1986 1649 2142 1707 apo-

483 1723 757 1786 stolicum
784 1743 799 1786 :
831 1741 859 1781 ‹
879 1719 1047 1794 Quod
1070 1737 1208 1781 esca
1228 1737 1338 1782 nos
1361 1718 1484 1781 Deo
1498 1738 1616 1781 non
1634 1721 2136 1799 commendat”,-

3399 736 3594 801 οἵτινες
3676 738 3705 793 ὃ
3787 739 3885 794 οὒκ

3313 824 3373 883 οὗ
3442 830 3551 902 μὴν
3617 822 3673 881 δὲ
3745 822 3883 881 ἀλλὰ

2227 918 2315 974 καὶ
2412 913 2711 997 Ἀμϐροσῖῳ
2802 921 2880 989 τῷ
2961 916 3108 989 ὑμῶν
3190 911 3508 994 διδασκάλῳ,
3608 913 3726 993 περὶ
3821 913 3882 968 οὗ

2227 1006 2520 1086 γέγραπται
2550 1006 2605 1062 ἐν
2633 1010 2711 1079 τῷ
2762 1004 2918 1062 αὐτοῦ
2973 1005 3091 1079 ϐίῳ,
3153 1002 3233 1061 ὅτι
3289 1010 3463 1061 πᾶσαν
3493 1002 3590 1071 τὴν
3620 999 3883 1078 ἑϐδομάδα

2228 1096 2501 1167 ἐνήστευεν
2564 1095 2716 1159 ἐκτὸς
2788 1091 3061 1153 Σαϐϐάτω
3114 1095 3203 1151 καὶ
3256 1099 3551 1175 Κυριακῆς.
3621 1090 3766 1172 Ἐγὼ
3822 1091 3880 1150 δὲ

2227 1183 2334 1242 οὔδ’
2389 1185 2545 1244 αὐτὸν
2593 1186 2655 1241 τὸ
2702 1183 2855 1262 ἅγιον
2912 1180 3222 1263 Σίλϐεστρον
3276 1183 3421 1241 εἶναι
3480 1182 3881 1259 ἐναντιούμενον

2224 1290 2342 1341 τοῖς
2399 1276 2568 1355 ἁγίοις
2623 1276 2858 1355 Πατράσι
2912 1276 3108 1342 ταύτην
3155 1275 3253 1343 τὴν
3305 1275 3549 1343 νηστείαν
3579 1278 3876 1352 νομοθετῆ-

2224 1390 2311 1424 σαι
2346 1382 2361 1398 ⁸
2433 1366 2549 1425 οὐδὲ
2614 1366 2716 1447 γὰρ
2771 1363 2983 1423 δύνασθε
3041 1363 3313 1432 ἀποδεῖξαι
3371 1363 3531 1444 λόγον
3588 1364 3625 1435 ἢ
3682 1365 3879 1423 κανόνα

2223 1456 2341 1536 περὶ
2395 1456 2599 1536 τούτου,
2672 1456 2716 1511 εἷ
2785 1454 2862 1530 μὴ
2922 1455 3084 1530 μόνον
3141 1455 3234 1512 τὸν
3288 1454 3729 1534 συγγραψάμενον
3783 1456 3874 1512 τὸν

2224 1545 2420 1602 ἐκείνου
2488 1545 2633 1626 Βίον,
2678 1547 2751 1626 -ᾤ
2819 1541 2982 1608 οῦδεὶς
3055 1546 3289 1624 εὒχερῶς
3362 1543 3595 1600 πιστεύει
3663 1541 3747 1600 διὰ
3812 1545 3876 1600 τὺ

2223 1615 2630 1696 ἀναπόδεικτον..
2678 1615 2852 1708 εὅμως
2922 1634 3088 1709 ἡμεῖς
3116 1615 3407 1698 ηὲόισαντες
3477 1634 3572 1697 τὰς
3645 1630 3875 1711 λογολε-

2224 1723 2409 1803 σχίας⁸
2440 1720 2585 1782 οὐδὲν
2617 1722 2716 1802 γὰρ
2744 1723 2908 1778 κακὸν
2924 1722 2967 1811 ᾖ
2992 1720 3230 1789 νηστεία⁸
3259 1720 3499 1797 εἴπωμεν
3520 1722 3582 1778 τὸ
3606 1731 3698 1780 τοῦ
3713 1719 3876 1779 Ἀπο-

2233 740 2385 819 ρίοις,
2458 741 2547 796 καὶ
2613 750 2737 802 ταῖς
2807 737 2981 816 ἁγίαις
3051 734 3310 819 συνόδοις,

482 1820 543 1875 et
590 1830 723 1894 quae
779 1818 1131 1891 sequuntur.
1200 1806 1429 1870 Utinam
1480 1826 1617 1871 vero
1666 1809 1869 1873 miseri
1898 1829 2122 1893 quoque

2219 1799 2409 1870 στόλου
2448 1833 2463 1849 ⁶
2499 1835 2527 1868 α
2561 1799 2653 1871 Οτι
2683 1799 2872 1891 βρῶμα
2921 1799 3066 1887 ἧμᾶς
3125 1812 3185 1869 οὗ
3242 1811 3525 1891 παρίστησι
3554 1814 3634 1887 τῷ
3661 1815 3800 1886 Θεῷ,
3836 1834 3868 1868 ι

485 1901 670 1965 Judaei
696 1899 1042 1962 cruciﬁxum
1076 1897 1406 1960 Dominum‘
1442 1898 1759 1965 adorarent
1787 1908 1845 1961 et
1876 1901 1966 1962 vel
1992 1900 2139 1982 ipsis

482 1989 698 2053 diebus
727 1986 1056 2050 Dominicis
1076 1986 1442 2066 jejunarent,
1478 1986 1623 2048 nihil
1676 1988 1822 2049 mihi
1871 2007 2031 2051 cura;
2061 1990 2135 2051 de

482 2078 596 2141 hoc
627 2085 806 2141 esset.
833 2075 1121 2139 Dixerunt
1145 2074 1230 2136 illi
1259 2093 1272 2136 :
1300 2073 1371 2136 Et
1401 2073 1499 2136 die
1527 2075 1840 2139 Dominico
1864 2078 2137 2157 jejunare

481 2187 602 2230 non
631 2175 719 2229 est
749 2174 1054 2247 peccatum
1086 2163 1118 2225 ?
1178 2163 1507 2244 Respondit
1540 2184 1554 2226 :
1618 2164 1690 2226 Et
1744 2166 1794 2227 si
1827 2175 2141 2247 peccatum

479 2265 589 2334 est,
623 2254 922 2338 quomodo
953 2260 1192 2315 sanctus
1240 2252 1600 2315 Benedictus
1649 2253 1859 2317 diebus
1886 2274 2125 2338 quoque

479 2343 808 2408 Dominicis
840 2350 899 2403 et
927 2340 1092 2404 festis
1110 2341 1416 2421 jejunans,
1438 2341 1744 2421 ignorabat
1771 2344 1971 2419 etiam,
2006 2365 2122 2428 quo

476 2433 574 2499 die
644 2433 875 2497 Pascha
946 2430 1164 2495 esset?
1242 2428 1408 2494 Unde
1483 2450 1588 2513 pro
1655 2440 1816 2495 certo
1888 2434 2123 2499 haben-

475 2524 644 2605 dum,
678 2539 876 2596 omne,
912 2521 1068 2603 quod
1102 2522 1167 2583 ﬁt
1199 2528 1440 2602 propter
1495 2524 1705 2596 Deum,
1740 2521 1960 2585 bonum
1991 2544 2123 2589 esse

475 2620 536 2674 et
605 2630 724 2674 non
783 2609 1274 2690 inprobandum,
1350 2628 1460 2673 nec
1516 2611 1706 2691 ipsam
1764 2613 2126 2679 occisionem

472 2700 738 2763 hominis
794 2699 946 2782 (67),
1009 2707 1075 2761 ut
1116 2699 1373 2763 Phinees
1423 2707 1482 2761 et
1536 2701 1778 2763 Samuel
1838 2706 2127 2769 ostende-

473 2795 639 2853 runt.“

553 2880 654 2943 78.
688 2877 760 2941 Et
789 2897 897 2940 nos
926 2877 1106 2957 igitur
1132 2876 1291 2940 bene
1321 2877 1572 2941 facimus
1603 2876 1856 2944 Sabbato
1882 2900 2001 2944 non
2024 2883 2126 2963 je-

464 2968 749 3049 junantes
777 2967 837 3029 in
896 2965 1350 3029 detestationem
1412 2966 1899 3032 abominabilium
1931 2970 2122 3033 Mani-

2219 1902 2309 1958 καὶ
2334 1902 2400 1958 τὰ
2430 1899 2577 1970 ἑξῆς.
2611 1901 2735 1958 Εἴθε
2778 1897 2833 1956 δὲ
2888 1901 2976 1957 καὶ
3030 1902 3078 1957 οἱ
3133 1900 3370 1958 ταπεινοὶ
3421 1896 3666 1959 Ἰουδαῖοι
3697 1921 3874 1979 προσ-

2219 1990 2429 2047 εκύνουν
2495 1992 2588 2047 τὸν
2643 1988 3039 2070 ἐσταυρωμένον
3101 1988 3377 2056 Δεσπότην
3410 2006 3429 2025 ο
3489 1989 3578 2045 καὶ
3636 1989 3681 2045 εἰ
3737 1988 3874 2059 ἐνή-

2217 2101 2400 2137 στευον
2465 2080 2555 2136 καὶ
2610 2080 2770 2143 αὐτὰς
2825 2078 2920 2141 τὰς
2979 2077 3267 2157 Κυριακὰς,
3329 2075 3476 2136 οὐδέν
3533 2100 3625 2153 μοι
3681 2074 3871 2153 ἔμελεν

2214 2170 2332 2249 περὶ
2360 2169 2568 2232 τούτου,
2629 2166 2883 2245 Λέγουσιν
2942 2170 3084 2242 αὒτῷ
3136 2165 3381 2224 ἐκεῖνοι*
3443 2168 3541 2224 Καὶ
3596 2170 3690 2226 οὐκ
3727 2165 3871 2224 ἔστιν

2213 2257 2441 2338 ἁμαρτία
2469 2259 2532 2314 τὸ
2558 2257 2658 2325 τὴν
2690 2257 2843 2335 ἁγίαν
2899 2255 3167 2335 Κυριακὴν
3217 2261 3501 2323 νηστεῦσαι
3536 2274 3552 2337 ς
3613 2252 3869 2335 Ἀπεκρί-

2205 2350 2271 2415 θη
2305 2362 2321 2378 ⁸
2356 2348 2455 2405 Καὶ
2484 2347 2528 2402 εἰ
2558 2346 2785 2425 ἁμαρτία
2813 2343 2944 2419 ἐστὶ,
2978 2350 3093 2410 πῶς
3142 2346 3172 2401 ὁ
3226 2344 3378 2423 ἅγιος
3436 2342 3737 2409 Βενέδικτος
3767 2345 3868 2414 τὰς

2206 2436 2471 2516 Κυριακᾶς
2541 2435 2630 2491 καὶ
2698 2433 2792 2497 τὰς
2864 2433 3048 2513 ἑορτὰς
3120 2430 3388 2516 νηστεύων
3457 2430 3565 2490 οὐδ’
3623 2433 3752 2489 αὐτὸ
3801 2436 3869 2491 τὸ

2205 2504 2402 2605 Πάσχα
2456 2523 2719 2591 ἠπίστατο
2791 2504 2935 2579 πότε.
2980 2522 3162 2604 ἐστινς
3232 2504 3373 2581 ιὅθεν
3432 2520 3721 2601 γνωστέον,
3779 2520 3865 2579 ὅτι

2210 2619 2314 2671 πᾶν
2384 2618 2604 2692 πρᾶγμα
2666 2610 2750 2668 διὰ
2806 2613 2934 2669 Θεὸν
2999 2613 3300 2692 γινόμενον,
3358 2609 3523 2668 καλὸν
3571 2612 3660 2669 καὶ
3717 2609 3873 2669 οὐδὲν

2210 2699 2537 2776 ἀπόϐλητον,
2570 2698 2676 2759 οὔδ’
2730 2703 2856 2761 αὐτὸ
2911 2702 2972 2759 τὸ

2210 2792 2238 2847 ὁ
2268 2788 2526 2866 Σαμουὴλ
2555 2786 2773 2855 ἔδειξαν,

2290 2867 2400 2948 οη’.
2436 2879 2535 2937 Καὶ
2566 2880 2732 2956 ἡμεῖς
2762 2878 2933 2936 τοίνυν
2984 2876 3163 2944 καλῶς
3218 2884 3471 2955 ποιοῦμεν
3499 2878 3562 2935 τὸ
3591 2875 3869 2939 Σᾶιϐϐατον

2210 2968 2287 3045 μὴ
2385 2968 2754 3044 νηστεύοντες,
2855 2968 3242 3044 ἐναντιούμενοι
3337 2979 3456 3031 τοῖς
3553 2963 3867 3044 βδελυκτοτς

3026 2709 3295 2784 φονεῦσαι,
3352 2703 3425 2765 ὡς
3481 2703 3510 2759 ὁ
3561 2702 3745 2767 Φινεὲς
3776 2702 3873 2760 καὶ

471 3057 767 3119 chaeorum
787 3076 857 3118 eo
882 3056 979 3118 die
1001 3055 1334 3135 lugentium
1360 3062 1420 3117 et
1439 3055 1926 3120 calumniantium
1957 3068 2122 3123 vetus

2210 3057 2540 3138 Νανιχαίοις,
2634 3060 2907 3115 πενθοῦσιν
2979 3055 3032 3115 ἐν
3099 3057 3293 3131 τούτῳ,
3365 3058 3454 3114 καὶ
3522 3052 3864 3114 διαϐάλλουσι

2244 3147 2256 3163 .
2448 3145 2467 3163 ς
2545 3148 2559 3163 ς
2688 3156 2697 3163 .
2776 3150 2799 3163 λ
2825 3148 2836 3163 ,
3055 3147 3069 3163 .
3317 3147 3330 3163 ς
3469 3151 3495 3162 ..
3570 3152 3603 3163 Α
3668 3151 3692 3162 -
3831 3147 3845 3163 -.

469 3144 942 3221 Testamentum,
972 3144 1139 3226 quasi
1165 3164 1199 3205 a
1220 3145 1344 3208 Deo
1368 3164 1484 3205 non
1510 3145 1711 3208 datum
1740 3168 1755 3219 ;
1785 3167 1902 3209 non
1924 3157 2121 3212 tamen

2210 3147 2301 3214 τὴν
2370 3145 2601 3203 παλαιὰν
2675 3148 2969 3221 Διαθήκην,
3042 3147 3117 3211 ὡς
3200 3147 3345 3227 παρὰ
3406 3151 3499 3203 τοῦ
3567 3151 3697 3202 Θεοῦ
3777 3147 3861 3222 μή

466 3232 833 3295 abstinemus
864 3231 938 3293 ab
990 3232 1295 3313 operibus.
1361 3251 1436 3295 ne
1493 3233 1705 3296 fiamus
1755 3235 1985 3299 similes
2016 3238 2121 3301 Dei

463 3321 948 3385 interfectoribus
998 3320 1202 3403 impiis
1250 3320 1492 3384 Iudaeis.
1547 3320 1618 3383 Et
1646 3342 1749 3384 vos
1781 3326 2120 3389 necessario

454 3410 766 3491 jejunetis,
802 3421 1247 3492 praepurgantes
1277 3429 1378 3471 vos
1404 3409 1477 3472 ad
1509 3419 1781 3474 sanctum
1837 3414 2123 3478 Resurre-

356 3530 367 3553 κ
463 3503 677 3565 ctionis
699 3502 1011 3565 diem.His
1029 3510 1088 3565 et
1108 3502 1378 3584 pluribus
1422 3502 1556 3565 aliis
1598 3505 1875 3566 monachi
1898 3506 2119 3569 utilita-

461 3598 580 3653 tem
615 3598 675 3654 et
699 3591 1060 3672 voluptatem
1095 3591 1430 3669 capientes.
1474 3611 1683 3654 omnes
1714 3593 2031 3674 stupebant
2060 3604 2120 3659 et

461 3679 829 3742 mirabantur
859 3679 921 3742 in
953 3679 1150 3742 verbis
1182 3680 1407 3761 gratiae,
1437 3700 1568 3762 quae
1599 3682 2002 3762 procedebant
2039 3686 2114 3749 de

461 3786 566 3830 ore
589 3769 740 3848 ejus,
764 3788 833 3831 ac
856 3769 1170 3832 dicebant:
1199 3772 1512 3850 Nunquam
1537 3770 2111 3835 vidimushominem

459 3854 797 3938 Scripturas
818 3857 1068 3938 perinde
1094 3858 1508 3938 explicantem.
1530 3858 1603 3920 Et
1623 3860 1886 3939 profecto
1904 3880 2112 3924 verum

458 3945 859 4027 Opiuabantur
888 3955 946 4010 et
977 3946 1310 4009 rectissime
1344 3946 1760 4028 loquebantur.
1787 3947 1930 4012 Cum
1953 3950 2110 4013 enim

458 4034 709 4097 haberet
738 4035 838 4097 ille
896 4043 1157 4097 mentem
1207 4035 1455 4097 devictis
1514 4036 1746 4098 cunctis
1803 4037 2113 4103 affectibus

455 4123 933 4205 purgatissimam
968 4132 1026 4186 et
1055 4124 1281 4186 ccelesti
1315 4124 1538 4186 lumine
1566 4124 1940 4199 illustratam,
1974 4147 2109 4191 ser-

456 4228 695 4273 monem
725 4231 960 4295 quoque
987 4212 1273 4274 fundebat
1323 4213 1592 4294 lepidum
1625 4232 1867 4296 semper
1894 4223 1956 4278 et
1985 4218 2106 4280 sale

2204 3234 2445 3294 δοθετσαν
2481 3253 2496 3268 ⁸
2530 3238 2589 3294 οῦ
2618 3235 2955 3317 σχολάζομεν
3010 3233 3066 3292 δὲ
3120 3234 3281 3293 πάλιν
3339 3235 3445 3292 ἀπὸ
3498 3241 3605 3292 τῶν
3660 3233 3855 3317 ἔργων,

2202 3324 2295 3382 ’ἕνα
2351 3326 2428 3401 μὴ
2489 3322 2892 3403 ἐξομοιωθῶμεν
2942 3338 3060 3389 τοῖς
3117 3325 3417 3389 θεοκτόνοις
3477 3324 3567 3381 καὶ
3616 3320 3861 3381 ἀσεϐέσιν

2208 3411 2476 3479 Ἰουδαίοις
2509 3430 2524 3445 ⁸
2590 3416 2679 3471 καὶ
2743 3415 2899 3491 ὑμεῖς
2972 3414 3270 3493 ἀναγκαίως
3342 3413 3638 3489 νηστεύετε,
3714 3435 3858 3493 προ-

2203 3504 2533 3584 καθαίροντες
2591 3503 2804 3567 ἑαυτοὺς
2855 3510 2923 3581 τῇ
2975 3503 3316 3579 ἀναστασίμῳ
3365 3504 3453 3559 καὶ
3509 3503 3632 3581 ἁγίᾳ
3654 3502 3857 3583 ἡμέρᾳ,
3896 3568 3903 3574 μ

2203 3591 2290 3651 Ἐν
2338 3593 2544 3656 τούτοις
2592 3594 2681 3649 καὶ
2731 3590 2969 3650 πλειοσιν
3030 3590 3211 3656 ἄλλοις
3268 3595 3316 3649 οἱ
3372 3593 3603 3672 μοναχοὶ
3642 3590 3861 3673 ὠφελη-

2199 3679 2373 3745 θέντες
2436 3681 2523 3737 καὶ
2580 3677 2912 3756 ἡδυνθέντες,
2984 3678 3248 3747 ἐξίσταντο
3302 3681 3500 3744 πάντες
3553 3682 3642 3737 καὶ
3695 3679 3857 3736 ἐθαύ-

2199 3776 2363 3843 μαζον
2392 3768 2476 3825 ἐπὶ
2505 3781 2622 3839 τρῖς
2652 3766 2832 3847 λόγοις
2877 3772 2975 3836 τῆς
3039 3769 3259 3849 χάριτος
3319 3781 3439 3834 τοῖς
3494 3767 3857 3849 ἐκπορευομέ-

2196 3881 2304 3922 νοις
2335 3858 2396 3915 ἐκ
2418 3865 2509 3916 τοῦ
2560 3858 2825 3935 στόματος
2871 3860 3051 3935 αὐτοῦ,
3112 3860 3200 3915 καὶ
3256 3857 3438 3938 ’ἔλεγον
3471 3874 3486 3889 ⁸
3545 3857 3626 3915 ὅτι
3683 3856 3856 3918 Οὒδέ-

2194 3968 2325 4003 ποτε
2396 3944 2611 4022 εἴδομεν
2681 3944 2957 4026 ἄνθρωπον
3049 3947 3143 4010 τὰς
3214 3948 3424 4027 Γραφᾶς
3496 3946 3857 4026 ὲρμηνεύοντα

2194 4039 2267 4100 ὡς
2296 4043 2477 4094 τοῦτον
2506 4037 2597 4092 τὸν
2627 4034 2795 4098 ὅσιον,
2846 4037 3011 4115 Καίγε
3066 4034 3277 4104 ἀληθῶς
3330 4033 3724 4112 ὑπελάμϐανον,
3754 4037 3850 4093 καὶ

2192 4125 2445 4205 ὀρθότατα
2493 4122 2698 4204 ἔλεγον.
2759 4125 2976 4181 Πάντων
3028 4124 3128 4204 γὰρ
3181 4130 3288 4180 τῶν
3342 4127 3522 4181 παθῶν
3576 4126 3668 4182 τὸν
3722 4131 3851 4182 νοῦν

2188 4213 2557 4293 καθαρώτατον
2647 4212 2999 4289 κεκτημένος,
3089 4214 3178 4270 καὶ
3268 4219 3345 4288 τῷ
3415 4212 3636 4293 οῦρανίῳ
3703 4213 3843 4294 φωτὶ

454 4300 789 4377 conditum,
816 4302 917 4383 qui
937 4301 1313 4382 segnioribus
1339 4311 1400 4364 et
1446 4303 1699 4365 infirmis
1728 4305 1921 4366 calcar
1949 4314 2106 4370 esset

2210 4300 2677 4382 κελαμπρυσμένον,
2713 4304 2740 4359 ὁ
2769 4300 2928 4381 λόγος
2980 4301 3140 4362 αὐτοῦ
3195 4302 3260 4370 ἧν
3316 4301 3543 4359 πάντοτε
3571 4300 3624 4359 ἐν
3652 4302 3837 4382 χάριτι

453 4396 512 4451 et
539 4389 821 4451 auxilium
859 4411 876 4468 ;
923 4391 1246 4454 audacibus
1277 4410 1414 4454 vero
1446 4399 1504 4454 et
1529 4398 1757 4454 temere
1788 4394 2106 4474 prosilien-

2210 4389 2348 4448 ἱλατι
2416 4391 2706 4471 ἠρτυμένος
2744 4409 2758 4424 ⁸
2831 4403 2948 4456 τοῖς
3004 4391 3102 4467 μὲν
3158 4388 3404 4469 ῥαθύμοις
3460 4392 3549 4447 καὶ
3604 4389 3844 4447 ἀσθενέσι

453 4478 611 4541 tibus
641 4479 875 4541 frenum
902 4488 960 4542 et
986 4480 1405 4557 retinaculnm,
1430 4481 1505 4543 iis
1519 4500 1681 4556 vero,
1722 4482 1822 4563 qui
1845 4491 2112 4548 extrema

451 4574 698 4648 utraque
744 4569 1139 4642 declinarent,
1173 4578 1427 4652 apteque
1452 4578 1512 4633 et
1533 4571 1697 4651 juste
1727 4571 2103 4652 incederent,

450 4654 607 4743 libra
663 4657 926 4738 perfecta
994 4666 1053 4720 et
1118 4661 1501 4723 accomodata
1566 4659 1805 4722 vivendi
1875 4664 2100 4743 regula.

456 4740 700 4832 Omnes,
725 4746 826 4827 qui
848 4747 922 4809 ad
944 4746 1136 4829 ipsum
1163 4748 1509 4831 pergebant,
1526 4750 1697 4828 longe
1711 4740 2101 4832 prospiciens,

451 4830 840 4913 intelligebat,
876 4835 1351 4918 praedicebatque
1408 4830 1644 4901 causam
1677 4830 1963 4902 adventus
1994 4859 2101 4903 eo-

451 4939 609 5022 rum,
641 4941 964 5008 rerumque
1017 4926 1208 4990 exitus
1260 4935 1449 4991 ratam
1501 4928 1853 4993 ostendebat
1883 4930 2102 5012 praedi-

451 5019 709 5075 ctionem
722 5062 734 5075 .

528 5261 590 5312 77
618 5260 645 5324 Ι
672 5261 804 5327 Cor.
840 5280 966 5343 vm,
996 5266 1059 5331 8.

2191 4480 2402 4561 κέντρον
2472 4482 2560 4537 καὶ
2627 4481 2822 4558 βοηθὸς
2893 4480 3266 4561 χρηματίζων,
3332 4492 3451 4543 τοῖς
3521 4476 3576 4535 δὲ
3628 4478 3844 4559 θρασέσι

2188 4571 2277 4626 καὶ
2302 4566 2773 4649 ὕπεραλλομένοις,
2799 4566 3022 4649 χαλινὸς
3052 4568 3142 4625 καὶ
3192 4564 3388 4649 φορϐέα
3420 4583 3435 4600 ⁶
3497 4580 3616 4631 τοῖς
3646 4565 3692 4623 δ’
3723 4567 3841 4645 ἀμ-

2188 4656 2477 4738 φοτέρωθεν
2561 4656 3023 4738 ἇποκλινομένοις,
3115 4657 3378 4737 εὐρύθμως
3448 4677 3506 4714 τε
3574 4655 3839 4735 βαδίζουσι

2185 4748 2275 4825 καὶ
2342 4744 2578 4818 δικαίως,
2643 4747 2797 4825 ζυγὸς
2867 4745 3087 4824 ἀγαθὸς,
3142 4746 3232 4801 καὶ
3285 4742 3579 4825 εὔχρηστος
3632 4741 3846 4823 ὁδηγία.

2192 4815 2450 4899 Ἅπαντας
2506 4815 2627 4899 τοῦς
2655 4815 2815 4914 -πρὸς
2869 4815 3039 4890 αῦτὸν
3071 4815 3419 4914 ⁷ἐρχρμένόιῖς
3464 4832 3675 4911 βλέπων
3728 4815 3848 4909 μα·-

2184 4925 2389 5005 κρόθεν,
2441 4923 2658 4981 ἐνενεύει
2732 4924 2820 4980 καὶ
2873 4922 3128 5004 προύλεγε
3184 4923 3282 4990 τὴν
3339 4924 3508 4979 αἰτίαν
3563 4926 3662 4991 τῆς
3715 4924 3850 4981 τού-

2185 5036 2292 5071 των
2320 5012 2542 5093 ἀφίξεως
2572 5032 2585 5047 ·
2648 5014 2737 5070 καὶ
2764 5014 2800 5083 ἡ
2844 5010 3056 5078 ἔκϐασις
3105 5017 3211 5071 τῶν
3240 5014 3570 5093 πραγμήτων
3598 5008 3846 5070 ἐϐεϐαίου

2186 5102 2285 5170 τὴν
2314 5099 2622 5181 πρόρρησιν.

1836 5403 2082 5469 Joannis
2110 5401 2237 5469 Clei
2264 5407 2440 5465 notae.
2550 5436 2553 5437 ν

472 5609 485 5622 _
531 5526 654 5622 (ὅθ)
682 5528 1015 5622 Antiquitas
1042 5534 1219 5622 hujus
1247 5537 1694 5622 consuetudinis
1739 5535 1813 5601 ab
1842 5536 2102 5620 Aposto-

446 5610 562 5701 ἔξεᾲ
593 5610 910 5701 traditione
932 5614 1055 5701 jam
1082 5610 1224 5679 olim
1268 5620 1519 5701 repetita
1550 5620 1682 5696 fuit,
1714 5629 1780 5701 ut
1811 5610 2106 5701 teslantur

2185 5535 2437 5601 aliisque
2466 5534 2679 5600 tradita
2705 5535 2894 5601 fuere.

2268 5614 2400 5699 (67}
2429 5617 2678 5699 Quando
2734 5615 2966 5699 scilicet
3021 5616 3335 5699 manifesta
3374 5624 3452 5699 et
3505 5614 3844 5699 indubitata

445 5688 506 5782 _S.
530 5690 888 5782 Augustinus
913 5688 1252 5782 etJoan_nes
1272 5688 1587 5782 Cassianus
1606 5688 1762 5782 apud
1803 5698 2095 5782 Quesnel-
2177 5688 2344 5782 sunt,
2374 5688 2511 5775 ne},
2546 5696 2813 5780 supremi
2855 5697 2993 5762 vita:
3040 5697 3305 5778 Domini,
3359 5697 3628 5781 jubentis
3659 5714 3840 5761 man-

442 5771 581 5856 lum
599 5772 841 5856 laudati,
904 5774 1010 5856 ubi
1065 5777 1248 5856 etiam
1305 5780 1572 5845 discussa
1616 5771 1800 5844 habes

440 5827 1044 5937 iﬁéiiiddSES’per.
1067 5827 1572 5926 Ἑῇἷέεῆιῖἶῗ
1597 5827 2093 5927 ιδ’ἕίἱπῒῢὲιὶῖαἱίὄ

1857 5798 1992 5863 qum
2018 5780 2095 5843 de
2175 5779 2345 5843 data.‘
