4182 6418
463 335 578 413 135

1979 338 2338 419 ΑΝΟΝῨΜΙ

3743 350 3856 418 I36

465 479 803 546 veremini?
831 478 988 544 Vere
1035 479 1099 543 in
1145 477 1314 542 vobis
1357 497 1476 542 non
1524 479 1693 545 video
1715 481 1962 563 justitiaa
1990 486 2114 549 fru-

2205 486 2362 550 αὐτός
2389 485 2550 568 ἐστιν,
2581 490 2670 545 καὶ
2699 490 2854 554 αὐτὸς
2881 492 2976 549 οὒκ
3005 487 3152 547 οἶδεν
3209 487 3290 548 ὅτι
3343 500 3596 570 γυναῖκες
3640 488 3799 564 ὑμεῖς
3832 506 3851 567 ;

467 579 656 637 ctum.

550 842 652 904 80.
691 839 797 902 His
834 838 955 901 illae
982 836 1223 912 auditis,
1257 855 1392 898 cum
1419 842 1724 917 oporteret
1744 837 1974 918 pudore
2002 839 2128 901 suf-

467 929 634 992 fundi
661 938 720 991 et
742 928 848 989 viri
863 928 1006 1006 justi
1032 926 1278 988 liberam
1298 926 2126 1008 increpationemformidare,

466 1019 742 1080 abierunt
771 1017 1078 1080 dicentes:
1137 1014 1268 1077 Non
1317 1023 1406 1076 est
1465 1015 1562 1077 hic
1619 1033 1828 1078 servus
1857 1015 1990 1092 Dei,
2021 1018 2127 1079 sed

465 1107 761 1171 diabolus.
798 1109 925 1168 Mox
960 1103 1244 1186 postridie
1282 1103 1699 1184 deprehensus
1731 1103 1844 1168 fuit
1875 1105 2125 1187 presby-

468 1205 560 1259 ter
587 1195 990 1259 concumbens
1020 1213 1155 1255 cum
1186 1210 1394 1253 sorore
1437 1191 1811 1270 diaconissaa,
1848 1203 1906 1256 et
1929 1194 2121 1258 divul-

466 1296 597 1366 gata
630 1303 726 1347 res
752 1292 839 1346 est
871 1300 974 1364 per
1003 1289 1184 1343 totam
1244 1280 1410 1343 illam
1451 1279 1767 1344 civitatem.
1809 1284 2124 1364 Postquam

467 1375 676 1437 beatus
705 1373 798 1436 vir
825 1371 1094 1453 pervenit
1145 1369 1204 1431 in
1253 1369 1534 1450 palatium
1585 1369 1817 1451 Abaraa,
1869 1379 2126 1435 tremore

465 1472 733 1544 correpta
757 1473 846 1523 est
869 1461 966 1522 illa
991 1460 1060 1522 ad
1083 1461 1212 1541 ejus
1233 1469 1563 1539 aspectum,
1605 1470 1661 1521 et
1701 1460 2019 1540 procidens
2050 1463 2122 1524 ad

467 1553 650 1632 pedes
678 1553 808 1630 ejus
865 1549 1255 1611 conﬁtebatur
1311 1561 1370 1610 et
1429 1548 1660 1608 veniam
1725 1547 1985 1626 petebat.
2019 1547 2124 1610 Ille

2207 575 2296 631 τὸν
2355 577 2486 632 Θεὸν
2535 577 2612 652 μὴ
2669 576 3013 658 φοϐούμεναι,
3071 577 3169 634 κᾶν
3223 577 3347 642 τοὺς
3404 575 3708 657 ἀνθρώπους
3765 575 3862 631 οὐκ

2207 664 2565 747 αἰσχύνεσθε,
2626 665 2790 731 ὅντως
2837 670 2942 748 οὖχ
2984 669 3091 747 ὁρῶ
3139 666 3192 725 ἐν
3251 668 3380 743 ὑμῖν
3429 667 3632 746 καρπὸν
3663 663 3862 722 δικαιο-

2209 752 2395 820 σύνης.

2290 833 2374 903 π’.
2408 853 2582 904 Ταῦτα
2609 844 2809 903 ἐκεῖναι
2849 845 3166 927 ἆκσύσασαι,
3229 843 3346 904 δέον
3402 845 3720 926 ἐντραπῆναι
3775 842 3868 900 καὶ

2208 932 2542 1001 καταπτῆξαι
2588 942 2680 991 τοῦ
2735 933 2934 992 δικαίου
2989 937 3088 1004 τὴν
3145 935 3460 1016 παρῥησίαν,
3512 934 3868 1015 ἀνεχώρησαν

2209 1020 2480 1101 λέγουσαι,
2554 1023 2634 1080 ὅτι
2706 1026 2855 1088 οὗτος
2917 1025 3012 1082 οὒκ
3077 1024 3187 1082 ἔστι
3258 1023 3439 1090 δοῦλος
3498 1031 3652 1104 Θεοῦ,
3727 1019 3868 1078 ἀλλὰ

2209 1109 2474 1177 διάϐολος.
2567 1115 2666 1171 Καὶ
2749 1114 2938 1180 εὒθέως
3026 1121 3095 1192 τῇ
3177 1113 3420 1195 ἐπαύριον
3491 1113 3756 1194 ἐκρατήθη
3831 1113 3864 1167 6

2207 1199 2554 1281 πρεσϐύτερος
2609 1203 2944 1278 κοιμώμενος
3019 1205 3156 1280 μετὰ.
3224 1209 3324 1272 τῆς
3395 1202 3636 1261 διακόνου
3707 1200 3864 1275 ὁμαί-

2209 1310 2367 1364 μονος
2401 1305 2416 1320 ⁶
2475 1291 2563 1346 καὶ
2617 1291 2849 1360 ἧκουσθη
2907 1292 2960 1348 ἐν
3013 1291 3113 1371 ὅλῃ
3167 1300 3235 1370 τῇ
3291 1291 3443 1350 πόλει
3473 1291 3670 1367 ἐκείνη,
3706 1300 3859 1348 Κατ-

2209 1375 2391 1435 έλαϐεν
2423 1377 2511 1435 οὗν
2543 1381 2571 1435 6
2602 1378 2746 1444 ὅσιος
2784 1382 2864 1437 .τὸ
2920 1380 3180 1439 παλάτιον
3236 1387 3336 1450 τῆς
3401 1378 3627 1460 Ἀράϐας
3661 1395 3676 1411 ’
3735 1375 3860 1444 ἥτις

2205 1465 2507 1542 θεασαμένη
2539 1467 2718 1549 αύτὸν,
2757 1470 2847 1525 καὶ
2901 1471 3190 1550 σύντρομος
3247 1469 3508 1549 γενομένη
3564 1466 3860 1549 προσέπεσε

2204 1566 2322 1617 τοῖς
2385 1555 2539 1610 ποσὶν
2610 1557 2768 1613 αὐτοῦ
2837 1556 3317 1636 ἐξομολογουμένη,
3377 1559 3464 1614 καὶ
3515 1555 3861 1636 συγχώρησιν

465 1649 622 1702 stare
653 1640 812 1701 illam
827 1638 1035 1719 jussit,
1060 1636 1364 1717 dixitque:
1399 1636 1536 1700 Noli
1581 1635 1694 1700 hoc
1731 1636 1950 1712 facere,
1985 1657 2114 1700 nam

2205 1638 2392 1698 λαϐεῖν
2458 1643 2765 1719 αἰτουμένη.
2843 1635 2900 1704 Ὀ
2971 1644 3026 1703 δὲ
3074 1635 3376 1718 ἆναστήσας
3432 1635 3807 1714 αύτὴνίεῖπεν
3841 1657 3856 1672 ⁸

465 1739 524 1792 et
555 1750 662 1810 ego
693 1729 874 1790 homo
903 1733 1180 1808 peccator
1209 1745 1366 1806 sum,
1428 1726 1684 1787 necdum
1713 1726 1919 1806 accepi
1951 1736 2114 1808 pate-

2212 1730 2300 1798 Μὴ
2330 1729 2468 1787 οὕτω
2496 1747 2668 1813 ποιεῖ,
2701 1733 2784 1790 ὅτι
2825 1733 2978 1812 κάγὼ
3036 1735 3304 1815 ἅνθροπως
3356 1737 3463 1812 εἰμὶ
3517 1731 3858 1814 ἁμαρτωλὸς,

463 1827 671 1881 statem
699 1817 925 1893 ligandi
949 1823 1008 1879 et
1031 1814 1323 1878 solvendi.
1347 1815 1460 1878 Sed
1488 1815 1634 1877 vade
1668 1815 1739 1876 ad
1783 1815 2114 1896 episcopos,

2208 1817 2356 1875 οὔπω
2383 1817 2560 1877 λαϐὼν
2592 1819 2824 1888 ἐξουσίαν
2875 1831 2968 1880 τοῦ
3023 1814 3236 1901 δεσμεῖν
3290 1827 3379 1882 καὶ
3434 1823 3598 1884 λύειν.
3630 1821 3862 1902 Πορεύου

463 1907 680 1990 quibus
729 1909 854 1970 haec
877 1904 1187 1995 judicandi
1221 1911 1477 1995 potestas
1531 1903 1888 1995 demandata
1919 1913 2028 1979 est,
2067 1911 2114 1966 et

2205 1906 2260 1962 δέ
2313 1910 2445 1988 πρὸς
2502 1912 2623 1976 τοὸς
2682 1911 3028 1995 ἐπισκόπους,
3090 1914 3211 1979 τοὺς
3266 1916 3332 1970 τὰ
3385 1924 3599 1973 τοιαῦτα
3665 1911 3861 1991 κρίνειν

463 1999 555 2060 fac
587 1997 984 2079 quodcunpue
1009 1993 1095 2056 illi
1119 1991 1400 2056 dixerint.
1431 1993 1883 2073 Responditilla
1910 2011 1924 2056 :
1966 1995 2112 2057 Con-

2203 1997 2645 2080 πεπιστευμένους
2680 2017 2695 2032 ⁸
2768 2003 2857 2059 καὶ
2909 2005 2984 2066 ὡς
3040 2001 3101 2060 ἄν
3162 2026 3245 2061 σοι
3297 2001 3545 2080 εἴπωσιν,
3606 2001 3858 2068 ποίησον.

465 2075 622 2148 fessa
643 2105 772 2147 sum
799 2082 1094 2165 episcopis
1120 2089 1424 2170 peccatum
1448 2101 1644 2143 meum
1660 2089 1716 2143 et
1739 2082 2114 2162 injunxerunl

2208 2075 2270 2142 Ἠ
2341 2085 2396 2142 δὲ
2465 2089 2720 2170 ἀπεκρίθη
2755 2106 2770 2122 ⁸
2832 2101 2961 2155 Τοῖς
3019 2092 3115 2166 μὲν
3172 2091 3482 2155 ἐπισκόποις
3527 2075 3860 2168 ⁷ἐξηγόρευσα

465 2176 637 2251 mihi,
671 2183 732 2236 ut
762 2182 854 2236 ter
883 2191 989 2254 per
1013 2169 1450 2261 hebdomadam
1497 2170 1838 2261 psalterium
1870 2172 2114 2236 recitem

2203 2174 2302 2242 τὴν
2371 2175 2508 2252 ἐμὸν
2579 2181 2860 2261 ἁμαρτίαν,
2933 2181 3020 2237 καὶ
3081 2179 3278 2239 ἔδωκάν
3348 2203 3438 2257 μοι
3491 2177 3708 2242 ἐντολὰς
3762 2187 3860 2236 τοῦ

463 2273 521 2326 et
549 2263 754 2343 egenis
778 2262 912 2324 dem
939 2263 1396 2350 eleemesynam.
1431 2259 1547 2320 Sed
1577 2277 1720 2338 rogo
1751 2265 2114 2324 sanctitatem

2203 2261 2432 2344 πληρεῖν
2503 2267 2564 2322 τὸ
2634 2259 2927 2348 ψαλτήριον
2999 2271 3170 2350 τρίτον
3237 2275 3336 2338 τῆς
3403 2266 3712 2345 ἑϐδομάδος,
3767 2267 3860 2324 καὶ

463 2362 649 2428 tuam,
683 2370 855 2414 serve
895 2349 1152 2421 Domini,
1210 2354 1274 2408 ut
1305 2347 1481 2408 etiam
1513 2367 1546 2408 a
1578 2356 1633 2410 te
1665 2350 1928 2427 audiam,
1961 2351 2114 2431 quod

2203 2366 2378 2410 ποιεῖν
2410 2352 2556 2419 ἕλεος
2611 2358 2684 2421 εἰς
2741 2347 2864 2422 τοῦς
2921 2347 3224 2434 δεομένους.
3287 2356 3586 2438 Παρακαλῶ
3642 2354 3696 2412 δὲ
3753 2357 3858 2422 τὴν

463 2443 524 2504 in
554 2461 682 2504 rem
717 2439 862 2501 mihi
896 2439 991 2529 sit,
1026 2445 1085 2529 et
1133 2437 1366 2529 peccati
1417 2436 1646 2529 veniam
1676 2437 2016 2529 impetrem.
2050 2439 2114 2501 Et

2202 2444 2304 2511 σὴν
2375 2445 2700 2527 ἁγιωσύνην,
2775 2446 2926 2508 δοῦλε
2999 2450 3205 2529 Κυρίου,
3283 2436 3382 2508 τοῦ.
3428 2449 3516 2505 καὶ
3565 2446 3706 2526 παρὰ
3761 2451 3858 2501 σοῦ

463 2531 554 2594 vir
583 2537 853 2593 sansctus
880 2548 891 2587 :
926 2526 1200 2589 Recitare
1229 2526 1469 2607 quidem
1498 2526 1844 2620 psalterium
1875 2535 1933 2590 et
1958 2529 2114 2592 elee-

2201 2533 2262 2588 τὸ
2333 2533 2596 2614 συμφέρον
2653 2526 2896 2612 ἀκοῦσαι,
2969 2526 3210 2607 καὶ-τὴν
3281 2537 3466 2620 ἄφεσιν
3523 2533 3709 2593 λαϐεῖν
3761 2541 3857 2590 τοῦ

468 2637 742 2700 mosynas
772 2615 1108 2707 dareptibi
1165 2624 1224 2707 et
1281 2613 1648 2707 pauperibus
1702 2615 1982 2707 conducit
2012 2617 2114 2707 sed

2201 2613 2601 2700 ἡμαρτημένου.
2663 2635 2704 2683 0
2765 2623 2820 2682 δὲ
2876 2627 3022 2692 ὅσιος
3079 2626 3180 2707 ἔφη
3215 2643 3230 2658 ⁹
3292 2613 3364 2686 T6
3425 2627 3522 2703 μὲν
3569 2627 3737 2682 εἰπεῖν
3793 2625 3854 2679 τὸ

465 2727 674 2770 necem
697 2725 868 2788 passo
895 2705 1112 2785 injuste
1134 2705 1384 2764 salutem
1410 2723 1529 2764 non
1565 2705 1736 2764 affert
1763 2723 1874 2766 nec
1905 2705 2114 2785 deplo-

2201 2707 2514 2795 ψαλτήριον,
2589 2715 2678 2770 καὶ
2748 2713 2923 2773 δοῦναι
2997 2705 3382 2795 ἐλεημοσύνην,
3447 2716 3528 2773 σοὶ
3587 2715 3676 2770 καὶ
3731 2726 3852 2777 τοῖς

462 2796 720 2860 rantium
751 2796 919 2856 illum
973 2794 1138 2855 tollet
1183 2811 1523 2854 mmrorem.
1581 2791 1735 2884 Quid
1796 2793 1954 2855 enim
1985 2795 2114 2871 das,

2201 2794 2467 2872 δεομένοις
2530 2799 2668 2858 ἐστὶν
2737 2801 2948 2884 ὄφελος,
3023 2791 3137 2882 τῷ-
3187 2803 3242 2861 δὲ
3321 2791 3512 2868 ἀδίκως
3596 2801 3850 2884 σφαγέντι

461 2884 621 2967 quod
662 2883 1024 2973 tantumdem
1075 2880 1284 2958 valeat,
1315 2889 1598 2961 quantum
1630 2879 1970 2973 abstulisti
1997 2884 2112 2973 Sed

2201 2888 2460 2967 σωτηρίαν
2529 2889 2624 2947 οὒκ
2695 2889 2834 2973 ἄγει,
2908 2893 3025 2951 οὔτε
3093 2901 3200 2952 τῶν
3269 2893 3472 2952 ἐκεῖνον
3527 2892 3854 2950 πενθούντων

460 2974 511 3036 si
543 2973 786 3036 omnino
816 2971 903 3032 vis
934 2990 966 3032 a
997 2988 1130 3032 mea
1191 2988 1423 3050 quoque
1482 2969 1770 3031 tenuitate
1800 2971 2113 3034 consilium

2201 2975 2293 3042 τὴν
2323 2976 2494 3044 λύπην
2525 2976 2874 3040 διασκεδάσει.
2921 2984 2982 3042 Τί
3033 2985 3133 3064 γὰρ
3189 2991 3438 3041 τοσοῦτον
3491 2980 3662 3055 δίδως,
3725 2979 3852 3037 ὅσον

462 3081 697 3143 capere,
719 3061 946 3150 Deique
966 3060 1322 3150 voluntatem
1347 3058 1622 3150 implere,
1646 3077 1788 3122 eece
1810 3060 1944 3122 dico
1965 3061 2074 3150 tibi
2099 3083 2112 3124 :

2201 3061 2462 3144 ἀφείλους
2538 3068 2596 3123 Εἰ
2668 3066 2722 3123 δὲ
2775 3068 2914 3134 ὅλως
2973 3058 3147 3148 βούλει
3204 3073 3293 3128 καὶ
3362 3067 3486 3150 παρ’
3559 3070 3687 3145 ἐμοῦ
3757 3077 3856 3128 τοῦ

464 3151 629 3213 trade
661 3151 735 3212 de
765 3149 996 3213 duobus
1028 3149 1142 3209 tuis
1202 3147 1340 3208 ﬁliis
1371 3147 1620 3208 alterum
1656 3149 2114 3229 consanguineis

459 3239 697 3319 mortui,
733 3259 796 3309 ui
831 3238 906 3300 de
964 3257 1033 3298 eo
1089 3235 1306 3298 faciant
1337 3236 1732 3318 quodcunque
1763 3238 2020 3313 libuerit,
2057 3249 2114 3301 et

457 3329 580 3393 eris
605 3339 744 3390 tunc
776 3333 1068 3406 apeccato
1093 3325 1322 3404 expiata
1362 3326 1500 3404 (69).
1535 3325 1691 3385 Dixit
1715 3327 1873 3388 enim
1908 3326 2063 3390 Deus
2094 3349 2107 3391 :

461 3443 488 3474 α
514 3417 600 3480 De
624 3436 802 3479 manu
828 3415 1088 3478 hominis
1117 3414 1314 3476 fratris
1357 3414 1484 3494 ejus
1518 3414 1817 3494 requiram
1849 3416 2110 3480 animam

451 3507 640 3588 ipsius
697 3505 981 3568 hominis.
1039 3503 1390 3584 Quicunque
1451 3502 1728 3564 effuderit
1785 3504 2109 3567 humanum

451 3597 824 3677 sanguinem,
847 3595 1130 3657 fundetur
1148 3597 1386 3673 sanguis
1412 3593 1574 3655 illius
1595 3593 1703 3654 77'.
1733 3618 1760 3649 ι
1786 3593 1857 3654 Et
1878 3613 2104 3658 rursus:

460 3708 484 3744 ιι
513 3683 740 3757 Omuis,
771 3684 873 3766 qui
896 3683 1198 3764 acceperit
1217 3681 1501 3759 gladium,
1523 3681 1718 3761 gladio
1732 3683 2051 3763 perihit78.
2074 3705 2102 3744 ι

453 3777 661 3856 Neque
694 3775 851 3836 enim
887 3773 1179 3834 inﬁrmior
1211 3789 1274 3834 es
1333 3781 1392 3831 tu
1446 3769 1622 3833 Saule
1676 3779 1735 3833 et
1762 3769 1980 3851 Jephte
2006 3776 2108 3852 ju-

451 3863 608 3938 dice,
641 3862 742 3944 qui
774 3864 905 3942 lege
936 3881 1139 3944 quam,
1175 3860 1287 3941 ipsi
1319 3858 1436 3922 sibi
1467 3861 1922 3939 constituerant,
1965 3863 2111 3924 libe-

451 3971 554 4014 ros
583 3971 722 4014 suos
754 3951 927 4014 morti
958 3949 1358 4012 tradiderunt.
1395 3949 1728 4030 Respondit
1770 3951 1871 4012 illa
1909 3968 1923 4014 :
1977 3953 2110 4016 Non

453 4060 700 4124 possum
731 4043 846 4104 hoc
904 4042 1124 4117 facere,
1178 4038 1357 4101 timeo
1408 4037 1592 4116 enim,
1643 4059 1719 4101 ne
1746 4039 1913 4102 illum
1945 4041 2110 4103 occi-

455 4131 618 4195 dant.

539 4398 642 4463 8l.
672 4397 841 4462 Tunc
888 4397 975 4460 vir
1019 4405 1260 4461 sanctus
1319 4393 1444 4456 zelo
1503 4393 1610 4457 Dei
1669 4394 1930 4477 repletus
1976 4397 2104 4461 ait:

459 4489 597 4553 Haec
627 4488 772 4552 dicit
793 4487 1048 4571 Spiritus
1066 4496 1324 4550 sanctus.
1353 4484 1488 4546 Filii
1533 4485 1616 4546 tui
1644 4485 1884 4565 sanguis
1915 4487 2110 4548 effun-

459 4581 635 4642 detur
665 4598 770 4661 pro
800 4576 1110 4655 sanguine,
1165 4593 1340 4657 quem
1400 4582 1461 4635 tu
1517 4575 1737 4654 injuste
1769 4575 2026 4637 ell‘udisti
2055 4585 2112 4638 et

459 4677 764 4749 peccatum
799 4669 910 4729 hoc
940 4668 1016 4729 de
1046 4668 1223 4730 domo
1256 4674 1355 4728 tua
1414 4684 1533 4726 non
1591 4663 1894 4727 delebitur
1923 4685 2112 4746 usque

455 4758 518 4820 in
551 4758 857 4820 saeculum.
895 4755 1192 4837 Regnabit
1219 4763 1415 4817 autem
1440 4754 1639 4816 nullus
1660 4753 1735 4815 de
1758 4763 1856 4817 tuo
1882 4755 2113 4816 semine

456 4846 518 4908 in
551 4849 661 4910 hac
690 4847 861 4929 urbe,
887 4847 993 4908 sed
1021 4845 1362 4927 expelletur
1383 4839 1452 4905 et
1469 4843 1820 4906 succumbet
1851 4844 2114 4907 inimicis

454 4936 607 4998 suis:
663 4935 944 5017 quoniam
970 4934 1230 5016 potentia
1253 4942 1349 4996 tua
1375 4933 1598 4995 conﬁsa
1619 4951 1705 5007 es,
1751 4951 1863 4995 nec
1893 4933 2114 4996 didici-

453 5025 551 5099 sti,
584 5025 741 5106 quod
774 5025 1065 5089 Dominus
1096 5041 1418 5104 pauperem
1453 5021 1592 5084 facit
1621 5031 1679 5085 et
1704 5021 1870 5100 ditat,
1905 5021 2109 5084 humi-

452 5115 555 5176 liat
585 5124 644 5177 et
699 5113 983 5177 sublevat.
1039 5111 1177 5175 Haec
1234 5113 1334 5175 illa
1389 5129 1524 5173 cum
1582 5109 1869 5188 audisset,
1934 5111 2112 5193 coepit

453 5204 596 5266 ﬁere
615 5222 684 5267 ac
705 5202 1045 5280 lamentari,
1073 5209 1132 5265 et
1169 5199 1430 5284 oppletis
1459 5218 1604 5264 auro
1652 5199 1950 5277 manibus,
1981 5201 2109 5264 viro

528 5360 611 5412 77‘
639 5363 790 5427 Gen.
822 5381 907 5446 Ix,
940 5367 977 5427 5
1007 5363 1070 5429 6.

2197 3153 2437 3218 εὐτελοῦς
2509 3153 2745 3221 δέξασθαι
2816 3158 3035 3237 βουλὴν,
3110 3161 3198 3217 καὶ
3251 3165 3472 3227 ποιῆσαι
3528 3159 3589 3214 τὸ
3641 3157 3853 3234 θέλημα

2195 3250 2286 3300 τοῦ
2315 3249 2467 3322 Θεοῦ,
2501 3243 2607 3300 ἰδοὺ
2657 3245 2798 3325 λέγω
2851 3248 2954 3312 σοί,
3016 3247 3253 3329 Παράδος
3311 3247 3401 3304 ἕνα
3455 3253 3560 3303 τῶν
3591 3253 3698 3302 σῶν
3726 3252 3850 3306 υἱῶν

2194 3342 2314 3393 τοῖς
2369 3329 2518 3396 ἰδίοις
2575 3342 2667 3391 τοῦ
2695 3334 3130 3419 τελευτήσαντος,
3197 3345 3290 3395 τοῦ
3342 3341 3560 3404 ποιῆσοι
3607 3335 3662 3392 ἐν
3710 3341 3852 3414 αύτῷ

2195 3419 2327 3476 εἴτι
2387 3419 2449 3476 ἂν
2501 3421 2742 3498 θέλωσιν,
2803 3427 2892 3482 καὶ
2947 3427 3066 3483 τότε
3114 3423 3474 3504 ἆπαλλαγήσῃ
3519 3429 3612 3483 τοῦ
3669 3427 3850 3506 ἁμαρ-

2194 3509 2457 3594 τήματος.
2488 3511 2628 3568 Εἷπε
2657 3515 2757 3592 γὰρ
2788 3515 2816 3570 6
2846 3515 2998 3589 Θεὸς,
3033 3513 3113 3571 ὅτι
3153 3535 3176 3570 ιι
3239 3512 3337 3571 Ἐκ
3366 3514 3546 3594 χειρὸς
3576 3512 3850 3592 ἀνθρώπου

2194 3593 2418 3677 ἀδελφοῦ
2475 3598 2632 3683 αὗτοῦ
2693 3601 2973 3674 ἐκζητήσω
3029 3604 3129 3671 τὴν
3185 3603 3368 3683 ψυχὴν
3425 3605 3581 3661 αὐτοῦ
3636 3598 3701 3669 δὴ
3751 3612 3847 3662 τοῦ

2193 3685 2464 3765 ἀνθρώπου
2497 3703 2512 3718 ⁸
2587 3679 2644 3746 Ὀ
2710 3688 2917 3771 ἐκχέων
2986 3695 3127 3767 αἷμα
3201 3679 3492 3770 ἀνθρώπου,
3569 3689 3681 3744 ἀντὶ
3750 3700 3849 3749 τοῦ

2193 3773 2423 3850 α’ίματος
2455 3776 2611 3836 οώτοῦ
2640 3780 2700 3835 τὸ
2729 3779 2885 3837 αὐτοῦ
2947 3779 3319 3860 ἐκχυθήσεται.
3389 3802 3414 3838 ι
3478 3779 3576 3837 Καὶ
3632 3776 3791 3834 πάλιν
3825 3797 3841 3813 ο

2201 3884 2225 3920 α
2258 3869 2366 3927 Πᾶς
2399 3867 2426 3922 6
2455 3863 2632 3922 λαϐὼν
2680 3867 2973 3947 μάχαιραν,
3027 3869 3081 3924 ἐν
3137 3869 3378 3948 μαχαίρᾳ
3407 3866 3772 3926 ἀποθανεῖται.
3815 3877 3840 3923 ἡ

2193 3954 2267 4010 Ού
2294 3954 2392 4032 γὰρ
2440 3954 2496 4010 εἴ
2552 3956 2614 4010 σὺ
2669 3955 2977 4037 ἆσθενεσέρα
3029 3955 3204 4014 Σαοὺλ
3257 3963 3348 4012 τοῦ
3414 3953 3699 4036 βασιλέως,
3758 3956 3848 4012 καὶ

2193 4048 2284 4098 τοῦ
2353 4053 2538 4122 κριτοῦ
2591 4041 2814 4125 Ἰεφθάε,
2888 4046 3084 4112 οἵτινες
3142 4045 3208 4102 δι’
3260 4045 3453 4103 οἰκείαν
3507 4043 3726 4112 ἐντολὴν
3781 4045 3849 4103 τὰ

2194 4127 2305 4186 ἴδια
2334 4131 2492 4188 τέκνα
2522 4134 2595 4197 εἷς
2640 4134 2862 4194 θάνατον
2910 4134 3242 4215 προῦδωκαν,
3307 4125 3370 4192 Ἠ
3429 4130 3484 4190 δὲ
3540 4133 3794 4213 ἀπεκρίθη
3830 4147 3846 4162 ⁸

2126 4219 2270 4326 D06
2298 4217 2520 4297 δύναμαι
2576 4229 2730 4279 τοῦτο
2785 4229 3008 4292 ποιῆσαι
3037 4243 3053 4259 ⁶
3111 4221 3372 4304 φοϐοῦμαι
3429 4224 3549 4302 γὰρ,
3600 4224 3677 4298 μή
3733 4243 3852 4287 πως

2195 4311 2353 4367 αὐτὸν
2382 4310 2759 4378 ἆωοκτείνωσι,

2275 4388 2394 4461 παλ
2446 4402 2576 4458 Τότε
2626 4405 2654 4458 6
2713 4404 2970 4485 μακάριος
3030 4404 3192 4476 ζήλου
3253 4411 3385 4462 Θεοῦ
3443 4403 3692 4472 πλησθεὶς
3722 4401 3853 4458 ἀπε-

2195 4489 2426 4567 κρίνατο.
2460 4488 2588 4547 Τόδε
2615 4490 2762 4570 λέγτι
2821 4497 2882 4550 τὸ
2940 4500 3151 4571 Πνεῦμα
3204 4495 3266 4552 τὸ
3323 4494 3472 4572 ἅγιον
3508 4513 3523 4527 ·
3582 4496 3652 4551 Τὸ
3711 4495 3851 4568 αἷμα

2193 4585 2286 4635 τοῦ
2351 4581 2462 4636 υἱοῦ
2536 4602 2629 4638 σου
2703 4582 3054 4663 ἐγχυθήσεται
3122 4585 3236 4641 ἀντὶ
3306 4592 3398 4640 τοῦ
3472 4583 3727 4660 αἵματος,
3792 4583 3854 4637 οὗ

2193 4665 2386 4766 ἀδίκώς
2455 4667 2674 4766 ἐξέχεας
2709 4691 2723 4706 ⁶
2785 4676 2874 4730 καὶ
2926 4676 2960 4743 ἡ
3021 4674 3248 4754 ἁμαρτία
3305 4673 3438 4742 αὕτη
3493 4673 3589 4729 οὐκ
3610 4670 3852 4766 figi“:

2195 4760 2449 4838 φθήσεται
2500 4760 2560 4816 ἐκ
2627 4769 2718 4820 τοῦ
2789 4763 2944 4822 οἴκου
3015 4787 3110 4822 σου
3179 4763 3280 4828 ἕως
3338 4765 3548 4827 αἰῶνος.
3610 4757 3776 4842 Ἇρξει
3808 4757 3856 4816 δ’

2197 4846 2366 4934 οὐδεὶς
2399 4851 2505 4906 απὸ
2535 4861 2630 4911 τοῦ
2687 4860 2781 4910 σοῦ
2841 4855 3144 4934 σπέρματος
3202 4853 3256 4910 ἐν
3312 4854 3478 4930 ταύτῃ
3533 4858 3602 4929 τῇ
3650 4849 3803 4908 πόλει
3837 4865 3855 4880 ⁹

2196 4933 2316 4992 ἀλλ’
2387 4935 2531 4994 ἔσται
2605 4933 2972 5018 ἐκδιοκόμενον
3062 4945 3148 5001 καὶ
3219 4943 3510 5018 νικώμενον
3577 4941 3681 4997 ἀπὸ
3747 4945 3856 4995 τῶν

2195 5026 2398 5107 ἐχθρῶν
2428 5027 2582 5089 αύθοῦ
2610 5029 2722 5088 ἀνθ’
2752 5034 2828 5088 ὧν
2857 5033 3114 5098 πέποιθας
3171 5031 3258 5089 ἐπὶ
3312 5038 3379 5108 τῇ
3430 5038 3501 5109 σῇ
3532 5029 3802 5103 δυναστείᾳ
3838 5049 3853 5064 '

2193 5118 2288 5172 καὶ
2313 5118 2407 5174 οὔκ
2435 5114 2648 5201 ἔμαθες,
2707 5119 2788 5177 ὅτι
2845 5124 3035 5205 Κύριος
3093 5122 3352 5202 πτωχίζει
3413 5121 3502 5178 καὶ
3560 5118 3854 5200 πλουτίζει,

2191 5219 2439 5264 ταπεινοῖ
2473 5209 2562 5265 καὶ
2614 5209 2834 5287 ἀνυψοῖ.
2897 5220 3074 5272 Ταῦτα
3129 5210 3399 5270 ἀκούσασα
3451 5208 3626 5276 ἐκείνη
3657 5207 3854 5289 ἤρξατο

1843 5523 2092 5590 Joannis
2117 5524 2242 5592 Clei
2271 5533 2450 5592 notae.

535 5658 666 5741 (69)
694 5658 1029 5726 Mirandum
1054 5659 1118 5723 in
1147 5665 1308 5724 tanto
1335 5658 1483 5742 viro,
1521 5664 1601 5742 et,
1637 5658 1754 5724 nisi
1784 5657 2042 5741 benigna
2071 5660 2562 5745 interpretatione
2611 5661 2863 5728 multum
2904 5661 3229 5746 mitigetur,
3260 5656 3582 5725 ridiculum
3611 5662 3860 5740 prorsus

447 5749 785 5817 consilium.
