4182 6396
287 278 405 346 137

302 415 496 475 κλαίειν
566 418 657 474 καὶ
727 413 1073 497 ἀποδύρεσθαι
1121 433 1137 450 ⁹

307 507 518 587 χρυσίου
548 505 840 587 προσέφερε
899 514 980 582 τῷ
1006 505 1235 587 δικαίῳ,
1291 508 1572 584 νομίζουσα
1627 505 1711 564 διὰ
1763 508 1961 566 τούτων

308 585 460 652 αῖῖιτὸν
524 585 926 662 ἒξιλεώσασθαι.
1001 585 1059 654 Ὀ
1128 593 1182 651 δὲ
1237 594 1402 661 ὅντως
1459 597 1667 664 ἀπαθὴς
1726 597 1957 672 ἐκεῖνος,

309 687 444 761 μήτε
473 699 594 751 τοῖς
649 683 864 766 δάκρυσι
916 690 1017 753 τῆς
1072 685 1316 763 γδναικὺς
1372 687 1788 768 κατακαμφθεὶς,
1822 688 1960 764 μήτε

300 781 377 849 τῷ
404 774 599 844 πλήθει
628 782 722 831 τοῦ
778 775 998 855 χρυσίου
1053 773 1366 852 δελεασθεὶς,
1427 776 1565 852 μήτε
1597 777 1694 845 τὴν
1725 775 1957 843 ἐξουσίαν

297 865 465 931 (τῆς
536 861 809 943 αἰδεσθεὶς,
891 861 1165 942 διαρρήξας
1253 864 1317 920 τὸ
1405 864 1788 942 καταπέτασμα
1867 872 1970 944 τοῦ,

294 959 582 1026 κοιτῶνος,
639 954 728 1009 καὶ
799 953 874 1020 ὡς
942 949 1131 1031 δορκάς
1191 950 1496 1022 ἐκπηδήσας
1546 951 1747 1034 ᾤχετο,
1806 963 1961 1014 τοῦτο

291 1040 673 1120 λογισάμενος,
706 1042 780 1104 ὡς
838 1041 995 1104 αὐτὸς
1052 1040 1290 1119 εἴρηκεν,
1351 1040 1430 1097 ὅτι
1491 1041 1656 1118 Εἶπε,
1715 1043 1896 1121 φησὶν,
1929 1045 1958 1099 6

301 1127 544 1193 διάϐολος
578 1148 596 1164 ο
671 1131 836 1193 Οὗτος
881 1130 910 1185 6
967 1129 1206 1209 μοναχὸς
1260 1139 1393 1210 χοῦς
1450 1127 1590 1187 ἐστιν
1624 1148 1642 1166 ⁶
1702 1129 1958 1211 ἐπιϐρέξω

305 1220 459 1275 αὐτὸν
524 1215 697 1292 ὕδατι,
770 1215 982 1297 δάκρυσι
1039 1222 1137 1284 τῆς
1189 1219 1458 1298 γυναικὸς,
1518 1220 1606 1275 καὶ
1662 1217 1766 1288 ἤδη
1819 1222 1959 1277 ποιῶ

299 1305 453 1364 αὐτὸν
509 1305 690 1375 πηλὸν
743 1312 838 1363 τοῦ
907 1309 1189 1365 τυποῦσθαι
1247 1309 1320 1369 ὡς
1378 1305 1439 1362 ἂν
1494 1306 1602 1386 ἐγὼ
1655 1306 1952 1384 βούλωμαι,

295 1396 478 1460 Οὕτως
507 1395 649 1476 ἔργῳ
695 1393 930 1475 ἐπλήρου
978 1397 1063 1470 τὸ,
1128 1415 1152 1452 ι
1215 1395 1422 1452 Γίνεσθε
1479 1395 1723 1477 φρόνιμοι
1782 1399 1854 1462 ὡς
1909 1400 1957 1454 οἱ

288 1485 461 1567 ὄφεις,
494 1490 586 1542 καὶ
614 1485 850 1565 ἀκέραιοι
881 1487 956 1548 ὡς
985 1487 1038 1540 αἱ
1085 1486 1403 1565 περιστεραὶ,
1468 1509 1497 1541 ι
1557 1485 1754 1562 ὁμοίως
1784 1483 1838 1541 δὲ
1867 1495 1956 1551 καὶ

285 1575 349 1631 τό
379 1572 740 1631 ἀποστολικὸν
767 1571 1120 1654 παράγγελμα
1149 1574 1209 1630 τό
1243 1590 1259 1605 ⁶
1322 1593 1354 1634 ‹
1384 1574 1472 1642 Μὴ
1503 1574 1742 1632 κοινώνει
1771 1575 1952 1654 ἁμαρ-

284 1667 426 1727 τίαις
457 1662 786 1742 ἀλλοτρίαις.
821 1681 851 1722 )
889 1664 987 1720 Καὶ
1015 1663 1134 1718 τότε
1164 1662 1260 1737 μὲν
1311 1665 1339 1719 6
1396 1661 1541 1728 ὅσιος
1599 1662 1952 1744 ὑπεχώρησεν

1543 283 1734 350 VITA
1776 283 1839 349 8.
1882 276 2462 354 NILIJUNIORIS.

3581 289 3695 358 138

1207 415 1460 489 πλήσασά
1509 440 1566 475 τε
1623 420 1717 508 τὰς
1766 432 1940 500 χεῖραι

2025 468 2032 480 .
2041 416 2205 497 justo
2236 421 2543 500 offerebat,
2578 429 2811 503 putans,
2844 421 3013 487 illum
3064 423 3180 487 sibi
3209 423 3325 488 hoc
3353 430 3526 507 pacto
3557 426 3690 508 pla-

2044 517 2237 572 catum
2268 512 2545 575 reddere.
2578 509 2799 574 Verum
2828 511 2878 576 is
2929 512 3090 574 omni
3135 513 3310 595 plane
3339 515 3554 577 aﬁ‘ectu
3581 533 3692 576 suo

2043 599 2266 688 perior,
2291 618 2399 663 nec
2420 600 2657 688 feminae
2681 601 2956 682 lacrymis
2982 602 3192 688 ﬂexus,
3225 618 3342 688 nec
3369 603 3498 665 auri
3518 602 3695 688 copia

2040 677 2294 764 illectus,
2329 700 2441 744 nec
2473 677 2875 764 dominantem
2919 677 3185 764 veritus,
3213 683 3485 764 disrupto
3515 677 3690 746 cubi-

2041 759 2160 822 culi
2187 762 2336 844 velo,
2371 780 2600 844 capreae
2627 762 2821 827 instar
2867 759 3152 826 exsiliens
3197 759 3422 842 eﬁ‘ugit,
3455 763 3591 838 hoc,
3625 771 3692 826 ut

2037 848 2165 928 ipse
2210 849 2466 929 dicebat,
2515 869 2720 914 secum
2776 860 3095 934 reputans:
3149 851 3307 914 Dixit
3360 851 3631 914 diabolus
3672 871 3687 914 :

2036 935 2154 1000 Iste
2186 939 2511 1002 monachus
2534 948 2623 1002 est
2645 940 2853 1022 pulvis,
2880 940 3267 1005 madefaciam
3308 940 3480 1002 illum
3509 959 3684 1022 aqua,

2037 1025 2274 1089 feminae
2301 1028 2597 1108 lacrymis,
2630 1037 2692 1092 et
2720 1029 2973 1094 efﬁciam
3008 1032 3220 1106 lutum,
3248 1037 3316 1091 ut
3343 1029 3688 1092 conforme-

2040 1123 2132 1176 tur
2162 1116 2309 1178 mihi
2340 1119 2412 1178 ad
2446 1118 2701 1195 libitum,
2735 1117 2821 1181 lta
2869 1138 2936 1181 re
2985 1121 3116 1200 ipsa
3162 1118 3428 1200 implevit
3460 1119 3684 1183 dictum

2035 1203 2205 1280 illud,
2247 1227 2270 1262 α
2306 1206 2504 1269 Estote
2533 1208 2855 1289 prudentes
2911 1208 3064 1271 sicut
3117 1215 3428 1290 serpentes
3457 1216 3516 1270 et
3544 1207 3686 1270 sim-

2037 1292 2222 1374 plices
2275 1294 2428 1358 sicut
2484 1296 2776 1359 columbae
2811 1297 2917 1372 79;
2979 1305 3039 1360 et
3089 1295 3478 1378 apostolicum
3537 1314 3688 1378 prae-

2036 1390 2296 1463 ceptum,
2318 1408 2344 1440 α
2365 1382 2452 1446 Ne
2468 1385 3004 1449 communicaveris
3025 1385 3286 1468 peccatis
3313 1383 3618 1447 alienisSO.
3648 1409 3678 1444 ι

2033 1469 2106 1532 Et
2131 1479 2272 1534 tunc
2303 1472 2543 1554 quidem
2599 1473 2659 1535 in
2716 1494 2888 1537 suum
2945 1474 3045 1536 ille
3098 1473 3348 1536 secessit
3374 1481 3680 1536 monaste-

2031 1560 2214 1638 rium,
2261 1581 2372 1624 nec
2420 1563 2606 1626 multo
2637 1571 2770 1645 post
2797 1563 3140 1626 vaticinium
3171 1563 3305 1644 ejus
3334 1563 3515 1624 ﬁnem
3546 1582 3681 1626 sor-

2033 1649 2599 1734 tiebatur.Namque
2621 1652 2816 1714 minor
2831 1653 3005 1714 dictae
3027 1651 3296 1715 mulieris
3307 1651 3464 1714 ﬁlius
3483 1652 3680 1715 studio

287 1754 362 1816 εἷς
391 1755 456 1809 τὺ
486 1740 849 1830 μοναστήριον
905 1753 1084 1811 αὐτοῦ.
1143 1751 1216 1809 Οὐ
1268 1750 1404 1809 πολὺ
1460 1751 1517 1809 δὲ
1565 1754 1627 1809 τὸ
1683 1740 1743 1810 ἐν
1778 1740 1940 1830 μέσῳ,

2031 1741 2365 1804 asciscendi
2396 1741 2508 1803 sibi
2564 1741 2954 1823 principatus,
3008 1742 3293 1822 majorem
3324 1740 3385 1802 in
3425 1741 3684 1804 ecclesia

286 1841 375 1899 καὶ
433 1844 508 1907 εἰς
575 1839 729 1905 τέλος
782 1838 1001 1919 ἐξήγετο
1054 1842 1089 1908 ἡ
1148 1841 1307 1897 αὐτοῦ
1363 1840 1673 1922 πρόρρησις.
1737 1831 1793 1900 Ὀ
1851 1843 1952 1923 γὰρ

297 1931 607 2012 μικρότερος
637 1932 749 1995 υἱὸς
795 1933 896 1996 τῆς
937 1927 1220 2010 λεχθείσης
1275 1929 1424 2004 ζήλῳ
1468 1937 1568 1999 τῆς
1627 1931 1805 2011 ἀρχῆς
1857 1935 1949 1989 τὸν

298 2020 458 2095 μείζω
539 2019 592 2076 ἒν
672 2025 742 2096 τῇ
830 2016 1088 2092 ἐκκλησίᾳ
1180 2020 1610 2100 προσευχόμενον
1709 2021 1949 2101 μαχαίρᾳ

296 2107 609 2189 κατέσφαξεν
642 2121 658 2138 ⁸
723 2106 930 2170 ἐκεῖνος
979 2103 1034 2162 δὲ
1086 2104 1246 2163 πάλιν
1300 2109 1402 2164 ὑπὸ
1430 2115 1522 2165 τοῦ
1552 2111 1657 2164 τῶν
1685 2109 1946 2188 Φράγκων

285 2195 455 2274 ῥηγὸς
522 2193 606 2252 διὰ
677 2194 778 2261 τὴν
848 2194 1017 2250 αἰτίαν
1082 2195 1284 2263 ταύτην
1351 2192 1621 2271 δεδεμένος
1678 2195 1940 2274 ἀπήγετο.

287 2286 388 2342 Καὶ
416 2283 605 2342 λοιπὸν
633 2282 783 2345 ἐντὸς
831 2280 1010 2359 ὀλίγου
1067 2281 1262 2362 χρόνου
1315 2289 1422 2348 πᾶς
1478 2286 1506 2340 6
1535 2283 1744 2360 κόμπος
1774 2286 1944 2342 αὐτῶν

280 2369 545 2447 ἐξέλιπεν,
600 2371 691 2428 καὶ
745 2371 782 2438 ἡ
835 2367 1039 2435 ἐξουσία
1093 2368 1363 2434 ἀπώλετο.
1433 2371 1532 2429 Καὶ
1590 2371 1666 2441 μή
1723 2392 1804 2434 τις
1836 2378 1945 2428 τῶν

275 2463 454 2518 πάντα
519 2459 792 2535 εὖτόλμων
884 2457 1143 2526 ἀπήνειαν
1230 2468 1324 2518 τοῦ
1407 2460 1611 2538 Πατρδς
1682 2459 1756 2522 εἷς
1820 2460 1940 2525 τοὺς

274 2550 682 2628 ἁμαρτάνοντας
753 2546 1220 2625 καταγινωσκέτω.
1279 2545 1539 2615 Ζηλωτὴς
1596 2547 1695 2626 γὰρ
1741 2547 1809 2616 ἧν
1867 2551 1940 2612 είς

274 2640 338 2695 τὸ
393 2636 675 2706 ἐκδικῆσαι
729 2637 822 2692 τὸν
879 2635 1042 2712 νόμον
1111 2635 1320 2718 Κυρίου,
1377 2637 1612 2715 καθάπερ
1670 2633 1854 2701 Ἠλίας
1911 2640 1939 2695 ὁ

274 2727 590 2806 προφήτης,
651 2723 852 2785 οὗτινος
923 2724 1011 2779 καὶ
1079 2724 1169 2780 τὸν
1240 2729 1556 2805 χαρακτῆρα
1610 2728 1708 2792 τῆς
1761 2722 1936 2802 ὅψεως

273 2814 588 2894 ἐπεφέρετο.
637 2812 738 2870 Καὶ
784 2817 938 2867 τοῦτο
997 2811 1056 2866 οὗ
1113 2811 1274 2887 μόνον
1332 2811 1386 2867 ἐν
1442 2824 1559 2878 τοϊς
1608 2810 1795 2879 ἔξωθεν
1849 2815 1938 2870 καὶ

273 2901 529 2979 μηδόλως
600 2900 980 2981 προσήκουσιν,
1055 2897 1192 2957 ἀλλά
1257 2901 1347 2959 καὶ
1403 2899 1458 2956 ἒν
1513 2913 1631 2966 τοῖς
1696 2899 1934 2959 δοκοῦσιν

270 2992 488 3066 ἱδιάζειν
519 2996 665 3067 αὒτῷ
691 2989 829 3047 κατὰ
857 2988 1047 3068 σάρκα,
1081 2993 1168 3048 κσὶ
1222 2991 1278 3048 ἐν
1329 3005 1449 3055 τοῖς
1481 2991 1641 3048 αὐτοῦ
1665 2990 1878 3067 μέλεσιν
1913 3007 1927 3024 ⁸

2035 1849 2178 1892 oran
2191 1837 2310 1893 tem
2323 1832 2480 1895 ferro
2488 1831 2773 1912 jugulavit
2784 1877 2802 1908 ,
2817 1831 3012 1913 etipse
3024 1831 3138 1893 hoc
3153 1830 3425 1892 eamdem
3439 1848 3679 1894 causam

2031 1938 2065 1980 a
2094 1937 2231 1999 rege
2260 1919 2626 1984 Francorum
2657 1920 2871 1982 vinclis
2919 1919 3250 1983 ducebatur
3295 1919 3450 1999 (70).
3484 1917 3682 1992 Quare

2029 2007 2185 2069 intra
2198 2009 2500 2072 modicum
2520 2017 2755 2091 tempus
2780 2008 2976 2070 omnis
2997 2027 3204 2070 eorum
3227 2007 3413 2072 fastus
3441 2009 3680 2072 evanuit

2029 2106 2088 2158 et
2119 2105 2449 2178 potentatus
2478 2097 2766 2180 disperiit.
2800 2097 2923 2160 Nec
2969 2115 3108 2160 vero
3160 2097 3470 2179 quisquam
3502 2116 3570 2161 ex
3603 2097 3678 2160 iis

2027 2185 2129 2266 qui
2172 2187 2428 2249 audaces
2449 2186 2523 2249 ad
2544 2187 2746 2249 omnia
2763 2193 2922 2262 sunt,
2952 2189 3184 2250 Patrem
3210 2193 3474 2261 accuset,
3507 2187 3677 2269 quasi

2027 2273 2090 2336 in
2118 2285 2464 2356 peccantem
2494 2275 2882 2338 severiorem.
2931 2274 3078 2339 Nam
3132 2275 3184 2337 is
3233 2275 3363 2338 zelo
3392 2275 3678 2356 agebatur

2029 2364 2262 2428 tuendae
2294 2365 2440 2443 legis
2469 2364 2728 2438 Domini,
2767 2364 2922 2427 sicut
2948 2364 3238 2446 propheta
3263 2363 3422 2427 Elias
3453 2387 3470 2438 ;
3503 2366 3675 2446 cujus

2027 2453 2206 2516 etiam
2234 2453 2687 2516 similitudinem
2717 2453 2892 2516 faciei
2941 2452 3275 2516 referebat:
3329 2453 3514 2535 idque
3553 2473 3673 2517 non

2025 2543 2217 2606 solum
2262 2543 2323 2604 in
2354 2551 2674 2606 extraneos
2703 2551 2762 2606 et
2789 2542 3303 2623 consanguinitate
3332 2561 3454 2604 non
3486 2543 3670 2606 attin-

2023 2640 2256 2711 gentes,
2287 2633 2392 2694 sed
2419 2632 2481 2694 in
2515 2651 2617 2695 eos
2645 2633 2848 2713 etiam,
2873 2632 2972 2714 qui
2992 2631 3345 2695 videbantur
3364 2631 3671 2714 pertinere

2023 2722 2098 2785 ad
2131 2721 2324 2804 ipsum
2352 2721 2488 2802 jure
2518 2721 2718 2784 carnis
2749 2722 2899 2784 etin
2927 2739 3030 2784 sua
3061 2720 3330 2784 membra
3361 2739 3376 2785 :
3442 2729 3668 2784 tantum

2022 2810 2242 2893 quippe
2271 2819 2396 2873 erat
2424 2810 2488 2872 in
2518 2829 2658 2872 suos
2688 2810 2851 2872 omni
2906 2811 3118 2873 aﬁ‘ectu
3174 2810 3351 2888 liber,
3381 2819 3668 2892 quantum

2019 2900 2318 2982 exemplo,
2351 2898 2512 2980 quod
2543 2897 2951 2982 subjiciemus,
2976 2901 3214 2980 planum
3237 2899 3338 2962 ﬁet
3364 2917 3379 2964 :
3414 2898 3672 2964 narrabo

2018 2989 2178 3053 enim
2213 2995 2274 3052 et
2325 2989 2440 3050 hoc
2502 2987 2578 3050 ad
2635 2988 2960 3067 legentium
3018 2987 3307 3052 cautelam
3367 2996 3666 3054 eteorum

274 3081 673 3160 ἀπροσπάθειαν
728 3079 831 3158 γὰρ
874 3079 1003 3156 πρὸς
1060 3080 1179 3145 τοὺς
1236 3080 1458 3144 οἰκείους
1513 3080 1682 3156 ἑαυτῷ
1736 3081 1932 3138 τοσαύ-

2025 3076 2521 3154 amendationem,
2556 3077 2658 3159 qui
2685 3077 2998 3142 imitantur
3024 3076 3139 3139 Eli.

278 3191 374 3236 την
404 3169 684 3247 ἐκέκτητο,
719 3168 852 3238 ὅσην
881 3163 1137 3234 ἀποδείξει
1192 3169 1254 3226 τὸ
1307 3168 1729 3249 λεχθησόμενον.
1791 3165 1929 3250 Ἐρῶ
1983 3169 2039 3229 δὲ
2089 3171 2177 3226 καὶ
2230 3173 2386 3226 τοῦτο
2438 3169 2570 3246 πρὸς
2626 3168 2918 3250 ἀσφάλειαν
2964 3173 3070 3224 τῶν
3099 3165 3553 3248 ἐντυγχανόντων,
3584 3169 3672 3228 καὶ

275 3255 543 3340 διόρθωσιν
570 3267 678 3319 τῶν
707 3263 801 3318 τὸν
832 3251 979 3321 Ἠλει
1005 3257 1370 3338 μιμουμένων.

355 3341 474 3427 πβ”,
537 3353 658 3417 Υἱὸς
689 3361 788 3419 τῆς
814 3351 908 3410 τὸν
963 3349 1218 3430 μακάριον
1275 3346 1641 3429 ἀναθρεψάσης
1697 3345 1928 3431 ἀδελφῆς

280 3443 436 3500 αὺτοῦ
487 3442 734 3523 ὑπῆρχεν
800 3441 855 3498 ἐν
914 3447 985 3518 τῇ
1041 3444 1204 3516 μονῇ,
1263 3435 1580 3518 ἀδελφότητι
1635 3439 1930 3496 συνασκού-

282 3551 460 3610 μενος,
517 3529 637 3587 λίαν
683 3531 902 3612 εὐφυὴς,
960 3529 1047 3586 καὶ
1101 3523 1218 3585 κατ’
1275 3527 1548 3606 ἀμφότερα
1606 3525 1926 3599 ἐπιτήδειος.

282 3621 442 3682 Οὗτος
469 3617 663 3676 ὁδεύων
699 3618 829 3676 ποτὲ
887 3618 1022 3694 μετὰ
1077 3614 1339 3696 ἀδελφῶν,
1397 3616 1486 3672 καὶ
1541 3615 1795 3696 ἀργυροῦν
1824 3617 1930 3693 βα-

275 3709 479 3780 στάζων
507 3706 936 3788 δισκοποτήριον,
970 3704 1185 3786 ἐνέτυχε
1210 3701 1537 3780 διειδεστάτῃ
1581 3709 1758 3782 πηγῇ,
1792 3712 1930 3762 Βου-

265 3794 539 3863 ληθὲντων
565 3798 735 3854 τοίνυν
764 3810 909 3854 πιεῖν
940 3793 1000 3852 ἐκ
1050 3804 1144 3853 τοῦ
1195 3791 1405 3865 ὕδατος,
1472 3791 1628 3856 αὒτὸς
1686 3790 1932 3853 ἐκϐάλὼν

263 3888 330 3943 τὸ
359 3887 515 3965 ἅγιον
544 3887 824 3967 ποτήριον,
873 3885 963 3942 καὶ
1007 3880 1298 3960 λιμϐισθεὶς
1353 3887 1425 3960 τῇ
1479 3878 1744 3958 μετάλλου
1773 3884 1932 3938 καθα-

267 3975 484 4056 ρότητι,
517 3973 664 4033 ἔπιον
696 3972 813 4051 μετ’
844 3975 1002 4034 αὐτοῦ
1028 3973 1248 4036 πάντες,
1308 3977 1473 4030 Τοῦτο
1505 3969 1658 4049 γνοὺς
1691 3972 1720 4026 6
1750 3970 1930 4046 μακά-

269 4055 414 4146 ριος,
445 4066 533 4121 καὶ
557 4063 753 4143 σφόδρα
798 4064 1050 4140 θυμωθεὶς
1105 4056 1224 4118 κατ’
1275 4060 1454 4140 αὐτοῦ,
1485 4059 1573 4116 καὶ
1605 4055 1780 4117 πολλὰ
1810 4057 1934 4116 ἐπι-

263 4155 512 4233 τιμήσας,
537 4153 703 4230 αὐτῷ,
732 4152 1042 4233 ἀπεστράφη
1097 4152 1255 4210 αὐτὸν
1310 4147 1474 4229 μέχρι
1529 4149 1618 4204 καὶ
1643 4148 1926 4229 συντυχίας

264 4242 464 4310 αὐτῆς.
500 4232 563 4299 Ἠ
591 4238 648 4298 δὲ
691 4232 1002 4321 ἀποστροφῆ
1053 4242 1242 4298 αῦυτοῦ
1291 4245 1359 4310 ἧν
1409 4239 1481 4301 ὡς
1511 4235 1926 4316 ἀπολλοτρίωσις

2092 3349 2193 3413 82.
2210 3351 2350 3412 Erat
2370 3344 2432 3408 in
2454 3345 2815 3409 monasterio
2837 3344 2913 3408 de
2935 3363 3186 3408 numero
3224 3342 3471 3408 fratrum
3493 3364 3666 3410 soro-

2013 3437 2098 3500 ris
2123 3447 2181 3501 et
2199 3435 2460 3499 nutritiaa
2480 3433 2639 3506 beati
2657 3435 2769 3498 viri
2797 3434 2978 3512 ﬁlius,
3025 3433 3313 3514 elegantis
3340 3433 3666 3497 admodum

2015 3525 2242 3606 ingenii
2261 3524 2400 3586 etin
2430 3524 2714 3586 utramvis
2735 3531 2965 3604 partem
2987 3531 3177 3604 aptus.
3203 3522 3312 3586 Hic
3339 3523 3659 3604 aliquando

2013 3634 2146 3678 cum
2160 3615 2275 3676 iter
2287 3613 2511 3675 faceret
2531 3629 2667 3674 cum
2687 3611 2965 3674 fratribus
2978 3619 3037 3673 et
3053 3619 3402 3692 argenteum
3416 3613 3663 3676 calicem

2014 3704 2222 3780 ferret,
2254 3700 2464 3763 incidit
2517 3699 2580 3762 in
2609 3700 2834 3762 fontem
2864 3699 3373 3782 limpidissimum,
3409 3719 3662 3783 cumque

2013 3812 2224 3874 aquam
2258 3789 2498 3853 haurire
2528 3789 2602 3852 ad
2633 3788 2965 3852 bibendum
2995 3789 3235 3866 vellent,
3294 3789 3396 3854 ille
3424 3809 3661 3853 sacrum

2014 3882 2260 3944 calicem
2293 3877 2535 3961 protulit
2564 3885 2624 3940 et
2680 3877 3001 3940 immodica
3059 3877 3270 3940 nitoris
3301 3879 3524 3942 metalli
3553 3899 3660 3942 vo-

2017 3972 2239 4052 luptate
2268 3987 2477 4031 omnes
2507 3966 2740 4046 abrepti
2768 3967 2831 4028 in
2861 3985 2931 4029 eo
2945 3965 3250 4030 biberunt.
3277 3966 3442 4040 Quod
3459 3967 3666 4032 beatus

2016 4061 2106 4122 vir
2135 4077 2271 4122 cum
2321 4057 2688 4139 rescivisset,
2738 4057 2827 4119 ira
2875 4056 2939 4118 in
2994 4057 3163 4120 illum
3196 4057 3416 4120 exarsit
3445 4066 3503 4120 et
3531 4065 3662 4137 post

2009 4149 2227 4212 multas
2255 4146 2698 4228 increpationes
2717 4144 2800 4209 ita
2821 4145 2987 4207 illum
3011 4157 3316 4208 aversatus
3339 4154 3452 4228 est,
3479 4154 3544 4209 ut
3586 4165 3664 4210 ne

2009 4239 2413 4320 alloqueretur
2437 4234 2702 4317 quidem.
2731 4234 3035 4297 Aversatio
3064 4253 3238 4317 porro
3258 4235 3386 4315 ejus
3410 4235 3663 4317 perinde

260 4339 426 4407 Θεοῦ,
496 4331 625 4410 ὑπὲρ
675 4327 874 4419 ῥάϐδονΔ
911 4329 1021 4419 Δκαὶ
1089 4327 1322 4419 μάστιγα
1379 4323 1776 4419 συφρονίζουσα.
1805 4325 1926 4390 τοὺς

2025 4336 2143 4389 erat
2173 4333 2352 4406 atque
2383 4323 2492 4389 Dei
2546 4323 2798 4419 aversio,
2847 4340 2963 4404 qua
3013 4326 3342 4404 prudentes
3366 4323 3664 4419 cautiores

258 4420 585 4502 ἐχέφρονας.
637 4426 678 4477 0
705 4416 761 4475 δὲ
818 4414 1040 4498 ἀδελφὸς
1098 4421 1166 4494 τῇ
1222 4413 1366 4492 λύπῃ
1419 4418 1518 4482 τῆς
1559 4413 1919 4488 ἐπιτιμήσεως

2010 4412 2419 4478 reddebantur
2474 4431 2650 4496 quam
2698 4411 2908 4474 baculo
2967 4419 3027 4474 et
3079 4412 3329 4478 scutica.
3388 4411 3494 4475 Ille
3525 4432 3665 4476 vero

261 4499 568 4591 συσχεθεὶς,
638 4509 727 4565 καὶ
782 4512 852 4584 τῇ
900 4505 1211 4587 ἀποστροφῇ
1265 4509 1360 4562 τοῦ
1414 4503 1617 4583 Πατρὸς
1671 4524 1918 4560 καταπο-

2025 4505 2190 4569 'rater
2218 4520 2475 4568 maerore
2528 4499 2957 4585 increpationis
2989 4520 3309 4585 oppressus
3338 4509 3396 4566 et
3424 4520 3664 4568 aversa-
3731 4531 3734 4534 ~

342 4670 410 4722 πθ
437 4673 599 4734 mu.
627 4683 692 4750 χ,
728 4665 825 4733 16.
909 4665 973 4717 so
997 4661 1025 4728 ι
1053 4660 1207 4728 Tim.
1240 4677 1306 4745 v,
1336 4661 1440 4730 22.

1646 4764 1894 4831 Joannis
1922 4766 2048 4833 Clei
2081 4775 2259 4832 notae.

350 4884 483 4968 (Ἱο)
509 4885 634 4968 Leo
659 4878 953 4968 Ostiensis
978 4875 1398 4968 Chronicilib.
1420 4875 1775 4968 "Lcapatﬁ,
1809 4875 1922 4937 ba-
2006 4876 2301 4968 ersiliato,
2333 4893 2405 4968 eo
2435 4872 2592 4968 quod
2623 4872 2688 4966 in
2720 4891 2870 4968 nece
2899 4873 3096 4938 fratris
3145 4874 3239 4968 sui
3289 4880 3667 4968 consensisse
3709 4894 3716 4899 '

258 4954 392 5043 bet,
421 4954 555 5048 qua:
572 4964 692 5024 huc
718 4957 1366 5048 spectant_sequentia:
1406 4981 1433 5012 ι
1466 4954 1755 5048 Praedicta
1781 4973 1923 5048 vero
2007 4957 2338 5048 dicebatur,
2367 4954 2768 5048 ﬁdemario...
2821 4956 3191 5048 Qapuanum_
3216 4959 3462 5048 tradidit
3493 4962 3663 5048 priu-

271 5035 515 5121 Aloara,
550 5060 687 5106 cum
719 5035 1055 5121 vixissetiin
1088 5035 1318 5121 liquore
1348 5055 1455 5121 suo
1483 5035 1928 5121 annisAcirciter

265 5143 399 5201 τω,
429 5114 675 5206 reliquit
701 5121 764 5184 in
795 5119 1328 5206 principatuﬁlium
1348 5114 1930 5206 LandAenulfumqui

267 5195 405 5290 post
433 5195 688 5292 quatuor
711 5195 953 5292 menses
981 5195 1014 5262 εἰ
1043 5198 1400 5292 quibusdam
1427 5195 1774 5292 inﬁdelibus
1803 5196 1928 5292 suis

264 5276 922 5369 Capuaniscrudeliter
944 5276 1178 5369 occisus
1207 5286 1297 5369 est
1326 5277 1480 5369 apud
1509 5276 1829 5369 ecclesiam
1859 5277 1925 5338 S.

264 5356 563 5455 Marcelli,
583 5364 713 5455 ipsa
733 5363 937 5455 quinta
947 5360 1337 5455 feria‘sancta;
1358 5356 1618 5455 Pascha,
1642 5356 1716 5455 ad
1748 5375 1924 5455 quam

2008 5038 2295 5116 cipatum.
2337 5062 2357 5094 ι
2396 5035 2821 5117 Hic_nl_miaum
2858 5035 3065 5117 liquet,
3100 5037 3435 5102 submissos
3463 5035 3666 5104 verisi-

2011 5115 2213 5200 milius
2244 5117 2424 5179 fuisse
2451 5136 2484 5178 a
2512 5115 2809 5200 Laidulfo,
2872 5115 2973 5196 qui
3006 5115 3262 5200 fratrem
3295 5120 3662 5200 occiderent,

2011 5206 2070 5260 at
2101 5199 2260 5260 hunc
2325 5197 2578 5281 proprio
2619 5197 2750 5278 ejus
2797 5195 2956 5281 ense
3003 5195 3246 5277 ictuque
3278 5195 3661 5281 trucidatum,

2015 5297 2135 5360 non
2167 5274 2614 5360 apparet—satis
2653 5274 2985 5360 credibile,
3039 5274 3171 5339 cum
3219 5297 3337 5341 non
3370 5274 3663 5360 videatur,

2008 5358 2072 5420 id
2124 5357 2314 5441 latere
2371 5357 2632 5441 potuisse
2688 5357 2999 5441 Hugonem
3057 5360 3490 5441 marcbionem,
3553 5357 3662 5427 cu;

271 5449 352 5512 de
383 5435 563 5509 more'
580 5435 894 5528 principali
946 5439 1219 5528 ejusdem
1273 5437 1526 5528 civitatis
1577 5435 1785 5528 eadem
1813 5435 1930 5528 _die
2002 5441 2105 5528 jus
2155 5439 2328 5517 jussu
2372 5435 2653 5528 instituta
2719 5454 2904 5518 super
2970 5438 3295 5502 homicidio
3350 5435 3485 5528 ἰΙΙο-⁷
3511 5463 3668 5528 φιφ-

265 5516 668 5612 processerat.
705 5549 736 5612 ξ
774 5516 1422 5612 Insequentibus,_ubi
1454 5517 1530 5580 de
1559 5516 1784 5599 punitis
1803 5517 1928 5612 bo-

273 5599 514 5673 inicidis
535 5606 680 5692 agit,
707 5599 1052 5692 _Laid_ulfum
1073 5601 1235 5692 inter
1262 5599 1400 5692 illos
1426 5613 1549 5692 non
1578 5605 1925 5690 computat;

271 5696 447 5772 atcap
457 5693 514 5776 ,ρ
526 5679 693 5776 5ξείἇξ
707 5683 972 5776 loquitur
981 5699 1007 5776 ξ
1048 5679 1480 5776 g§upradictus
1508 5681 1706 5776 itaque
1734 5679 1934 5776 impe-

274 5757 436 5835 rator
458 5757 627 5848 Otto,
655 5757 931 5850 deposito
978 5757 1329 5829 Laidulfo...
1382 5765 1446 5827 et
1501 5757 1656 5827 ultra
1703 5757 1936 5822 montes

709 5873 954 5942 Pauor.
979 5869 1095 5943 Gn.
1125 5867 1298 5941 CXX.

2011 5517 2228 5598 Stione,
2260 5536 2374 5599 sex,
2421 5535 2456 5580 e
2505 5517 2674 5580 furca
2695 5517 3072 5599 __suSpensos,
3135 5528 3385 5586 caeteros
3411 5517 3669 5589 diversis

2014 5595 2537 5762 mnii'omultatos
2584 5595 2803 5662 scribit
2837 5595 2978 5666 'Leo
3028 5599 3416 5682 Marsicanus,
3489 5606 3670 5672 citato

3225 5873 3268 5932 6
