4182 6396
536 280 657 348 139
2039 271 2404 349 ΑΝΟΝΥΜῐι
3803 283 3910 354 MO

535 413 700 477 tione
713 411 902 477 Patris
921 410 1232 476 confectus
1253 411 1318 475 in
1343 427 1581 492 gravem
1599 410 1873 501 morbum
1891 411 2170 493 delapsus

2265 417 2454 493 νηθεὶς,
2515 417 2772 498 ἀῤῥωστίᾳ
2839 407 2983 497 δεινῇ
3053 420 3332 501 περιέπεσέ
3392 443 3449 478 τε
3507 424 3594 480 καὶ
3653 422 3915 492 ἐτελεύτη-

536 515 653 593 est,
679 523 796 586 quo
817 502 996 566 etiam
1017 501 1300 564 decessit.
1319 501 1631 593 AAtbeatus
1655 499 1744 593 vir
1764 508 1886 564 toto
1928 514 2182 593 mgrota-

2265 527 2375 565 σεν.
2453 517 2494 566 Ο
2525 505 2578 564 δὲ
2633 509 2890 588 μακάριος
2945 509 3000 566 ἐν
3056 499 3252 576 πάσαις
3311 527 3434 576 ταῖς
3484 518 3582 580 τῆς
3639 514 3915 593 ἀῤῥωστίας

537 592 719 655 tionis
737 593 868 673 ejus
890 599 1158 682 tempore
1181 589 1376 654 eundo
1398 590 1462 654 in
1474 590 1789 654 ecclesiam
1805 590 2181 652 etredeundo

2265 597 2421 654 αὐτοῦ
2475 595 2700 676 ἡμέραις
2767 599 3124 678 εἷσερθόμενος
3191 602 3278 656 καὶ
3341 589 3712 682 ἐξερχόμενος.
3744 603 3795 660 ἐν
3850 610 3914 680 τῇ

537 690 598 744 et
623 700 812 764 prope
837 681 1005 745 cella:
1037 681 1167 762 ejus
1193 680 1416 744 aditum
1477 680 1841 745 transeundo
1873 699 2179 762 nunquam

2267 683 2542 759 ἐκκλησίᾳ,
2577 687 2664 743 καὶ
2713 692 2813 754 τῆς
2871 683 3040 744 διόδου
3097 689 3258 756 οὔσης
3312 680 3602 768 ἔμπροσθεν
3658 698 3748 748 τοῦ
3795 691 3916 748 κέλ-

534 768 817 854 inspexit,
846 789 1147 852 nunquam
1175 770 1347 833 illum
1394 769 1616 846 invisit,
1666 788 1857 852 usque.
1885 769 1957 832 ad
1989 771 2120 850 ejus
2151 789 2182 832 e

2266 772 2360 830 λου
2415 785 2508 834 τοῦ
2563 775 2811 856 ἀδελφοῦ,
2873 775 3121 836 οὒδέποτε
3178 777 3468 856 ἐπέϐλεψεν
3526 783 3598 844 εἷς
3658 783 3834 856 αὺτὸν,
3878 782 3912 849 ἢ

535 858 655 924 vita
681 859 1118 941 migrationem.
1172 858 1517 940 Quanquam
1573 859 1786 921 fratres
1830 877 2042 922 omnes
2072 858 2184 921 ob-

536 958 941 1026 servaverant,
976 949 1027 1012 si
1083 949 1319 1030 quando
1379 949 1564 1012 frater
1617 948 1910 1030 quiSpiam
1972 949 2184 1011 morbo

539 1037 838 1101 laboraret
866 1047 928 1101 et
960 1055 1094 1102 eum
1129 1037 1310 1100 crebo
1340 1035 1514 1098 Pater
1557 1036 1864 1119 inviseret,
1897 1044 2182 1117 aegrotum

539 1146 844 1210 nunquam
873 1125 1264 1190 convaluisse.
1293 1123 1465 1187 Tunc
1490 1124 1672 1204 igitur
1703 1144 1859 1189 unus
1890 1136 1950 1190 et
1980 1127 2186 1190 senio-

538 1217 707 1280 ribus
733 1235 870 1280 cum
915 1215 1333 1298 lacrymantem
1392 1215 1806 1297 conspexisset
1859 1214 2096 1280 Patrem
2129 1224 2189 1279 et

541 1315 793 1370 mortem
821 1301 1017 1367 fratris
1044 1303 1475 1386 deplorantem,
1504 1321 1774 1366 seorsum
1801 1305 2071 1381 accessit,
2098 1307 2185 1368 lo-

537 1393 948 1478 quebaturque
977 1401 1253 1475 tanquam
1287 1391 1500 1455 dolens
1531 1391 1730 1455 fratris
1759 1393 2082 1476 tristitiam,
2117 1412 2189 1456 ex

537 1503 655 1566 qua
683 1481 832 1546 obiit
885 1482 960 1549 ob
1010 1482 1444 1547 aversationem
1485 1481 1696 1544 Patris.
1749 1482 1958 1546 Atille
1986 1483 2181 1545 dixit:

536 1571 664 1636 Nisi
695 1591 808 1653 ego
836 1581 1137 1635 aversatus
1163 1571 1333 1635 illum
1359 1589 1578 1646 essem,
1607 1569 1766 1634 Deus
1797 1591 1917 1634 non
1948 1589 2182 1633 assum-

2265 869 2364 931 τῆς
2395 867 2555 924 αὐτοῦ
2607 864 2863 929 ἐλεύσεως
2921 865 3110 935 ἠξίωσε
3171 867 3332 949 μέχρι
3389 875 3490 937 τῆς
3548 874 3706 929 αὐτοῦ
3733 869 3910 926 τελευ-

2265 959 2386 1021 τῆς.
2423 955 2668 1032 Καίτοιγε
2701 957 3032 1032 σεσημείωτο
3090 959 3233 1032 παρά
3280 965 3409 1015 πᾶσι
3467 973 3584 1022 τοϊς
3644 957 3908 1040 ἀδελφοῖς,

2267 1041 2347 1100 ὅτι
2405 1045 2560 1114 ᾐνίκα
2616 1043 2872 1123 ἠῤῥώστει
2943 1047 2972 1102 6
3028 1043 3273 1126 ἀδελφὸς,
3336 1049 3422 1104 καὶ
3479 1047 3733 1126 ἐσύχναζε
3787 1051 3910 1128 πρὸς

2267 1131 2423 1187 αὒτὸν
2493 1133 2522 1188 6
2593 1133 2800 1213 Πατὴρ,
2873 1135 2966 1190 οὒκ
3033 1133 3274 1214 ἠγείρετο
3360 1134 3420 1192 ἐκ
3487 1141 3584 1203 τῆς
3655 1136 3912 1200 ἀσθενείας

2268 1219 2499 1286 ἐκείνης.
2573 1220 2702 1278 Τότε
2773 1222 2943 1278 τοίνυν
3005 1245 3084 1286 τις
3155 1230 3260 1279 τῶν
3335 1224 3594 1304 γερόντων
3652 1223 3773 1304 ίδὼν
3827 1226 3912 1283 τὸν

2269 1308 2477 1388 Πατέρα
2546 1307 2832 1391 δακρύοντα
2906 1312 3044 1388 μετά
3104 1312 3326 1371 θάνατον
3349 1299 3359 1304 ⁷
3382 1299 3474 1370 τοῦ
3527 1299 3772 1396 ἀδελφοῦ,
3833 1317 3914 1370 καὶ

2267 1401 2557 1477 θρηνοῦντα
2650 1401 2751 1467 τὴν
2833 1400 3077 1480 στέρησιν
3168 1405 3348 1484 αὐτοῦ,
3417 1402 3724 1483 προσελθὼν
3791 1405 3914 1460 κατὰ

2269 1488 2434 1563 μόνας
2465 1486 2728 1567 διελέγετο
2786 1490 2949 1566 αύτῷ,
3011 1493 3084 1554 ὡς
3137 1493 3612 1572 ψυχοπονούμενος
3669 1494 3782 1570 περὶ
3823 1497 3912 1559 τῆς

2268 1575 2498 1652 Θλίψεως
2545 1585 2638 1634 τοῦ
2693 1575 2941 1658 ἀδελφοῦ,
3003 1577 3118 1656 μεθ’
3171 1582 3240 1646 ἧς
3297 1579 3479 1648 ἐξῆλθε
3537 1589 3631 1638 τοῦ
3678 1582 3914 1657 σώματος

535 1663 774 1745 psisset.
807 1661 1017 1726 Certus
1065 1669 1262 1725 autem
1313 1679 1500 1765 sum,“
1521 1661 1652 1742 ejus
1681 1661 1942 1723 animam
1973 1680 2182 1741 magna

2268 1662 2352 1722 διὰ
2380 1666 2477 1733 τὴν
2508 1666 2848 1749 ἀποστροφὴν
2905 1675 2998 1725 τοῦ
3055 1670 3282 1748 Πατρός.
3343 1660 3399 1728 Ὀ
3459 1668 3514 1726 δὲ
3570 1670 3670 1751 ἔφη
3706 1689 3719 1703 ⁸
3755 1673 3809 1728 Εἰ
3839 1671 3910 1746 μὴ

534 1751 736 1815 laetitia
755 1751 1067 1814 fruituram
1078 1758 1321 1833 propter
1343 1749 1637 1813 modicam
1657 1751 1813 1814 banc
1842 1750 2142 1814 tristitiam
2162 1772 2178 1814 :

535 1841 1016 1925 quandoquidem
1047 1859 1168 1902 non
1198 1848 1290 1903 est
1314 1839 1556 1922 iniquus
1585 1839 1772 1915 Deus,
1798 1847 1916 1902 ute
1941 1859 2185 1903 carcere

535 1930 724 2011 tollat,
748 1947 811 2006 e1
830 1930 893 1992 in
923 1946 1226 1992 carcerem
1257 1928 1561 2008 conjiciat.
1593 1927 1732 1991 Haec
1759 1928 1868 1991 fuit
1902 1929 2183 1995 discretio

536 2019 726 2082 Patris
778 2017 968 2081 nostri
1020 2016 1161 2092 Nili,
1216 2034 1398 2099 snpra
1439 2017 1655 2080 multos
1713 2025 1950 2080 sanctos
1977 2017 2184 2081 Patres

533 2108 949 2172 discretissimi
975 2115 1036 2171 et
1065 2106 1514 2188 sapientissimi.
1549 2105 1859 2189 Superavit
1880 2107 2040 2169 enim
2072 2124 2182 2188 per

535 2196 959 2261 discretionem
975 2195 1197 2260 summi
1215 2195 1428 2276 rigoris
1447 2195 1857 2259 observatores
1870 2198 2076 2276 etjsum
2086 2214 2181 2256 mo

537 2287 738 2366 rigore
765 2286 897 2349 vitae
948 2285 1446 2350 discretissimos:
1510 2287 1810 2367 superavit
1871 2285 2180 2366 simplices

537 2375 803 2453 scientia,
838 2375 1254 2458 pallentesque
1280 2374 1579 2457 superavit
1607 2373 1986 2456 simplicitate
2021 2395 2037 2451 ;
2066 2375 2185 2436 vita

537 2465 890 2546 conspicuos
937 2481 1333 2547 sermoneque
1384 2462 1653 2526 celebres
1710 2463 2006 2544 superavit
2053 2463 2186 2524 vitae

537 2555 859 2636 splendore
889 2560 949 2616 et
975 2554 1247 2635 utrisque
1287 2552 1567 2634 praeditos
1609 2570 1842 2614 summa
1868 2551 2181 2632 utriusque

2267 1753 2376 1834 ἐγὼ
2404 1757 2560 1814 αὐτὸν
2589 1756 2955 1839 ἀπεστράφην,
2989 1757 3082 1815 οὐκ
3139 1757 3201 1814 ἂν
3257 1761 3285 1816 6
3351 1760 3480 1824 Θεὸς
3537 1757 3905 1839 προσελάϐετο,

2271 1844 2759 1927 Πεπληροφόρημαι
2833 1845 2913 1929 δὲ,
2985 1847 3065 1904 ὅτι
3135 1846 3220 1904 διὰ
3303 1849 3500 1916 ταύτης
3570 1854 3670 1917 τῆς
3725 1855 3905 1928 μικρᾶς

2265 1933 2518 2011 θλίψεως,
2591 1937 2846 2016 μεγίστης
2916 1943 3090 2018 χαρᾶς
3159 1937 3613 2009 καταξιωθήσεται
3670 1941 3704 2008 ἡ
3762 1939 3906 2018 ψυχὴ

2240 2027 2425 2089 καί)τοῦ
2457 2045 2473 2061 ⁸
2534 2024 2687 2104 εἴπερ
2741 2026 2837 2083 οὒκ
2892 2024 3070 2092 ἄδικος
3101 2029 3314 2108 ὁ.Θεὸς,
3346 2027 3451 2085 ἀπὸ
3507 2028 3746 2109 φυλακῆς
3794 2028 3902 2106 ἆραι

2263 2115 2352 2170 καὶ
2405 2116 2477 2178 εἰς
2539 2113 2779 2195 φυλακὴν
2821 2119 3015 2176 Θεϊναι.
3075 2115 3218 2184 Αὕτη
3277 2120 3311 2185 ἡ
3371 2115 3626 2198 διάκρισις
3683 2128 3773 2178 τοῦ
3821 2117 3904 2172 εύ-

2263 2201 2728 2283 διακριτικωτάτου
2756 2205 2844 2261 καὶ
2894 2205 3202 2286 σοφωτάτου
3260 2209 3464 2286 Πατρὸς
3524 2209 3680 2284 ἡμῶν
3736 2205 3908 2265 Νείλου

2265 2294 2410 2372 παρὰ
2463 2291 2691 2356 πολλοὺς
2749 2299 2856 2349 τῶν
2912 2293 3074 2372 ἁγίων
3134 2293 3407 2374 Πατέρων.
3472 2287 3788 2375 Ὑπερέϐαλε
3817 2295 3907 2373 γὰρ

2266 2381 2386 2444 τοὺς
2434 2379 2896 2448 ἀσκητικώτάτους
2947 2387 3014 2458 τῇ
3070 2380 3346 2462 διακρίσει,
3400 2384 3487 2440 καὶ
3545 2385 3666 2448 τοὺς
3721 2381 3907 2460 διακρι-

2265 2469 2587 2534 τικωτάτους
2618 2475 2684 2546 τῇ
2738 2469 2987 2544 ἀσκήσει,
3048 2473 3134 2528 καὶ
3193 2472 3314 2535 τοὺς
3372 2473 3426 2528 ἐν
3476 2471 3737 2540 ἁπλότητι
3767 2471 3817 2527 ἐν
3844 2477 3905 2548 τῇ

2263 2558 2479 2639 γνώσει,
2510 2561 2599 2616 καὶ
2622 2559 2743 2622 τοὺς
2790 2561 3112 2638 γνωστικοὺς
3169 2559 3222 2618 ἐν
3280 2567 3348 2638 τῇ
3405 2560 3600 2635 ἀκακία
3633 2581 3648 2596 ·
3713 2561 3827 2623 τοὺς
3855 2559 3903 2614 ἐν

535 2643 932 2724 perfectione;
956 2643 1237 2724 praeditus
1259 2641 1524 2704 moribus
1547 2640 1898 2721 peregrinis,
1915 2640 2178 2702 amundo

2265 2648 2362 2723 βίῳ
2389 2655 2466 2722 τῷ
2494 2646 2661 2726 λόγῳ,
2723 2649 2844 2712 τοὺς
2903 2648 2957 2705 ἐν
3015 2647 3160 2728 λόγῳ
3213 2657 3289 2725 τῷ
3345 2650 3463 2727 βίῳ,
3527 2651 3764 2713 καὶτοὺς
3792 2645 3901 2705 κατ’

535 2732 773 2812 penitus
821 2730 1074 2808 alienus,
1126 2730 1444 2819 aﬂ'ectibus
1491 2728 1934 2819 insuperabilis,
1979 2728 2181 2819 animi

2265 2736 2534 2817 ἀμφότερα
2563 2736 2615 2793 ἐν
2660 2743 2727 2814 τῇ
2773 2737 2974 2817 ἀμφοῖν
3031 2738 3283 2819 ἀκρότητι
3319 2755 3333 2770 ⁸
3391 2738 3534 2805 ξένος
3564 2755 3682 2805 τοῖς
3711 2738 3899 2810 ἤθεσιν,

534 2819 810 2882 sensibus
839 2821 1133 2898 excelsus,
1164 2818 1510 2882 inﬂexibilis
1556 2817 1936 2897 sublimibus,
1972 2818 2033 2880 in
2061 2818 2180 2880 hu-

2265 2823 2537 2905 ἀλλότριος
2567 2828 2723 2882 παντὶ
2773 2833 2849 2900 τῷ
2904 2817 3113 2906 κόσμῳ,
3173 2827 3528 2891 ἀταπείνωτος
3577 2842 3694 2892 τοῖς
3742 2826 3897 2883 πάθε-

537 2907 711 2973 miles
737 2908 1156 2992 compatientis
1186 2908 1465 2973 affectum
1496 2925 1734 2988 gerens.

2265 2935 2370 2993 σιν,
2422 2912 2628 2989 ὑψηλὸς
2682 2926 2800 2978 τοῖς
2856 2915 3138 2992 νοήμασιν,
3197 2914 3453 2993 ἀκαμπὴς
3509 2930 3628 2983 τοῖς
3657 2914 3897 2992 ὺψῆλοτς,

2100 3007 2109 3016 ’
2204 2983 2249 3048 C
2265 2983 2544 3081 συμπαθὴς
2569 3001 2624 3059 δὲ
2655 3016 2772 3068 τοῖς
2798 2983 3098 3068 ταπεινοῖς.

623 3085 724 3148 83.
756 3085 1180 3168 Longobardus
1211 3087 1449 3170 quidam
1481 3085 1783 3166 subripuit
1812 3103 2031 3167 equum
2062 3103 2182 3175 mo-

2345 3081 2466 3172 πγ’,
2552 3089 2759 3167 Εκλεψέ
2823 3093 2901 3157 τίς
2971 3113 3099 3149 ποτε
3154 3097 3260 3150 τῶν
3318 3091 3688 3175 Λογγιϐάρδων
3745 3091 3903 3148 ἵππον

535 3175 825 3253 nasterii;
857 3184 1240 3239 accesserunt
1269 3195 1378 3257 ego
1407 3175 1481 3238 ad
1510 3178 1744 3238 Patrem
1795 3182 1855 3238 et
1904 3173 2182 3237 fratribus

2265 3185 2362 3248 τῆς
2393 3185 2586 3260 μονῆς,
2639 3181 2727 3238 καὶ
2780 3179 3154 3260 προσελθόντες
3208 3179 3296 3238 δύο
3351 3185 3458 3240 τῶν
3514 3173 3750 3263 ἀδελφῶν
3779 3179 3903 3256 ᾐτή-

536 3267 676 3343 duo,
725 3265 1165 3348 petieruntque,
1199 3274 1265 3328 ut
1292 3264 1407 3327 sibi
1438 3265 1652 3346 licerpt
1683 3264 1962 3346 persequi
1991 3270 2050 3326 et
2077 3281 2182 3326 re-

2265 3293 2426 3327 σαντο
2493 3271 2585 3326 τὸν
2656 3269 2912 3349 μακάριον
2981 3279 3074 3330 τοῦ
3146 3267 3462 3336 καταδιῶξαι
3532 3274 3623 3329 καὶ
3678 3271 3900 3347 ἀνευρεῖν

533 3373 824 3437 cuperare
848 3373 1090 3437 equum,
1119 3354 1276 3436 quod
1307 3360 1465 3417 esset
1494 3353 1851 3418 monasterio
1883 3352 2178 3430 perutilis.

2265 3360 2354 3415 16v
2380 3356 2575 3432 ἵππον,
2605 3355 2686 3414 ὅτι
2716 3359 2985 3438 χρήσιπος
3041 3359 3107 3427 ἧν
3162 3359 3298 3416 πάνυ
3354 3359 3410 3416 ἐν
3450 3366 3528 3435 τῷ
3555 3355 3899 3437 μοναστηρίῳ,

530 3442 606 3506 Ει
635 3460 762 3509 rem
792 3450 1184 3524 peregerunt;
1215 3461 1352 3506 nam
1403 3461 1538 3504 cum
1592 3440 1794 3504 labore
1827 3441 2010 3503 multo
2041 3459 2182 3522 per-

2265 3449 2293 3504 ὃ
2349 3449 2437 3504 καὶ
2506 3447 2884 3517 πεποιήκασιν,
2957 3448 3273 3506 Φθασάντων
3346 3449 3445 3528 γὰρ
3514 3457 3622 3507 τῶν
3679 3445 3902 3523 ἀδελφῶν

532 3532 836 3596 venissent
861 3535 924 3594 in
953 3533 1262 3614 oppidum,
1294 3532 1357 3594 in
1387 3550 1502 3613 quo
1533 3531 1628 3594 fur
1668 3538 1817 3608 erat,
1850 3529 2050 3594 audito
2080 3549 2181 3592 so-

2265 3537 2413 3610 κόπῳ
2439 3534 2624 3611 πολλῷ
2651 3537 2723 3599 εἷς
2785 3537 2847 3591 τὸ
2903 3537 3150 3618 κάστρον,
3209 3537 3263 3593 ἐν
3316 3542 3362 3613 ᾦ
3418 3541 3446 3596 6
3475 3538 3713 3605 κλέπτης
3740 3537 3900 3610 ὑπῆρ-

538 3621 662 3684 lum
678 3622 870 3685 Patris
894 3623 1161 3702 nomine,
1188 3620 1384 3683 statim
1401 3619 1518 3682 loci
1540 3619 1820 3682 dominus
1857 3619 2177 3682 adductum

2265 3647 2384 3706 χεν,
2444 3625 2599 3694 ἡνίκα
2650 3625 2712 3681 16
2767 3633 2860 3686 τοῦ
2914 3628 3118 3705 Πατρὸς
3174 3625 3342 3704 ὄνομα
3395 3629 3484 3686 καὶ
3541 3629 3704 3704 μόνον
3733 3624 3897 3681 ἐκεῖσε

534 3729 776 3793 equum,
801 3710 1114 3791 furemque
1138 3709 1384 3789 ligatum
1405 3709 1525 3771 illis
1545 3707 2179 3772 contradidit.Reversi

531 3799 596 3862 in
615 3799 1042 3863 monasterium
1066 3806 1127 3862 et
1147 3807 1286 3861 ante
1307 3793 1544 3862 Patrem
1565 3817 1700 3861 cum
1739 3797 1939 3860 laetitia
1971 3797 2174 3879 proci-

531 3889 766 3966 dentes,
791 3887 1059 3950 aiebant:
1111 3887 1479 3951 Adduximus
1509 3887 1625 3950 tuis
1653 3885 1839 3967 adjuti
1870 3885 2172 3967 precibus,

530 3997 566 4041 o
596 3977 794 4055 Pales,
823 3995 1039 4059 equum
1074 3985 1134 4040 et
1178 3977 1394 4041 furem.
1456 3976 1563 4039 llle
1617 3975 2072 4056 Longobardum
2103 3975 2177 4037 ad

530 4087 598 4132 se
624 4067 847 4131 vocavit
871 4076 932 4130 et
957 4085 971 4131 :
995 4069 1174 4144 Num,
1194 4066 1406 4148 inquit,
1439 4073 1504 4129 tu
1531 4067 1734 4143 frater,
1768 4084 1986 4146 equum
2017 4065 2178 4128 hunc

529 4177 672 4222 vere
700 4159 910 4220 amas?
951 4157 1023 4224 Et
1072 4158 1212 4221 ille:
1269 4157 1333 4221 Si
1371 4176 1492 4220 non
1517 4157 1954 4234 amarem,|non
1987 4154 2178 4217 subri-

535 4248 820 4332 puissem.
852 4248 1021 4310 Tunc
1047 4247 1224 4312 Pater
1248 4247 1338 4310 illi
1367 4266 1583 4330 equum
1613 4247 1771 4308 dono
1803 4245 1988 4329 dedit,
2012 4245 2180 4308 addi-

2265 4253 2353 4308 καὶ
2409 4248 2553 4328 λέγει
2623 4247 2766 4324 αύτῷ
2799 4264 2815 4279 ⁹

535 4303 1583 4419 {litat};"épitiﬁﬁiﬁxﬁ"étmrréﬁﬁxﬁ"
1601 4303 1874 4398 agas?
1888 4303 1962 4398 si
1971 4303 2177 4413 3355,
2195 4303 2246 4368 Ι)
2265 4303 2654 4397 {sai-9.5...
2682 4357 2700 4420 ;

536 4431 741 4507 accipe
791 4437 851 4490 et
897 4426 1016 4490 abi.
1049 4424 1215 4488 Abiit
1240 4425 1342 4486 ille
1369 4425 1538 4499 Ianus
1567 4431 1624 4486 et
1672 4426 1960 4489 exultans.
1997 4425 2180 4488 Cum-

537 4534 652 4596 que
681 4514 1134 4578 obmurmurare
1163 4513 1381 4575 fratres
1409 4513 1750 4594 coepissent,
1802 4513 2029 4576 vocavit
2081 4532 2182 4576 eos

536 4604 733 4680 Pater,
766 4597 1220 4684 instruebatque
1249 4601 1496 4666 dicens:
1531 4601 1749 4664 Discite
1778 4603 1914 4677 hoc,
1946 4602 2180 4679 fratres,

537 4692 767 4775 privari
818 4691 1358 4774 quomodocunque
1409 4690 1612 4773 rebus,
1673 4709 1805 4754 esse
1849 4711 1884 4753 a
1927 4691 2187 4773 peccatis

534 4781 804 4844 liberari.
838 4783 930 4844 An
981 4779 1212 4860 indigni
1258 4799 1486 4863 sumus,
1518 4780 1678 4862 quod
1708 4801 1892 4844 unum
1923 4791 2101 4863 caput
2130 4789 2188 4844 et

540 4887 651 4932 nos
679 4871 1035 4951 impleamus
1065 4888 1136 4931 ex
1163 4868 1239 4930 iis
1266 4888 1400 4949 quae
1427 4877 1747 4932 narrantur
1774 4871 1838 4932 in
1869 4869 2022 4932 Vitis
2051 4889 2183 4932 san-

539 4966 772 5022 ctornm
803 4957 1088 5022 Patrem?
1118 4956 1180 5020 Si
1213 4957 1373 5020 Deus
1403 4957 1589 5020 nostri
1608 4958 1885 5021 misereri
1907 4959 2046 5033 vult,
2075 4979 2183 5021 nos

541 5047 734 5111 illine
783 5048 1165 5112 obsistamus.
1219 5049 1295 5112 Et
1348 5047 1475 5112 illi:
1534 5046 1708 5110 Dolet
1760 5047 1955 5125 nobis,
1986 5047 2181 5129 Pater,

542 5137 699 5219 quod
723 5145 855 5220 post
874 5137 1092 5202 multos
1111 5135 1344 5200 itineris
1362 5137 1549 5199 nostri
1583 5136 1842 5214 labores,
1876 5145 2181 5219 postquam

539 5226 906 5305 invenimus,
934 5227 1105 5310 quod‘
1130 5227 1410 5311 perierat,
1445 5236 1585 5290 tunc
1614 5226 1759 5288 illud
1792 5226 1909 5288 furi
1937 5227 2187 5307 largitus

544 5334 635 5379 es.
657 5313 984 5398 Respondit
1012 5319 1208 5378 Pater:
1241 5314 1368 5378 Hoc
1401 5315 1567 5378 vobis
1605 5315 1743 5393 feci,
1763 5325 1830 5378 ut
1849 5315 2092 5377 discatis
2120 5333 2187 5380 re

543 5405 672 5486 ipsa
697 5404 973 5468 inimicos
1004 5405 1253 5485 diligere
1311 5412 1370 5466 et
1413 5404 1776 5468 benefacere
1804 5404 1880 5466 iis
1906 5403 2006 5486 qui
2034 5404 2186 5467 iusi-

541 5493 780 5556 diantur
807 5493 996 5574 vobis,
1029 5502 1090 5556 et
1117 5493 1320 5557 omnia
1343 5493 1672 5575 possidere,
1708 5492 1856 5556 nihil
1874 5493 2184 5577 habentes,

543 5582 700 5655 sicut
727 5603 841 5650 nos
885 5583 1108 5649 docent
1161 5583 1546 5664 Evangetium
1603 5591 1663 5647 et
1705 5584 2048 5668 Apostolus.
2082 5586 2189 5650 Hic

2259 3713 2443 3795 ἅρχων
2473 3713 2727 3786 ἀκήκοεν,
2787 3713 2974 3778 εὐθέως
3033 3715 3251 3794 ἀγαγὼν
3305 3717 3398 3774 τὸν
3455 3714 3633 3774 ’ίππον
3684 3715 3768 3795 καί
3817 3711 3902 3766 τὸν

2259 3791 2499 3870 κλέπτην
2553 3801 2846 3880 δεδεμένον,
2912 3791 3182 3884 παρέδωκε
3233 3819 3352 3870 τοῖς
3409 3803 3686 3886 ἀδελφοῖς.
3749 3791 3900 3886 Ὑποέ

2265 3892 2602 3972 στρεψάντων
2671 3892 2840 3949 τοίνυν
2910 3895 3078 3951 αὐτῶν
3150 3893 3202 3950 ἐν
3259 3901 3336 3969 τῷ
3403 3885 3761 3974 μοναστηρίῳ,
3824 3885 3905 3942 καὶ

2269 3988 2348 4056 τῷ
2381 3981 2936 4062 Ila1pip£1&'xap&c,
2993 3983 3430 4062 προσπιπτόντων
3483 3986 3574 4040 καὶ
3630 3979 3902 4060 λεγόντων,

2257 4070 2338 4128 ὅτι
2373 4069 2452 4127 Δι’
2485 4072 2658 4150 εὐχῶν
2718 4091 2836 4146 σου,
2895 4071 3086 4151 Πάτερ,
3149 4072 3421 4150 ἠγάγομεν
3478 4073 3571 4129 16v
3631 4071 3796 4128 ἵππον
3824 4064 3904 4120 καὶ

2261 4163 2352 4218 τὸν
2402 4158 2672 4234 κλέψαντα
2706 4175 2721 4190 ⁹
2782 4159 2939 4216 καλεῖ
2996 4162 3024 4217 6
3075 4161 3332 4241 μακάριος
3380 4163 3472 4218 τὸν
3531 4152 3902 4241 Λογγιϐάρδον,

2908 4259 3088 4314 Οντως
3161 4250 3244 4325 οὗ,
3307 4248 3496 4331 ἀδελφέ
3555 4251 3765 4328 ἀγαπᾷς
3821 4243 3903 4296 τὸν

2754 4339 2850 4396 Καὶ
2907 4337 3050 4416 λέγει
3108 4339 3312 4403 ἐκεῖνος
3347 4356 3362 4371 ⁸
3426 4341 3484 4396 Εἰ
3541 4341 3621 4415 μὴ
3666 4334 3899 4414 ἠγάπων,

2265 4432 2360 4490 οὒκ
2431 4429 2493 4486 ἂν
2563 4427 2763 4505 ἔκλεψα
2818 4436 3025 4492 τοῦτον,
3085 4429 3214 4487 Τότε
3270 4427 3446 4486 λαϐὼν
3503 4431 3532 4485 6
3589 4427 3768 4502 Πατὴρ
3820 4420 3902 4474 τὸν

2262 4520 2432 4578 ἵππον
2463 4517 2683 4576 δέδωκεν
2714 4522 2876 4598 αὐτῷ,
2907 4519 3147 4598 προσθεὶς
3208 4521 3349 4592 αὒτῷ
3407 4519 3542 4593 μετά
3595 4521 3694 4583 τῆς
3725 4505 3902 4598 σέλλοξς

2266 4613 2354 4668 καὶ
2383 4611 2442 4666 16
2489 4591 2834 4690 χαλινάριον,
2861 4591 3054 4686 ’λέγων
3087 4623 3102 4639 ⁸
3163 4609 3224 4666 Εἰ
3279 4591 3489 4686 ἀγαπᾷς
3549 4607 3728 4677 αὐτὸν,
3786 4591 3904 4653 λάϐε

2266 4701 2355 4756 καὶ
2384 4698 2604 4778 πορεύου
2639 4717 2654 4732 ⁶
2688 4699 2716 4753 6
2745 4695 2813 4752 δὲ’
2855 4694 3061 4764 ἀπῆλθε
3119 4697 3322 4776 χαίρων
3379 4697 3469 4752 καὶ
3525 4690 3902 4778 ἀγαλλόμενοςζ

2269 4774 2602 4868 Ἀρξαμένων
2674 4784 2730 4841 δὲ
2798 4791 2904 4840 τῶν
2993 4774 3232 4864 ἀδελφῶν
3321 4774 3734 4864 καταγογγύζειν
3819 4774 3904 4828 τοῦ

2267 4865 2547 4953 μακαρίου,
2581 4871 2810 4936 καλέσας
2842 4873 3028 4937 αὐτοὺς
3083 4875 3112 4930 6
3169 4873 3354 4952 Πατὴρ
3412 4872 3662 4929 ἐνευθέτει
3691 4865 3854 4942 λέγων
3886 4874 3902 4890 ⁸

2267 4965 2494 5044 Μάθετε,
2527 4961 2764 5043 ἀδελφοὶ,
2796 4968 2970 5037 τοῦτο,
3005 4961 3085 5019 ὅτι
3115 4963 3150 5031 ἡ
3206 4965 3310 5019 τῶν
3370 4962 3696 5040 πραγμάτων
3728 4957 3905 5010 ὁπωσ-

2267 5051 2465 5123 δήποτε
2535 5051 2804 5132 στέρησις,
2879 5052 3276 5133 ἁμαρτημάτων
3366 5050 3502 5108 ἐστὶν
3591 5045 3898 5133 ἀφαίρεσις⁴⁶

2269 5141 2392 5198 εἶτα
2463 5141 2558 5199 οὒκ
2626 5141 2783 5218 ἐσμὲν
2851 5141 2984 5208 ἄξιοι
3054 5148 3146 5198 τοῦ
3215 5147 3515 5222 γεροντικοῦ
3583 5140 3799 5201 ποιῆσαι
3853 5124 3904 5181 ἓν

2268 5229 2604 5312 κεφάλαιον;
2676 5233 2734 5290 Εἰ
2791 5234 2819 5289 6
2877 5233 3005 5294 Θεὸς
3057 5229 3194 5288 θέλει
3254 5230 3470 5298 ἐλεῆσαι
3524 5231 3692 5306 ἡμᾶς,
3747 5223 3904 5312 ﬁll-f3“

2269 5304 2410 5396 αὐτῷ
2454 5321 2530 5398 μὴ
2581 5304 3032 5396 ἀντιτασσώμεθα.
3092 5323 3152 5379 Οἱ
3207 5318 3262 5378 δὲ
3311 5321 3467 5378 εἷπον
3501 5335 3516 5350 ⁶
3568 5304 3737 5378 -Τοῧτο
3793 5304 3904 5398 θλι-

2270 5408 2489 5490 ϐόμεθα,
2567 5411 2759 5492 Πάτερ,
2831 5409 2911 5467 ὅτι
2968 5411 3100 5487 μετά
3155 5412 3216 5467 16
3273 5410 3524 5470 κοπιάσαι
3579 5411 3723 5482 ἡμᾶς
3778 5393 3907 5492 τξᾴνυ

2269 5482 2444 5556 πολλὰ
2475 5482 2487 5490 Π
2512 5482 2998 5580 περιπατησανταξ,
3071 5500 3160 5556 καὶ
3241 5501 3412 5578 εὑρεῖν
3477 5501 3538 5556 τὸ
3609 5482 3904 5580 ἀπολίθλὸςῗ

2270 5589 2391 5652 τότε
2418 5592 2544 5648 αὐτὸ
2573 5572 2824 5669 ἐδωρήσω
2853 5597 2930 5663 τῷ
2958 5587 3237 5664 κλέψαντι.
3292 5572 3391 5649 ita!
3437 5590 3466 5644 ὃ
3523 5585 3704 5659 Πατὴρ
3759 5572 3857 5650 ἔφη
3891 5578 3902 5591 ’
