4182 6388
239 364 335 430 Mt
1477 360 1665 429 VITA
1707 363 1768 425 S.
1815 356 1984 426 NILI
2023 361 2397 427 JUNIORIS.
3196 376 3199 377 '
3508 363 3625 430 142

234 507 381 557 τοῦτο
448 497 723 566 πεποίηκα
794 499 955 578 ὑμῖν,
1055 493 1146 552 ἵνα
1215 488 1403 560 διδάξω
1470 493 1606 569 ὑμᾶς
1671 492 1883 572 ἀγαπᾷν

1971 510 2205 569 sensus,
2239 494 2366 556 haec
2411 492 2683 556 doctrina
2730 502 2857 559 erat
2907 495 3097 559 beatae
3150 497 3458 560 memoriae
3486 496 3611 563 Nili

235 586 364 665 ἔργῳ
387 586 506 651 τοὺς
556 586 814 667 ἐχθροὺς,
875 588 964 643 καὶ
1020 583 1203 649 ἁπλῶς
1258 596 1438 640 ποιεῖν
1494 594 1613 646 τοῖς
1662 582 1884 662 ἐπηρεά-

1971 583 2159 644 Patris
2187 581 2395 663 nostri,
2432 582 2532 664 qui
2562 581 2870 646 beatorum
2923 593 2983 647 et
3036 585 3615 666 sapientissimorum

237 683 395 746 ζουσιν
466 677 601 751 ὑμᾶς
639 693 653 705 ·
729 676 822 733 καὶ
890 676 951 731 τὸ
1004 674 1184 731 ’πάντα
1254 670 1508 753 κατέχειν
1572 672 1647 735 ὡς
1719 669 1884 746 μηδὲν

1971 671 2274 733 doctorum
2309 671 2637 734 sententias
2695 672 2757 734 in
2816 692 2920 736 ore
2980 692 3220 755 semper
3267 673 3524 737 habebat
3553 683 3615 736 et

235 765 477 847 ἔχοντας,
506 768 684 831 καθὼς
704 769 780 847 ,τὸ
834 764 1155 846 Εὗαγγέλιον
1195 764 1284 821 καὶ
1319 766 1347 820 6
1404 760 1710 826 Λπόστολος
1738 764 1883 837 ἡμᾶς

1971 760 2131 822 omni
2159 767 2374 823 conatu
2402 759 2801 839 adnitebatur,
2856 769 2923 825 ut
2969 762 3195 825 dictum
3243 779 3427 843 opere
3458 781 3614 844 pra;-

228 836 633 915 ἐκδιδέσκουσιν.
698 846 759 914 Ὀ
818 854 914 930 μὲν
958 836 1060 912 ¹οὖν
1132 852 1425 932 μακαρίτης
1484 851 1669 931 Πατὴρ
1723 836 1880 927 ἡμῶν

1971 856 2146 912 staret
2176 855 2235 912 et
2263 848 2417 930 quod
2449 836 2891 924 addiscebatur,
2946 836 3327 934 prudentiam
3359 836 3615 934 pareret,

224 943 415 1009 Νε’λος
484 952 647 1002 ταῦτα
716 944 924 1024 ἐφρόνει
992 965 1050 1000 τε
1119 943 1208 1000 καὶ
1274 938 1563 1020 ἐδίδασκεν,
1648 939 1728 996 ἀεὶ
1796 940 1881 997 ἐπὶ

1971 945 2022 1000 et
2050 937 2202 1001 actio
2231 937 2446 1000 similis
2475 945 2634 1002 esset
2662 939 3043 1002 institutioni.

224 1032 486 1111 στόματος
516 1033 688 1114 φέρων
744 1035 841 1099 τὰς
899 1034 1122 1113 χρήσεις
1180 1037 1287 1087 τῶν
1344 1028 1613 1109 μακάρίων
1669 1030 1757 1086 καὶ
1811 1035 1985 1109 σοφῶν
2041 1026 2391 1103 διδασκάλων,
2450 1030 2684 1103 παντοίῳ
2730 1052 2787 1086 τε
2841 1031 3023 1111 τρόπῳ
3062 1031 3450 1110 ἀγωνιζόμενος
3482 1029 3621 1111 ἔργῳ

227 1120 495 1189 ἆποδετξαι
521 1126 614 1179 τὸν
644 1121 828 1200 λόγον,
862 1123 951 1178 καὶ
977 1121 1073 1189 τὴν
1105 1120 1355 1196 μάθησιν,
1388 1119 1663 1200 φρόνησιν,
1695 1119 1783 1174 καὶ
1814 1119 1909 1186 τὴν
1939 1115 2122 1196 πρᾶξιν
2153 1117 2289 1173 κατὰ
2316 1120 2415 1179 τὴν
2433 1114 2646 1183 δίδαξιν.

307 1201 417 1275 πεδ’,
447 1217 519 1272 0-3
548 1211 710 1288 μόνον
738 1209 794 1267 δὲ
823 1211 1033 1290 ἑαυτὸν,
1092 1207 1229 1266 ἀλλὰ
1279 1210 1368 1265 καὶ
1424 1208 1544 1271 τοὺς
1577 1205 1692 1284 μετ’
1723 1206 1881 1285 αδτου

2044 1205 2143 1268 84.
2187 1203 2311 1266 Nec
2340 1221 2404 1268 se
2426 1204 2620 1285 ipsum
2654 1207 3089 1284 tantummodo,
3124 1207 3232 1271 sed
3263 1225 3404 1269 suos
3433 1207 3611 1269 etiam

234 1299 392 1364 ὥτως
447 1300 796 1380 ἐφωταγώγει
866 1301 954 1356 καὶ
1026 1296 1232 1378 ἤλιζεν,
1304 1297 1508 1353 ἀκούων
1578 1296 1720 1376 παρὰ
1789 1301 1881 1350 τοῦ

1971 1293 2186 1375 pariter
2203 1292 2427 1356 lumine
2446 1293 2730 1375 implebat
2753 1304 2809 1358 et
2826 1297 2951 1361 sale
2979 1297 3326 1372 condiebat,
3360 1295 3615 1360 audiens

223 1395 503 1469 Σωτῆρος,
534 1389 617 1445 ὅτι
648 1413 678 1445 ιι
711 1380 903 1465 Τμεῖς
935 1387 1052 1443 ἐστε
1106 1388 1168 1443 τὸ
1222 1385 1357 1449 ἅλας
1410 1389 1509 1453 τῆς
1539 1390 1667 1465 γῆς,
1700 1384 1790 1441 καὶ
1820 1385 1880 1440 τὸ

1971 1401 1998 1444 a
2027 1382 2350 1455 Salvatore,
2382 1408 2406 1440 α
2436 1382 2557 1447 Vos
2579 1386 2726 1448 estis
2750 1386 2835 1448 sal
2862 1394 3035 1449 terrae
3057 1396 3116 1450 et
3136 1387 3239 1449 lux
3272 1387 3438 1449 mutii
3464 1387 3546 1448 81.
3588 1411 3612 1444 ι

221 1482 331 1556 φῶς
399 1483 498 1533 τοῦ
567 1475 794 1552 κόσμου,
868 1474 1133 1537 Πολλάκις
1206 1475 1305 1554 γὰρ
1376 1471 1429 1529 εἴ
1497 1495 1599 1530 που
1667 1470 1883 1552 ηὕρισκε

1971 1470 2133 1554 Swpe
2165 1472 2325 1534 enim
2355 1471 2459 1535 ubi
2486 1472 2549 1534 in
2579 1473 2825 1536 dictum‘
2859 1486 2959 1538 aut
2986 1476 3344 1539 sententiam
3373 1474 3619 1538 incidis-

218 1570 422 1644 χρῆαιν
456 1565 494 1632 ἢ
523 1565 774 1643 γνώμην,
835 1562 951 1621 εἴτε
1006 1562 1289 1643 τροπάριον
1347 1561 1408 1619 ἐκ
1461 1568 1566 1620 τῶν
1597 1561 1835 1618 κανόνων
1864 1576 1878 1592 ⁸

1971 1570 2077 1637 set,
2111 1561 2300 1623 autin
2349 1561 2655 1625 modulum
2705 1582 2778 1627 ex
2828 1563 3052 1629 Otﬁciis
3101 1575 3468 1640 sanctorum,
3501 1584 3619 1647 quo

217 1650 550 1729 κατόρθωσιν
621 1649 777 1719 ἤθους
849 1648 1181 1725 διδάσκοντα,
1241 1649 1704 1730 προσκαλούμενος
1761 1648 1883 1711 τοὺς

1971 1651 2037 1712 ad
2067 1651 2670 1731 corrigendoslmores
2696 1654 2922 1736 aliquid
2943 1654 3373 1737 contineretur,
3403 1656 3616 1719 fratres

219 1738 478 1820 ἀδελφοὺς
551 1740 731 1820 ὥσπερ
800 1740 920 1797 τινὰ
989 1738 1184 1818 κλῆρον
1256 1736 1472 1795 διεδίδου
1541 1742 1725 1801 αὐτοῖς
1793 1743 1884 1793 τοῦ

1971 1739 2291 1838 advocabat
2318 1750 2378 1802 et
2407 1741 2578 1823 quasi
2634 1743 3073 1838 haereditariam
3129 1748 3474 1838 portionem,
3493 1745 3618 1838 dis-

223 1830 595 1903 ἆποστηθίζειν
665 1830 797 1892 αὐτά
834 1847 850 1863 ⁶
926 1843 1043 1893 τοῖς
1115 1830 1212 1905 μὲν
1263 1829 1503 1910 ἰσχύουσι
1557 1829 1624 1884 τὰ
1678 1826 1881 1903 ὑψηλὰ,

1971 1826 2286 1905 tribuebat,
2319 1837 2383 1890 ut
2412 1830 2719 1894 memoria;
2749 1826 3355 1915 mandarent,ivalidis
3377 1833 3621 1914 quidem

226 1933 345 1984 τοῖς
387 1918 443 1975 δὲ
496 1918 890 1998 ἀσθενεστέροις
948 1920 1014 1974 τὰ
1065 1917 1265 1998 ἐλαφρά
1293 1935 1306 1950 ’
1370 1919 1459 1974 καὶ
1515 1917 1724 1990 ἑκάστῳ
1752 1918 1884 1996 πρὸς

1972 1916 2252 1979 sublimia
2281 1919 2450 2002 dans,
2487 1920 2856 1985 tenuioribus
2912 1942 3053 1985 vero
3085 1923 3260 1997 levia,
3297 1930 3356 1985 et
3382 1923 3620 1985 unicui-

229 2010 293 2065 τὸ
342 2010 502 2073 πάθος
556 2013 605 2084 ᾧ
658 2008 1091 2089 ἐπλεονεκτεϊτο,
1151 2009 1238 2064 καὶ
1293 2008 1354 2063 τὸ
1405 2005 1741 2085 ἔμπλαστρον
1795 2012 1886 2062 τοῦ

232 2099 541 2173 μαθήματος
632 2098 886 2160 ἐπετίθει.
978 2098 1107 2155 Οἷον
1191 2094 1244 2152 εἴ
1315 2117 1395 2159 τις
1467 2095 1880 2174 γαστρίμαργος,

226 2189 294 2244 τὰ
321 2189 436 2267 περί
466 2189 774 2269 ἐγκρατείας
808 2208 825 2225 ο
887 2187 940 2244 εἴ
995 2209 1073 2252 τις
1130 2185 1349 2265 λάγνος,
1381 2185 1448 2241 τὰ
1477 2187 1595 2263 περὶ
1623 2184 1832 2263 ἁγνείας
1866 2202 1881 2218 ·

222 2274 279 2333 εἴ
330 2300 414 2341 τις
471 2276 768 2359 κενόδοξος,
830 2278 909 2348 τὰ,
944 2278 1063 2356 περὶ
1108 2275 1588 2357 ταπεινοφροσύνης
1623 2290 1637 2303 ·
1698 2271 1751 2328 εἴ
1806 2294 1887 2336 τις

222 2364 558 2445 γΜσσᾶἣης
628 2369 719 2424 καὶ
754 2358 1046 2447 μάχιμος,
1104 2364 1201 2433 τὴν
1258 2361 1580 2429 Ἐπιστολὴν
1638 2358 1889 2420 Ἰακώϐου

222 2463 317 2512 τοῦ
348 2455 677 2516 ἀποστόλου.
713 2457 771 2514 Εἰ
801 2454 856 2512 δέ
913 2477 994 2519 τις
1048 2454 1114 2522 ἧν
1168 2452 1460 2533 δυσμαθὶμς,
1500 2454 1589 2509 καὶ
1617 2451 1696 2528 μὴ
1729 2449 1887 2507 δυνά-

225 2566 388 2621 μενος
419 2545 801 2625 μνημονεύειν,
858 2544 1073 2625 γράφων
1127 2543 1226 2611 τὴν
1282 2544 1505 2623 γνώμην
1563 2541 1617 2597 ἐν
1645 2542 1887 2617 τμήματι

222 2635 473 2714 χαρτίου,
545 2634 743 2714 ἐκρέμα
812 2635 955 2708 αὐτῷ
1025 2632 1109 2691 ἐπὶ
1162 2634 1254 2688 τὸν
1308 2630 1606 2712 τράχηλον,
1679 2629 1716 2698 ἢ
1771 2629 1890 2707 περὶ

218 2725 313 2779 τὸν
342 2725 615 2805 βραχίονα
661 2727 839 2800 αὐτοῦ,
892 2722 1086 2803 μέχρις
1142 2721 1264 2778 ὅτου
1323 2721 1486 2787 αὐτὴν
1516 2720 1883 2789 ἆπεστήθιζεν.

224 2813 405 2877 Οὕτως
466 2814 636 2870 ἐποίει
704 2815 733 2869 6
800 2812 1243 2893 τρισμακάριστος
1315 2812 1438 2875 τοὺς
1497 2808 1723 2866 ἀλάλους
1782 2805 1887 2863 λα-

223 2899 364 2977 λεῖν,
434 2904 528 2959 καὶ
596 2903 717 2966 τοὺς
772 2902 982 2981 κωφοὺς
1052 2900 1283 2980 ἀκούειν,
1342 2900 1431 2955 καὶ
1486 2900 1607 2961 τοὺς
1663 2894 1885 2978 τυφλούς

220 2989 438 3067 βλέπειν
505 3008 521 3022 ⁸
612 2992 733 3054 τοὺς
804 2987 1093 3070 βαρϐάρους
1176 2987 1443 3068 εἰργάζετο
1528 2984 1806 3064 θεολόγους
1866 2999 1882 3015 ’

1969 2024 2109 2086 que,
2145 2014 2208 2067 ut
2235 2007 2449 2069 atfectu
2499 2008 2823 2088 laborabat,
2881 2011 2965 2074 ita
3003 2013 3390 2093 emplastrum
3422 2012 3615 2075 docu-

1970 2093 2155 2156 menti
2185 2097 2544 2176 apponebat.
2609 2099 2884 2179 Exempli
2936 2100 3148 2180 gratia,
3207 2101 3258 2162 si
3297 2103 3430 2182 quis
3457 2107 3621 2163 esset

1967 2183 2163 2245 ventri
2184 2184 2443 2261 deditus,
2463 2184 2641 2249 dabat
2658 2186 3038 2273 abstinentiae
3058 2199 3353 2271 praecepta
3374 2212 3387 2250 :
3413 2190 3464 2252 si
3483 2190 3617 2272 quis

1972 2273 2153 2348 salax,
2189 2274 2511 2348 castitatis;
2573 2275 2624 2337 si
2673 2275 2809 2356 quis
2857 2275 3055 2341 inanis
3105 2277 3309 2358 gloriae
3339 2278 3617 2359 cupidus,

1970 2361 2354 2438 humilitatis;
2403 2364 2454 2426 si
2482 2363 2615 2445 quis
2644 2363 2883 2443 lingua):
2908 2379 2969 2428 et
2997 2367 3432 2443 contentlosus,
3458 2386 3609 2443 apo-

1970 2449 2107 2511 stoli
2134 2449 2341 2513 Jacobi
2368 2452 2694 2533 Epistolam
2723 2453 2808 2518 82.
2860 2454 3025 2527 Quod
3075 2455 3126 2516 si
3156 2454 3286 2535 quis
3314 2461 3475 2517 esset
3501 2455 3618 2517 be-

1971 2536 2218 2600 betioris
2246 2539 2492 2620 ingenii,
2525 2560 2638 2604 nec
2669 2542 2724 2603 vi
2755 2544 3063 2607 memoriae
3087 2545 3364 2625 polleret,
3384 2544 3446 2605 in
3474 2562 3619 2625 par-

1971 2628 2104 2689 vula
2123 2630 2325 2691 charta
2345 2630 2645 2693 scribebat
2668 2632 3029 2696 sententiam
3066 2641 3124 2695 et
3142 2633 3519 2715 appendebat
3545 2632 3622 2695 ad

1972 2716 2102 2796 ejus
2157 2717 2474 2795 cervicem,
2536 2719 2661 2782 sive
2717 2721 2791 2782 ad
2844 2721 3184 2797 brachium,
3242 2722 3434 2783 donec
3485 2739 3617 2783 eam

1971 2807 2320 2869 memoriter
2349 2802 2650 2871 recitaret.
2683 2808 2771 2871 Ita
2799 2811 3047 2874 faciebat
3077 2819 3168 2874 ter
3197 2810 3404 2872 beatus
3423 2813 3619 2886 Pater,

1971 2901 2038 2955 ut
2065 2896 2212 2957 muti
2242 2896 2633 2978 loquerentur
2679 2907 2738 2960 et
2766 2900 2935 2961 surdi
2963 2898 3239 2962 audirent
3269 2906 3328 2962 et
3353 2898 3495 2961 caeci
3525 2898 3618 2961 vi-

1970 2982 2216 3048 derent:
2245 2984 2530 3049 barbaros
2561 2986 2857 3050 efﬁciebat
2889 2989 3217 3067 theologos,
3244 2995 3304 3050 et
3323 2990 3623 3068 jumento-

223 3082 463 3144 καὶτοὺς
513 3101 647 3138 ποτε
702 3078 1113 3159 κτηνοτρόφους,
1170 3076 1457 3157 ἀνθρώπων
1515 3072 1879 3137 διδασκάλους.

1971 3090 2098 3134 rum
2128 3081 2395 3154 pastores
2450 3076 2711 3138 mutabat
2764 3077 2828 3138 in
2863 3078 3136 3140 doctores
3190 3077 3525 3157 hominum,
3558 3083 3620 3138 et

235 3170 323 3224 καὶ
348 3168 583 3233 πολλοὺς
636 3168 734 3245 μὲν
792 3164 1063 3237 ἀπήλλαξε
1120 3166 1300 3223 δεινῶν
1358 3164 1664 3241 δαιμονίων,
1694 3161 1881 3221 πλείο-

236 3280 326 3322 νας
393 3258 449 3315 δὲ
518 3262 701 3316 παθῶν
769 3256 1101 3337 ἀκαθάρτων,
1158 3256 1246 3311 καὶ
1304 3255 1574 3322 συνηθείας
1631 3253 1829 3310 ἀτόπου
1864 3272 1880 3289 ο

233 3354 414 3420 μεῖζον
483 3346 539 3403 δὲ
609 3352 704 3405 τοῦ
769 3345 1026 3426 προτέρου
1093 3345 1156 3401 τὸ
1213 3343 1473 3423 δεύτερον.
1530 3340 1712 3400 Πολλὰ
1768 3340 1884 3421 ἔχω

234 3443 326 3491 τοῦ
365 3436 540 3517 λέγειν
590 3437 710 3516 περὶ
766 3440 947 3515 αὐτοῦ,
1007 3431 1125 3490 ἀλλ’
1183 3437 1278 3493 οὒκ
1333 3431 1394 3505 ἐᾷ
1450 3452 1517 3507 με
1574 3432 1603 3488 ὁ
1661 3430 1877 3510 χρόνος,

240 3522 511 3603 ἐπείγομαι
569 3526 671 3605 γὰρ
725 3525 858 3604 πρὸς
908 3525 970 3579 τὸ
1023 3521 1199 3586 τέλος.
1256 3521 1403 3578 Μετὰ
1456 3521 1517 3575 τὸ
1572 3517 1882 3585 τελευτῆσαι

237 3614 322 3668 τὸν
346 3612 587 3691 ἀοίδιμον
645 3610 973 3692 Ἀλιγέρνον,
1030 3613 1120 3669 τὸν
1174 3609 1351 3674 καλῶς
1408 3610 1496 3665 καὶ
1552 3609 1707 3672 ὁσίως
1754 3628 1883 3663 ποι-

233 3702 467 3776 μείναντα
530 3703 633 3770 τὴν
703 3702 874 3779 μονὴν
940 3707 1033 3757 τοῦ
1100 3699 1249 3778 ἁγίου
1305 3695 1629 3778 Βενεδίκτου,
1689 3695 1884 3762 ἀδέστη

228 3788 312 3846 ἐπ’
340 3792 511 3859 αὐτὴν
542 3791 863 3870 ἡγούμενος,
922 3791 979 3854 ὃς
1026 3791 1120 3847 οὐκ
1176 3787 1291 3865 ᾔδει
1351 3790 1441 3845 τὸν
1471 3785 1612 3844 ὅσιον
1664 3783 1884 3865 Νεῖλον,

224 3879 378 3945 ὅστις
426 3881 521 3962 ἦν,
575 3879 788 3948 ἀληθῶς
848 3877 894 3936 δ’
922 3880 1122 3937 ςεὶπεϊν
1176 3875 1293 3934 οὐδὲ
1347 3879 1440 3934 τὸν
1499 3875 1629 3933 Θεόν
1662 3895 1675 3908 ’
1737 3873 1884 3951 ὅμως

220 3970 470 4049 γνωρίσει
542 3971 609 4027 τὰ
679 3971 799 4049 περὶ
889 3967 1047 4026 αὐτὸν
1133 3973 1312 4047 τοῦτο,
1396 3964 1525 4045 ὅπερ
1613 3965 1885 4040 συντόμως

252 4080 422 4209 ρωπεί
458 4142 864 4224 Παραϐαλόντος
919 4151 1015 4202 τοῦ
1071 4143 1351 4223 μακαρίου.
1386 4147 1482 4218 μιᾷ
1536 4145 1642 4198 τῶν
1670 4142 1884 4221 ἡμερῶν

220 4238 361 4316 πρὸς
390 4237 575 4317 αὒτὸν,
607 4234 794 4317 ἔτυχεν
848 4236 1006 4293 αὐτὸν
1063 4237 1234 4316 εὑρεῖν
1286 4234 1341 4291 ἐν
1397 4240 1474 4308 τῷ
1516 4232 1664 4291 κάτω
1713 4254 1884 4309 μονα-

1966 3162 2182 3224 multos
2209 3163 2450 3243 quidem
2498 3165 2574 3227 ad
2628 3165 2862 3227 infestis
2912 3164 3287 3228 daemonibus
3314 3164 3610 3243 liberavit,

1965 3249 2167 3331 plures
2189 3270 2328 3314 vero
2357 3251 2429 3314 ab
2460 3253 2713 3334 impuris
2742 3254 2927 3317 animi
2947 3255 3259 3317 affectibus
3280 3262 3340 3317 et
3361 3272 3616 3317 consue-

1966 3337 2172 3400 tudine
2199 3338 2471 3402 absona:
2534 3343 2728 3423 majus
2776 3361 2953 3424 porro
3009 3352 3100 3406 est
3159 3344 3272 3405 hoc
3320 3342 3619 3423 posterius

1965 3427 2172 3509 priori.
2203 3430 2630 3510 Multa‘jbabeo,
2664 3450 2796 3513 quae
2844 3431 3038 3494 dicam
3099 3431 3176 3494 de
3232 3432 3361 3511 illo,
3410 3448 3617 3493 verum

1965 3524 2200 3595 tempus
2233 3537 2353 3579 non
2385 3518 2695 3599 permittit,
2721 3520 3000 3601 quoniam
3024 3521 3096 3582 ad
3118 3521 3298 3582 ﬁnem
3335 3537 3619 3600 propero.

1964 3605 2256 3670 Defuncto
2277 3608 2671 3670 celeberrimo
2695 3609 3002 3688 Aligeruo,
3018 3609 3625 3689 quibenesancteque

1966 3694 2911 3761 administraveratmonasterium
2925 3701 2986 3762 S.
3005 3696 3338 3775 Benedicti,
3374 3714 3621 3760 succes-

1969 3782 2045 3844 sit
2071 3782 2133 3844 in
2179 3802 2250 3845 eo
2275 3784 2668 3864 hegumenus,
2702 3787 2805 3867 qui
2842 3785 3088 3849 beatum
3116 3785 3336 3861 Nilum,
3388 3785 3490 3867 qui
3535 3785 3624 3848 vir

1969 3880 2148 3953 esset,
2182 3872 2670 3955 ignorabat,{imo
2700 3893 2842 3937 vero
2899 3874 3019 3937 dici
3074 3882 3268 3956 potest
3321 3882 3382 3937 et
3430 3875 3621 3938 Deum

1968 3961 2187 4042 ipsum.
2247 3962 2497 4026 Planum
2556 3963 2617 4025 id
2670 3964 2773 4027 tiet
2826 3983 2935 4045 per
2987 3963 3122 4042 hoc,
3207 3961 3367 4046 quod
3419 3963 3625 4044 paucis

1970 4050 2251 4114 narrabo.

2049 4139 2149 4202 85.
2184 4142 2328 4205 Cum
2362 4140 2568 4204 beatus
2623 4142 2712 4205 vir
2762 4141 3065 4223 profectus
3113 4150 3275 4206 esset
3320 4143 3394 4206 ad
3425 4142 3622 4224 ipsum

1969 4227 2314 4309 aliquando,
2348 4230 2499 4293 forte
2524 4230 2693 4292 illum
2725 4230 2951 4293 invenit
2999 4232 3063 4293 in
3109 4230 3381 4294 inferiori
3411 4249 3624 4293 mona-

222 4326 456 4406 στηρίῳ,
487 4325 541 4382 ὲν
571 4328 618 4400 ᾧ
674 4324 878 4406 ἵδρυται
928 4326 1254 4405 πάντερπνος
1314 4324 1438 4387 ναὸς
1494 4329 1586 4379 τοῦ
1643 4321 1884 4402 ἁγιωτά-

1971 4318 2173 4395 sterio,
2208 4320 2313 4381 ubi
2360 4321 2734 4384 Sanctissimo
2790 4319 3088 4384 Germano
3149 4322 3274 4403 (7i)
3326 4322 3504 4384 situm
3538 4327 3629 4382 est

221 4439 321 4473 του
390 4422 687 4495 Γερμανοῦ,
741 4413 940 4472 ὑδάτων
1009 4413 1200 4485 πλήθει
1268 4414 1358 4470 καὶ
1424 4410 1609 4469 κάλλει
1662 4433 1884 4491 περιαν-

1971 4409 2278 4488 templum,
2351 4428 2634 4491 aquarum
2706 4409 3252 4473 circumﬂueniium
3319 4410 3490 4491 copia
3562 4417 3625 4470 et

221 4504 540 4581 τλούμενος.
603 4506 731 4583 Εὗρε
784 4501 838 4560 δὲ
882 4505 975 4560 τὸν
1032 4506 1187 4564 αὐτὸν
1246 4502 1542 4581 ἡγούμενον
1611 4501 1703 4556 σὺν
1768 4513 1884 4563 τοῖς

1971 4496 2305 4559 amoenitate
2335 4499 2827 4577 pulcherrimum.
2860 4497 3092 4561 Invenit
3118 4506 3321 4562 autem
3343 4496 3625 4560 eumdem

224 4595 462 4673 πρώτοις
517 4600 615 4649 τοῦ
685 4591 920 4671 μεγάλου
978 4593 1330 4673 μοναστηρίᾉου
1387 4588 1725 4665 λελουμένον,
1801 4593 1884 4648 καὶ

1971 4584 2391 4666 hegumeuum,
2441 4606 2576 4648 cum
2626 4586 2927 4667 primariis
2975 4586 3325 4649 monasterii
3384 4584 3628 4664 majoris

228 4671 283 4737 ὲν
353 4690 430 4757 τῷ
530 4681 819 4761 ἆριστηρίῳ
907 4679 1165 4743 ἐσθίοντα.
1226 4671 1353 4743 ίΩς
1426 4678 1512 4736 οὖν
1583 4676 1884 4757 περιέμενεν

1971 4672 2154 4735 lotum
2188 4683 2246 4736 et
2299 4676 2693 4757 prandentem
2746 4675 2811 4736 in
2868 4675 3189 4737 caenaculo.
3244 4677 3391 4739 Cum
3448 4673 3631 4752 igitur

226 4772 385 4827 αὐτὸν
434 4774 465 4827 6
520 4769 668 4834 ὅσιος
726 4769 780 4825 ἐν
835 4774 905 4846 τῇ
958 4768 1213 4841 ἐκκλησίᾳ
1255 4768 1388 4844 μετὰ
1443 4773 1549 4823 τῶν
1604 4768 1696 4823 σὺν
1737 4768 1884 4841 ,αὐτῷ

1971 4761 2062 4823 vir
2090 4771 2328 4826 sanctus
2356 4765 2523 4827 illum
2557 4772 2929 4845 exspectaret
2957 4763 3019 4824 in
3051 4763 3308 4825 ecclesia
3335 4780 3454 4825 una
3492 4780 3628 4824 cum

222 4858 492 4940 ἀδελφῶν,
565 4858 743 4916 ἀκούει
814 4856 895 4914 ὅτι
964 4857 1269 4937 κιθαριστὴς
1337 4854 1546 4922 εἰσῆλθε
1615 4855 1884 4935 κιθαρίζων

1973 4853 2155 4914 sociis
2183 4853 2487 4928 fratribus,
2517 4854 2681 4916 audit
2710 4853 3048 4934 ingressum
3080 4871 3212 4940 esse
3262 4850 3629 4915 citharistam

222 4949 283 5004 ἐν
341 4939 421 5023 τῷ
492 4948 801 5027 ἆριστηρίῳ,
876 4946 1006 5004 Τότε
1075 4949 1104 5003 6
1174 4944 1467 5024 μακαρίτης
1525 4943 1718 5009 Νεῖλος
1788 4942 1884 5023 ἔφη

1975 4941 2196 5004 ﬁdibus
2223 4950 2536 5027 canentem
2594 4947 2655 5004 in
2715 4943 3043 5006 cmnaculo.
3102 4939 3253 5004 Tum
3307 4940 3382 5003 ad
3436 4940 3631 5003 socios

222 5038 365 5115 πρδς
421 5037 546 5098 τοὺς
603 5034 852 5097 συνόντας
888 5052 902 5068 ⁸
980 5033 1262 5110 Μέμνησθέ
1327 5054 1428 5108 μου
1477 5039 1569 5088 τοῦ
1628 5032 1884 5110 ῥήματος,

1974 5031 2182 5094 beatus
2209 5026 2410 5095 Nilus:
2459 5032 2837 5109 Mementote,
2896 5030 3087 5113 inquit
3114 5031 3280 5094 verbi
3312 5030 3456 5105 mei,
3491 5030 3621 5092 fra-

226 5122 469 5207 ἇδελφοὶ,
500 5123 584 5182 ὅτι
610 5125 675 5182 αὖ
697 5120 935 5204 βραδύνει
989 5133 1082 5182 τοῦ
1130 5121 1302 5180 ἐλθεῖν
1357 5122 1457 5189 τὴν
1509 5120 1674 5201 ὀργὴν
1707 5124 1884 5200 Κυρίοά

1977 5129 2096 5184 tres
2121 5143 2136 5188 :
2169 5142 2290 5185 non
2322 5122 2486 5186 tarda
2508 5121 2573 5185 in
2592 5121 2700 5185 hos
2721 5122 2997 5186 homines
3026 5122 3226 5185 veniet
3247 5120 3336 5185 ira
3367 5116 3630 5183 Domini.

303 5286 362 5337 8¹
390 5281 596 5351 Matth.
627 5299 692 5362 v,
726 5282 824 5363 i3,
861 5281 962 5351 14,
1045 5281 1105 5334 82
1129 5283 1254 5345 Jac.
1286 5298 1374 5357 ιιι,
1407 5281 1537 5344 5-7.

1638 5442 1884 5507 Joannis
1912 5442 2041 5510 Clei
2068 5451 2248 5509 notae.

306 5567 431 5646 (Ἠ)
460 5566 789 5648 Templum
816 5562 881 5626 S.
902 5562 1199 5648 _Ferma_ni
1233 5562 1534 5648 sitnm_e_st
1562 5561 1625 5625 in
1647 5563 1892 5648 Oppido,
1979 5563 2178 5648 Gasini
2207 5567 2445 5643 Montis,
2480 5567 2540 5628 in
2576 5583 2784 5648 eoque
2798 5565 3222 5648 monasterium
3255 5572 3314 5628 et
3329 5570 3634 5648 templum

306 5586 431 5646 υι)
460 5586 608 5630 lem
656 5586 785 5630 tum
817 5586 881 5626 ο.
918 5586 1199 5628 rermam
1233 5586 1411 5625 suum
1445 5586 1534 5624 est
1562 5586 1625 5625 ιη
1647 5586 1892 5646 ορριαο,
1979 5586 2178 5629 uasmi
2207 5586 2445 5643 manus,
2480 5586 2540 5628 ll]
2576 5586 2769 5648 eoque
2798 5586 3222 5629 monasterium
3255 5586 3314 5628 et
3344 5586 3634 5647 templum

227 5648 385 5739 quod
415 5649 552 5739 olim
574 5586 680 5739 Ag.
748 5644 919 5707 Petri
974 5642 1353 5739 nominatum
1404 5643 1517 5739 fuit
1546 5650 1605 5739 et
1633 5661 1792 5739 nunc
1822 5644 1895 5706 ab
1981 5646 2160 5739 etiam
2185 5648 2366 5739 hodie
2395 5657 2691 5739 superest,
2717 5644 3295 5739 Yideyabillonium
3324 5646 3389 5710 in
3415 5647 3637 5709 Anna-

234 5722 435 5794 eodem
462 5726 527 5796 S°
561 5732 879 5798 Germano
920 5725 1275 5810 appellatur.
1319 5722 1490 5789 Jacet
1514 5723 1590 5787 ad
1626 5723 1892 5792 radicem
1979 5726 2140 5793 libus
2166 5729 2239 5792 ad
2271 5722 2514 5795 Annum
2549 5726 2774 5792 Christi
2800 5725 2944 5792 720.
