4182 6400
528 281 643 348 143

2030 273 2389 340 ΑΝΟΝΥΜΙ

3803 272 3918 337 144

523 411 780 494 Surgite,
839 409 1122 474 abeamus
1163 407 1328 472 hinc.
1361 408 1437 469 Et
1490 406 1604 469 hoc
1633 404 1817 486 dicto,
1869 401 2165 469 discessit.

2255 406 2340 466 ἐπὶ
2410 411 2527 474 τοὺς
2601 411 2902 489 ἀνθρώπως
2972 411 3211 475 τούτους.
3289 409 3606 492 Ἐγείρεσθε,
3696 410 3920 489 ἄγωμεν

523 501 805 565 Nondum
828 500 1066 581 elapsus
1096 504 1225 560 erat
1245 514 1438 559 annus
1461 502 1522 559 et
1540 496 1914 573 hegnmenus
1943 512 1976 555 a
2008 494 2178 574 prin-

522 590 655 672 cipe
684 591 986 665 detentus,
1046 595 1113 649 ut
1162 585 1592 667 conjurationis
1637 584 1837 647 socius
1867 582 2177 672 oculorum

523 671 833 742 orbatione
857 678 1137 740 multatus
1160 684 1249 739 est
1278 677 1439 757 (7‘2);
1470 672 1750 737 monachi
1778 673 1939 753 gravi
1970 671 2178 734 morbo

524 769 822 850 Oppressi,
854 787 1044 849 usque
1073 768 1146 830 ad
1177 772 1430 829 mortem
1460 762 1720 827 afllictati
1741 768 1899 839 sunt,
1936 761 2175 843 quidam

522 859 699 921 etiam
731 877 766 922 e
792 859 915 920 vita
960 864 1312 920 cesserunt:
1376 853 1685 918 citharista
1735 870 1875 914 vero
1906 850 2009 915 ille
2042 868 2177 912 cum

524 948 671 1011 isset
698 947 935 1009 furandi
965 966 1167 1024 causa,
1202 953 1408 1027 captus
1436 951 1525 1006 est
1573 951 1632 1004 et
1681 950 1811 1024 post
1838 940 2021 1002 multa
2048 947 2177 1001 tor--

526 1045 729 1100 menta
777 1037 1018 1099 tandem
1049 1036 1165 1117 ipsi
1221 1052 1456 1116 quoque
1503 1032 1661 1094 oculi
1693 1030 2181 1117 eﬂ‘ossisunt,et

525 1145 736 1189 omnes
759 1126 928 1208 juxta
956 1116 1121 1189 senis
1150 1124 1497 1189 vaticinium
1527 1120 1779 1186 calicem
1810 1119 1915 1182 irae
1942 1116 2182 1181 Domini

524 1215 830 1281 biberunt.
864 1215 1089 1281 Verum
1118 1215 1246 1278 haec
1275 1220 1503 1296 postea.

2262 500 2522 559 ἐντεῦθεν.
2620 502 2717 558 Καὶ
2807 508 2960 558 τοῦτο
3049 501 3208 557 εἰπὼν
3299 499 3665 580 ἀνεχώρησεν.
3757 497 3923 557 Οὔπω

2262 586 2440 657 διῆλθε
2472 589 2693 670 χρόνος,
2747 591 2834 647 καὶ
2891 592 2919 647 ὁ
2979 590 3074 667 μὲν
3130 589 3424 668 ἡγούμενος
3480 589 3758 669 κρατηθεὶς
3812 589 3922 644 ὑπὸ

2260 684 2353 734 τοῦ
2422 680 2706 759 πρίγκιπος
2775 676 2842 735 δι’
2915 678 3194 757 ἀνταρσίαν
3249 679 3369 743 τοὺς
3426 678 3724 758 ὀφθαλμοὺς
3782 675 3924 743 ἐξω-

2262 767 2457 847 ρύχθη,
2491 771 2538 824 οἱ
2594 766 2649 824 δὲ
2698 769 2930 849 μοναχοῖ
2987 766 3247 846 ἀρῤωστίᾳ
3294 766 3514 847 χαλεπῇ
3543 766 3924 847 περιπεσόντες

2260 853 2671 924 ὲϐασανίσθησαν
2729 857 2830 922 ἕως
2884 857 3128 937 θανάτου,
3193 857 3333 919 τινὲς
3392 855 3447 911 δὲ
3504 854 3555 921 ἐξ
3606 859 3777 914 αὐτῶν
3833 853 3929 910 καὶ

2260 944 2517 1002 ἀπέθανον
2550 964 2565 980 ³
2626 950 2654 1003 ὁ
2710 944 2764 1003 δὲ
2826 945 3132 1022 κιθαριστὴς
3186 944 3392 1009 ἐκεῖνος
3451 942 3693 1001 ἀπελθὼν
3754 944 3827 1006 είς
3860 942 3927 998 τὸ

2261 1032 2458 1109 κλέψαι
2489 1036 2577 1092 καὶ
2623 1036 2883 1108 πιασθεὶς,
2947 1035 3081 1110 μετά
3135 1033 3339 1098 πολλὰς
3390 1034 3485 1098 τὰς
3540 1034 3799 1110 βασάνους
3832 1031 3929 1087 καὶ

2263 1124 2420 1187 αὐτὸς
2459 1125 2581 1187 τοὺς
2636 1123 2936 1206 ὀφθαλμοὺς
2992 1123 3264 1204 ἐξωρύχθη
3295 1141 3312 1157 ⁶
3369 1124 3457 1180 καὶ
3513 1123 3708 1185 πάντες
3770 1120 3927 1177 ἔπιον

2264 1219 2364 1282 τῆς
2392 1223 2485 1273 τοῦ
2515 1221 2647 1271 Θεοῦ
2675 1216 2839 1294 ὀργῆς
2895 1215 2956 1269 τὸ
3012 1214 3267 1292 ποτήριον
3320 1212 3457 1269 κατά
3519 1212 3620 1280 τὴν
3670 1216 3763 1268 106
3818 1208 3925 1287 γέ·-

2264 1326 2446 1384 ροντος
2476 1302 2781 1384 πρόρρησιν,
2816 1300 2983 1360 Ἀλλά
3010 1307 3175 1359 ταῦτα
3205 1301 3301 1378 μὲν
3329 1300 3566 1375 ὕστερον,

2006 1423 2254 1493 CAPUT
2283 1424 2439 1489 ΧΙΙΙ.

517 1544 586 1609 S.
607 1541 787 1606 Nilus
807 1540 1127 1606 abbatiam
1157 1537 1570 1612 Vallis-Lucii,
1590 1543 1657 1599 ut
1682 1534 1881 1599 locum
1899 1533 2291 1614 sibiisuisque
2311 1531 2499 1594 nimis
2517 1528 2910 1605 commodum,
2938 1528 3227 1608 relinquit
3248 1529 3606 1609 migratque
3621 1525 3703 1589 ad
3721 1525 3925 1588 alium

599 1632 796 1712 magis
842 1630 1187 1694 solitarium
1237 1630 1307 1691 in
1352 1644 1508 1706 agro
1561 1626 1893 1703 Caietano;
1953 1624 2245 1703 feminas,
2302 1622 2487 1712 etiam
2515 1621 2842 1701 principes,
2873 1637 2994 1682 non
3022 1621 3146 1712 nisi
3169 1626 3412 1712 cgactus
3443 1620 3529 1680 ad
3557 1616 3926 1697 colloquium

601 1706 874 1784 admittit
903 1740 920 1797 ;
948 1719 1031 1779 ad
1053 1718 1362 1799 principes
1384 1721 1812 1796 magnamque
1840 1720 2079 1776 tantum
2117 1729 2232 1792 pro
2260 1710 2501 1773 miseris
2529 1715 2807 1785 acturus,
2868 1708 3124 1772 accedit.
3184 1706 3442 1771 Romam
3467 1710 3771 1789 profectus
3799 1721 3923 1785 pro

601 1808 840 1871 Joanne
867 1808 1163 1888 antipapa
1192 1805 1354 1887 apud
1386 1803 1741 1883 Pontiﬁcem
1773 1809 1829 1865 et
1857 1804 2291 1882 imperatorem
2321 1799 2698 1879 deprecatur.

608 1927 906 1990 Caeterum
924 1924 1134 1986 beatus
1154 1922 1322 1985 Nilus
1351 1926 1751 1983 commoratus
1787 1919 1848 1981 in
1881 1926 2171 1981 monaste-

2353 1909 2409 1977 t0
2443 1926 2613 1979 τοίνυν
2664 1921 2957 1999 μακαρίτης
3007 1919 3201 1984 Νεῖλος
3261 1920 3493 1990 ποιήσας
3551 1917 3606 1975 ἐν
3660 1923 3730 1995 τῇ
3777 1922 3925 1994 μονῇ

529 2019 646 2094 rio,
671 2013 994 2079 Vallelucii
1009 2012 1203 2087 titulo,
1229 2011 1302 2073 ad
1327 2008 1669 2091 quindecim
1698 2027 1912 2085 annos,
1951 2017 2171 2088 postea-

2266 2019 2358 2069 106
2426 2008 2716 2088 λεγομένου
2761 2007 3158 2088 ίΒαλλελουκίου
3226 2011 3345 2089 περὶ
3411 2010 3479 2065 τά
3545 2005 3927 2066 πεντεκαίδεκα

529 2124 709 2187 quam
742 2103 1026 2167 crevisset
1044 2119 1327 2163 numerus
1346 2099 1595 2160 fratrum
1619 2103 1678 2159 et
1703 2097 2040 2160 necessaria
2076 2116 2171 2159 su-

2266 2096 2385 2178 ἕτη,
2459 2101 2548 2156 καὶ
2613 2105 2717 2155 τῶν
2779 2096 3019 2178 ἀδελφῶν
3088 2098 3508 2172 πληθυνθέντων,
3567 2099 3653 2154 καὶ
3706 2098 3929 2153 πάντων

528 2186 1017 2275 perabundarent
1045 2199 1103 2253 et
1131 2188 1561 2252 monasterium
1610 2196 1768 2251 esset
1808 2186 2071 2268 amplum
2124 2193 2171 2251 et

2265 2193 2370 2245 τῶν
2426 2193 2526 2254 τῆς
2597 2188 2781 2267 χρείας
2852 2187 3379 2267 ὕπερεκχυνομένων,
3450 2189 3538 2243 καὶ
3592 2196 3687 2245 τοῦ
3741 2208 3920 2261 μονα-

530 2286 662 2365 ejus
692 2301 873 2365 opera
923 2280 1163 2344 celebre
1220 2280 1462 2360 factum,
1522 2296 1651 2341 cam
1708 2284 1887 2338 antea
1915 2276 2031 2339 tale
2062 2294 2171 2338 non

2266 2276 2481 2356 στηρίου
2553 2275 2988 2357 μεγαλυνθέντος,
3077 2278 3165 2333 καὶ
3253 2278 3545 2352 ὀνομαστοῦ
3632 2275 3927 2355 γενομένου

526 2362 748 2451 θεειεη
783 2370 1022 2436 videbat
1088 2370 1304 2433 fratres
1377 2366 1687 2430 remissius
1740 2366 1982 2427 ati‘ectos
2045 2383 2171 2444 erga

2266 2371 2336 2442 τῇ
2407 2366 2564 2425 αὺτοῦ
2633 2367 2897 2445 συνεργίᾳ,
2972 2366 3030 2422 οὗ
3119 2367 3370 2445 πρότερον
3437 2362 3586 2429 ὄντος
3655 2365 3922 2435 τοιούτου,
3978 2441 3989 2448 .

526 2462 792 2544 spiritale
822 2460 1223 2523 ministerium
1256 2466 1318 2521 et
1348 2465 1611 2521 exactam
1669 2454 1891 2534 regulae
1922 2453 2171 2544 discipli-

2268 2455 2406 2534 ἑώρα
2472 2456 2592 2518 τοὺς
2679 2453 2931 2536 ἀδελφοὺς
3017 2458 3076 2513 οὒ
3165 2455 3301 2512 πάνυ
3383 2456 3749 2536 φροντίζοντας
3819 2458 3926 2520 τῆς

525 2542 693 2633 nam,
719 2568 895 2632 quam
918 2550 993 2611 ab
1030 2549 1208 2611 initio
1237 2553 1645 2628 susceperant,
1676 2559 1734 2606 at
1763 2544 1879 2605 lata
1905 2542 2006 2604 via
2032 2561 2171 2633 gau-

2265 2550 2626 2619 πνευματικῆς
2714 2544 3062 2626 λειτουργίας,
3153 2546 3241 2601 καὶ
3327 2548 3426 2611 τῆς
3521 2553 3615 2601 τοῦ
3694 2542 3923 2605 κανόνος

526 2629 762 2717 dentes,
796 2646 1349 2718 concertantesque,
1383 2635 1486 2717 qui
1535 2651 1743 2696 eorum
1774 2639 1937 2694 esset
1966 2631 2171 2709 major.

2266 2631 2553 2713 ἀκριϐείας,
2587 2634 2641 2689 ἐν
2670 2638 2707 2711 ᾗ
2736 2634 3065 2690 ἐτετύπωντο
3119 2632 3375 2712 ἀρχῆθεν,
3436 2630 3572 2718 ἀλλά
3599 2637 3666 2708 τῇ
3694 2629 3926 2704 πλατείᾳ

525 2730 618 2793 Ad
666 2729 783 2791 hoc
845 2728 1023 2790 etiam
1053 2717 1309 2789 contulit
1340 2724 1462 2787 illis
1518 2720 1838 2784 memorati
1866 2721 2171 2799 hegumen;

2272 2720 2376 2795 ὁδῷ
2444 2720 2752 2798 ἡδομένους,
2824 2723 2911 2779 καὶ
2968 2718 3254 2801 ἀμφιϐολίᾳ
3310 2717 3787 2800 περιϐαλλομένους
3837 2720 3927 2784 τίς

528 2817 762 2899 levitas,
791 2817 1011 2897 quippe
1040 2818 1137 2896 qui
1171 2813 1524 2877 muneribus
1555 2810 2051 2899 oblectabaturget
2079 2825 2171 2870 ex-

2271 2812 2461 2883 μείζων
2497 2827 2510 2841 ·
2563 2813 2806 2890 συνήργει
2859 2809 2913 2866 δὲ
2969 2810 3155 2873 αὒτοϊς
3222 2811 3310 2866 καὶ
3380 2812 3415 2878 ἡ
3486 2810 3748 2891 κουφότης
3818 2820 3919 2869 τοῦ

531 2926 635 2970 osa
659 2897 895 2967 illierat
915 2905 1123 2985 pietas.
1148 2903 1287 2966 Haec
1310 2909 1623 2983 postquam
1649 2898 1949 2980 perspexit
1977 2897 2171 2961 beatus

2268 2899 2656 2981 μρολεχθέντος
2712 2899 3025 2980 ἡγουμένου,
3088 2899 3180 2955 ἅτε
3236 2898 3580 2978 δωρολήπτου
3637 2901 3726 2956 καὶ
3782 2922 3918 2976 μισ-

530 2997 643 3072 vir,
677 2995 874 3057 sciens
924 3012 1131 3054 rerum
1164 2992 1395 3073 copiam
1450 2989 1750 3070 plerisque
1780 3006 2021 3050 causam
2055 3005 2171 3049 esse

2268 2986 2518 3053 ευλαϐοὗς
2586 2990 2968 3069 τυγχάνοντος,
3062 2997 3233 3047 Ταῦτα
3318 2986 3440 3045 ἰδὼν
3523 2991 3551 3045 ὁ
3631 2990 3916 3068 μακάριος,

532 3082 941 3149 dissolutionis
963 3083 1273 3163 plenaeque
1293 3081 1355 3141 in
1377 3078 1597 3141 tuenda
1634 3078 1922 3157 religione
1951 3077 2171 3138 relaxa-

2265 3080 2354 3134 καὶ
2409 3078 2565 3158 γνούς
2618 3080 2692 3141 ὡς
2738 3080 2773 3146 ἡ
2830 3084 2935 3134 τῶν
2993 3076 3130 3133 ὑλῶν
3187 3078 3403 3155 ἀφθονία
3432 3079 3569 3134 αἰτία
3613 3079 3923 3135 καθίσταται

533 3174 736 3256 tionis,
771 3190 1024 3252 surgens
1071 3171 1213 3233 inde
1265 3168 1577 3243 abscessit,
1639 3166 2171 3265 pervagabaturque

2266 3174 2364 3236 τῆς
2432 3166 2640 3235 πολλῆς
2728 3165 2941 3232 ἀταξίας
3033 3168 3121 3223 καὶ
3192 3166 3483 3231 παντελοῦς
3553 3164 3919 3248 ἀνευλαϐείας,

535 3254 732 3325 locum
763 3279 1037 3343 quaerens
1065 3266 1373 3339 augustum
1406 3265 1464 3320 et
1495 3276 1629 3318 cum
1658 3257 1861 3318 labore
1891 3254 2171 3337 suppedi-

2265 3258 2493 3321 ἀναστὰς
2550 3257 2753 3336 ἀπῆρεν
2811 3256 3034 3332 ἐκεῖθεν,
3090 3257 3179 3312 καὶ
3228 3254 3481 3336 διήρχετο
3538 3263 3711 3328 ζητῶν
3751 3256 3923 3313 τόπον

534 3359 758 3414 tantem
790 3349 1129 3412 necessaria
1176 3348 1434 3430 corpori,
1486 3355 1553 3407 ut
1579 3346 1789 3409 saltem
1823 3346 2072 3426 penuria
2100 3344 2171 3405 vi-

2266 3346 2398 3404 ὅπου
2460 3345 2583 3426 εὕρῃ
2656 3346 2836 3403 στενὸν
2905 3346 2994 3402 καὶ
3059 3344 3213 3418 κόπῳ
3280 3352 3617 3425 χορηγοῦντα
3670 3344 3769 3412 τὴν
3825 3352 3927 3402 τοῦ

533 3448 665 3503 ctus
693 3449 974 3522 tanquam
1004 3439 1173 3499 freno
1202 3437 1276 3499 ad
1338 3437 1681 3499 monasticae
1732 3436 1867 3496 vita;
1922 3435 2171 3497 studium

2265 3438 2514 3512 σώματος
2545 3436 2752 3516 χρείαν,
2808 3432 2902 3490 ἵνα
2955 3434 3052 3491 κὰν
3108 3440 3177 3511 τῇ
3230 3432 3395 3507 ἐνδείᾳ
3450 3440 3556 3492 τῶν
3614 3434 3925 3512 ἀναγκαίων

529 3532 1033 3612 pertraherentur
1063 3527 1280 3589 idiotae.
1312 3525 1504 3599 Quare
1521 3524 1958 3588 confluentibus
1982 3523 2171 3586 multis

2263 3526 2442 3605 ὥσπερ
2497 3525 2707 3606 χαλινῷ
2771 3527 2817 3581 οἱ
2871 3523 3059 3612 πολλοὶ
3127 3526 3259 3604 πρὸς
3328 3527 3391 3581 τὸ
3463 3530 3564 3592 τῆς
3634 3524 3921 3593 ἀσκήσεως

535 3594 569 3680 e
598 3616 1163 3699 circumjacentibus
1192 3616 1445 3677 urbibus
1476 3623 1534 3677 et
1563 3612 1970 3688 invitantibus,
2003 3632 2171 3675 suas-

2264 3594 2474 3672 στάδιον
2502 3594 2843 3675 ἓλκυσόῶσιν.
2906 3594 3046 3671 Ὅθεν
3101 3594 3189 3671 καὶ
3243 3612 3455 3671 πολλῶν
3512 3613 3619 3669 ἀπὸ
3672 3619 3779 3669 τῶν
3807 3613 3919 3669 πέ-

534 3726 652 3789 que
680 3709 987 3769 facultates
1014 3705 1190 3767 beato
1217 3705 1343 3766 viro
1369 3704 1779 3779 offerentibus,
1827 3701 2171 3783 quibusdam

2262 3703 2339 3783 ριξ
2407 3702 2615 3760 πόλεων
2706 3703 3144 3783 προστρεχόντων
3235 3705 3323 3761 καὶ
3407 3700 3915 3782 προσκαλουμένων,

530 3814 673 3857 vero
706 3815 774 3858 ex
807 3794 1167 3856 exaediﬁcata
1198 3793 1555 3856 monasteria
1576 3791 1990 3871 largientibus,
2015 3810 2171 3872 pror-

2259 3795 2347 3849 καὶ
2403 3793 2498 3857 τὰς
2568 3793 2762 3854 οἰκείας
2828 3792 3140 3857 ὑποστάσεις
3204 3800 3281 3867 τῷ
3352 3793 3616 3871 μακαρίτῃ
3669 3812 3917 3871 προσφε-

533 3902 637 3947 sus
660 3884 862 3945 omnia
875 3882 1089 3963 rejecit
1114 3902 1130 3957 ;
1160 3900 1355 3963 neque
1383 3881 1543 3945 enim
1574 3879 1915 3945 inveniebat
1935 3880 2011 3950 in
2033 3881 2171 3963 illis,

2260 3884 2477 3961 ρόντων,
2551 3887 2708 3939 τινῶν
2778 3879 2832 3936 δὲ
2900 3883 2989 3938 καὶ
3056 3884 3383 3962 μοναστήρια
3438 3881 3918 3962 προητοιμασμένα

533 3972 693 4054 quod
722 3973 855 4054 ipse
900 3969 1226 4053 quaerebat,
1287 3971 1668 4045 solitudinem
1727 3979 1785 4035 et
1832 3971 2092 4052 quietem
2120 3978 2171 4033 et

2259 3970 2651 4053 χαριζομένων,
2719 3968 2948 4035 οὖδόλως
3018 3973 3175 4035 αὐτὸς
3243 3969 3551 4038 κατεδέξατο
3585 3990 3602 4007 ⁸
3684 3975 3744 4031 οὒ
3810 3972 3919 4051 γὰρ

1932 4130 2181 4196 Joannis
2209 4130 2332 4195 Clei
2362 4138 2537 4194 notae.

614 4252 743 4336 (72)
767 4250 1430 4336 'I_‘oto_c<elo_diﬂ‘erunt,
1489 4270 1621 4336 quae
1676 4252 1751 4314 de
1776 4252 1941 4314 hisce
1961 4257 2170 4336 narrat
2256 4250 2435 4313 fuerit
2461 4267 2661 4336 poena.
2712 4248 2797 4336 De
2854 4248 3083 4336 abbate
3122 4248 3713 4336 domestico_scribit
3753 4250 3903 4336 Leo,

529 4329 647 4395 Leo
678 4329 993 4405 Ostiensis,
1026 4332 1126 4413 qui
1152 4341 1389 4412 patratae
1416 4329 1479 4395 in
1507 4329 1871 4395 —Mansonem
1906 4331 2172 4411 Aligerni
2256 4340 2430 4413 atque
2459 4329 2542 4413 ita
2566 4330 2932 4413 loquitur_ad
2966 4331 3145 4413 tinem
3171 4332 3385 4412 capitis
3420 4332 3538 4413 16,,
3561 4339 3627 4393 ut
3654 4329 3913 4413 narratis

529 4431 937 4475 successorem
967 4410 1339 4493 crudelitatis
1382 4432 1620 4475 causam
1667 4414 1729 4493 in
1760 4410 2431 4493 Capuanorumeidem
2462 4410 2678 4493 faciat:
2747 4433 2788 4493 «_
2831 4410 2938 4493 En
2972 4411 3065 4473 his
3116 4410 3315 4474 autem
3372 4411 3632 4493 nuntiis,
3655 4428 3809 4493 quos
3838 4411 3908 4474 in

527 4492 808 4573 adversus
839 4493 1004 4554 illum
1037 4492 1111 4553 ob
1144 4502 1520 4573 recuperatas
1549 4494 1622 4555 ab
1680 4489 1894 4556 Ottone
1925 4510 2165 4573 possesj
2252 4498 2481 4573 tantum
2511 4490 2708 4573 scelus
2769 4489 3135 4573 (evellendos
3187 4492 3456 4573 Mansoni
3512 4489 3738 4573 oculos)
3778 4492 3910 4571 jam

528 4573 726 4652 siones
755 4572 1125 4652 nimiumque
1184 4571 1392 4636 fastum
1453 4573 1759 4649 invidiam,
1821 4582 1877 4635 et
1905 4571 2169 4635 Alberici

525 4650 853 4736 Marsorum
917 4650 1187 4736 episcopi
1257 4672 1364 4736 pro
1422 4654 1806 4736 adipiscenda
1829 4651 2172 4736 _Cas_inensi

526 4732 760 4796 abbatia
830 4733 1084 4814 nefarias
1124 4732 1766 4814 intolitiones—rejicit.
1826 4733 2174 4795 Dubitanter

525 4821 827 4894 utcunque
872 4812 1181 4894 biographi
1211 4816 1404 4877 nostri
1451 4812 1628 4876 'dicta‘
1672 4821 1730 4875 et
1786 4823 1851 4875 ut
1896 4822 2170 4892 suSpecta

526 4892 758 4973 excepit
786 4892 1162 4955 Mabillonius
1191 4895 1480 4956 Actorum
1530 4902 1879 4957 sanctorum
1932 4894 2169 4955 ordinis

526 4973 1169 5056 §,_B§nedicfi_szeculo
1188 4991 1254 5056 _v,
1282 4982 1443 5056 parte
1473 4975 1523 5051 1,
1542 4994 1675 5056 pag.
1701 4974 1841 5049 651,
1863 4992 2171 5056 opponens

461 5101 468 5107 .
524 5052 877 5137 illis_Leonis
892 5052 1203 5137 Marsicani
1224 5052 1651 5137 testimonium,
1677 5075 1746 5116 ex
1761 5074 1875 5136 quo
1903 5052 2167 5137 demum,

523 5132 830 5227 neglectis,
904 5152 1035 5227 qum
1102 5135 1201 5196 hic
1223 5134 1575 5227 “leguntur,
1638 5132 1797 5198 rem—
1832 5145 2046 5227 narrat

521 5212 854 5276 Annalibus
881 5212 955 5275 ad
976 5232 1197 5275 annum
1216 5212 1437 5277 Christi
1457 5217 1576 5279 996
1598 5235 1765 5278 num.
1790 5216 1888 5277 32.
1915 5214 2168 5277 Difﬁcile

523 5291 971 5375 esset,_0ausam
1002 5294 1391 5375 biographum
1422 5305 1687 5358 nostrum
1742 5296 1899 5357 inter
1930 5304 1987 5359 et
2013 5294 2167 5356 Leo-

522 5390 674 5458 nem_
693 5372 998 5455 decidere,
1027 5384 1087 5458 at
1112 5372 1227 5454 ego
1285 5377 1372 5436 sic
1425 5377 1632 5458 hujus”
1660 5383 1893 5458 asserto
1920 5393 2169 5458 nonas-

522 5453 768 5534 sentiar,
822 5460 892 5534 ut
943 5453 1178 5534 nullius
1214 5453 1520 5521 momenti
1555 5457 1714 5519 illius
1764 5454 2169 5519 testimonium

523 5531 788 5595 credam.
827 5531 988 5596 Vixit
1011 5533 1372 5617 biographus
1402 5548 1602 5601 noster
1631 5558 1700 5601 eo
1725 5546 2016 5617 tempore,
2046 5555 2169 5617 quo

522 5620 761 5697 peracta
790 5622 950 5697 sunt,
984 5622 1043 5676 et
1075 5615 1476 5697 veris’imiliter
1526 5617 1588 5682 S.
1641 5617 1773 5681 Nilo
1809 5615 1929 5679 tum
1956 5615 2164 5697 adfuit,

521 5710 637 5779 nec
666 5694 797 5773 ejus
815 5694 1121 5779 intererat,
1155 5695 1458 5763 inﬂictane
1482 5700 1776 5779 Mansoni,
1811 5716 1993 5779 quam
2022 5694 2166 5778 prae;

520 5772 752 5836 dixerat
774 5783 1014 5862 sanctus
1039 5778 1236 5862 Pater,
1255 5797 1363 5860 per
1382 5779 1694 5862 Capuanos
1709 5772 1774 5841 et
1792 5772 2163 5862 A'lbericum,

518 5870 598 5915 an
629 5872 741 5936 pea
768 5855 1130 5939 principem,
1161 5855 1482 5939 illa—mque;
1499 5860 1592 5923 vel
1621 5858 1797 5922 aliam
1826 5858 1902 5923 ob
1931 5855 2166 5924 causam

2251 4571 2444 4634 dictus
2476 4570 3049 4655 pseudo-episcopus
3081 4572 3439 4655 (Albericus)
3483 4570 3908 4655 destinaverat,

2252 4651 2795 4735 unum,;Andream
2828 4651 3099 4735 nomine,
3128 4651 3563 4735 presbyterum,
3585 4669 3716 4735 ego
3745 4652 3906 4733 ipse,

2256 4752 2388 4794 cum
2419 4731 2613 4813 adhuc
2635 4749 2829 4792 essem
2856 4731 3165 4813 puerulus,
3206 4731 3459 4796 vix'sese
3488 4733 3550 4794 in
3585 4731 3736 4795 leCto
3769 4731 3905 4794 ino-

2250 4831 2385 4874 vere
2416 4812 2709 4895 valentem
2740 4812 2941 4895 recolo
3000 4833 3097 4876 me
3147 4813 3387 4891 vidisse,
3424 4815 3894 4895 quiultracen-

2253 4893 2535 4954 tenariam
2563 4892 2687 4972 jam
2717 4893 2919 4954 vivens
2946 4902 3176 4956 aetatem
3223 4895 3348 4957 haec
3394 4892 3595 4956 omnia
3624 4892 3898 4972 seriatim

2252 4973 2537 5034 avunculo
2570 4971 2988 5053 meo,Asancta3
3043 4976 3350 5037 momorize
3397 4973 3612 5038 Joanni
3668 4971 3899 5035 Sorano

2254 5053 2556 5135 episc0po,
2590 5050 2866 5135 quotiens
2920 5055 3416 5135 interrogabatur,
3453 5073 3587 5135 cum
3617 5054 3899 5135 lacrymis

2249 5132 2858 5215 conﬁterisolebatme
2870 5132 3836 5215 quisforte'existimetfabulosum.
3863 5159 3897 5190 ιο

2252 5213 2610 5295 υῑιὶηιειίὶιωο
2630 5213 2771 5275 satis
2790 5213 3399 5295 inisinuant,sensisse
3423 5218 3710 5289 Leonem,
3738 5215 3904 5295 quod

2250 5312 2401 5377 nova
2431 5294 2784 5377 diversaque
2813 5294 2885 5377 ab
2944 5297 3041 5371 iis,
3100 5316 3233 5377 quae
3288 5305 3414 5359 tum
3476 5294 3899 5377 narrabantur,

2251 5373 2561 5458 scriberet.
2585 5373 3022 5458 _Auctoritatem
3053 5373 3227 5458 po'rro
3259 5377 3514 5458 accersit
3541 5394 3576 5437 a
3602 5374 3898 5458 relatione

2254 5454 2511 5551 hominis
2536 5453 2855 5551 plusquam
2905 5453 3257 5536 centenarii,
3317 5457 3537 5551 quique
3571 5474 3713 5551 ‘non
3770 5454 3902 5517 haec

2252 5533 2403 5626 sibi,
2449 5533 2555 5596 sed
2611 5533 2894 5626 avunculo
2952 5556 3082 5613 suo,
3143 5533 3711 5626 cum.ipse_adhuc
3741 5552 3899 5626 puer

2250 5623 2430 5700 esset,
2466 5616 2793 5700 narraverit
2822 5635 2838 5693 ;
2890 5637 3026 5700 quae
3076 5636 3150 5681 an
3182 5615 3415 5700 penitus
3445 5615 3758 5700 biographi
3785 5634 3904 5678 au-

2248 5695 2581 5775 ctoritatem
2608 5695 2843 5759 elevare
2872 5695 3148 5775 debeant,
3180 5695 3420 5763 videant
3447 5695 3571 5761 alii.
3602 5698 3896 5759 Caeterum

2249 5775 2325 5838 de
2354 5774 2453 5862 iis,
2484 5774 2621 5862 bna;
2643 5776 2898 5862 spondet
2926 5774 3308 5862 biographus,
3362 5786 3569 5862 postea
3594 5775 3902 5839 dicturum

2250 5873 2337 5937 se,
2370 5855 2524 5919 nihil
2551 5855 2811 5922 inve—nio.
