4182 6384
262 385 376 450 145

1498 381 1685 447 VITA
1726 382 1788 445 S.
1831 379 1999 446 NILI
2038 378 2415 442 JUNIORIS.

3540 378 3655 443 146

265 520 492 599 εἷρισκεν
542 520 599 575 ἐν
655 523 847 583 αὐτοῖς
905 522 935 576 ὃ
990 518 1250 593 ἐπεζήτει,
1325 519 1569 599 ἐρημίαν,
1629 517 1718 573 καὶ
1771 516 1907 584 ἠσυ-

2009 509 2394 574 ςθοεεείοηθη]
2428 528 2462 572 a
2490 509 2830 591 frequentia
2858 510 3194 575 hominum.
3228 512 3440 576 Aiebat
3462 514 3649 589 enim,

266 612 414 691 χίαν,
471 610 562 665 καὶ
616 614 723 665 τῶν
779 606 1000 665 πολλῶν
1054 608 1319 669 ἀποικίαν,
1413 605 1579 685 Ελεγε
1647 606 1768 685 γὰρ,
1841 604 1921 662 ὅτι

265 700 327 756 οὗ
352 697 604 778 συμφέρει
633 710 751 762 τοῖς
782 697 840 753 ἐν
896 704 967 776 τῇ
1020 704 1174 777 γενεᾷ
1227 698 1393 774 ταύτῃ
1451 708 1717 777 μοναχοῖς
1747 691 1921 758 ἄνεσις

264 788 354 844 καὶ
408 786 734 865 ἆιρροντησία
766 802 783 817 ⁹
846 790 908 845 οὐ
961 786 1061 866 γάρ
1117 784 1256 842 ἐστιν
1310 787 1347 853 ἡ
1404 784 1583 865 σχολὴ
1639 783 1811 840 αὐτῶν
1868 783 1921 839 ἐν

260 881 546 954 προσευχῇ
569 876 658 930 καὶ
684 876 875 955 θεωρίᾳ
936 878 1025 932 καὶ
1081 881 1148 952 τῇ
1199 880 1306 930 τῶν
1366 879 1585 955 Γραιρῶν
1615 869 1919 946 ἀναπτύξει,

256 962 384 1019 ἀλλ’
441 963 497 1019 ἐν
556 962 910 1042 ματαιολογίᾳ
964 965 1051 1021 καὶ
1107 962 1497 1039 κακενθυμησίᾳ
1551 962 1640 1018 καὶ
1694 966 1762 1037 τῇ
1816 968 1921 1018 τῶν

260 1054 508 1129 ματαίων
595 1054 887 1132 περιεργίᾳ.
985 1052 1177 1133 Διόπερ
1266 1054 1584 1132 εὒρίσκονται
1681 1053 1771 1106 τὸν
1868 1049 1921 1108 ἐν

265 1143 424 1217 κόπῳ
491 1143 857 1221 περισπασμὸν
943 1142 1248 1221 ἀποτροπὴν
1330 1147 1576 1221 πονηρῶν
1647 1139 1919 1218 λογισμῶν

268 1234 360 1287 κεί
388 1229 602 1288 πολλῶν
629 1233 811 1288 κακῶν
842 1246 859 1262 ⁸
919 1230 1271 1311 προτιμητέον
1332 1252 1390 1286 τε
1436 1232 1522 1310 τὸ,
1562 1252 1590 1285 ι(
1625 1227 1712 1287 Ἐν
1745 1226 1921 1308 ἱδρῶτι

267 1330 363 1379 τοῦ
390 1320 677 1400 προσώπου
721 1320 905 1377 ἐσθίειν
954 1322 1043 1377 τὸν
1102 1320 1277 1401 ἄρτον,
1344 1342 1371 1374 ›)
1433 1318 1583 1378 Οὕτω
1608 1320 1697 1375 καὶ
1725 1319 1759 1386 ἡ
1788 1318 1919 1374 ἀπο-

261 1407 493 1477 στολικὴ
592 1409 782 1478 ἐντολὴ
866 1408 1297 1488 πληρώθήσεται,
1387 1410 1475 1466 καὶ
1566 1410 1614 1466 οἱ
1709 1407 1921 1470 πυκνῶς

258 1498 664 1578 παρερχόμενοι
692 1498 1004 1578 συμμέτρως
1052 1498 1437 1575 ἀναπαυόμενοι
1485 1496 1754 1578 στεφάνων
1784 1497 1919 1572 ἡμῖν

259 1586 440 1666 αἴτιοι,
466 1587 622 1652 ἀξίως
651 1589 989 1666 γενήσονται.

345 1663 461 1746 πζί
496 1677 703 1744 Ταύτης
757 1681 858 1744 τῆς
909 1675 1164 1741 συνέσεως
1222 1682 1318 1734 τοῦ
1374 1674 1572 1734 δικαίου
1609 1673 1764 1738 ’τινες
1812 1679 1918 1731 τῶν

2006 602 2196 662 aetatis
2224 600 2472 679 hujusce
2528 600 2841 662 monachis
2897 620 3018 664 non
3075 621 3207 665 esse
3234 602 3443 666 utilem
3468 603 3653 666 animi

2004 689 2421 751 remissionem
2454 697 2511 751 et
2537 689 2893 766 socordiam,
2954 709 3164 753 vacare
3209 692 3369 754 enim
3399 710 3502 755 eos
3532 711 3652 754 non

2005 777 2280 853 orationi,
2315 778 2795 858 contemplationi
2823 787 2881 841 et
2911 778 3348 861 Scripturarum
3371 781 3654 862 explana-

2006 867 2176 942 tioni,
2211 866 2317 928 sed
2348 866 2686 947 vaniloquio
2737 868 3052 949 pravisque
3108 869 3564 949 cogitationibus
3595 878 3654 933 et

2005 956 2079 1018 ad
2108 974 2206 1018 res
2235 956 2444 1019 inanes
2474 956 2823 1021 curiositati.
2881 956 3268 1040 Quapropter
3292 959 3513 1021 laboris
3542 980 3613 1023 oc
3634 996 3655 1004 —

2004 1045 2380 1126 cupationem
2439 1063 2572 1107 esse
2645 1045 2763 1107 illis
2836 1066 3153 1127 pravarum
3225 1048 3649 1127 cogitationum

2004 1134 2449 1215 multorumque
2523 1134 2813 1197 malorum
2886 1135 3360 1216 devitationem;
3426 1139 3651 1201 idcirco

2002 1223 2481 1304 amplectendum
2513 1242 2643 1286 esse
2674 1224 2843 1299 illud,
2884 1246 2907 1281 (ι
2970 1224 3037 1287 In
3092 1226 3313 1289 sudore
3343 1228 3536 1291 vultus
3569 1230 3651 1292 tui

2003 1313 2264 1375 vesceris
2295 1331 2445 1393 pane
2474 1313 2558 1377 83.
2592 1333 2622 1374 ›
2660 1315 2747 1377 lta
2796 1332 2938 1376 vero
2983 1314 3224 1396 impleri
3253 1319 3649 1398 apostolicum

2005 1409 2388 1483 praeceptum,
2424 1410 2482 1464 et
2503 1421 2625 1479 eos,
2661 1402 2764 1483 qui
2792 1402 3002 1465 crebro
3036 1422 3143 1484 per
3171 1424 3279 1467 nos
3309 1413 3648 1482 transeunt,

2004 1491 2240 1553 modica
2261 1494 2459 1572 quiete
2482 1494 2773 1568 fruentes,
2801 1510 3158 1556 coronarum
3178 1494 3355 1559 nobis
3378 1505 3652 1562 auctores

2003 1581 2216 1642 merito
2248 1581 2401 1646 fieri.

2082 1672 2185 1733 87.
2208 1669 2375 1732 Hanc
2405 1670 2514 1732 viri
2527 1670 2675 1750 justi
2706 1671 3082 1752 prudentiam
3111 1671 3326 1736 fratres
3356 1695 3477 1739 non
3508 1696 3652 1759 per-

598 1764 861 1842 μηδαμῶς
949 1767 1331 1848 αἰσθηνθέντες,
1430 1763 1727 1823 τούναντίον
1820 1763 1917 1838 μὲν

2009 1760 2313 1842 cipientes,
2348 1760 2468 1821 imo
2502 1761 2616 1821 late
2640 1767 2941 1842 patentem
2959 1761 3111 1824 viam
3142 1770 3404 1842 augustae
3432 1767 3650 1847 prmfe-

266 1854 360 1908 ὠν
429 1854 530 1921 τὴν
601 1856 898 1936 εὐρύχωρον
967 1855 1083 1913 ὁδὸν
1151 1862 1251 1924 τῆς
1311 1859 1497 1922 στενῆς
1555 1858 1915 1934 προτιμῶντες

2009 1856 2226 1931 rentes,
2261 1850 2649 1930 perstiterunt
2678 1849 2740 1912 in
2788 1850 2948 1913 dicto
3006 1851 3388 1929 monasterio,
3422 1855 3652 1936 alligati

273 1940 621 2018 ἐναπέμειναν
688 1951 765 2019 τῷ
833 1944 1178 2026 προλεχθέντι
1247 1945 1604 2024 μοναστηρίῳ,
1689 1939 1919 2022 προσδε-

2009 1938 2332 2002 commodis
2361 1938 2479 2001 loci
2510 1947 2568 2001 et
2601 1939 2792 2002 sancti
2846 1939 3038 2001 Patris
3089 1941 3461 2004 severitatem
3494 1964 3654 2024 aegre

274 2029 449 2095 θέντες
502 2038 569 2109 τῇ
637 2043 732 2093 τοῦ
796 2034 964 2093 τόπου
1011 2033 1369 2108 διαναπαύσει,
1431 2035 1519 2091 καὶ
1576 2031 1919 2112 ἀχθεσθέντες

2009 2028 2284 2091 ferentes.
2317 2032 2446 2093 Nec
2474 2036 2673 2090 tamen
2696 2027 2811 2091 frui
2836 2029 3036 2109 quiete
3080 2040 3398 2110 potuerunt
3424 2036 3654 2099 cunctis

277 2125 346 2195 τῇ
416 2122 758 2201 στρυφνότητι
827 2132 921 2182 τοῦ
987 2123 1157 2201 ἁγίου.
1220 2123 1291 2181 Οὔ
1349 2121 1526 2198 μέντοι
1582 2123 1729 2201 εὖρον
1784 2119 1919 2179 ἀνά-

2009 2117 2239 2194 diebus,
2275 2117 2488 2198 quibus
2536 2118 2684 2180 illud
2729 2117 3163 2201 inhabitarunt,
3212 2139 3325 2183 nec
3353 2121 3542 2185 defuit
3569 2125 3656 2188 ibi

272 2230 462 2265 παυσιν
517 2210 692 2274 πάσας
748 2213 844 2276 τάς
893 2211 1095 2292 ἡμέρας
1148 2216 1248 2278 τῆς
1305 2212 1480 2269 ἐκεῖσε
1536 2210 1707 2266 αὐτῶν
1755 2208 1920 2278 ἀσκή-

2009 2206 2366 2269 inordinatio
2397 2214 2456 2268 et
2484 2207 2776 2283 confusio,
2826 2226 3011 2288 angor
3066 2218 3127 2271 et
3155 2208 3424 2288 futilitas,
3461 2212 3653 2277 donec

263 2318 401 2361 σεως
435 2314 450 2327 ’
513 2296 631 2355 οὔτε
681 2296 942 2377 διέλειψεν
998 2300 1178 2365 αὐτοῖς
1234 2300 1524 2358 ἀκαστασία
1580 2300 1669 2356 καὶ
1716 2295 1919 2377 ἀταξία,

2009 2296 2243 2357 tandem
2280 2295 2522 2357 omnino
2556 2296 2731 2376 ejecli
2762 2297 3102 2378 extrusique
3130 2306 3290 2360 sunt.
3339 2303 3420 2363 At
3447 2301 3654 2365 beatus

258 2384 442 2461 θλίψις
490 2408 546 2443 τε
593 2390 682 2445 καὶ
737 2388 1062 2470 λογολεσχία
1094 2408 1110 2423 ·
1174 2388 1327 2453 τέλος
1387 2388 1441 2445 δὲ
1498 2390 1586 2445 καὶ
1641 2384 1917 2449 παντελῶς

2009 2386 2182 2447 Pater
2209 2403 2343 2446 cum
2372 2384 2681 2458 fratribus,
2737 2404 2886 2466 quos
2940 2386 3229 2449 habuerat
3284 2389 3556 2465 comites,
3593 2398 3653 2453 et

258 2472 597 2543 ἐξεώσθησαν
650 2479 739 2534 καὶ
804 2477 1175 2547 ἀπηλάθησαν,
1245 2470 1303 2538 Ὀ
1361 2476 1416 2534 δὲ
1469 2476 1725 2557 μακάριος
1785 2474 1920 2549 μετὰ

2009 2493 2134 2538 cum
2169 2475 2595 2538 celeberrrimo
2628 2474 2923 2557 Stephano
2955 2477 3017 2538 in
3039 2478 3256 2558 Cajetze
3277 2479 3496 2542 ﬁnibus
3514 2500 3648 2543 cum

258 2570 369 2619 τῶν
445 2562 800 2622 συνελθόντων
868 2566 1012 2642 αὗτῷ
1066 2566 1327 2647 ἀδελφῶν,
1385 2568 1473 2623 καὶ
1525 2574 1622 2624 τοῦ
1676 2561 1914 2638 ἀοιδίμου

2009 2565 2307 2646 parvulum
2337 2565 2658 2647 reperisset
2687 2565 2906 2647 locum,
2960 2566 3081 2629 imo
3136 2573 3200 2627 ut
3255 2586 3394 2630 vere
3424 2570 3643 2653 dicam,

260 2649 541 2730 Στεφάνου
569 2652 731 2731 εὑρὼν
761 2652 814 2711 ἐν
842 2665 963 2717 τοῖς
1015 2659 1115 2722 τῆς
1172 2657 1368 2719 Γαίτας
1429 2653 1608 2733 μέρεσι
1636 2652 1912 2731 τοπάριον,

2009 2654 2305 2718 desertum
2336 2654 2601 2717 siccitate
2627 2672 2954 2730 secessum,
2990 2656 3259 2736 placente
3288 2658 3557 2738 angustia
3587 2649 3648 2723 et

258 2737 481 2804 ἀληθῶς
549 2737 596 2795 δ’
666 2743 835 2799 εἰπεῖν
904 2745 1222 2825 σπανίθριον,
1279 2746 1367 2801 καὶ
1420 2743 1650 2823 ἀρεσθεὶς
1710 2741 1795 2797 ἐπὶ
1848 2746 1919 2817 τῇ

2009 2743 2274 2830 ariditate
2333 2746 2483 2824 ejus,
2543 2744 2709 2806 illum
2766 2743 3038 2821 incoluit,
3083 2745 3254 2807 initio
3312 2737 3555 2828 quidem
3586 2750 3651 2811 in

259 2826 422 2915 ᾠτώ
491 2831 765 2897 στενότητι
834 2833 924 2888 καὶ
991 2830 1239 2913 ξηρότητι
1307 2832 1618 2907 κατῴκησεν
1674 2830 1813 2909 ἐκεῖ,
1868 2828 1920 2884 ἒν

2009 2826 2215 2914 magna
2245 2834 2432 2896 victus
2461 2833 2683 2914 inopia,
2734 2833 2841 2896 sed
2893 2853 3013 2895 non
3074 2835 3257 2896 multo
3292 2826 3422 2915 post
3450 2837 3652 2900 fratri-

261 2913 434 2990 ἕνδείᾳ
462 2919 552 2974 καὶ
608 2916 779 2994 λείψει
833 2928 939 2978 τῶν
997 2929 1311 2998 σωματικῶν
1346 2934 1365 2953 ⁸
1422 2918 1536 2997 μετ’
1594 2923 1653 2978 οὔ
1707 2916 1842 2975 πολὺ
1866 2916 1920 2973 δὲ

2009 2913 2137 2997 bus,
2171 2923 2401 2984 cunctis
2429 2913 2580 2984 sane
2630 2921 2738 2985 Dei
2797 2922 3155 3005 amantibus,
3213 2913 3369 2987 haud
3419 2928 3651 3007 paucis,

262 3003 526 3062 πλειόνων
555 3005 793 3088 ἀδελφῶν
847 3011 936 3067 καὶ
991 3011 1201 3067 πάντων
1258 3009 1514 3091 θεοφιλῶν
1568 3007 1920 3066 συνελθόντων

2009 3011 2518 3086 convenientibus,
2586 3009 2909 3074 subsecuta
2966 3018 3056 3073 est
3123 3003 3326 3074 rerum
3383 3003 3652 3077 omnium

267 3093 475 3151 ἅπαντα
547 3095 602 3152 ἐν
673 3099 884 3171 εὖθηνίᾳ
952 3099 1203 3175 κατέστη,
1276 3099 1660 3178 ἆπερίσπαστός
1728 3120 1786 3154 τε
1855 3097 1920 3165 ἧν

2009 3100 2325 3164 afﬂuentia.
2361 3100 2564 3182 Itaque
2612 3101 2890 3163 assiduus
2932 3109 3064 3163 erat
3093 3100 3283 3178 labor,
3308 3102 3471 3182 jugis
3500 3105 3654 3185 psal-

272 3182 506 3265 ἐργασία,
601 3188 690 3243 καὶ
760 3185 1093 3254 ἀδιάλειπτος
1173 3187 1487 3268 ψαλμῳδία,
1559 3185 1919 3267 ψαλμολογίαι

2009 3189 2223 3267 modia,
2249 3189 2479 3252 crebra:
2498 3190 2882 3253 recitationes
2905 3190 3277 3271 psalmorum
3299 3199 3357 3253 et
3373 3182 3653 3274 frequens

272 3275 482 3353 συχναὶ,
536 3277 627 3331 καὶ
677 3276 995 3355 γονυκλίσίαι
1051 3280 1262 3353 πυκναὶ,
1322 3278 1600 3359 ἐγκράτεια
1656 3278 1919 3357 ἑκούσιος,

2009 3280 2361 3361 genuﬂexio,
2395 3278 2753 3341 abstinentia
2803 3286 3134 3358 spontanea
3187 3289 3247 3342 et
3301 3300 3420 3343 non
3452 3290 3657 3345 coacta

270 3362 357 3415 καὶ
422 3363 636 3430 ὑπακοὴ
709 3360 955 3429 ἀϐίαστος
988 3381 1002 3395 ⁸
1077 3368 1163 3423 καὶ
1231 3365 1417 3424 λοιπὸν
1471 3365 1681 3424 ἅπαντα
1735 3364 1920 3434 ἤνθουν

2009 3360 2368 3433 obedientia.
2402 3370 2478 3431 Et
2507 3387 2650 3431 sane
2675 3369 2800 3449 jam
2824 3368 3117 3430 ﬂorebant
3141 3388 3351 3432 omnes
3372 3370 3652 3432 fructum-

273 3450 357 3504 καὶ
382 3447 773 3532 ἐκαρποφόρουν
821 3459 889 3530 τῇ
943 3453 1090 3534 ἀρδίᾳ
1143 3461 1249 3513 τῶν
1307 3453 1482 3534 λόγων
1536 3457 1627 3512 καὶ
1672 3455 1924 3529 ἀπαύστῳ

274 3534 573 3612 διδασκαλίᾳ
600 3548 696 3597 τοῦ
745 3544 995 3624 θεοφόρου
1049 3546 1250 3626 [ἰατρὸς
1290 3546 1444 3620 ἡμῶν
1502 3543 1709 3604 Νείλου.
1770 3541 1920 3600 Ἀλλ’

273 3626 375 3686 οὐδ’
403 3629 560 3693 αὒτὸς
593 3632 621 3687 ὁ
652 3631 922 3702 ἀήττητος
981 3634 1033 3690 ἐν
1091 3634 1290 3714 ἀγῶσιν
1345 3633 1612 3692 ἀπέκοπτε
1636 3639 1735 3702 τῆς
1763 3635 1923 3704 συνή-

266 3720 381 3805 Θους
437 3723 599 3778 αὐτοῦ
653 3721 982 3805 ἐγκρατείας,
1041 3726 1130 3781 καὶ
1199 3723 1386 3782 ἐνθέων
1442 3723 1863 3803 κατορθωμάτων
1898 3741 1915 3758 ⁶

262 3804 380 3863 ἀλλ’
410 3806 537 3865 ὅσον
569 3817 647 3884 τῷ
694 3812 902 3887 σώματι
962 3804 1127 3893 ἐγήρα
1184 3815 1272 3870 καὶ
1326 3811 1611 3891 ἐξησθὲνει,
1670 3821 1918 3870 τοσοῦτον

258 3903 338 3970 τῷ
406 3898 670 3974 πνεύματι
744 3900 994 3958 anteme
1077 3905 1165 3960 καὶ
1249 3900 1586 3979 ὲδυναμοῦτο.
1658 3900 1919 3961 Οὐδέποτε

258 3986 327 4053 ἦν
360 3986 506 4061 αὐτῷ
552 3987 849 4068 παραλύσαι
907 3992 1173 4071 νηστείαν,
1231 3994 1296 4060 ἢν
1353 3992 1654 4070 γεύσασθαι,
1707 3990 1744 4058 ἢ
1772 4004 1918 4047 πιεῖν

260 4083 437 4154 καιρῷ
492 4078 570 4153 μὴ
626 4081 1006 4156 νενομισμένῷ,
1069 4083 1142 4146 ὡς
1195 4080 1310 4145 ἔθος
1360 4087 1467 4137 τῶν
1516 4080 1915 4160 γηρασκόντων.

262 4162 396 4223 Οὗδέ
452 4187 584 4222 πο·ε
651 4167 677 4223 ἐ
742 4170 768 4207 θ’
842 4192 871 4203 -
1022 4169 1042 4201 -'
1506 4175 1532 4185 “
1771 4169 1829 4208 ἰ

538 4204 554 4221 θ.
680 4190 901 4246 Tenebo
953 4192 1194 4250 κριατος,
1255 4170 1293 4238 ἢ
1350 4171 1410 4227 τὸ
1464 4192 1620 4245 σωμα
1666 4167 1921 4225 ἐλουσατο

264 4254 434 4334 μέχρι
464 4260 564 4323 τῆς
594 4256 843 4325 τελευτῆς
876 4261 1031 4318 αὐτοῦ
1059 4276 1076 4294 ⁸
1132 4260 1222 4316 καὶ
1276 4266 1437 4316 ταῦτα
1465 4258 1519 4316 ἐν
1548 4260 1701 4336 βαθεῖ
1729 4262 1869 4338 γῆρᾳ
1900 4273 1915 4287 ⁹

264 4344 560 4407 ἑκατοστὸς
617 4346 716 4425 γάρ
771 4347 1091 4418 ἀποθνήσκει
1146 4347 1307 4405 πέντε
1357 4347 1580 4405 δεόντων
1613 4362 1628 4377 ⁸
1688 4348 1776 4404 καὶ
1825 4346 1920 4403 νό-

266 4454 383 4495 σοις
413 4432 675 4510 μεγεὶλαις
726 4436 813 4492 καὶ
869 4435 1133 4500 ποικίλαις
1186 4437 1455 4494 πυκτεύων
1514 4435 1571 4494 οὔ
1629 4435 1790 4513 μόνον
1838 4433 1923 4492 διὰ

265 4524 328 4578 τὸ
359 4528 558 4601 γῆρας,
615 4521 752 4580 ἀλλά
810 4525 898 4581 καὶ
954 4523 1037 4581 διὰ
1090 4526 1191 4592 τὴν
1245 4523 1450 4593 πολλὴν
1507 4525 1798 4605 κακουχίαν
1842 4523 1927 4581 καὶ

268 4610 470 4690 ἄφατον
567 4610 999 4693 σκληραγωγίαν,
1104 4616 1193 4678 Εἷς
1291 4614 1541 4682 τοιαύτην
1635 4615 1737 4694 γὰρ
1822 4612 1926 4679 ἕξιν

268 4701 572 4780 ἠγωνίσατο
638 4703 727 4759 καὶ
796 4701 998 4782 ἤγαγεν
1067 4705 1273 4780 ἑαυτὸν,
1348 4703 1429 4760 ὅτι
1502 4705 1591 4761 καὶ
1667 4706 1710 4760 εί
1766 4701 1920 4771 ἤθελε

264 4803 464 4870 φαγεῖν
532 4790 571 4859 ἢ
629 4806 774 4849 πιεῖν
831 4794 963 4871 πρὸς
1018 4795 1081 4850 τὸ
1137 4795 1529 4865 ἀνακτήσασθαι
1587 4794 1771 4851 ἑαυτὸν
1828 4797 1924 4852 οὒκ

262 4880 355 4936 εἴα
384 4881 546 4939 αὐτὸν
598 4882 633 4948 ἡ
690 4883 937 4953 συνήθεια
968 4902 983 4920 ·
1042 4882 1162 4940 ἀλλ’
1217 4881 1335 4944 οὐδὲ
1378 4883 1541 4943 ὕπνου
1568 4881 1792 4952 ἠδύνατο
1818 4903 1921 4959 με-

260 4984 497 5049 τασχεῖν
523 4970 589 5024 τὸ
615 4969 830 5050 ἀρκοῦν.

345 5399 411 5449 8⁵
437 5401 584 5465 Gen.
613 5418 701 5480 tu,
742 5402 842 5469 19.

545 5239 809 5308 Πολλάκις
869 5241 927 5301 δέ
978 5245 1065 5301 καὶ
1136 5246 1319 5304 ἑαυτοῦ
1383 5244 1639 5323 ἐξίστατο,
1699 5243 1787 5299 καὶ
1840 5241 1926 5301 ἐπὶ

1937 4398 1987 4461 D

2006 3478 2121 3542 que
2176 3457 2442 3522 ferebant
2499 3457 2844 3537 irrigatione
2904 3476 3254 3519 sermonum
3311 3465 3369 3520 et
3399 3460 3651 3539 perenni

2004 3548 2344 3627 magisterio
2374 3547 2587 3609 deiferi
2634 3547 2820 3609 Patris
2875 3547 3063 3609 nostri
3117 3546 3257 3622 Nili,
3318 3554 3378 3608 et
3431 3546 3651 3627 ipsein

2004 3637 2378 3720 perferendis
2398 3637 2601 3698 arduis
2623 3636 2930 3700 laboribus
2946 3635 3204 3699 invictus
3225 3636 3371 3698 nihil
3388 3637 3464 3699 de
3476 3637 3652 3700 solita

2002 3725 2361 3789 abstinentia
2388 3724 2729 3788 remittebat
2784 3725 3123 3807 divinisque
3181 3725 3508 3801 exercitiis,
3542 3727 3663 3789 sed'

2002 3834 2118 3896 quo
2145 3815 2331 3895 magis
2351 3834 2598 3896 corpore
2617 3814 2970 3878 senescebat
2993 3823 3051 3876 et
3065 3813 3424 3877 imbecillior
3445 3813 3646 3889 ﬁebat,

2003 3911 2163 3967 tanto
2186 3904 2384 3965 acrius
2407 3905 2625 3984 Spiritu
2647 3903 3074 3967 reﬂorescebat
3106 3911 3165 3966 et
3192 3904 3348 3966 vires
3376 3905 3650 3985 acquire-

2000 3993 2121 4056 bat.
2149 3995 2467 4074 Nunquam
2500 3992 2614 4054 sibi
2643 3991 2894 4056 indulsit
2922 4000 2988 4054 ut
3037 3992 3339 4072 jejunium
3369 3993 3647 4072 solveret,

2001 4091 2101 4144 aut
2120 4082 2483 4162 degustaret,
2510 4081 2817 4144 biberetve
2849 4081 3063 4163 praeter
3094 4081 3474 4145 constitutum
3507 4090 3651 4144 tem-

2004 4191 2136 4253 pus,
2167 4182 2235 4234 ut
2263 4171 2446 4233 moris
2467 4177 2556 4232 est
2579 4170 2824 4233 senibus
2849 4191 2864 4231 :
2896 4188 3077 4233 carne
3100 4189 3342 4252 semper
3363 4170 3653 4233 abstinuit

2005 4271 2062 4322 et
2090 4260 2305 4323 balneo
2336 4279 2638 4342 nunquam
2699 4268 2788 4322 est
2849 4278 2992 4322 usus
3047 4278 3236 4341 usque
3265 4261 3337 4321 ad
3374 4268 3651 4335 mortem,

2004 4349 2184 4433 idque
2205 4351 2327 4430 jam
2359 4349 2699 4430 decrepitus
2728 4367 2912 4412 senex
2936 4348 3163 4429 (agebat
3192 4349 3354 4411 enim
3379 4350 3654 4429 quintum

2011 4448 2070 4503 et
2115 4439 2569 4519 nonagesimum
2600 4457 2821 4500 annum
2881 4439 3028 4519 (73),
3089 4457 3227 4500 cum
3259 4456 3532 4500 mortuus
3563 4448 3659 4500 est

2008 4529 2355 4609 magnisque
2388 4536 2446 4590 et
2497 4528 2676 4590 variis
2708 4526 2930 4591 morbis
2960 4527 3233 4604 amictus,
3271 4545 3390 4588 non
3422 4534 3656 4590 tantum

1986 4625 2254 4698 propter
2280 4625 2677 4699 senectutem,
2738 4617 2844 4679 sed
2902 4619 3079 4678 etiam
3138 4616 3214 4679 ob
3246 4616 3495 4679 nimiam
3526 4616 3661 4679 vita:

2005 4707 2388 4787 asperitatem
2418 4714 2495 4785 et,
2526 4726 2657 4786 quae
2684 4705 2776 4768 vix
2801 4706 3069 4768 enarrari
3100 4713 3302 4787 queat,
3328 4705 3660 4787 disciplina:

2005 4796 2433 4859 austeritatem.
2456 4800 2540 4860 Eo
2567 4795 2728 4858 enim
2758 4795 3122 4858 habitudinis
3144 4813 3251 4876 per
3271 4793 3506 4858 labores
3527 4814 3662 4858 sese

2006 4884 2338 4963 redegerat,
2371 4893 2436 4947 ut
2463 4885 2514 4946 si
2542 4885 2742 4961 vellet,
2775 4884 2952 4947 etiam
2982 4884 3301 4947 comedere
3327 4884 3420 4947 vel
3455 4884 3664 4947 bibere

2007 4973 2081 5037 ad
2112 4973 2469 5059 recreandas
2502 4973 2681 5049 vires,
2714 4974 2775 5036 id
2807 4972 2923 5035 sibi
2954 4972 3323 5035 consuetudo
3354 4992 3474 5035 non
3517 4993 3658 5055 per-

2010 5063 2276 5126 mitteret
2303 5071 2361 5125 et
2391 5081 2668 5145 peraeque
2689 5082 2901 5126 somno
2917 5081 2983 5125 se
3004 5062 3146 5126 dare
3169 5062 3522 5144 congruenti
3545 5083 3664 5126 non

2013 5160 2233 5235 posset.

2092 5242 2190 5306 88.
2208 5239 2340 5304 Non
2361 5260 2495 5306 raro
2519 5242 2697 5305 etiam
2723 5241 2939 5305 mentis
2960 5240 3292 5325 patiebatur
3308 5241 3663 5307 abstractio-

1655 5537 1903 5603 Joannis
1931 5522 2055 5622 Clei
2085 5545 2258 5602 notae.

356 5666 470 5746 (73)
497 5667 576 5731 Ex
627 5669 797 5733 hisce
844 5665 1257 5731 chronotaxim
1308 5664 1563 5747 aliquam
1614 5662 1764 5729 Vitae
1811 5665 1998 5727 sancti
2043 5662 2232 5726 Patris
2278 5659 2504 5725 deduxi
2545 5662 2872 5726 Comment.
2921 5660 3123 5745 pmvii
3164 5677 3331 5726 num.
3375 5661 3439 5739 7,
3487 5679 3665 5744 quem

275 5760 524 5824 consule.
