4182 6406
503 366 617 431 147

1985 357 2339 429 ΑΝΟΝΥΜΙ

3769 359 3891 425 148

500 518 665 577 nem,
699 498 923 581 diuque
948 498 1112 561 vocis
1139 515 1251 560 usu
1298 515 1511 560 carens
1558 498 1876 561 astantium
1908 513 2145 580 quoque

2236 496 2485 556 πλεῖστον
2555 496 2787 573 διέμενεν
2859 495 3092 578 ἄφωνος,
3169 498 3259 554 καὶ
3312 503 3420 554 τῶν
3480 496 3752 574 παρόντων
3812 496 3892 571 μὴ

502 588 882 672 praesentiam
913 607 1033 649 non
1085 585 1401 662 sentiebat,
1463 603 1804 667 quanquam
1837 594 1897 649 et
1927 587 1988 648 in
2024 586 2155 665 ipsa

500 678 740 759 exstasi,
763 677 815 739 si
844 676 1082 758 quando
1111 674 1336 756 aliquid
1353 674 1894 751 submurmuraret,
1924 694 1955 736 e
1973 693 2155 736 sacrae

502 762 758 846 liturgiae
811 762 1301 845 responsionibus
1381 762 1561 825 verba
1629 763 2012 844 proferebat:
2092 770 2158 824 ut

503 863 667 937 puta,
692 880 719 911 α
744 853 1042 934 Concede,
1066 852 1509 927 Dominegvel,
1542 877 1563 908 α
1594 852 1865 919 Sanctus,
1891 861 2152 927 sanctus,

501 949 744 1007 sanctus
775 943 1084 1016 Dominus,
1116 961 1147 1002 )
1185 950 1243 1003 et
1267 940 1486 1002 similia
1519 962 1533 999 :
1585 941 1948 1023 quandoque
1979 941 2155 1003 etiam

503 1032 823 1114 psalmum,
858 1056 885 1088 α
919 1030 1084 1093 Beati
1114 1031 1501 1106 immaculati,
1529 1061 1558 1086 π
1592 1030 1845 1093 recitare
1876 1030 2158 1093 audieba-

504 1130 622 1184 tur.
675 1120 841 1194 Quod
874 1120 924 1182 si
957 1120 1088 1201 quis
1125 1138 1157 1181 e
1185 1118 1467 1180 fratribus
1509 1126 1714 1200 postea
1743 1119 2053 1199 qumsisset
2082 1117 2154 1179 ab

505 1228 576 1272 eo
602 1228 617 1273 :
646 1208 796 1282 Quid
825 1208 926 1270 tibi
952 1206 1218 1286 contigit,
1244 1209 1437 1288 Pater,
1462 1215 1522 1270 et
1546 1206 1645 1268 ubi
1666 1208 1950 1269 hactenus
1978 1206 2156 1269 eras?

504 1296 931 1379 Respondebat
955 1314 969 1358 :
1005 1294 1328 1368 Consenui,
1351 1295 1436 1357 fili
1459 1303 1518 1357 et
1538 1295 1728 1357 deliro
1749 1304 1806 1357 et
1836 1313 2156 1376 oppressus

501 1387 774 1448 daemone
802 1403 932 1446 sum
961 1391 1021 1446 et
1051 1384 1258 1464 ignoro
1289 1383 1443 1464 quod
1479 1384 1690 1464 patior.
1725 1384 1878 1456 Quin
1903 1391 2153 1446 etacce—

501 1474 782 1537 dentibus
809 1473 885 1536 ad
914 1472 1085 1534 illum
1125 1472 1469 1553 importune
1500 1480 1559 1534 et
1592 1492 1626 1534 a
1654 1473 2155 1552 contemplatione

503 1561 719 1625 mentis
768 1562 1152 1624 avocantibus
1196 1561 1531 1622 renuntiari
1577 1561 1849 1641 jubebat,
1881 1562 2154 1623 daemone

501 1651 711 1732 agitari
741 1670 972 1728 senem,
1019 1668 1131 1713 nec
1189 1668 1365 1730 posse
1408 1651 1479 1712 ad
1536 1669 1895 1731 quemquam
1922 1650 2179 1713 venire..

499 1739 619 1804 Sed
640 1759 759 1821 quo
774 1739 959 1819 magis
979 1739 1110 1819 ipse
1135 1739 1539 1800 contendebat
1561 1747 1618 1799 et
1651 1738 1969 1818 abjiciebat
1996 1757 2150 1815 sese,

503 1847 574 1891 eo
595 1828 771 1890 latius
783 1827 1193 1907 divulgabalur
1204 1834 1263 1888 et
1281 1825 1973 1907 percrebrescebatfama
1993 1828 2142 1906 ejus,
2164 1830 2211 1891 B
2234 1832 2386 1890 αὒτοῦ
2422 1850 2438 1867 ο

2236 588 2631 663 αἰσθανόμενος.
2663 585 2810 654 Πλὴν
2866 586 2946 642 ὅτι
3003 588 3091 644 καὶ
3145 585 3197 643 ἐν
3255 585 3388 662 αὗτῇ
3439 591 3508 661 τῇ
3567 586 3807 641 ἐκστάσει
3839 584 3893 639 εἴ

2235 676 2367 734 ποτέ
2397 699 2446 733 τι
2476 675 2756 752 ἐλάλησεν,
2792 674 2851 732 ἐκ
2910 682 3015 732 τῶν
3068 681 3168 743 τῆς
3228 674 3368 738 θείας
3397 672 3722 752 λειτουργίας
3752 674 3896 729 ἀπο-

2236 771 2456 845 κρίσεων
2487 765 2846 846 ἀπεφθέγγετο
2878 779 2892 794 ⁸
2923 768 3041 821 οῖον
3070 765 3155 837 τὸ,
3210 784 3233 823 α
3276 763 3583 842 Παράσχου,
3620 763 3772 840 Κύριε
3806 777 3819 791 ⁸
3863 785 3888 820 ι

2243 854 2272 922 ἢ
2301 856 2383 927 τὸ,
2425 876 2448 908 α
2503 863 2689 932 Αγιος,
2722 852 2896 933 ἅγιος⁷
2930 853 3082 930 ἅγιος
3114 854 3323 932 Κύριος,
3362 875 3390 906 n
3451 852 3541 907 καὶ
3586 851 3653 907 τὰ
3681 849 3839 927 ὅμοια
3874 867 3890 880 ⁸

2240 941 2428 999 ἄλλοτε
2457 940 2628 998 δὲκαὶ
2677 943 2768 997 τὸν
2826 940 3051 1017 ἄμωμον
3106 940 3440 1021 στιχολογῶν
3502 941 3800 1019 ηὑρίσκετο.
3838 942 3899 997 Ei

2238 1031 2293 1087 δὲ
2362 1054 2441 1096 τις
2499 1031 2633 1107 μετὰ
2688 1038 2851 1087 ταῦτα
2904 1037 3010 1088 τῶν
3066 1029 3303 1109 ἀδελφῶν
3361 1029 3542 1107 ἠρώτα
3599 1031 3778 1108 αὐτὸν,
3837 1030 3900 1087 Τί

2239 1143 2323 1177 σοι
2352 1120 2563 1199 γέγονε,
2612 1120 2828 1200 Πάτερ;
2882 1119 2970 1175 καὶ
3021 1126 3124 1175 ποῦ
3178 1119 3244 1186 ἧς
3301 1118 3403 1180 ἕως
3461 1116 3625 1197 ἄρτι;
3683 1118 3902 1196 ἀπεκρῖ-

2238 1230 2357 1265 νετο
2385 1224 2398 1238 ⁸
2474 1207 2555 1264 ὅτι
2627 1205 2923 1287 Ἐγήρασα,
2991 1206 3199 1287 τέκνον,
3274 1208 3361 1263 καὶ
3444 1206 3717 1285 ἐληρίασα,
3810 1208 3901 1261 καὶ

2238 1296 2627 1376 ἐδαιμονίσθην²
2700 1298 2787 1352 καὶ
2856 1295 2904 1351 τί
2952 1297 3153 1374 πάσχω
3214 1299 3309 1354 οὒκ
3362 1292 3508 1355 οἶδα.
3572 1292 3739 1350 Ἀλλὰ
3808 1297 3900 1351 καὶ

2236 1400 2355 1450 τοῖς
2446 1383 2878 1466 παραϐάλλουσιν
2974 1384 3229 1463 ἀκαίρως,
3319 1385 3408 1440 καὶ
3497 1382 3898 1463 ἆπασχολοῦσιν

2236 1475 2392 1532 αὐτὸν
2460 1475 2521 1530 ἐκ
2588 1480 2687 1541 τῆς
2760 1474 2895 1530 κατὰ
2952 1483 3069 1533 νοῦν
3123 1474 3364 1554 θεωρίας,
3426 1471 3633 1529 ἐκέλευε
3694 1472 3890 1551 λέγειν,

2234 1562 2315 1621 ὅτι
2345 1561 2712 1642 Ἐδαιμονίσθη
2769 1565 2797 1619 ὁ
2854 1562 3045 1642 γέρων³
3105 1565 3191 1620 καὶ
3249 1566 3309 1621 οὔ
3338 1560 3554 1619 δύναταί
3584 1584 3686 1617 τινι
3719 1562 3895 1619 ἀπαν-

2456 1634 2505 1662 ,,.
2869 1634 2927 1642 ..
3032 1634 3043 1642 .

2234 1659 2417 1721 τῆσαι.
2467 1662 2601 1710 Οσον
2668 1651 2723 1708 δὲ
2782 1654 2940 1715 αὐτὸς
2998 1650 3247 1718 ἐξουθένει
3307 1652 3394 1708 καὶ
3455 1650 3727 1710 ἐταπεῖνου
3778 1653 3897 1707 ἑαυ-

2234 1744 2346 1819 τὸν,
2420 1752 2667 1802 τοσοῦτον
2736 1739 2990 1821 διήρχετο
3061 1742 3148 1797 καὶ
3218 1738 3570 1819 ἐμεγαλύνετο
3639 1742 3673 1808 ἡ
3730 1742 3894 1820 φήμη

2508 1832 2598 1886 καὶ
2666 1830 2859 1893 πάντες
2932 1828 3149 1909 ἔτρεχον
3218 1836 3311 1885 τοῦ
3368 1829 3649 1887 θεάσασθαι
3711 1831 3895 1901 αὐτὸν,

502 1927 563 1981 et
588 1915 983 1980 accurrebant
1011 1934 1243 1988 omnes,
1304 1922 1369 1976 ut
1423 1915 1694 1977 viderent
1726 1926 1783 1978 et
1809 1917 2146 1996 loquentem

2236 1922 2317 1977 καὶ
2345 1920 2561 1980 ἀκοῦσαι
2615 1924 2713 1985 τῆς
2771 1920 3075 1997 συντυχίας.
3139 1915 3227 1974 Ἐν
3280 1922 3375 1993 μιᾷ
3423 1924 3548 1995 γοῦν
3580 1916 3898 1996 παρακαλεῖ

498 2010 697 2090 ipsum
722 2005 1020 2069 audirent.
1054 2005 1257 2085 Itaque
1287 2003 1502 2085 Cajetaa
1558 2023 1791 2085 quoque
1823 2005 2149 2086 principem

2236 2011 2321 2065 τὸν
2375 2014 2474 2075 τῖες
2532 2009 2729 2070 Γαΐτας
2788 2002 3025 2085 ἄρχοντα
3077 2007 3112 2073 ἡ
3170 2003 3387 2080 σῦμϐιος
3444 2008 3602 2063 αὖτοῦ
3632 2004 3891 2062 ἀπελθεῖν

499 2097 726 2178 rogavit
754 2114 904 2157 uxor
928 2095 1074 2176 (74),
1102 2102 1166 2155 ut
1205 2093 1361 2155 irent
1401 2095 1711 2155 salutatum
1753 2093 1857 2155 Dei
1891 2113 2145 2158 servum.

500 2188 608 2251 Ille
636 2204 776 2247 vero
814 2202 829 2248 :
861 2182 1301 2263 Signiﬁcemus,
1334 2182 1553 2263 inquit,
1587 2184 1699 2245 hoc
1747 2183 1832 2244 illi
1867 2182 2146 2264 primum,

501 2295 581 2338 ne
622 2275 775 2336 forte
804 2290 985 2352 grave
1012 2271 1281 2333 videatur
1305 2279 1364 2334 et
1392 2271 1639 2333 affectus
1671 2272 1940 2334 molestia
1971 2272 2150 2352 fugiat

502 2384 537 2427 e
564 2361 810 2442 regione
839 2369 1043 2423 nostra
1073 2367 1131 2421 et
1160 2360 1319 2422 servi
1368 2359 1475 2421 Dei
1512 2360 1807 2439 jacturam
1839 2361 2143 2423 faciamus.

498 2451 925 2532 Signiﬁcarunt
949 2448 1135 2529 igitur
1157 2448 1233 2510 de
1263 2449 1396 2522 hoc,
1438 2449 1639 2509 multis
1666 2448 1945 2529 precibus
1975 2466 2152 2527 agen-

500 2553 624 2617 tes;
646 2539 919 2602 sciebant
943 2537 1103 2599 enim
1130 2536 1297 2598 illum
1326 2537 1715 2599 vehementer
1742 2539 1999 2599 aversari
2021 2539 2146 2600 col-

499 2630 699 2711 loquia
713 2627 1094 2702 feminarum,
1115 2633 1174 2687 et
1194 2624 1546 2687 mulieribus
1562 2645 1679 2688 non
1704 2633 1906 2706 patere
1928 2627 2149 2688 aditum

498 2719 559 2783 in
593 2718 724 2797 ejus
752 2714 1203 2778 monasterium.
1264 2714 1339 2776 At
1385 2723 1589 2776 contra
1645 2715 1733 2776 vir
1762 2725 1999 2779 sanctus
2026 2717 2151 2778 haec

498 2806 573 2869 ad
607 2806 768 2867 illam
798 2802 1051 2885 perferri
1064 2802 1261 2882 jussit.
1304 2800 1550 2882 Ignosce
1581 2804 1728 2864 mihi
1761 2813 1999 2886 propter
2026 2805 2149 2866 Do-

501 2894 730 2958 minum
759 2914 773 2954 :
804 2911 941 2953 nam
966 2891 1203 2972 quando
1224 2890 1493 2953 vivebam
1523 2891 1584 2952 in
1609 2894 1846 2967 saeculo,
1883 2894 2152 2956 daemone

499 2979 881 3063 exagitabar;
914 2980 1168 3061 ideoque
1191 2996 1261 3040 ex
1283 2996 1401 3059 quo
1418 2997 1550 3040 sum
1574 2979 1762 3043 factus
1794 2983 2145 3059 monachus,

500 3078 741 3135 curatus
772 3088 904 3131 sum
932 3086 946 3131 :
1003 3085 1164 3129 nunc
1193 3085 1335 3130 vero
1366 3068 1417 3130 si
1448 3068 1731 3130 feminam
1761 3071 1989 3147 videro,
2025 3071 2208 3134 sta-Cl
2230 3066 2442 3134 ἐξιάθην
2477 3084 2493 3101 ⁸

502 3161 607 3223 tim
639 3163 874 3223 daemon
902 3156 1225 3221 revertitur
1238 3164 1298 3222 et
1326 3159 1548 3220 cruciat
1577 3177 1673 3220 me
1707 3159 1856 3241 (75).
1889 3160 2027 3223 Haec
2050 3161 2153 3223 ubi

501 3249 726 3312 audivit
754 3255 812 3311 et
839 3246 1131 3309 intellexit
1189 3247 1428 3324 mulier,
1490 3247 1699 3328 majori
1754 3250 1974 3312 exarsit
1998 3250 2151 3312 desi-

501 3338 669 3400 derio
697 3336 932 3399 vivendi
960 3337 1156 3417 ipsum
1204 3344 1263 3399 et
1316 3335 1521 3398 tandiu
1551 3337 1863 3402 colluctata
1892 3347 2002 3418 est,
2034 3340 2148 3401 do-

502 3445 616 3490 nec
643 3426 805 3489 venit
832 3433 892 3488 et
919 3425 1049 3506 ejus
1077 3425 1432 3488 salutatione
1485 3425 1722 3506 dignata
1768 3435 1877 3492 est.
1911 3430 2148 3491 Praece-

501 3521 668 3596 perat
696 3522 916 3591 tamen,
949 3532 1025 3575 ne
1053 3514 1177 3575 ulla
1203 3513 1502 3596 oppidana
1530 3516 1746 3578 mulier
1772 3523 2146 3598 sequeretur,

499 3603 606 3665 sed
638 3621 846 3665 omnes
875 3620 1006 3664 eam
1035 3610 1428 3683 sequerentur
1447 3602 1580 3684 viri,
1610 3602 1765 3684 Ergo
1796 3604 2007 3667 beatus
2037 3606 2146 3680 vir,

499 3699 810 3772 postquam
846 3690 1048 3770 paucis
1077 3691 1243 3752 illam
1299 3690 1600 3753 docuisset
1627 3693 1703 3754 de
1732 3692 2040 3775 pudicitia,
2073 3695 2151 3755 de

497 3779 904 3861 eleemosyna,
933 3778 1129 3860 deque
1159 3778 1372 3841 timore
1430 3778 1562 3856 Dei,
1621 3780 2150 3864 domueremisit

498 3868 881 3948 gaudentem.

579 3957 682 4021 89.
714 3962 786 4022 Et
815 3959 911 4037 ipe
939 3955 1179 4038 quidem
1210 3956 1520 4036 aegerrime
1574 3956 1802 4021 ferebat
1849 3965 1910 4023 et
1938 3979 2148 4042 magno

500 4046 698 4108 studio
722 4044 1418 4108 devitabatcommerdia
1475 4045 1810 4129 principum
1863 4058 2057 4126 terrae,
2094 4060 2156 4114 ut

500 4134 795 4215 originem
818 4135 1013 4198 inanis
1031 4133 1236 4214 gloriae
1257 4141 1331 4195 et-
1346 4134 1671 4215 perniciem
1694 4138 1927 4203 animae.
1965 4139 2154 4203 Caete-

500 4241 637 4287 rum
667 4223 990 4304 cogebatur
1018 4223 1079 4285 id
1141 4223 1400 4286 tolerare
1450 4225 1522 4286 ad
1581 4226 1936 4302 molestiam,
1972 4248 2154 4307 quam

501 4331 569 4375 ex
578 4311 1149 4393 bibebantinjuriam
1165 4312 1321 4395 passi
1336 4322 1396 4376 et
1410 4313 1629 4394 injuste
1641 4315 1714 4377 ab
1727 4315 2149 4398 illisoppressi,

2236 2096 2307 2157 εἰς
2378 2094 2734 2173 προσκύνησιν
2804 2099 2895 2148 τοῦ
2966 2090 3150 2148 δούλου
3220 2101 3312 2150 τοῦ
3381 2099 3531 2151 Θεοῦ.
3594 2093 3693 2148 Καὶ
3749 2090 3899 2169 λέγει

2238 2184 2372 2258 αὐτῇ
2430 2185 2458 2237 ὁ
2516 2181 2649 2260 ἀνήρ
2682 2200 2698 2217 ⁸
2761 2178 3098 2254 Γηλώσωμεν
3156 2186 3363 2259 πρῶτον
3425 2181 3589 2253 αὐτῷ,
3651 2180 3728 2254 μή
3781 2203 3902 2244 πως

2234 2278 2375 2350 φανῇ
2406 2270 2548 2344 αὐτῷ
2575 2270 2725 2349 βαρὺ.
2778 2270 2868 2325 καὶ
2920 2268 3194 2348 ἀχθεσθεὶς
3252 2268 3393 2348 φύγῃ
3451 2266 3556 2323 ἀπὸ
3613 2273 3711 2334 τῆς
3772 2269 3902 2348 χώ-

2234 2382 2329 2439 ρας
2400 2361 2579 2433 ἡμῶν,
2654 2358 2742 2414 καὶ
2794 2360 3146 2432 ζημιωθῶμεν
3205 2358 3294 2412 τὸν
3350 2353 3534 2412 δοῦλον
3592 2365 3684 2414 τοῦ
3740 2363 3899 2412 Θεοῦ.

2233 2448 2363 2505 Τότε
2422 2447 2706 2522 μηνύουσιν
2768 2448 2909 2521 αύτῷ
2965 2447 3082 2524 περὶ
3139 2446 3348 2517 τούτου,
3409 2442 3586 2500 πολλὰ
3645 2466 3901 2522 παρακα-

2743 2534 3027 2613 ἐγίνωσκον
3082 2536 3205 2614 γὰρ,
3269 2533 3349 2589 ὅτι
3410 2531 3607 2614 σφόδρα
3638 2532 3905 2611 ἀποστρέ-

3474 2622 3563 2678 καὶ
3623 2620 3702 2677 ὅτι
3753 2618 3907 2679 οὐδέ-

2232 2537 2445 2599 λοῦντες
2477 2535 2633 2594 αὒτόν
2669 2553 2683 2568 ⁸

2232 2647 2383 2704 φεται
2441 2624 2540 2691 τὴν
2596 2624 2878 2703 συντυχίαν
2936 2629 3040 2679 τῶν
3093 2629 3355 2702 γυναικῶν
3390 2637 3404 2652 ⁸

2232 2734 2362 2770 ποτε
2432 2711 2727 2792 εἰσέρχεται
2817 2711 2951 2789 γδνὴ
3023 2711 3076 2767 ἐν
3149 2719 3226 2787 τῷ
3296 2712 3641 2789 μοναστηρίῳ
3711 2713 3902 2769 αὐτοῦ.

2239 2798 2557 2868 Ἀντιδηλοτ
2614 2800 2702 2857 οὖν
2776 2804 2908 2877 αὐτῇ
2963 2803 2991 2857 ὁ
3053 2800 3200 2864 ὅσιος
3265 2799 3439 2878 λέγων
3470 2819 3488 2836 ·
3548 2799 3909 2874 Συμπάθησόν

2238 2912 2335 2965 μοι
2371 2888 2456 2945 διὰ
2485 2890 2576 2945 τὸν
2630 2890 2838 2968 Κύριον,
2900 2887 2980 2944 ὅτι
3038 2890 3192 2957 ἡνίκα
3247 2888 3394 2963 ἤμην
3444 2890 3719 2964 κοσμικὸς,
3754 2885 3909 2944 ἐδαι-

2235 2977 2542 3054 μονιζόμην
2575 2994 2587 3007 ⁸
2650 2979 2739 3034 καὶ
2796 2974 2883 3032 διὰ
2937 2986 3094 3036 τοῦτο
3150 2975 3243 3033 ἀπ’
3304 2979 3362 3033 οὗ
3415 2976 3610 3055 γέγονα
3638 2978 3909 3055 μοναχὸς,

2550 3068 2658 3123 νυνὶ
2686 3063 2740 3121 δὲ
2795 3064 2885 3121 ἐὰν
2915 3065 3017 3122 ἴδω
3072 3079 3327 3146 γυναῖκα,
3376 3067 3615 3145 πάραυτα
3649 3069 3676 3122 ὁ
3704 3064 3911 3140 δαίμων

2234 3155 2552 3237 ὑποστρέφει
2581 3157 2669 3212 καὶ
2717 3153 2927 3226 κολάζει
2977 3176 3066 3230 με.
3130 3162 3303 3212 Ταῦτα
3357 3156 3393 3222 ἡ
3450 3155 3584 3233 γυνὴ
3635 3154 3913 3211 ἀκούσασα

2232 3247 2321 3302 καὶ
2391 3246 2650 3317 νοήσασα,
2723 3242 2885 3300 πλέον
2982 3242 3319 3321 ἀνεπτερώθη
3415 3244 3545 3321 πρὸς
3615 3244 3677 3297 τὸ
3746 3245 3910 3299 αὺτὸν

2232 3334 2534 3415 θεάσασθαι,
2624 3334 2713 3390 καὶ
2799 3342 3049 3392 τοσοῦτον
3139 3331 3480 3411 ἐπύκτευσεν,
3582 3329 3682 3395 ἕως
3776 3329 3912 3391 ὅτου

2234 3422 2361 3491 ἦλθε
2391 3424 2478 3479 καὶ
2535 3419 2734 3489 ἠξιώθη
2790 3426 2891 3488 τῆς
2952 3424 3106 3479 αὖτοῦ
3162 3420 3577 3499 προσκυνήσεως
3603 3437 3617 3451 ⁸
3679 3421 3909 3499 παρήγ-

2232 3510 2376 3590 γειλε
2447 3510 2626 3587 μέντοι
2700 3507 2969 3585 μηδεμίαν
3037 3512 3142 3565 τῶν
3212 3514 3477 3587 γυναικῶν
3547 3516 3639 3565 τοὺ
3713 3508 3907 3575 ἄστεος

2232 3598 2611 3680 ἀκολουθῆσαι,
2688 3596 2825 3654 ἀλλὰ
2913 3598 3114 3661 πάντας
3206 3594 3395 3677 ἄνδρας
3475 3600 3909 3675 συμπορευθῆναι

2231 3692 2387 3770 αὐτῇ.
2442 3683 2500 3750 ιΟ
2559 3690 2613 3748 δὲ
2671 3691 2929 3770 μακάριος
2989 3689 3143 3769 ὸλίγα
3200 3692 3318 3770 περὶ
3386 3691 3754 3771 σωφροσύνης,
3810 3683 3910 3749 καὶ

2231 3780 2617 3860 ἐλεημοσύνης,
2692 3781 2781 3836 καὶ
2853 3777 3016 3860 φόϐου
3088 3786 3219 3836 Θεοῦ
3308 3781 3638 3850 νουθετήσας
3709 3780 3903 3856 αὑτὴν,

2230 3868 2458 3927 ἀπέλυσε
2487 3870 2622 3944 μετὰ
2653 3874 2826 3949 χαρᾶς
2858 3870 2931 3931 εἷς
2952 3870 3042 3925 τὸν
3075 3868 3231 3924 οἷκον
3263 3867 3449 3940 αὐτῆς.

2316 3951 2427 4023 πθ’.
2460 3962 2625 4026 Αὐτὸς
2658 3962 2754 4037 μὲν
2785 3961 2872 4018 οὖν
2924 3960 3092 4041 ἄχθος
3143 3960 3282 4039 μέγα
3332 3963 3546 4039 ἡγεῖτο,
3581 3964 3669 4017 καὶ
3700 3960 3905 4042 σφόδρα

2237 4049 2593 4131 ἀπεστρέφετο
2660 4051 2758 4118 τὴν
2825 4055 2930 4107 τῶν
3004 4048 3221 4115 ἐνδόξων
3279 4055 3377 4117 τῆς
3434 4055 3535 4127 γῆς
3588 4052 3902 4130 συντυχίαν,

2236 4140 2414 4219 ὥσπερ
2496 4138 2743 4218 πρόξενον
2829 4136 3124 4204 κενοδοξίας
3215 4140 3303 4195 καὶ
3368 4144 3606 4219 ψυχικῆς
3674 4141 3899 4215 ζημίας,

2238 4225 2533 4306 Ἠνάγκαζε
2562 4226 2617 4284 δὲ
2645 4234 2833 4285 τοῦτον
2879 4235 3034 4284 τοῦτο
3091 4225 3475 4307 καταδέχεσθαι
3530 4230 3565 4296 ἡ
3620 4229 3726 4285 τῶν
3759 4228 3893 4308 παρ’

2237 4317 2407 4374 αὐτῶν
2464 4315 2820 4395 ἀδικουμένων
2875 4318 2963 4373 καὶ
3014 4314 3512 4392 πλεονεκτουμένων
3577 4316 3895 4397 ἐνόχλησις,

504 4420 760 4484 quorum
792 4389 950 4483 saepe
985 4389 1204 4463 multos
1230 4418 1303 4464 ex
1363 4389 1569 4465 eorum
1622 4389 2014 4468 faucibus-vel
2047 4389 2151 4488 per

2236 4406 2322 4469 οὒς
2379 4403 2637 4469 πολλάκις
2695 4403 2780 4461 διὰ
2835 4409 3042 4485 γραφῆς
3103 4406 3261 4461 αὐτοῦ
3318 4406 3407 4461 καὶ
3466 4406 3626 4479 μόνος
3683 4406 3743 4461 ἐκ
3786 4412 3905 4461 τῶν

502 4488 811 4569 epistolam
843 4489 1031 4551 solam
1060 4490 1336 4551 extraxit.
1363 4489 1435 4552 Et
1462 4490 1513 4552 si
1542 4490 1677 4571 quis
1697 4492 2006 4572 colligeret
2036 4496 2152 4556 bu-

496 4578 764 4659 jusmodi
794 4578 868 4641 ab
901 4597 972 4640 eo
1030 4577 1282 4659 scriptas
1340 4579 1646 4661 epistolas,
1703 4580 1923 4643 librum
1953 4593 2154 4665 posset

501 4667 798 4731 conﬁcere
823 4667 993 4730 valde
1050 4668 1255 4730 utilem
1313 4677 1372 4733 et
1427 4688 1643 4749 magno
1699 4670 2148 4748 usuifuturum.

500 4755 850 4844 Quodidem
873 4755 1013 4821 fecit
1034 4775 1140 4838 pro
1161 4756 1505 4844 Philagatbo
1528 4757 1979 4841 archiepiscopo
2017 4762 2155 4826 cive

500 4863 634 4910 suo.
665 4843 910 4918 Quando
944 4845 1105 4907 enim
1134 4846 1239 4908 ille
1267 4843 1587 4909 insatiabili
1618 4846 1898 4910 aviditate
1928 4852 2150 4913 Roma-

499 4952 636 4996 nam
668 4933 873 4997 sedem
908 4935 1144 5011 invasit,
1168 4954 1290 4998 non
1312 4943 1624 4998 contentus
1656 4936 1953 4999 mundano
1983 4938 2153 5002 fasti-

497 5021 620 5103 gio,
644 5023 718 5085 ad
739 5023 898 5105 quod
922 5023 1084 5086 illum
1108 5026 1267 5087 Deus
1288 5033 1507 5106 praeter
1524 5023 1866 5106 opinionem
1882 5036 2155 5091 evexerat

498 5114 661 5193 (nam
694 5112 852 5176 adud
899 5120 1219 5197 utrumque
1264 5114 1584 5197 imperium
1616 5133 1861 5195 magnos
1891 5117 2153 5183 honores

2234 4495 2514 4574 φαρυῖγγων
2582 4495 2753 4550 αὗτῶν
2825 4492 3142 4551 ἀνέσπασεν.
3218 4494 3318 4549 Καὶ
3386 4491 3440 4548 εἴ
3511 4516 3594 4557 τις
3664 4492 3727 4549 ἂν
3795 4495 3897 4558 τὰς

2232 4582 2477 4646 τοιαύτας
2550 4580 2831 4645 ἐπιστολὰς
2891 4582 3049 4637 αὐτοῦ
3118 4578 3453 4659 συνελέξατο,
3512 4582 3649 4640 πάνυ
3704 4581 3907 4662 ὠφέλι-

2234 4692 2334 4747 μον
2398 4672 2486 4728 καὶ
2541 4671 2961 4751 χρησιμωτάτην
3018 4665 3221 4745 βιϐλιον
3271 4667 3323 4734 ἐξ
3396 4671 3567 4726 αὐτῶν
3637 4677 3904 4739 συστῆσαι

2232 4757 2477 4826 ἠδύνατο.
2511 4758 2662 4817 Οὕτω
2708 4757 2762 4814 δὲ
2818 4760 3109 4824 πεποίηκεν
3164 4758 3251 4813 καὶ
3309 4759 3381 4821 εἷς
3440 4760 3530 4814 τὸν
3561 4759 3904 4836 συμπολίτην

2235 4852 2391 4907 αὒτοῦ
2445 4846 2742 4925 Φιλάγαθον
2802 4849 2889 4904 τὸν
2948 4846 3393 4925 ἆρχιεπίσκόπον.
3460 4837 3641 4904 Ἠνίκα
3702 4850 3801 4929 γὰρ
3864 4854 3902 4908 ὃ

2233 4937 2405 5014 ῥηθεὶς
2436 4933 2602 5002 ἐπέϐη
2634 4936 2712 5010 τῷ
2745 4926 2955 5011 Ῥώμης
3004 4932 3291 5003 ἀπλήστως
3349 4934 3538 5013 θρόνῳ,
3599 4938 3674 5012 μὴ
3719 4926 3901 5016 γὰρκε-

2234 5026 2368 5089 σθεὶς
2400 5032 2467 5102 τῇ
2519 5030 2613 5081 τοῦ
2657 5023 2860 5099 κόσμου
2919 5021 3317 5102 μεγαλειότητι,
3378 5026 3414 5099 ᾗ
3472 5026 3599 5088 Θεὸς
3657 5025 3898 5104 παραδό-

3081 5112 3134 5168 ὲν
3194 5110 3353 5191 ἄμφω
3410 5112 3508 5190 γὰρ
3562 5128 3676 5177 τοῖς
3727 5116 3901 5190 βασι-

2235 5119 2334 5187 ξως
2403 5116 2558 5170 αὐτὸν
2626 5113 2969 5192 ὑπερύψωσεν
3006 5127 3018 5140 ⁸

1316 5296 1319 5305 ’
1903 5286 2149 5355 Joannis
2180 5289 2307 5355 Clei
2329 5288 2509 5344 notae.

582 5396 712 5479 (74)
741 5396 887 5472 Quis
944 5397 1044 5461 hic
1100 5399 1444 5486 Cajetan_us_
1471 5401 1754 5486 princeps
1783 5402 1981 5486 fuerit,
2015 5424 2148 5486 quae

495 5477 629 5571 ejus
676 5477 848 5571 uror,
919 5498 1050 5559 qua;
1098 5477 1620 5571 tanto__des_iderio
1679 5477 1976 5571 flagravit'
2011 5477 2142 5547 san-

501 5566 677 5646 ctum”
689 5560 880 5646 virum
910 5560 1347 5646 conveniendi,_
1360 5563 1503 5627 alibi
1532 5583 1667 5646 non
1682 5560 1941 5646 reperio.

579 5637 710 5718 (75)
762 5639 828 5724 In
901 5657 1081 5703 sensu
1141 5642 1351 5724 morali
1410 5644 1598 5724 potuit
1651 5637 1779 5709 haec
1838 5646 2151 5708 verissime

498 5717 735 5782 sanctus
764 5717 987 5799 dicere,
1020 5722 1178 5804 quod
1237 5717 1513 5805 expertus
1575 5734 1753 5802 esset,
1788 5744 1859 5789 ex
1889 5725 2149 5789 femina-

2231 5420 2361 5465 rum
2393 5398 2688 5481 colloquio
2747 5404 2807 5481 et
2860 5403 3110 5480 aspectu
3168 5398 3525 5481 tentationes
3555 5419 3589 5462 a
3619 5401 3900 5468 daemone

2229 5481 2526 5545 immissas
2547 5479 2762 5560 {atque
2785 5479 2908 5560 hoc
2935 5479 3080 5539 Sane
3111 5494 3293 5560 sensu
3317 5479 3703 5559 intelligenda
3727 5493 3891 5560 sunt,

2237 5582 2313 5625 ne
2352 5557 2682 5641 humilitas
2729 5557 2805 5621 ad
2853 5557 3163 5621 mendacia
3221 5557 3635 5641 imprudenter
3699 5557 3895 5627 delle-1

2237 5640 2409 5706 xerit.
