4182 6388
304 428 409 496 149

1526 424 1715 493 VITA
1755 424 1821 489 S.
1863 419 2033 489 NILI
2070 419 2455 498 IUNIORIS.

3561 436 3677 503 150

300 563 451 626 λείοις
497 556 776 627 δεδόξαστο
812 578 829 597 ι
893 563 924 617 ὁ
978 559 1073 638 μὲν
1124 562 1218 617 οἷα
1269 555 1547 639 γινώσκων
1599 559 1666 616 τὸ
1719 555 1964 635 μέλλονν

2050 551 2274 646 ideptus
2294 555 2438 629 erat)
2455 561 2694 621 sanctus
2707 554 2907 636 Pater,
2930 560 3155 645 quippe
3175 562 3278 645 qui
3290 563 3671 646 praevidebat,

300 650 603 710 ἐπέστελλεν
644 648 807 707 αὒτὸν
867 648 1122 707 δυσωπῶν
1176 653 1570 730 μαραχωρῆσαι
1752 646 1950 727 ἀνθρω-

2050 642 2185 723 [uod
2216 642 2477 706 futurum
2507 651 2656 719 erat,
2718 642 3163 713 scribebﬁat‘illi
3190 642 3427 733 rogans,
3461 662 3527 717 ut
3554 642 3674 718 hu;

300 742 421 819 πίνῃ
478 739 624 820 δόξῃ,
680 739 777 796 ἅτε
833 739 1032 806 ταύτης
1085 739 1157 802 είς
1213 737 1370 820 κόρον
1427 735 1792 819 χρησάμενον,
1859 735 1948 792 καὶ

2050 749 2263 823 uanam
2286 751 2405 795 non
2426 734 2730 799 aﬂ‘ectaret
2764 736 3039 817 gloriam,
3063 740 3220 823 quod
3250 759 3326 810 ea.
3341 741 3467 823 jam
3499 762 3672 808 exsa-

296 831 495 912 ἡσυχίᾳ
548 830 680 910 πρὸς
723 829 824 897 τὴν
879 828 1181 909 μοναχικὴν
1235 828 1555 886 κατάστασιν
1610 826 1943 904 ἀνακάμψαι.

2050 821 2204 883 iatus
2231 830 2407 912 esset,
2440 822 2549 886 sed
2578 823 2650 886 ad
2681 825 2944 908 quietem
3002 821 3190 893 status
3244 821 3557 897 monastici
3584 851 3680 897 re-

294 909 540 984 Ἐκεῒνος
596 909 665 975 δὲ
737 920 799 976 οὒ
864 915 1092 974 διέλιπεν
1163 917 1605 994 συντασσόμενος,
1665 914 1766 980 ἕως
1825 913 1948 971 ὅτου

2050 909 2416 1003 ηθστθιε-Ιηε
2435 929 2574 1003 vero
2604 913 2747 976 dum
2777 933 2843 978 se
2867 916 2942 978 ad
2971 917 3087 983 hoc
3116 936 3326 1000 parare
3355 919 3526 1003 dicit,
3563 922 3683 987 ad--

292 1008 511 1076 ἐξῆλθεν
590 1010 619 1065 6
683 1005 932 1086 βασιλεὺς
1004 1006 1096 1062 σὺν
1157 1012 1236 1081 τῷ
1292 1004 1631 1087 ἐκδιωχθέντι
1685 1001 1946 1084 προέδρῳ,

2050 997 2405 1089 venientibus
2433 999 2795 1082 imperatore
2826 1010 2888 1068 et
2914 997 3170 1086 praesule
3200 1007 3392 1089 ejecta
3426 997 3568 1086 (‘76),
3590 1011 3687 1073 in.

297 1100 512 1166 καὶτῆς
554 1100 729 1155 αὐτῶν
783 1096 1051 1176 ἀφορήτου
1102 1095 1266 1175 ὀργῆς
1319 1086 1489 1174 ἔργον
1526 1093 1753 1173 ἐγένετο.
1812 1100 1950 1150 Στε-

2050 1086 2400 1150 ;olerandam
2430 1107 2637 1152 eorum
2697 1100 3010 1173 exspertus
3065 1103 3157 1158 est
3211 1086 3386 1161 iram.
3421 1094 3683 1165 Orbatus

302 1188 478 1267 ρηθεὶς
527 1187 631 1266 γὰρ
700 1182 825 1265 παρ’
878 1184 1049 1241 αὐτῶν
1103 1188 1208 1241 τῶν
1267 1181 1690 1265 χρειωδεστέρων
1746 1179 1946 1262 μελῶν,

2050 1177 2193 1267 enim
2226 1195 2334 1259 per
2350 1177 2513 1267 ipsos
2529 1180 2792 1244 maxime
2816 1182 3172 1246 necessariis
3196 1184 3507 1262 membris,
3540 1206 3678 1251 ocu-

640 1264 785 1354 λέγω
840 1274 931 1330 καὶ
983 1271 1229 1353 γλώττης
1279 1273 1368 1330 καὶ
1416 1273 1580 1351 ῥινὸς,
1639 1270 1848 1352 ἕῤῥιπτο
1875 1273 1948 1336 εἰς

2057 1265 2129 1343 is,
2155 1265 2419 1358 inquam,
2446 1266 2647 1358 lingua
2663 1276 2721 1331 et
2742 1288 2912 1354 naso,
2936 1273 3366 1355 conjectusque
3382 1273 3445 1336 in
3474 1294 3679 1341 carce-

299 1355 535 1447 φυλακὴν
626 1363 854 1428 ἐλεεινός
945 1383 1003 1419 τε
1084 1362 1174 1421 καὶ
1263 1361 1703 1443 ἀποστράτευτος.
1776 1367 1950 1420 Ταῦτα

2050 1355 2407 1447 rem_plen_us
2436 1356 2814 1447 miseriarum
2866 1368 2927 1424 et
2982 1364 3143 1424 omni
3200 1380 3316 1443 ope
3366 1362 3681 1428 destitutus

295 1442 528 1518 ἀκούσας
601 1454 631 1509 6
696 1449 943 1532 θεοφόρος
1012 1450 1217 1531 Πατὴρ,
1291 1452 1380 1507 καὶ
1440 1442 1548 1519 τὴν
1616 1447 1828 1530 καρδίαν
1882 1454 1952 1527 τῇ

2050 1442 2290 1515 iacebat.
2319 1444 2425 1507 llis
2453 1444 2668 1509 auditis
2721 1446 2845 1510 Deo
2905 1449 3121 1531 plenus
3174 1442 3376 1527 Pater,
3424 1470 3681 1519 maerore

290 1542 473 1617 θλίψει
540 1541 931 1612 καταπιεσθεὶς,
1021 1539 1329 1619 ἠναγκάσθη
1414 1539 1469 1596 ἐν
1534 1539 1759 1613 τοιούτῳ
1814 1539 1955 1617 γήρᾳ

2050 1533 2232 1597 :ordis
2258 1541 2533 1614 urgente,
2566 1543 2802 1599 coactus
2825 1537 2937 1601 fuit
2989 1539 3168 1604 homo
3225 1539 3288 1603 id
3318 1543 3527 1618 aetatis,
3561 1549 3681 1608 tam

290 1632 383 1689 καὶ
460 1631 602 1703 νόσῳ
668 1632 756 1687 καὶ
823 1633 993 1709 καιρῶ
1063 1629 1476 1709 (τεσσαρακοστὴ
1543 1628 1643 1708 γὰρ
1708 1624 1798 1707 ἧν)
1854 1626 1953 1694 τὴν

2050 1622 2198 1703 gravi
2229 1622 2438 1685 morbo
2468 1623 2714 1688 affectus
2742 1634 2803 1690 et
2829 1625 2894 1688 id
2954 1627 3265 1709 temporis,
3292 1628 3682 1710 quadragesi-

296 1711 516 1795 Ῥώμην
545 1715 893 1799 καταλαϐεῖν,
948 1717 1038 1775 καὶ
1090 1723 1166 1791 τῷ
1219 1715 1432 1795 βασιλεῖ
1489 1716 1623 1793 μετὰ
1667 1713 1952 1795 παρακλή-

2050 1711 2190 1774 nale
2210 1711 2372 1774 enim
2391 1712 3012 1797 agebaturjejunium,
3030 1718 3281 1780 Romam
3304 1717 3600 1799 proﬁcisci
3624 1725 3683 1784 et

294 1830 433 1870 σεως
462 1804 801 1887 προσελθεῖν,
822 1796 926 1904 ..Ὀ
961 1802 1016 1861 δὲ
1064 1804 1307 1882 βασιλεὺς
1368 1806 1461 1861 σὺν
1514 1811 1592 1880 τῷ
1617 1804 1949 1885 πατριάρχῃ,

2050 1799 2406 1889 supplicibus
2433 1802 2586 1904 votis
2628 1803 2798 1904 adire
2847 1796 3321 1904 imperatorem;
3353 1807 3685 1889 Imperator

298 1898 617 1961 ἀκούσαντες
672 1897 771 1964 τὴν
821 1893 1022 1952 ἔλευσὶν
1092 1896 1272 1969 αὐτοῦ,
1345 1895 1760 1974 προϋπηντησαν
1815 1894 1957 1967 αὐτῷ

2050 1900 2236 1953 autem
2268 1909 2402 1953 cum
2436 1891 2794 1973 patriarcha,
2820 1893 3019 1957 audito
3067 1894 3198 1976 ejus
3226 1895 3501 1974 adventu,
3534 1915 3681 1979 pro-

304 1988 392 2042 καὶ
448 1986 809 2066 κρατήσαντες
883 1984 1042 2041 αὺτὸν
1112 1982 1484 2065 ἀμφοτέρωθεν
1553 1988 1660 2040 τῶν
1731 1987 1952 2064 χειρῶν,

2038 1979 2205 2044 diere
2235 1979 2466 2043 obviam
2499 1992 2560 2045 et
2589 1982 2886 2064 prehensa
2938 1983 3079 2046 hinc
3132 1984 3276 2048 inde
3323 2002 3504 2050 manu
3548 1987 3694 2068 ejus.

308 2074 572 2154 ἀνήγαγον
659 2075 733 2139 εἰς
801 2074 863 2131 τὸ
930 2085 1337 2154 πατριαρχετον,
1410 2071 1712 2136 καθίσαντες
1799 2072 1956 2130 αὐτὸν

2050 2068 2414 2157 adduxerunt
2429 2068 2493 2131 in
2516 2070 2959 2152 patriarchium,
2979 2072 3241 2137 medium
3255 2074 3686 2157 sederejuben-

305 2162 465 2240 μέσον
500 2184 517 2200 ·
583 2162 827 2220 κάκεῖνοι
898 2160 959 2219 ὲκ
1017 2158 1194 2228 δεξιῶν
1249 2163 1339 2219 καὶ
1394 2160 1679 2241 ἀριστερῶν
1733 2160 1955 2241 κατεφί-

299 2251 424 2311 λουν
451 2252 547 2315 τὰς
573 2264 766 2333 χεῖρας
799 2253 982 2312 αὺτοῦ.

380 2357 468 2444 ζ’.
544 2357 606 2425 Ὀ
673 2363 729 2424 δὲ
784 2364 952 2441 ὅσιος,
1036 2365 1081 2422 εἰ
1145 2366 1234 2422 καὶ
1287 2363 1482 2446 σφόδρα
1537 2361 1811 2444 ἐϐαρύνετο
1863 2363 1953 2420 καὶ

2038 2165 2151 2247 tes,
2182 2156 2286 2247 illo
2314 2176 2455 2247 vero
2485 2159 2561 2222 ad
2606 2160 2871 2223 dextram
2901 2169 2961 2225 et
2987 2161 3288 2226 sinistram
3316 2156 3526 2229 manus
3554 2165 3695 2247 ejus.

2038 2244 2561 2310 deosculabantnr.

2115 2361 2218 2425 90.
2250 2360 2330 2423 At
2355 2360 2447 2423 vir
2473 2368 2712 2428 sanctus
2732 2362 2876 2427 licet
2895 2361 2969 2427 ad
2992 2364 3120 2428 haec
3142 2364 3395 2429 nimium
3433 2365 3691 2431 afﬂicta-

297 2456 509 2514 ἔστενεν
581 2454 667 2511 ἐπὶ
737 2467 875 2518 τοτςκ
939 2454 1079 2512 οὕτω
1157 2453 1479 2533 γινομένοις,
1565 2453 1712 2529 ὅμως
1780 2451 1955 2509 πάντα

2050 2459 2202 2513 retur
2228 2457 2288 2513 et
2308 2458 2597 2534 gemeret,
2625 2451 2826 2515 omnia
2855 2459 3053 2517 tamen
3102 2453 3445 2533 suﬂ‘erebat,
3477 2455 3531 2519 si
3566 2476 3684 2538 quo

295 2544 586 2623 ὑπέμενεν,
620 2542 674 2599 εἴ
698 2565 814 2608 πως
869 2542 1116 2624 ἐπιτύχοι
1163 2552 1256 2613 τοῦ
1305 2543 1599 2617 αἱτήματος
1633 2557 1646 2572 ⁸
1708 2541 1796 2598 καί
1823 2561 1954 2622 φησι

296 2637 436 2714 πρὸς
493 2632 681 2696 αὺτούς
720 2653 732 2667 '
793 2631 1190 2712 Συγχωρήσατὲ
1248 2653 1339 2707 μοι
1400 2629 1486 2688 διὰ
1541 2632 1633 2687 τὸν
1666 2630 1853 2711 Κύριον
1881 2634 1959 2703 τῷ

298 2719 614 2802 ἁμαρτωλῷ
679 2720 823 2799 παρὰ
890 2720 1092 2785 πάντας
1163 2719 1465 2799 ἀνθρώπους
1528 2720 1617 2777 καὶ
1682 2718 1961 2795 ἡμιθνήτῳ

299 2812 540 2891 γέροντι,
600 2807 682 2865 ὅτι
735 2806 943 2874 ἀνάξιος
999 2808 1227 2888 ὑπάρχω
1283 2813 1383 2876 τῆς
1437 2808 1687 2876 τοιαύτης
1740 2811 1905 2884 τιμῆς
1940 2824 1954 2838 ·

302 2899 513 2976 μᾶλλον
541 2897 672 2973 ἐμόν
725 2896 835 2953 ἐστι
883 2899 945 2954 τὸ
994 2909 1308 2978 προσκυνεῖν
1359 2896 1482 2961 τοὺς
1534 2896 1738 2974 τιμίους
1794 2893 1959 2960 πόδας

301 2992 475 3063 ὑμῶν,
507 2988 597 3045 καὶ
645 2984 881 3044 σέϐεσθαι
923 2986 1020 3050 τὰς
1071 2986 1316 3050 τοιαύτας
1378 2983 1525 3052 ἀξίας
1580 2987 1751 3062 ὑμῶν.
1812 2983 1959 3053 Πλὴν

2041 2545 2210 2621 pacto
2232 2547 2435 2621 posset
2457 2539 2749 2619 obtinere,
2766 2545 2926 2625 quod
2938 2542 3198 2625 petebat,
3229 2550 3288 2608 et
3304 2544 3387 2607 ait
3403 2544 3478 2609 ad
3506 2544 3643 2608 illos
3668 2564 3684 2610 :

2039 2628 2336 2710 Ignoscite
2363 2629 2509 2693 mihi
2539 2631 2810 2694 omnium
2833 2632 3090 2696 maximo
3115 2632 3418 2716 peccatori
3436 2642 3496 2697 et
3508 2638 3691 2699 semi-

2041 2725 2274 2780 mortua
2303 2719 2437 2783 seni
2465 2737 2576 2800 per
2627 2719 2974 2798 Dominum,
3033 2721 3315 2803 indignus
3367 2722 3530 2785 enim
3556 2742 3690 2788 sum

2044 2813 2202 2868 tanto
2234 2806 2485 2871 honore.
2535 2808 2733 2871 Meum
2786 2808 2985 2889 potius
3040 2815 3132 2872 est
3187 2808 3588 2891 procumbere
3615 2810 3692 2874 ad

2041 2895 2428 2959 honorabiles
2443 2905 2675 2960 vestros
2696 2897 2885 2979 pedes
2907 2905 2967 2960 et
2983 2897 3259 2962 venerari
3280 2905 3398 2960 tam
3441 2899 3693 2963 eximias

2041 2991 2266 3047 vestras
2283 2984 2622 3066 dignitates.
2644 2988 2803 3049 Sane
2820 2986 3053 3051 accessi
3071 2988 3144 3051 ad
3166 2985 3413 3067 gloriam
3431 2995 3693 3051 vestram

305 3076 535 3147 ἐλήλυθα
566 3077 702 3155 πρὸς
733 3075 829 3144 τὴν
859 3072 1171 3143 ἐνδοξότητα
1220 3075 1388 3152 ὑμῶν,
1443 3076 1504 3133 ού
1563 3072 1717 3142 δόξης
1772 3072 1961 3155 ὀρεγό-

2050 3092 2163 3136 nou
2193 3072 2399 3153 gloriae
2424 3074 2701 3157 cupidus,
2722 3081 2825 3138 aut
2842 3074 3248 3155 largitionum,
3272 3082 3373 3138 aut
3393 3075 3699 3157 maximo-

313 3188 491 3246 μενος,
523 3166 560 3235 ἢ
590 3163 826 3245 δωρεῶν,
876 3168 914 3234 ἢ
969 3163 1242 3244 προσόδων
1300 3164 1587 3244 μεγίστων,
1636 3163 1774 3223 ἀλλᾶ
1801 3164 1961 3246 χάριν

313 3262 403 3312 τοῦ
428 3253 606 3312 πολλὰ
655 3252 1032 3320 δουλεύσαντος
1077 3255 1227 3332 ὑμῖν,
1287 3254 1376 3311 καὶ
1428 3260 1607 3318 κακῶς
1663 3252 1963 3321 διοικηθέν-

311 3366 398 3407 τος
464 3341 592 3424 παρ’
664 3346 813 3419 ὁμῶν
846 3359 863 3376 ⁶
936 3353 1030 3403 τοῦ
1093 3344 1230 3420 ὑμᾶς
1304 3341 1630 3424 ἀμφοτέρους
1700 3343 1807 3401 ἀπὸ
1872 3347 1966 3399 τοῦ

312 3434 674 3509 βαπτίσματος
744 3429 1176 3514 ἀναδεδεγμένοο,
1268 3433 1357 3489 καὶ
1440 3429 1566 3512 παρ’
1636 3432 1786 3507 ὑμῶν
1839 3429 1965 3498 τοὺς

316 3522 613 3602 ὀφθαλμοὺς
685 3519 1129 3602 ἐξορωρυγμένον.
1209 3521 1405 3599 Δέομαι
1454 3527 1555 3589 τῆς
1604 3518 1961 3601 φιλευσεϐείας

312 3612 456 3685 ὑμῶν
486 3609 823 3690 δωρήσασθαί
879 3634 971 3688 μοι
1028 3612 1207 3692 αὐτὸν,
1260 3610 1354 3667 ἵνα
1408 3611 1623 3675 καθίσας
1654 3607 1771 3688 μετ’
1804 3608 1959 3689 ἐμοῦ,

312 3699 625 3775 κλαύσωμεν
676 3695 966 3781 ἀμφότεροι
1021 3700 1116 3763 τὰς
1170 3699 1429 3781 ἁμαρτίας
1477 3701 1655 3776 ἡμῶν.
1731 3698 1862 3757 Τότε
1934 3700 1964 3756 6

306 3788 555 3865 βασιλεὺς
627 3785 974 3868 ἐπιδακρύσας
1041 3790 1227 3868 μικρὸν
1301 3792 1381 3861 (οὗ
1443 3788 1544 3869 γὰρ
1611 3793 1678 3855 ἦν
1723 3786 1965 3856 ’⁴ἆληθῶς

302 3879 368 3935 τὸ
424 3884 535 3934 πᾶν
588 3882 689 3945 τῆς
740 3876 901 3937 αὐτοῦ
950 3875 1177 3956 βουλῆς)
1228 3877 1483 3957 ἀπεκρίθη
1538 3877 1617 3952 τῷ
1671 3877 1914 3956 μακαρίῳ
1946 3892 1961 3907 ⁶

306 3966 493 4027 Πάντα
538 3965 696 4041 ἐσμὲν
737 3965 942 4042 ἕτοιμοι
991 3976 1086 4027 τοῦ
1137 3965 1418 4047 πληρῶσαι
1468 3966 1536 4023 τὰ
1589 3962 1843 4026 δοκοῦντα
1896 3972 1966 4043 τῇ

305 4062 382 4133 σῇ
452 4055 748 4132 ἁγιωσύτῃ,
821 4054 940 4134 εἴγε
1008 4057 1096 4113 καὶ
1164 4056 1227 4112 σὺ
1297 4055 1597 4133 ἐπακούσῃς
1652 4060 1750 4123 τῆς
1806 4056 1965 4133 ἡμῶν

306 4140 726 4224 παρακλήσεως,
778 4145 866 4200 καὶ
920 4142 1177 4224 καταδέξῃ
1229 4151 1323 4203 τοῦ
1368 4141 1554 4202 λαϐεῖν
1613 4145 1965 4225 μοναστήριον

306 4230 366 4287 ἒν
395 4231 566 4308 ταύτῃ
622 4238 692 4309 τῇ
746 4231 922 4308 πόλει,
986 4236 1105 4291 οἷον
1160 4233 1223 4290 ἂν
1281 4232 1471 4315 βούλῃ,
1530 4235 1620 4291 καὶ
1674 4233 1819 4290 εἶναι
1849 4231 1966 4311 μεθ’

304 4323 469 4397 ἡμῶν
539 4318 627 4376 διὰ
685 4323 909 4386 παντὸς.
982 4329 1085 4381 Τοῦ
1139 4321 1194 4380 δὲ
1247 4322 1492 4403 γέροντος
1545 4322 1969 4400 ἀπαναινομένου

2042 3179 2175 3224 rum
2232 3169 2649 3244 proventuum,
2682 3164 2789 3226 sed
2818 3163 2880 3225 in
2909 3162 3188 3227 beneﬁcii
3237 3164 3370 3226 loco
3399 3163 3699 3245 petiturus

2046 3248 2238 3332 illum,
2270 3249 2374 3332 qui
2403 3250 2658 3314 multum
2684 3250 2852 3314 vobis
2882 3250 3188 3316 inservivit
3209 3258 3268 3314 et
3286 3251 3443 3315 male
3466 3270 3499 3315 a
3527 3252 3699 3316 vobis

2050 3345 2331 3402 tractatus
2359 3346 2473 3417 est,
2506 3340 2607 3422 qui
2634 3348 2958 3423 utrumque
2984 3347 3251 3405 vestrum
3291 3341 3368 3403 de
3393 3341 3557 3404 fonte
3580 3341 3692 3403 ba-

2046 3427 2340 3510 ptismatis
2363 3429 2652 3512 suscepit,
2687 3436 2749 3493 et
2776 3430 3085 3493 oculorum
3115 3448 3150 3492 a
3193 3427 3363 3491 vobis
3388 3437 3695 3493 erutorum

2043 3517 2180 3580 luce
2210 3517 2474 3599 privatus
2495 3524 2606 3581 est.
2634 3516 2900 3582 Obsecro
2924 3516 3185 3581 studium
3206 3516 3442 3600 pietatis
3457 3524 3699 3595 vestrae,

2043 3613 2108 3668 ut
2135 3605 2303 3668 illum
2336 3605 2483 3668 mihi
2513 3605 2669 3669 dono
2697 3606 2872 3682 detis,
2907 3626 3023 3690 quo
3078 3624 3315 3670 mecum
3345 3604 3574 3682 sedeat,
3608 3605 3698 3668 si-

2046 3694 2289 3776 mulque
2319 3700 2562 3775 peccata
2580 3701 2783 3758 nostra
2804 3694 3158 3758 deﬂeamus.
3179 3695 3348 3757 Tunc
3371 3695 3696 3775 imperator

2047 3782 2289 3866 paulum
2318 3782 2769 3866 collacrymatus
2805 3785 3040 3866 '(neque
3087 3782 3251 3847 enim
3293 3788 3508 3864 totum,
3541 3781 3702 3865 quod

2048 3878 2439 3954 successerat,
2471 3879 2600 3935 erat
2624 3890 2835 3937 revera
2861 3873 2937 3936 de
2967 3872 3099 3954 ejus
3128 3870 3404 3953 consilio)
3434 3889 3697 3953 respou-

2048 3961 2135 4024 dit
2154 3961 2326 4025 beato
2346 3959 2516 4024 Viro:
2541 3962 2735 4026 Parati
2783 3980 2992 4027 sumus
3019 3960 3095 4024 ad
3123 3959 3431 4044 implenda
3459 3959 3687 4038 omnia,

2047 4069 2179 4133 quae
2207 4057 2320 4114 tuae
2350 4051 2553 4134 pietati
2576 4053 2839 4134 placent,
2858 4052 2911 4115 si
2930 4058 2989 4115 et
3008 4051 3138 4133 ipse
3168 4058 3434 4114 nostram
3457 4050 3699 4132 petitio-

2048 4159 2186 4203 nem
2215 4139 2513 4204 audiveris
2544 4150 2603 4205 et
2634 4158 2756 4205 non
2804 4140 3171 4220 dedignatus
3214 4139 3401 4203 fueris
3427 4139 3704 4221 accipere

2049 4228 2482 4293 monasterium
2512 4229 2576 4292 in
2607 4230 2718 4294 hac
2765 4228 2941 4307 urbe,
2990 4228 3393 4310 quodcunque
3418 4228 3702 4305 volueris,

2049 4327 2114 4381 ut
2139 4318 2454 4382 nobiscum
2513 4326 2801 4401 perpetuo
2858 4336 3125 4383 maneas.
3183 4318 3523 4381 Recusante
3552 4335 3703 4389 sene

305 4411 413 4477 τὴν
485 4409 541 4465 ἐν
593 4414 662 4486 τῇ
729 4409 885 4469 πόλει
953 4408 1249 4493 διατριϐὴν,
1324 4410 1621 4492 προέτεινεν
1678 4415 1822 4488 αὐτῷ
1871 4413 1964 4470 τὸν

2054 4409 2584 4470 commorationem
2613 4407 2677 4469 in
2712 4406 2884 4480 urbe.
2911 4405 3288 4489 protulerunt
3315 4404 3405 4468 illi
3433 4412 3704 4493 sanctum

305 4499 466 4578 ἅγιον
556 4495 923 4573 Ἀναστάσιον,
1014 4503 1086 4566 ὡς
1175 4498 1276 4567 ’ἐξω
1351 4498 1567 4580 θορύϐου
1633 4501 1968 4581 ὑπάρχοντα,

306 4590 399 4644 καὶ
454 4588 538 4644 ἀεὶ
592 4595 670 4663 τῷ
720 4589 966 4670 ἡμετέρῳ
1012 4591 1151 4671 γένει
1205 4590 1690 4671 προσαναφέροντα.
1751 4590 1851 4649 Καὶ
1892 4587 1970 4658 ,δὴ

309 4675 625 4760 κατεδέξατο
655 4677 959 4752 σπουδάζων
1014 4689 1105 4740 τοῦ
1157 4678 1486 4756 ζητουμένου
1538 4692 1731 4760 τυχεῖν
1787 4676 1967 4758 δωρή-

308 4788 508 4842 ματος.
570 4758 632 4826 Ὀ
688 4765 746 4823 δὲ
801 4768 982 4850 ἄγριος
1036 4769 1218 4834 πάπας
1279 4768 1490 4834 ἐκεῖνος
1544 4758 1969 4849 μῆήχορτασθεὶδ

306 4853 394 4937 ἐφ’
468 4859 558 4921 οἷς
626 4856 843 4937 ἔπραξεν
910 4861 984 4925 εἰς
1026 4859 1116 4917 τὸν
1187 4856 1543 4940 προρῤηθέντα
1621 4855 1920 4936 Φιλάγαθον
1952 4874 1968 4894 ⁸

2051 4495 2449 4578 Anastasium,
2479 4496 2683 4578 procul
2715 4515 2751 4559 a
2778 4495 2951 4558 turba
2980 4494 3234 4577 positum
3266 4501 3325 4558 et
3353 4492 3713 4559 Graecanica;

2052 4583 2215 4666 genti
2245 4602 2485 4666 semper
2538 4584 2866 4649 addictum.
2920 4583 3127 4666 Itaque
3177 4583 3407 4658 annuit,
3460 4581 3709 4664 cupiens

2054 4671 2170 4735 sibi
2198 4672 2430 4749 donari,
2463 4673 2620 4756 quod
2640 4671 2905 4755 petebat.
2936 4670 3159 4737 Verum
3191 4689 3343 4755 papa
3371 4671 3474 4736 ille
3500 4670 3706 4734 immi-

2057 4762 2192 4840 tior,
2218 4761 2342 4844 (77)
2363 4782 2483 4826 non
2514 4763 2783 4845 expletus
2804 4761 3000 4840 malis,
3019 4759 3237 4843 quibus
3258 4761 3703 4841 Philagathum,

2056 4850 2132 4914 de
2160 4870 2276 4933 quo
2304 4869 2483 4935 supra
2512 4850 2783 4929 memini,
2815 4850 3119 4928 all‘ecerat,
3149 4849 3427 4933 produxit
3442 4849 3615 4915 illum
3649 4856 3713 4912 et

1706 5031 1949 5107 Joannis
1974 5030 2103 5103 Clei
2130 5035 2306 5107 notat.

399 5180 520 5264 (76)
550 5180 840 5264 Gregorio
888 5180 1171 5264 nimirum
1222 5181 1297 5262 V,
1362 5181 1966 5264 Romanopontifice2

312 5259 418 5346 qui
454 5270 594 5324 ante
624 5261 826 5325 Bruno
855 5259 1289 5346 appellabatur,
1347 5271 1594 5346 eratque
1614 5259 1862 5346 _Ottonis
1890 5259 1968 5325 Ill

309 5342 699 5423 igmperatorts
754 5342 1280 5423 consanguineus:
1344 5342 1515 5406 natus
1567 5342 1852 5405 nimirum
1902 5359 1973 5404 ex

311 5421 537 5486 Ottone
557 5423 739 5504 duce,
774 5421 1188 5504 quitha'rciam
1218 5422 1632 5487 Veronensem
1665 5432 1799 5504 tum
1818 5431 1975 5504 tem-

359 5504 485 5586 oris
515 5502 840 5586 obtinebat.
874 5503 1044 5586 Hunc
1099 5522 1277 5586 porro
1335 5504 1651 5586 inﬂlucem
1708 5502 1978 5586 ediderat

346 5582 683 5665 .uitguarda
711 5582 946 5665 Ottonis
973 5582 1168 5665 Magni
1198 5585 1342 5647 ﬁlia.
1405 5583 1557 5647 Vide
1591 5582 1972 5665 Muratorium

320 5661 383 5756 i_n
396 5661 698 5756 riualibus
708 5663 909 5756 Italia:
924 5665 997 5726 ad
1015 5661 1236 5756 annum
1245 5665 1380 5756 996
1401 5665 1607 5756 etin
1617 5663 1975 5756 ntiqut'tatf-

331 5741 438 5826 bus
492 5743 725 5826 Italicis
778 5744 1023 5826 dissert.
1075 5748 1177 5808 At.
1239 5741 1874 5826 Quaadicitscriptor
1902 5742 1977 5806 de

334 5821 637 5889 miraculis
667 5833 835 5889 extra
859 5825 1218 5900 Ecclesiam,
1273 5825 1542 5906 intelligo
1569 5825 1646 5889 de
1673 5821 1973 5909 apparen-

2052 5176 2231 5249 tibus,
2266 5175 2357 5238 vel
2387 5174 2632 5260 patratis
2658 5173 2734 5239 ab
2764 5174 2908 5254 illis,
2940 5175 3046 5260 qui
3073 5175 3296 5241 deinde
3319 5194 3354 5240 a
3377 5173 3497 5239 ﬁde
3516 5174 3708 5240 desci-

2052 5264 2509 5417 vel(."7u7‘)t.Papam
2540 5335 2832 5402 immitem
2861 5337 3118 5420 appellat
3172 5335 3588 5482 biograghus:
3650 5342 3711 5398 at

2063 5418 2270 5481 Petrus
2326 5415 2648 5481 Damianus
2707 5426 2767 5482 et
2818 5419 3323 5482 Chronograohus
3420 5435 3528 5480 axo
3558 5433 3709 5478 cru-

2063 5418 2270 5501 Petrus
2326 5418 2648 5481 Damianus
2707 5426 2767 5482 et
2818 5418 3528 5501 Chronographus_Saxo
3558 5433 3709 5501 cru-

2058 5497 2364 5580 delitatem
2396 5504 2576 5580 totam
2612 5501 2923 5575 Romanis,
2978 5496 3320 5580 veritisLne
3343 5496 3706 5580 impunitum

2058 5578 2388 5640 dimitteret
2432 5576 2796 5658 imperator,
2853 5580 3147 5646 aﬂ‘ricant.
3206 5578 3384 5652 Vide,
3432 5575 3487 5641 si
3541 5575 3714 5658 plura

2059 5660 2135 5743 de
2186 5659 2357 5743 hisce
2408 5656 2738 5743 desideras,
2777 5656 2934 5743 qum
2989 5660 3209 5743 scripsi
3247 5658 3483 5743 _Gloriae
3536 5656 3744 5743 post:

2058 5740 2259 5887 231211?
2281 5737 2390 5803 SS.
2424 5736 2704 5822 Cypriani
2760 5736 2837 5805 et'
2880 5736 3183 5809 socioru'm
3238 5741 3269 5824 §
3323 5740 3384 5820 3,
3435 5736 3605 5841 imm.
3636 5736 3743 5800 2T

2059 5828 2118 5885 et
2146 5828 2249 5885 28.
3476 5834 3484 5849 ⁷
