4182 6396
492 353 606 419 151

2006 346 2365 414 ΑΝΟΝΥΜΙ

3761 340 3880 410 152

492 480 844 566 saserdotali
870 481 1076 545 habitu
1105 498 1289 563 super
1337 479 1532 562 ipsum
1590 452 1839 542 discisso
1869 478 2130 543 circum-

2219 479 2436 562 ἀγαγών
2493 503 2550 538 τε
2607 483 2788 562 αύτὸν,
2845 483 2934 539 καὶ
2987 483 3086 550 τὴν
3144 483 3414 561 ἱερατικὴν
3475 479 3671 549 στολὴν
3721 477 3875 558 διαρο

494 565 662 634 duxit
690 588 801 653 per
830 577 1012 634 totam
1041 569 1280 634 urbem.

577 748 681 812 91.
713 748 840 822 Quo
869 748 1094 825 audito,
1127 753 1366 810 sanctus
1395 764 1576 809 senex
1626 747 2012 809 vehementer
2041 746 2140 809 in-

493 837 706 913 doluit,
731 857 843 901 nec
863 837 1119 919 amplius
1137 835 1211 898 ab
1242 836 1598 918 imperatore
1625 835 2139 918 archiepiscopum

492 927 686 1008 potiit.
746 926 913 1000 Quod
965 926 1068 988 ubi
1123 924 1538 987 animadvertit
1593 924 1938 1004 imperator,
1981 925 2142 988 misit

492 1015 810 1097 quemdam
841 1015 917 1078 de
945 1015 1071 1077 suis
1099 1013 1564 1094 archiepiscopis
1579 1013 1793 1075 blando
1808 1022 2143 1095 praepoten-

495 1110 619 1166 tem
649 1104 910 1183 eloquio,
946 1106 1044 1185 qui
1077 1103 1237 1165 senis
1265 1101 1530 1163 animum
1561 1102 1799 1165 leniret.
1843 1102 1932 1164 Ad
1961 1121 2138 1182 quem

495 1191 589 1253 vir
618 1200 858 1254 sanctus
895 1209 908 1254 :
943 1190 1133 1266 Vade,
1191 1189 1406 1270 inquit,
1466 1189 1648 1252 dicito
1707 1190 2053 1271 imperatori
2083 1197 2140 1252 et

497 1298 665 1361 papae
696 1300 712 1342 :
747 1279 884 1342 Haec
913 1281 994 1342 ait
1023 1279 1250 1341 delirus
1279 1279 1379 1340 ille
1410 1297 1593 1341 senex
1622 1299 1637 1340 :
1684 1279 1962 1342 Donastis
1993 1279 2142 1340 mihi

496 1369 656 1431 hunc
676 1387 920 1444 caecum,
948 1387 1066 1430 non
1079 1367 1154 1429 ob
1182 1367 1302 1430 mei
1319 1368 1616 1443 timorem,
1633 1387 1751 1429 non
1775 1367 2139 1447 objmagnam

495 1475 691 1519 meam
711 1457 1057 1539 potentiam,
1087 1457 1191 1518 sed
1216 1455 1290 1518 ob
1315 1455 1489 1516 unius
1515 1455 1619 1517 Dei
1646 1474 1934 1518 amorem.
1969 1455 2138 1520 Nunc

491 1544 671 1624 igitur
698 1563 1067 1627 quaecunque
1111 1544 1200 1606 illi
1253 1544 1407 1606 mala
1462 1543 1795 1625 addidistis,
1850 1563 1968 1606 non
1999 1545 2137 1626 ipsi,

491 1633 598 1696 sed
627 1633 775 1696 mihi
797 1633 1045 1710 fecistis,
1068 1633 1212 1712 quin
1233 1633 1355 1694 imo
1387 1633 1448 1694 in
1475 1633 1893 1713 Deumjpsum
1925 1641 2140 1696 contu-

493 1721 730 1785 meliosi
784 1723 1001 1786 fuistis.
1060 1721 1266 1784 Estote
1320 1721 1501 1800 igitur
1554 1722 1818 1784 scientes
1870 1723 1996 1784 fore
2053 1730 2130 1798 ut,

2223 1714 2545 1797 ἐνυϐρίσατε.
2608 1714 2759 1777 Ἐστε
2829 1723 3000 1778 τοίνυν
3070 1723 3446 1802 γινώσκοντες,

2224 567 2384 715 ᾒξας
2452 568 2538 627 ἐπ’
2617 573 2782 647 αύτῷ,
2875 571 3200 650 περιήγαγεν
3279 572 3435 630 αὐτὸν
3507 577 3680 626 πᾶσαν
3776 569 3877 636 τὴν

2284 658 2458 715 diu-rw.

2284 658 2458 754 άξιξηνι
2492 732 2506 754 .

2308 729 2427 822 ξαξ
2492 729 2646 828 εὅπερ
2702 748 2929 812 ἀκούσας
2979 749 3008 804 6
3063 748 3214 827 ἅγιος
3267 746 3459 827 γέρων,
3511 749 3598 804 καὶ
3627 746 3760 804 πάνυ
3789 743 3879 801 λυ-

2189 831 2432 916 λαηθεὶς,
2507 836 2680 896 οὐκέτι
2749 837 2988 914 ᾐτήσατο
3061 837 3203 915 παρὰ
3288 845 3382 896 τοῦ
3458 834 3715 912 βασιλέως
3786 835 3876 889 τὸν

2222 923 2665 1003 ἀρχιεπίσκοπυν,
2701 916 2794 988 Ὠς
2844 923 2898 981 δὲ
2957 924 3094 1004 ἔγνω
3147 934 3299 984 τοῦτο
3355 928 3383 982 6
3438 923 3709 1002 βασιλεὺς,
3743 923 3879 980 ἀπο-

2223 1011 2428 1068 στέλλει
2457 1011 2548 1070 ἕνα
2598 1020 2705 1070 τῶν
2761 1019 2918 1074 αὐτοῦ
2973 1014 3410 1094 ἀρχιεπισκόπων
3454 1012 3570 1070 λίαν
3599 1010 3878 1087 στωμύλον

2221 1100 2352 1177 πρὸς
2410 1101 2508 1191 τὸν
2527 1099 2836 1170 δυσωπῆσαι
2893 1103 2982 1159 τὸν
3034 1102 3280 1182 γέροντα.
3337 1103 3474 1182 Πρὸς
3532 1104 3589 1159 ὃν
3646 1103 3802 1158 εἶπεν
3847 1101 3875 1155 6

2222 1185 2366 1252 ὅσιος
2401 1207 2418 1222 ⁸
2481 1185 2724 1265 Ἂπελθε,
2783 1190 2898 1246 εἶπὲ
2948 1191 3025 1265 τῷ
3051 1189 3266 1268 βασιλεῖ
3291 1192 3378 1247 καὶ
3405 1198 3483 1266 τῷ
3512 1192 3663 1264 πάπα
3695 1209 3710 1223 ⁶
3742 1187 3877 1247 Τάδε

2220 1275 2364 1354 λέγει
2414 1278 2443 1334 6
2493 1277 2689 1358 ἔξηχος
2742 1278 2909 1358 γέρων
2943 1298 2956 1312 ·
3019 1276 3368 1360 Ἐχαρίσασθέ
3425 1302 3514 1355 μοι
3563 1281 3652 1335 τὸν
3692 1276 3876 1357 τυφλὸν

2219 1373 2404 1422 τοῦτον
2435 1364 2552 1422 οὔτε
2609 1363 2694 1421 διὰ
2748 1368 2838 1422 τὸν
2895 1364 3023 1441 ἐμὸν
3081 1364 3268 1446 φόϐον,
3325 1365 3441 1423 οὔτε
3473 1364 3556 1422 διὰ
3582 1369 3681 1433 τὴν
3712 1366 3876 1443 μεγά-

2220 1450 2321 1519 λην
2369 1476 2471 1528 μου
2527 1451 2849 1528 δυναστείαν,
2913 1452 3050 1510 ἀλλὰ
3107 1453 3190 1511 διὰ
3249 1455 3418 1531 μόνην
3470 1455 3570 1521 τὴν
3623 1461 3715 1512 τοῦ
3747 1462 3876 1512 Θεοῦ

2221 1539 2457 1618 ἀγάπην.
2489 1548 2591 1599 Νῦν
2649 1542 2737 1600 οὖν
2795 1540 2893 1598 ὅσα
2945 1543 3089 1619 αύτῷ
3139 1545 3522 1625 προσεθήκατε,
3583 1543 3677 1601 οὔκ
3706 1543 3871 1622 αὐτῷ,

2221 1627 2344 1726 ἀλλὶ
2371 1630 2487 1705 ἐμοὶ
2516 1629 2824 1726 ἐποιήσατε,
2887 1630 3088 1708 μᾶλλον
3143 1630 3198 1688 δὲ
3256 1634 3329 1696 εἰς
3386 1633 3540 1690 αὐτὸν
3596 1636 3685 1690 τὸν
3718 1641 3872 1712 Θεον,

3550 1720 3630 1779 ὅτι
3697 1722 3872 1784 καθὼς

490 1810 998 1891 quemadmodum
1022 1827 1123 1871 vos
1139 1782 1764 1886 nondoluislisvicem,
1786 1830 1897 1874 nec
1914 1810 2130 1874 miserti

2225 1782 2382 1882 ὑμείς
2453 1809 2514 1866 ού
2573 1811 2994 1883 σονοπαθήσατε,
3055 1782 3171 1868 οίύτε
3230 1782 3540 1877 ἐνεδείξασθε
3597 1810 3744 1874 ἕλεος
3800 1812 3873 1873 εἷς

491 1898 638 1961 estis
667 1900 820 1979 ejus,
852 1917 1032 1981 quem
1080 1897 1241 1962 Deus
1299 1898 1539 1960 tradidit
1597 1900 1873 1962 manibus
1901 1901 2130 1977 vestris,

2224 1897 2316 1950 τὸν
2368 1896 2470 1952 ὑπὸ
2526 1903 2658 1956 Θεοῦ
2716 1895 3072 1977 παραδοθέντα
3141 1899 3216 1963 εἷς
3288 1899 3382 1962 τὰς
3451 1913 3643 1979 χεῖρας
3699 1900 3873 1978 ὑμῶν,

489 1985 572 2049 ita
590 1987 758 2049 vobis
777 2007 1014 2069 quoque
1030 1985 1204 2049 Pater
1223 1987 1482 2049 caelestis
1505 1996 1745 2068 peccata
1769 2008 2130 2072 nequaquam

2225 1982 2335 2072 δέν
2365 1997 2485 2049 τοῖς
2541 1987 2782 2064 οὐρανοῖς
2842 1988 3174 2062 συμπαθήσει
3231 1989 3326 2052 τὰς
3385 1988 3640 2067 ἁμαρτίας
3698 1988 3872 2063 ὑμῶν.

490 2074 848 2139 dimissurus
877 2076 974 2138 sit.
1022 2077 1103 2138 At
1150 2075 1438 2138 verbosus
1494 2077 1596 2138 ille
1652 2078 2141 2159 archiepiscopus

491 2173 766 2227 sanctum
798 2164 989 2227 virum
1020 2165 1406 2226 sermonibus
1460 2166 1764 2244 onerabat,
1799 2169 2138 2230 excusando

488 2255 915 2335 imperatorem
939 2262 997 2316 et
1016 2271 1253 2335 papam.
1278 2253 1688 2330 Quaresenex,
1717 2255 1981 2318 demisso
2003 2266 2140 2320 ante

488 2341 658 2406 illum
689 2343 903 2426 capite,
937 2342 1259 2406 dormitare
1315 2362 1380 2407 se
1435 2343 1768 2407 simulabat.
1821 2347 1898 2408 Et
1924 2345 1976 2407 is
2002 2366 2136 2409 cum

490 2431 738 2496 vidisset
765 2450 1080 2496 sermones
1106 2450 1244 2493 suos
1300 2451 1544 2514 prorsus
1601 2452 1718 2495 non
1751 2435 2000 2508 attendi,
2035 2455 2137 2497 re-

491 2521 689 2584 cessit.
714 2520 920 2584 Statim
951 2538 1093 2598 ergo
1117 2519 1206 2582 vir
1223 2529 1464 2582 sanctus
1493 2539 1628 2582 cum
1661 2521 1840 2584 sociis
1860 2521 2140 2584 fratribus

490 2609 836 2672 conscensis
867 2608 1036 2690 equis
1061 2628 1166 2691 per
1197 2615 1375 2672 totam
1420 2609 1584 2672 illam
1615 2618 1849 2672 noctem
1883 2611 2136 2676 confecit

489 2697 626 2772 iter,
662 2699 1048 2779 pervenitque
1076 2698 1148 2760 ad
1175 2717 1345 2760 suum
1401 2698 1851 2773 monasterium,
1885 2701 2138 2764 orationi

491 2785 728 2868 sibique
756 2805 970 2849 vacans
999 2785 1307 2868 Deumque
1349 2785 1572 2866 jugiter
1627 2787 1975 2867 propitians.
2009 2787 2137 2850 Non

490 2875 709 2937 multos
738 2882 868 2954 post
897 2874 1026 2936 dies
1055 2892 1205 2955 papa
1233 2874 1474 2956 quidem
1506 2893 1539 2936 e
1595 2891 1844 2938 numero
1875 2875 2134 2938 vivorum

495 2962 546 3024 vi
603 2962 1044 3037 exturbabatur,
1121 2962 1290 3043 quasi
1362 2971 1663 3044 tyrannus,
1749 2973 1812 3025 ut
1870 2963 2137 3028 dicentes

2227 2060 2284 2129 ιΟ
2340 2070 2396 2128 δὲ
2465 2060 2760 2154 πολυλόγος
2834 2060 3040 2140 ἐκεῖνος
3099 2060 3518 2158 ἀρχιεπίσκοπος
3573 2060 3876 2156 περιλαλῶν

2223 2159 2314 2214 τὸν
2384 2159 2529 2217 ὅσιον
2603 2167 2697 2222 οὐκ
2767 2163 3007 2240 ἐπαύετο,
3080 2163 3508 2243 ἀπολογούμενος
3575 2164 3704 2240 ὑπὲρ
3780 2171 3876 2221 τοῦ

2221 2247 2510 2330 βασιλέωςι
2551 2253 2640 2308 καὶ
2706 2262 2800 2312 τοῦ
2846 2253 3018 2316 πάπα,
3081 2255 3179 2312 Καὶ
3233 2255 3261 2310 6
3313 2252 3480 2333 γέρων
3535 2251 3714 2318 κλίνας
3773 2254 3874 2320 τὴν

2221 2336 2458 2415 κεφαλὴν
2489 2417 2501 2421 _
2529 2339 2818 2419 ἔμπροσθεν
2889 2345 3069 2414 αὐτοῦ,
3140 2343 3568 2421 προσεποιήσατο
3622 2349 3715 2400 τοῦ
3771 2366 3874 2398 νυ-

2220 2427 2451 2496 στάζειν,
2487 2417 2579 2493 Ὠς
2638 2417 2726 2486 οὖν
2780 2428 2924 2486 εἶδεν
2976 2430 3130 2488 αὐτὸν
3175 2417 3380 2494 ἐκεῖνος
3423 2428 3670 2506 μηδόλως
3699 2452 3874 2508 προσ-

2223 2513 2420 2594 έχοντα
2467 2529 2586 2581 τοῖς
2645 2518 2802 2577 αύτοῦ
2857 2517 3060 2597 λόγοις,
3124 2519 3352 2583 ἀναστὰς
3411 2519 3689 2599 ἐπορεύθη.
3726 2511 3783 2576 Ὀ
3813 2517 3872 2575 δὲ

2221 2601 2365 2667 ὅσιος
2435 2608 2686 2684 παρευθὺς
2755 2608 2847 2663 σὺν
2916 2621 3034 2672 τοῖς
3104 2614 3340 2666 συνοῦσιν
3409 2608 3551 2682 αὐτῷ
3620 2606 3873 2688 ἀδελφοῖς

2221 2689 2407 2756 ἐπιϐὰς
2477 2708 2595 2759 τοῖς
2653 2697 2893 2768 κτήνεσι,
2955 2694 3024 2752 δι’
3078 2694 3208 2764 ὅλης
3261 2701 3360 2765 τῆς
3417 2698 3603 2761 νυκτὸς
3661 2697 3872 2764 ἐκείνης
3957 2731 3971 2740 ·

2220 2779 2479 2839 κατέλαϐε
2547 2786 2610 2840 τὸ
2674 2782 2813 2841 ἴδιον
2882 2787 3258 2865 μοναστήριον,
3331 2791 3399 2862 τῇ
3452 2791 3728 2866 προσευχῇ
3782 2786 3876 2841 καὶ

2218 2867 2390 2945 ἑαυτῷ
2418 2871 2790 2952 προσανέχων,
2847 2875 2936 2930 καὶ
2989 2875 3080 2930 τὸν
3137 2875 3264 2931 Θεὸν
3320 2873 3604 2939 ἀπαύστως
3635 2872 3872 2940 ἐξιλεού-

2219 2978 2402 3032 μενος.
2458 2960 2587 3018 Μετ’
2645 2965 2705 3020 ού
2773 2961 2976 3027 πολλὰς
3047 2963 3134 3020 οὖν
3189 2961 3390 3043 ἡμέρας
3449 2965 3478 3019 6
3533 2965 3630 3039 μὲν
3684 2963 3872 3026 πάπας

489 3051 779 3133 quosdam
803 3051 1000 3114 audivi
1032 3050 1190 3132 (78),
1251 3058 1308 3112 et
1336 3050 1570 3113 etl'ossis
1602 3049 1718 3112 sibi
1747 3050 1953 3129 oculis,
1989 3073 2130 3134 quos

2217 3045 2394 3128 ὥσπερ
2450 3070 2530 3113 τις
2585 3050 2835 3128 τύραννος
2886 3051 3072 3128 βιαίως
3132 3057 3236 3108 τῶν
3298 3051 3438 3109 ἔνθεν
3497 3052 3758 3132 ἀπήγετο,
3791 3051 3871 3116 ὥς

489 3140 822 3222 pendentes
851 3141 923 3203 ad
953 3159 1136 3218 genas
1165 3139 1414 3214 ferebat,
1452 3157 1521 3200 ea
1577 3158 1794 3221 pompa
1821 3143 2130 3224 sepulturae

2217 3157 2374 3192 τινων
2422 3135 2686 3217 λεγόντων
2743 3139 2974 3216 ἀκήκοα⁹
3034 3141 3156 3206 τοὺς
3213 3139 3512 3218 ὀφθαλμοὺς
3542 3139 3867 3220 ἐκϐρασθεὶς,

491 3229 904 3294 mandabatur.
938 3229 1270 3312 Imperator
1316 3235 1516 3292 autem
1567 3228 1932 3310 pcenitentiae
1957 3249 2130 3294 causa

2217 3225 2306 3281 καὶ
2373 3225 2460 3283 ἐπὶ
2519 3229 2626 3283 τῶν
2694 3235 2925 3312 παρειῶν
2997 3231 3182 3296 αὖτοὺς
3241 3232 3535 3310 περιφέρων
3597 3230 3736 3288 οὕτω
3789 3237 3874 3305 τῷ

488 3327 830 3400 susceptum
860 3309 1135 3382 indicans
1193 3317 1482 3393 laborem,
1541 3309 1614 3379 ab
1673 3317 1823 3382 urbe
1877 3320 1951 3382 ad
1982 3325 2130 3385 Gar-

2217 3313 2367 3394 τάφῳ
2428 3312 2752 3394 παρεδίδοτο.
2831 3309 2887 3375 Ὀ
2945 3315 3000 3374 δὲ
3061 3309 3320 3400 βασιλεὺς
3357 3309 3637 3395 μετανοεῖν
3692 3319 3873 3398 ἐπαγ-

485 3399 703 3488 ganum
735 3407 985 3490 pedibus
1034 3408 1149 3472 iter
1201 3406 1364 3489 fecit,
1424 3414 1812 3470 veneraturus
1867 3403 2130 3473 Michae-

2217 3401 2558 3481 γελλόμενος,
2632 3411 2938 3486 πεζοπορῶν
2994 3407 3100 3464 ἀπὸ
3163 3399 3373 3484 Ῥώμης
3429 3410 3560 3488 πρὸς
3615 3409 3705 3465 τὸν
3773 3418 3875 3469 τοῦ

484 3499 606 3560 lem
636 3498 1056 3580 archangelum
1083 3518 1099 3560 :
1158 3497 1222 3561 in
1250 3495 1450 3561 reditu
1477 3495 1639 3560 beati
1666 3496 1778 3560 viri
1807 3498 2130 3583 hospitium

480 3587 706 3654 invisit.

561 3769 662 3833 92.
700 3766 847 3832 Cum
876 3766 1057 3849 igitur
1087 3785 1160 3831 ex
1215 3765 1459 3832 editiori
1511 3765 1644 3830 loco
1698 3767 2129 3832 monasterium

481 3861 890 3941 conspexisset
918 3865 978 3920 et
1005 3857 1251 3920 fratrum
1309 3856 1546 3937 tuguria
1601 3856 1758 3918 circa
1809 3857 2130 3920 oratorium

481 3950 598 4012 fixa
626 3967 643 4010 :
673 3949 862 4025 Ecce,
892 3947 1110 4029 inquit,
1136 3945 1516 4009 tabernacula
1565 3945 1748 4008 Israel
1778 3945 1840 4007 in
1868 3945 2127 4024 deserto,

482 4057 626 4103 ecce
655 4037 825 4118 regni
859 4037 1144 4099 caelorum
1176 4035 1354 4098 cives.
1389 4036 1464 4099 Hi
1492 4054 1613 4097 non
1650 4042 1716 4097 ut
1741 4033 2124 4113 habitatores,

480 4128 586 4192 sed
617 4133 684 4188 ut
709 4126 964 4189 viatores
1010 4125 1110 4189 hic
1153 4133 1394 4189 manent
1448 4126 1524 4189 At
1569 4133 1812 4189 sanctus
1844 4124 1931 4186 vir
1950 4125 2132 4205 jussit

479 4216 673 4280 thuris
697 4216 952 4294 suﬂitum
973 4215 1314 4298 praeparari,
1334 4234 1450 4298 quo
1465 4213 1695 4277 obviam
1716 4214 1804 4277 illi
1831 4215 2129 4295 profectus

2216 3493 2484 3572 Γαργάνου
2571 3493 2735 3570 ἀπῄει
2826 3495 3109 3572 ἀσώματον
3198 3493 3658 3578 Ἀρχιστράτηγον
3688 3514 3708 3534 ⁶
3777 3499 3872 3555 καὶ

2213 3581 2248 3649 ἡ
2305 3582 2462 3639 αὐτοῦ
2523 3582 2868 3664 ὑποστροφὴς,
2899 3582 2984 3642 διὰ
3037 3590 3138 3654 τῆς
3208 3583 3375 3653 ξενιᾶς
3445 3598 3540 3647 τοῦ
3609 3589 3870 3667 μακαρίου

2214 3668 2452 3750 ἐγίγνετο
2461 3715 2473 3729 .

2297 3749 2417 3837 ζ’β’.
2477 3757 2677 3818 Ἐλθὼν
2733 3761 2822 3818 οὖν
2878 3759 3143 3823 ἑπάνωθεν
3197 3773 3293 3824 τοῦ
3340 3767 3715 3848 μοναο-τηρίου²
3775 3771 3871 3826 καὶ

2214 3848 2534 3924 θεασάμενος
2589 3850 2707 3914 τὰς“
2737 3848 2969 3915 καλύϐας
3027 3858 3134 3909 τῶν
3190 3851 3426 3934 ἀδελφῶν
3481 3858 3599 3935 περὶ
3652 3857 3714 3912 τὸ
3770 3860 3828 3916 εὖ

2212 3937 2428 4015 κτήριον
2497 3937 2874 4017 πεπηγμένας,
2946 3938 3047 4020 ἔφη
3080 3955 3098 3974 ⁹
3174 3937 3304 3999 Ἰδοὺ
3377 3944 3428 3998 αἱ
3498 3945 3688 4012 σκηναὶ
3772 3953 3869 4002 τοῦ

2212 4022 2424 4114 Ἰσραὴλ
2494 4025 2548 4082 ὲν
2611 4027 2797 4105 ἐρήμῳ
2826 4043 2843 4061 ⁶
2918 4026 3026 4085 ἰδοὺ
3095 4032 3144 4087 οἱ
3198 4029 3416 4089 πολῖται
3472 4037 3572 4100 τῆς
3630 4034 3865 4114 οὐρανῶν

2210 4113 2479 4190 βασιλείας
2514 4129 2529 4146 ’
2563 4117 2704 4172 οὗτοι
2732 4119 2835 4202 ούχ
2881 4118 2953 4182 ὡς
2984 4117 3244 4196 κάτοικοι,
3305 4117 3424 4176 ἀλλ’
3474 4123 3547 4186 ὡς
3577 4113 3864 4202 παροδῖται

2208 4201 2384 4259 ἐνθάδε
2438 4201 2697 4280 μένουσιν.
2763 4195 2830 4262 ’οί
2880 4203 2934 4262 δὲ
2991 4195 3249 4288 μακάριος
3301 4206 3550 4274 κελεύσας
3607 4195 3864 4286 θύμιατὸν

479 4313 572 4370 est
599 4325 734 4368 cum
765 4291 1060 4368 universis
1086 4291 1404 4368 fratribus:
1456 4322 1632 4386 quem
1688 4291 1866 4366 etiam
1897 4321 2128 4366 summa

2217 4291 2474 4373 γενέσθαι,
2504 4293 2807 4362 ὑπήντησεν
2853 4294 2992 4370 αὒτῷ
3039 4300 3131 4352 σὺν
3187 4298 3335 4374 πάσῃ
3392 4304 3459 4376 τῇ
3487 4298 3802 4380 ἀδελφότητι
3836 4315 3855 4331 ⁹

477 4415 615 4459 cum
638 4393 966 4458 humilitate
984 4401 1042 4458 et
1059 4393 1390 4457 reverentia
1419 4358 1876 4455 ve‘nerabundus
1900 4391 2122 4453 saluta-

2217 4383 2296 4438 καὶ
2366 4358 2502 4457 μετὰ
2591 4382 2770 4450 πάσης
2863 4358 3340 4467 ταπεινοφροσύνης
3427 4358 3516 4444 καὶ
3581 4358 3861 4454 εύλαϐείας

475 4485 584 4548 vit.
614 4487 692 4549 Et
719 4484 1046 4567 imperator
1072 4483 1376 4565 supposita
1405 4502 1607 4556 manu,
1641 4500 1757 4564 qua
1785 4479 2125 4544 subnitere-

479 4582 576 4638 tur
603 4591 810 4649 senex,
837 4591 958 4636 una
982 4591 1117 4636 cum
1140 4572 1243 4636 illo
1295 4571 1620 4635 oratorium
1659 4571 1961 4649 ingressus
1990 4575 2118 4632 est:

475 4672 537 4730 et
562 4671 806 4748 peracta
831 4662 1124 4742 oratione,
1147 4669 1497 4745 imperator,
1515 4662 1640 4724 viro
1662 4667 1865 4724 sancto
1886 4676 1901 4723 :
1923 4658 2124 4722 Domi-

2206 4470 2598 4550 προσεκύνησεν
2673 4471 2840 4548 αύτῷ.
2918 4464 2974 4532 Ὀ
3045 4471 3100 4530 δὲ
3169 4475 3414 4551 βασιλεὺς
3483 4477 3688 4542 ὑποθεὶς
3756 4481 3861 4546 τὴν

2206 4571 2371 4641 χεῖρα
2428 4559 2517 4616 καὶ
2585 4561 2944 4642 ὑποστηρίζων
2999 4565 3088 4620 τὸν
3145 4563 3386 4644 γέροντα,
3447 4567 3688 4644 εἰσῄεσαν
3745 4567 3865 4643 ἅμα

2205 4651 2278 4715 εἰς
2345 4649 2408 4705 τὸ
2478 4649 2775 4729 εύκτήριον.
2805 4651 2974 4732 [Εἶτα
3006 4652 3202 4735 ,εὒχῆς
3257 4655 3571 4733 γενομένης,
3623 4658 3777 4716 εἶπεν
3828 4658 3862 4715 6

1853 4831 2100 4898 Joannis
2129 4831 2258 4898 Clei
2286 4835 2462 4894 notae.

557 4959 690 5049 (78)_
709 4959 794 5024 Ex
815 4960 972 5049 vulgi
990 4976 1254 5049 rumore,
1281 4967 1347 5022 ut
1361 4956 1620 5049 quidem
1631 4954 1848 5049 fatetur
1883 4950 2121 5049 biogra-

472 5038 648 5124 phus,
665 5038 803 5124 haec
816 5038 1018 5124 refert
1042 5043 1118 5104 de
1138 5038 1336 5124 morte
1353 5038 1727 5124 Gregoriiv,
1741 5052 1904 5124 _qua_a_
1916 5038 2118 5124 conti-

471 5114 556 5203 ὲίι
577 5114 735 5184 almo
761 5123 879 5204 999
910 5122 1008 5185 die
1039 5125 1116 5204 12
1145 5114 1754 5204 ῈεβιιυειτίἰῘ-ᾼ-ηιίςιιὶ
1781 5114 2116 5204 nulliscri-

471 5191 694 5295 ἥξοι-οε,
729 5202 810 5264 ait
840 5203 1195 5295 Muratorius
1225 5201 1286 5295 in
1303 5204 1350 5266 A
1363 5191 2119 5295 nunt-ibusgeapressiu-sde

468 5277 572 5346 illa
639 5277 1002 5367 inquuntur;
1078 5283 1354 5367 opinatur
1422 5287 1620 5367 autem
1679 5277 1828 5367 ille,"
1864 5281 2115 5367 mortem

469 5351 758 5440 Gregorio
798 5351 1145 5427 Muturatam
1175 5363 1248 5426 ab
1268 5362 1343 5425 iis
1367 5363 1472 5444 qui
1507 5351 1832 5444 Crescentii
1855 5351 2119 5444 partibus

469 5434 898 5527 adhaeserant”,
941 5463 1075 5527 qum
1121 5462 1270 5527 sane
1325 5434 1791 5527 conjecturaLsi
1849 5434 2116 5527 ejusdem

467 5523 670 5586 uxoris
701 5518 1124 5604 insidiis'Otto
1181 5518 1512 5604 imperator
1541 5518 1758 5604 periit,
1815 5533 1934 5604 non
1966 5522 2057 5604 est
2084 5532 2118 5575 a

466 5602 987 5687 verisimilitudine
1016 5605 1244 5687 aliena.
1268 5593 1388 5668 Sed
1414 5593 1664 5687 quid'de
1714 5593 1957 5687 assertis
1981 5593 2118 5656 bio-

505 5682 679 5770 raphi
739 5685 925 5770 nostri
954 5693 982 5751 ?
1038 5679 1533 5770 Quandoquidem
1596 5679 1649 5742 is
1682 5679 1900 5770 finem
1947 5693 2116 5738 suam

493 5760 708 5848 ibérat,
735 5763 991 5848 allegato
1031 5765 1231 5850 populi
1279 5760 1545 5847 rumore,
1574 5760 1977 5825 verisimiliter
2002 5771 2117 5820 nec

2201 4949 2409 5012 mortis
2477 4949 2762 5036 adjuncta
2830 4952 2972 5036 ipsi,
3008 4953 3256 5036 aliunde,
3317 4965 3628 5036 perspecta
3676 4957 3857 5022 luerit

2201 5048 2451 5121 quaeque
2472 5031 2703 5121 asserit,
2729 5031 3078 5121 Gregorium
3102 5035 3214 5096 sibi
3237 5031 3533 5121 [θοῇς-θεία
3555 5041 3851 5121 crescen-

2201 5110 2276 5171 tis
2307 5110 2567 5197 asseclis
2581 5110 2732 5182 forte
2762 5110 2987 5197 patrata
3014 5115 3203 5197 fuere.
3237 5110 3536 5197 Quidquid
3564 5118 3662 5191 sit,
3688 5116 3853 5195 Otto,

2200 5201 2267 5251 ut
2297 5190 2501 5251 scribit
2529 5189 2737 5254 Petrus
2764 5189 3085 5258 Damianus
3136 5196 3198 5257 in
3254 5196 3389 5258 Vita
3413 5189 3496 5258 'S.
3533 5189 3854 5261 Homualdi

2201 5269 2523 5361 abbatis”
2558 5272 2732 5335 nudis
2762 5273 3016 5361 pedibus
3047 5276 3120 5337 de
3151 5279 3416 5338 Romana
3433 5277 3594 5361 unde
3609 5295 3853 5361 progre-

2203 5349 2396 5434 diens,
2431 5349 2518 5413 sic
2546 5371 2734 5434 usque
2762 5349 2838 5416 ad
2869 5353 3198 5434 Garganum
3232 5367 3495 5419 montem
3526 5349 3692 5421 ad'S.
3719 5349 3848 5423 ’Μί-

2201 5429 2430 5521 chaelis
2449 5429 2709 5521 perreiit
2730 5429 3084 5521 ecclesiam.
3102 5461 3128 5491 ι
3151 5437 3268 5521 Sed
3298 5437 3855 5521 piacularis,_itine-

2197 5515 2282 5603 ris
2309 5529 2486 5603 causa
2513 5530 2548 5572 a
2575 5515 2990 5603 scriptoribus
3023 5516 3126 5578 illa
3172 5515 3452 5603 refertur,
3490 5519 3666 5603 _quod
3695 5538 3850 5603 conf

2200 5597 2289 5683 tra
2306 5595 2714 5683 jurisjuoandi
2727 5595 2930 5674 (idem,
2948 5595 3361 5662 Crescentium
3376 5595 3569 5680 capite
3583 5599 3852 5664 truncati

2189 5671 2497 5754 jussisset.
