4182 6460
399 379 508 448 153
1601 379 1792 445 VITA
1831 378 1894 445 S.
1936 379 2031 446 ΝΙῘ

2143 378 2518 446 IUNIORIS.
3677 387 3792 454 154

402 513 641 597 βασιλεὺς
669 522 750 593 τῷ
779 517 923 597 ἁγίῳ
957 534 974 554 '
1025 506 1082 575 ’0
1135 516 1321 596 Κύριος
1374 517 1532 592 ἡμῶν
1587 511 1794 583 Ἰησοῦς
1833 514 2026 594 Χριστὸ

2117 530 2276 588 .nus,
2309 507 2412 588 ait,
2446 514 2650 572 noster
2675 509 2848 575 Jesus
2897 511 3167 576 Christus
3223 511 3486 595 quandiu
3518 513 3627 576 fuit
3657 533 3790 577 cum

411 607 508 673 ἕως
580 613 867 687 συμπαρῆν
935 619 1054 670 τοῖς
1141 603 1480 683 ἀποστόλοις,
1570 602 1807 664 ἐκέλευεν
1877 608 2031 664 αὖτοϊ

2145 598 2450 683 apostolis,
2485 598 2803 661 mandabat
2847 599 2956 676 eis,
3016 620 3094 663 ne
3152 620 3375 683 param,
3415 619 3491 664 ne
3541 602 3788 683 virgam,

409 699 484 773 μὴ
540 699 738 777 πήραν,
795 695 876 773 μὴ
921 692 1132 775 ῥάϐδον,
1192 696 1330 772 μήτε
1388 695 1497 772 μὴν
1541 691 1630 750 δύο
1686 699 1921 774 χιτῶνας
1977 715 2031 750 κε

2144 709 2340 772 neque
2368 688 2513 750 duas
2547 690 2775 777 tunicas
2804 691 3178 772 possiderent
3224 693 3310 756 84.
3373 693 3517 756 Cum
3549 710 3688 754 vero
3717 692 3788 754 ad

407 776 653 852 κτῆσθαι,
685 783 1022 865 Ἐρχόμενος
1079 781 1134 840 δὲ
1189 785 1319 864 πρὸς
1379 784 1442 840 τὸ
1495 783 1681 856 πάθος,
1715 781 1874 842 πάλιν
1905 783 2031 840 εἶπε

2143 781 2480 860 passionem
2537 776 2683 855 ibat,
2741 797 2948 841 rursus
3000 779 3241 844 aiebat:
3331 805 3358 837 α
3438 779 3553 844 Sed
3631 799 3791 843 nunc

403 879 590 940 αὐτοῖς
625 892 641 907 ⁸
681 899 709 931 σ
743 873 912 931 Ἀλλὰ
941 880 1030 930 νῦν
1055 875 1083 930 ὁ
1113 872 1257 954 ἔχων
1286 871 1590 953 βαλάντιον,
1622 871 1798 952 ἀράτω
1825 873 1914 928 καὶ

2143 867 2245 948 qui
2274 867 2454 929 habet
2481 867 2807 943 sacculum,
2842 869 3006 933 tollat
3037 879 3093 932 et
3124 889 3324 951 peram
3355 871 3438 934 35.
3473 891 3502 929 )
3544 868 3696 946 Ergo
3728 877 3787 931 tu

399 986 521 1044 ραν.
563 984 593 1025 ς
627 965 725 1024 Καὶ
754 964 911 1027 αὐτὸς
958 963 1127 1020 τοίνυν
1176 963 1441 1042 γηράσας,
1493 963 1580 1019 καὶ
1611 959 1819 1038 μέλλων
1849 959 2031 1018 ἀπιέναι

2139 975 2373 1037 quoque
2395 975 2530 1019 cum
2547 957 2670 1037 jam
2694 959 2964 1020 sonueris
2982 968 3039 1020 et
3083 960 3279 1021 vicina
3314 959 3422 1021 tibi
3460 959 3537 1020 sit
3568 958 3787 1037 migra-

400 1057 536 1134 πρὸς
604 1056 704 1122 τὴν
780 1060 890 1111 τῶν
957 1055 1188 1132 οὐρανῶν
1241 1050 1534 1131 βασιλείαν,
1603 1051 1876 1131 φρόντισον
1952 1054 2028 1107 τῶ

2138 1045 2218 1106 tio
2249 1045 2321 1107 ad
2353 1053 2602 1125 regn‘um
2659 1047 2968 1125 caelorum,
3030 1048 3270 1129 suscipe
3319 1067 3518 1110 curam
3553 1056 3784 1108 tuorum

405 1133 510 1202 σῶν
566 1143 943 1224 γεννημάτων,
999 1143 1193 1219 μήπως
1250 1139 1736 1222 στενοχωρηθέντες
1795 1139 1929 1216 μετὰ
1997 1163 2030 1196 σ

2137 1133 2418 1208 ﬁliorum,
2443 1154 2517 1196 ne
2539 1135 2685 1195 forte
2702 1133 2762 1195 in
2787 1135 3086 1215 angustias
3108 1138 3356 1211 redacti,
3400 1136 3634 1216 quando
3667 1153 3789 1196 non

405 1239 474 1310 τῇ
530 1222 780 1306 δυσκολίᾳ
836 1222 936 1292 τοῦ
984 1231 1169 1306 τόπου,
1229 1229 1676 1310 ἀναχωρήσαντες
1730 1233 2031 1309 σκορπισθῶ

2136 1222 2275 1310 eris.
2309 1222 2383 1284 ob
2402 1223 2518 1285 loci
2546 1223 2956 1286 dillicultatem
2987 1225 3339 1288 recedentes
3367 1225 3788 1306 dispergantur

402 1308 509 1386 σιν,
584 1315 778 1399 Ἠμετς
835 1319 1074 1398 δώσομεν
1150 1308 1525 1398 μοναστηριον,
1597 1319 1687 1375 καὶ
1740 1308 2026 1399 προσόδους

2134 1308 2254 1372 Nos
2283 1310 2560 1399 dabimus
2591 1313 3014 1373 monasterium
3048 1320 3106 1374 et
3155 1323 3494 1395 proventus,
3528 1314 3782 1375 ubicun-

398 1409 536 1468 ὅπου
590 1397 663 1468 ἂν
711 1397 985 1487 κελεύσῃςν
1025 1409 1080 1466 ὲν
1135 1407 1246 1481 ὅλῳ
1300 1397 1400 1483 τῷν
1431 1406 1672 1486 ἡμετέρῳ
1727 1407 1929 1486 κράτει,
1991 1397 2031 1466 ⁸ε

2135 1417 2250 1480 que
2281 1397 2386 1460 tibi
2417 1399 2757 1462 collibuerit
2809 1418 2914 1481 per
2943 1409 3122 1463 totam
3177 1402 3461 1464 ditionem
3495 1411 3780 1464 nostram.

394 1498 546 1564 ὅσιος
574 1499 830 1580 ἀπεκρίθη
863 1513 879 1529 ⁸
912 1506 1019 1558 Τοῦ
1053 1495 1211 1554 Δαϐὶδ
1239 1495 1441 1565 ἤκουσα
1469 1494 1716 1576 λέγοντος
1747 1515 1763 1530 ⁸
1805 1515 1836 1556 ε
1867 1503 2031 1553 Σῶσοι

2129 1487 2220 1551 Ad
2251 1507 2384 1570 qua;
2402 1490 2490 1580 vir
2509 1499 2770 1580 sanctus:
2794 1490 3007 1552 Audivi
3032 1491 3328 1552 dicentem
3353 1491 3570 1554 David:
3608 1516 3634 1546 α
3662 1491 3784 1555 Sal-

389 1612 484 1670 με,
521 1578 725 1668 Κύριε,
755 1589 837 1646 ὅτι
893 1587 1201 1646 ἐκλέλοιπεν
1243 1585 1411 1658 ὅσιος,
1469 1584 1549 1642 ὅτι
1600 1584 1950 1666 ὠλιγώθησαν
1996 1597 2031 1643 α

2129 1595 2267 1639 vum
2296 1596 2395 1670 me
2425 1579 2536 1654 fac,
2591 1578 2868 1660 Domine,
2931 1581 3211 1661 quoniam
3269 1580 3484 1643 defecit
3513 1589 3776 1670 sanctus,

390 1665 644 1745 άληθειαι
672 1679 778 1736 ἀπὸ
805 1683 912 1735 τῶν
931 1681 1056 1738 υἱῶν
1081 1683 1187 1734 τῶν
1219 1676 1531 1756 ξάνθρώπων
1565 1691 1581 1706 ⁶
1645 1699 1675 1733 ι
1720 1665 1819 1734 καὶ
1847 1676 2031 1734 πάλιν

2129 1665 2409 1747 quoniam
2441 1668 2748 1732 diminuta:
2804 1677 2942 1730 sunt
2999 1670 3275 1732 veritates
3331 1689 3365 1731 a
3414 1670 3548 1732 ﬁliis
3580 1668 3777 1732 homi-

397 1786 428 1825 α
460 1767 573 1826 Οὔκ
601 1765 714 1825 ἔστι
743 1773 912 1826 ποιῶν
970 1755 1349 1848 χρηστότητα,
1401 1769 1497 1826 οὐκ
1541 1766 1682 1824 ἔστιν
1709 1765 1810 1830 ἕως
1836 1765 1974 1832 ένός.
2011 1790 2031 1822 ι

2129 1773 2275 1816 num
2304 1755 2406 1832 86;
2446 1781 2473 1812 α
2506 1765 2821 1848 praeterea:
2848 1783 2874 1813 κ
2892 1756 3022 1819 Non
3040 1766 3150 1836 est,
3177 1757 3277 1840 qui
3303 1758 3500 1834 faciat,
3525 1757 3777 1841 bonum,

2059 1887 2106 1951 Β
2128 1854 2383 1951 nollnest
2399 1864 2588 1951 usque
2614 1846 2686 1951 ad
2719 1866 2900 1908 unum
2930 1849 3014 1910 87.
3053 1873 3082 1905 ι

2205 1933 2307 1995 93.
2339 1934 2506 2007 Quod
2539 1936 2591 1997 si
2623 1935 2855 2014 fratres,
2911 1939 3018 2019 qui,
3069 1955 3306 2000 mecum
3335 1943 3496 2012 sunt,
3533 1937 3776 1999 omnino

475 1935 596 2024 (7'.
645 1947 706 2005 Εί
750 1943 806 2002 δὲ
859 1945 948 2002 καὶ
1000 1943 1139 2010 ὅλως
1197 1945 1294 2002 εἰσὶ
1349 1946 1580 2026 μοναχοὶ
1638 1947 1686 2004 oi
1740 1943 1858 2021 μετ’
1911 1943 2042 2021 ἐμοῦ

398 2033 628 2115 ἀδελφοὶ,
685 2035 778 2092 καί
847 2032 1126 2114 φυλάξουσι
1196 2033 1334 2091 κατὰ
1401 2032 1619 2112 δύναμιν
1672 2034 1768 2098 τὰς
1824 2033 2040 2099 ἐντολὰς

395 2131 486 2180 τοῦ
537 2131 782 2204 Χριστοῦ,
847 2124 1003 2186 αὐτὸς
1049 2124 1078 2179 ὁ
1135 2123 1489 2199 οἰκονομήσας
1548 2123 1736 2188 αὐτοὺς
1791 2123 1892 2187 ἕως
1946 2133 2041 2183 τοῦ

389 2219 477 2269 νῦν
534 2210 652 2288 μετ’
705 2210 858 2292 ἐμοῦ,
911 2209 1096 2286 πολλῷ
1149 2209 1354 2287 μᾶλλον
1413 2213 1673 2292 φροντίσει
1731 2211 1902 2269 αὐτῶν
1950 2215 2039 2270 καὶ

385 2299 512 2358 ἄνευ
565 2301 696 2378 ἐμοῦ
739 2318 756 2336 ⁸
831 2301 889 2364 ὃς
953 2299 1049 2358 οὔκ
1103 2299 1156 2357 ἐν
1210 2306 1279 2377 τῇ
1335 2297 1604 2374 δυναστείᾳ
1656 2311 1750 2361 τοῦ
1801 2299 2040 2383 δυνατοῦ,

383 2387 506 2446 οὐδὲ
534 2389 588 2447 ἐν
615 2401 739 2453 τατς
764 2391 997 2466 κνήμαις
1028 2401 1117 2446 tot
1168 2388 1354 2468 ἀνδρὸς
1410 2387 1641 2465 εὐδοκεῖ,
1684 2388 1804 2447 ἀλλ’
1835 2389 1890 2446 ἐν
1922 2405 2040 2456 τοῖς

381 2477 684 2551 ἐλπίζουσιν
737 2478 823 2535 ἐπὶ
872 2480 934 2535 τὸ
989 2477 1137 2543 ἔλεος
1192 2477 1374 2538 αὐτοῦ.
1435 2477 1647 2536 Τούτων
1704 2479 1792 2536 καὶ
1847 2478 2040 2560 ἑτέρων

381 2565 602 2625 πολλῶν
647 2564 980 2634 λαληθέντων
1029 2566 1220 2634 ἀνέστη
1276 2567 1305 2623 ὁ
1357 2565 1604 2644 βασιλεὺς
1661 2567 2034 2648 ἀναχωρῆσαι,

381 2660 484 2717 Καὶ
555 2654 717 2713 πάλιν
785 2655 1117 2737 ἐπιστραφεὶς
1189 2656 1321 2736 πρὸς
1388 2657 1481 2712 τὸν
1545 2655 1766 2736 γέροντα
1819 2657 1974 2714 εἶπεν
2013 2675 2030 2690 ο

379 2744 626 2813 Αἴτησόν
697 2765 765 2820 με
817 2745 892 2808 ὡς
947 2743 1131 2800 τέκνον
1189 2765 1304 2824 σου,
1365 2743 1419 2800 εἴ
1474 2765 1525 2800 τι
1579 2743 1643 2800 ἅν
1699 2743 1891 2825 βούλῃ,
1947 2746 2035 2803 καὶ

379 2834 521 2910 μετὰ
571 2833 752 2900 πάσης
803 2833 1092 2913 προθυμίας
1148 2823 1420 2912 πληρώσω
1472 2854 1580 2893 σοι.
1638 2823 1695 2890 Ὀ
1752 2830 1807 2888 δὲ
1865 2823 2034 2908 μακά-

380 2945 495 3000 ριος
525 2922 761 2985 ἐκτείνας
802 2923 902 2989 τὴν
957 2934 1122 3002 χεῖρα
1177 2924 1309 3001 πρὸς
1363 2920 1440 2996 τῷ
1496 2923 1675 2992 στήθει
1732 2928 1824 2977 τοῦ
1870 2923 2030 2998 βασι-

377 3011 540 3088 λέως,
573 3010 731 3068 εἶπεν
763 3026 779 3046 ⁸
834 3007 993 3069 Οὐδὲν
1049 3007 1179 3066 ἄλλο
1238 3007 1423 3086 δέομαι
1478 3013 1576 3077 τῆς
1606 3013 1705 3076 σῆς
1735 3008 2028 3086 βασιλείας,

379 3098 595 3200 ι
666 3099 764 3168 τὴν
834 3098 1283 3200 emensae
1326 3102 1510 3200 ψυχῆς
1568 3120 1661 3200 σῖυ
1695 3114 1714 3129 ·
1928 3099 2028 3178 γὰρ
2050 3136 2092 3200 o

382 3188 625 3265 βασιλεὺς
693 3188 994 3269 τυγχάνῃς,
1067 3185 1184 3244 ἀλλ’
1256 3189 1332 3252 ὡς
1409 3191 1494 3251 εἷς
1561 3193 1665 3244 τῶν
1738 3185 2026 3266 ἀνθρώπων

382 3277 689 3347 τελευτῆσαι
731 3275 905 3358 ἔχεις,
962 3276 1051 3332 καὶ
1107 3278 1179 3341 εἰς
1233 3278 1402 3356 κρίσιν
1456 3279 1877 3356 παραπαθῆναι,
1936 3278 2025 3333 καὶ

378 3365 537 3446 λόγον
607 3365 784 3424 δοῦναι
851 3369 928 3422 ὧν
996 3363 1220 3444 ’ἔπραξας
1277 3370 1522 3444 πονηρῶν
1591 3386 1648 3420 τε
1705 3366 1791 3422 καὶ
1844 3364 2024 3422 καλῶν

379 3455 568 3536 ἔργων.
661 3457 762 3514 Καὶ
832 3456 862 3511 ὁ
949 3450 1191 3516 ϐασιλεὺς
1256 3459 1420 3510 ταῦτα
1487 3453 1690 3510 ἀκούων
1761 3453 2022 3533 σταγόνας

377 3543 608 3626 δακρύων
687 3543 948 3625 προέχεεν
1019 3542 1125 3598 ἀπὸ
1193 3547 1301 3597 τῶν
1369 3541 1652 3618 ὀμμάτων.
1724 3541 1864 3600 Εἶτα
1932 3545 2021 3600 τὸν

373 3635 628 3715 στέφανον
655 3631 837 3696 κλίνας
867 3630 920 3688 ἐν
963 3642 1086 3694 ταῖς
1143 3631 1297 3709 χερσὶ
1350 3636 1444 3687 τοῦ
1491 3630 1662 3708 ἁγίου,
1721 3632 1810 3688 καὶ
1864 3630 2022 3690 εὔλο-

372 3726 552 3804 γηθεὶς
583 3719 708 3802 παρ’
765 3721 922 3778 αὐτοῦ
977 3719 1068 3774 σὺν
1128 3724 1252 3774 πᾶσι
1308 3730 1428 3781 τοῖς
1484 3716 1601 3794 μετ’
1656 3723 1835 3799 αὐτοῦ,
1887 3719 2020 3778 ἑπο-

370 3814 558 3892 ρεύετο
581 3812 682 3880 τὴν
715 3808 858 3871 ὁδόν,
920 3805 1068 3866 Ἀλλ’
1123 3804 1230 3864 οὐδ’
1287 3804 1454 3871 οὕτως
1507 3805 1747 3888 ἐξέφυγεν
1797 3815 1903 3866 τῶν
1933 3815 2025 3865 τοῦ

368 3909 505 3959 Θεοῦ
557 3898 828 3979 χριμάτων
884 3897 946 3954 τὸ
996 3893 1183 3975 πέρας.
1245 3894 1446 3958 Εὐθέως
1505 3895 1604 3974 γὰρ
1655 3893 1819 3952 ἐλθὼν
1865 3895 1920 3952 ἐν
1949 3899 2026 3971 τῷ

370 3979 577 4067 Ῥώμῃ,
651 3988 741 4042 καὶ
810 3985 1041 4048 στάσεως
1114 3983 1261 4057 αῦτῴ
1333 3982 1649 4060 γενομένης,
1711 3983 2026 4064 ἀνεχώρησε

367 4078 601 4158 φεύγων,
627 4076 715 4132 καὶ
759 4075 897 4132 κατᾶ
949 4072 1047 4140 τὴν
1110 4069 1233 4128 ὁδὸν
1298 4069 1659 4138 ἐτελεύτησεν.
1718 4075 1778 4130 Οἱ
1824 4071 1880 4128 δὲ
1909 4079 2026 4129 Πα-

366 4168 516 4248 τὲρες
569 4165 906 4245 διεγόγγυζον
961 4165 1096 4221 κατὰ
1159 4168 1254 4220 τοῦ
1313 4161 1558 4242 γέροντος
1613 4164 1688 4227 ὡς
1746 4163 1824 4239 μὴ
1870 4161 2023 4228 δεξει-

364 4257 528 4333 μένου
591 4257 688 4324 τὴν
753 4256 885 4334 πρὸς
951 4259 1040 4310 τοῦ
1097 4249 1358 4328 βασιλέως
1411 4251 1611 4334 -χάριν,
1671 4253 2026 4332 μοναστήριον

2123 2024 2401 2086 monachi
2432 2033 2568 2086 sunt
2599 2032 2659 2086 et
2689 2026 2963 2088 mandata
3008 2025 3224 2090 Christi
3281 2045 3386 2107 pro
3417 2027 3638 2090 viribus
3667 2047 3773 2089 cu-

2121 2112 2406 2196 raverint,
2439 2114 2591 2195 ipse,
2628 2115 2724 2177 cui
2757 2116 2832 2178 de
2879 2116 3000 2178 illis
3043 2135 3200 2179 cura:
3227 2116 3335 2178 fuit
3362 2135 3549 2198 usque
3579 2117 3775 2180 adhuc

2121 2221 2219 2264 me
2248 2203 2585 2284 superstite,
2621 2205 2806 2266 multo
2860 2206 3044 2286 magis
3102 2213 3161 2268 et
3218 2207 3346 2268 sine
3379 2224 3474 2268 me
3504 2224 3647 2268 cura
3671 2225 3774 2268 eos

2126 2307 2235 2352 sua
2263 2293 2714 2374 complectetur,
2751 2293 2847 2355 cui
2903 2313 3022 2356 non
3074 2294 3136 2355 in
3195 2294 3458 2376 potentia
3489 2295 3770 2378 potentis,

2126 2397 2240 2442 nec
2294 2380 2357 2442 in
2412 2380 2576 2444 tibiis
2631 2381 2741 2442 viri
2788 2381 3226 2465 beneplacitum
3289 2392 3400 2458 est,
3458 2383 3562 2445 sed
3592 2383 3654 2464 in
3686 2384 3772 2446 eis

2123 2468 2223 2550 qui
2253 2477 2494 2549 sperant
2520 2489 2702 2551 super
2731 2471 3144 2535 misericordia
3161 2474 3311 2554 ejus.
3335 2472 3472 2536 Haec
3504 2482 3567 2537 et
3590 2474 3773 2535 multa

2119 2558 2234 2620 alia
2263 2578 2396 2620 cum
2431 2572 2634 2621 essent.
2664 2561 2964 2637 collocuti,
3016 2562 3077 2623 in
3135 2563 3288 2624 viam
3345 2582 3411 2623 se
3442 2562 3770 2643 imperator

2116 2646 2282 2708 dedit
2312 2655 2369 2709 et
2391 2665 2720 2710 conversus
2742 2649 2956 2712 iterum
3003 2647 3076 2712 ad
3107 2669 3310 2712 senem
3341 2649 3526 2711 dixit:
3566 2653 3706 2712 Pete
3737 2669 3772 2711 a

2117 2755 2213 2798 me
2235 2737 2483 2818 perinde
2503 2755 2571 2799 ac
2595 2738 2715 2800 tilio
2753 2740 3042 2821 quidquid
3079 2741 3360 2811 volueris,
3395 2747 3455 2801 et
3483 2738 3770 2821 praestabo

2116 2842 2250 2886 cum
2309 2827 2474 2889 omni
2530 2827 2856 2892 alacritate.
2914 2828 2988 2890 Et
3040 2829 3132 2891 vir
3188 2835 3452 2900 sanctus,
3528 2834 3772 2890 extensa

2116 2932 2293 2975 manu
2345 2915 2418 2976 ad
2476 2923 2682 2996 pectus
2732 2917 3128 2997 imperatoris,
3162 2917 3357 2980 dixit:
3418 2917 3576 2978 Nihil
3609 2917 3768 2978 aliud

2112 3021 2254 3082 rogo
2284 3002 2358 3065 ab
2389 3003 2644 3085 imperio
2705 3015 2829 3081 tuo,
2889 3007 3004 3069 nisi
3060 3007 3274 3069 animae
3306 3015 3417 3068 tuae
3448 3007 3702 3068 salutem
3742 3026 3756 3068 :

2112 3109 2248 3155 nam
2281 3093 2419 3156 lieet
2447 3093 2776 3176 imperator
2803 3096 2908 3171 sis,
2950 3108 3149 3158 tamen
3192 3105 3253 3158 ut
3285 3095 3551 3158 mortalis
3590 3095 3768 3157 homo

2112 3181 2434 3243 moriturus
2480 3201 2544 3244 es
2589 3191 2648 3244 et
2680 3183 2908 3263 judicio
2965 3184 3289 3260 sistendus,
3351 3185 3768 3264 rationemque

2105 3270 2446 3332 redditurus
2470 3289 2676 3334 eorum
2695 3291 2848 3353 quae,
2875 3273 2998 3335 sive
3017 3273 3192 3355 bona,
3218 3274 3342 3336 sive
3368 3274 3522 3336 mala
3543 3272 3760 3352 egeris.

2105 3357 2247 3431 Quae
2271 3358 2596 3440 imperator
2647 3361 2920 3438 audiens,
2985 3362 3378 3442 lacrymarum
3402 3369 3594 3441 guttas
3621 3362 3759 3422 fun-

2105 3447 2281 3509 debat
2303 3465 2371 3509 ex
2403 3449 2630 3512 oculis:
2678 3449 2898 3511 deinde
2941 3469 3160 3514 corona
3178 3451 3520 3513 demissain
3550 3468 3760 3511 manus

2105 3535 2259 3598 beati
2291 3535 2403 3598 viri
2434 3544 2492 3598 et
2520 3535 2940 3600 benedictione
2972 3549 3277 3619 percepta,
3312 3558 3446 3600 cum
3504 3546 3623 3600 toto
3653 3556 3762 3599 suo

2105 3625 2380 3688 comitatu
2414 3624 2709 3688 commisit
2738 3645 2802 3688 se
2833 3627 2960 3689 viae.
2989 3627 3111 3689 Nec
3135 3636 3333 3690 tamen
3356 3626 3559 3706 etl'ugit
3588 3626 3759 3706 judi-

2105 3714 2332 3776 ciorum
2362 3714 2469 3777 Dei
2499 3716 2767 3779 exitum:
2831 3736 2967 3778 nam
3026 3716 3127 3778 ubi
3182 3717 3441 3800 primum
3503 3718 3759 3780 Romam

2108 3803 2397 3884 pervenit,
2417 3803 2630 3866 seditio
2655 3804 2714 3865 in
2740 3804 2933 3886 ipsum
2968 3813 3170 3868 coorta
3193 3815 3302 3882 est,
3327 3825 3504 3888 quam
3533 3804 3765 3885 fugiens

2106 3893 2168 3954 in
2199 3892 2414 3957 itinere
2444 3893 2758 3957 defunctus
2789 3905 2878 3958 est
2927 3897 3074 3973 ('79).
3135 3900 3211 3959 At
3267 3916 3405 3958 vero
3454 3898 3660 3959 Patres
3689 3895 3764 3956 de

2107 4000 2250 4044 sene
2283 3982 2823 4064 conquerebantur,
2859 3985 3016 4066 quod
3047 3985 3359 4066 rejecisset
3394 4005 3609 4047 munus
3638 3984 3756 4045 im-

2112 4072 2401 4151 peratoris
2457 4073 2880 4136 monasterium
2935 4075 3054 4138 illis
3108 4074 3312 4154 largiri
3369 4074 3641 4137 volentis.
3693 4072 3765 4135 Et

2104 4165 2278 4224 Pater
2316 4161 2389 4223 ad
2434 4179 2536 4223 eos
2563 4179 2576 4224 :
2606 4161 2726 4242 Ego
2757 4163 3020 4244 quidem,
3051 4183 3182 4246 qua
3204 4164 3348 4246 dixi,
3372 4171 3435 4225 ut
3465 4162 3759 4244 insipiens

2106 4251 2337 4313 locutus
2366 4268 2528 4313 sum:
2583 4269 2683 4313 vos
2713 4259 2908 4313 autem
2941 4273 3057 4314 non
3089 4253 3272 4314 multo
3301 4261 3431 4332 post
3461 4251 3758 4330 intellige-

365 4330 550 4410 αὐτοῖς
606 4330 937 4425 δωρήσασθαι
1004 4339 1347 4418 βουλομένου.
1410 4330 1468 4398 ’ὁ
1537 4337 1592 4396 δὲ
1648 4340 1831 4420 Πατὴρ
1887 4330 2020 4421 πρὸς

2117 4339 2206 4415 tis,
2242 4339 2374 4419 quis
2402 4347 2597 4401 vester
2626 4340 2700 4402 sit
2759 4361 2998 4403 sensus.
3060 4345 3261 4423 Itaque
3292 4330 3424 4404 cum
3456 4340 3763 4402 audissent

360 4435 550 4500 αὖτοὺς
582 4432 682 4514 ἔφη
716 4449 730 4463 ·
795 4429 937 4510 Ἐγὼ
994 4430 1090 4504 μὲν
1147 4429 1326 4507 ὥσπερ
1385 4427 1563 4508 ἄφρων
1619 4427 1856 4496 ἐλάλησα
1885 4429 2018 4510 ἅπερ

2117 4427 2183 4488 de
2211 4425 2592 4506 imperatoris
2640 4439 2854 4507 morte,
2917 4430 3195 4493 admirati
3252 4438 3390 4492 sunt
3422 4428 3622 4492 eximii
3651 4427 3757 4491 viri

357 4525 545 4602 εἶπον,
601 4525 758 4600 ὑμεῖς
821 4518 877 4577 δὲ
933 4516 1050 4597 μετ’
1107 4515 1286 4596 ὀλίγον
1338 4516 1599 4596 γνώσεσθε
1667 4518 1702 4576 ἃ
1757 4531 2022 4597 φρονεῖτε.

358 4615 508 4670 Μετὰ
560 4619 724 4670 ταῦτα
779 4616 905 4688 γοῦν
958 4607 1277 4669 ἀκούσαντες
1330 4605 1429 4672 τὴν
1480 4604 1733 4674 τελευτὴν
1790 4611 1883 4662 τοῦ
1908 4607 2014 4684 βα-

358 4702 576 4784 σιλέως,
613 4701 912 4779 ἐθαύμασαν
939 4697 1038 4766 τὴν
1066 4692 1160 4756 τοῦ
1188 4693 1423 4775 μεγάλου
1452 4695 1725 4772 οἰκονομία
1751 4719 1801 4760 ν,

2107 4514 2512 4596 prudentiam.

1836 4861 2081 4927 CAPUT
2107 4860 2260 4927 XIV.

348 4974 650 5059 Stephani
693 4977 835 5055 pius
883 4970 1105 5035 obitus.
1151 4968 1228 5059 S.
1271 4967 1474 5043 Nilus,
1523 4985 1600 5031 ne
1644 4967 1764 5032 sibi
1807 4967 2063 5059 honores
2112 4968 2492 5049 deferantur,
2546 4969 2818 5034 studiose
2875 4973 3044 5034 cavet
3071 4973 3128 5031 et
3154 4974 3588 5035 monasterium
3621 4976 3754 5039 ideo

431 5057 782 5144 relinquens
806 5059 1064 5124 Romam
1096 5058 1286 5121 tendit
1316 5079 1337 5130 ;
1367 5064 1429 5122 at
1458 5059 1525 5121 in
1551 5059 1922 5122 monasterio
1933 5057 2263 5139 S.Agath¢e
2283 5060 2630 5135 subsistens,
2661 5067 2878 5124 nactus
2899 5060 2974 5122 ab
2999 5066 3141 5141 agri
3165 5062 3486 5128 Tuscutani
3509 5067 3756 5132 domino

429 5158 628 5221 locum
659 5149 1057 5218 construendo
1084 5150 1472 5224 monasterio,
1503 5147 1647 5211 dum
1676 5148 1784 5211 hoc
1808 5154 2014 5230 parat,
2045 5155 2255 5211 sancte
2275 5150 2536 5214 moritur
2563 5159 2621 5214 et
2640 5171 2678 5214 a
2697 5153 2822 5215 suis
2845 5170 2980 5215 cum
3010 5171 3232 5235 magno
3257 5157 3748 5237 luctusepelitur.

433 5268 550 5358 43'.
581 5273 671 5336 Ἐν
699 5273 755 5332 δὲ
786 5284 909 5336 ταῖς
938 5268 1162 5349 ἡμέραις
1219 5267 1440 5333 ἐκείναις
1487 5267 1796 5347 ἧῤῥώστητο
1825 5271 1853 5326 ὁ
1884 5291 1996 5344 μκ-

2160 5268 2261 5333 94.
2294 5267 2409 5331 Per
2428 5269 2561 5334 illos
2583 5269 2715 5334 dies
2743 5270 2954 5334 incidit
2985 5272 3046 5336 in
3083 5273 3352 5336 morbum
3376 5275 3580 5341 beatus
3607 5278 3737 5345 Ste-

426 5424 492 5476 8‘
519 5421 728 5490 Matth.
758 5437 821 5484 x.
854 5415 953 5480 10.
1037 5415 1102 5466 85
1129 5416 1275 5479 Luc.
1308 5430 1452 5497 χιιι,
1485 5414 1586 5478 36.
1671 5412 1735 5464 86
1763 5414 1918 5477 Psal.
1952 5431 2031 5498 ιι,

2117 5464 2129 5492 ,
2162 5416 2226 5482 3.
2306 5418 2370 5468 87
2399 5417 2556 5481 Psal.
2587 5435 2717 5496 xm,
2746 5422 2807 5483 3.

1743 5589 1988 5655 Joannis
2015 5591 2140 5657 Clei
2170 5599 2342 5655 notae.

433 5722 556 5803 (79)
585 5721 731 5803 Haec
754 5719 938 5803 etiam
968 5735 1056 5803 _e_x
1109 5733 1373 5803 rumore,
1417 5720 1490 5803 et
1547 5711 1790 5803 quidem
1822 5713 1996 5795 falso,
2081 5715 2382 5777 territorio
2413 5712 2666 5803 civitatis
2697 5717 3039 5782 Castellanaz
3096 5717 3254 5803 lenta
3310 5718 3461 5803 febri
3492 5720 3741 5783 hausto-

348 5793 923 5885 acéepisse‘videtur
968 5796 1351 5885 biograpbus.
1412 5793 1590 5885 certe
1614 5794 1757 5885 jam
1790 5793 1996 5885 pacem
2080 5795 3252 5885 que.utconjicitur,veneno,tranquille
3273 5800 3734 5885 erstinctusest.

344 5872 625 5965 rogarent
647 5882 930 5957 Romani.
963 5872 1100 5944 ποθ’
1122 5872 1195 5943 in
1230 5876 1369 5958 fuga
1421 5873 1569 5940 obiit
1608 5872 1906 5957 Otto,'sed
1933 5873 1997 5938 in
2080 5872 2630 5941 VideMuratorium
2646 5872 2945 5943 laudatum
2977 5872 3254 5946 adannos
3277 5879 3425 5944 tOOI
3464 5888 3522 5946 et
3555 5881 3731 5954 1002.
