4182 6396
370 384 480 450 157

1589 382 1776 449 VITA
1818 384 1879 447 s.
1926 381 2095 446 NILI
2134 342 2509 451 JUNIORIS.

3641 396 3665 461 1
3680 394 3763 460 58

370 534 507 590 ἐστιν
536 534 566 589 6
622 531 929 612 γίνώσκων,
993 541 1284 616 Προῃρεῖτο
1340 534 1440 614 γὰρ
1496 533 1782 592 ἀποθανεῖν
1812 537 2011 609 κακῶς,

2109 518 2257 580 nulli
2288 521 2562 602 cognitus
2591 530 2769 587 esset.
2817 523 3082 607 Malebat
3124 527 3283 589 enim
3322 528 3538 591 misere
3580 530 3756 612 mori,

368 625 405 692 ἢ
432 622 705 697 ὑπόληψιν
734 635 903 702 σχεῖν
954 624 1103 702 ἁγίου
1151 622 1294 703 παρά
1351 646 1495 689 τινος
1554 624 1662 681 τῶν
1691 622 1977 702 ἀνθρώπων
2011 642 2028 659 ο

370 714 670 771 κοῦταντίον
759 712 859 786 μὲν
933 711 1023 769 οὖν
1089 712 1374 790 ἦγωνίζετο
1447 713 1589 792 παρὰ
1637 724 1754 775 τοῖς
1805 709 2031 775 πολλοῖς

367 799 613 881 θυμώδη,
685 802 775 857 καὶ
874 798 1144 881 ὑϐριστὴν,
1238 803 1328 858 καὶ
1396 801 1609 858 πάντων
1679 806 1784 857 τῶν
1855 798 2030 855 ἄλλων

364 894 555 947 παθῶν
627 888 865 969 μέτοχον
921 888 1192 955 ἀποδεῖξαι
1228 906 1241 920 ⁵
1320 888 1510 948 πολλοὶ
1561 888 1617 946 δὲ
1673 890 1888 956 ἀνοητοι
1942 887 2032 945 καὶ

364 976 853 1044 ἐσκανδαλίσθησαν
907 993 921 1007 ⁸
1015 980 1179 1053 ἡμεῖς
1249 978 1328 1059 δὲ,
1401 978 1598 1042 οἵτινες
1672 976 2028 1057 συνεφάγομεν

365 1067 454 1121 καὶ
550 1065 866 1140 συνεπίομεν
966 1065 1109 1140 αὐτῷ
1190 1064 1435 1147 ἀναξίως,
1527 1066 1852 1142 πεπείσμεθα
1943 1065 2029 1122 καὶ

370 1152 919 1234 πεπληροφορήμεθα,
990 1156 1078 1210 καὶ
1144 1152 1366 1211 ἐνώπιον
1443 1163 1575 1215 Θεοῦ
1645 1157 1731 1211 καὶ
1786 1152 2026 1233 ἀγγέλων

372 1241 809 1321 ὁμολογήσομεν,
866 1241 945 1298 ὅτι
1002 1243 1154 1322 ἅγιός
1208 1244 1349 1301 ἐστιν
1407 1247 1436 1301 6
1495 1244 1751 1319 μακάριος
1807 1242 2024 1316 Νεῖλος,

369 1333 443 1394 ὡς
489 1336 573 1396 εἷς
604 1338 710 1387 τῶν
739 1331 1007 1412 θεοφόρων
1069 1332 1317 1412 Πατέρων
1372 1334 1461 1388 καὶ
1516 1329 1856 1411 ὑπερϐάλλων
1896 1332 2026 1389 πάν-

364 1443 463 1484 τας
490 1422 613 1483 τοὺς
644 1421 698 1476 ἐν
728 1426 797 1496 τῇ
828 1426 987 1499 γενεᾷ
1034 1421 1201 1498 ταύτῃ
1258 1421 1564 1499 ἀνθρώπους
1621 1420 1684 1477 ἄν
1738 1442 1796 1476 τε
1826 1432 2030 1495 σημεῖα

364 1511 598 1589 ποιήσῃ,
632 1506 692 1566 ἄν
724 1530 780 1564 τε
814 1510 891 1584 μή
925 1527 941 1545 ⁸
990 1511 1078 1566 καὶ
1113 1509 1241 1590 ὅπερ
1295 1513 1342 1567 οἱ
1398 1509 1587 1567 πολλοὶ
1637 1514 1741 1565 τῶν
1767 1508 2031 1565 ἀσυνέτων

363 1599 700 1677 ἐπερωτῶσι,
793 1604 886 1654 τοῦ
974 1602 1144 1657 αὐτῶν
1232 1600 1346 1676 βίου
1438 1597 1641 1675 μηδένα
1723 1599 2030 1674 ποιούμενοι

362 1687 529 1767 λόγον
563 1706 577 1720 ·
640 1687 770 1768 ὅπερ
826 1688 915 1744 καὶ
972 1686 1027 1743 ἐν
1080 1687 1310 1753 πολλοῖς
1359 1695 1465 1746 τῶν
1493 1687 1792 1754 κακοδόξων
1824 1688 2026 1767 εὑρέθη.

365 1786 536 1835 τοῦτο
572 1773 629 1831 δὲ
684 1777 865 1848 εἶπον,
931 1776 1035 1857 οὐχ
1091 1776 1182 1833 ἵνα
1238 1778 1339 1846 τὴν
1397 1777 1553 1835 αὗτοῦ
1611 1778 1770 1858 χάριν
1827 1775 2022 1856 ἄπορον

365 1864 648 1939 θαυμάτων
720 1863 916 1943 ἐλέγξω
946 1879 961 1893 ’
1034 1863 1284 1941 βλέπουσι
1355 1868 1455 1946 γὰρ
1528 1866 1608 1922 ἀεὶ
1674 1866 1774 1933 τὴν
1856 1865 2022 1932 αὐτῆς

372 1951 590 2028 δύναμιν
622 1955 670 2009 οἱ
718 1953 841 2016 τοὺς
900 1951 1196 2032 ὀφθαλμοὺς
1253 1954 1307 2009 ἐν
1363 1961 1432 2032 τῇ
1489 1952 1695 2034 κεφαλῇ
1751 1952 1967 2034 ἔχοντες
2001 1972 2021 1993 ο

377 2039 492 2098 ἀλλ’
517 2041 612 2099 ’ἕνα
653 2043 754 2108 τὴν
811 2039 1025 2120 ἄκαιρον
1077 2044 1165 2098 καὶ
1216 2043 1443 2110 ἀνοητον
1498 2043 1756 2123 ἐρώτησιν
1811 2043 2025 2122 ἀνατρὲ-

373 2136 481 2206 ψω.
514 2138 623 2187 Πᾶν
682 2132 784 2211 γὰρ
837 2132 898 2187 τὸ
942 2132 1266 2207 ζητούμενον
1323 2136 1351 2189 6
1409 2132 1522 2209 βίος
1552 2132 1808 2212 τυγχάνει
1842 2150 1855 2163 ·
1889 2135 2022 2189 θαυ-

366 2221 549 2295 μάτων
644 2218 699 2276 δὲ
784 2218 986 2287 πλῆθος
1084 2222 1171 2277 καὶ
1239 2219 1455 2298 δύναμις
1525 2220 1850 2300 στεργομένη
1926 2221 2023 2296 μὲν

363 2308 828 2385 συνεκλάμπουσα,
902 2312 1353 2389 περιφρονουμένη
1436 2309 1491 2366 δὲ
1563 2312 1641 2387 μὴ
1710 2309 2018 2383 συνᾴδουσα,

365 2393 490 2454 Ἐπὶ
545 2399 645 2463 τὴν
703 2396 893 2453 νύσσαν
962 2398 1132 2454 τοίνυν
1185 2398 1678 2475 ἐπανακάμψωμεν.
1736 2399 2020 2467 Βουληθεὶς

361 2485 453 2542 οὖν
486 2487 517 2541 6
577 2483 854 2557 μισόδοξος
914 2485 1098 2565 Πατὴρ
1152 2488 1308 2563 ἡμῶν
1364 2485 1558 2551 Νεῖλος
1616 2486 1933 2546 καταλιπεῖν
1960 2492 2022 2545 τὸ

362 2576 748 2653 μοναστήριον,
822 2573 951 2652 ὅπερ
1003 2573 1214 2652 λέγεται
1272 2574 1547 2655 Σὲρπερις,
1607 2574 1662 2632 ἐν
1717 2580 1763 2651 ᾧ
1816 2575 2021 2645 ἤσκησε

361 2665 485 2743 περὶ
541 2663 634 2719 τὸν
688 2659 906 2719 δέκατον
962 2663 1183 2742 χρόνον,
1245 2663 1399 2739 μόλις
1458 2663 1764 2743 ἐπικαθίσας
1821 2663 1905 2722 διὰ
1958 2669 2020 2722 τὸ

362 2734 539 2832 γῆρας
567 2751 748 2826 ἵππῳ,
777 2734 1093 2831 ᾤχετοηέπὶ
1148 2734 1257 2819 τὴν.
1310 2744 1544 2828 Ῥώμην.
1605 2734 1789 2832 ἸΕλεγε
1818 2752 1872 2809 δὲ
1902 2768 2020 2819 τοῖς

362 2838 621 2919 ἀδελφοῖς
690 2836 1089 2919 ἐποδυρομένοις
1156 2847 1232 2915 τῷ
1303 2849 1565 2921 χωρισμῷ
1647 2844 1805 2899 αὐτοῦ
1838 2858 1852 2873 '
1930 2844 2019 2911 Μὴ

361 2928 644 3001 λυπεῖσθε,
696 2926 744 2983 ὦ
814 2927 1041 3006 Πατέρες
1106 2929 1194 2985 καὶ
1251 2926 1512 3009 ἀδελφοί·
1574 2932 1863 3010 πορεύομαι
1920 2932 2021 3011 γὰρ

363 3016 647 3092 ἑτοιμάσαι
713 3019 877 3073 τόπον
947 3018 1035 3073 καὶ
1104 3020 1477 3097 μοναστήριον,
1552 3017 1669 3075 ἔνθα
1740 3021 2021 3099 συναγάγω

2114 627 2286 699 quam
2345 611 2503 699 apud,
2561 631 2918 694 quemquam
2978 615 3286 677 hominum
3348 635 3479 679 esse
3536 619 3596 679 in
3630 611 3758 699 opié

2112 697 2291 758 nione
2321 698 2671 761 sanctitatis.
2728 699 2940 764 Contra
2994 703 3188 782 potius
3246 703 3543 766 nitebatur
3570 697 3755 768 videri

2112 786 2670 869 multisiracundus,
2698 791 3186 872 contumeliosus,
3210 794 3557 874 cunctisque
3570 795 3755 855 animi

2111 874 2339 936 morbis
2368 877 2662 956 oppletus.
2699 878 2821 940 Nec
2878 880 3123 942 defuere
3179 881 3529 962 insipientes
3561 884 3750 959 multi,

2110 963 2212 1043 qui
2254 966 2411 1045 passi
2439 966 2556 1027 sint
2587 968 2957 1032 scandalum.
3019 968 3134 1031 Sed
3196 989 3325 1045 nos,
3382 970 3480 1052 qui
3512 971 3755 1050 indigne

2110 1052 2594 1116 manducavimus
2612 1064 2668 1116 et
2698 1056 2955 1119 bibimus
2986 1077 3121 1120 cum
3154 1059 3256 1121 illo
3292 1060 3440 1141 (8'2),
3467 1079 3571 1140 pro
3589 1069 3753 1124 certo

2109 1150 2168 1202 et
2197 1141 2499 1222 explorato
2533 1144 2844 1220 habemus,
2880 1154 2938 1208 et
2967 1165 3164 1209 coram
3194 1150 3314 1211 Deo
3348 1158 3405 1210 et
3426 1151 3651 1226 angelis
3673 1150 3753 1211 fa-

2109 1229 2387 1312 tebimur,
2419 1232 2609 1295 beatae
2665 1235 2968 1297 memoriae
3021 1236 3215 1297 Nilum
3277 1254 3410 1299 esse
3453 1250 3749 1314 sanctum,

2105 1336 2273 1399 aeque
2303 1328 2363 1379 ut
2387 1339 2568 1381 unum
2602 1340 2670 1383 ex
2697 1322 2941 1385 deiferis
2965 1324 3254 1399 Patribus,
3291 1335 3348 1387 et
3376 1326 3605 1389 cunctis
3634 1330 3751 1388 hu-

2101 1409 2197 1485 jus
2226 1410 2631 1485 generationis
2662 1411 3006 1474 hominibus
3062 1413 3229 1474 illum
3288 1423 3592 1495 prmstare,
3626 1417 3753 1479 sive

2107 1496 2384 1580 ediderit,
2418 1499 2543 1561 sive
2572 1520 2688 1561 non
2722 1501 2977 1563 ediderit
3030 1502 3336 1578 miracula,
3396 1505 3551 1583 quod
3583 1505 3750 1566 multi

2105 1586 2382 1666 imperite
2411 1598 2699 1669 quaerunt,
2736 1592 2925 1670 qualis
2985 1599 3113 1653 acta
3170 1592 3247 1653 sit
3302 1592 3438 1665 vita,
3490 1612 3607 1653 non
3640 1613 3751 1655 cu-

2105 1683 2326 1748 rantes,
2356 1696 2490 1738 cum
2514 1677 2662 1740 illud
2686 1687 2744 1740 et
2783 1679 2937 1758 apud
2970 1680 3244 1741 homines
3272 1681 3601 1744 orthodoxa
3633 1683 3751 1746 fide

2106 1772 2376 1826 carentes
2405 1766 2601 1828 fuerit.
2636 1767 2760 1828 Hoc
2788 1775 2985 1829 autem
3018 1768 3160 1848 dixi,
3198 1788 3312 1830 non
3342 1778 3407 1831 ut
3452 1771 3583 1849 ejus
3611 1790 3749 1851 gra-

2109 1853 2201 1915 tiae
2232 1855 2513 1916 miracula
2538 1856 2749 1918 deesse
2770 1855 3145 1919 ostenderem
3166 1858 3394 1937 (vident
3417 1860 3576 1920 enim
3596 1880 3751 1922 sem-

2102 1960 2209 2023 per
2234 1942 2364 2023 ejus
2388 1944 2542 2006 vires
2563 1947 2602 2007 ii
2627 1945 2843 2026 quibus
2863 1945 3017 2007 oculi
3042 1955 3182 2010 sunt
3202 1948 3261 2008 in
3293 1947 3487 2028 capite
3516 1950 3745 2031 eorum)

2100 2032 2205 2093 sed
2239 2042 2299 2093 ut
2330 2032 2590 2114 ineptam
2621 2036 2774 2097 hanc
2832 2043 2889 2097 et
2946 2035 3162 2096 fatuam
3222 2036 3748 2115 interrogationem

2099 2122 2392 2200 rejiciam.
2427 2122 2640 2184 Totum
2673 2124 2827 2204 quod
2860 2125 3165 2205 quaeritur,
3197 2125 3316 2186 vita
3345 2135 3456 2199 est,
3493 2126 3750 2189 miracu-

2099 2209 2290 2272 lorum
2323 2230 2461 2273 vero
2491 2212 2661 2292 copia
2719 2220 2778 2274 et
2833 2215 3175 2291 magnitudo
3236 2213 3480 2295 probata
3507 2216 3747 2297 quidem

2101 2308 2213 2381 est,
2249 2301 2297 2361 si
2331 2299 2508 2361 simul
2540 2301 2794 2376 eluceat,
2830 2303 3100 2381 neglecta
3155 2321 3317 2382 vero,
3367 2305 3419 2364 si
3452 2305 3646 2367 minus
3676 2306 3753 2367 sit

2102 2407 2382 2451 consona.
2418 2389 2531 2452 Sed
2565 2389 2639 2451 ad
2670 2391 3037 2471 propositum
3071 2391 3573 2456 redeamus.Cum
3609 2412 3748 2473 ergo

2101 2478 2401 2541 statuisset
2418 2479 3110 2561 honorumjcontemptor
3131 2484 3306 2543 Pater
3352 2490 3557 2543 noster
3582 2482 3750 2544 Nilus

2102 2567 2383 2631 deserere
2417 2569 2864 2645 monasterium,
2898 2570 3054 2650 quod
3089 2569 3360 2649 Serperis
3415 2571 3534 2648 (83)
3569 2591 3747 2634 voca-

2103 2664 2220 2733 tur,
2256 2659 2316 2719 in
2347 2677 2463 2739 quo
2492 2658 2567 2721 ad
2597 2660 3021 2739 annos_decem
3084 2660 3468 2723 monasticam
3502 2661 3752 2723 duxerat

2100 2749 2299 2823 vitam,
2334 2749 2425 2810 vix
2456 2769 2577 2829 pra;
2608 2750 2776 2811 senio
2813 2751 3003 2829 potuit
3054 2769 3269 2832 equum
3317 2753 3743 2826 conscendere,

2101 2845 2164 2898 ut
2192 2837 2441 2899 Romam
2464 2838 2595 2902 iret.
2616 2839 2857 2901 Dicebat
2880 2849 3077 2903 autem
3102 2839 3379 2902 lratribus
3409 2840 3746 2903 discessum

2102 2926 2230 3006 ejus
2262 2926 2631 3007 lugentibus:
2684 2926 2769 2989 Ne
2821 2928 3088 3005 dolentis,
3116 2947 3149 2989 ο
3171 2927 3374 2989 Patres
3394 2937 3452 2991 et
3480 2929 3693 2991 fratres
3727 2948 3742 2989 :

2102 3033 2172 3077 eo
2204 3016 2424 3097 quippe
2453 3016 2523 3077 ad
2555 3017 2882 3094 parandum
2935 3018 3129 3079 locum
3178 3026 3235 3078 et
3294 3018 3742 3098 monasterium,

364 3108 568 3170 πάντας
616 3105 739 3169 τοὺς
796 3103 1073 3186 ἀδελφοὺς,
1134 3108 1221 3164 καὶ
1273 3108 1340 3164 τὰ
1395 3105 1833 3189 διεσκορπισμένα
1860 3108 2017 3166 τέκνα

2103 3123 2219 3184 quo
2250 3125 2465 3168 omnes
2491 3107 2700 3169 fratres
2747 3115 2806 3169 et
2863 3106 3167 3188 dispersos
3220 3106 3372 3171 ﬁlios
3402 3126 3570 3172 meos
3600 3126 3747 3170 con-

371 3218 470 3271 μου
478 3239 495 3255 ο

450 3274 564 3362 ζς’.
598 3281 833 3342 Ἐκεῖνοι
861 3282 918 3340 δὲ
965 3285 1042 3360 μὴ
1091 3295 1331 3350 νοοῦντες
1381 3287 1499 3343 τίνα
1552 3286 1618 3354 ἦν
1647 3288 1681 3343 ἃ
1710 3286 1888 3367 ἔλεγεν
1922 3291 2018 3345 αὖ-

368 3386 509 3453 τοῖς,
579 3375 998 3451 παρεμυθοῦντο.
1068 3380 1172 3432 Τοῦ
1233 3376 1402 3430 τοίνυν
1476 3381 1607 3431 Θεοῦ
1659 3375 2020 3454 καθοδηγοῦν-

368 3482 456 3524 τος
516 3460 673 3516 αὒτὸν
730 3459 817 3515 ἐπὶ
886 3462 977 3516 τὸν
1032 3461 1421 3542 προωρισμένον
1478 3468 1576 3531 τῆς
1632 3469 1807 3544 ταφῆς
1863 3464 2022 3523 αὐτοῦ

367 3551 554 3628 τόπον,
613 3548 751 3604 κατὰ
820 3550 911 3606 τὸν
980 3550 1414 3628 προεγνωσμένον
1464 3554 1658 3615 θεϊκῶς
1712 3551 1856 3625 αὒτῷ
1901 3553 2020 3632 τρό.

364 3661 486 3713 πον,
518 3635 916 3712 καταλαμϐάνει
966 3639 1158 3713 κώμην
1215 3640 1332 3695 τινὰ
1392 3638 1726 3717 καλουμένην
1770 3650 2017 3721 Τουσχο-

361 3727 547 3806 λάναν,
606 3725 912 3805 ἀπέχουσαν
945 3725 1145 3784 δώδεκα
1202 3727 1352 3803 μίλια
1407 3728 1513 3785 ἀπὸ
1576 3727 1791 3805 Ῥώμης
1827 3748 1841 3762 ·
1903 3732 2020 3809 περὶ

360 3816 427 3882 ἣν
497 3813 706 3889 ἵδρυται
777 3816 1133 3895 μοναστήριον
1189 3816 1383 3895 ὀλίγων
1442 3816 1679 3899 ἀδελφῶν
1739 3818 2018 3899 ὁμοφύλων

363 3902 450 3960 ἐπ’
503 3903 722 3978 ὀνόματι
752 3908 851 3969 τῆς
910 3905 1062 3982 ἁγίας
1119 3902 1376 3984 Ἀγάθης.
1433 3906 1665 3964 Κᾶκεῖσε
1720 3906 2018 3972 καταλύσας

362 3996 394 4051 6
422 3993 575 4072 ἅγιος
608 3991 794 4069 γέρων,
852 3994 943 4049 καὶ
994 3995 1080 4074 τὸ,
1148 4012 1172 4049 ι
1233 3994 1378 4062 Αὕτη
1433 3998 1468 4065 ἡ
1533 3996 1857 4060 κατάπαυσίς
1890 4020 2012 4073 μου,

361 4084 613 4163 εἰρηκὼς,
647 4085 719 4146 εἰς
743 4084 906 4139 αἰῶνα
935 4085 1146 4157 αἰῶνος,
1210 4108 1235 4144 n
1299 4085 1470 4143 οὐκέτι
1509 4093 1601 4144 τοῦ
1631 4086 1817 4146 λοιποῦ
1846 4086 2015 4166 ἴσχυ-

360 4173 422 4229 σέ
491 4194 571 4235 τις
640 4173 795 4228 αὐτὸν
863 4172 1164 4230 ἀνασπάσαι
1234 4175 1460 4248 ἐκεῖθεν,
1530 4178 1701 4232 καίτοι
1770 4178 1859 4233 καὶ
1911 4182 2014 4234 τῶν

358 4259 621 4343 συνόντων
674 4257 815 4333 αξιτῷ
871 4257 1108 4341 ἀδελσρῶν
1164 4262 1552 4343 ἐνοχλούντων,
1616 4268 1705 4322 καὶ
1763 4272 1867 4322 τῶν
1918 4272 2016 4334 τῆς

358 4340 575 4425 ιΡώμης
665 4350 997 4427 μεγιστάνων
1085 4354 1217 4432 πρὸς
1257 4340 1460 4409 "eam
1544 4353 2010 4434 παραγενομένων,

2099 3212 2335 3274 gregem
2347 3243 2360 3257 .

2178 3285 2275 3348 96.
2312 3284 2401 3345 llli
2432 3302 2570 3346 vero
2603 3304 2720 3346 non
2754 3285 3174 3367 intelligenles,
3209 3304 3343 3366 quae
3371 3285 3742 3362 dicebantur,

2097 3373 2367 3435 solatium
2402 3373 2718 3437 habebant.
2753 3374 2978 3455 Itaque,
3015 3377 3137 3437 Deo
3195 3376 3347 3435 duce
3393 3373 3562 3437 illum
3592 3376 3745 3437 diri-

2095 3471 2274 3542 gente
2304 3463 2375 3524 ad
2412 3463 2604 3525 locum
2639 3465 2958 3544 sepulturae
2978 3482 3100 3525 sua;
3127 3464 3485 3526 destinatum
3517 3483 3649 3526 eum
3682 3466 3745 3527 in

2098 3552 2361 3613 modum.
2389 3571 2563 3632 quem
2589 3552 2709 3615 Deo
2733 3555 3029 3615 revelante
3051 3560 3429 3634 cognoverat,
3473 3555 3746 3633 pervenit

2095 3639 2156 3702 in
2188 3640 2484 3720 quoddam
2515 3642 2818 3722 oppidum,
2856 3642 2950 3703 cui
2983 3661 3221 3703 nomem
3248 3640 3568 3703 Tusculum
3591 3642 3739 3722 (8h,

2097 3728 2409 3790 duodecim
2444 3730 2629 3792 millia
2658 3749 2932 3810 passuum
2980 3732 3053 3793 ab
3080 3729 3238 3794 Urbe
3269 3731 3516 3792 distans.
3554 3733 3744 3811 Prope

2099 3816 2244 3878 illud
2282 3818 2460 3879 situm
2495 3827 2619 3881 erat
2652 3821 3076 3882 monasterium
3138 3838 3461 3900 paucorum
3495 3818 3741 3880 fratrum

2097 3905 2354 3967 nationis
2377 3907 2980 3986 nostraajGraecorum,
3017 3908 3259 3970 nomine
3291 3907 3353 3970 S.
3388 3908 3647 3985 Agathze,
3681 3907 3743 3968 in

2097 3994 2252 4074 quod
2270 4004 2507 4058 sanctus
2520 4015 2703 4059 senex
2715 3997 2953 4058 divertit
2968 4019 2980 4060 :
2995 3995 3745 4079 «Haec,inquiens,requies

2097 4100 2230 4143 mea
2260 4081 2320 4143 in
2357 4084 2640 4146 saeculum
2671 4086 2893 4147 saeculi.
2931 4085 3116 4163 {Nec
3142 4087 3280 4148 inde
3313 4084 3500 4166 potuit
3528 4103 3563 4146 a
3591 4104 3745 4165 quo-

2096 4189 2271 4251 quam
2301 4172 2524 4251 divelli,
2560 4174 2696 4236 licet
2727 4174 2893 4251 socii}
2924 4174 3139 4236 fratres
3188 4174 3423 4236 molesti
3454 4184 3655 4235 essent
3686 4181 3745 4235 et

2095 4260 2407 4339 optimates
2428 4263 2680 4325 Romani
2700 4264 3059 4327 accedentes
3079 4272 3376 4344 rogarent,
3401 4270 3464 4333 ut
3495 4262 3743 4324 Romam

2095 4367 2161 4409 se
2191 4350 2510 4416 conferret.
2546 4355 2758 4415 saltem
2806 4360 3053 4433 propter
3110 4352 3414 4434 principes
3441 4351 3747 4429 apostolo-

354 4441 443 4496 καὶ
511 4438 891 4496 δυσωπούντων
958 4448 1049 4498 τοῦ
1115 4441 1371 4499 εἰσελθεῖν
1441 4442 1494 4499 ἐν
1545 4450 1616 4520 τῇ
1675 4435 1856 4519 Ῥώμῃ
1914 4443 2010 4501 κᾶν

2100 4455 2247 4497 rum.
2280 4439 2352 4500 At
2374 4442 2474 4503 ille
2495 4443 2867 4523 respondens
2898 4442 3093 4503 aiebat
3113 4441 3392 4502 omnibus
3419 4460 3433 4500 :
3460 4438 3747 4502 Celeber-

352 4524 439 4582 διά
506 4529 630 4591 τοὺς
699 4526 938 4605 πρώτους
1010 4533 1112 4585 τῶν
1183 4529 1518 4591 ἀποστόλων.
1576 4531 1892 4610 Απεκρίνετο
1947 4530 2003 4590 δὲ

2085 4529 2255 4591 rimis
2286 4539 2341 4593 et
2373 4548 2579 4595 revera
2610 4540 2698 4594 ter
2727 4530 3087 4593 beatissimis
3124 4529 3526 4613 apostolorum
3562 4527 3711 4610 Cory
3732 4562 3749 4575 -

1747 4709 1995 4773 Joannis
2023 4702 2349 4775 Cleinotae.

440 4822 568 4903 (82)
603 4822 695 4914 En
755 4822 1161 4914 testimonium
1214 4826 1793 4905 manifestissimum,
1855 4833 2011 4914 quod

353 4902 726 4990 biographus
744 4922 862 4990 non
883 4905 1073 4990 solum
1097 4917 1302 4969 sancto
1325 4902 2011 4990 contemporaneus'fue-

360 4984 463 5056 rit,
490 4984 599 5044 sed
627 4984 806 5046 etiam
838 4984 1049 5046 intima
1076 4989 1511 5052 consuetudine
1540 4984 1721 5052 fuerit
1753 4993 2011 5074 conjun-

361 5074 516 5127 ClllS.

443 5144 567 5224 (83)
602 5141 688 5205 De
734 5146 1091 5208 monasterio
1131 5148 1245 5210 hoc
1281 5147 1364 5210 ita
1414 5149 1542 5212 fere
1585 5149 2011 5216 Sciommarius

358 5234 502 5287 nota
536 5229 605 5285 18
634 5224 708 5285 ad
737 5224 932 5288 Vitam
964 5227 1033 5289 B.
1067 5226 1482 5291 Bartholomrei
1516 5251 1533 5292 :
1597 5254 1620 5290 ι
1667 5230 1853 5295 Situm
1883 5242 2012 5296 erat

358 5323 547 5395 prope
576 5322 741 5395 mare
763 5305 828 5367 in
885 5306 1040 5395 loco,
1104 5309 1209 5389 qui
1261 5309 1579 5395 vocabatur
1608 5310 1856 5395 Serapo,
1889 5333 2008 5376 non

349 5385 541 5467 longe
563 5403 597 5445 a
616 5393 806 5467 porta,
822 5405 967 5467 qua:
986 5386 1032 5449 T
1039 5385 1313 5451 errestris
1324 5389 1558 5465 dicitur,
1576 5393 1650 5454 ad
1673 5385 2008 5458 sin'isfram.

352 5464 669 5555 invenerat
697 5464 871 5555 ibiHS}
904 5466 1072 5555 Nilus
1103 5468 1377 5555 exiguum
1416 5471 1865 5555 solitariumque
1895 5475 2004 5536 ha-

356 5544 711 5632 bitaculum,
775 5544 979 5632 ibi_qu_e
1026 5544 1517 5632 brevi'tempore
1574 5544 2001 5617 monasterium

358 5624 665 5713 exstruxit,
716 5624 1186 5713 quod'Serperi,
1241 5649 1343 5691 seu
1374 5624 1676 5713 'Serperis
1734 5643 2002 5697 vocatum

356 5706 467 5767 fuit
479 5705 569 5802 ἐὴ
602 5724 696 5797 eo,
722 5705 882 5802 Quod
917 5727 1012 5799 eo_
1039 5705 1172 5800 loco
1195 5719 1408 5802 __esset,
1457 5705 1730 5802 ubitolim
1762 5713 2002 5802 Serapis

354 5780 816 5876 seu_$erapidis,
852 5787 1114 5876 numinis
1134 5780 1537 5876 -Ᾱεεγριὶεςιιιὲ,⁸
1552 5793 1753 5876 fanum
1766 5875 1771 5876 ί
1783 5780 1995 5857 fuerat.

349 5866 537 5929 Addit
563 5866 1012 5951 Sciommarius,
1035 5887 1112 5933 ex
1132 5866 1304 5936 Petri
1316 5866 1541 5936 Rosetti
1554 5875 2001 5958 Descriptionis

2098 4832 2345 4921 Qajetm,
2370 4832 2625 4921 discurs:
2644 4833 2703 4907 2,
2723 4832 2941 4913 locum,
2975 4831 3075 4921 ubi
3109 4831 3216 4921 fuit
3245 4828 3549 4921 Serapidis
3579 4837 3736 4891 tem-

2098 4911 2260 4994 plum
2294 4923 2353 4975 et
2382 4912 2654 4993 Serperis
2683 4911 3133 4994 monasterium,
3169 4911 3617 4973 determinatius
3649 4930 3746 4994 co-

2095 4991 2323 5074 gnitum
2393 4991 2535 5074 non,
2584 5012 2761 5074 esse.‘
2806 4993 3210 5056 verisimiliter
3277 5000 3498 5074 tamen
3567 4991 3743 5053 exsti-

2095 5070 2263 5155 tisse,
2295 5075 2395 5137 ubi
2428 5073 2604 5135 hodie
2658 5071 2866 5135 visitur
2914 5074 3067 5155 diva,
3122 5091 3255 5153 qua:
3309 5091 3344 5155 _a
3403 5070 3739 5155 Cajetaglp-

2096 5147 2310 5236 pellata
2366 5163 2478 5229 est,
2533 5157 2594 5217 in
2652 5172 2768 5236 qua
2823 5152 3074 5217 ecclesia
3136 5147 3457 5215 tumulatus
3478 5147 3577 5213 est
3607 5147 3740 5214 Ste-

2134 5236 2343 5299 hanus.
3028 5281 3039 5293 .

2094 5255 2402 5397 [infigi-Et
2431 5315 2546 5379 hoc
2587 5315 2990 5380 verisimiliter
3028 5281 3472 5397 :monasterium
3505 5312 3743 5397 penitus

2089 5393 2457 5476 destructum
2518 5405 2650 5476 est;
2708 5398 2882 5460 tertio
2943 5395 3181 5458 milliari
3238 5393 3620 5476 distabatiab
3669 5413 3741 5457 eo

2093 5475 2246 5559 l_oco,
2282 5478 2383 5559 ubi
2437 5474 3315 5559 hodie'Criptze-FerratensisA
3343 5474 3578 5559 abbatia
3625 5484 3735 5559 est.

2085 5555 2479 5638 Tusculanam
2510 5577 2685 5638 porro
2716 5555 3012 5621 civitatem
3037 5576 3193 5619 anno
3217 5557 3369 5621 1190
3396 5574 3429 5616 a
3452 5556 3736 5638 Romanis

2128 5637 2321 5698 enilus
2352 5636 2606 5699 excisam
2668 5659 2821 5714 esse,
2884 5638 3060 5700 tradit
3122 5636 3547 5701 Sciommarius
3580 5655 3736 5714 smpe

2128 5655 2321 5698 enuus
2352 5656 2606 5699 excisam
2668 5659 2821 5714 esse,
2884 5655 3060 5700 traou
3122 5655 3547 5701 bcmmmarms
3580 5655 3734 5714 smpe

2084 5655 2356 5779 raudatus
2389 5728 2525 5779 nota
2555 5724 2652 5782 30.
2688 5719 2773 5781 Do
2797 5719 3180 5791 translatione
3218 5716 3487 5798 corporis
3519 5715 3580 5777 S.
3617 5714 3734 5777 Nili

2083 5798 2294 5939 eadhoc
2319 5799 2590 5939 ῗωέιὲὺὶο
2622 5801 2697 5863 ad
2719 5800 3016 5865 abbatiam
3062 5802 3289 5882 Cryptae
3318 5798 3731 5867 Ferratensem

2083 5894 2137 5939 γι
2182 5895 2215 5939 e
2242 5897 2319 5939 no
2352 5928 2366 5939 .
2484 5928 2501 5939 .

2080 5876 2215 5941 vide
2242 5887 2366 5945 not.
2398 5882 2501 5957 88,
