4182 6406
426 362 545 429 159

1924 364 2285 432 ANONYMI

3690 370 3807 437 160

416 495 601 576 phreis
619 496 759 560 licet
773 497 914 561 hinc
937 499 1115 562 etiam
1159 499 1339 563 ﬁdem
1362 497 1724 562 habentibus
1752 497 1907 562 sicut
1932 515 2061 577 gra-

2151 508 2275 563 πᾶσι
2326 505 2415 562 καὶ
2465 500 2673 580 ἔλεγεν,
2730 499 2811 556 ὅτι
2863 500 2995 564 Τοὺς
3051 503 3426 581 πανευφήμους
3483 502 3571 558 καὶ
3630 500 3796 558 ὅντως

419 604 559 647 num
616 586 864 668 sinapis,
938 588 1382 652 venerationem
1452 589 1731 651 deferre:
1793 589 2060 669 quamvis

418 689 524 751 ego
555 672 829 752 indignus
855 676 990 752 sim,
1025 677 1128 758 qui
1158 677 1250 740 vel
1281 677 1407 739 solo
1452 677 1695 739 nomine
1720 694 1824 741 eos
1853 676 2060 758 appel-

415 758 558 835 lem,
589 762 651 823 in
683 762 843 825 hunc
874 783 1050 845 porro
1084 774 1322 828 tenuem
1358 765 1572 828 deveni
1603 765 1796 828 locum
1826 786 1946 828 non
1980 766 2062 828 al-

415 849 601 912 terius
631 850 722 913 rei
749 871 948 928 causa,
995 874 1170 935 quam
1226 859 1292 916 u't
1345 855 1508 917 diem
1567 874 1766 917 meum
1821 862 2058 921 obeam.

415 937 603 1000 Porro
629 947 826 1002 autem
853 940 1012 1003 illius
1035 942 1236 1024 oppidi
1272 942 1570 1018 dominus,
1595 941 1910 1021 Gregorius
1941 943 2058 1026 (85)

417 1026 683 1115 nomine,
716 1030 1030 1109 tyrannide
1085 1031 1325 1112 quidem
1385 1038 1442 1093 et
1498 1031 1759 1112 nequitia
1786 1032 2061 1115 insignis,

417 1114 520 1176 sed
553 1116 869 1195 sagacitate
898 1127 1140 1181 ornatus
1184 1127 1245 1182 et
1296 1119 1634 1200 prudentia,
1668 1121 1982 1183 descendit
2008 1114 2067 1184 et

418 1210 744 1282 prostratus
771 1205 844 1267 ad
874 1207 1063 1269 sancti
1092 1207 1200 1269 viri
1257 1207 1441 1288 pedes
1486 1207 1569 1271 ita
1624 1207 1862 1270 dicebat
1896 1226 1910 1271 :
1946 1208 2067 1289 Ego

418 1289 682 1369 quidem,
708 1311 877 1355 serve
905 1294 1013 1357 Dei
1030 1294 1326 1370 altissimi,
1348 1294 1424 1357 ob
1456 1295 1640 1357 multa
1668 1304 1907 1374 peccata
1937 1317 2071 1361 mea

419 1377 633 1456 dignus
664 1399 783 1442 non
812 1401 965 1459 sum,
1000 1392 1066 1445 ut
1091 1382 1283 1446 intres
1334 1382 1445 1445 sub
1505 1392 1721 1445 tectum
1755 1402 1977 1461 meum,
2010 1400 2071 1448 et

417 1466 578 1528 unde
609 1468 754 1531 mihi
784 1470 921 1538 hoc.
954 1480 1018 1533 ut
1046 1481 1289 1535 sanctus
1338 1472 1578 1535 Domini
1623 1472 1739 1535 mei
1770 1473 1963 1537 veniat
1991 1475 2064 1537 ad

418 1573 514 1617 me
533 1560 560 1616 ?
588 1555 706 1620 Sed
749 1560 986 1641 quando
1013 1561 1270 1642 Magistri
1306 1569 1364 1623 et
1392 1561 1628 1624 Domini
1676 1561 1758 1623 tui
1790 1565 2063 1646 exemplo

417 1663 513 1706 me
540 1654 914 1726 peccatorem
928 1650 1111 1730 justis
1137 1649 1472 1732 praetulisti,
1504 1669 1647 1714 ecce
1677 1651 1887 1714 domus
1910 1672 2061 1731 mea,

417 1740 724 1816 totumque
753 1756 884 1798 cum
944 1756 1054 1800 suo
1111 1757 1250 1816 agro
1310 1738 1597 1819 oppidum
1654 1746 1791 1801 ante
1833 1748 1890 1803 te
1948 1750 2057 1807 est.

416 1820 717 1904 Quidquid
748 1823 825 1887 de
853 1825 927 1888 iis
957 1826 1217 1908 libuerit,
1242 1826 1474 1907 jubeto.

2141 593 2609 676 τρισμακαρίστους
2702 591 2791 646 καὶ
2884 593 3194 670 κορυφαίους
3286 599 3392 648 τῶν
3482 589 3795 648 ἆποστολων

2142 685 2230 741 καὶ
2255 683 2485 741 ἐντεῦθεν
2515 678 2729 736 δυνατὸν
2775 692 2893 743 τοῖς
2948 679 3121 737 πίστιν
3178 683 3252 744 ὡς
3308 681 3504 738 κόκκον
3533 680 3795 743 σινάπεως

2141 772 2490 848 κεκτημένοις
2545 768 2731 830 αὖτοὺς
2785 773 3168 847 προσκυνῆσαι,
3227 770 3272 825 εί
3339 770 3428 825 καὶ
3496 768 3605 845 ἐγὼ
3673 767 3800 823 ἀνά-

2144 860 2251 928 ξιος
2282 862 2371 918 καὶ
2425 865 2516 915 τοῦ
2572 857 2730 933 μόνον
2783 856 2968 919 αὐτοὺς
3024 857 3304 932 ὀνομάσαι.
3366 855 3457 914 Ἐν
3515 855 3691 932 μέντοι
3720 861 3798 929 τῷ

2146 947 2352 1005 εὖτελετ
2381 946 2530 1019 τόπῳ
2586 945 2757 1019 τούτῳ
2814 941 2880 999 δι’
2936 942 3082 1000 οῦδὲν
3140 943 3271 1001 ἄλλο
3327 944 3578 1021 ἐλήλυθα,
3629 945 3672 1000 εἷ
3719 944 3798 1019 μὴ

2148 1038 2308 1113 μόνον
2337 1035 2422 1093 διὰ
2467 1037 2528 1092 16
2582 1033 2918 1100 τελευτῆσαι.
2986 1024 3044 1090 Ὀ
3102 1031 3158 1089 δὲ
3220 1032 3402 1114 ἅρχων
3456 1039 3554 1101 τῆς
3609 1033 3800 1107 κώμης

2146 1125 2352 1193 ἐκείνης
2385 1122 2675 1203 Γρηγόριος
2704 1129 2781 1196 τῷ
2826 1121 3071 1201 ὀνόματι,
3120 1120 3437 1201 περιϐόητος
3491 1122 3546 1179 ἐν
3606 1142 3799 1200 τυραν-

2148 1215 2245 1274 νίδι
2324 1216 2411 1273 καὶ
2481 1211 2655 1285 ἀδικίᾳ
2721 1212 3028 1292 τυγχάνων,
3097 1210 3211 1269 λίαν
3281 1212 3335 1269 δὲ
3405 1212 3660 1292 ἀγχίνους
3714 1210 3804 1266 καὶ

2149 1303 2350 1362 συνέσει
2434 1300 2862 1381 κεκοσμημένος,
2954 1299 3221 1358 κατελθὼν
3309 1302 3397 1358 καὶ
3487 1299 3803 1380 προσπεσὼν

2146 1405 2264 1458 τοϊς
2296 1393 2421 1450 ποσὶ
2473 1398 2565 1448 τοῦ
2621 1390 2770 1467 ἁγίου
2829 1385 2979 1468 ’έλεγε
3030 1399 3192 1449 ταῦτα
3230 1409 3242 1422 ·
3304 1388 3449 1469 Ἐγὼ
3498 1391 3621 1470 μὲν,
3652 1386 3804 1447 δοῦλε

2147 1491 2241 1541 τοῦ
2276 1489 2407 1539 Θεοῦ
2435 1490 2528 1539 τοῦ
2567 1478 2808 1554 ὑψίστου,
2870 1475 2956 1533 διὰ
3006 1478 3099 1543 τὰς
3156 1476 3361 1543 πολλάς
3422 1500 3522 1555 μου
3552 1476 3808 1556 ἁμαρτίας

2145 1572 2239 1629 οὐκ
2266 1571 2372 1646 εἰμὶ
2399 1570 2603 1643 ἱκανὸς,
2636 1566 2730 1623 ἳνα
2786 1588 2887 1643 μου
2943 1567 3044 1622 ὑπὸ
3098 1567 3197 1635 τὴν
3257 1567 3453 1645 στέγην
3516 1565 3751 1642 εἰσέλθῃς
3788 1582 3803 1596 ⁸

2142 1661 2231 1716 καὶ
2259 1660 2417 1717 πόθεν
2468 1680 2560 1735 μοι
2616 1663 2796 1737 τοῦτο,
2850 1654 2945 1712 ἵνα
3002 1654 3128 1732 ’έλθῃ
3193 1658 3221 1713 6
3276 1656 3425 1736 ἅγιος
3474 1665 3567 1714 τοῦ
3619 1654 3807 1733 Κυρίου

2145 1770 2245 1825 μου
2273 1749 2403 1828 πρός
2437 1767 2550 1828 ps;
2612 1742 2832 1812 Ἐπειδὴ
2881 1741 2937 1800 δὲ
2996 1745 3322 1821 μιμούμενος
3382 1745 3473 1802 τὸν
3532 1746 3623 1800 σὸν
3654 1740 3805 1798 διδά-

2060 1837 2107 1898 Β
2144 1835 2337 1895 σκαλον
2392 1838 2481 1894 καὶ
2539 1834 2812 1902 Δεσπότην
2857 1835 3199 1913 προετιμήσω
3251 1855 3318 1910 με
3388 1836 3477 1891 τὸν
3536 1835 3792 1909 ἁμαρτω-

417 1910 510 1969 λὸν
540 1919 644 1971 τῶν
694 1913 931 1991 δικαιων,
988 1915 1097 1974 ιδοῦ
1154 1920 1183 1974 6
1238 1919 1389 1981 οἶκός
1447 1941 1569 1994 μου,
1629 1919 1717 1976 καὶ
1771 1918 1910 1979 ἅπαν
1964 1921 2055 1980 σὺν
2109 1921 2227 1991 τοῖς
2279 1925 2623 2006 περιχωρίοις
2682 1925 2839 1982 αὐτοῦ
2888 1910 2950 1979 τὸ
3002 1921 3312 1980 καστέλλιον
3368 1925 3471 2003 πρὸ
3524 1920 3810 2001 προσώπω

419 2023 513 2060 σου
534 2018 548 2032 ⁸
583 2002 636 2059 εἴ
663 2026 715 2061 τι
743 2003 975 2070 κελεύεις
1005 2007 1123 2086 περὶ
1152 2011 1344 2088 αὐτῶν,
1378 2007 1693 2088 πρόσταξον.

501 2107 603 2171 97.
626 2106 952 2189 Respondit
977 2109 1185 2173 beatus
1204 2114 1407 2173 Pater:
1434 2112 1756 2175 Benedicat
1784 2112 2070 2180 Dominus

422 2204 482 2257 et
501 2196 608 2258 tibi
637 2206 697 2260 et
725 2197 840 2259 tuis
870 2206 928 2260 et
957 2200 1161 2264 domui
1213 2209 1327 2263 tua:
1377 2213 1439 2263 et
1469 2201 1687 2282 Oppido
1721 2211 1843 2267 tuo.
1877 2207 2067 2268 Parti-

420 2286 613 2348 culam
644 2286 705 2349 in
735 2287 961 2351 ditione
992 2298 1091 2351 tua
1118 2290 1293 2352 nobis
1321 2291 1606 2366 concede,
1642 2301 1706 2353 ut
1734 2294 2071 2374 quietemin

421 2376 704 2465 eaqnacti
758 2376 947 2441 Deum
1006 2398 1113 2460 pro
1170 2380 1427 2460 peccatis
1483 2381 1702 2444 nostris
1752 2385 2070 2465 propitium

417 2463 739 2527 reddamus
759 2475 816 2528 et
836 2486 941 2548 pro
964 2468 1153 2530 salute
1175 2476 1272 2530 tua
1314 2487 1521 2549 preces
1548 2463 1887 2535 fundamus.
1918 2474 2065 2536 Gre-

420 2553 621 2643 gorius
679 2563 875 2618 autem
938 2575 1152 2635 magna
1204 2558 1509 2621 alacritate
1564 2560 1875 2640 implebat,
1911 2562 2071 2643 quod

416 2641 651 2720 jussum
684 2652 830 2706 erat.
864 2651 940 2709 At
989 2664 1130 2707 vero
1190 2646 1426 2721 fratres,
1488 2647 1678 2728 quiin
1711 2641 2074 2713 monasterio

418 2742 850 2819 remanserant,
889 2743 1020 2816 post
1052 2735 1339 2798 bimestre
1367 2736 1620 2816 spatium
1650 2737 1875 2812 audito,
1914 2739 2075 2819 quod

419 2817 597 2883 Pater
612 2839 729 2882 non
750 2830 1158 2886 reverteretur
1178 2824 1457 2904 amplius,
1479 2834 1856 2887 recesserunt
1877 2817 2077 2907 aspor-

420 2914 615 2970 tantes
631 2926 836 2971 secum
859 2913 1129 2987 melotas,
1150 2911 1550 2974 succinctoria
1573 2920 1630 2974 et
1649 2912 1899 2994 reliqua,
1935 2933 2077 2995 per-

422 3004 833 3079 veneruntque
880 3000 951 3061 ad
1013 2999 1233 3073 locum,
1293 3002 1678 3063 construendi
1736 3004 2081 3066 monasterii

426 3084 669 3149 nomine
692 3104 727 3148 a
750 3087 1018 3169 principe
1037 3088 1154 3149 illis
1177 3088 1461 3150 dicatum.
1486 3088 1653 3161 Quod
1680 3088 1780 3151 ubi
1808 3094 2080 3171 cognovit

423 3172 513 3233 vir
533 3172 933 3251 beatissimus,
949 3175 1231 3238 nimirum
1257 3177 1568 3240 advenisse
1585 3177 1743 3254 illos,
1762 3181 2078 3241 exsultavit

2235 2111 2347 2198 4’ζ’.
2423 2112 2480 2180 Ὀ
2549 2119 2604 2177 δὲ
2675 2119 2931 2200 μακάριος
3000 2118 3316 2199 ἀπεκρίνατο
3388 2119 3518 2195 πρὸς
3591 2116 3751 2173 αὒτόν
3783 2119 3802 2137 ⁸

2153 2209 2456 2289 Εὒλογήσαι
2494 2210 2680 2290 Κύριος
2726 2211 2814 2266 καὶ
2862 2208 2922 2265 σὲ
2975 2211 3063 2266 καὶ
3118 2209 3239 2272 τοὺς
3299 2208 3391 2263 σὺν
3419 2213 3495 2280 τῷ
3524 2205 3664 2279 οἴκῳ
3690 2226 3807 2279 σου,

2151 2304 2240 2358 καὶ
2270 2308 2337 2379 τῇ
2365 2300 2526 2378 κώμῃ
2562 2323 2676 2360 σου.
2726 2299 2897 2379 Μέρος
2945 2297 3001 2356 δὲ
3056 2298 3235 2378 ὀλίγον
3292 2297 3346 2353 ἐν
3403 2304 3480 2372 τῷ
3511 2298 3691 2375 κράτει
3721 2317 3815 2352 σου

2152 2391 2290 2464 ἡμῖν
2358 2387 2702 2469 διαχώρισον,
2776 2387 2922 2453 ὅπως
2982 2387 3037 2445 ἒν
3093 2389 3237 2462 αὖτῷ
3291 2386 3661 2466 ἡσυχάσαντες
3718 2386 3813 2440 τὸν

2155 2480 2285 2534 Θεὸν
2336 2478 2467 2557 ὑπὲρ
2535 2483 2641 2534 τῶν
2712 2477 2982 2556 ἁμαρτιῶν
3036 2477 3193 2552 ἡμῶν
3252 2473 3671 2553 ἐξιλεωσώμεθα,
3723 2474 3821 2529 καὶ

2154 2566 2283 2641 ὑπὲρ
2354 2572 2453 2633 τῆς
2510 2571 2611 2633 σῆς
2664 2566 2928 2644 σωτηρίας
2986 2563 3278 2640 εὖξώμεθα.
3338 2563 3469 2622 Τότε
3526 2565 3555 2619 6
3610 2562 3816 2641 Γρηγό-

2157 2676 2267 2733 ριος
2298 2656 2432 2731 μετὰ
2483 2653 2692 2722 πολλῆς
2750 2659 2850 2721 τῆς
2914 2652 3202 2733 προθυμίας
3260 2650 3546 2730 ἐξεπλήρου
3600 2652 3662 2708 16
3715 2670 3813 2706 κε·-

2157 2742 2461 2819 λευόμενον.
2494 2746 2553 2801 Οἱ
2582 2742 2641 2799 δὲ
2671 2741 3105 2818 ἐναπομείναντες
3162 2742 3216 2799 ὲν
3275 2748 3343 2818 τῇ
3402 2747 3541 2817 μονῇ
3597 2737 3811 2820 ἀδελφοὶ

2158 2833 2294 2907 μετὰ
2321 2830 2410 2889 δύο
2438 2831 2641 2912 ἡμέρας
2671 2838 2856 2907 μηνῶν
2915 2830 3193 2908 μαθόντες,
3248 2829 3330 2886 ὅτι
3371 2833 3465 2888 οὐκ
3494 2829 3813 2909 ἆποστρεφει

2156 2922 2287 3000 πρὸς
2344 2922 2531 2985 αὐτοὺς
2576 2922 2604 2977 6
2656 2920 2861 3001 Πατὴρ,
2924 2920 3219 2999 ἀπάραντες
3274 2931 3394 2982 τοῖς
3451 2916 3812 2997 μηλωταρίοις

2155 3011 2243 3066 καὶ
2267 3007 2621 3089 περιϐολαίοις
2651 3011 2740 3066 καὶ
2791 3022 2907 3073 τοῖς
2966 3010 3205 3083 λοιποῖς,
3261 3005 3549 3064 κατέλαϐον
3593 3007 3682 3062 τὸν
3708 3006 3816 3062 ὑπὸ

2154 3104 2247 3155 τοῦ
2314 3095 2572 3180 ἄρχοντος
2644 3097 2996 3179 ἀφιερωθέντα
3064 3098 3226 3155 τόπον
3303 3100 3487 3160 αὒτοϊς
3546 3096 3600 3152 ἐν
3655 3094 3805 3172 λόγῳ

2155 3192 2323 3263 μονῆς
2359 3203 2373 3217 ’
2435 3188 2613 3263 μαθὼν
2663 3189 2834 3243 τοίνυν
2883 3190 2914 3243 δ
2965 3186 3408 3265 παμμακάριστος
3467 3184 3648 3263 Πατὴρ
3704 3184 3805 3249 τὴν

422 3262 660 3356 spiritu,
719 3264 1365 3356 signiﬁcavitqueiillis
1403 3267 1531 3329 haec
1589 3286 1698 3346 per
1747 3267 2070 3332 nuntium:

2152 3262 2320 3356 ἄφιξιν
2419 3262 2613 3354 αὐτῶν,
2713 3274 3082 3354 ἠγαλλιάσατο
3177 3282 3255 3350 τῷ
3350 3274 3636 3348 πνεύματι,
3716 3273 3808 3328 καὶ

424 3350 674 3416 SulIIicit
696 3354 867 3443 mihi,
894 3357 1103 3419 Patres
1125 3355 1428 3437 etfratres,
1453 3356 1609 3437 quod
1624 3357 1698 3418 ob
1719 3356 1820 3420 Dei
1839 3359 2073 3439 meique

2155 3350 2452 3433 δεδήλωκεν
2521 3350 2706 3427 αὒτοτς
2742 3350 2776 3396 ⁸⁷
2835 3362 3080 3443 Ἀρκετόν
3147 3386 3263 3438 μοι,
3336 3362 3382 3418 ὦ
3438 3360 3667 3441 Πατέρες
3722 3360 3816 3415 καὶ

420 3458 685 3504 amorem
717 3441 981 3507 laborem
1030 3444 1330 3526 ceperitis,
1390 3453 1456 3506 ut
1509 3444 1707 3507 isthuc
1766 3447 2072 3508 veniretis.

419 3528 587 3592 Nunc
607 3530 786 3611 igitur
807 3533 1154 3596 cbaritatem
1179 3543 1432 3596 vestram
1458 3552 1626 3615 rogo,
1658 3541 1721 3595 ut
1767 3544 2075 3616 exspecte-

423 3618 522 3695 tis,
546 3619 737 3682 donec
763 3632 823 3683 et
843 3621 976 3700 ipse
1006 3623 1239 3685 veniam
1258 3623 1331 3685 ad
1356 3642 1478 3685 vos.
1514 3622 1665 3685 Dum
1699 3622 1881 3700 igitur
1911 3633 2077 3704 parat

422 3725 487 3769 se
514 3709 588 3770 ad
609 3709 959 3772 solvendum
991 3712 1348 3792 promissum
1372 3711 1496 3773 suis
1519 3711 1772 3793 pedibus
1808 3711 2076 3785 (aberant

424 3797 584 3858 enim
616 3797 833 3861 fratres
863 3801 974 3862 tria
1002 3800 1128 3863 fere
1160 3800 1347 3862 millia
1378 3808 1700 3880 passuum),
1735 3804 2076 3864 convocatis

422 3884 495 3946 ad
530 3902 597 3947 se
623 3885 931 3957 fratribus.
967 3889 1069 3969 qui
1099 3907 1302 3951 secum
1335 3900 1531 3964 erant,
1564 3908 1682 3951 una
1711 3908 1844 3951 cum
1880 3891 2070 3970 begu-

423 3991 601 4035 meno
633 3973 815 4037 Paulo
865 3977 1010 4056 I86),
1072 3978 1168 4040 cui
1224 3979 1638 4059 praefecturam
1698 3980 2078 4041 commiserat

422 4073 560 4127 ante
591 4068 810 4129 multos
838 4067 989 4140 dies,
1050 4069 1179 4131 viro
1237 4078 1297 4131 et
1353 4070 1670 4151 prudentia
1729 4078 1786 4132 et
1818 4078 1989 4133 aetate
2020 4079 2077 4133 et

424 4153 851 4217 exercitatione
881 4156 1011 4219 vita;
1040 4158 1383 4221 monasticae
1443 4168 1499 4221 et
1530 4158 1918 4239 philosophiae
1947 4167 2075 4220 stu-

428 4239 546 4302 diis
574 4242 837 4323 antiquo,
873 4244 1173 4308 distribuit
1201 4246 1319 4309 illis
1349 4266 1533 4329 pauca
1587 4265 1914 4328 pannorum
1946 4247 2076 4308 l'ru—

428 4335 537 4406 sta,
566 4331 744 4409 (nihil
765 4332 921 4394 enim
945 4336 1228 4396 mundani
1256 4335 1428 4416 plane
1453 4336 1735 4415 illierat).
1770 4335 1862 4397 vel
1894 4355 2076 4397 unum

427 4436 509 4480 aes
538 4418 861 4495 minutum,
894 4429 1133 4504 tumque
1163 4423 1292 4486 dari
1322 4423 1437 4485 sibi
1460 4423 1640 4504 jussit
1670 4423 1962 4485 sumenda
1985 4424 2075 4485 vi-

428 4507 599 4570 vilica
626 4509 845 4572 Christi
879 4512 1179 4591 mysteria.
1218 4512 1450 4577 Deinde
1507 4513 1845 4591 begumeno
1879 4521 1937 4574 et
1963 4512 2079 4574 fra-

428 4594 619 4658 tribus
651 4616 666 4660 :
720 4596 1008 4673 Obsecro,
1040 4600 1253 4681 inquit,
1288 4619 1408 4678 vos,
1445 4608 1508 4662 ut
1558 4601 1610 4663 si
1661 4619 1695 4662 e
1727 4600 1848 4660 vita
1878 4617 2079 4663 exces-

427 4702 588 4765 sero,
619 4685 753 4751 sine
806 4707 970 4752 mora
1014 4663 1253 4773 corpus.
1292 4663 1492 4754 meum
1539 4697 1697 4752 terra
1726 4663 2139 4769 contegatis,D

2155 3451 2392 3533 ἀδελφοὶ,
2425 3451 2506 3508 ὅτι
2537 3451 2622 3508 διὰ
2676 3453 2777 3520 τὴν
2831 3459 2923 3508 τοῦ
2978 3460 3110 3511 Θεοῦ
3164 3451 3379 3530 ἀγάπην
3434 3452 3522 3507 καὶ
3547 3449 3647 3517 τὴν
3675 3447 3815 3524 ἐμὴν

2153 3540 2410 3608 ἐσκύλητε
2440 3540 2542 3605 ἕως
2573 3542 2753 3602 αὒτοῦ.
2788 3551 2889 3601 Νῦν
2947 3542 3034 3598 οὖν
3092 3539 3386 3620 παρακαλῶ
3439 3539 3538 3606 τὴν
3595 3537 3814 3616 ἀγάπην

2156 3631 2326 3706 ὑμῶν,
2396 3628 2490 3686 ἵνα
2545 3630 2883 3708 περιμείνητε
2938 3629 3131 3710 μέχρις
3191 3628 3251 3687 ἂν
3307 3629 3396 3685 καὶ
3451 3628 3607 3691 αῦτὸς
3667 3624 3814 3682 ἐλεί-

2150 3740 2328 3795 σωμαι
2383 3720 2514 3798 πρὸς
2572 3721 2732 3795 ὑμᾶς,
2796 3718 2884 3777 Ἐν
2936 3726 3012 3793 τῷ
3067 3718 3156 3775 οὖν
3214 3716 3584 3792 έταιμάζεσθαι
3650 3716 3809 3771 αὐτὸν

2150 3813 2244 3863 τοῦ
2290 3806 2678 3887 ἀποπληρῶσαι
2728 3808 3045 3883 αὐτομάτοις
3103 3807 3232 3863 πασὶ
3287 3806 3385 3872 τὴν
3444 3804 3639 3860 οἰκείαν
3696 3803 3817 3859 σύν-

2156 3894 2300 3960 ταξιν
2334 3912 2349 3926 ⁸
2381 3896 2516 3964 ἦσαν
2571 3898 2672 3977 γὰρ
2722 3900 2770 3953 οἱ
2824 3895 3037 3976 ἀδελφοὶ
3091 3898 3164 3958 ὡς
3222 3894 3328 3951 άπὸ
3388 3890 3575 3968 μιλίων
3603 3896 3761 3971 τριῶν
3796 3908 3813 3925 ⁸

2159 3983 2625 4060 συγκαλεσάμενος
2682 3987 2802 4049 τοὺς
2871 3990 3393 4064 πρασκαρτεροῦντας
3452 3981 3595 4055 αὐτῷ
3650 3977 3813 4035 ἀδελ-

2159 4073 2285 4152 φοὺς
2343 4074 2434 4129 σὺν
2484 4080 2560 4149 τῷ
2615 4073 2898 4153 ἡγουμένῳ
2959 4072 3170 4153 Παύλῳ,
3230 4076 3275 4146 ᾧ
3327 4072 3395 4137 ἦν
3449 4070 3551 4148 πρὸ
3595 4067 3815 4126 πολλῶν

2157 4163 2665 4242 προκεχειρισμένος
2751 4165 2964 4243 ἡμερῶν
3057 4163 3156 4229 τὴν
3240 4158 3529 4238 ἡγεμονίαν
3560 4203 3579 4236 ,
3671 4154 3819 4234 ἀνδξὶ

2157 4248 2370 4324 παλαιῷ
2398 4252 2487 4308 καὶ
2542 4252 2641 4320 τὴν
2683 4252 2957 4334 φρόνησιν,
3019 4253 3107 4307 καὶ
3160 4251 3258 4317 τὴν
3312 4247 3543 4334 ἠλικίαν,
3599 4248 3687 4303 καὶ
3712 4246 3816 4313 τὴν

2160 4334 2409 4412 ἄσκησιν,
2483 4341 2570 4396 καὶ
2638 4333 2738 4409 την
2804 4340 3112 4422 φιλοσοφίαν
3146 4358 3161 4374 ·
3233 4337 3440 4399 τούτοις
3512 4333 3814 4414 διαμερίσας

2156 4426 2224 4481 τὰ
2253 4428 2416 4507 μικρὰ
2444 4428 2600 4506 ῥάκια
2629 4433 2787 4488 αὐτοῦ
2844 4428 2926 4509 (οὗ
2981 4428 3081 4506 γὰρ
3133 4424 3264 4483 ἄλλο
3320 4426 3368 4480 τί
3419 4444 3548 4479 ποτε
3574 4422 3640 4490 ἧν
3668 4425 3814 4496 αύτῷ

2156 4520 2249 4570 τοῦ
2274 4515 2527 4597 κόσμου),
2587 4518 2689 4583 ἓως
2746 4518 2835 4574 καὶ
2884 4524 2977 4574 τοῦ
3034 4515 3266 4595 ἐσχάτου
3317 4512 3533 4587 λεπτοῦ,
3569 4509 3811 4567 ἐκέλευσε

2160 4602 2484 4679 μεταλαϐεῖν
2541 4614 2649 4663 τῶν
2717 4607 2991 4680 ζωοποιῶν
3049 4615 3142 4663 τοῦ
3199 4610 3428 4683 Χριστοῦ
3486 4601 3811 4677 μυστηρίων.

2156 4693 2375 4751 Ἔπειτα
2403 4692 2546 4773 λέγει
2572 4702 2649 4771 τῷ
2677 4693 2959 4775 ἡγουμένῳ
3008 4694 3096 4750 καὶ
3126 4691 3263 4772 [τοῖς
3320 4687 3568 4770 αδελφοτς
3602 4704 3617 4719 ⁸
3684 4686 3817 4745 Δέο-

1806 4864 2053 4928 Joannis
2082 4865 2204 4929 Glei
2234 4873 2410 4930 notae.

514 4986 638 5063 (85)
667 4982 959 5067 Observat
986 4987 1146 5051 idem
1178 4988 1604 5052 Sciommarius
1661 4988 1905 5067 notal'i,
1938 4989 2082 5052 Gre-

473 5070 664 5128 orium
696 5065 854 5128 hunc
883 5068 1281 5131 Tusculanum
1298 5067 1797 5145 comitem,fuisse
1827 5065 2079 5131 duorum

487 5164 836 5226 omanorum
870 5147 1241 5226 Pontiﬁcum,
1302 5148 1610 5211 Benedicti
1667 5148 1901 5211 scilicet
1948 5146 2074 5225 VII,

432 5226 580 5290 alias
610 5224 761 5297 VIII.
824 5237 880 5290 et
935 5231 1179 5292 Joannis
1225 5224 1385 5304 XIX,
1444 5229 1589 5292 alias
1636 5228 1760 5305 XX,
1824 5224 2074 5305 patrem,

432 5324 666 5369 necnon
696 5324 867 5369 avum
898 5308 1208 5372 Benedicti
1238 5308 1391 5384 VIII,
1438 5309 1586 5372 alias
1632 5309 1734 5373 IX.
1799 5308 2076 5384 Consule,

433 5387 679 5464 silibet,
713 5385 987 5452 Kircheri
1018 5390 1204 5453 nostri
1242 5389 1561 5454 Historiam
1615 5388 2079 5452 Eustathio-Ma-

432 5468 687 5552 rianam,
719 5478 883 5552 parte
911 5487 974 5545 ιι,
1005 5489 1141 5552 cap.
1175 5470 1237 5552 4,
1269 5469 1373 5552 ubi
1402 5471 1480 5552 de
1532 5469 1817 5533 comitum
1851 5468 2081 5552 'lluscu-

435 5551 703 5691 anorum
720 5549 906 5631 stirpe
922 5558 980 5612 et
996 5549 1317 5637 propagine
1339 5550 1530 5616 fusius
1551 5557 1762 5614 tractat
1784 5569 1853 5615 ex
1871 5549 2081 5613 Zazara

435 5648 468 5691 ιι
493 5646 705 5691 usaue.

433 5646 705 5697 aliisque.

513 5647 1005 5792 gglefiecnsante
1033 5710 1262 5776 abbatis
1310 5720 1370 5775 et
1398 5710 1722 5792 begumeni
1751 5710 1983 5774 titulum
2013 5709 2077 5777 S.

434 5791 590 5872 Nilo,
618 5791 733 5859 hoc
780 5793 1020 5860 nomine
1044 5793 1168 5875 jam
1188 5793 1384 5876 aliquo
1445 5791 1715 5876 tempore
1742 5799 1879 5855 ante
1905 5811 2080 5857 suum

2164 4987 2390 5052 obitum
2417 4987 2648 5069 praefuit
2666 4987 2914 5069 Paulus:
2938 4994 2996 5049 at
3016 4992 3250 5069 qu_anto_
3266 4983 3351 5069 illi
3386 4980 3804 5069 superyixerit,

2165 5088 2281 5130 non
2341 5063 2482 5131 satis
2554 5077 2807 5131 constat.
2867 5067 2932 5129 ln
2987 5063 3144 5129 serie
3201 5064 3477 5125 abbatum
3540 5063 3805 5141 Cryptze-

2164 5149 2605 5212 Ferratensium
2636 5149 2791 5210 inter
2820 5149 3065 5211 Paulum
3095 5154 3155 5208 et
3204 5145 3270 5208 B.
3309 5142 3805 5204 Bartholomaaum

2161 5230 2359 5292 adhuc
2386 5228 2615 5291 medius
2638 5236 2727 5291 est
2756 5228 3026 5310 Cyrillus.
3045 5224 3451 5310 Computante
3478 5222 3811 5285 Sciomma-

2159 5310 2276 5391 rio,
2300 5310 2393 5391 vix
2412 5310 2674 5391 quinque
2697 5307 2883 5391 annos
2899 5327 3017 5370 una
3039 5307 3438 5387 impleverunt
3467 5323 3482 5378 ;
3507 5320 3640 5364 nam
3665 5310 3810 5391 nota

2160 5390 2239 5453 20
2259 5389 2457 5459 ῐτδόίῐ,
2491 5389 2558 5453 Β.
2578 5389 3086 5453 ’Βδτιῐιοιοηιεευπι
3127 5404 3315 5447 annos
3346 5391 3570 5445 tantum
3598 5390 3801 5442 natum

2161 5470 2345 5534 fuisse
2372 5469 2601 5550 viginti,
2642 5470 2882 5551 quando
2899 5468 3106 5551 collata
3134 5466 3244 5551 fuit
3266 5464 3445 5528 Paulo
3466 5462 3801 5551 praelatum,

2162 5542 2608 5645 eumqueillam
2660 5542 2891 5614 tantum
2942 5546 3254 5610 admisisse
3299 5552 3443 5686 ἔθει
3468 5542 3802 5630 Cyrillum,

2163 5651 2294 5686 cum
2327 5651 2442 5686 mm
2502 5630 2689 5686 mtatis
2743 5646 2964 5686 annum
3021 5635 3222 5686 ageret
3256 5625 3296 5686 2
3370 5646 3384 5686 :
3446 5642 3576 5686 (tua;
3604 5638 3802 5684 omnia

2163 5651 2296 5694 cum
2319 5625 2445 5713 jam
2490 5630 2689 5713 tetatis
2738 5646 2964 5713 annum
2994 5625 3336 5713 _ag_eret25
3370 5646 3384 5688 :
3446 5642 3576 5713 quae
3604 5625 3810 5684 omnia

2161 5712 2232 5776 ad
2262 5706 2456 5777 Vitam
2488 5711 2555 5775 B.
2590 5708 3010 5776 Bartholomaei
3039 5706 3255 5771 discuti
3279 5712 3574 5789 poterunt.
