4182 6406
422 338 534 404 163

1652 323 1835 396 VITA
1879 332 1940 395 S.
1986 330 2153 396 NILI
2192 322 2543 394 JUNIORIS

3679 314 3796 382 164

421 469 697 534 solatium
722 473 924 530 nostra
946 471 1117 527 aetate
1152 463 1412 554 mundis,
1451 465 1617 546 quasi
1658 465 1756 526 illa
1788 464 1884 527 die
1914 463 2065 526 ami-

2155 477 2314 554 ἀγίων
2373 476 2459 531 καὶ
2513 471 2860 530 διδασκόντων
2914 471 3035 534 τοὺς
3094 468 3335 549 ἄλλουςς
3396 468 3496 526 Καὶ
3551 474 3653 554 ποῦ
3704 464 3800 521 εὕ-

419 560 538 625 sit?
561 559 715 622 Sane
734 556 949 619 multos
970 553 1238 616 invenies
1261 554 1639 616 continentia}
1670 554 1926 634 deditos,
1958 554 2063 616 sed

423 649 524 732 qui
556 648 870 711 utilitatem
921 645 1029 706 hac
1083 642 1209 706 sola
1255 643 1597 720 terminent,
1645 643 1916 705 doctrina
1945 662 2060 704 non

420 731 676 802 valeant.
714 735 934 800 Multos
966 752 998 795 e
1058 732 1355 794 contrario
1417 732 1610 794 studia
1639 733 1922 807 colentes,
1958 731 2064 794 sed

419 846 638 891 vacuos
660 824 894 888 actione
920 823 1167 885 virtutis.
1199 821 1304 884 Ille
1340 841 1477 883 vero
1508 822 1568 884 in
1616 822 1881 903 utrisque
1911 822 2065 885 adeo

424 914 794 995 excelluit,ut
808 913 868 973 in
885 911 1164 973 omnibus
1177 909 1454 971 ambidex
1469 918 1557 972 ter
1569 919 1723 972 esset
1742 921 1797 973 et
1815 922 2067 993 utroque

423 1005 593 1067 oculo
615 1000 1121 1084 perfectissimus:
1167 999 1347 1080 idque
1377 999 1425 1060 si
1448 1019 1579 1061 cum
1598 1000 1853 1081 antiquis
1887 1001 2062 1063 etiam

424 1094 736 1167 conferas;
760 1098 823 1152 ut
854 1089 928 1151 de
959 1098 1174 1151 nostra;
1207 1089 1577 1167 tempestatis
1607 1090 1950 1152 hominibus
1984 1106 2069 1151 ta-

425 1201 613 1259 ceam,
649 1180 886 1262 penitus
939 1181 1199 1240 caecitate
1256 1177 1679 1260 laborantibus,
1731 1198 1850 1241 non
1881 1180 2065 1242 altero

426 1281 649 1335 tantum
673 1268 970 1332 utentibus
993 1267 1163 1329 oculo
1196 1275 1253 1328 ct
1294 1287 1318 1326 ι
1337 1267 1672 1330 ersantibus
1701 1268 1763 1329 in
1797 1268 2067 1331 ma.;imis

425 1360 707 1424 tenebris.
741 1357 905 1431 Quod
934 1356 1048 1436 ipsi
1103 1374 1338 1437 quoque
1393 1356 1656 1418 omnium
1692 1358 2064 1438 prospicien-

428 1450 658 1512 tissime
690 1446 866 1509 veluti
900 1465 1005 1526 per
1035 1445 1258 1507 extasin
1291 1445 1401 1505 fuit
1432 1447 1777 1509 revelatum.
1818 1447 2073 1510 Videbat

428 1539 586 1602 enim
617 1556 826 1600 omnes
855 1535 1132 1597 homines
1163 1544 1222 1597 et
1263 1543 1477 1597 cuncta
1530 1536 1813 1599 animalia
1842 1546 1900 1603 et
1931 1539 2069 1600 uni—

423 1647 615 1710 versa,
650 1645 780 1708 quae
811 1624 1108 1705 serpendo
1142 1631 1451 1686 moventur
1483 1624 1543 1686 in
1593 1633 1775 1702 terra,
1811 1628 2073 1690 cmcitate

425 1716 694 1797 lucisque
724 1712 1037 1776 orbatione
1069 1711 1288 1786 teneri,
1319 1720 1551 1774 noctem
1583 1733 1719 1775 vero
1744 1716 2073 1795 profundis-

427 1806 638 1868 simam
653 1811 708 1865 et
731 1802 1041 1882 caliginem
1074 1801 1489 1863 densissimam
1509 1812 1623 1864 tota
1646 1804 1802 1866 ferra
1822 1807 2075 1869 circum-

426 1897 638 1959 fusam.
674 1892 793 1953 Sed
823 1892 938 1952 hoc
967 1888 1206 1971 quidem
1241 1890 1381 1950 olim
1417 1908 1430 1953 :
1468 1910 1623 1953 nunc
1651 1912 1785 1954 vero
1816 1896 2074 1977 quando,

429 1981 659 2044 relictis
691 1980 857 2042 hisce
891 1977 1172 2057 terrenis,
1202 1978 1385 2040 cmlos
1444 1980 1649 2041 incolit
1679 1991 1915 2045 αξιοι-σω
1946 2004 2077 2047 me-

429 2071 636 2132 moriae
665 2069 774 2130 viri
811 2067 1077 2148 spiritus,
1132 2075 1315 2128 totam
1374 2068 1615 2148 quidem
1651 2069 1806 2131 illam
1842 2082 2075 2135 noctem

427 2161 657 2240 egimus
689 2162 744 2221 in
794 2156 1035 2239 psalmis
1096 2163 1151 2217 et
1210 2157 1440 2237 hymnis
1499 2158 1871 2223 funebribus.
1910 2166 2077 2225 Mane

427 2267 567 2310 vero
600 2248 931 2310 deferentes
963 2246 1245 2307 feretrum
1307 2266 1441 2307 cum
1502 2248 1691 2309 cereis
1723 2260 1781 2311 et
1812 2251 1988 2313 thure
2019 2260 2077 2314 et

426 2338 776 2418 psalmodia,
814 2335 1172 2410 portavimus
1203 2335 1459 2399 cadaver
1490 2336 1549 2398 in
1612 2338 1831 2417 locum,
1865 2339 1927 2402 in
1959 2361 2073 2422 quo

425 2427 636 2489 fratres
661 2426 897 2488 beatum
928 2423 1118 2485 virum
1152 2424 1660 2503 praestolabantur.

505 2605 641 2669 100.
678 2604 751 2668 Ut
801 2613 1037 2666 ventum
1091 2612 1182 2665 est
1239 2603 1299 2665 in
1356 2612 1741 2685 conspectum
1796 2625 1983 2667 eorun
2015 2612 2075 2669 et

423 2696 698 2755 audivere
713 2693 1098 2774 psalmodiam
1111 2743 1124 2766 ,
1148 2693 1343 2754 cuncti
1362 2693 1588 2773 prodie:
1607 2712 1639 2755 e
1658 2694 1830 2757 nobis
1845 2696 2074 2759 obviam

425 2801 600 2844 senes
630 2790 687 2844 et
709 2785 984 2861 juvenes,
1020 2781 1183 2862 parvi
1236 2789 1292 2842 et
1342 2780 1562 2860 magni,
1599 2782 1651 2842 vi
1683 2782 2073 2864 lacrymarum

426 2890 640 2933 omnes
670 2870 895 2951 perfusi
927 2882 985 2930 et
1014 2869 1660 2950 miserrimelugentes.
1699 2873 1852 2952 Ergo
1885 2874 2075 2954 posito

422 2961 640 3022 feretro
675 2967 729 3021 et
761 2958 1099 3020 intermisso
1131 2968 1327 3033 cantu,
1363 2959 1538 3020 simul
1571 2980 1780 3023 omnes
1811 2981 2076 3026 commu-

2145 552 2271 645 ρατο
2330 563 2499 632 ἀλλην
2551 563 2879 642 παραμυθίαν
2954 563 2982 617 6
3047 559 3271 635 κόσμος,
3332 564 3435 615 τῶν
3488 552 3603 613 καθ’
3641 556 3799 645 ,ἡμᾷς

2143 642 2310 732 λέγω,
2345 654 2465 711 ο’ῗαν
2497 652 2769 709 ἀπώλεσεν
2829 650 2884 707 ἐν
2933 655 3000 727 τῇ
3054 649 3231 729 ἡμέρᾳ
3288 648 3509 727 ἐκείνης
3563 642 3798 706 Πολλοὺς

2147 745 2241 819 ιιὶν
2307 744 2408 821 γάρ
2466 744 2701 822 εὑρήσεις
2761 740 3068 820 ἐγκράτειαν
3122 738 3432 816 ἀσκοῦντας,
3491 733 3547 789 οῗ
3606 732 3798 811 μέχρις

2144 837 2307 899 ανῦτῆς
2366 832 2463 899 τὴν
2514 830 2771 912 ὠφέλειαν
2828 828 3088 908 διιστῶσι,
3144 826 3305 907 λόγου
3360 824 3415 881 δὲ
3472 824 3745 903 ἀμοιροῦσι
3779 836 3794 849 ⁹

2144 920 2422 983 πλείστους
2471 919 2525 975 δὲ
2576 909 2739 977 πάλιν
2791 920 2877 975 καὶ
2928 928 3022 976 τοῦ
3076 916 3237 995 λόγου
3295 914 3389 990 μὲν
3438 909 3798 988 ἐπιμελουμέ-

2148 1035 2271 1084 νων,
2327 1010 2478 1090 ἔργου
2535 1008 2590 1065 δὲ
2618 1008 2983 1090 δἀμελούντων
3018 1024 3031 1038 ·
3095 1010 3169 1065 ὢν
3226 1006 3432 1069 ἐκεῖνος
3490 1002 3801 1082 ἀμφοτέρων

2147 1099 2602 1156 πλεονεκτούντων
2699 1100 2836 1155 κατά
2932 1098 3125 1170 πάντα,
3234 1093 3522 1174 περιδέξιος
3633 1089 3801 1152 ὅντως

2148 1191 2361 1269 ὑπῆρχε
2414 1190 2502 1244 καὶ
2558 1185 3088 1266 ἀμφοτερόφθαλμος.
3152 1186 3249 1243 Καὶ
3304 1193 3468 1242 ταῦτα
3522 1182 3610 1238 καὶ
3668 1180 3803 1269 πρὸς

2150 1279 2273 1341 τοὺς
2306 1268 2584 1357 ἀρχαίους,
2643 1275 2736 1331 ⁹ίνα
2793 1276 2870 1350 μὴ
2928 1272 3070 1354 λέγω
3125 1275 3223 1342 τὴν
3277 1270 3393 1329 καθ’
3440 1273 3587 1348 ἡμᾶς
3617 1268 3803 1357 γενεάν

2153 1356 2441 1445 ὃλότυφλον
2514 1364 2715 1442 μᾶλλον
2778 1363 2950 1445 ἤπερῄ
2972 1362 3296 1443 μονότυφλον
3365 1362 3544 1435 οὖσαν,
3605 1360 3694 1415 καὶ
3748 1356 3802 1412 ἐν

2153 1455 2451 1531 σκοτομένῃ
2483 1470 2505 1532 ,,
2523 1453 2824 1533 διάγουσαν,
2925 1436 3084 1531 εὨπερ
3139 1453 3228 1507 καὶ
3259 1450 3399 1524 αὗτῷ
3454 1456 3532 1521 τῷ
3585 1442 3806 1525 προϐλε-

2153 1544 2470 1618 πτικωτάτῳ
2516 1544 2588 1607 ὡς
2654 1542 2706 1599 έν
2764 1540 2979 1598 ἐκτάσαι
3040 1538 3382 1619 ἀπεκαλύφθη
3415 1553 3431 1569 '
3494 1536 3632 1614 ἑώρα
3679 1534 3803 1613 γὰρ,

2154 1635 2227 1697 ὡς
2257 1632 2449 1696 πάντες
2479 1634 2529 1687 οἱ
2581 1630 2865 1711 ἄνθρώποι,
2928 1630 3015 1686 καὶ
3071 1629 3243 1686 πάντα
3298 1629 3365 1684 τά
3418 1632 3551 1705 ζῶα,
3585 1624 3673 1679 καὶ
3703 1628 3805 1677 πᾶν

2156 1723 2374 1801 ἑρπετὸν
2433 1722 2738 1797 κινούμενον
2798 1719 2882 1777 ἐπὶ
2936 1724 3034 1786 τῆς
3091 1724 3193 1797 γῆς
3262 1715 3523 1798 τυφλώσει
3593 1734 3651 1769 τε
3719 1711 3808 1766 καὶ

2162 1809 2385 1886 ἀϐλεψίᾳ
2413 1813 2728 1891 κατείχοντο
2761 1828 2775 1843 ⁸
2828 1809 2986 1890 ζόφος
3044 1805 3098 1863 δὲ
3153 1807 3464 1884 βαθύτατος,
3497 1805 3584 1860 καὶ
3612 1802 3808 1881 γνόφος

2116 1954 2117 1957 η
2160 1901 2426 1977 ἀμύθητος
2458 1899 2543 1957 ἐπὶ
2570 1907 2742 1956 πᾶσαν
2787 1900 2885 1967 τὴν
2940 1904 3043 1978 γῆν
3100 1897 3471 1977 περιεκέχυτο,
3525 1894 3625 1952 Καὶ
3655 1899 3809 1948 τοῦτο

2161 1990 2256 2065 μὲν
2313 1990 2564 2069 πρότερον
2601 2008 2616 2024 ⁸
2678 1996 2764 2045 νῦν
2821 1987 2875 2045 δὲ
2932 1987 3021 2043 ὅτε
3061 1984 3382 2043 καταλιπὼν
3440 1984 3507 2040 τὰ
3576 1980 3806 2058 ἐπιγεια,

2158 2081 2236 2153 τῴ
2264 2079 2521 2154 πνεύματι
2578 2078 2700 2142 τοὺς
2755 2079 3001 2157 οὗρανοὺς
3060 2074 3333 2152 ἐμϐατεύει
3391 2076 3419 2130 6
3466 2071 3810 2147 ἀείμνηστος,

2157 2174 2330 2224 πᾶσαν
2363 2169 2459 2243 μὲν
2490 2168 2587 2235 την
2645 2167 2806 2223 νύκτα
2864 2166 3068 2233 ἐκείνην
3128 2165 3182 2221 ἐν
3241 2161 3480 2240 ψαλμοῖς
3512 2160 3599 2216 καὶ
3627 2157 3812 2233 ὕμνοις

2157 2255 2449 2336 ἐπιταφίοις
2508 2254 2789 2332 διήλθομεν
2823 2273 2838 2287 ⁸
2896 2257 3106 2335 πρωίας
3161 2252 3214 2310 δὲ
3272 2250 3564 2331 γενομένης
3617 2245 3807 2304 διαϐα-

2158 2346 2441 2409 στάσαντες
2499 2346 2598 2411 τὴν
2655 2346 2837 2412 κλίνην
2895 2346 3028 2421 μετά
3085 2349 3262 2422 κηρῶν
3319 2345 3409 2399 καὶ
3463 2338 3809 2414 θυμιαμάτων

2156 2436 2243 2491 καὶ
2301 2431 2647 2515 ψαλμῳδιῶν,
2718 2434 3069 2512 ἀπηγάγομεν
3140 2433 3201 2489 τὸ
3273 2430 3518 2506 λείψανον
3585 2425 3701 2484 ’ένθα
3760 2428 3807 2483 οἱ

2158 2521 2369 2603 ἀδελφοὶ
2380 2521 2757 2603 Δάπεκδέχοντο
2786 2524 2876 2578 τὸν
2906 2522 3184 2602 μακάριον.

2240 2594 2310 2689 ρῗ
2379 2594 2493 2667 εὈτε
2552 2594 2635 2665 δέ⁷
2677 2608 2728 2675 ἐξ
2798 2594 3063 2672 ἐναντίας,
3093 2608 3263 2664 αὐτῶν
3321 2605 3672 2685 ἐγενήθημεν,
3722 2601 3811 2657 καὶ

2157 2705 2255 2766 τῆς
2316 2697 2627 2774 ψαλμῷδίας
2686 2699 3005 2770 ἀκηκόασιν,
3078 2696 3292 2765 ἐξῆλθον
3346 2696 3434 2751 καὶ
3501 2694 3811 2763 ὑπήντησαν

2157 2790 2291 2863 ἡμῖν
2322 2788 2575 2863 ἅπαντες,
2638 2786 2744 2844 νέοι
2798 2810 2857 2844 τε
2915 2789 3003 2844 καὶ
3062 2787 3327 2866 γέροντες,
3375 2784 3551 2862 μικροί
3612 2802 3669 2837 τε
3724 2780 3813 2836 καὶ

2161 2877 2407 2958 μεγάλοι,
2506 2876 2619 2933 ὅλοι
2709 2877 3140 2958 στμπεφυρμένοι
3226 2888 3342 2939 τοῖς
3418 2871 3653 2951 δάκρυσι,
3724 2871 3814 2927 καὶ

2159 2973 2360 3047 πικρῶς
2391 2963 2720 3046 ὀδυρόμενοι,
2756 2967 2943 3030 Θέντες
2996 2966 3165 3023 τοίνυν
3215 2964 3299 3021 ἐπὶ
3338 2964 3435 3030 την
3468 2968 3568 3040 γῆν
3598 2962 3658 3017 τὸ
3685 2958 3812 3017 κλι-

426 3068 566 3111 nem
597 3048 965 3111 deﬂebamus
1017 3050 1339 3155 jacturam,
1398 3047 1735 3124 orbitatem,
1770 3049 2071 3133 Patrisque

2158 3044 2312 3115 νίδιον
2344 3058 2431 3114 καὶ
2484 3044 2551 3113 τὸ
2612 3056 2833 3133 ψάλλειν
2892 3056 3162 3135 ἐάσαντες,
3225 3054 3417 3117 πάντες
3471 3055 3602 3127 ὁμου
3648 3051 3810 3129 ἐθρη-

425 3136 830 3199 amissionem.
865 3137 991 3198 Nec
1022 3135 1181 3197 aliud
1229 3136 1432 3198 videre
1487 3145 1624 3199 tunc
1654 3145 1800 3216 erat,
1833 3148 1934 3201 aut
1965 3159 2072 3202 ex-

422 3225 684 3307 pressius
705 3224 946 3299 intueri,
973 3243 1150 3306 quam
1179 3225 1334 3306 quod
1357 3226 1431 3288 de
1445 3225 1476 3288 J
1484 3225 1628 3288 acob
1656 3228 1940 3309 scriptum
1959 3239 2069 3306 est,

425 3316 664 3395 quando
696 3314 945 3396 profecti
992 3322 1130 3377 sunt
1187 3314 1293 3375 ﬁlii
1352 3315 1481 3396 ejus
1530 3316 1606 3378 ad
1664 3335 1860 3379 aream
1892 3319 2067 3394 Atad,

425 3423 555 3486 qua;
586 3405 695 3466 sita
718 3415 806 3465 est
836 3412 996 3467 trans
1022 3403 1368 3485 Jordanem,
1405 3413 1462 3467 et
1493 3406 1730 3486 planctu
1763 3427 1972 3488 magno
2005 3428 2073 3471 ac

422 3496 763 3558 vehementi
788 3495 1165 3558 celebrarunt
1189 3497 1538 3577 exsequias:
1577 3518 1714 3559 nam
1746 3501 1987 3580 parvula
2017 3508 2075 3562 et

434 3603 543 3648 nos
570 3584 827 3646 habebat
855 3604 994 3647 area
1025 3586 1152 3667 (88)
1213 3594 1270 3647 et
1329 3605 1514 3647 novus
1542 3586 1723 3650 Jacob
1749 3588 1985 3667 jacebal
2010 3590 2075 3652 in

430 3676 673 3756 feretro,
705 3685 762 3736 et
792 3674 898 3736 filii
932 3675 1110 3738 Israel
1143 3675 1515 3756 plangebant.
1573 3676 1849 3756 Regionis
1878 3687 2073 3741 autem

425 3764 812 3844 habitatores,
845 3771 1130 3844 quotquot
1158 3764 1403 3826 aderant
1460 3785 1592 3827 cum
1627 3766 1893 3849 principe
1924 3768 2075 3832 Gre-

425 3853 615 3932 gorio,
640 3871 760 3914 non
786 3853 959 3914 modo
982 3859 1345 3933 spectatores
1362 3863 1550 3931 erant,
1575 3855 1681 3917 sed
1714 3875 2078 3938 prosequen-

425 3951 517 4004 tes
547 3941 722 4004 etiam
757 3941 954 4017 funus,
990 3942 1213 4003 luctum
1246 3961 1418 4004 suum
1453 3963 1582 4005 cum
1620 3952 1820 4007 nostro
1854 3947 2074 4010 misce-

426 4029 594 4103 bant,
626 4048 738 4092 nec
767 4029 932 4110 prius
959 4029 1331 4106 abscessere,
1358 4050 1533 4112 quam
1579 4032 1952 4114 deportatum
1971 4036 2081 4098 fuit

426 4137 461 4180 a
491 4118 665 4180 nobis
693 4118 962 4194 cadaver,
995 4118 1451 4200 depositumque
1483 4122 1807 4186 constituto
1837 4126 1894 4185 in
1922 4124 2075 4201 loco,

2156 3155 2345 3222 νοῦμεν
2415 3146 2513 3213 τὴν
2572 3146 2758 3214 κοινὴν
2813 3146 3007 3223 ζημίαν
3066 3146 3153 3202 καὶ
3212 3142 3482 3224 ὀρφανίαν,
3554 3140 3643 3197 καὶ
3709 3139 3810 3224 τὴν

2155 3243 2246 3292 τοῦ
2303 3237 2505 3314 Πατρὸς
2560 3235 2829 3316 στέρησιν,
2890 3222 3063 3293 γΟὒδὲν
3120 3232 3175 3288 δὲ
3232 3222 3363 3288 ἄλλο
3417 3231 3483 3299 ἧν
3537 3227 3667 3286 ἰδεῖν
3723 3222 3813 3284 καὶ

2157 3326 2382 3400 εἰκάσαι,
2443 3324 2479 3393 ἢ
2535 3314 2664 3405 ὅπερ
2719 3325 2837 3404 περὶ
2909 3331 3001 3381 τοῦ
3072 3318 3266 3380 Ἰακὼϐ
3333 3320 3651 3400 γέγραπται,
3721 3314 3810 3372 ὅτε

2155 3414 2507 3494 παρεγένοντο
2564 3416 2611 3470 οἱ
2667 3415 2767 3469 υἱοὶ
2823 3417 2981 3473 αὐτοῦ
3036 3410 3116 3494 ἐφ’
3173 3408 3385 3467 ἅλλωνα
3442 3406 3620 3481 Ἀτάδ,
3680 3406 3810 3494 ἦῆν

2157 3492 2407 3579 ἐπιπέραν
2438 3510 2531 3560 τοῦ
2581 3498 2865 3582 Ἰορδάνου,
2922 3502 3010 3557 καὶ
3068 3492 3328 3575 ἐκόψαντο
3389 3497 3612 3554 κοπετὸν
3643 3492 3811 3571 μέγαν

2156 3590 2244 3647 καὶ
2299 3591 2517 3669 ἰσχυρὸν
2574 3587 2795 3670 σφόδρα.
2860 3591 2958 3648 Καὶ
3014 3590 3115 3669 γὰρ
3166 3591 3308 3664 ἡμᾶς
3369 3587 3556 3665 μικρὸν
3578 3581 3811 3639 *ἀλώνιον

2155 3693 2429 3760 περιεῖχε,
2483 3682 2571 3737 καὶ
2623 3682 2650 3735 ὁ
2702 3681 2817 3744 νέος
2875 3677 3066 3737 Ἰακὼϐ
3120 3680 3302 3757 νεκρὸς
3375 3675 3548 3732 ἔκειτο
3617 3672 3671 3729 ἐν
3730 3678 3809 3746 τῷ

2157 3768 2475 3845 σκιμποδίῳ,
2537 3770 2624 3825 καὶ
2685 3771 2731 3825 οἱ
2782 3770 2879 3825 υἱοὶ
2938 3766 3152 3848 Ἰσραὴλ
3211 3766 3549 3844 ἐπεθρήνουν,
3610 3762 3712 3820 Καὶ
3764 3768 3817 3822 οἱ

2157 3858 2397 3916 κάτοικοι
2426 3864 2523 3925 τῆς
2555 3858 2763 3940 χώρας,
2823 3858 2935 3915 ὅσοι
2993 3858 3274 3938 εὕρέθησαν
3330 3856 3420 3910 σὺν
3490 3859 3567 3927 τῷ
3597 3851 3817 3940 ἄρχοντι

2158 3948 2454 4025 Γρηγορέῳ,
2530 3936 2595 4005 ob,
2650 3936 2819 4023 ’μόνον
2889 3947 2955 4002 τὰ
3009 3936 3262 4025 γινόμενα
3331 3941 3601 4020 ἐθεώρουν,
3678 3936 3818 3994 ἀλλά

2158 4039 2247 4094 καὶ
2317 4037 2656 4095 συνεπένθουν
2726 4037 3127 4100 ἀκολουθοῦντες
3165 4052 3178 4066 ⁶
3270 4035 3359 4091 καὶ
3430 4032 3488 4089 οὒ
3560 4031 3816 4111 πρότερον

2161 4126 2536 4208 ἀνεχώρησαν,
2629 4125 2730 4190 ἕως
2817 4130 2878 4183 οὒ
2969 4127 3029 4184 τὸ
3117 4123 3366 4201 λείψανον
3435 4122 3814 4200 ἀπαγάγομεν,

432 4206 586 4268 sicut
616 4206 744 4288 ipse
774 4206 1184 4270 sanctissimus
1213 4206 1386 4271 Pater
1434 4210 1897 4291 praescripserat.
1933 4216 2071 4275 Per-

2161 4215 2249 4272 καὶ
2316 4214 2370 4271 ἐν
2436 4206 2530 4290 τῷγ
2581 4215 2962 4297 προωρισμένῳ
2999 4219 3188 4292 ,αὺτοῦ
3257 4214 3406 4287 τόπῳ
3468 4208 3814 4284 κατεθέμεθα,

435 4295 654 4357 mansit
675 4304 869 4358 autem
894 4297 966 4359 ad
991 4297 1276 4359 tumulum
1303 4299 1581 4360 universa
1598 4301 1934 4364 fraternitas
1947 4322 2071 4365 cum

2162 4304 2335 4367 καθὼς
2406 4304 2562 4369 αὖτὸς
2620 4309 2647 4361 6
2717 4295 2980 4386 τρισόσιος
3059 4301 3350 4368 διετάξατο.
3413 4298 3704 4379 Παρέμειτε
3762 4295 3820 4352 δὲ

429 4394 755 4447 memorato
789 4387 1152 4468 hegumeno,
1194 4406 1361 4449 suam
1393 4407 1630 4468 oprra-n
1676 4410 1904 4470 ponens
1936 4400 1992 4453 et
2021 4392 2071 4453 in

2169 4399 2245 4467 τῷ
2302 4392 2451 4471 τάφῳ
2507 4400 2651 4450 πᾶσα
2704 4397 2739 4463 ἡ
2799 4392 3092 4473 ἀδελφότης
3152 4392 3243 4447 σὺν
3298 4397 3374 4465 τῷ
3429 4387 3712 4466 ἡγουμένῳ
3740 4393 3821 4461 τῷ

427 4474 710 4555 patientia
735 4475 1033 4557 laborans,
1084 4495 1153 4538 eo
1181 4477 1335 4558 quod
1369 4478 1532 4538 locus
1565 4482 1733 4559 esset;
1754 4481 1946 4543 minus
1975 4482 2071 4543 in-

2160 4477 2527 4559 προλεχθέντι,
2602 4480 2930 4560 ἐργαζομένη
3000 4481 3088 4536 καὶ
3162 4478 3216 4534 ἐν
3270 4480 3517 4554 ὑπομονῇ
3576 4480 3821 4531 κοπιῶσα

428 4571 707 4640 structus,
741 4565 813 4626 ad
848 4566 1313 4646 comparandum
1371 4584 1584 4647 panem
1642 4569 2071 4652 quotidianum,

2163 4567 2245 4625 δια
2305 4570 2364 4624 τὸ
2422 4570 2777 4627 ἀκατάσκευον
2840 4570 2980 4627 εἶναι
3037 4572 3125 4627 τὸν
3183 4569 3368 4639 τόπον,
3430 4567 3520 4622 τὸν
3552 4564 3834 4645 ἐπιούσιονη

426 4652 617 4733 quiet
673 4654 887 4717 anima:
946 4674 1282 4734 congruens
1340 4663 1398 4716 et
1446 4657 1680 4737 corpori
1726 4658 1867 4721 satis
1898 4669 2071 4723 esset.

2165 4656 2342 4738 ἄρτον,
2373 4659 2463 4715 τόν
2510 4682 2568 4715 τε
2624 4666 2692 4737 τῇ
2743 4665 2897 4741 ψυχῇ
2955 4656 3225 4740 ἁρμόδιον,
3287 4658 3374 4715 καὶ
3422 4661 3491 4733 τῇ
3518 4654 3668 4733 σαρκὶ
3700 4652 3822 4708 αὒτὲ-

427 4745 781 4826 Complures
813 4746 987 4809 etiam
1016 4765 1049 4810 e
1079 4745 1218 4808 ﬁliis
1276 4748 1466 4830 sancti,
1523 4745 1656 4823 viri,
1694 4749 1795 4829 qui
1826 4749 2071 4831 dispersi

2162 4751 2322 4830 ἀριιη.
2395 4748 2588 4807 Πολλοὶ
2624 4750 2861 4832 ,δὲ’-,καὶ
2930 4757 3036 4809 τῶν
3069 4750 3307 4830 ξδτέκνων
3364 4753 3456 4805 τοῦ
3514 4747 3663 4824 ἁγίου
3710 4750 3821 4801 τῶν

1822 4933 2068 4998 Joannis
2092 4934 2221 5002 .Clei
2250 4941 2424 4997 notae.

510 5054 635 5146 .t88)
670 5051 2087 5146 Ubinamfueritareailla,ubidepositmfuerunt
2166 5058 2289 5146 ubi_
2340 5053 2626 5146 describit
2672 5063 2964 5146 ornatum
3038 5054 3245 5146 sacelli
3314 5055 3377 5146 SH.
3459 5047 3820 5146 Nili,"quod

433 5133 687 5221 primum
731 5155 812 5221 ἐκ
842 5137 1119 5199 mandato
1170 5133 1419 5221 ejusMS'.
1482 5133 1901 5221 Nili-exuviae,
1962 5158 2084 5200 non
2167 5138 2438 5221 ecclesia;
2510 5134 2761 5197 abbatiaa
2818 5136 3081 5221 adhaeret
3136 5145 3196 5198 et
3249 5133 3819 5221 a_G_I:this.Hatpex.-

433 5209 577 5275 satis
608 5213 884 5300 distincte
943 5209 1255 5300 assequor.
1314 5219 1442 5282 Non
1502 5220 1778 5282 videntur
1824 5209 2071 5281 tamena

2162 5219 2378 5300 κλησία,
2439 5224 2718 5300 vocatur,
2766 5217 2965 5300 tradit,
3026 5217 3089 5278 in
3143 5209 3590 5300 exquisitissimi
3619 5209 3821 5300 operis

434 5295 898 5382 monasteries.
940 5295 1221 5382 Agat—hae,
1284 5300 1387 5382 ubi
1440 5300 1803 5382 decesserat,
1852 5299 2083 5382 longius
2164 5299 2395 5382 pictura
2450 5295 2722 5382 exhiberi
2780 5297 3003 5360 ibidem
3057 5295 3503 5382 translationem
3550 5295 3821 5382 corporis

433 5373 717 5439 abfuisse.
753 5368 1219 5462 At_quidigitur
1252 5381 1341 5462 de
1396 5382 1767 5460 congregatis
1791 5368 1929 5462 post
1953 5368 2088 5460 Ejus
2165 5368 2441 5462 ejusdem
2515 5375 2707 5441 sancti
2777 5396 2849 5439 ex
2905 5377 3265 5462 monasterio
3324 5372 3387 5438 S.
3441 5368 3689 5462 Agathe}
3746 5368 3820 5462 ad

441 5463 696 5541 mortem
732 5475 800 5519 eo
830 5456 1298 5541 loco‘monachis
1351 5456 1587 5540 fixaque
1622 5456 1945 5524 'domi‘cilio
1978 5456 2087 5523 seu
2170 5456 2802 5541 Cryptaa-Ferratense;
2840 5459 3047 5541 athaac
3067 5457 3443 5541 quandonam
3475 5456 3819 5541 contigerit,

481 5536 638 5624 otius
667 5536 938 5624 caenobio
962 5537 986 5599 ?
1006 5538 1096 5601 An
1120 5540 1269 5603 forte
1292 5560 1475 5624 prope
1492 5536 1789 5624 abbatiam
1826 5542 2085 5624 Cryptae-
2167 5536 2323 5624 apud
2354 5542 2546 5622 ipsum
2589 5557 2752 5624 _n_on_
2786 5538 3049 5624 invenio.
3084 5536 3405 5624 Caeterum
3461 5540 3687 5624 monet,
3715 5547 3820 5591 re-

486 5625 695 5680 erratae
727 5626 855 5680 erat
881 5617 982 5681 illa
1025 5638 1187 5695 area,
1219 5612 1460 5703 quam'a
1514 5623 1846 5703 Tusculano
1876 5612 2093 5703 c'o'mite
2173 5612 2395 5701 liquias'
2418 5619 2604 5703 sancti
2635 5618 2695 5680 in
2724 5619 2874 5682 festo
2933 5620 3064 5700 ejus
3122 5638 3258 5682 cum
3321 5612 3576 5679 solemni
3605 5628 3827 5693 pompa

434 5708 1048 5791 sanctusAacgeperat,
1084 5708 1144 5791 e_t
1171 5701 1254 5765 rte
1276 5702 1437 5765 illius
1476 5702 1743 5791 abbatiae
1772 5702 2089 5791 initiis
2172 5701 2572 5765 circumferri.

435 5786 702 5843 sermo?
776 5778 1204 5846 Sciommarius
1262 5802 1421 5866 saepe
1476 5784 1744 5849 laudatus
1796 5792 1933 5851 nota
1983 5782 2081 5865 23,
