4154 6456
507 413 611 479 171

1153 412 1542 480 THEODORI
1582 415 2011 482 ICONIENSIS
2052 412 2239 480 VITA
2281 415 2383 479 ss.
2429 369 2828 480 CIRYGI‘ET
2869 414 3215 481 JULITT/E

3760 411 3885 479 172

501 553 745 615 dicens:
776 546 898 632 Ego
929 549 1299 613 daemonibus
1352 569 1470 612 non
1521 550 1816 624 sacriﬁco,
1846 548 2145 612 Christum

2246 549 2366 614 ἑός.
2428 539 2491 605 Ἠ
2570 546 2624 603 δὲ
2693 549 2903 627 γενναία
2971 550 3166 629 μάρτυς
3245 556 3479 630 καρτερῶ
3548 548 3888 625 ὑπομένουσαι

500 660 644 704 vero
674 641 855 703 adoro
877 638 1250 720 unigenitum
1273 640 1380 701 Dei
1402 639 1639 712 Filium,
1671 658 1775 719 per
1805 657 1983 720 quem
2007 638 2146 700 fecit

504 730 702 794 omnia
733 734 950 807 Pater;
983 738 1040 791 et
1070 730 1353 792 ardenter
1399 728 1572 808 cupio
1607 728 1792 788 ﬁlium
1825 747 2023 789 meum
2054 746 2143 789 as-

504 820 697 901 sequi,
731 826 799 880 ut
842 838 976 881 cum
1006 819 1106 879 illo
1164 818 1339 897 digna
1386 817 1609 879 elIiciar
1638 817 1805 895 regni
1837 817 2143 878 cmlorum.

504 907 651 971 Cum
683 926 821 969 vero
850 907 1078 969 videret
1099 914 1263 968 atrox
1292 906 1407 968 iste
1436 923 1645 967 omnes
1674 905 1874 967 furore
1906 906 2149 967 vincens

500 996 684 1076 judex
714 996 944 1058 ﬁrmam
975 994 1252 1073 martyris
1302 992 1715 1071 constantiam,
1753 1002 1958 1056 contra
1988 994 2147 1055 illam

507 1085 870 1166 pronuntiat,
898 1084 1092 1163 gladio
1145 1082 1385 1164 quidem
1438 1092 1612 1162 caput
1665 1083 1796 1163 ejus
1857 1081 2150 1163 amputari

501 1175 746 1255 jubens,
779 1190 995 1253 corpus
1026 1182 1223 1234 autem
1253 1172 1383 1251 ejus
1414 1180 1473 1233 et
1499 1171 1605 1233 ﬁlii
1646 1171 1710 1233 in
1758 1172 1953 1235 locum
2002 1191 2149 1232 con-

508 1263 801 1330 demnatis
827 1262 1185 1342 assignatum
1218 1260 1450 1340 projici.

586 1535 647 1598 9.
680 1529 1195 1609 Carniﬁcesigitur
1217 1529 1539 1611 capistrum
1559 1528 1649 1590 ori
1668 1529 1800 1609 ejus
1821 1527 2149 1606 alligantes,

509 1624 805 1687 duxerunt
834 1639 964 1683 eam
1009 1620 1081 1681 ad
1131 1619 1326 1680 locum
1375 1629 1676 1680 assuetum
1721 1626 1783 1678 ut
1813 1617 2152 1677 mandatum

508 1707 1298 1793 complerentJullittavero
1318 1707 1580 1787 polulum
1606 1703 2157 1793 carniﬁcesmorari

2227 638 2321 701 τὰς
2376 638 2657 715 βασάνους,
2719 635 2897 716 ἕκραξε
2958 636 3185 716 λέγουσα
3243 654 3256 668 ’
3321 638 3463 717 Ἐγὼ
3517 636 3755 715 δαίμοσιν
3820 634 3889 693 οὗ

2226 726 2354 799 θύω,
2416 727 2641 804 Χριστὸν
2712 723 2767 781 δὲ
2844 723 3065 801 σέϐομαι
3140 728 3232 783 τὸν
3304 731 3559 804 μονοθενῇ
3617 729 3735 783 Υἱὸν
3790 729 3890 780 τοῦ

2231 821 2385 885 Θεοῦ,
2417 812 2481 870 δι’
2527 816 2587 869 οὗ
2631 814 2697 870 τὰ
2748 815 2919 870 πάντα
2963 815 3211 881 ἐποίησεν
3261 819 3289 872 ὁ
3338 819 3521 896 Πατήρ
3556 836 3571 850 ·
3602 817 3689 872 καὶ
3734 814 3892 870 ἐπεί-

2230 925 2393 981 γομαι
2450 899 2775 959 καταλαϐεῖν
2849 904 2939 959 τὸν
3013 902 3140 979 ἐμὸν
3218 906 3352 979 υἱὸν,
3423 903 3515 961 ἵνα
3584 905 3676 959 σὺν
3744 901 3894 975 αῦτῷ

2228 990 2535 1056 καταξιωθῶ
2581 996 2680 1058 τῆς
2731 990 3000 1068 βασιλείας
3051 998 3157 1049 τῶν
3210 993 3463 1072 οὖρανῶν,
3521 977 3617 1055 ηΩς
3662 990 3717 1047 δὲ
3747 990 3894 1068 ἐώρα

2231 1083 2260 1137 ὁ
2337 1080 2539 1143 πάντας
2597 1080 2756 1155 μανίᾳ
2824 1081 3114 1160 ὑπεραίρων
3167 1081 3427 1162 ἀνήμερος
3485 1079 3737 1147 δικαστὴς
3788 1078 3896 1144 τὴν

2230 1175 2328 1237 τῆς
2387 1170 2644 1249 μάρτυρος
2704 1169 2950 1246 ἐπίμονον
3026 1168 3288 1245 ἔνστασιν,
3367 1171 3710 1251 ἀποφαίνεται
3769 1164 3895 1224 κατ’

2232 1259 2396 1325 «ora;
2456 1257 2586 1338 ξίφει
2645 1260 2742 1334 μὲν
2814 1259 2913 1326 τὴν
2989 1258 3225 1339 κεφαλὴν
3291 1260 3456 1327 αῦτῆς
3516 1260 3897 1334 ἀποτμηθῆναι

2233 1345 2548 1427 προστάξας,
2603 1348 2663 1403 τό
2692 1346 2746 1402 δὲ
2826 1345 3076 1422 λείψανον
3152 1348 3314 1414 αὐτῆς
3379 1350 3467 1405 καὶ
3537 1354 3630 1404 τοῦ
3694 1347 3897 1411 ταύτης

2234 1438 2445 1517 υἱοῦείς
2471 1438 2562 1492 τὸν
2590 1442 2696 1491 τῶν
2724 1436 3018 1493 καταδίκων
3049 1437 3212 1494 τόπον
3242 1438 3479 1517 ῥιφῆναι.

2314 1515 2386 1589 θ’.
2435 1529 2494 1583 Οἱ
2537 1526 2624 1582 οῦν
2668 1523 2873 1601 δήμιοι,
2925 1527 3107 1606 χάμον
3147 1528 3282 1583 κατὰ
3332 1534 3423 1584 τοῦ
3474 1527 3735 1603 στόματος
3791 1523 3896 1579 αῦ-

2235 1620 2334 1680 τῆς
2432 1612 2798 1689 ἐπιδήσαντες,
2888 1615 3169 1694 ἀπήγαγον
3259 1618 3331 1679 εἷς
3426 1619 3518 1673 τὸν
3606 1613 3898 1691 ἠθισμένον

2236 1705 2400 1759 τόπον
2451 1701 2728 1781 πληρῶσαι
2782 1704 2842 1759 τὸ
2887 1704 3242 1784 προσταχθέν,
3299 1694 3549 1762 Ἰουλίττα
3603 1704 3656 1761 δὲ
3706 1702 3900 1781 μικρὸν

510 1788 754 1879 rogavit,
793 1799 985 1859 donec
1014 1796 1206 1857 solum
1239 1796 1463 1856 bonum
1493 1794 1681 1856 Deum
1715 1792 2011 1865 oraverit;
2045 1791 2153 1852 iis-

2246 1793 2359 1855 τοὺς
2409 1790 2627 1867 δημίους
2676 1791 2927 1872 ἐπισχεῖν
2983 1792 3291 1871 παρεκάλει,
3342 1792 3441 1856 ἕως
3492 1792 3552 1850 ἂν
3597 1788 3895 1872 προσεύξη-

507 1864 625 1972 que
656 1884 1084 1961 annuentibus,
1108 1893 1165 1945 et
1189 1883 1487 1972 paululum
1511 1882 1797 1963 temporis
1821 1864 2151 1943 conceden-

2246 1904 2325 1937 ται
2370 1887 2446 1955 τῷ
2484 1864 2636 1955 *μόνῳ
2683 1864 2863 1958 ἀγαθῷ
2915 1888 3030 1955 Θεῷ
3062 1864 3079 1913 ’⁸
3115 1884 3201 1938 καὶ
3245 1864 3350 1937 τῶν
3409 1880 3612 1958 δημίων
3641 1864 3899 1953 ’ἐπικαμ-

513 1968 958 2056 tibus,genibus
990 1973 1156 2033 ﬂexis
1186 1971 1287 2033 illa
1311 1972 1495 2032 oravit
1540 1970 1784 2031 dicens:
1820 1968 2020 2031 Gratia
2050 1987 2157 2046 ago

512 2065 643 2138 tibi,
675 2062 948 2137 Domine,
975 2061 1075 2141 qui
1095 2060 1389 2123 advocasti
1421 2066 1557 2120 ante
1590 2077 1685 2119 me
1711 2058 1897 2119 ﬁlium
1930 2075 2153 2131 meum,

514 2163 574 2218 et
604 2151 921 2235 prmstitisti
946 2169 1050 2230 per
1068 2168 1283 2211 nomen
1316 2155 1480 2209 tuum
1503 2155 1771 2208 sanctum
1803 2154 1860 2208 et
1891 2144 2159 2206 terribile

513 2251 576 2306 ut
606 2234 957 2323 prmsentem
990 2240 1141 2300 hanc
1171 2249 1230 2302 et
1251 2238 1490 2299 inanem
1517 2234 1694 2299 vitam
1722 2234 1984 2309 deserat,
2023 2240 2078 2294 et
2098 2252 2158 2293 in

515 2340 795 2393 mternam
823 2328 1000 2389 vitam
1053 2344 1186 2389 cum
1235 2324 1457 2388 sanctis
1499 2325 1617 2386 tuis
1664 2323 2029 2384 admittatur.
2066 2326 2160 2385 Me

2240 1969 2492 2049 φθέντων,
2551 1971 2639 2025 καὶ
2697 1972 2826 2048 πρὸς
2885 1969 3063 2047 ὀλίγον
3118 1968 3505 2043 όνδεδωκότων,
3566 1970 3787 2028 κλίνασα
3833 1966 3903 2037 τᾷ

2241 2059 2437 2136 γόνατα
2488 2056 2817 2137 προσηύξατο
2858 2058 3083 2137 λέγουσα
3131 2076 3143 2089 ·
3198 2060 3512 2139 Εὐχάριστῷ
3555 2082 3661 2135 σοι,
3713 2058 3897 2136 Κύριε,

2240 2146 2726 2227 προσκαλεσαμένῳ
2808 2150 2908 2226 πρὸ
2987 2147 3116 2223 ἐμοῦ
3200 2151 3289 2204 τὸν
3374 2148 3501 2224 ἐμὸν
3588 2150 3721 2220 υἱὸν,
3809 2146 3902 2201 καὶ

2240 2235 2519 2302 ἀξιώσαντι
2550 2234 2633 2292 διὰ
2681 2239 2742 2293 τὸ
2802 2236 2968 2312 ὄνομά
3027 2259 3120 2293 σου
3176 2239 3238 2293 τὸ
3290 2237 3443 2316 ἅφιον
3499 2239 3588 2293 καὶ
3649 2232 3899 2317 φοϐερὸν,

2242 2327 2348 2382 τὼν
2375 2334 2641 2405 παροῦσαν
2697 2326 2893 2392 ταύτην
2951 2328 3037 2382 καὶ
3094 2327 3320 2401 ματαίαν
3376 2325 3692 2382 καταλιπετν
3723 2324 3897 2402 ζωὴν,

516 2416 1069 2502 quoqueindignam
1092 2414 1566 2487 ancillamtuam,
1593 2411 1795 2502 magni
1812 2412 1994 2490 hujus
2023 2410 2157 2477 boni

2246 2415 2330 2470 καὶ
2355 2420 2424 2489 τῇ
2453 2415 2644 2487 αἰωνίῳ
2671 2420 2783 2490 ζωῇ
2832 2414 2965 2490 μετά
2994 2419 3099 2470 τῶν
3145 2414 3305 2491 ἁγίων
3366 2436 3459 2470 σου
3518 2417 3840 2491 ωναγθῆναι
3880 2428 3893 2440 ”

511 2500 601 2570 fac
632 2500 1004 2589 participem,
1052 2512 1116 2566 ut
1161 2502 1467 2565 numerari
1515 2519 1754 2563 merear
1783 2500 1941 2589 inter
1971 2509 2157 2560 castas

2246 2502 2382 2576 κάμὲ
2412 2500 2466 2557 δὲ
2513 2503 2612 2569 τὴν
2664 2501 2872 2567 ἀναξίαν
2922 2500 3111 2569 δούλην
3162 2524 3277 2577 σου,
3328 2510 3421 2559 τοῦ
3473 2501 3706 2580 μεγάλου
3754 2502 3900 2579 ἀγα-

512 2588 771 2676 virgines
799 2612 930 2675 qum
956 2593 1148 2672 dignm
1177 2593 1416 2653 fuerunt
1463 2599 1528 2652 ut
1579 2590 1869 2650 intrarent
1897 2588 1958 2648 in
1989 2596 2157 2648 mter-

2246 2594 2336 2647 θοῦ
2380 2592 2605 2657 ποίησον
2653 2590 2957 2670 ἐπιτυχεῖν,
3025 2588 3118 2646 ἵνα
3166 2589 3458 2670 ἐναρίθμιος
3509 2592 3745 2669 γένωμαι
3790 2595 3903 2644 τῶν

517 2704 659 2748 num
682 2694 849 2746 tuum
864 2691 922 2743 et
941 2682 1383 2743 immaculatum
1397 2679 1717 2740 thalamum
1740 2686 1829 2752 ;et
1848 2676 2157 2737 benedical

2247 2684 2511 2760 φρονίμων
2590 2679 2856 2758 παρθένων
2932 2678 3247 2744 ἀξιωθεισῶν
3328 2679 3581 2737 εἰσελθεῖν
3664 2681 3736 2743 είς
3810 2682 3905 2734 τὸν

517 2773 761 2855 spiritus
785 2789 953 2833 meus
975 2778 1139 2830 tuum
1162 2769 1393 2830 Patrem
1424 2767 1895 2847 omnipotentem
1914 2772 1973 2825 et
2002 2783 2157 2826 crea-

2249 2767 2458 2823 αἰώνιον
2488 2768 2575 2823 καὶ
2651 2766 2906 2847 ἅφθαρτόν
2975 2789 3067 2822 σου
3141 2774 3394 2848 νομφῶνα
3432 2788 3446 2804 ⁸
3474 2770 3560 2824 καὶ
3617 2768 3904 2845 εὺλογείτω
3981 2832 3992 2842 .

520 2853 710 2924 torem
743 2859 1032 2938 omnium,
1066 2868 1124 2918 et
1155 2865 1211 2918 te
1261 2856 1476 2919 Filium
1519 2856 1648 2935 ejus
1679 2853 2074 2931 unigenitum,
2109 2861 2157 2913 et

2248 2858 2309 2912 τὸ
2364 2857 2569 2932 πνεῦμά
2626 2879 2724 2932 μου
2782 2859 2873 2912 τὸν
2928 2858 3017 2913 σὸν
3080 2856 3285 2935 Πατέρα
3356 2859 3445 2914 τὸν
3502 2857 3902 2936 παντοκράτορα

521 2949 806 3031 Spiritum
832 2945 1423 3019 sanctuminsmcula,
1454 2963 1649 3005 amen.
1671 2942 1748 3005 Ut
1770 2951 1963 3002 autem
1993 2960 2157 3002 amen

2248 2947 2336 3001 καὶ
2373 2943 2692 3025 δημιουργὸν
2740 2951 2843 3000 τῶν
2894 2946 3166 3020 ἁπάντων,
3227 2947 3314 3002 καὶ
3378 2968 3435 3001 σε
3492 2948 3582 3002 τὸν
3636 2950 3901 3022 μονογενῆ

520 3030 841 3117 complevit
877 3042 1083 3097 sancta
1121 3041 1363 3113 martyr,
1399 3032 1661 3111 gladium
1693 3030 2157 3109 speculatorim-

2250 3034 2405 3090 αὒτοῦ
2435 3036 2555 3090 Υἱὸν
2584 3034 2671 3089 καὶ
2717 3036 2778 3089 τὸ
2828 3040 3041 3108 Πνεῦμα
3087 3036 3147 3089 τὸ
3189 3034 3339 3112 ἅγιου
3388 3036 3460 3098 εἷς
3513 3036 3634 3097 τοὺς
3684 3037 3903 3097 αἰῶνας.

521 3114 785 3198 mittens,
818 3121 1139 3203 amputavit
1182 3138 1539 3200 generosum
1585 3119 1715 3198 ejus
1754 3118 1969 3178 collum
2003 3126 2157 3178 extra

2250 3123 2415 3198 ἀμὴν,
2476 3114 2567 3185 ιΩς
2616 3120 2670 3177 δὲ
2718 3125 2779 3178 τὸ
2834 3121 3009 3198 Ἀμὴν
3068 3121 3373 3202 ἐπλήρωσεν
3426 3126 3461 3192 ἡ
3519 3124 3662 3201 ἁγία,
3723 3146 3905 3202 παρα-

523 3214 732 3276 urbem
761 3229 1016 3291 ;corpus
1063 3228 1200 3272 vero
1247 3211 1376 3289 ejus
1418 3208 1676 3289 projecit
1703 3208 1761 3268 in
1798 3208 1991 3268 locum
2020 3225 2157 3267 con-

2251 3210 2410 3281 θήξας
2464 3213 2492 3266 ὁ
2549 3210 2924 3289 σπεκουλάτωρ
2980 3212 3040 3267 τὸ
3092 3209 3259 3293 ξίφος,
3312 3211 3573 3288 ἀπέτεμεν
3628 3213 3719 3268 τὸν
3776 3232 3908 3290 γεν-

524 3262 732 3276 ι...,ν...
762 3262 889 3288 ,--.
951 3262 1015 3272 κ-
1074 3262 1197 3272 .--ν
1249 3262 1267 3270 -
1313 3262 1375 3270 _-
1559 3262 1674 3269 η--
2026 3262 2129 3267 η--

520 3262 963 3379 tlemnatortttn,
994 3262 1322 3361 secundum
1355 3262 1904 3378 qurodamandatum
1938 3305 2064 3355 erat
2093 3295 2157 3355 ab

2260 3262 2407 3281 ”Γ⁹””
2470 3262 2487 3266 “
2555 3262 2919 3289 ”””’””’“’“Γ
2992 3262 3036 3267 ’⁷
3094 3262 3231 3291 ’νῖντ
3313 3262 3566 3288 """'t""
3641 3262 3712 3268 ’τ’
3790 3262 3864 3290 1⁷⁷

2251 3312 2403 3356 ναῖον
2426 3302 2588 3366 αὖτῆς
2612 3299 2887 3380 τράχηλον
2924 3298 3023 3364 ἔξω
3059 3305 3157 3367 τῆς
3206 3262 3414 3366 πδλεως
3450 3320 3463 3333 ·
3497 3302 3558 3357 τὸ
3607 3298 3662 3356 δὲ
3708 3302 3907 3368 ταύτης

521 3390 704 3470 impio
730 3389 954 3469 judice.
981 3387 1062 3449 Ibi
1089 3387 1266 3448 etiam
1288 3385 1491 3466 inclyti
1514 3385 1785 3466 martyris
1815 3382 2005 3464 Ciryci
2037 3383 2157 3462 ejus

2250 3394 2406 3464 σῶμα
2455 3385 2675 3470 ἕῤῥινίζεν⁸
2719 3389 2771 3445 έν
2812 3395 2903 3470 *τῷ
2956 3394 3062 3446 τῶν
3117 3388 3410 3447 καταδίκων
3468 3391 3638 3467 τόπῳ,
3670 3391 3804 3446 κατά
3847 3392 3908 3447 τὸ

523 3466 629 3541 ﬁlii
659 3466 877 3558 corpus
910 3476 1244 3556 depositum
1278 3484 1388 3538 est.

2250 3470 2351 3524 ὑπὸ
2406 3476 2500 3524 τοῦ
2552 3466 2766 3558 ἀδεβοῦς
2807 3466 3052 3526 δικαστοῦ
3098 3470 3416 3549 πρόσταγμα
3469 3487 3481 3501 ’
3538 3466 3657 3526 ἔνθά
3700 3467 3764 3536 δὴ
3818 3472 3910 3525 καὶ

2252 3560 2310 3615 νὸ
2379 3564 2473 3613 τοῦ
2542 3556 2843 3614 καλλινίκου
2914 3559 3169 3639 μάρτυρος
3236 3560 3477 3639 Κηρύκου
3559 3565 3651 3615 τοῦ
3706 3559 3906 3625 ταύτης

2248 3649 2360 3703 υἱοῦ
2390 3644 2698 3701 ὲναπέθεντο
2728 3645 3000 3721 λείψανον.

604 3736 703 3797 10.
724 3733 1181 3797 Consummatur
1204 3739 1400 3793 autem
1419 3729 1635 3793 Christi
1660 3730 1849 3809 gratia
1873 3737 1929 3791 et
1953 3729 2157 3792 virtute

2333 3723 2392 3793 ι’.
2474 3730 2776 3791 Τελειοῦται
2855 3732 2911 3790 δὲ
2971 3742 3039 3812 τῇ
3094 3742 3187 3792 τοῦ
3260 3742 3486 3815 Χριστοῦ
3563 3737 3745 3816 χάριτι
3822 3738 3910 3793 καὶ

523 3842 815 3906 generosa
863 3831 1083 3902 martyr
1129 3821 1445 3893 Julitta,_et
1500 3819 1662 3880 illius
1719 3818 1976 3898 inclytus
2012 3819 2157 3906 ﬁlius

2252 3820 2465 3897 δυνάμει
2519 3824 2555 3892 ἤ
2618 3844 2675 3879 τε
2761 3822 3049 3903 ἀθλοφόρος
3124 3814 3320 3904 μάρτυς
3402 3814 3674 3895 Ἰουλίττα,
3734 3827 3823 3881 καὶ
3882 3827 3909 3881 ὁ

525 3905 769 3994 Cirycus
791 3909 1231 3992 quintodecimo
1260 3909 1358 3970 die
1403 3908 1626 3970 mensis
1673 3907 1836 3971 Julii.
1866 3907 1969 3969 Die
1993 3905 2157 3986 igitur

2252 3912 2447 3994 ταύτης
2495 3909 2724 3976 ἐπίδοξος
2780 3913 2887 3976 υίὸς
2945 3915 3185 3993 Κήρυκος
3236 3919 3310 3990 τῇ
3366 3913 3522 3969 πέντε
3581 3914 3668 3969 καὶ
3709 3910 3904 3991 δεκάτῃ

524 3988 948 4082 εθιιιιθηῐῖἀυο
981 3999 1110 4077 ejus
1140 3997 1371 4059 ancillm
1415 4016 1549 4057 cum
1582 4015 1833 4076 corpora
1863 4008 2039 4057 noetu
2073 4003 2157 4055 tu-

2251 4007 2345 4057 τοῦ
2392 3988 2604 4056 Ἰουλίου
2660 4000 2851 4075 μηνός.
2912 4007 2990 4078 Τῇ
3034 3988 3131 4059 νοῦν
3190 3988 3311 4069 ἑξῆς
3367 4001 3543 4081 ἡμέρᾳ
3599 4005 3651 4059 αἱ
3707 3988 3904 4071 ταύτης

524 4090 757 4164 lissent,
792 4097 850 4150 et
870 4087 1044 4166 longe
1061 4086 1465 4153 abduxissent.
1495 4085 1907 4172 sepeliverunt
1925 4083 2157 4146 abscon-

2254 4087 2341 4144 δύο
2397 4087 2752 4167 θεραπαινίδες
2823 4089 3141 4166 ἀνελόμεναι
3197 4092 3263 4147 τὰ
3340 4090 3564 4165 σώματα
3622 4090 3675 4147 ἐν
3731 4094 3901 4172 νυκτὶ,

522 4178 734 4240 dentes
755 4194 820 4239 ea
848 4175 908 4236 in
930 4176 1180 4255 quadam
1224 4176 1509 4255 spelunca
1547 4173 1811 4251 regionis
1851 4171 2011 4233 illius
2040 4191 2157 4253 qua

2253 4178 2340 4234 καὶ
2393 4177 2570 4256 πόῤῥω
2623 4186 2787 4236 ταῦτα
2867 4179 3237 4259 ἀπαγαγοῦσαι
3312 4180 3563 4238 ἀπέθεντο
3632 4171 3903 4260 κατακρύεὲ

522 4269 847 4330 Tarsorum
880 4264 1166 4326 limitibus
1196 4263 1555 4325 continetur.
1603 4261 1803 4342 Usque
1834 4261 1907 4321 ad
1941 4271 2157 4341 tempus

2256 4271 2423 4341 ψασαι
2469 4264 2522 4321 ἕν
2570 4289 2671 4323 τινι
2720 4267 2967 4342 σπηλαίῳ
3018 4272 3090 4333 είς
3139 4271 3236 4337 τὴν
3285 4274 3389 4347 γῆν
3436 4269 3489 4325 ἐν
3545 4275 3612 4345 τῇ
3661 4271 3906 4348 Ταρσέων

523 4354 892 4419 Constantini
925 4354 1001 4433 pii
1025 4353 1401 4433 imperatoris
1459 4371 1575 4412 una
1625 4369 1692 4412 ex
1725 4350 1959 4411 ancillis
1989 4350 2157 4411 vitam

2258 4355 2450 4435 ἐνορίᾳ,
2486 4357 2659 4435 Μέχρι
2690 4354 2745 4411 δὲ
2782 4364 2888 4412 τῶν
2918 4358 3128 4437 χρόνων
3173 4360 3567 4415 Κωνσταντίνου
3612 4363 3702 4412 τοῦ
3753 4359 3907 4414 εὗσε-

521 4443 771 4520 ducens,
804 4443 1038 4523 quando
1070 4441 1283 4503 veritas
1310 4442 1370 4501 in
1428 4441 1626 4502 lucem
1676 4440 1932 4501 adducta
1962 4448 2073 4514 est,
2109 4448 2157 4500 el

2258 4443 2365 4507 ϐὡς
2407 4442 2834 4525 βασιλεύσαντος,
2894 4447 2929 4513 ἡ
2984 4447 3077 4522 μία
3120 4452 3226 4502 τῶν
3275 4443 3647 4525 θεραπαινίδων
3679 4443 3905 4501 ἐπιϐιώ-

521 4531 809 4594 Ecclesim
839 4532 945 4593 Dei
978 4531 1313 4593 libertatem
1348 4549 1452 4610 pt't‘
1484 4530 1612 4609 ejus
1633 4529 1880 4606 gratiam
1912 4547 2157 4609 accepe-

2249 4554 2406 4612 σασα,
2441 4530 2519 4587 ὅτ’
2552 4530 2613 4587 ἂν
2664 4534 2699 4601 ἡ
2746 4533 2966 4603 ἀλήθεια
3016 4536 3088 4598 εἰς
3131 4540 3242 4614 φῶς
3291 4533 3465 4614 ἤχθη,
3500 4536 3585 4590 καὶ
3617 4535 3669 4589 αἱ
3698 4531 3903 4601 ἐκκλη-

520 4629 684 4694 runt,
702 4622 899 4682 locum
923 4618 1298 4695 manifestat;
1325 4603 1382 4680 et
1401 4603 1654 4698 quisque
1677 4617 1945 4678 ﬁdelium
1968 4603 2157 4679 ace-ur-

2249 4622 2356 4677 σίαι
2384 4621 2477 4677 τοῦ
2525 4628 2657 4677 Θεοῦ
2703 4621 2997 4701 παῤῥησιαν
3045 4603 3274 4690 διὰ-τῆς
3318 4603 3477 4678 άῦτοῦ
3524 4622 3742 4703 χάριτος
3775 4620 3909 4678 ἕλα-

520 4728 663 4771 rens
692 4709 966 4770 studebat
1013 4707 1235 4787 aliquid
1286 4709 1523 4768 sumere
1570 4724 1606 4766 a
1654 4706 2012 4767 venerandis
2041 4707 2157 4768 istis

2251 4708 2366 4785 ϐον,
2427 4710 2661 4785 ἐκψαίνει
2717 4713 2808 4768 τὸν
2863 4712 3027 4768 τόπον
3074 4732 3089 4747 ο
3139 4713 3228 4769 καὶ
3276 4718 3379 4776 πᾶς
3426 4734 3506 4774 τις
3550 4717 3654 4767 τῶν
3706 4717 3913 4767 πιστῶν

520 4798 816 4878 reliquiis,
841 4798 902 4858 in
925 4805 1190 4858 tutamen
1214 4804 1271 4856 et
1299 4794 1725 4876 protectionem
1771 4813 1894 4857 sum
1924 4795 2077 4873 vitm,
2112 4806 2157 4858 et

2254 4796 2467 4855 ἔσπευδε
2496 4800 2923 4878 παραγενόμενος
2964 4798 3151 4857 λαϐεῖν
3200 4824 3250 4858 τι
3290 4799 3357 4856 ,ἐκ
3410 4806 3515 4856 τῶν
3546 4799 3735 4874 τιμίων
3765 4799 3911 4855 ἐκεί-

522 4886 769 4966 gloriam
803 4885 946 4946 boni
976 4885 1166 4945 nostri
1197 4884 1330 4946 Dei.

2252 4910 2355 4946 νων
2385 4886 2674 4963 λειψάνων,
2724 4891 2795 4953 εἷς
2847 4889 3201 4971 φυλακτήριον
3247 4890 3345 4965 μὲν
3392 4890 3480 4944 καὶ
3532 4889 3779 4944 σύστασιν
3808 4894 3911 4955 τῆς

2253 4977 2577 5057 ιδίαςλζωῆς,
2618 4979 2691 5041 είς
2722 4976 2869 5044 δόξαν
2900 4977 2955 5034 δὲ
2982 4986 3074 5036 τοῦ
3103 4980 3299 5057 ἀγαθοῦ
3326 4980 3481 5056 ἡμῶν
3513 4983 3666 5038 Θεοῦ.

2333 5054 2431 5126 ια’.
2489 5072 2662 5122 Ταῦτα
2740 5067 2911 5123 τοίνυν
2984 5067 3037 5124 ἐν
3114 5054 3334 5140 ἀληθείᾳ
3374 5054 3704 5146 πραχθέντα
3769 5064 3904 5137 ἐστε-

2256 5178 2395 5233 μανα
2562 5154 2792 5229 ψιλοθέῳ
2832 5178 2924 5212 σου
2972 5162 3147 5237 ψυχῇ,
3205 5157 3357 5214 ἅτινα
3409 5157 3643 5235 παράθου
3693 5170 3907 5219 πιστοῖς

2254 5245 2546 5324 ἀνθρώποις
2579 5291 2595 5318 ,
2685 5242 2882 5309 οἵτινες
2986 5248 3156 5303 ίκανοι
3241 5245 3450 5302 ἔσονται
3532 5245 3619 5302 καὶ
3700 5245 3908 5324 ἑτέρους

2253 5332 2449 5399 διδάξαι
2501 5335 2589 5389 καὶ
2646 5332 3049 5415 πληροφορῆσαι
3111 5354 3125 5369 ⁸
3180 5336 3257 5410 μὴ
3310 5348 3429 5399 τοῖς
3475 5331 3753 5411 προδήλως
3804 5356 3907 5407 μυ·-

2250 5422 2435 5480 θώδεσι
2517 5423 2890 5502 συγγράμμασι
2989 5424 3472 5505 συμτεριφέρεσθαι,
3562 5421 3680 5478 ἀλλ’
3776 5422 3908 5497 αῦτῇ

2253 5519 2321 5590 τῇ
2369 5512 2589 5585 ἀληθείᾳ
2640 5513 2903 5570 πείθεσθαι
2965 5530 2978 5545 ·
3035 5514 3088 5572 ἐν
3140 5515 3351 5594 Χριστῷ
3394 5511 3570 5579 ’[ητοῦ
3612 5513 3689 5586 τῷ
3738 5514 3908 5591 Κυρίῳ

2253 5605 2430 5684 ἡμῶν,
2493 5599 2608 5678 μεθ’
2657 5605 2718 5660 οῦ
2760 5604 2923 5683 Πατρὶ
2974 5604 3066 5660 σὺν
3111 5605 3189 5678 τῷ
3239 5604 3373 5683 ἁγίῳ
3417 5602 3711 5680 Πσεύματι,
3759 5598 3903 5679 δόξα,

2252 5694 2410 5768 τιμὴ,
2441 5691 2657 5770 κράτος,
2689 5698 2777 5749 νῦν
2804 5694 2892 5750 καὶ
2922 5692 3002 5750 ἀεὶ
3029 5695 3119 5752 καὶ
3146 5695 3220 5758 εἷς
3250 5694 3468 5756 αἰῶνας.

606 5065 702 5124 li.
736 5061 875 5123 Hmc
903 5061 1083 5141 igitur
1114 5064 1173 5122 in
1215 5061 1460 5123 veritate
1495 5070 1557 5123 ut
1586 5069 1714 5123 acta
1748 5068 1885 5124 sunt
1914 5061 2169 5142 patefeci

522 5150 646 5217 Deo
670 5151 905 5213 dilectm
925 5158 1041 5210 tum
1059 5150 1297 5230 animm,
1329 5168 1459 5231 qum
1494 5149 1767 5211 ﬁdelibus
1799 5152 2016 5231 prmbe,
2046 5150 2175 5230 qui-

525 5258 784 5320 cumque
804 5239 1118 5319 aplierunt
1139 5239 1211 5300 ad
1242 5239 1579 5301 docendum
1604 5248 1659 5301 et
1691 5239 2172 5319 persuadendum

524 5329 694 5403 alios,
731 5346 925 5407 neque
955 5327 1239 5389 fabulosis
1269 5336 1474 5409 aperte
1488 5330 1849 5390 commentis
1880 5347 2172 5391 exornan-

525 5424 641 5497 tes,
663 5418 766 5477 sed
792 5416 919 5497 ipsa
939 5416 1183 5478 veritate
1207 5418 1652 5497 persuadentes,
1678 5418 1737 5478 in
1770 5418 2005 5479 Christo
2025 5417 2056 5481 ,Ι
2065 5437 2169 5480 esu

523 5505 775 5569 Domino
806 5513 1034 5581 nostro,
1060 5525 1313 5585 quocum
1343 5506 1501 5569 Patri
1524 5525 1657 5568 cum
1689 5507 1914 5588 Spiritu
1961 5515 2168 5569 sancto

526 5603 737 5754 glorip,
792 5602 1009 5677 honor,
1051 5611 1326 5684 potestas,
1374 5623 1535 5668 nunc
1566 5613 1641 5688 et
1694 5623 1936 5686 semper
1993 5612 2052 5669 et
2109 5608 2171 5667 in

527 5709 684 5754 smcu
707 5710 763 5754 a.

527 5709 763 5756 smcuta.
