4154 6410
1602 468 2468 478 ______________
2545 470 2556 478 .
2626 471 2661 480 ..
3351 468 3714 477 -__

1733 591 1897 639 ANNO
1938 591 2148 640 DOMINI
2194 592 2326 640 MVI.

851 767 1440 939 LEON
1457 765 1658 939 IS
1774 766 3188 947 PRESBYTERI

1829 1044 2230 1111 PROLOGUS

661 1227 860 1328 AD
929 1224 1759 1335 PASSIONEM
1817 1223 2008 1327 SS.

2077 1222 2418 1328 RUFI
2485 1225 2660 1330 ET
2721 1228 3366 1339 BESPICII.

1438 1457 1586 1527 (MAI.
1619 1454 1854 1529 Spicileg.
1886 1455 2034 1514 Rom.
2070 1463 2192 1512 tom.
2227 1456 2314 1518 IV,
2339 1472 2386 1528 p.
2420 1457 2572 1525 290.)

387 1801 516 1865 Non
550 1805 710 1866 enim
736 1807 834 1886 (Ι)
859 1805 1116 1884 insignes
1140 1805 1524 1887 antiquorum
1545 1804 1782 1866 Patrum
1814 1805 1957 1866 titu-
1981 1807 2032 1868 A
2046 1823 2226 1882 gnum
2261 1805 2334 1895 de
2365 1806 2583 1867 sanctis
2629 1809 3022 1889 quadraginta
3061 1814 3416 1895 martyribus
3464 1836 3704 1881 sermo-

322 1897 413 1958 los
443 1898 745 1962 inﬁrmare
802 1918 1108 1973 conamur,
1163 1917 1358 1980 neque
1408 1917 1697 1978 generosa
1727 1898 1964 1959 illorum

329 1998 705 2050 monumenta
735 1990 1056 2068 suggillare
1086 1989 1374 2050 nitimur:
1433 1987 1575 2067 quin
1609 1988 1803 2068 potius
1836 1989 1966 2048 lau-

332 2075 562 2149 damus,
595 2075 764 2158 atque
809 2078 1106 2139 laudando
1157 2077 1552 2153 roboramus;
1600 2076 1704 2137 sed
1736 2096 1804 2138 ea
1836 2095 1968 2157 quae

328 2183 436 2244 per
461 2165 745 2228 incuriam
779 2177 837 2228 et
869 2168 1283 2240 temeritatem,
1333 2177 1395 2227 ut
1425 2165 1784 2244 simplicium
1815 2167 1967 2226 scri-

315 2263 572 2334 ptorum,
607 2256 929 2335 depravata
979 2255 1274 2326 videntur,
1319 2253 1381 2315 in
1436 2263 1716 2334 quantum
1754 2254 1967 2316 divina:

315 2344 715 2405 Providentiae
736 2364 868 2406 sors
889 2344 1148 2423 dederit,
1176 2343 1497 2403 emendare
1520 2343 1861 2420 satagimus,
1892 2362 1966 2403 ne

312 2433 469 2512 apud
503 2434 744 2494 sobrios
775 2443 830 2493 et
857 2432 1239 2512 grammatico
1264 2432 1386 2492 sale
1410 2431 1680 2492 conditos
1710 2431 1966 2492 lectores

311 2522 534 2581 veritas
565 2531 867 2599 gestorum
899 2523 1028 2600 ipsa
1056 2519 1438 2600 corruptione
1460 2519 1718 2592 vilescat,
1741 2537 1804 2579 ar
1833 2521 1964 2598 pius

311 2610 480 2671 labor
513 2611 746 2689 piorum
780 2611 1046 2671 omnium
1087 2618 1258 2689 sputo
1301 2608 1598 2669 obnoxius
1636 2608 1958 2686 judicetur.

312 2699 408 2760 Est
438 2709 642 2760 autem
679 2709 734 2759 et
763 2699 877 2758 alia
909 2717 1084 2760 causa
1132 2699 1382 2776 hujusce
1414 2697 1812 2757 renovationis
1846 2717 1964 2757 non

312 2788 587 2860 minima,
624 2807 757 2864 quae.
781 2807 887 2848 nos
909 2796 1025 2847 tam
1049 2805 1338 2847 annosum
1365 2805 1432 2846 ac
1459 2786 1793 2864 neglectum
1815 2805 1965 2866 opus

306 2877 686 2936 comminare
717 2877 829 2955 (ita
859 2877 1017 2948 cod.)
1065 2875 1220 2955 cogit
1270 2875 1328 2935 in
1382 2874 1616 2947 melius,
1669 2874 1805 2955 quia
1835 2876 1964 2937 sine

307 2966 480 3026 titulo
502 2964 1209 3044 auetorisamphibolium
1233 2965 1531 3024 esttbema
1547 2963 1966 3044 subsequentis

2052 1912 2210 1957 nem.
2273 1893 2606 1974 Compinxit
2654 1906 2939 1977 praeterea
2999 1893 3336 1981 passionem
3388 1904 3698 1970 beatorum

2053 1993 2368 2063 martyrum
2402 1984 2665 2044 Anthimi
2722 1988 3143 2070 sociorumque
3175 1993 3302 2072 ejus
3334 1995 3703 2059 hexametris

2050 2073 2426 2164 intersertam
2461 2073 2790 2139 versiculis.
2827 2079 3169 2140 Memoriam
3204 2095 3441 2164 quoque
3480 2104 3701 2164 nuper-

2049 2161 2201 2222 rime
2231 2163 2680 2254 haudquaquam
2704 2166 3181 2246 vilipendendam
3200 2161 3408 2247 edidit,
3436 2161 3701 2254 qualiter

2050 2259 2223 2330 caput
2255 2253 2533 2313 eximium
2569 2256 2840 2334 martyris
2864 2255 3133 2317 Damiani
3160 2253 3695 2324 Romanisillatum

2050 2348 2138 2399 est
2168 2340 2436 2420 septulis.
2471 2340 2573 2402 His
2605 2342 2904 2403 adendum
2958 2364 3077 2405 non
3121 2349 3490 2428 superfluum
3524 2351 3698 2413 vide-

2049 2435 2164 2520 tur,
2198 2430 2352 2520 quod
2389 2440 2441 2490 et
2476 2430 2776 2492 rusticano
2809 2449 3084 2520 sermone
3118 2436 3565 2499 translationem
3600 2458 3696 2520 pa-

2048 2516 2247 2576 tefecit
2299 2528 2637 2580 sanctorum
2690 2519 2907 2582 Christi
2978 2523 3331 2585 athletarum
3387 2516 3693 2602 Basilidis,

2047 2603 2344 2697 Tripodis,
2380 2616 2436 2667 et
2467 2608 2767 2687 Magdalis.
2789 2611 2911 2688 ligo
2928 2604 3161 2692 quoque
3186 2615 3326 2688 Leo,
3355 2634 3691 2697 quanquam

2050 2695 2242 2756 minus
2277 2697 2549 2776 idoneus,
2579 2717 2836 2778 superna
2877 2707 3073 2761 tamen
3116 2702 3346 2764 favente
3374 2695 3695 2771 clementia

2048 2783 2353 2864 presbyter
2393 2794 2450 2845 et
2517 2787 2817 2863 sacerdos,
2885 2798 3280 2853 memoratum
3334 2797 3691 2858 monachum

2047 2873 2200 2950 coepi
2232 2892 2335 2952 pro
2386 2874 2618 2935 Christo
2669 2895 2872 2939 amare
2915 2878 3244 2957 ardentius,
3305 2901 3420 2942 non
3473 2883 3548 2944 ob
3581 2886 3693 2947 hoc

2045 2967 2269 3052 tantum
2293 2965 2448 3043 quod
2466 2963 2774 3027 videbatur
2794 2967 3033 3040 sciolus,
3053 2968 3341 3048 quinimo,
3359 2971 3494 3052 quia
3521 2975 3690 3036 testi-

305 3055 534 3135 operis,
570 3063 630 3114 et
660 3054 792 3114 ideo
824 3054 1147 3114 verendum
1183 3072 1255 3113 ne
1284 3053 1440 3114 inter
1469 3051 2308 3150 apocryphajureBruanium
2343 3052 2549 3114 habuit
2607 3053 2826 3116 bonum
2877 3057 2950 3116 ab
3000 3058 3300 3131 omnibus,
3354 3062 3512 3142 quod
3538 3071 3696 3126 esset

317 3152 661 3205 censeatur.
689 3142 855 3214 Quod
882 3142 1058 3221 igitur
1075 3142 1145 3201 ad
1170 3141 1436 3221 publicas
1459 3160 1632 3202 aures
1653 3143 1728 3202 ob
1753 3143 1964 3204 multo-

317 3253 446 3293 rum
469 3233 928 3294 aediﬁcationem
960 3231 1257 3311 proficisci
1309 3240 1564 3311 oportet,
1599 3248 1847 3294 necesse
1878 3240 1967 3292 est

321 3321 813 3398 utgrammatica}
865 3320 1194 3398 diligentiae
1243 3319 1442 3381 cribro
1485 3319 1556 3380 ab
1609 3320 1769 3380 omni
1803 3321 1964 3400 prius

320 3411 591 3473 vitiorum
626 3410 765 3471 lolio
817 3419 1125 3490 purgetur.
1179 3408 1338 3470 Dixit
1384 3414 1640 3488 namque
1669 3407 1960 3485 Isidorus,

326 3500 545 3560 abrade
572 3499 802 3562 titulum
840 3507 901 3559 ut
931 3507 1091 3559 muta
1141 3499 1218 3559 sit
1250 3498 1479 3577 pagina.
1506 3497 1660 3575 Ergo
1685 3516 1758 3558 ne
1792 3507 1965 3559 tantae

330 3589 632 3650 calumniae
674 3606 820 3649 ansa
870 3597 1129 3648 nostram
1164 3589 1510 3668 parvitatem
1559 3586 1756 3665 aliquo
1790 3587 1962 3648 modo

326 3677 609 3740 innodare
642 3677 937 3756 videatur,
983 3677 1233 3737 sanandi
1284 3695 1351 3736 ac
1398 3674 1733 3736 medicandi
1766 3675 1964 3755 operis

314 3768 659 3847 prodendus
690 3775 779 3827 est
811 3766 1104 3838 medicus,
1139 3773 1204 3825 ut
1232 3783 1366 3825 cum
1429 3763 1676 3844 probata
1712 3782 1964 3843 persona

308 3857 591 3919 omnibus
622 3857 682 3915 in
703 3853 968 3915 notitiam
993 3853 1239 3917 venerit.
1264 3854 1393 3932 ejus
1423 3852 1730 3932 opuscula,
1767 3851 1966 3915 divina

306 3949 559 4007 veritate
580 3944 856 4022 subnixa,
883 3962 1060 4004 nemo
1085 3941 1355 4003 fidelium
1376 3942 1636 4002 refutare
1661 3941 1965 4020 permitta-

308 4048 432 4109 tur,
467 4034 572 4095 sed
609 4033 804 4114 potius
835 4041 1042 4092 contra
1059 4049 1269 4091 omnes
1301 4030 1546 4090 zemulos
1570 4029 1789 4093 divinae
1819 4049 1962 4110 pro-

315 4123 598 4186 tectionis
653 4123 740 4181 vis
790 4121 944 4182 bene
993 4121 1308 4181 defensare
1359 4118 1802 4198 comprobetur.
1863 4124 1966 4183 Est

313 4231 537 4293 nempe
589 4209 997 4272 Theudoricus
1044 4210 1147 4271 ille
1202 4210 1529 4270 monachus
1585 4227 1654 4270 ac
1685 4211 1963 4271 sacerdos

317 4302 698 4385 peregrinus,
751 4309 926 4380 atque
975 4299 1199 4362 diutius
1248 4299 1543 4360 viscerum
1600 4297 1963 4360 cruciatibus

2049 3139 2228 3217 hujus
2258 3141 2459 3201 saeculi
2489 3141 2792 3223 inimicus,
2828 3153 2883 3204 et
2937 3147 3190 3207 mundus
3239 3148 3326 3210 illi
3359 3139 3520 3213 esset
3549 3172 3691 3214 cru-

2047 3227 2279 3319 citixus.
2314 3229 2455 3319 Nam
2494 3235 2620 3306 ejus
2667 3231 3000 3294 infirmitati
3051 3237 3286 3299 assidue
3317 3259 3690 3319 compassus,

2046 3316 2304 3410 hospitio
2337 3318 2502 3379 illum
2536 3321 2735 3400 recepi
2767 3323 3036 3382 omnium
3072 3334 3407 3389 nostrorum
3439 3316 3686 3410 primus,

2049 3405 2298 3485 ejusque
2325 3427 2417 3468 me
2440 3409 2731 3470 interesse
2753 3409 3248 3490 disputationibus
3269 3405 3533 3493 gravisus
3555 3437 3685 3479 sum

2046 3494 2278 3584 sedulo.
2309 3498 2574 3576 Cumque
2603 3498 2685 3558 illi
2710 3508 3079 3578 compertum
3114 3501 3282 3576 foret,
3311 3505 3466 3584 quod
3493 3525 3686 3567 essem

2048 3583 2225 3643 etiam
2259 3585 2636 3664 quotidianus
2668 3587 2824 3647 beati
2849 3588 3292 3669 triumpliatoris
3324 3593 3541 3655 Christi
3566 3597 3687 3657 Re-

2047 3673 2220 3752 spicii
2254 3675 2568 3752 titnlarius,
2597 3678 2840 3757 ejusque
2880 3679 3127 3740 servitur
3168 3681 3523 3756 indefessus,
3559 3703 3688 3745 εαξ-

2047 3764 2131 3842 pit
2159 3781 2192 3823 a
2223 3782 2317 3824 me
2347 3764 2683 3844 disquirere
2719 3778 3054 3830 utrumnam
3075 3768 3279 3831 beatus
3310 3781 3542 3850 martyr
3568 3791 3688 3834 suae

2049 3852 2345 3941 possionis
2376 3865 2534 3915 esset
2567 3855 2886 3936 insignitus
2921 3859 3363 3920 memorialibus
3393 3858 3540 3941 [ϐοά.
3570 3881 3690 3923 me-

2048 3940 2415 4021 morilibus],
2473 3963 2543 4002 an
2586 3946 2918 4007 fmculentia
2970 3947 3196 4007 ruitura
3245 3966 3363 4026 pra:
3395 3940 3690 4011 manibus

2047 4031 2254 4090 mundi
2286 4031 2552 4105 historia,
2589 4035 2786 4094 omnio
2845 4037 3312 4116 chronographis
3343 4038 3687 4100 deficienti-

2047 4116 2178 4191 bus,
2215 4131 2464 4180 careret.
2529 4125 2671 4184 Cum
2728 4125 2960 4186 beatum
3011 4125 3227 4188 Christi
3271 4127 3685 4205 pugillatorem

2047 4208 2318 4287 proprios
2374 4212 2800 4290 responderem
2833 4211 3057 4274 habere
3110 4213 3344 4276 titulos:
3381 4213 3574 4276 Velim
3610 4217 3690 4278 ait

2044 4295 2414 4375 ille,videre,
2447 4297 2576 4377 styli
2624 4301 2910 4379 probandi
2946 4302 3149 4380 gratia.
3203 4301 3313 4374 Qui
3344 4321 3476 4365 cum
3515 4305 3687 4366 citius

316 4384 626 4454 confectus
657 4390 758 4467 qui
789 4399 927 4452 ante
952 4388 1148 4451 varios
1175 4387 1334 4466 [cod.
1360 4388 1554 4468 raros]
1578 4406 1767 4448 annos
1786 4387 1960 4448 vitam
1983 4420 2024 4481 Ο
2047 4384 2256 4464 primae
2289 4387 2532 4465 pagella:
2553 4406 2793 4468 campos
2818 4400 3217 4468 percurreret.
3249 4391 3548 4452 Habemus
3574 4411 3684 4454 na-

312 4479 822 4562 composuitbeati
851 4477 1080 4539 Martini
1114 4477 1224 4538 PP.
1254 4476 1604 4556 jucundius,
1636 4495 1870 4538 necnon
1905 4487 1961 4538 et

312 4573 428 4634 alia
458 4568 745 4650 opuscula
765 4567 825 4628 in
857 4568 967 4628 hac
983 4567 1136 4627 urbe
1171 4569 1435 4627 Romana
1459 4566 1683 4646 positus
1703 4566 1964 4626 conscri-

320 4662 434 4742 psit
461 4658 840 4739 dihgentius;
888 4657 988 4737 qui
1022 4676 1152 4719 cum
1188 4656 1437 4716 fratrum
1497 4665 1703 4732 rogatu
1735 4654 1959 4731 aliquid

315 4751 558 4830 dignum
603 4747 996 4825 scriptitasset
1046 4744 1571 4818 commendadum,
1624 4744 1777 4804 haud
1826 4743 1958 4805 fuco

311 4843 510 4922 aliquo
537 4855 679 4899 usus
694 4834 960 4906 dicendi,
987 4853 1096 4896 nec
1116 4833 1359 4913 phalera
1391 4831 1791 4913 pretiosorum
1822 4850 1958 4922 vere

306 4930 549 4998 borum,
584 4926 688 4988 sed
739 4923 1073 4986 humillimo
1129 4922 1493 4984 narrationis
1533 4940 1773 4999 genere,
1808 4921 1964 5000 quod

307 5018 498 5083 Graeci
527 5019 845 5074 ταπείνωσιν
877 5019 1112 5087 vocant,
1167 5011 1242 5073 ob
1275 5028 1594 5072 commune
1625 5009 1964 5070 auditorum

308 5118 487 5191 atque
510 5108 806 5169 lectorum
832 5102 1214 5164 commodum
1240 5100 1471 5191 sibulco
1499 5107 1848 5191 prosecutus
1879 5107 1967 5161 est

311 5188 481 5280 sty'lo.
515 5195 735 5278 Sripsit
791 5209 1053 5274 quoque,
1107 5201 1174 5251 ut
1222 5189 1546 5280 multorum
1603 5188 1822 5280 fatetur
1850 5206 1959 5280 au-

2046 4483 2222 4554 ctam,
2255 4476 2463 4555 inquit.
2489 4480 2887 4552 occasionem,
2913 4498 3028 4558 qua
3049 4479 3122 4539 de
3143 4480 3361 4556 agresti
3387 4487 3564 4559 atque
3590 4481 3690 4541 in-

2045 4564 2202 4624 sulso
2232 4564 2534 4642 pulmento
2565 4567 2650 4626 fas
2696 4566 2867 4628 nobis
2909 4569 2984 4628 sit
3033 4569 3353 4630 laceratum
3381 4569 3576 4630 facere
3599 4569 3691 4630 ci-

2044 4651 2208 4714 bum.
2242 4651 2384 4712 Nam
2438 4654 2839 4716 amarissimas
2887 4657 3266 4736 projiciamus
3316 4657 3689 4737 colocynthi-

2044 4740 2169 4813 das,
2206 4749 2264 4800 et
2293 4742 2605 4803 melliﬂuas
2651 4763 2756 4823 pro
2806 4744 2922 4805 illis
2970 4747 3308 4807 inseramus
3354 4745 3592 4825 herbas,
3627 4755 3693 4807 ut

2044 4830 2199 4892 sicut
2228 4830 2450 4894 indocti
2481 4835 2804 4910 scriptores
2838 4834 2911 4894 de
2941 4833 3092 4895 bono
3135 4836 3410 4895 fecerunt
3443 4835 3686 4908 malum,

2048 4920 2136 4981 sic
2167 4929 2224 4982 et
2255 4939 2363 4981 nos
2394 4921 2470 4982 de
2503 4921 2652 4982 malo
2684 4925 2940 4984 nitamur
2984 4924 3179 4985 facere
3223 4923 3471 4998 bonum,
3507 4923 3694 5003 ipsius

2047 5008 2178 5070 fulti
2208 5009 2521 5084 levamine,
2555 5010 2684 5071 sine
2715 5029 2830 5091 quo
2861 5011 3009 5074 nihil
3044 5029 3358 5092 possumus
3387 5010 3607 5074 facere.

2301 5099 2574 5179 Explicit
2605 5104 2918 5180 protegas,
2954 5103 3175 5180 incipit
3196 5102 3431 5180 passio.

2129 5186 2296 5269 Saepe
2317 5189 2516 5250 divina
2536 5190 2857 5253 consuevit
2877 5191 3485 5253 clementiaintenera
3497 5191 3692 5254 adhuc

303 5277 564 5364 ctoritas,
602 5282 1121 5363 elegantissimum
1152 5287 1208 5341 et
1258 5278 1423 5342 omni
1451 5277 1837 5340 veneratione
1865 5277 1959 5338 di-
2042 5295 2338 5359 parvaque
2370 5287 2564 5361 aetate,
2590 5288 2698 5343 etc.

375 5450 689 5546 (UA/Enim
734 5442 904 5527 apud
962 5441 1274 5546 seqpiore‘s
1316 5437 1965 5546 praesertimlapctores

295 5519 592 5616 signiﬁcat
643 5519 825 5601 sam},
862 5519 1156 5604 profecto,
1183 5519 1413 5602 utique.
1448 5519 1602 5595 Quin
1627 5519 1774 5581 adeo
1805 5519 1962 5600 apud

2047 5438 2266 5500 Julium
2280 5437 2588 5580 tValerium
2607 5441 2856 5520 primam
2875 5459 3115 5523 quoque
3136 5443 3339 5506 sedem
3365 5443 3428 5506 in
3448 5445 3697 5526 periodo

2048 5539 2274 5580 ocsuna
2308 5566 2320 5579 .

2048 5539 2320 5600 occupat.
