4154 6412
397 319 506 383 179

389 528 707 604 absurdam
730 556 862 601 esse
883 528 1165 617 reputans
1197 552 1402 596 servus
1424 540 1579 611 tuus,
1605 549 1782 591 ausu;
1805 549 1936 591 sum
1958 528 2031 590 ad

394 640 448 694 te
481 629 774 692 scribere.

390 750 762 829 Responsum
793 746 1006 808 Leonis
1058 742 1457 805 Grammatici
1505 749 1564 802 el
1596 738 2037 821 archiepiscopi

1053 832 1385 895 Calabriw.

477 956 593 1018 Leo
635 949 899 1024 humilis,
950 947 1391 1026 grammaticus,
1443 952 1501 1005 et
1550 941 2036 1024 archiepiscopus

393 1041 699 1118 Calabriae,
760 1037 967 1102 Joanni
999 1035 1288 1116 spirituali
1323 1033 1509 1105 fratri,
1561 1035 1630 1092 ad
1685 1030 1914 1093 domini
1944 1049 2036 1093 sa-

392 1131 641 1194 eerdoti.

474 1222 528 1283 Is
559 1219 661 1301 qui
715 1217 970 1299 puellam
1013 1212 1298 1290 virginem
1357 1211 1417 1272 in
1473 1227 1748 1289 sponsam
1780 1208 2033 1301 accepit,

394 1313 551 1372 sicut
577 1298 883 1387 _sripsisti,
925 1311 1126 1364 sancte
1168 1301 1275 1374 ﬁli,
1311 1308 1369 1361 et
1393 1309 1697 1380 postquam
1731 1298 2035 1359 ordinatus

393 1399 590 1468 fuerit,
620 1396 742 1457 vult
793 1413 922 1455 eam
972 1389 1370 1468 devirgiuare,
1422 1387 1567 1449 nihil
1602 1388 1762 1448 aliud
1795 1387 2037 1449 exhibet

395 1506 570 1569 quam
602 1503 667 1546 se
682 1482 981 1545 occultum
999 1480 1448 1555 fornicatorem,
1475 1479 1566 1537 vel
1590 1496 1836 1569 uxorem
1868 1494 2035 1569 suam

392 1565 730 1656 suspectam
763 1580 825 1631 ut
848 1578 1021 1632 antea
1050 1576 1513 1656 constupratam,
1562 1565 1632 1656 Et
1669 1566 1718 1626 si
1748 1566 1876 1656 ipse
1901 1565 2036 1645 qui-

394 1654 529 1726 dem
543 1662 781 1726 Ghristo
800 1658 1098 1739 pollicitus
1116 1665 1280 1718 estse
1295 1656 1352 1716 in
1372 1654 1704 1733 virginitate
1719 1655 2032 1727 victurum,

1614 308 2079 371 EPIPHANIUS
2120 279 2561 372 MONACHUS’

388 451 660 531 virginet.
695 447 990 529 Anitaque
1010 446 1277 521 idliceat,
1296 442 1443 506 mihi
1463 442 1680 503 indira.
1705 440 1853 503 Rem
1875 439 2035 531 enim

2132 439 2355 497 noroviav
2456 437 2859 528 ἐκπαρθενεῦσαι
2955 434 3142 505 αὐτήν.
3251 435 3308 489 Ei

3647 293 3766 360 180

3415 428 3503 487 οὖν
3601 419 3768 488 ἔξεστι

2115 506 2293 595 τοῦτο,
2345 506 2606 596 δήλωσόν¹
2645 547 2756 600 μοι.
2823 506 3048 580 ’Ἄτοπον
3095 524 3194 602 γὰρ
3244 520 3370 577 αὒτδ
3419 514 3766 596 γολισάμενος

2118 618 2260 673 εἶναι
2290 614 2473 679 δοῦλός
2504 638 2619 690 σου,
2651 612 2924 689 ἐτόλμησα
2956 612 3155 691 γράψαι
3185 633 3292 672 σοι,

2121 738 2484 819 Ἀντίγραμμα
2524 737 2748 800 Λέοντος
2794 741 3167 815 γραμματικοῦ
3211 736 3298 791 καὶ
3351 726 3771 812 ἆρχιεπισκόπου

2785 821 3081 903 Καλαϐρίας
3092 867 3106 882 .
3433 852 3437 857 τ

2199 940 2343 998 Λέων
2401 942 2429 996 ὁ
2481 938 2728 999 ταπεινὸς
2803 936 3195 1014 γραμματικὸς,
3271 935 3359 990 καὶ
3426 928 3771 1011 ἀρχιεπίσκο-

2118 1052 2217 1093 πος
2284 1024 2605 1107 Καλαὸρίας,
2688 1023 2910 1100 Ἰωάννῃ
2990 1030 3067 1097 τῷ
3142 1028 3483 1098 πνευματικῷ
3542 1016 3771 1093 ἆδελγῷ,

2116 1121 2206 1176 καὶ
2231 1122 2363 1197 ἱερεῖ
2394 1116 2605 1195 Κυρίου.

2199 1209 2259 1265 Ὀ
2281 1192 2289 1197 ’
2315 1192 2571 1285 παρθένον
2626 1202 2790 1282 κόρην
2869 1201 3235 1280 ὁρμασάμενος
3308 1197 3423 1279 (2),
3496 1195 3632 1254 καθὰ
3675 1192 3777 1285 γέ.

2118 1318 2344 1377 γραφας,
2398 1283 2588 1350 τέκνον
2661 1292 2837 1370 ἅγιον,
2911 1290 2998 1346 καὶ
3073 1290 3208 1364 μετὰ
3261 1290 3361 1356 τὴν
3420 1283 3772 1368 χειροτονίαν,

2116 1372 2309 1452 eisin»
2366 1385 2769 1463 ὲκπαρθενεῦσαι
2845 1378 3189 1456 βουλόμενος,
3269 1376 3415 1433 οὒδὲν
3486 1375 3662 1453 ἕτερον
3737 1372 3774 1437 ἢ

2117 1474 2470 1551 κλεψίγαμον,
2528 1472 2712 1528 ἑαυτὸν
2765 1468 3105 1548 παρίστησιν,
3189 1466 3226 1535 ἢ
3281 1468 3380 1534 τὴν
3443 1466 3628 1521 ἑαυτοῦ
3684 1483 3775 1539 γυ-

2119 1550 2299 1620 ναῖκα
2334 1560 2591 1633 ὕποπτον,
2650 1560 2721 1621 ὡς
2780 1558 3381 1636 προεκπορνευσθεϊσαν,
3438 1555 3536 1612 Καὶ
3584 1553 3629 1608 εἶ
3679 1550 3775 1626 μὲν

2123 1656 2331 1730 Χριστῷ
2385 1648 2625 1705 συνέθετο
2675 1646 3006 1725 παρθενεύειν
3078 1644 3256 1718 αὔτὸς,
3331 1665 3410 1706 τις
3468 1642 3624 1722 χρεία
3677 1644 3775 1704 τῆς

394 1753 535 1835 quid
559 1726 813 1812 necesse.
828 1747 937 1809 fuit
957 1765 1091 1808 cum
1112 1745 1339 1835 virgine
1360 1726 1623 1823 copulari
1641 1743 1664 1804 ?
1685 1742 1832 1835 Nam
1858 1744 2035 1835 etiam

2132 1726 2247 1818 πρὸς
2327 1736 2580 1815 παρθένον
2650 1735 2791 1808 αὒτῷ
2865 1732 3195 1811 συναφείαςς
3262 1734 3357 1789 Καὶ
3431 1732 3599 1810 χωρὶς
3680 1726 3779 1805 γὰρ

2309 1828 2318 1835 .
2495 1823 2575 1835 ιλ.
2905 1825 2926 1835 Α
3033 1822 3042 1835 1
3463 1820 3473 1835 1
3632 1814 3680 1834 Τ

394 1814 619 1920 :ibsque
640 1836 914 1912 muliere,
944 1843 1176 1914 poterat
1201 1814 1360 1911 virgo
1383 1814 1634 1893 manens
1664 1832 2035 1893 ordinatione

2132 1828 2388 1905 ρναικὸς,
2484 1823 2708 1893 ἠδύνατο
2794 1822 3124 1900 παρθενεύων
3209 1820 3538 1900 lupata-47.;
3625 1814 3779 1879 ἀξιω-

396 1906 630 2000 donari,
656 1924 757 1989 Sin
779 1906 919 1986 vero
946 1906 1192 2003 propter
1212 1906 1421 1983 nature
1443 1920 1913 1981 imbecillitatem
1942 1928 2035 1981 at-

2132 1920 2294 1982 )ἦναι,
2352 1916 2410 1972 Εἰ
2466 1912 2521 1970 δὲ
2574 1911 2658 1968 διὰ
2712 1912 2773 1968 τὸ
2831 1916 2928 1977 τῆς
3010 1911 3215 1989 φύσεως
3276 1909 3487 1971 ἀσθενὲς
3545 1909 3633 1963 καὶ
3688 1906 3777 1961 τὸν

394 2037 509 2100 que
530 1995 849 2078 atiectuum
879 1995 1263 2074 incoei'cibile
1292 2029 1526 2100 agmen,
1547 2009 1708 2100 illam
1723 2008 2035 2100 sibijunrit

2132 2004 2487 2083 ἰικατάσχετον
2564 2000 2726 2076 ἐσμὸν
2780 2006 2885 2056 τῶν
2942 2002 3147 2078 παθῶν,
3206 1999 3491 2077 ὡρμάσατο
3548 1995 3773 2062 ταύτην,

2316 2093 2323 2100 .
2370 2096 2382 2100 -
2573 2092 2582 2100 .
2803 2088 2817 2100 .
2871 2090 2880 2100 .
2984 2086 3021 2100 ρ.
3207 2089 3220 2100 .
3272 2089 3328 2100 η
3491 2086 3501 2100 ,
3763 2084 3773 2100 ς

397 2084 562 2188 prius
591 2122 724 2168 cum
758 2121 828 2163 ea
857 2100 1120 2179 legitime
1151 2084 1524 2176 concumbat,
1553 2117 1621 2188 ac
1644 2084 1861 2158 deinde
1881 2098 2035 2159 ordi-

2132 2093 2438 2172 ῖυγγινὲσθω
2483 2092 2733 2171 πρότερον
2764 2088 2928 2156 αὖτὴν
2984 2086 3115 2165 [/Pg.
3169 2089 3330 2167 αὒτῇ]
3382 2086 3641 2161 νομίμως,
3693 2084 3781 2138 καὶ

2123 2184 2242 2239 τότε
2308 2182 2732 2262 χειροτονείσθω.
2823 2175 3132 2247 Καταδιςλου
3220 2178 3321 2256 γὰρ
3404 2182 3500 2242 τῆς
3584 2176 3777 2253 παρθε-

2126 2274 2237 2335 νίας
2294 2271 2460 2338 auri};
2517 2268 2830 2349 γινομένης,
2892 2270 2965 2329 ὡς
3023 2272 3149 2342 μιᾶς
3199 2267 3447 2345 γυναικὸς
3499 2263 3654 2343 ἀνὴρ,
3706 2263 3779 2323 εἷς

2125 2363 2217 2417 τὸν
2272 2364 2371 2426 τῆς
2426 2360 2714 2439 ἱερωσύνης
2792 2352 3211 2436 φρικωδέστατον
3288 2355 3489 2431 βαθμὸν
3544 2351 3782 2431 ἀναχθή-

2127 2471 2300 2508 σεται.

399 2186 595 2258 netur.
620 2191 884 2254 Mulieris
906 2190 1063 2251 enim
1086 2189 1371 2266 patefacta
1393 2186 1745 2265 virginitate,
1764 2195 2037 2268 tanquam

398 2284 575 2347 unius
606 2281 804 2345 uxoris
833 2279 942 2353 vir,
976 2278 1047 2340 ad
1082 2278 1399 2340 sacerdotii
1428 2274 2039 2337 formidabilissimum

398 2374 654 2455 gradum
689 2368 1154 2453 promovebitur.

482 2639 564 2721 (2)
630 2630 1046 2721 Ὀρμασάμενος.
1108 2636 1217 2697 Est
1273 2632 2035 2721 oppiczstEu-(icsppndg'l‘e,

2132 2622 2591 2721 Apudeumdem
2612 2622 3007 2721 Epiphanium
3034 2626 3122 2721 De
3147 2623 3436 2721 [tardatus
3464 2619 3771 2717 Deiparw,

397 2703 787 2796 cum'spousa
815 2703 1068 2796 nuptias
1096 2703 1495 2796 contra'_h'ere.~
1523 2703 1890 2796 Epiphanius
1919 2711 2035 2771 bae-

2132 2703 2278 2788 ι.ἸΙ,
2314 2727 2373 2788 p.
2406 2706 2550 2779 292,
2599 2703 2885 2785 ὼρμᾶσατο
2928 2706 3026 2772 τὴν
3080 2704 3334 2796 Παρθένον
3385 2705 3457 2765 εἰς
3506 2703 3594 2793 τον
3627 2720 3782 2790 μονο-

398 2799 520 2887 Ῑθδί
685 2809 751 2887 _n°
784 2784 988 2887 1-3,:(18
1017 2794 1197 2857 Maria
1215 2784 1591 2887 ρξξοεθρέὶοξ
1610 2784 1712 2848 ἀξτό
1732 2803 1823 2887 τοι)
1852 2794 2035 2887 ὀρμασῗ

2132 2784 2412 2887 χξνῆῇόν
2468 2802 2480 2815 ·
2541 2784 2717 2848 Pater
2745 2785 3069 2865 despondit
3119 2784 3283 2846 Filio
3312 2800 3423 2844 suo
3451 2784 3782 2861 unigenito

395 2886 553 2948 θῆναι
580 2869 743 2946 tam
775 2869 940 2951 αὒτῴ,
975 2892 1042 2936 eo
1074 2875 1231 2954 quod
1261 2874 1373 2937 illa
1405 2869 1459 2937 ei
1489 2874 1841 2951 desponsata
1875 2869 2028 2933 esset

2146 2869 2473 2949 Virginem.

1044 3160 1415 3169 —_———————-

1788 3275 1947 3323 ANNO
1988 3273 2197 3323 DOMINI
2241 3274 2394 3323 MXV.

868 3455 2037 3606 EPIPHANIUS
2196 3451 3319 3599 MONACHUS.

1843 3760 2335 3847 NOTITIA.

680 4012 951 4073 Auctore
979 4009 1218 4071 Joanne
1247 4002 1496 4085 Aloysio
1526 4000 1943 4083 Mingaretlio,
1975 3999 2147 4082 apud
2174 3997 2579 4063 Amadutium
2608 3999 2910 4062 Anecdot.
2945 3998 3163 4075 littera,
3201 4002 3350 4063 tom.
3387 3999 3495 4059 III.

396 4420 807 4488 Iilustrissimo
836 4439 906 4483 ac
930 4417 1434 4482 reverendissimo
1466 4415 1702 4498 praesuli
1731 4415 2034 4498 Stephano
2056 4417 2301 4498 Bergiaa,
2324 4435 2506 4481 sacra;
2526 4435 2729 4498 congr.
2757 4416 2836 4479 de
2862 4416 3241 4498 propaganda
3273 4417 3418 4480 Fide
3448 4438 3480 4481 a
3510 4418 3782 4494 secretis,

1445 4496 1514 4559 D.
1549 4497 1809 4561 Joannes
1839 4496 2113 4579 Aloysius
2141 4497 2542 4578 Mingarellius
2571 4496 2738 4561 S.’D.

478 4611 680 4694 Optas,
715 4608 1071 4672 erudissime
1102 4608 1337 4688 praesul,
1372 4626 1478 4688 pro
1505 4613 1601 4667 tua
1628 4606 1689 4666 in
1720 4624 1815 4667 me
1846 4605 2237 4686 benignitate,
2271 4604 2654 4687 maximoque
2688 4604 2993 4667 inlitteras
3022 4622 3247 4680 amore,
3285 4613 3349 4668 ut
3374 4614 3666 4670 vetustum
3688 4606 3790 4669 ali-

398 4700 556 4785 quod
588 4698 965 4782 opusculum,
996 4697 1176 4778 idque
1205 4695 1494 4769 Graecum,
1521 4694 1696 4757 tertio
1725 4695 2167 4758 Anecdotorum
2194 4694 2506 4769 volumini,
2534 4694 2689 4776 quod
2718 4695 3001 4759 Romanis
3019 4694 3367 4776 propediem
3384 4696 3556 4777 typis,
3582 4696 3788 4774 impri-

400 4798 614 4865 metur,
650 4787 1038 4850 inserendum
1071 4786 1389 4869 prmbeam.
1424 4787 1544 4865 Ego
1574 4794 1771 4847 autem
1803 4786 2063 4866 cupienti
2094 4785 2143 4846 si
2173 4785 2313 4867 quid
2346 4805 2559 4864 negem
2589 4786 2747 4867 quod
2781 4794 3058 4867 prwstare
3086 4804 3323 4866 queam,
3358 4787 3621 4867 ingratus
3649 4788 3788 4851 sim.

397 4879 662 4942 Necdum
688 4877 847 4939 enim
887 4877 993 4940 tibi
1017 4878 1107 4939 vel
1130 4878 1204 4938 de
1236 4878 1386 4939 facie
1412 4886 1584 4938 notus
1615 4895 1802 4956 eram,
1841 4895 1972 4938 cum
2010 4877 2173 4937 omni
2195 4876 2576 4938 humanitatis
2598 4875 2792 4937 cilicio
2821 4894 2915 4937 me
2941 4875 3271 4936 devinxisti.
3299 4877 3588 4938 Memoria
3607 4876 3791 4957 probe

397 4976 596 5048 teneo,
627 4966 716 5028 vir
746 4966 1201 5042 humanissime,
1226 4966 1540 5028 duodecim
1574 4965 1815 5027 circiter
1834 4965 2052 5027 abhinc
2073 4965 2248 5026 annis
2271 4983 2405 5027 cum
2439 4967 2849 5029 Beneventum
2880 4965 3033 5027 forte
3064 4969 3384 5045 venissem,
3406 4984 3583 5046 quam
3613 4975 3676 5027 tu
3700 4968 3790 5029 ci-

397 5056 639 5118 vitatem
667 5054 917 5115 mirifica
948 5075 1052 5136 per
1080 5054 1139 5116 id
1175 5064 1406 5137 tempus
1428 5055 1777 5117 dexteritate
1805 5055 2076 5134 regebas,
2110 5064 2285 5135 atque
2312 5055 2646 5137 prudentia,
2680 5075 2854 5136 quam
2889 5055 3267 5117 liberalitera
3302 5063 3383 5129 te,
3419 5055 3791 5138 comiterque

400 5154 687 5225 exceptus
709 5144 919 5206 fuerim
946 5163 1059 5205 una
1085 5164 1217 5206 cum
1243 5164 1524 5226 supremo
1547 5152 1689 5206 tunc
1710 5154 1892 5207 caelus
1908 5143 2092 5205 nostri
2114 5146 2493 5206 moderatore
2510 5147 2736 5209 Joanne
2755 5144 3570 5227 ChrysostomoTrombellio,
3588 5165 3791 5227 quam-

396 5232 791 5316 quejucuude
815 5252 1032 5314 paucos
1058 5234 1192 5296 illos
1213 5234 1363 5297 dies.
1390 5236 1606 5315 quibus
1636 5234 1719 5296 ibi
1752 5252 1993 5295 manere
2024 5233 2215 5313 licuit,
2246 5235 2661 5314 transegerim,
2700 5243 2857 5297 tuam
2891 5246 2950 5297 et
2981 5237 3036 5296 in
3068 5234 3499 5297 consuetudine
3531 5236 3791 5298 suavita-

399 5332 518 5384 tem
551 5328 852 5401 expertus,
888 5321 1021 5383 etin
1044 5322 1339 5403 colloquio
1368 5324 1721 5398 doctrinam,
1752 5331 1927 5403 atque
1952 5322 2352 5385 eruditionem
2376 5325 2720 5387 admiratus.
2750 5325 3147 5399 Quamobrem
3176 5324 3327 5386 nihil
3355 5333 3465 5399 est,
3491 5326 3646 5406 quod
3672 5345 3793 5397 non

400 5410 483 5471 tui
514 5426 693 5471 causa
712 5409 979 5496 facturus
1023 5411 1279 5473 libenter
1305 5412 1439 5473 sim.
1477 5413 1521 5474 E
1550 5414 1797 5493 vestigio
1830 5413 2029 5494 itaque
2058 5412 2328 5475 converti
2360 5432 2392 5474 e
2424 5416 2625 5477 Graeco
2661 5414 2929 5477 libellum
2961 5414 3280 5495 quemdam
3313 5414 3633 5496 Epiphanii
3665 5436 3791 5477 mo-

398 5497 577 5560 nachi
607 5497 681 5559 de
711 5494 840 5585 Vita
873 5497 1158 5580 Deiparae,
1194 5501 1361 5581 cujus
1392 5503 1790 5582 apographum
1823 5502 1981 5583 apud
2015 5519 2110 5562 me
2141 5500 2430 5563 ineditum
2457 5504 2822 5583 jampridem
2855 5494 3020 5578 latet,
3050 5494 3406 5585 semperque
3429 5507 3671 5565 forsitan
3705 5506 3795 5566 la-

399 5585 627 5657 tuisset,
664 5584 779 5645 nisi
811 5587 959 5647 hanc
989 5596 1050 5648 tu
1077 5588 1221 5649 mihi
1254 5592 1630 5653 occasionem
1664 5590 2041 5672 prmbuisses.
2076 5596 2139 5650 ut
2169 5608 2377 5652 rursus
2409 5593 2467 5652 in
2519 5611 2730 5654 manus
2780 5611 3081 5655 sumerem
3121 5611 3134 5652 :
3174 5592 3280 5654 diu
3310 5584 3468 5654 enim
3507 5592 3794 5675 dubitavi,

397 5694 472 5764 an
496 5693 631 5764 eum
649 5678 1023 5764 supprimere
1052 5685 1387 5755 praestaret,
1420 5698 1596 5761 quam
1630 5680 1692 5742 in
1717 5700 1925 5743 manus
1955 5678 2223 5740 omnium
2256 5680 2537 5744 emittere
2563 5704 2575 5742 :
2619 5690 2940 5764 propterea
2973 5686 3128 5764 quod
3174 5700 3206 5742 e
3237 5682 3646 5745 monumentis
3675 5701 3795 5744 non

397 5763 651 5828 sinceris
678 5763 876 5847 modo,
912 5778 1087 5848 atque
1114 5766 1485 5851 indubitatis,
1517 5770 1622 5833 sed
1655 5771 2007 5855 apocryphis
2041 5768 2251 5847 etiam,
2279 5763 2851 5850 utipsemetauctor
2874 5763 3209 5853 proﬁtetur,
3244 5793 3311 5837 ac
3333 5773 3532 5837 dubiis
3552 5778 3795 5835 contex-
