4154 6402
241 310 347 374 181
1698 312 1915 378 TEST]

2010 313 2175 378 )NIA
3518 319 3634 386 182

243 452 331 506 tus
357 443 459 506 sit.
493 442 668 506 Nunc
696 451 895 506 autem
927 461 1059 506 cum
1092 444 1273 508 alicui
1302 445 1695 509 nihilominus
1722 447 1959 510 utilitati
1988 448 2150 509 visus
2175 447 2251 507 sit
2275 464 2407 509 esse
2437 465 2635 529 posse,
2670 448 2720 509 si
2753 449 3080 526 evulgetur,
3116 469 3252 513 eum
3284 452 3358 514 ad
3395 461 3455 514 te
3486 453 3630 515 mit-

244 542 364 594 tere
393 532 699 606 constitui,
740 540 802 593 ut
832 540 951 592 tute
974 531 1128 607 ipse,
1154 534 1324 613 cujus
1354 534 1903 614 plurimijudicium
1931 536 2071 606 duo,
2107 536 2248 615 quid
2283 536 2576 614 agendum
2610 535 2706 609 sit,
2741 537 2965 607 videas,
3002 539 3166 601 Tuus
3195 558 3334 619 ergo
3366 541 3441 603 sit
3468 542 3634 605 arbi-

245 631 429 682 tratus
456 642 471 681 :
505 629 571 682 ut
602 622 798 695 illum,
820 621 1723 701 proutlibuerit,velcomburas,
1747 644 1882 687 cum
1904 624 2142 701 legeris,
2171 624 2259 685 vel
2290 625 2653 704 typographo
2677 624 2923 687 librario
2947 626 3366 690 excudendum
3392 630 3625 692 tradas:

241 709 399 802 mihi
416 726 557 802 vero
589 710 652 802 id
683 728 866 802 unum
896 709 1229 802 cordiesse
1254 710 1439 802 noris,
1474 720 1537 773 ut
1568 712 1723 802 nihil
1744 731 1778 773 a
1811 731 1904 774 me
1935 713 2167 788 edatur,
2200 732 2315 802 quo
2368 712 2658 802 lectorum
2690 713 2751 774 in
2777 712 3091 777 Dominam
3125 725 3389 780 nostram
3415 718 3630 802 pietas,

241 807 336 860 aut
365 798 607 860 debitus
636 797 751 879 ipsi
784 799 973 860 honor
1004 799 1093 859 vel
1129 798 1465 872 minimum,
1500 808 1557 862 te
1587 800 1826 882 quidem
1852 802 2078 882 judice,
2115 800 2386 863 imminui
2410 809 2606 881 queat.

325 888 540 951 Libelli
575 905 753 966 porro
785 895 988 948 auctor
1019 887 1124 948 tibi
1151 887 1497 950 incredibili
1529 890 1816 951 memoria
1847 890 2091 971 praedito
2126 890 2296 970 plane
2328 889 2565 969 ignotus
2596 908 2731 952 esse
2761 908 2880 950 non
2915 897 3147 971 potest:
3175 912 3310 955 nam
3339 895 3458 957 Leo
3476 894 3638 957 Alla-

242 978 357 1040 tius
390 986 447 1040 et
478 977 811 1057 fragmenta
834 994 905 1065 ex
953 977 1065 1039 hoc
1112 976 1242 1057 ipso
1274 977 1426 1037 haud
1460 978 1647 1038 semel
1699 978 1941 1058 protulit
1986 980 2298 1059 opusculo,
2333 991 2392 1039 et
2429 977 2589 1038 aliud
2619 977 2915 1058 quoddam
2950 980 3219 1058 ejusdem
3253 988 3539 1065 scriptum
3572 983 3634 1045 in

239 1065 579 1147 Symmictis
605 1064 950 1145 divulgavit,
982 1065 1325 1143 hnjusmodi
1363 1065 1596 1127 titulum
1627 1067 1689 1127 in
1721 1068 1912 1128 fronte
1943 1068 2167 1128 habens
2194 1085 2206 1128 :
2246 1066 2589 1146 Epiphanii
2606 1066 3316 1149 mounehiHagiopolilw
3346 1072 3553 1152 Syria,
3580 1078 3638 1136 et

244 1156 394 1217 urbs
420 1162 676 1231 sancta;
706 1171 817 1214 nec
848 1155 1006 1213 enim
1039 1153 1249 1215 dubito
1280 1154 1420 1235 quin
1453 1173 1607 1215 unus
1638 1155 1916 1236 idemque
1947 1154 2316 1235 Epiphanius
2343 1156 2649 1236 utriusque
2681 1154 2867 1217 libelli
2897 1165 3104 1219 auctor
3134 1160 3230 1234 sit,
3259 1180 3395 1221 cum
3417 1161 3631 1228 eodem

252 1242 427 1323 plane
453 1243 599 1323 stylo
634 1251 951 1321 utrumque
981 1243 1381 1323 conscriptum
1415 1243 1668 1319 videam,
1705 1244 1867 1305 tenui
1896 1244 2148 1319 scilicet,
2185 1238 2360 1325 atque
2389 1244 2561 1314 adeo,
2583 1251 2648 1304 ut
2670 1243 2867 1305 verius
2900 1242 3133 1325 loquar,
3160 1248 3460 1311 bumiliac
3486 1267 3641 1329 pene

251 1331 508 1411 abjerto.
542 1333 697 1405 Quin
731 1330 1037 1393 homiliam
1058 1350 1297 1412 quoque
1325 1331 1641 1413 Epiphanii
1673 1332 1947 1394 monachi
1974 1332 2035 1394 in
2066 1342 2331 1394 sanctum
2363 1332 2660 1394 Andream
2693 1334 3019 1411 apostolum
3052 1346 3482 1399 commemorat
3512 1337 3641 1417 ipse

246 1422 498 1482 Allatius
529 1423 588 1482 in
620 1419 885 1482 Dialriba
913 1419 988 1481 de
1017 1420 1363 1483 Simeonum
1392 1421 1670 1501 scriptis:
1722 1422 1825 1483 sed
1877 1440 1946 1484 ea
1993 1430 2191 1483 utrum
2243 1420 2560 1500 Epiphanii
2612 1421 2799 1481 nostri
2850 1420 2949 1499 sit,
2982 1421 3115 1501 quis
3146 1431 3292 1506 tuto,
3327 1425 3442 1486 nisi
3476 1426 3637 1486 illam

245 1510 480 1583 viderit,
514 1509 771 1571 deﬁnire
797 1518 995 1588 queat,
1031 1528 1164 1572 cum
1197 1510 1447 1574 Allatius
1473 1510 1621 1572 nihil
1656 1522 1867 1589 praeter
1898 1510 2128 1572 titulum
2158 1518 2334 1591 atque
2364 1510 2596 1570 initium
2630 1509 2941 1571 attulerit?
2972 1509 3031 1573 Si
3065 1512 3203 1591 quid
3239 1520 3438 1575 tamen
3465 1533 3500 1575 e
3525 1524 3639 1576 tam

243 1599 476 1677 exiguis
508 1597 747 1660 indiciis
764 1596 1026 1676 judicari
1060 1606 1274 1678 potest,
1305 1598 1584 1678 equidem
1617 1616 1745 1661 eam
1779 1617 2012 1679 quoque
2045 1599 2348 1660 homiiiam
2379 1599 2493 1679 ipsi
2524 1598 2900 1659 tribuendam
2922 1600 3308 1664 crediderim.
3331 1601 3417 1664 De
3446 1621 3640 1665 mem-

248 1689 476 1752 braueo
506 1700 706 1753 autem
739 1679 1089 1768 exemplari,
1120 1706 1153 1749 e
1184 1706 1300 1768 quo
1330 1686 1596 1749 libellum
1631 1705 1738 1765 ego
1771 1687 2084 1767 exscripsi,
2118 1687 2269 1749 nihil
2295 1686 2495 1749 dicere
2523 1687 2727 1748 attinet
2760 1686 2819 1747 in
2845 1689 3121 1766 praesenti
3148 1710 3160 1749 :
3197 1690 3339 1751 satis
3360 1690 3517 1752 enim
3543 1690 3644 1752 de-

248 1778 535 1860 scriptum
567 1779 679 1841 fuit
711 1777 785 1838 iis
815 1775 1048 1852 litteris,
1075 1795 1223 1858 quas
1254 1776 1328 1838 de
1360 1775 1614 1857 quodam
1649 1775 1840 1837 sancti
1870 1775 2139 1855 Gregorii
2185 1775 2614 1855 Thaumaturgi
2653 1795 2737 1837 sei
2760 1792 2934 1836 mone
2964 1777 3035 1837 ad
3072 1778 3370 1857 ngidium
3399 1780 3641 1842 fratrem

253 1884 448 1928 meum
483 1869 770 1932 Bononiaz
799 1864 938 1927 dedi
967 1888 981 1925 :
1013 1884 1168 1927 unus
1197 1864 1382 1933 enim.
1409 1864 1689 1944 idemque
1719 1864 1905 1925 codex
1931 1872 1990 1925 et
2022 1884 2155 1927 eum
2188 1865 2461 1943 Gregorii
2490 1883 2856 1938 sermonem,
2889 1872 2945 1925 et
2976 1865 3134 1928 hunc
3160 1866 3475 1947 Epiphanii
3499 1869 3644 1931 mihi

254 1955 743 2022 subministravit.
782 1956 935 2024 Illud
969 1955 1161 2035 potius
1191 1953 1511 2034 optandum
1535 1954 1658 2033 jam
1684 1962 1839 2014 esset
1860 1962 1922 2014 ut
1946 1974 2061 2035 quo
2087 1962 2351 2034 tempore
2368 1954 2734 2034 Epiphanius
2757 1965 2961 2015 noster
2982 1956 3314 2037 scripserit,
3339 1966 3639 2026 accurate,

266 2060 337 2107 ac
369 2044 584 2125 liquido
617 2049 857 2111 definiri
889 2054 1087 2127 posset
1114 2065 1129 2119 ;
1158 2062 1295 2104 nam
1323 2045 1586 2103 Joannes
1617 2042 1900 2105 Albertus
1928 2042 2254 2119 Fabricius,
2290 2045 2536 2106 incertae
2564 2044 2760 2106 (etatis
2789 2042 3148 2122 scriptorum
3181 2046 3349 2108 dixit.
3379 2048 3451 2110 At
3481 2047 3529 2108 si
3546 2048 3647 2108 ad-

262 2135 546 2195 amussim
578 2136 721 2198 illud
760 2134 1187 2208 determinare,
1221 2151 1289 2193 ac
1309 2130 1488 2214 veluti
1515 2150 1623 2192 acu
1642 2139 1883 2209 tangere
1908 2132 2217 2211 nonjlicet,
2250 2132 2416 2193 valde
2448 2140 2645 2194 tamen
2670 2130 2938 2212 angustis
2955 2132 3169 2195 ﬁnibus
3190 2136 3440 2215 spatium
3468 2155 3646 2199 omne

258 2219 415 2282 intra
443 2226 594 2303 quod
622 2242 759 2290 eum
778 2222 1092 2305 scripsisse
1118 2238 1366 2283 necesse
1388 2219 1489 2294 sit,
1513 2219 1926 2281 circumscribi
1953 2239 2125 2301 posse
2153 2239 2311 2294 reor,
2333 2220 2746 2301 atqueincludi
2768 2238 2782 2282 :
2803 2229 2864 2280 ut
2882 2238 3078 2300 neque
3099 2231 3234 2285 ante
3256 2225 3644 2287 undecimum

255 2307 468 2372 Christi
501 2316 813 2397 saeculum,
846 2332 957 2376 nec
986 2319 1114 2394 post
1141 2311 1382 2373 tertium
1415 2308 1714 2370 decimum
1748 2308 1963 2371 vixisse
1988 2309 2106 2370 dici
2144 2310 2380 2372 debeat.
2428 2307 2558 2371 Non
2605 2317 2742 2370 ante
2771 2309 3153 2372 undecimum
3184 2313 3426 2395 quidem
3455 2332 3468 2377 :
3504 2313 3646 2395 quia

254 2401 637 2483 Hippolytum
662 2405 1012 2468 Thebanum
1038 2404 1200 2475 citat,
1221 2418 1398 2481 quem
1431 2398 1691 2479 decimo,
1715 2406 1815 2459 aut
1839 2417 2136 2460 summum
2165 2399 2483 2460 undecimo
2515 2398 2788 2461 ﬂoruisse
2820 2400 3199 2464 consentiunt
3228 2405 3449 2466 eruditi
3505 2404 3648 2469 Post

252 2490 808 2557 tertiumdecimum
840 2514 978 2558 vero
1007 2493 1289 2556 saeculum
1320 2490 1505 2552 scribi
1534 2509 1654 2551 non
1687 2490 1875 2569 potuit
1903 2490 2274 2570 opusculum,
2329 2508 2363 2553 e
2400 2510 2517 2571 quo
2546 2491 2936 2567 fragmentem
2968 2487 3343 2574 Nicephorus
3371 2494 3645 2560 Callistus

248 2582 501 2664 protulit
534 2585 931 2666 Epiphanium
962 2586 1157 2665 ipsum
1193 2581 1531 2662 nominans,
1566 2587 1631 2641 ut
1660 2599 1795 2642 mox
1823 2580 2194 2644 videbimus:
2230 2583 2567 2661 praesentim
2601 2600 2735 2643 cum
2767 2579 2896 2660 ipse
2920 2578 3139 2657 codex,
3171 2582 3332 2645 unde
3360 2582 3505 2645 illud
3536 2600 3644 2645 ex-

246 2672 489 2751 scripsi,
523 2683 627 2735 aut
656 2675 994 2738 duodecimi
1029 2674 1228 2736 saeculi
1259 2673 1355 2748 sit,
1394 2680 1491 2733 aut
1516 2672 1638 2732 non
1671 2671 1857 2733 multo
1890 2687 2037 2732 sane
2066 2671 2388 2733 recentior.
2417 2672 2502 2734 Ex
2535 2671 2753 2752 quibus
2775 2667 3218 2733 omnibusillud
3241 2674 3485 2735 tandem
3507 2691 3644 2736 con-

248 2761 470 2836 ﬁcitur,
508 2770 571 2824 ut
602 2766 823 2827 sarculo
853 2765 1094 2827 circiter
1124 2761 1481 2825 duodecimo
1515 2759 1911 2841 Epiplianium
1964 2768 2229 2821 nostrum
2284 2761 2500 2822 vixisse
2553 2760 2708 2822 haud
2746 2767 2969 2820 temere
3001 2760 3179 2822 statui
3209 2770 3408 2842 queat.
3440 2761 3503 2826 Si
3532 2780 3650 2843 qua

246 2849 429 2929 igitur
458 2850 795 2916 identidem
827 2862 1112 2917 ocurrent
1135 2853 1296 2914 inter
1321 2849 1656 2929 legendem,
1696 2868 1827 2930 quae
1848 2867 2053 2929 parum
2078 2849 2185 2910 tibi
2215 2849 2539 2924 arrideant,
2576 2849 2782 2910 mirari
2811 2868 2931 2910 non
2962 2844 3241 2925 debebis,
3274 2850 3366 2913 vir
3394 2851 3646 2932 praacla-

245 2941 523 3003 rissime:
552 2940 824 3006 Graecum
851 2943 1010 3005 enim
1042 2942 1171 3022 ejus
1201 2943 1388 3002 aetatis
1418 2939 1639 3012 vinum,
1675 2946 1740 2998 ut
1769 2938 1849 2999 ita
1882 2955 2017 2999 cum
2048 2938 2270 3001 Catone
2301 2938 2531 3020 loquar,
2556 2937 2713 3019 quod
2737 2957 2930 3020 neque
2951 2948 3143 3016 aceat,
3164 2957 3358 3022 neque
3382 2951 3645 3021 muceat,

244 3030 334 3091 vix
364 3031 553 3091 ullum
589 3040 700 3107 est,
735 3041 797 3093 ut
828 3032 1005 3095 nosti.
1040 3029 1278 3095 Mucida
1302 3046 1446 3089 sane
1477 3025 1634 3088 haud
1669 3044 1856 3106 pauca
1885 3026 1978 3086 hic
2011 3026 2299 3101 offendes,
2346 3028 2529 3090 multa
2560 3027 2936 3106 ineleganter
2966 3030 3144 3107 dicta,
3178 3029 3436 3091 barbara
3466 3028 3644 3091 etiam

252 3119 562 3200 nonnulla,
595 3129 774 3202 atque
805 3122 1026 3183 soloeca
1054 3139 1070 3196 ;
1105 3119 1276 3201 plura
1306 3118 1548 3178 demum
1581 3115 1831 3190 incerta,
1857 3115 2138 3195 nulloque
2158 3115 2361 3177 idonei
2378 3116 2712 3196 scriptoris,
2745 3118 2850 3198 qui
2880 3119 3126 3201 quidem
3146 3125 3329 3193 extet,
3349 3125 3648 3180 autnotus

253 3208 348 3287 sit,
384 3210 730 3272 testimonio
762 3211 1133 3272 conﬁrmata.
1172 3208 1449 3269 Attamen
1482 3206 1607 3267 haec
1627 3203 1758 3284 ipsa
1773 3210 1973 3284 utpote
1994 3204 2431 3282 quodammodo
2459 3224 2628 3282 nova,
2655 3206 2914 3288 aliquam
2931 3207 3181 3272 fortasse
3202 3208 3456 3271 afferent
3474 3205 3646 3269 oble-

255 3299 594 3364 ctationem.
630 3298 803 3381 Vale,
840 3298 1056 3381 praesul
1088 3294 1453 3370 doctissime,
1486 3312 1557 3356 ac
1588 3302 1686 3354 tua
1713 3311 1809 3353 me
1843 3291 2101 3353 amicitia
2131 3312 2347 3354 ornare
2379 3311 2583 3374 perge.

332 3436 553 3499 Dabam
590 3438 801 3501 Romae
825 3436 890 3497 in
920 3432 1149 3497 aedibus
1178 3431 1241 3495 S.
1277 3428 1437 3493 Petri
1468 3428 1542 3491 ad
1576 3426 1853 3502 Vincula,
1885 3423 2168 3488 Kalendis
2197 3422 2451 3499 Martiis,
2479 3441 2634 3486 anno
2666 3423 2846 3489 1774.

1243 3736 1880 3845 SELECTA
1961 3732 2635 3858 QU/EDAM

858 3985 960 4046 DE
1006 3978 1422 4046 EPIPHANIO
1465 3970 1837 4038 MONACHO
1882 3970 1978 4031 ET
2023 3969 2524 4076 PRESBYTERO
2567 3944 3041 4037 TESTIMONIA

255 4349 581 4421 Nicephom
614 4348 873 4407 Callistus
907 4347 965 4403 in
992 4344 1128 4403 Hist.
1175 4341 1299 4400 eccl.
1346 4339 1439 4398 lib.
1489 4352 1701 4421 ψεαρ,
1726 4331 1808 4393 23
1852 4348 1915 4388 ea:

2010 4329 2292 4421 πρόσωπον
2365 4332 2425 4388 οὐ
2493 4331 2840 4413 στρογγύλον,
2919 4330 3038 4389 ἀλλ’
3123 4335 3315 4421 ὡσᾳνει
3384 4332 3658 4421 culpam:

323 4418 619 4503 Epiphanii
648 4428 929 4502 Opim-alo,
961 4425 1095 4500 quod
1125 4439 1263 4480 nunc
1292 4421 1513 4487 edimus,
1545 4418 1713 4476 locum
1736 4430 1915 4488 quem-

2010 4419 2310 4495 κεκτημένη
2369 4438 2381 4452 ’
2447 4423 2744 4502 μακρόχειρ
2799 4442 2857 4478 τε
2914 4425 3002 4480 καὶ
3049 4420 3473 4501 μακροδᾶκτυλος
3522 4419 3588 4488 ἦν
3641 4436 3654 4449 ⁸

323 4510 446 4566 dum
465 4510 544 4567 sic
565 4513 713 4566 citat.

2010 4505 2201 4589 ἄτυφός
2256 4532 2312 4566 τε
2368 4513 2455 4568 καὶ
2508 4512 2919 4592 ἀσχημάτιστος
2984 4530 2997 4544 ·
3054 4512 3131 4589 μὴ
3176 4510 3423 4589 βλακείαν
3470 4508 3659 4567 ἐπισυ-

2009 4598 2210 4677 ραμένη
2268 4599 2386 4657 τινά
2440 4617 2454 4633 ⁸
2518 4600 2831 4658 ταπείνωσιν
2899 4599 3328 4682 ὑπερκάλλουσαν
3384 4597 3586 4679 ἔχουσα
3639 4615 3654 4631 ·

2009 4690 2193 4763 ἱμάτια
2263 4688 2533 4770 αὐτόχροει
2602 4696 2833 4769 φοροῦσα
2900 4692 2989 4747 καὶ
3058 4690 3318 4767 ἀγαπῶσα
3380 4707 3396 4726 ⁸
3470 4690 3661 4748 ὁποῖον

2012 4785 2097 4833 νῦν
2168 4780 2256 4834 καὶ
2324 4781 2386 4835 τὸ
2455 4778 2609 4858 ἅγιον
2676 4778 2840 4859 αὐτῆς
2911 4781 3166 4859 μαφόριον
3223 4777 3501 4837 δείκνυται.
3562 4779 3662 4837 Καὶ

2012 4866 2244 4932 συνόλως
2308 4857 2513 4942 εἶπετνί
2566 4857 2818 4948 ἐφ’ἆπασ’
2871 4857 3012 4932 τοτςγ
3048 4857 3237 4943 etin-71¢,
3295 4866 3435 4931 θείας
3494 4867 3657 4948 χὰρι-

341 4631 436 4702 VHa
494 4641 549 4699 δὲ
578 4643 640 4698 τὸ
693 4641 821 4709 ἦθος
878 4641 967 4695 καὶ
1014 4639 1049 4706 ἡ
1101 4635 1240 4697 θέσις
1289 4639 1388 4701 τῆς
1433 4632 1641 4710 μορφῆς
1686 4627 1776 4683 καὶ
1817 4629 1916 4691 τῆς

264 4734 471 4802 ἡλικίας
529 4732 697 4798 αὒτῆς
754 4729 921 4791 οὕτως
971 4727 1190 4807 ἔχοντα,
1250 4722 1323 4786 ὥς
1370 4742 1531 4801 φησιν
1579 4714 1914 4795 Ἐπιφάνιος.

262 4824 470 4899 Σεμνὴ,
501 4822 684 4902 φησὶν,
739 4818 806 4887 ἧν
853 4818 989 4874 κατὰ
1035 4815 1207 4871 πάν-εκ
1259 4832 1271 4845 ·
1324 4810 1476 4887 ὀλίγοι
1522 4828 1580 4863 τε
1618 4806 1706 4861 καὶ
1747 4803 1917 4881 ἀνοιγ-

452 4893 690 4967 λείλοῦσᾷ
745 4925 758 4939 ·
822 4919 1022 4986 tau/stat
1070 4905 1200 4982 πρὸς
1249 4899 1488 4959 ὑπακοὴν
1526 4897 1616 4953 καὶ
1664 4893 1921 4973 εὖπροσή-
2012 4893 2263 4986 συνοΛωςῚ
2308 4893 2502 4986 ειπεῖνν
2566 4893 2818 4986 sisui".

262 4952 395 4970 μ.-
453 4952 690 4967 πων.--
834 4952 1022 4986 ηπ...
1078 4952 1199 4982 ,τη
1764 4952 1774 4973 ι
1883 4952 1893 4962 ,

262 5023 421 5083 γορος
482 5018 496 5030 ’
558 5005 770 5074 τιμῶσι
826 4998 1026 5058 πάντις
1080 4993 1169 5049 καὶ
1219 4993 1604 5069 προσκυνοῦσα.
1665 4982 1815 5049 Μέση
1867 4980 1915 5037 δὲ

2013 4979 2101 5019 τος
2131 4956 2551 5037 πεπληρωμένη.
2589 4956 2736 5031 Qut?
2763 4956 2851 5019 sic
2879 4959 3316 5035 interpretatus
3344 4962 3437 5019 est
3460 4952 3659 5017 Joan-

2012 5063 2121 5083 ’τοι
2159 5045 2427 5083 Ϊιηιιηίυο

303 5045 309 5051 '
395 5045 421 5065 ἰ
571 5045 770 5074 ἠ’-νησ-
833 5045 1024 5058 ·-----τ
1229 5045 1257 5047 η
1302 5045 1315 5048 ν
1361 5045 1386 5047 π
1803 5045 1814 5049 ν
2339 5047 2350 5059 .

266 5045 607 5159 ἑῦἷνῆλικῖαν
635 5088 701 5156 ἦν
747 5106 763 5122 ο
814 5088 910 5143 εἶσὶ
958 5083 1013 5141 δὲ
1061 5085 1115 5139 οἳ
1170 5045 1283 5138 κπιὶΓ
1307 5077 1467 5136 πλέον
1516 5097 1566 5131 τι
1618 5080 1711 5131 τοῦ
1760 5069 1921 5148 μέσου
2012 5045 2427 5159 "ef-Langia?

268 5180 417 5261 ἔχειν
494 5178 660 5244 αὒτὴν
737 5175 862 5255 φασί
934 5190 948 5202 ⁸
1031 5174 1093 5229 τὸ
1164 5166 1610 5247 εὒπαῤῥησίαστον
1676 5160 1732 5217 δὲ
1791 5161 1915 5241 πρὸς

2093 5149 2286 5212 Mores
2313 5157 2509 5252 autem
2532 5151 2950 5261 (sanctissimis
2972 5150 3293 5252 Deiparae),
3308 5148 3660 5261 formaeque,

265 5238 441 5329 1:ng
500 5238 770 5347 ἄνθρωπον
827 5264 957 5344 εἶχε
1020 5281 1033 5295 ·
1093 5259 1272 5338 πόρρω
1323 5255 1556 5335 γέλωτος
1617 5266 1630 5282 ⁸
1711 5248 1835 5347 ’ἐξυῦ

2015 5246 2073 5301 et
2102 5245 2338 5301 staturae
2366 5239 2499 5320 ejus
2528 5238 2761 5312 modus,
2797 5239 3033 5313 talis,ut
3053 5238 3660 5321 inquitEpiphanius,

264 5364 518 5440 ταραχῆς
569 5321 617 5390 Τ
656 5358 744 5412 καὶ
794 5321 1058 5434 ἀόργητος
1108 5347 1336 5426 μάλιστα
1389 5361 1402 5375 ’
1454 5343 1737 5440 σιτάχρξνος
1784 5321 1835 5395 δ,

2015 5332 2341 5436 ἰώμενοι,
2377 5333 2588 5440 inquit,
2640 5333 2700 5440 in
2745 5332 2926 5395 rebus
2974 5333 3253 5396 omnibus
3296 5334 3568 5440 hopesta,
3602 5339 3663 5396 et

262 5418 351 5507 xui
408 5418 700 5525 “EIVBO'GPLE
762 5460 775 5474 ‘
839 5418 1168 5522 sibdcpbzlpo:
1234 5457 1248 5473 '
1324 5430 1756 5503 ὑποξοινθιζούσας
1833 5429 1915 5485 καῖ

2012 5423 2226 5503 gravis,
2261 5441 2449 5503 pauca
2467 5422 2787 5484 admodum
2812 5441 3001 5504 eaque
3027 5422 3362 5485 necessaria
3382 5424 3658 5504 loquens,

268 5540 421 5599 οἱονεὶ
482 5511 753 5598 ἐλκιῶδεις
802 5534 896 5596 τὰς
949 5536 1110 5610 κόρας
1167 5533 1272 5584 τῶν
1330 5521 1615 5610 ὀφθαλμῶν
1669 5518 1867 5610 ἕχοσσα
1902 5532 1915 5546 ⁶

2014 5513 2086 5575 ad
2118 5512 2481 5610 audiendum
2513 5511 2815 5610 facilis,get
2845 5530 3125 5594 perquam
3155 5512 3660 5610 aifabilis,_hono-

268 5626 629 5709 περιηγμένας
725 5626 816 5682 καὶ
913 5599 1163 5697 μελᾶίνας
1188 5707 1199 5709 ᾗ
1247 5599 1715 5709 περιϐεϐλημένοι,
1763 5608 1915 5689 ὀφρῦς

2013 5622 2140 5667 rem
2170 5622 2365 5676 suum,
2416 5608 2476 5662 et
2515 5599 2956 5663 venerationem
3008 5601 3284 5665 omnibus
3326 5600 3658 5664 exhibens:

273 5689 633 5800 hioypdntwc
695 5731 707 5745 '
772 5711 979 5793 ἁπίρριν
1035 5730 1047 5742 ·
1096 5707 1259 5791 χείλη
1315 5706 1634 5763 ἐπανθοῦν-τα
1691 5697 1915 5780 ἔχουσα,

2013 5701 2234 5757 statura
2255 5689 2566 5800 mediocri,
2601 5690 2867 5800 quamvis
2878 5689 3010 5800 sint
3033 5691 3134 5774 qui
3161 5710 3305 5795 eam
3320 5690 3660 5800 aliquantu-

268 5810 351 5866 m!
380 5778 527 5875 “vim
603 5778 665 5863 ἔκ
740 5809 846 5862 τῶν
872 5778 1141 5880 Πλόγωπῗ
1191 5795 1519 5878 γλυκύτητος
1596 5778 1821 5868 μένοντα
1899 5800 1914 5817 ·

2015 5782 2204 5847 tulum
2236 5779 2607 5846 mediocrum
2632 5779 3060 5860 longitudinem
3082 5781 3410 5846 excessisse
3432 5780 3658 5845 dicant.
