4154 6416
483 339 600 405 183

1771 333 2157 400 ΕΡΙΡΗΑΝΙΙ
2198 337 2574 403 MONACHI.

3745 334 3861 398 184

483 464 728 526 Decenti
751 463 989 526 dicendi
1013 463 1288 526 libertate
1309 463 1596 524 adversus
1617 462 1890 524 nomines
1911 479 2126 522 omnes
2141 469 2190 529 A
2209 475 2332 529 lout
2363 489 2471 530 son
2504 469 2907 542 extérieurtB.
2933 470 3198 548 Virginis
3219 467 3464 542 scilicet)
3484 465 3585 547 qui
3603 464 3862 528 estbelle

480 572 588 614 usa
609 561 722 629 est,
757 553 887 615 sine
917 553 1067 634 risu,
1100 553 1227 614 sine
1256 552 1722 633 perturbatione,
1759 559 1816 612 et
1845 550 1974 610 sine
2003 551 2126 610 ira-

479 642 697 703 cundia
728 642 1007 706 maxime.
1039 641 1249 704 Colore
1263 643 1372 703 fuit
1393 641 1649 704 triticum
1675 639 1994 713 referente,
2022 657 2124 699 ca-

481 729 624 809 pillo
655 731 825 804 flavo,
859 731 1047 792 oculis
1095 730 1356 805 acribus,
1390 730 1707 798 subflavas,
1763 737 1820 788 et
1848 734 2126 808 tanquam

483 818 628 879 oleae
659 819 859 880 colore
889 819 1140 900 pupillas
1191 819 1252 880 in
1299 819 1386 880 eis
1429 818 1678 879 habens.
1715 816 2042 897 Supercilia
2074 815 2129 876 ei

485 919 656 971 erant
686 912 923 989 inﬂexa,
956 920 1014 974 et
1069 912 1352 974 decenter
1401 912 1607 991 nigra;
1663 928 1838 971 nasus
1869 908 2124 987 longior,

484 999 644 1061 labia
672 1000 904 1076 florida,
935 1010 990 1063 et
1019 1003 1330 1062 verborum
1359 1001 1646 1063 suavitate
1681 999 1892 1080 plena;
1941 995 2128 1084 facies

483 1105 602 1149 non
632 1091 916 1170 rotunda,
951 1097 1007 1152 et
1035 1101 1224 1165 acuta,
1245 1089 1347 1150 sed
1373 1089 1685 1170 aliquando
1707 1086 1939 1166 longior
1964 1103 1979 1158 ;
2007 1103 2127 1144 ma-

480 1195 593 1237 nus
627 1177 828 1258 simul,
854 1185 914 1238 et
941 1178 1108 1255 digiti
1133 1178 1453 1257 longiores.
1489 1179 1631 1240 Erat
1655 1176 1915 1256 denique
1945 1172 2127 1234 fastus

481 1265 676 1326 omnis
695 1284 926 1346 expers,
950 1266 1222 1346 simplex,
1242 1265 1604 1346 minimeque
1618 1267 1839 1325 vultum
1862 1264 2132 1340 (ingens;

481 1353 631 1414 nihil
692 1354 962 1416 mollitiei
1006 1373 1209 1416 secum
1257 1356 1521 1430 trahens,
1585 1355 1687 1416 sed
1742 1351 2135 1415 humilitatem

483 1442 923 1522 praecellentem
956 1443 1199 1517 colens;
1235 1443 1624 1518 vestimentis,
1651 1462 1781 1524 qua;
1804 1441 2138 1522 ipsagesta-

480 1531 581 1604 vit,
607 1530 824 1592 coloris
855 1531 1034 1593 nativi
1060 1542 1342 1596 contenta
1367 1533 1474 1594 fuit
1501 1553 1514 1596 :
1537 1534 1594 1594 id
1623 1531 1781 1612 quod
1805 1529 2132 1591 etiamnum

484 1626 750 1680 sanctum
784 1619 994 1700 capitis
1025 1622 1156 1699 ejus
1185 1622 1453 1683 velamen
1484 1620 1764 1684 ostendit.
1787 1618 1878 1693 Et,
1912 1625 1975 1678 ut
1997 1634 2134 1696 pau-

479 1707 566 1768 cis
598 1707 819 1790 dicam,
853 1709 914 1770 in
944 1709 1127 1772 rebus
1157 1711 1285 1789 ejus
1313 1710 1592 1773 omnibus
1624 1709 1810 1771 multa
1851 1705 2184 1790 divinitus_
2215 1705 3702 1790 _,‘n"::“,‘,"f:n"c',"',‘,'n°;

2149 1787 2194 1846 B
2215 1758 2588 1840 interpolata.
2611 1760 2890 1841 Ejusdem
2906 1763 3215 1840 scriptoris
3243 1763 3327 1821 De
3357 1759 3491 1822 Vita
3503 1758 3552 1822 S
3560 1805 3573 1819 .
3591 1759 3866 1838 Deiparae

482 1795 676 1860 inerat
705 1797 912 1876 gratia.

487 1926 599 1987 Leo
625 1925 884 1989 Allatius
911 1932 977 1990 in
1007 1930 1331 2005 Συμμίκτοις
1379 1930 1532 1993 libro
1579 1947 1618 1992 ι.
1642 1946 1788 2010 pag.
1819 1926 1923 2006 48,
1961 1924 2130 2006 Opu-

711 2015 946 2079 sculum
967 2017 1176 2088 edidit.
1211 2020 1369 2101 quod
1398 2023 1485 2083 sic
1515 2019 1908 2082 inscribitur:

564 2119 871 2204 Ἐπιφπινίου
923 2134 1165 2206 μονοιχοῦ
1212 2135 1304 2183 τοῦ
1341 2119 1706 2206 Ἄγιοπολίτου
1752 2132 1844 2181 τοῦ
1885 2142 2127 2196 πνευμα-

484 2217 629 2267 νικοῦ
681 2213 835 2286 ἡμῶν
889 2217 1091 2293 Πατρὸς
1154 2214 1420 2293 διήγησις,
1496 2219 1566 2280 εἷς
1639 2217 1796 2271 τύπον
1855 2232 2126 2291 περιηγη-

485 2306 600 2379 τοῦ³
659 2303 776 2379 περὶ
822 2311 917 2368 τῆς
974 2305 1182 2384 Συρίας³
1243 2307 1331 2361 καὶ
1385 2309 1483 2372 τῆς
1541 2306 1690 2382 ἁγίας
1749 2302 1979 2380 πόλεως,
2039 2298 2128 2354 καὶ

480 2393 584 2444 τῶν
616 2387 668 2444 ἐν
699 2392 831 2466 αὖτῃ
862 2392 1024 2469 ἁγίων
1053 2395 1228 2450 τόπων
1259 2409 1273 2455 ζ
1307 2393 1650 2472 Epiphanii
1684 2389 1961 2454 monachi
1991 2387 2125 2450 Ha-

477 2475 806 2560 giopolitoc,
837 2480 1183 2560 spiritualis
1236 2483 1440 2545 Patris
1486 2481 1708 2556 nostri,
1752 2481 1831 2542 ad
1877 2479 2127 2541 modum

479 2563 900 2646 descriptionis
925 2570 1080 2632 situs
1111 2570 1316 2642 Orbis,
1347 2572 1681 2633 Enarratio
1703 2569 1920 2648 Syrias,
1953 2567 2130 2630 Urbis

481 2659 724 2716 sanctas.
759 2662 816 2718 et
835 2674 1147 2720 sacrorum
1176 2660 1262 2721 ibi
1294 2662 1581 2723 locorum.

483 2755 652 2819 Idem
681 2760 952 2824 Allatius
981 2765 1045 2825 in
1078 2763 1365 2827 Diatriba
1393 2765 1463 2826 de
1500 2763 1856 2827 Simeonum
1886 2761 2132 2840 scriptis

1164 2853 1445 2932 pag.90.

567 2942 886 3025 Epiphanii
917 2948 1192 3008 monachi
1235 2956 1294 3010 et
1335 2948 1663 3030 presbyteri
1717 2946 1978 3027 (Sermo)
2011 2947 2132 3026 Περὶ

2210 566 2268 619 et
2296 566 2691 636 avantageuse
2722 558 2770 618 si
2804 559 2918 619 elle
2951 557 3128 620 estoit
3158 558 3355 618 mieux
3391 555 3713 618 autorisée.
3748 553 3863 617 Car

2209 645 2247 705 il
2279 666 2310 726 y
2339 665 2373 707 a
2404 645 2540 707 bien
2575 647 2647 708 de
2681 647 3058 727 l'apparence
3091 649 3268 728 qu'on
3301 646 3376 708 l’a
3409 644 3692 725 dépeinte
3718 643 3857 704 telle

2211 735 2386 814 qu’on
2418 753 2450 795 a
2475 736 2616 814 jugé
2647 736 2865 816 qu’elle
2895 735 3097 798 devoit
3128 743 3306 797 estre.
3334 734 3488 796 Pour
3511 752 3579 793 ce
3611 732 3755 812 qu’il
3777 731 3864 792 dit

2211 824 2285 883 de
2315 842 2421 884 son
2452 823 2676 902 visage,
2729 823 2770 884 il
2818 825 2894 885 l’a
2945 843 3022 904 pu
3070 824 3217 886 tirer
3271 824 3351 884 du
3401 821 3651 903 porlrait
3680 822 3865 901 qu'un

2211 911 2499 973 historien
2531 913 2611 973 du
2641 929 2699 973 v1
2730 913 2912 974 siécle
2941 913 3026 975 dit
3069 931 3183 994 que
3233 912 3385 973 saint
3416 913 3539 974 Luc
3583 929 3658 971 en
3708 908 3865 970 avoit

2210 999 2334 1076 fait,
2369 1008 2428 1065 et
2455 1001 2632 1082 qu’on
2675 1020 2897 1081 envoya
2943 1002 3017 1064 de
3066 1002 3393 1065 Jerusalem
3445 1002 3480 1061 ὰ
3507 999 3860 1080 Pulquerie.

2214 1192 2480 1254 Joannes
2501 1191 2788 1255 Albertus
2805 1193 3118 1254 Fabricius
3139 1193 3205 1254 in
3229 1189 3600 1254 Bibliotheca
3624 1191 3862 1266 Graeca,

2757 1279 2874 1344 vol.
2909 1282 2969 1358 6,
3002 1299 3144 1363 pag.
3180 1281 3320 1344 705.

2300 1403 2620 1485 Epiphanii
2650 1405 2925 1466 monachi
2957 1423 3024 1466 ac
3073 1401 3403 1485 presbyteri
3450 1401 3859 1483 Hagiopolitae,

2217 1490 2340 1553 sive
2387 1493 2925 1574 Hierosolymitani,
2979 1494 3224 1555 incertae
3273 1491 3482 1569 :etatis,
3534 1491 3746 1572 Syria,
3803 1498 3863 1553 et

2225 1580 2376 1643 Urbs
2403 1591 2640 1657 sancta,
2693 1585 2895 1646 erce
2928 1601 2961 1644 e
2990 1583 3196 1647 codice
3226 1582 3531 1656 Vaticano,
3568 1599 3703 1642 cum
3735 1581 3858 1643 Fe-

2216 1667 2405 1730 derici
2435 1671 2662 1733 Morelli
2693 1673 2962 1734 versione
3015 1690 3123 1752 per
3175 1671 3449 1733 Allatium
3483 1669 3684 1730 multis
3714 1669 3864 1732 locis

2214 1847 2416 1911 laudat
2436 1850 2680 1910 Allatius
2702 1850 2775 1910 de
2799 1849 3146 1911 Simeonum
3181 1847 3418 1929 scriptis
3447 1867 3502 1927 p.
3549 1847 3679 1915 106,
3708 1854 3766 1907 et
3787 1847 3860 1907 ad

2213 1935 2926 2000 EustatbiiHexaemeron
2952 1958 3086 2018 pag.
3116 1939 3234 2001 285
3260 1957 3387 2018 sep.
3412 1936 3754 2000 Homiliam
3786 1939 3863 2000 de

2215 2024 2278 2088 S.
2311 2027 2560 2089 Andrea
2583 2027 2868 2107 apostolo,
2887 2027 3045 2090 idem
3071 2027 3146 2090 de
3167 2025 3570 2102 Simeonibus,
3600 2045 3730 2107 pag.
3753 2028 3858 2090 90.

2215 2203 2640 2285 Codicem,quo
2660 2207 3201 2286 usussum,quique
3222 2205 3331 2268 hoc
3354 2204 3688 2286 Epiphanii
3704 2221 3862 2284 opu-

2289 2293 2524 2356 sculum
2548 2294 2721 2358 habe.
2757 2313 2899 2376 pag.
2933 2296 3075 2376 237,
3106 2296 3194 2358 sic
3215 2294 3509 2374 descripsi
3538 2300 3768 2375 egomet
3794 2299 3863 2355 in

2289 2383 2570 2463 Epistola
2591 2385 2670 2448 ad
2687 2385 3010 2464 {Egidium
3030 2389 3288 2465 fratrem
3315 2402 3532 2457 meum,
3569 2383 3862 2445 Bononiae

2294 2475 2588 2553 impressa
2617 2493 2780 2537 anno
2805 2477 2986 2549 17⁸70,
3012 2493 3148 2538 cum
3169 2475 3464 2538 ineditum
3483 2475 3546 2538 S.
3579 2473 3864 2549 Gregorii

2300 2565 2748 2647 Thaumaturgi
2781 2565 3135 2629 Sermonem
3166 2571 3231 2626 in
3281 2565 3472 2627 lucem
3497 2566 3858 2644 proferrem.

2293 2683 2511 2745 Horum
2561 2704 2697 2764 ergo
2748 2686 3019 2748 codicum
3074 2687 3403 2765 (Naniana:
3445 2682 3854 2758 Bibliotheca)

2215 2792 2420 2853 unum,
2456 2775 2555 2854 qui
2588 2794 2743 2836 nunc
2773 2775 2850 2838 2'2
2883 2783 2993 2851 est,
3028 2776 3168 2847 dum
3211 2773 3563 2845 evolverem,
3599 2773 3660 2833 in
3693 2771 3856 2833 illam

2212 2861 2394 2922 incidi
2424 2863 2935 2943 scriptiunculam,
2963 2864 3037 2925 de
3060 2883 3172 2944 qua
3191 2862 3466 2943 superius
3487 2879 3858 2922 commemo-

2213 2951 2436 3011 rabam.
2464 2953 2882 3014 Membraneus
2911 2954 2962 3014 is
2987 2963 3098 3028 est,
3127 2974 3195 3014 ea
3219 2952 3702 3014 membranarum
3729 2969 3850 3011 ma-

482 3040 574 3090 τοῦ
629 3035 742 3110 βίου
795 3038 881 3092 καὶ
935 3036 1193 3116 πράξεων,
1253 3042 1339 3095 καὶ
1399 3038 1579 3102 τέλους
1649 3047 1740 3095 τοῦ
1795 3039 1944 3117 ἁγίου
2001 3038 2127 3095 ἀπο-

2225 3040 2522 3119 gnitudine
2543 3051 2606 3102 ut
2627 3060 2993 3123 unaquaeque
3011 3062 3078 3104 ex
3102 3043 3375 3105 ducentis
3395 3041 3713 3119 nonaginta
3743 3039 3856 3102 tri-

416 3136 426 3144 ·
482 3120 672 3179 στόλου
703 3121 966 3212 ἶΑνδρέου.
1001 3126 1102 3196 (De
1128 3128 1253 3188 vita
1299 3135 1355 3188 et
1402 3128 1610 3204 gestis,
1642 3135 1696 3189 et
1738 3125 1902 3188 obitu
1931 3131 2185 3212 sancti"
2213 3129 2322 3190 bus
2351 3129 2594 3206 chartis,
2628 3120 2844 3212 quib—us
2889 3120 3132 3193 omnino
3181 3140 3431 3204 constat,
3484 3149 3616 3192 cum
3653 3136 3863 3210 quarta

485 3211 749 3290 apostoli
777 3197 1088 3294 Andreae.)
1122 3213 1334 3294 Incipit
1367 3197 1752 3295 :v’EmtSv/ﬁtsp
1781 3214 1970 3271 πολλοὶ
2000 3216 2126 3271 ἀνε-
2147 3197 2186 3257 C
2213 3219 2528 3280 mediocris
2559 3197 2682 3284 folii
2735 3230 2900 3301 parte
2957 3222 3233 3283 nostratis
3283 3197 3500 3282 chartae
3544 3238 3612 3279 ex
3655 3197 3859 3298 lineis,

482 3301 752 3380 γράψαντο
781 3301 921 3378 βίους
955 3303 1277 3383 (Quoniam
1307 3303 1484 3367 multi
1511 3306 1882 3386 scripserunt
1921 3305 2123 3382 vitas).

1084 3393 1166 3454 Ει
1189 3412 1334 3476 pag.
1371 3393 1506 3455 106.

561 3485 876 3568 Epiphanii
906 3491 1182 3552 monachi
1232 3499 1290 3553 et
1337 3491 1666 3572 presbyteri
1715 3489 1969 3572 (Sermo)
2005 3492 2126 3571 Περὶ

482 3585 576 3634 τοῦ
631 3579 744 3654 βίου
799 3589 895 3652 τῆς
953 3581 1105 3658 ἁγίας
1154 3585 1436 3654 Θεοτόκου,
1483 3585 1567 3636 καὶ
1623 3587 1719 3648 τῆς
1768 3588 1910 3652 ζωῆς
1962 3586 2126 3648 αὐτῆς

481 3667 713 3745 χρόνων.
794 3666 1064 3748 Incipit:
1125 3673 1246 3749 Περὶ
1322 3677 1420 3738 τῆς
1481 3672 1668 3748 κυρίως
1753 3673 1838 3726 καὶ
1914 3669 2124 3737 ἀληθῶς

482 3755 740 3812 Θεοτόκου
797 3760 883 3814 καὶ
963 3759 1299 3837 ἀειπκρθὲνου
1371 3761 1567 3838 Μαρίας
1619 3757 1804 3814 πολλοὶ
1860 3757 2122 3826 διεξῆλθον

479 3849 587 3898 τῶν
642 3843 806 3899 πάλαι
863 3843 1208 3908 διδασκάλων.
1289 3845 1459 3908 Unde
1515 3865 1621 3906 sua
1678 3847 1940 3907 hauserit
1998 3847 2124 3927 ipse

480 3929 544 3990 in
606 3931 896 4011 principio
943 3931 1240 3995 Orationis
1297 3935 1383 3995 sic
1441 3943 1677 3996 narrat:
1733 3933 2124 4014 Ἐγκωμιασταιὶ

479 4016 535 4073 δὲ
565 4022 729 4086 αὒτῆς
759 4019 945 4078 πολλοὶ
977 4023 1036 4078 ἐκ
1064 4025 1223 4101 ἁγίων
1253 4024 1624 4103 πατέρων.....

2209 3309 2542 3390 vilibusque
2566 3312 2780 3372 scrulis
2798 3311 3083 3373 confectae
3105 3320 3462 3392 exsequetur.
3492 3309 3710 3370 Harum
3740 3306 3865 3384 ple-

2209 3416 2428 3480 neque,
2480 3397 2600 3458 imo
2648 3399 2836 3460 ferme
2885 3420 3168 3462 omnes...
3224 3397 3562 3481 quingentis
3616 3395 3865 3457 circiter

2209 3495 2345 3546 ante
2375 3487 2546 3547 annis
2577 3497 2827 3550 exarata;
2876 3497 3036 3561 sunt,
3089 3488 3194 3550 sed
3243 3489 3316 3548 ab
3346 3487 3682 3564 excriptore
3711 3483 3862 3544 adeo

2212 3575 2372 3656 rudi,
2409 3585 2469 3636 ut
2495 3576 2638 3637 nihil
2657 3577 2975 3639 admodum
3006 3577 3145 3658 quid
3177 3577 3474 3639 scriberet
3498 3571 3866 3634 intellexisse

2211 3665 2519 3729 videatur..
2535 3711 2575 3729 ..
2608 3669 2790 3728 Totus
2811 3675 3009 3728 autem
3034 3667 3218 3729 codex
3235 3687 3265 3728 e
3290 3665 3480 3738 libris,
3509 3683 3656 3744 quos
3678 3665 3870 3724 cccle-

2204 3758 2482 3818 siastiios
2510 3775 2810 3830 vocamus,
2849 3777 3004 3818 unus
3035 3765 3160 3818 est:
3207 3776 3384 3838 quem
3411 3753 3600 3816 Latini
3621 3751 3863 3834 quidem

2207 3845 2547 3908 sacerdotes
2563 3845 3002 3907 Homiliarium
3017 3845 3286 3908 dicerent
3299 3895 3314 3923 ,
3333 3843 3520 3909 Graeci
3537 3859 3675 3903 vero
3692 3847 3867 3908 Πανη-

2208 3939 2415 4014 γυρικὸν
2450 3936 2771 4016 appellant.
2804 3934 2966 3999 Nihil
3005 3955 3259 4017 namque
3291 3935 3450 3996 aliud
3483 3952 3557 3995 eo
3590 3930 3863 3992 contine-

2211 4035 2326 4100 tur,
2359 4027 2470 4087 nisi
2521 4036 2749 4108 septem
2802 4035 2859 4088 et
2907 4028 3294 4108 quadraginta
3344 4027 3465 4088 sive
3517 4023 3862 4095 Orationes,

488 4113 1113 4182 TiltemontiustomJ
1139 4121 1663 4184 Monumentorum
1690 4123 1771 4182 ad
1793 4120 2128 4184 Historiam
2210 4117 2330 4180 sive
2375 4119 2733 4183 Homilire...
2782 4138 3032 4199 quarum
3083 4121 3384 4181 nonnulla:
3432 4116 3676 4198 quidem
3726 4121 3870 4174 sunt

554 4207 1027 4296 ecclesiasticam
1070 4214 1489 4290 spectantium,
1542 4229 1683 4292 pag.
1730 4211 1831 4287 70,
1885 4212 1948 4273 in
1994 4212 2122 4274 Vita

2225 4215 2575 4296 ὶνεπίγραφοι,
2600 4226 2832 4274 caeterze
2855 4221 3050 4275 autem
3083 4213 3372 4292 Gregorio
3402 4210 3862 4275 Nazianzeno...

556 4291 631 4392 ἓξ
663 4291 880 4357 Μανία
919 4295 1206 4376 Virginis.
1629 4291 1635 4292 ί
2205 4291 2883 4391 Ερίριιειιιῖοίῐηοηδοιιο
2931 4330 3000 4373 ac
3047 4311 3421 4392 bresbylero,
3473 4316 3532 4370 et
3562 4307 3867 4370 Germano

557 4387 898 4474 Nicéphore
917 4394 1506 4480 tired’unEpiphane
1531 4419 1646 4464 une
1667 4400 2031 4482 description
2047 4402 2122 4466 de
2203 4387 2485 4482 episcopo
2515 4400 3170 4482 Constantinopolitano
3201 4387 3641 4463 inscribuntur.
