4154 6418
492 306 598 374 191

483 527 880 596 οοιιαιιειιιιὶειί
910 537 1212 593 suntcum
1246 548 1317 595 ea
1358 528 1682 612 propinqui
1724 548 1935 592 omnes
1958 537 2138 611 atque

485 634 660 679 amlCl
675 666 688 680 .

566 704 638 768 V.
672 707 818 771 Cum
852 714 973 770 tres
995 709 1122 789 jam
1170 725 1358 770 annos
1408 715 1543 770 nata
1589 714 1748 770 esset
1779 704 1978 787 puella
2010 708 2137 769 Ma-

486 793 597 870 ria,
633 794 932 858 duxerunt
960 815 1090 859 eam
1121 796 1313 878 ipsius
1341 803 1644 877 {parentes
1681 796 1743 857 in
1774 793 2133 868 Jerusalem,

487 890 545 943 et
574 892 1003 963 praesentarum
1040 905 1170 948 eam
1208 885 1459 949 Domino
1489 904 1625 947 cum
1660 882 2030 945 muneribus.
2068 885 2141 944 Et

486 970 722 1051 excepit
738 972 922 1047 illam,
939 973 1248 1055 ipsiusque
1264 992 1508 1035 munera
1524 972 1805 1035 sacerdos
1816 974 1847 1032 J
1853 970 1982 1033 odae
2010 970 2137 1052 (26)

486 1059 590 1140 qui
645 1061 957 1124 Barachias
1029 1081 1263 1144 quoque
1310 1061 1531 1125 dicitur
1587 1061 1887 1124 Zachariae
1945 1068 2135 1141 pater.

487 1148 566 1212 Et
592 1168 801 1212 omnes
831 1151 1171 1215 sacerdotes
1200 1150 1384 1232 gavisi
1441 1160 1599 1225 sunt,
1656 1158 1715 1212 et
1762 1159 2003 1211 orantes
2029 1148 2137 1212 be-

488 1241 1111 1324 nedixeruntJoacim,
1139 1253 1197 1306 et
1227 1247 1485 1320 Annam,
1521 1252 1579 1307 et
1605 1243 1839 1325 puelam
1862 1241 2135 1306 Mariam.

487 1327 564 1391 Hi
593 1349 731 1393 vero
765 1331 1044 1396 abierunt
1072 1333 1133 1394 in
1163 1332 1474 1397 Nazaretb.
1530 1336 1798 1415 Cumque
1829 1332 2137 1413 septennis

487 1418 639 1482 facta
668 1429 759 1482 est
790 1421 989 1500 Maria,
1027 1441 1236 1485 rursus
1282 1431 1558 1505 parentes
1590 1440 1720 1484 eam
1748 1420 2046 1483 duxerunt
2072 1420 2135 1483 in

485 1506 838 1592 Jerusalem,
874 1519 932 1574 et
962 1511 1331 1575 donaverunt
1355 1530 1485 1575 eam
1516 1512 1793 1587 Domino,
1821 1528 2136 1574 consecra-

488 1603 607 1658 tam
638 1598 753 1679 ipsi
785 1618 894 1681 per
923 1618 1133 1662 omnes
1177 1601 1308 1664 dies
1356 1602 1488 1663 vitae
1535 1619 1680 1663 suas.
1723 1603 1993 1681 Cumque
2023 1601 2136 1665 hoc

486 1684 794 1765 fecissent,
830 1688 1007 1770 paulo
1040 1698 1172 1771 post
1212 1689 1442 1753 Joacim
1491 1699 1661 1772 pater
1709 1691 1840 1770 ejus
1872 1697 2137 1751 mortuus

1778 309 2179 376 ΕΡΙΡΗΑΝΙΙ
2221 312 2595 377 MONACHI.

485 454 706 501 nomen
735 436 900 501 illius
930 437 1174 503 Mariam
1207 439 1356 523 (25),
1417 439 1641 503 sororis
1682 457 1805 503 suae
1832 455 2031 504 causa.
2065 438 2125 502 El

2221 445 2308 502 καὶ
2382 444 2559 504 ἔτεκεν
2613 444 2818 504 παιδίον
2870 444 3005 515 θῆλυ
3062 460 3076 476 ⁰

3777 300 3899 371 192

3147 445 3237 503 καὶ
3296 442 3547 503 ἐκάλεσεν
3602 445 3667 502 τὸ
3721 440 3894 520 ὄνομα

2219 535 2384 603 αὒτῆς
2430 536 2668 616 Μαριὸμ,
2729 534 2814 593 διὰ
2866 536 2965 606 τὴν
3014 533 3251 617 ἀδελφὴν
3304 537 3470 602 ασότῆς
3523 553 3537 567 ⁸
3575 534 3680 616 ,καὶ
3728 531 3885 591 συνέ-

2221 644 2408 706 χαιρον
2444 626 2576 702 αὒτῇ
2601 626 2792 689 πάντες
2822 628 2869 681 οἱ
2896 637 3176 704 συγγενεῖς
3203 624 3293 682 καὶ
3324 623 3464 706 φίλοι
3493 624 3679 691 οὒτῆς,

2304 702 2387 775 A'.
2460 713 2760 789 Γενομένης
2815 718 2914 781 τῆς
2963 702 3153 777 παιδὸς
3212 702 3414 793 Μαρίας
3470 719 3730 793 τριετοῦς,
3783 711 3886 769 ἂν-

2219 802 2423 880 ήγαγον
2481 803 2645 871 αὗτὴν
2705 803 2753 859 οἶ
2808 814 2989 881 γονεῖς
3038 804 3205 869 αὐτῆς
3256 805 3328 866 εἱς
3365 792 3733 882 Ἰερουσαλὴμ,
3792 801 3884 857 καὶ

2221 890 2561 968 παρέστησαν
2620 892 2784 959 αὒτὴν
2858 898 2935 966 τῷ
3016 891 3188 971 Κυρίῳ
3265 890 3403 967 μετὰ
3477 888 3658 969 δώρων
3704 905 3734 971 ⁸⁸
3800 890 3893 946 καὶ

2224 979 2432 1047 ἐδέξατο
2488 980 2652 1049 αὐτὴν
2718 982 2806 1038 καὶ
2858 980 2925 1038 τὰ
2982 968 3124 1059 δῶρα
3182 981 3348 1048 αὒτῆς
3404 982 3433 1036 6
3484 968 3649 1059 ἱερεὺς
3702 968 3882 1058 Ὀδαὶ,

2221 1073 2250 1127 6
2305 1071 2392 1127 καὶ
2444 1070 2739 1150 Βαραχίας,
2800 1071 2829 1126 6
2882 1069 3061 1150 πατὴρ
3119 1069 3410 1149 Ζαχαρίου.
3464 1068 3567 1127 Καὶ
3613 1067 3782 1125 πάντε
3836 1068 3886 1123 οῑ

2218 1162 2379 1239 ἱερεῖς
2435 1158 2570 1227 ἦσαν
2639 1158 2944 1239 χαίροντες,
3015 1158 3105 1215 καὶ
3173 1154 3518 1233 ἐπευξάμενοι
3574 1153 3890 1233 ηὗλόγησαν

2219 1250 2308 1305 τὸν
2339 1245 2584 1324 Ἰωακεὶμ
2611 1250 2698 1305 καὶ
2728 1248 2825 1316 τὴν
2880 1255 3075 1322 Ανναν,
3124 1247 3213 1304 καὶ
3268 1248 3369 1314 τὴν
3415 1242 3586 1303 παῖδα
3632 1244 3840 1323 Μαρίαν
3872 1262 3886 1277 ·

2218 1338 2306 1395 καὶ
2372 1335 2605 1405 ὒπῆλθον
2655 1337 2728 1401 εἷς
2776 1335 3011 1417 Ναζαρέτ
3085 1354 3102 1372 ⁶
3178 1335 3268 1392 καὶ
3317 1342 3397 1411 τῷ
3445 1331 3656 1410 ἑϐδόμῳ
3713 1334 3883 1417 αὐτῆς

2218 1422 2322 1481 ἔτει
2366 1425 2524 1482 πάλιν
2583 1424 2853 1504 ἀνήγαγον
2909 1412 3074 1493 αὐτὴν
3120 1426 3169 1483 οἱ
3216 1437 3398 1503 γονεῖς
3448 1426 3613 1490 αὐτῆς
3669 1423 3743 1485 εἰς
3793 1412 3890 1479 Ἰε-

2218 1512 2496 1594 ρουσαλήμ
2556 1532 2572 1548 ·
2631 1515 2720 1570 καὶ
2771 1512 3090 1593 ἐχαρίσαντο
3145 1512 3310 1579 αὒτὴν
3359 1518 3438 1587 τῷ
3497 1512 3671 1591 Κυρίὼ
3726 1508 3886 1591 ἀφιέ-

2219 1624 2372 1682 ρωμα
2427 1601 2601 1666 πάσας
2657 1602 2750 1664 τὰς
2817 1602 3019 1681 ἡμέρας
3088 1606 3189 1669 τῆς
3257 1605 3403 1672 ζωῆς
3472 1601 3639 1667 αὒτῆς
3714 1619 3728 1632 ·
3792 1599 3884 1657 καὶ

2217 1698 2373 1748 τοῦτο
2428 1691 2770 1770 ποιήσαντες,
2830 1687 2946 1766 μετ’
3009 1689 3186 1768 ὀλίγον
3236 1686 3482 1766 Ἰωακεὶμ
3539 1686 3883 1770 ἐτελειξτησεν

489 1782 581 1839 εει
637 1767 847 1839 ειιηοε
888 1767 1085 1851 natus,
1158 1788 1223 1841 ut
1293 1767 1515 1855 ferunt,
1577 1767 1893 1859 octoginta.
1951 1779 2125 1840 Maria

2219 1781 2249 1835 6
2304 1779 2481 1859 πατὴρ
2536 1782 2723 1854 αὐτῆς,
2756 1767 2851 1843 ’ὥς
2904 1801 3061 1860 φασιν
3111 1767 3243 1837 ἐτῶν
3291 1776 3648 1856 ὁγδοήκοντα.
3706 1767 3771 1833 ’Π
3826 1772 3884 1833 δὲ

489 1881 631 1925 vero
686 1883 720 1927 e
779 1867 1001 1947 templo
1053 1886 1175 1929 non
1231 1868 1551 1932 recedebat
1592 1887 1703 1930 nec
1762 1876 1963 1942 noctu,
2024 1886 2139 1930 nec

491 1950 776 2017 interdiu.
828 1954 903 2017 At
949 1955 1142 2033 Anna,
1195 1957 1500 2039 reliquens
1544 1956 1854 2037 Nazareth,
1887 1955 2047 2018 venit
2075 1955 2137 2018 in

491 2041 845 2118 Jerusalem,
881 2051 939 2106 et
986 2043 1332 2109 convivebat
1373 2064 1511 2109 cum
1552 2045 1675 2108 ﬁlia
1703 2045 1925 2109 Maria:
1962 2062 2133 2107 cum-

487 2147 605 2209 que
634 2130 1065 2211 supervixisset
1112 2152 1300 2195 annos
1344 2133 1515 2213 duos,
1571 2142 1805 2198 mortua
1834 2140 1924 2197 est
1950 2150 2138 2196 annos

485 2225 625 2281 nata
655 2220 1035 2301 septuaginta
1063 2222 1231 2285 duos.

565 2307 640 2371 V.
673 2309 859 2373 Maria
910 2319 1109 2375 autem
1166 2311 1511 2393 parentibus
1568 2310 1793 2386 orbata,
1855 2309 1957 2392 qui
2005 2309 2137 2389 ejus

484 2413 686 2459 curam
721 2397 1037 2481 baberent,
1069 2419 1103 2462 e
1124 2400 1347 2483 templo
1379 2399 1616 2462 Domini
1636 2419 1756 2461 non
1778 2398 1974 2461 exibat
2000 2417 2014 2458 :
2039 2416 2132 2473 ac,

483 2483 534 2545 si
561 2503 677 2566 qua
704 2503 771 2547 re
801 2485 1118 2567 indigeret,
1161 2488 1234 2551 ad
1291 2488 1594 2552 Elisabeth
1624 2496 1858 2551 tantum
1888 2504 1953 2549 se
1982 2505 2131 2548 con-

481 2574 744 2639 ferebat:
776 2595 960 2659 prope
1004 2577 1165 2640 enim
1219 2576 1545 2640 habitabat.
1588 2576 1809 2639 Didicit
1848 2592 1992 2640 vero
2022 2574 2137 2637 He-

484 2662 721 2727 braicas
759 2664 986 2729 litteras
1034 2666 1302 2729 Joacimo
1352 2673 1516 2748 patre
1565 2685 1671 2728 suo
1721 2666 1917 2728 adhuc
1964 2664 2128 2727 vivo:

492 2762 739 2835 eratque
771 2753 1010 2835 ingenio
1062 2757 1331 2837 praedito,
1382 2775 1451 2820 ac
1500 2755 1773 2818 discendi
1804 2754 2043 2836 cupida,
2076 2761 2136 2816 et

471 2843 763 2923 quamvis
807 2845 1096 2925 orphana,
1159 2863 1400 2925 operam
1457 2863 1527 2907 ac
1575 2844 1840 2908 studium
1890 2845 1948 2905 in
1987 2843 2133 2904 divi-

493 2949 598 2992 nas
641 2929 974 3012 Scripturas
1019 2932 1399 2996 conferebat:
1450 2942 1508 2995 et
1555 2933 1617 2994 in
1661 2934 1900 3014 opiﬁcio
1957 2933 2129 3009 lanas,

491 3027 552 3081 et
581 3019 712 3095 lini,
749 3028 809 3082 et
836 3021 1035 3099 serici,
1070 3030 1128 3084 et
1158 3021 1317 3102 byssi
1370 3022 1446 3084 ob
1477 3041 1640 3083 suam
1673 3022 2004 3099 scientiam,
2040 3032 2131 3083 at-

483 3127 604 3190 que
637 3080 1094 3190 intelligentiam
1121 3080 1490 3174 admirabilis
1513 3121 1638 3174 erat
1662 3112 1791 3192 plus
1808 3080 2125 3194 quam'ulia

2224 3080 2603 3191 sanast...

2222 1870 2392 1948 Μαρία
2422 1867 2515 1957 ἐκ,
2530 1877 2622 1927 τοῦ
2666 1877 2790 1929 ναοῦ
2830 1872 2924 1927 οὒκ
2963 1869 3217 1949 ἀφίςτατο
3265 1869 3426 1926 νύκτα
3471 1867 3561 1925 καὶ
3610 1865 3817 1945 ἡμέραν
3863 1880 3879 1896 ⁸

2218 1958 2305 2014 καὶ
2387 1958 2421 2024 ἡ
2492 1954 2649 2014 Ἀννα
2702 1956 3067 2017 καταλιποῦσα
3121 1958 3221 2026 τὴν
3265 1956 3525 2037 Νὰζαρὲτ,
3584 1954 3743 2025 ἦλθεν
3803 1956 3882 2019 εἷς

2221 2037 2593 2127 Ἰορουσαλὴμ,
2674 2048 2762 2103 καὶ
2836 2052 2997 2115 συνῆν
3073 2054 3143 2124 τῇ
3214 2048 3428 2126 θυγατρὶ
3508 2046 3702 2123 Μαρίᾳ.
3780 2045 3885 2105 Καὶ

2218 2134 2515 2207 ἐπιζήσασα
2557 2134 2651 2203 ἔτη
2699 2133 2808 2209 δύο,
2867 2136 3147 2217 ἀπέθανεν,
3202 2135 3464 2216 γενοπένη
3524 2135 3659 2193 ἐτῶν
3718 2131 3877 2191 ἑϐδο-

2219 2226 2462 2300 μήκοντα
2486 2223 2600 2284 δύο.
2752 2276 2763 2283 ,

2301 2303 2385 2374 Ε’.
2445 2305 2509 2371 Ἣ
2562 2312 2624 2369 δὲ
2701 2316 2872 2394 Μαρία
2946 2314 3202 2372 πάντοθεν
3257 2314 3714 2395 ἀπορφανευθετσα
3772 2311 3873 2392 γέ-

2218 2424 2370 2480 γονεν
2440 2403 2796 2485 ἀπρονόητος,
2882 2404 2961 2481 μὴ
3044 2401 3372 2483 ἐξερχομένη
3452 2402 3513 2459 ὲκ
3580 2411 3676 2462 τοῦ
3747 2409 3876 2460 ναοῦ

2218 2493 2402 2571 Κυρίου
2451 2507 2465 2522 ⁸
2516 2494 2604 2549 καὶ
2660 2492 2715 2548 εἴ
2773 2515 2915 2557 τινος
2966 2492 3020 2549 έν
3076 2493 3231 2572 χρείᾳ
3287 2491 3519 2572 ἐγένετο,
3576 2492 3711 2570 πρὸς
3775 2490 3875 2557 τὴν

2211 2577 2498 2674 ⁸ξΕλισάϐετ
2529 2580 2732 2674 --ἆπῇει
2798 2584 2897 2674 ’καὶ
2976 2582 3137 2658 μόνον
3317 2580 3477 2660 ἐγγὺς
3511 2581 3649 2674 -γὰρ
3719 2578 3872 2655 ᾤκει.

2238 2674 2440 2747 Εμαθεν
2523 2668 2577 2728 δὲ
2653 2671 2720 2727 τὰ
2798 2662 3054 2751 Ἑϐραϊκὰ
3136 2670 3426 2749 γράμματα
3511 2667 3587 2725 ἔτι
3672 2674 3873 2742 ζῶντος

2219 2755 2465 2835 Ἰωακεὶμ
2521 2768 2614 2819 τοῦ
2668 2761 2866 2840 πατρὸς
2925 2760 3089 2826 αὐτῆς
3153 2775 3167 2789 ·
3225 2759 3315 2815 καὶ
3370 2756 3437 2827 ἦν
3492 2758 3727 2834 εὖμαθὴς
3785 2757 3874 2813 καὶ

2215 2846 2541 2927 φιλομαθὴς,
2592 2850 2781 2929 καίπερ
2839 2852 3163 2929 μονωθεῖσα,
3223 2857 3459 2907 πονοῦσα
3514 2848 3603 2905 καὶ
3655 2844 3869 2927 σχολά-

2215 2944 2373 3008 ζουσα
2430 2939 2548 3018 περὶ
2603 2938 2695 3002 τὰς
2752 2938 2891 3002 θείας
2950 2938 3158 3017 Γραφάς
3212 2953 3227 2969 ’
3290 2942 3359 3013 τῇ
3405 2957 3462 2994 τε
3513 2936 3729 3015 ἐργασίᾳ
3773 2942 3865 2993 τοῦ

2218 3025 2355 3105 ἐρίου
2407 3028 2495 3083 καὶ
2551 3036 2645 3087 τοῦ
2698 3024 2862 3098 λινοῦ,
2921 3028 3009 3083 καὶ
3064 3031 3163 3094 τῆς
3216 3023 3448 3101 μετάξης
3512 3026 3601 3081 καὶ
3678 3025 3867 3100 βυσσου

2676 3131 2691 3146 ⁶
2758 3114 2843 3171 ἐπὶ
2912 3120 2980 3192 τῇ
3057 3114 3215 3194 σοφίᾳ
3281 3115 3369 3170 καὶ
3439 3113 3664 3188 συνέσει,

493 3216 705 3261 omnes
762 3200 1030 3279 ejusdem
1083 3201 1268 3263 aetatis
1313 3201 1812 3265 adolescentulae:
1871 3201 2021 3263 adeo
2077 3216 2125 3262 ut

2224 3203 2395 3266 πάσας
2447 3204 2541 3268 τὰς
2595 3203 2648 3261 ἐν
2701 3208 2768 3279 τῇ
2832 3209 2988 3279 γενεᾷ
3060 3202 3234 3279 ἐκείνῃ
3290 3199 3551 3280 νεάνιδας,
3611 3203 3685 3264 ὡς
3735 3200 3869 3279 πρὸς

488 3286 563 3349 de
614 3288 744 3369 ipsa
789 3288 951 3350 illius
1000 3308 1249 3371 proavus
1301 3288 1583 3352 Salomon
1637 3289 1855 3352 dixerit
1905 3290 2125 3370 (revera

2218 3291 2382 3358 αὐτὴν
2451 3290 2625 3370 λέγειν
2668 3293 2782 3349 ιτὸν
2854 3292 3159 3371 προπάτορα
3240 3294 3402 3358 αὐτῆς
3477 3288 3803 3365 Σολομῶντα
3850 3306 3867 3322 ⁸

485 3375 645 3438 enim
670 3376 745 3437 de
774 3376 902 3458 ipsa
930 3378 1302 3460 loquebatur)
1331 3400 1345 3442 :
1392 3379 1710 3442 Mulierem
1747 3379 1963 3459 fortem
1994 3382 2134 3460 quis

483 3466 758 3529 inueniet
786 3467 813 3509 ε
843 3466 868 3528 ?
899 3476 956 3528 et
983 3487 1116 3549 qua;
1145 3474 1477 3549 sequuntur
1506 3468 1729 3531 omnia.

563 3553 663 3617 VI.
696 3554 835 3617 Erat
863 3564 1058 3619 autem
1091 3557 1153 3617 in
1200 3558 1428 3636 templo
1474 3557 1707 3619 Domini
1741 3557 1908 3619 locus
1933 3575 2131 3637 segre-

484 3650 653 3721 gatus
685 3662 870 3725 prope
919 3644 1214 3725 porticum
1269 3644 1395 3727 (27)
1446 3664 1515 3707 ex
1563 3654 1730 3727 parte
1778 3645 2004 3709 altaris.
2042 3645 2130 3708 [bi

481 3732 623 3793 sola:
653 3731 912 3811 virgines
958 3732 1293 3813 degebant:
1346 3746 1409 3796 et
1450 3733 1580 3795 alia:
1627 3734 1867 3815 quidem
1895 3734 2127 3815 vigines

480 3827 615 3899 post
644 3819 955 3883 dimissum
990 3830 1346 3884 conventum
1380 3822 1451 3884 ad
1494 3842 1634 3884 suos
1659 3832 1889 3885 cuncta)
1920 3841 2126 3885 rever-

480 3908 793 3971 tebantur:
831 3909 1010 3971 Maria
1051 3930 1191 3972 vero
1244 3913 1539 3986 manebat,
1592 3912 1935 3973 custodiens
1983 3931 2126 3973 san-

481 3997 797 4073 ctuarium,
823 3999 1200 4079 ettemplum,
1227 4018 1297 4061 ac
1323 4000 1732 4062 sacerdotibus
1757 3999 2125 4064 ministraus.

479 4086 628 4164 Ejus
656 4094 853 4148 autem
905 4103 1104 4149 mores
1147 4097 1316 4151 erant
1367 4089 1737 4168 bujusmodi.
1770 4089 1980 4152 Gravis
2009 4091 2133 4169 (28)

480 4180 657 4256 atque
718 4184 962 4253 augusta
1014 4186 1143 4238 erat
1188 4176 1251 4239 in
1305 4178 1581 4240 omnibus
1625 4178 1986 4255 actionibus,
2022 4196 2130 4261 pa-

558 4314 586 4359 ²
613 4318 785 4380 Prov.
819 4335 980 4395 xxxx,
1019 4319 1111 4383 10.

2214 3382 2301 3436 καὶ
2356 3381 2456 3460 γὰρ
2511 3384 2583 3445 ὡς
2638 3380 2848 3449 ἀληθῶς
2897 3382 3027 3460 πρὸς
3083 3382 3241 3447 οὔτ-ὴν
3272 3378 3449 3458 ἔλεγεν
3497 3396 3510 3411 ·
3565 3401 3594 3433 κ
3628 3383 3861 3435 Γυναῖκα

2212 3467 2454 3550 ὑνδρείαν
2471 3471 2547 3533 τίς
2580 3472 2787 3550 εὑρήσει
2836 3491 2859 3527 ι
2895 3489 2912 3550 ;
2947 3470 3034 3526 καὶ
3062 3470 3129 3526 τὰ
3158 3467 3280 3535 ἑξῆς
3311 3468 3541 3527 ἅπαντα.

2290 3546 2393 3632 ς’.
2424 3546 2523 3617 Ἠν
2564 3546 3025 3639 δὲ’ἀφωρισμένος
3067 3557 3234 3620 τόπος
3283 3556 3335 3613 ἐν
3394 3563 3471 3632 τῷ
3517 3563 3629 3631 ναῷ
3678 3558 3872 3636 Κυρίου

2211 3646 2424 3705 πλεσίον
2505 3657 2599 3707 τοῦ
2678 3644 2908 3724 ἐμϐόλου
2974 3655 3068 3706 τοῦ
3155 3646 3526 3725 (υσιαστηρίου
3593 3644 3785 3726 μέρους
3850 3663 3866 3678 ⁹

2213 3736 2349 3794 ἔνθεν
2416 3739 2720 3807 ἱστήκεισαν
2768 3739 2819 3793 αἱ
2891 3734 3133 3815 παρθένοι
3205 3734 3362 3811 μόναι
3423 3750 3440 3767 ⁶
3500 3736 3589 3791 καὶ
3661 3736 3713 3790 αἱ
3771 3734 3873 3811 μὲν

2209 3825 2366 3882 ἄλλαι
2434 3826 2679 3907 παρθένοι
2750 3826 2884 3901 μετὰ
2966 3826 3065 3892 τὴν
3156 3823 3362 3889 σύναξιν
3447 3825 3534 3881 καί
3606 3821 3863 3882 ἀπόλυσιν

2209 3922 2373 3972 πᾶσαι
2443 3915 2704 3993 ἀπῄεισαν
2769 3918 2898 3995 πρὸς
2970 3915 3095 3972 τοὺσ
3162 3910 3320 3978 ἰδίους
3382 3930 3397 3945 °
3478 3914 3514 3983 ἡ
3583 3910 3639 3968 δὲ
3694 3914 3871 3991 Μαρία

2210 4005 2611 4085 προσεκαρτέρει
2706 4004 3035 4086 φυλάττουσα
3143 4004 3204 4060 τὸ
3305 4003 3673 4081 θυσιαστήριον
3774 4003 3866 4057 καὶ

2214 4095 2305 4152 τὸν
2359 4096 2484 4151 ναόν
2544 4110 2557 4125 ’
2611 4093 2996 4173 ἐξυπηρετοῦσα
3049 4093 3139 4149 καὶ
3194 4105 3312 4155 τοῖς
3368 4095 3591 4171 ἱερεῦσιν
3623 4131 3642 4150 .
3676 4091 3746 4150 Τὸ
3809 4087 3867 4145 δὲ

2212 4182 2340 4252 ἦθος
2411 4189 2578 4253 αὐτῆς
2636 4184 2700 4252 ἦν
2772 4193 2978 4244 τοιῠτον
3051 4198 3062 4214 ⁵
3128 4182 3298 4257 σεμνὴ
3354 4181 3492 4257 κατ-ᾖ
3547 4180 3718 4237 πάντα
3775 4181 3867 4236 καὶ

1891 4456 2238 4539 Mingarellii
2269 4475 2441 4531 notae.

558 4578 674 4663 (2ᾅ)
692 4576 1063 4663 Epiphanius
1081 4586 1284 4663 noster
1303 4580 1417 4641 hoc
1440 4586 1667 4643 tantum
1694 4578 1754 4638 in
1779 4576 1909 4663 loco
1930 4578 2449 4663 δεξιῑωΠέμϐόλου,
2484 4584 2717 4649 Emboli
2763 4593 2961 4649 autem
3009 4604 3045 4647 a
3091 4583 3317 4663 Graecis
3358 4581 3555 4645 minus
3588 4577 3864 4663 antiquis

477 4657 740 4739 Virginis
764 4657 982 4739 nomen
1014 4658 1306 4739 Hebraico
1327 4668 1599 4732 accentu,
1624 4668 1682 4719 et
1705 4658 2127 4723 terminatione

474 4738 707 4802 scribit.
740 4738 925 4802 Maria
945 4739 1105 4801 enim
1137 4738 1431 4803 Hebraice
1451 4740 1903 4821 diciturnam
1927 4788 1942 4813 ,
1970 4741 2124 4821 Mir-

470 4822 617 4900 jam,
653 4837 758 4880 seu
787 4821 1057 4900 Marjam.
1088 4821 1174 4883 Ex
1196 4840 1311 4900 quo
1335 4817 1577 4882 nomine
1592 4818 1829 4883 Hebraei
1852 4817 2122 4883 Hellenis

473 4908 579 4963 stae
606 4900 878 4962 fecerunt
907 4919 1124 4962 nomen
1154 4900 1509 4963 Mariarme.

558 4981 688 5060 (26)
716 4979 915 5060 Codex
946 4980 1146 5056 habet,
1183 4976 1355 5043 Ὀδαέ.
1392 4980 1510 5043 Sed
1540 4998 1755 5041 nomen
1786 4979 1973 5041 hocce
2004 4979 2116 5041 Ho-

474 5058 586 5142 (1εὲ
615 5058 947 5142 inauditum
979 5062 1154 5141 plane
1178 5070 1286 5142 est,
1336 5080 1405 5123 ac
1450 5061 1829 5142 mendosum.
1858 5068 1919 5119 ut
1950 5069 2112 5142 puto.

474 5140 783 5214 Quomodo
813 5140 1015 5203 autem
1048 5140 1518 5216 emendandum,
1569 5142 1646 5204 sit
1694 5140 1908 5218 colligo
1940 5140 2009 5201 ex
2040 5141 2115 5203 iis

472 5240 604 5303 qua;
634 5220 696 5303 S.
731 5220 1393 5303 Hieronymusscripsit
1418 5220 1489 5283 ad
1523 5228 1700 5303 caput
1722 5221 1799 5283 23
1828 5220 2108 5303 Matthazi.

478 5299 941 5383 @lujﬂvangelio
962 5299 1197 5383 linquit)
1232 5299 1346 5383 quo
1377 5299 1625 5383 utuntur
1651 5299 1959 5383 Nazareni,
2003 5303 2113 5381 prb

473 5380 927 5444 ﬁlioBarachiaa.
944 5380 1127 5443 ﬁlium
1143 5380 1368 5445 Joiada;
1388 5382 1725 5460 reperimus
1742 5380 2053 5460 scriptum.
2082 5406 2104 5441 ε

472 5462 672 5542 Itaque
687 5460 1000 5525 Barachias
1010 5462 1123 5544 iste
1144 5482 1178 5522 a
1197 5459 1763 5544 quibusdamdictus
1782 5459 2109 5544 estloiada.

471 5539 616 5623 Cum
648 5560 789 5623 ergo
819 5541 1023 5623 isiqui
1055 5541 1113 5603 in
1149 5539 1371 5605 Latinis
1403 5542 1604 5603 Bibliis
1627 5541 1844 5623 dicitur
1862 5539 2106 5623 .loiadu,

472 5631 529 5684 et
559 5622 619 5703 in
644 5621 950 5685 Hebraicis
976 5623 1335 5703 Jehoiadah,
1396 5630 1776 5703 nuncupetur-
1800 5621 1860 5682 in
1892 5622 2111 5684 Grzecis

471 5701 676 5794 jussis
709 5703 1063 5794 sive/edoni".
1079 5702 1484 5794 Epiphanium
1508 5701 1743 5794 quoque
1765 5711 2032 5794 nostrum
2055 5711 2114 5765 et

468 5783 589 5865 hic,
622 5790 684 5866 et
715 5783 885 5865 paulo
917 5781 1169 5866 inferius
1198 5781 1510 5866 scripsisse
1525 5781 1795 5866 arbiiror
1825 5781 2025 5866 Ἰιυδαέο

549 5862 675 5949 (27)
706 5862 902 5932 Codex
932 5864 1261 5931 mendose:
1297 5862 1531 5929 ἐνϐόνου.
1565 5862 1888 5930 Emendavi
1906 5863 2110 5945 legens

2207 4658 2489 4729 dicuntur
2512 4668 2807 4745 porticus.
2863 4664 3011 4730 Vide
3060 4662 3348 4745 Ducangii
3398 4658 3765 4727 Glossarium
3795 4658 3866 4722 in

2208 4764 2350 4809 voce
2382 4747 2630 4824 ἕμόολος.

2281 4817 2420 4909 (28)
2444 4827 2548 4889 His
2577 4826 2746 4909 valde
2777 4824 2991 4909 afﬁnia
3007 4824 3331 4909 scripserat
3381 4821 3445 4887 S.
3483 4817 3861 4909 embroisius

2201 4905 2282 4969 lib
2325 4903 2469 4970 "De
2488 4906 2864 4988 virginibus,
2887 4925 2941 4967 c.
2960 4903 3031 4968 2;
3065 4928 3089 4963 ι
3117 4903 3295 4988 Virgo
3323 4912 3449 4966 erat
3467 4903 3856 4988 (inquit)

2199 4989 2379 5052 corde
2410 4981 2678 5058 humilis,
2709 4985 2901 5049 verbis
2918 4981 3248 5065 gravis“...
3272 4981 3853 5065 loquendi'parcior,

2199 5067 2435 5149 legendi
2459 5067 2801 5130 studiosior.
2816 5116 2828 5129 .
2927 5063 3159 5149 intenta
3170 5063 3860 5149 operi,_verecundaser-

2199 5144 2502 5213 mone.....
2558 5165 2871 5226 assurgere
2923 5144 3522 5226 (solita/majoribus
3570 5151 3851 5226 natu__....

2196 5228 2346 5291 nihil
2379 5237 2605 5291 torvum
2637 5230 2696 5290 in
2727 5221 3043 5291 oculis..."
3069 5221 3223 5298 Quid
3242 5221 3351 5305 ego
3370 5221 3849 5305 exsequarcibo-

2196 5327 2329 5389 rum
2345 5309 2900 5389 parsimoniam.
2920 5302 3603 5389 congeminatosjejunio
3618 5302 3842 5389 dies}:

2196 5383 2571 5471 Nicephorus
2600 5397 2797 5471 autem
2825 5386 2932 5471 lib.
2970 5404 2990 5447 ι
3024 5383 3177 5471 Hist.
3201 5383 3557 5471 ecclesidstn
3582 5403 3715 5466 cap.
3739 5383 3845 5457 23,

2194 5467 2403 5557 locum
2425 5472 2583 5557 hunc
2606 5467 3363 5557 _Epipbanii_nostri~citat.,
3397 5485 3466 5557 ac
3490 5467 3625 5557 fere
3654 5472 3869 5557 totum-

2193 5550 2474 5612 exscribit
2502 5552 2562 5612 in
2602 5546 2769 5613 hunc
2816 5548 3094 5612 modum:
3156 5546 3243 5604 Ἠν
3291 5546 3346 5603 δὲ
3393 5550 3456 5604 τὸ
3486 5551 3638 5623 ἦθος,
3669 5548 3756 5602 καὶ
3805 5546 3843 5600 ἦ

2192 5631 2330 5695 θέσις
2401 5638 2498 5699 τῆς
2574 5635 2805 5711 μορφῆς-
2839 5631 2926 5685 καὶ
2978 5634 3081 5711 τῆς
3150 5627 3361 5711 ἡλικίας
3421 5630 3637 5711 an}??ch
3670 5625 3839 5711 οῧτως

2195 5710 2415 5811 ἔχοντα,
2467 5713 2539 5777 ὥς
2588 5707 2747 5792 φήσιν
2794 5708 3381 5811 ἘπιφάνιοςἉΣεμνὴ,
3407 5707 3672 5811 φὲσὶν,ῇν
3702 5707 3840 5763 κατὰ

2434 5792 2502 5811 nr
2778 5789 2849 5811 ς’
3034 5802 3060 5811 ..
3211 5787 3369 5811 \~,,
3468 5786 3833 5811 .ι..-2..---..

2191 5786 2385 5873 πάντα,
2402 5786 2572 5873 ’ὀλίγα
2600 5786 2687 5873 τε-
2710 5790 2797 5846 καὶ
2826 5786 3095 5869 ἀναγκαῖα
3142 5786 3394 5849 λαλοῦσα,
3424 5786 3516 5851 Et
3540 5786 3774 5869 reliqua
3803 5802 3839 5849 a

2191 5889 2289 5935 me
2315 5870 2591 5956 superius
2614 5870 2813 5935 allata.
