4154 6416
503 421 621 486 195
1816 424 2128 490 EPIPANI

2225 420 2578 493 KONACHI.
3776 427 3894 495 196

505 555 588 637 pit
629 554 928 637 Josephus
972 555 1163 633 faber,
1213 556 1373 618 ﬁlius
1421 555 1538 638 Eli,
1585 563 1644 618 et
1694 554 1980 637 patruelis
2024 556 2128 619 Ma‘

2234 555 2343 638 σὴφ
2402 560 2430 614 6
2481 558 2702 635 τέκνων,
2758 561 2785 616 6
2839 562 2948 625 υίὸς
3014 558 3132 617 Ἠλὶ
3186 565 3213 617 6
3271 559 3547 642 ἐξάδελφος
3609 562 3809 640 Μαρίας
3873 577 3889 591 ⁸

495 646 640 707 riae:
698 658 757 707 et
806 645 1012 724 genuit
1086 665 1157 708 ex
1235 646 1367 728 ipsa
1435 664 1536 708 sex
1595 645 1772 721 filios,
1834 643 2120 707 Jacohum

2232 646 2320 701 καὶ
2378 644 2551 703 ἔτεκεν
2605 647 2658 714 ἐξ
2708 648 2871 716 αὐτῆς
2928 648 2980 715 ἓξ
3028 648 3207 706 παιδία
3262 668 3275 682 ⁶
3338 649 3613 727 Ἰάκωϐον,
3672 652 3895 727 Σίμωνα

496 734 831 809 Simonem,
887 732 1125 806 Judam,
1177 736 1359 798 Josen
1403 732 1550 815 (36),
1603 732 1823 809 Soben,
1857 733 2128 796 Marthan

2233 731 2451 807 Ἰούδαν,
2512 735 2722 809 Ἰωσήν,
2784 736 3001 813 Σωϐὴν,
3064 741 3299 818 Μάρθαν,
3357 742 3447 796 καὶ
3502 741 3603 807 τὴν
3658 740 3892 818 Μαρίαν.

496 833 556 887 et
588 825 851 887 Mariam.
902 826 978 887 Et
1028 834 1257 887 mortua
1306 833 1394 887 est
1437 824 1674 887 Salome
1725 842 1873 885 uxor
1902 824 2055 903 ejus,
2091 841 2124 884 e

2233 824 2331 880 Καὶ
2360 824 2622 900 ἀμάθανεν
2678 826 2916 902 Σαλώμη
2964 830 3000 896 ἡ
3046 829 3179 906 γυνὴ
3228 828 3412 903 αυτοῦ,
3462 830 3550 885 καὶ
3597 826 3776 905 διῆγεν
3831 826 3895 881 ἐν

494 914 788 994 Josephus
845 913 1190 975 viduitatem
1252 921 1311 975 et
1358 911 1799 976 continentiam
1834 911 2104 974 servabat

2230 913 2425 990 χηρείᾳ
2450 916 2539 971 καὶ
2588 917 2900 995 σωφροσύνη
2944 918 2971 973 ὁ
3024 914 3221 996 Ἰωσήφ
3278 936 3289 950 ·
3345 917 3478 974 ἐτῶν
3527 918 3626 997 γὰρ
3673 917 3737 985 ἦν
3770 915 3897 995 περί

495 1023 684 1068 annos
712 1003 871 1066 enim
903 1014 1075 1066 natus
1119 1012 1248 1068 erat
1293 1005 1533 1065 circiter
1581 1003 1976 1083 septuaginta,
2010 1001 2128 1082 opi-

2227 1022 2329 1057 που
2399 1000 2759 1079 ἑϐδομήκοντα
2833 1025 2849 1041 ⁸
2924 1011 2992 1083 τῇ
3060 1008 3328 1086 περιουσίᾳ
3402 1006 3594 1078 πένης,
3670 1006 3764 1073 τὴν
3832 1001 3897 1060 δὲ

499 1094 610 1158 bus
639 1111 886 1174 pauper,
918 1103 1042 1156 arte
1089 1094 1252 1156 faber
1296 1095 1449 1174 (37),
1504 1093 1728 1171 degens
1757 1092 1816 1153 in
1849 1091 2128 1153 Nazaretl

2233 1089 2431 1169 τέχνην
2486 1093 2683 1150 τέκτων
2754 1096 3075 1175 ἀκράτητος,
3150 1092 3348 1174 διάγων
3419 1097 3494 1159 εἷς
3561 1095 3717 1153 πόλιν
3787 1097 3893 1161 τῆς

498 1184 731 1247 civitate
778 1181 994 1246 Galilae.
1050 1183 1231 1245 Maria
1278 1202 1413 1244 vero
1466 1181 1745 1244 manebat
1795 1181 1855 1242 in
1906 1183 2128 1244 Jerusa-

2234 1178 2514 1245 Γαλιλαίας
2546 1183 2800 1263 Ναζαρέτ.
2857 1175 2918 1240 Ἠ
2968 1182 3022 1239 δὲ
3076 1184 3248 1263 Μαρία
3299 1184 3363 1252 ἦν
3412 1183 3466 1239 ἓν
3511 1181 3892 1263 Ἰερουσαλὴμ,

496 1272 613 1337 lem
646 1274 710 1334 in
734 1273 913 1334 domo
961 1272 1222 1336 Domini.
1273 1275 1349 1337 Et
1398 1292 1531 1334 cum
1583 1272 1736 1333 facta
1767 1278 2128 1334 essetanno-

2232 1268 2304 1330 είς
2374 1271 2461 1326 τὸν
2533 1272 2686 1329 οἷκον
2759 1275 2968 1352 Κυρίου.
3029 1275 3128 1330 Καὶ
3184 1273 3474 1351 γενομένης
3531 1278 3693 1340 αὐτῆς
3752 1271 3893 1327 ἐτῶν

495 1380 626 1425 rum
659 1361 1087 1443 quatordecim,
1133 1382 1249 1443 qua
1293 1371 1462 1424 aatate
1513 1359 1891 1423 imbecillitas
1921 1370 2128 1423 natura

2231 1354 2648 1439 δεκατεσσάρων,
2697 1359 2785 1417 ὅτε
2832 1363 2921 1418 καί
2969 1366 3067 1429 τῆς
3114 1367 3220 1417 τῶν
3269 1368 3532 1440 γυναικῶν
3590 1362 3791 1442 φύσεως
3849 1362 3893 1427 ἡ

496 1451 847 1514 mulieribus
886 1452 1318 1527 manifestatur,
1371 1450 1711 1513 sacerdotes
1742 1448 2128 1511 existimante:

2228 1444 2467 1503 ἀσθένεια
2537 1447 2794 1507 δείκνυται
2873 1467 2886 1480 ·
2962 1472 3273 1525 νομισαντες
3346 1451 3508 1513 αὐτὴν
3581 1452 3705 1526 μίαν
3779 1455 3894 1505 τῶν

493 1558 622 1603 eam
673 1558 806 1601 esse
851 1541 1082 1603 caeteris
1128 1542 1373 1603 feminis
1422 1541 1679 1603 similem
1731 1540 1952 1620 (adhuc
1981 1539 2128 1601 enim

2228 1533 2441 1591 πολλῶν
2490 1538 2747 1617 ὑπάρχειν
2799 1542 2845 1596 οἱ
2888 1542 3050 1618 ἱερεῖς
3104 1558 3119 1572 ·
3170 1538 3246 1596 ἔτι
3310 1542 3411 1619 γὰρ
3462 1537 3631 1606 ἄδηλα
3673 1539 3737 1595 τὰ
3765 1539 3890 1617 περί

490 1628 691 1708 ignota
719 1637 892 1690 erant
922 1633 1200 1708 mysteria
1228 1630 1302 1691 ad
1334 1631 1494 1691 illam
1527 1628 1909 1710 speclanlia),
1945 1626 2128 1691 consi-

2226 1622 2389 1691 αὐτὴν
2447 1627 2690 1707 ὑπῆρχεν
2760 1631 3021 1707 μυστήρια
3078 1644 3091 1657 ·
3154 1626 3467 1704 συμϐούλιον
3525 1630 3884 1703 ποιήσαντες,

437 1715 441 1718 ’
491 1718 573 1781 lio
604 1727 829 1789 coacto,
866 1720 1195 1783 orationem
1229 1740 1339 1802 pro
1373 1721 1472 1782 illa
1504 1718 1853 1782 fundebant.

2226 1710 2450 1779 ἔστησαν
2482 1717 2555 1779 εἰς
2587 1718 2897 1797 προσευχὴν
2928 1719 3045 1796 περὶ
3076 1716 3267 1785 αὒτῆς.

570 1809 725 1872 VIII.
776 1810 1087 1872 Zacharias
1142 1821 1339 1873 autem
1401 1812 1683 1891 princeps
1735 1809 2128 1883 sacerdotum,

2308 1804 2395 1863 H'.
2451 1806 2715 1885 Ζαχαρίας
2770 1804 2824 1862 δὲ
2876 1810 2904 1863 6
2962 1808 3261 1887 ἀρχιερεὺς,
3322 1811 3349 1863 ὁ
3406 1808 3582 1886 πατὴρ
3636 1804 3887 1864 Ἰωάννου

490 1906 658 1981 pater
682 1898 926 1962 Joannis
957 1900 1255 1980 Baptistm.
1319 1881 1573 1981 sumpsit
1603 1881 1919 1962 duodecim
1950 1881 2128 1978 virgas

2225 1902 2315 1951 106
2372 1902 2691 1969 Βαπτιστοο,
2740 1893 2928 1952 ἔλαϐεν
2985 1894 3185 1952 δώδεκα
3231 1894 3474 1976 ῥάϐδους,
3538 1897 3597 1953 ἐκ
3652 1901 3755 1952 τῶν
3806 1896 3886 1950 ἰε-

488 1988 662 2068 (38)a
693 1987 1098 2048 sacerdotibus
1126 1989 1589 2068 consanguineis
1616 1987 1889 2064 Virgines
1921 2005 2128 2067 easque

2225 1981 2355 2059 ρέων
2398 1990 2504 2038 τῶν
2552 2006 2818 2062 συγγενων
2867 1990 2966 2052 τῆς
3014 1986 3298 2064 Παρθένου,
3349 1988 3437 2042 καὶ
3483 1984 3666 2051 ἔθηκεν
3720 1984 3886 2046 αὐτὰς

489 2076 689 2156 posuit
716 2076 938 2137 circum
971 2076 1174 2149 altare,
1228 2078 1473 2139 dicens:
1529 2076 1819 2139 Ostendet
1851 2075 2128 2137 Dominus

2321 2072 2335 2091 κ
2442 2074 2455 2091 ι
2775 2076 2785 2095 ν
3017 2074 3025 2089 ι
3362 2075 3395 2091 ν
3530 2075 3575 2095 ,ι

2225 2092 2339 2149 περι
2407 2094 2468 2127 το
2538 2076 2901 2152 θυσιαστήριον
2969 2073 3141 2152 λεγων
3204 2090 3217 2103 °
3283 2085 3447 2139 Δειςει
3507 2084 3694 2152 Rupta;
3766 2094 3882 2139 ση-

492 2166 682 2243 signo.
720 2166 1032 2245 cujusnam
1093 2168 1290 2229 futura
1334 2167 1411 2227 sit
1459 2167 1638 2245 Virgo
1698 2166 1849 2226 Dum
1882 2183 2022 2225 vero
2056 2165 2128 2226 illi

2225 2172 2397 2240 μεῖον,
2458 2163 2595 2224 τίνος
2651 2162 2794 2218 ἔσται
2845 2166 2880 2231 ἡ
2967 2163 3247 2242 Παρθένος,
3322 2162 3770 2243 Προσευχομένων
3827 2160 3888 2216 δὲ

488 2261 749 2324 orarent,
810 2254 1164 2332 germinavit
1235 2256 1395 2332 virgo
1455 2253 1696 2333 Josephi
1753 2252 1929 2315 fabri.
1986 2251 2128 2313 Tum

2225 2251 2413 2323 αὐτῶν,
2478 2248 2803 2318 ἐϐλάστησεν
2860 2254 2895 2320 ἡ
2955 2250 3141 2330 ῥάϐδος
3205 2251 3400 2332 ἰῶσὴφ
3459 2263 3550 2311 106
3606 2250 3882 2323 τέκτονος,

481 2341 710 2421 judicio
727 2342 1297 2420 Deidesponderunt
1318 2347 1370 2405 ei
1402 2343 1527 2425 (39)
1559 2343 1860 2422 Virginem
1895 2342 2128 2403 Mariam

2225 2338 2310 2393 καὶ
2366 2337 2550 2394 λοιπόν
2599 2341 2763 2419 κρίσει
2819 2349 2972 2417 Θεοῦ,
3033 2344 3273 2420 ἥρμοσαν
3332 2348 3473 2415 αυτῷ
3521 2341 3619 2407 τὴν
3673 2339 3879 2418 Παρθέ-

484 2420 603 2491 non
633 2430 705 2491 ad
752 2431 1006 2511 nuptias,
1057 2433 1165 2493 sed
1214 2434 1284 2493 ad
1345 2420 1681 2494 custodiam
1724 2443 1783 2493 et
1814 2449 2128 2493 conserva-

2225 2449 2311 2481 νον
2348 2428 2550 2506 Μαρίαν
2603 2446 2617 2460 ⁸
2670 2430 2729 2484 οὔ
2777 2433 2908 2510 πρὸς
2959 2431 3153 2511 γάμον,
3208 2420 3330 2485 ἀλλ’
3382 2431 3456 2492 εἰς
3509 2428 3735 2510 φυλακὲν
3789 2430 3879 2484 καὶ

486 2521 711 2581 tionem
738 2523 1103 2582 intemarataa
1123 2523 1515 2602 virginitatis:
1543 2521 1723 2599 idque
1757 2519 2128 2582 manifestum

2225 2517 2540 2594 συντήρησιν
2619 2524 2717 2585 τῆς
2790 2520 3088 2595 ἀμωμήτου
3155 2519 3459 2598 παρθενίας,
3550 2520 3647 2576 Καὶ
3722 2527 3878 2575 τοῦτο

484 2617 575 2669 est
621 2627 688 2670 ex
740 2608 888 2689 ipsis
938 2609 1134 2671 verbis
1192 2620 1410 2673 sancta:
1465 2609 1729 2688 Virginis
1776 2609 1985 2687 angelo
2018 2608 2128 2672 Ga-

2225 2602 2384 2671 δῆλον
2441 2606 2491 2669 ἐξ
2547 2611 2716 2665 αὐτῶν
2772 2615 2877 2665 τῶν
2930 2609 3187 2687 ῥημάτων
3243 2613 3340 2675 τῆς
3401 2608 3553 2686 ἁγίας
3615 2608 3877 2687 Παρθένου

487 2696 665 2758 brieli
697 2698 871 2759 dictis
893 2700 1052 2773 (4οΗ
1093 2719 1227 2761 cum
1279 2700 1437 2761 enim
1490 2699 1540 2759 is
1589 2700 1643 2759 ei
1681 2708 1812 2778 post
1841 2698 2128 2759 salulatio-

2225 2700 2328 2749 τῶν
2376 2694 2676 2771 λεγομένων
2725 2700 2855 2776 πρὸς
2914 2701 3005 2753 τὸν
3036 2696 3261 2775 ἄγγελον
3312 2694 3547 2775 Γαϐριήλ
3580 2711 3594 2725 ⁸
3633 2698 3871 2760 εἰπόντος

484 2804 623 2847 nem
654 2786 939 2848 dixisset:
971 2787 1125 2849 Eoue
1183 2789 1492 2867 concipies
1540 2788 1767 2867 ﬁlium,
1819 2795 1871 2849 et
1901 2790 2128 2850 vocabis

2225 2783 2321 2861 γὰρ
2378 2789 2538 2843 αὐτοῦ
2592 2788 2723 2863 πρὸς
2780 2787 2970 2864 αὐτὴν²
3032 2788 3168 2860 μετὰ
3214 2788 3305 2844 τὸν
3366 2786 3648 2861 ἆσπασμον
3695 2802 3711 2819 ·
3791 2785 3874 2841 ὅτι

483 2892 701 2937 nomen
728 2878 854 2954 ejus
879 2878 1110 2951 Jesum,
1134 2878 1372 2940 etdabit
1395 2883 1452 2935 ei
1474 2878 1764 2938 Domivus
1780 2876 1945 2938 Deus
1966 2876 2128 2938 thro-

2227 2896 2254 2926 α
2312 2871 2441 2931 Ἰδοὺ
2470 2874 2762 2952 κσυλλήψῃ
2831 2880 2961 2951 υἱὸν,
3008 2879 3095 2933 καὶ
3137 2876 3376 2940 καλέσεις
3448 2879 3510 2935 τὸ
3577 2874 3741 2951 ὄνομα
3782 2875 3874 2931 a6-

483 2981 631 3025 num
666 2965 869 3025 David
898 2968 1091 3044 patris
1123 2967 1277 3038 eius.
1342 2975 1400 3026 et
1450 2973 1702 3026 caetera:
1738 2966 2050 3046 respondit
2082 2966 2128 3028 ei

2225 2972 2309 3021 106
2379 2960 2607 3044 Ἰησοῦν³
2670 2967 2759 3022 καὶ
2819 2963 2974 3021 δώσει
3048 2966 3193 3021 αὗτω
3268 2976 3450 3044 Κυριος
3511 2968 3540 3021 6
3598 2967 3725 3026 Θεὸς
3777 2966 3869 3019 τὸν

483 3049 661 3131 Virgo
690 3069 701 3114 :
743 3052 1050 3126 Quomodo
1080 3054 1184 3132 ﬁet
1214 3055 1367 3116 mihi
1398 3055 1583 3129 istud,
1618 3057 1902 3132 quoniam
1935 3058 2128 3117 virum

2225 3051 2397 3129 θρόνον
2472 3051 2641 3108 Δαυίδ
2708 3065 2800 3113 τοῦ
2856 3057 3054 3134 πατρὸς
3111 3055 3277 3113 αὒτου
3312 3077 3335 3110 ι
3374 3070 3387 3084 ⁸
3441 3056 3529 3110 καὶ
3576 3054 3642 3109 τὰ
3682 3052 3801 3119 ἑξῆς
3848 3070 3867 3088 ’

485 3158 606 3203 non
633 3158 918 3221 cognosco
947 3144 980 3193 3
1007 3142 1037 3202 ‘?
1068 3141 1214 3203 Nam
1269 3144 1319 3204 si
1365 3140 1663 3223 Josephus
1695 3144 2128 3221 conjunctionis

2225 3139 2466 3219 ὶπεκρίθη
2525 3145 2667 3216 αὐτῷ
2707 3144 2742 3210 ἦ
2805 3144 3098 3221 Παρθένος’
3140 3167 3166 3198 α
3202 3149 3325 3205 Ηῶς
3376 3142 3521 3199 ἔσται
3572 3165 3661 3218 μοι
3692 3152 3871 3222 τοῦτο³

480 3230 635 3310 (41),
690 3237 749 3292 et
802 3232 1087 3294 connubii
1149 3233 1277 3311 lege
1336 3251 1465 3293 eam
1524 3232 1969 3311 despondisset,
2016 3252 2128 3295 non

2225 3226 2329 3284 ἐπεὶ
2389 3227 2547 3308 ἄνδρα
2604 3235 2663 3290 06
2710 3233 2956 3310 γινώσκω
2993 3255 3015 3289 u
3056 3252 3071 3312 ς
3110 3224 3166 3289 εΟ
3199 3234 3299 3311 γὰρ
3334 3229 3532 3311 Ἰωσὴφ
3576 3231 3724 3306 νόμῳ
3773 3252 3874 3288 συ·-

484 3318 568 3379 ita
595 3320 721 3399 ipsa
777 3322 1212 3402 respondisset,
1267 3320 1374 3384 sed
1427 3320 1713 3383 dixisset:
1750 3320 1831 3382 Es
1863 3322 2011 3396 viro,
2040 3322 2136 3384 cui

482 3416 666 3489 nupta
713 3427 867 3483 sum,
916 3418 1015 3471 aut
1062 3414 1443 3490 desponsata,
1494 3410 1738 3471 omnino
1772 3411 2129 3490 concipiam.

480 3496 597 3561 Sed
642 3516 776 3558 cum
808 3498 1009 3580 sciret,
1066 3502 1224 3581 quod
1286 3499 1337 3560 is
1395 3499 1584 3579 ipsam
1642 3508 1956 3579 acceperat
2014 3519 2132 3562 non

478 3586 767 3647 connubii
826 3607 1024 3657 causa,
1084 3588 1188 3649 sed
1249 3588 1321 3649 ad
1374 3607 1505 3649 eam
1565 3589 2014 3650 custodiendam
2075 3597 2135 3652 et

478 3674 967 3750 conservandam,
996 3676 1144 3737 dixit
1164 3696 1234 3736 ea
1259 3676 1437 3737 verba
1458 3676 1727 3738 veritatis
1751 3677 1873 3758 (4'2)
1906 3678 2081 3757 plena
2110 3696 2124 3742 ε

483 3762 786 3837 Quomodo
816 3764 921 3839 ﬁet
946 3767 1099 3827 mihi
1122 3766 1305 3837 istud,
1331 3767 1618 3847 quoniam
1653 3769 1856 3828 virum
1886 3785 2010 3829 non
2039 3785 2129 3830 co-

476 3850 747 3929 gnosco?
778 3849 908 3911 Non
954 3871 1085 3915 sum
1131 3854 1346 3915 tradita
1396 3854 1519 3915 viro
1568 3855 1848 3936 nuptialis
1874 3856 2129 3935 conjun-

477 3938 692 4001 ctionis
737 3957 936 4014 causa,
990 3943 1094 4004 sed
1145 3950 1210 4002 ut
1267 3953 1555 4023 perpetuo
1616 3944 1838 4005 munda
1886 3945 2049 4024 virgo
2074 3952 2133 4007 et

478 4030 741 4116 intancta
774 4047 1065 4093 servarer.
1100 4029 1457 4111 Hujusmodi
1487 4050 1631 4113 ergo
1658 4032 1771 4095 fuit
1799 4034 2131 4116 desponsa-

481 4114 663 4180 tionis
694 4136 897 4180 causa.

556 4293 652 4359 IX.
689 4299 943 4378 Accepta
970 4306 1168 4359 autem
1186 4298 1484 4380 Josephus
1510 4299 1779 4379 patauele
1815 4319 1922 4362 sua
1950 4301 2136 4364 Maria

2217 3319 2395 3394 ζυγίας
2449 3320 2539 3375 καὶ
2593 3320 2750 3396 γάμῳ
2795 3322 2958 3389 αὐτὴν
3000 3321 3397 3400 ἧρμοσάμενος,
3450 3325 3545 3379 οὐκ
3596 3318 3657 3375 ἂν
3698 3319 3870 3382 οὕτως

2216 3407 2532 3486 ἀπεκρίνατο
2577 3425 2591 3441 ⁸
2651 3408 2769 3465 ἀλλ’
2822 3412 2977 3467 εἶπεν
3025 3412 3114 3468 οὖν
3160 3430 3177 3447 ο
3230 3410 3309 3466 ὄτι
3358 3409 3453 3467 Ἐκ
3499 3419 3589 3468 106
3638 3410 3875 3487 ἁρμοσα-

2218 3497 2376 3569 μένου
2432 3495 2638 3575 ἀνδρὸς,
2702 3498 2737 3566 ἢ
2792 3507 2883 3556 106
2951 3498 3414 3575 μνηστευσαμένου
3469 3499 3679 3560 πάντῶς
3737 3495 3874 3553 συλ-

2214 3583 2456 3661 λήψομαι
2516 3605 2528 3617 ·
2581 3586 2701 3643 ἀλλ’
2758 3586 2923 3645 εἰδυῖα
2980 3586 3233 3669 ἀκριϐῶς,
3287 3587 3367 3644 ’ίτί
3413 3592 3473 3647 οὔ
3515 3590 3645 3667 πρὸς
3695 3588 3872 3665 γάμον

2212 3674 2379 3740 αυτὴν
2452 3672 2658 3751 ἔλαϐεν,
2728 3675 2846 3733 ἀλλ’
2924 3679 2997 3740 εἷς
3065 3676 3306 3757 φυλακὴν
3365 3679 3452 3733 καὶ
3523 3677 3869 3756 συντήρησιν,

2212 3762 2367 3817 εἶπεν
2412 3762 2587 3819 ἐκεῖνο
2631 3764 2776 3841 ῥῆμα
2827 3767 2887 3821 τὸ
2942 3766 3107 3842 γέμον
3134 3772 3307 3821 πᾶσαν
3351 3764 3602 3835 ἀλήθειαν
3637 3784 3654 3800 ⁸
3694 3786 3717 3821 α
3746 3771 3868 3827 [Ιῶς

2212 3850 2355 3909 ἔσται
2415 3876 2503 3927 μοι
2558 3864 2735 3934 τοῦτο,
2812 3856 2925 3911 ἐπεὶ
2995 3853 3150 3935 ἄνδρα
3182 3860 3241 3915 0-3
3284 3856 3531 3933 γινώσκω
3579 3878 3603 3910 ι
3642 3875 3659 3935 ;
3708 3877 3866 3914 τουτ-

2214 3939 2355 3996 έστιν
2417 3960 2432 3975 ·
2486 3941 2581 3999 οὒκ
2628 3942 2866 4012 ἐξεδόθην
2923 3942 3065 4023 ἀνδρὶ
3122 3947 3253 4024 πρὸς
3307 3945 3544 4023 γαμικὴν
3600 3945 3864 4024 συνυσίαν,

2212 4028 2350 4086 ἀλλὰ
2393 4032 2455 4088 τὸ
2510 4030 2849 4110 φυλάττεσθαι
2904 4032 3159 4100 διηνεκῶς
3210 4055 3275 4109 με
3330 4034 3589 4113 παρθένον
3640 4033 3867 4112 καθαρὰν

2213 4121 2301 4176 καὶ
2356 4119 2644 4201 ἀνέπαφον.
2706 4127 2805 4181 Καὶ
2860 4123 2994 4190 αὕτη
3047 4123 3143 4199 μὲν
3209 4123 3298 4180 οὖν
3355 4123 3421 4190 ἦν
3469 4125 3504 4191 ἡ
3562 4128 3660 4190 τῆς
3718 4145 3864 4200 μνη-

2215 4210 2390 4272 στείας
2425 4211 2581 4272 αἰτία.

2299 4290 2383 4361 ϐ’.
2437 4298 2765 4381 Παραλαϐὼν
2822 4299 2875 4356 δὲ
2927 4299 3125 4381 Ἰωσὴφ
3172 4302 3271 4369 τὴν
3322 4299 3607 4383 ἐξαδέλφην
3666 4303 3867 4378 Μαρίαν

479 4401 700 4486 emanu
720 4386 979 4459 Domini,
998 4387 1335 4449 etomnium
1359 4389 1733 4452 sacerdotum
1758 4389 1845 4453 rei
1864 4390 2128 4466 testium,

2225 4389 2277 4445 ἐκ
2345 4392 2527 4469 χειρὸς
2600 4391 2784 4470 Κυρίου
2851 4391 2939 4447 καὶ
3004 4392 3277 4469 μαρτύρων
3350 4392 3563 4447 πάντων
3633 4397 3740 4448 τῶν
3795 4393 3869 4446 ἱε-

477 4471 722 4536 deduxit
753 4494 883 4536 eam
917 4476 976 4536 in
1009 4476 1252 4537 domum
1286 4494 1476 4557 suam,
1514 4485 1572 4537 et
1603 4478 1846 4539 tradidit
1876 4479 1929 4540 ei
1962 4478 2128 4541 binas

2225 4479 2369 4551 θέων,
2443 4480 2746 4558 κατήγαγεν
2816 4478 2981 4546 αὐτὴν
3039 4482 3110 4543 εἷς
3168 4482 3258 4536 τὸν
3316 4480 3470 4536 οἶκον
3530 4480 3710 4555 αὐτοῦ,
3777 4480 3866 4535 καὶ

478 4562 631 4625 filias
661 4582 820 4637 suas,
867 4572 930 4625 ut
976 4583 1078 4625 eas
1127 4565 1294 4645 quasi
1350 4584 1491 4626 suas
1544 4565 1670 4646 (43)
1720 4567 2035 4647 sapientia,
2072 4577 2132 4630 et

474 4650 868 4731 intelligentia
889 4652 1233 4716 instrueret.
1256 4652 1386 4733 Ipsa
1403 4661 1601 4717 autem
1617 4654 1937 4733 degebatin
1952 4657 2128 4719 domo

469 4737 715 4821 Josephi
749 4759 882 4802 cum
916 4741 1079 4803 omni
1110 4743 1469 4824 humilitate,
1528 4751 1585 4804 et
1615 4744 1921 4822 gravitate.
1946 4745 2129 4807 Cum-

469 4852 587 4915 que
614 4833 699 4894 ibi
729 4834 1017 4898 manisset
1046 4853 1150 4896 sex
1204 4854 1464 4912 menses,
1499 4846 1557 4897 et
1609 4837 1684 4899 de
1732 4857 1897 4900 more
1919 4840 2130 4919 jejuna

471 4926 626 4989 foret
680 4926 841 4990 circa
889 4927 1096 4990 horam
1142 4947 1359 4991 nonam
1409 4929 1549 5011 diei
1580 4944 1790 4995 orante
1840 4931 1994 5014 ipsa,
2023 4952 2125 4996 re-

548 5086 583 5137 3
609 5086 749 5150 Luc.
782 5103 824 5165 ι,
854 5087 1069 5152 31-34.

2212 4566 2512 4647 παρέδωκεν
2565 4568 2700 4645 αὐτῇ
2746 4570 2840 4632 τὰς
2912 4567 3001 4624 δύο
3068 4569 3353 4647 θυγατέρας
3424 4571 3603 4648 αὐτοῦ⁷
3657 4568 3864 4647 σοφίσαι

2210 4660 2299 4714 καὶ
2370 4659 2629 4717 συνετίσαι
2702 4658 2865 4725 αυτὴν
2935 4660 3008 4722 ὼς
3079 4659 3291 4729 ἑαυτάς,
3348 4649 3411 4713 εΗ
3463 4656 3519 4713 δὲ
3574 4657 3753 4736 δῠῆγεν
3810 4656 3864 4712 ἐν

2211 4755 2287 4822 τῷ
2342 4758 2434 4807 106
2493 4746 2689 4828 Ἰωσὴφ
2740 4747 2878 4822 οἴκῳ
2949 4748 3083 4824 μετὰ
3147 4749 3323 4815 πάσης
3380 4746 3863 4827 ταπεινοφροσύνης

2210 4859 2268 4894 τε
2326 4839 2414 4893 καὶ
2469 4838 2796 4914 σεμνότητος
2850 4853 2863 4867 ⁸
2912 4840 3183 4907 ποιήσασα
3226 4835 3279 4893 δὲ
3329 4837 3381 4894 ἐν
3412 4839 3553 4912 αὐτῷ
3584 4842 3755 4913 μῆνας
3784 4834 3863 4917 ἒξ,

2209 4927 2297 4983 καὶ
2367 4928 2603 4995 συνήθως
2668 4928 3010 5001 νηστεύουσα,
3084 4927 3202 5005 περὶ
3272 4925 3413 5005 ὥραν
3490 4926 3711 4992 ἑννάτην
3763 4930 3861 4988 τῆς

1876 5238 2237 5319 Mingarellii
2268 5243 2445 5299 notae.

553 5342 691 5429 (36)Δ
739 5340 895 5403 Vide
953 5346 1136 5408 Marc.
1198 5363 1278 5425 vr,
1337 5350 1374 5411 3
1422 5369 1439 5426 ;
1495 5355 1751 5429 quatuor
1794 5345 1859 5409 hi
1914 5345 2126 5412 fratres

471 5421 695 5486 Christi
725 5435 1144 5500 recensentur,
1178 5421 1687 5490 ac'nominantur.

553 5505 678 5590 (3'1_)
713 5501 1010 5590 lnnerco
1042 5507 1303 5582 additur,
1336 5511 1653 5590 ἀκράτητος.
1685 5507 1827 5590 Qua:
1849 5525 1960 5590 vox
1985 5507 2127 5589 quid

471 5582 575 5667 hic
587 5582 918 5667 signiticet,
945 5593 1046 5645 aut
1065 5590 1361 5667 quomodo
1389 5582 1761 5653 emendanda
1774 5588 1871 5661 sit,
1894 5582 2122 5667 ignoro.

557 5662 676 5747 (38)
713 5664 799 5725 Ex
830 5671 1056 5726 vetusta
1082 5662 1309 5747 —hacce,
1357 5671 1469 5733 etsi
1518 5670 1770 5745 incerta,
1802 5662 2127 5732 tradilione

473 5743 779 5831 derivatos
828 5750 918 5805 est
969 5762 1102 5807 mos
1153 5743 1437 5831 pingendi
1491 5750 1552 5816 S.
1614 5743 1940 5831 Josephum
1990 5770 2126 5814 cum

474 5825 640 5906 virga
656 5826 1107 5906 efﬂorescente.

549 5902 672 5987 (39)
736 5902 985 5969 Codex:
1046 5909 1357 5988 ὁρμώσαντο
1415 5914 1514 5980 τὴν
1580 5911 1858 5994 παρθένον.
1914 5911 2118 5991 Lego:

2207 5351 2447 5427 ἥρμοσαν
2459 5344 2619 5427 ἀὐτῷ
2648 5347 2747 5409 τὴν
2775 5341 3049 5427 παρθένον.

2292 5427 2411 5506 (40)
2450 5422 2646 5485 Codex
2673 5439 2714 5506 ἶΔ
2744 5425 2804 5479 τὸ
2848 5416 3157 5503 γενόμενον.
3186 5416 3532 5498 Legendum
3558 5422 3666 5477 τῶν
3694 5438 3858 5496 γενο-

2212 5501 2408 5587 μένων³
2440 5509 2539 5563 aut
2564 5510 2673 5587 τῶν
2701 5501 3027 5587 λεγομὲνων,

2443 5585 2655 5669 -Οοᾴεχ
2678 5599 2692 5644 Σ
2728 5585 3025 5669 συνζυγίας.

2290 5657 2412 5746 (49)
2443 5667 2508 5730 In
2539 5665 2755 5746 Graeco,
2777 5657 3096 5746 dicendum
3142 5667 3270 5746 erat
3304 5681 3317 5720 :
3366 5660 3551 5746 ῌάσης
3580 5657 3854 5746 ἀληθείας.

2212 5738 2332 5814 Sed
2383 5738 2488 5827 aut
2536 5745 2818 5827 auctoris,
2861 5742 3234 5827 autlibrarii
3283 5739 3592 5804 oscitantia
3636 5738 3855 5803 factum

2211 5838 2325 5908 est,
2360 5836 2426 5890 ut
2448 5826 2681 5908 legatur
2707 5843 2719 5889 ζ
2755 5825 2928 5908 πᾶσαν
2957 5825 3229 5908 ἀλήθειαν.

2289 5900 2411 5991 (43)
2439 5900 2766 5986 In‘Graaco,
2797 5909 2870 5973 ὡς
2904 5907 3120 5974 ιαυτάς.
3147 5900 3430 5972 Barbare.
