4154 6426
327 461 450 530 197

1584 463 1682 528 DE
1731 453 1920 528 VITA
1965 459 2032 521 B.
2079 449 2452 523 VIRGINIS.

3603 457 3714 522 198

315 597 551 680 ἡμέρος,
610 599 1048 682 προσευχομένης
1115 603 1305 674 αυτῆς,
1367 596 1709 678 ἀπεκαλύφθη
1767 597 1901 672 αὒτῇ
1955 595 2004 653 ὁ,

2091 590 2420 682 relatusest
2448 592 2502 682 ei
2535 589 2927 682 archangelus
2974 590 3222 682 Gabriel
3273 593 3553 682 missusa
3579 589 3731 682 Deo,

318 686 668 768 ἀρχάγγελος
742 686 973 769 Γαϐριὴλ
1041 686 1360 752 ἀποσταλεὶς
1432 687 1575 768 παρὰ
1632 693 1763 745 Θεοῦ
1833 701 1847 716 ⁸
1903 683 1993 740 καὶ

327 775 540 842 ἐξεῖπεν
567 781 707 854 αὐτῇ
751 777 927 834 πάντα
984 777 1050 833 τὰ
1101 778 1368 856 μυστήρια
1417 776 1484 831 τὰ
1523 777 1642 855 περὶ
1689 785 1784 835 τοῦ
1832 795 1994 850 μονο-

328 875 514 942 γενοῦς
589 869 712 922 ficii
785 872 880 922 τοῦ
951 871 1103 936 Θεοῦ,
1175 863 1270 928 ὅςα
1339 865 1426 922 καὶ
1474 877 1594 927 τοῖς
1653 861 1990 942 Εὖαγγελῐοις

326 953 750 1034 ἀναγέγραπται.
802 980 830 1010 α
877 957 976 1014 Καὶ
1038 953 1202 1018 οὐδεὶς
1232 951 1370 1032 ἔγνω
1427 957 1488 1010 τὸ
1528 955 1746 1034 γεγονὸς
1789 953 1848 1010 έκ
1902 957 1995 1008 τοῦ

327 1044 487 1101 οἴκου
553 1047 721 1112 αὒτῆς
791 1044 908 1105 οὖδέ
977 1043 1276 1122 ἀπήγγειλέ
1343 1067 1470 1114 τινι,
1527 1043 1644 1100 οὔτε
1701 1042 1796 1119 μὲν
1855 1045 1996 1116 αὒτῷ

328 1140 410 1208 τῷ
468 1131 696 1214 Ἰωσὴφ,
756 1134 859 1198 ἕως
918 1136 978 1192 οὗ
1033 1131 1146 1190 ἴδεν
1197 1135 1272 1197 εἰς
1333 1133 1583 1212 οὐρανοὺς
1639 1131 1998 1211 ἀνερχύμενον

333 1224 427 1280 τον
483 1225 606 1279 Υἱδν
679 1225 868 1292 αὒτῆς.
945 1223 1044 1280 Διά
1111 1229 1268 1279 τοῦτο
1335 1221 1479 1300 λέγει
1545 1223 1574 1279 6
1621 1219 1997 1298 εὒαλγελιστὴς

339 1314 612 1376 lla-.0120:
687 1329 700 1344 '
779 1313 880 1372 Καὶ
961 1315 1056 1372 οὒκ
1137 1311 1420 1391 ἐγίνωσκεν
1503 1311 1689 1390 αὐτὴν,
1768 1306 1867 1372 ’έως
1940 1309 2000 1364 οὗ

334 1397 514 1457 ἔτεκεν
594 1403 686 1458 τὸν
755 1405 864 1458 υἱον
935 1401 1102 1469 ανότῆς
1153 1403 1244 1458 τὸν
1297 1400 1633 1480 πρωτότοκον
1687 1423 1710 1456 ι
1764 1413 1778 1428 ⁸
1853 1419 2002 1453 τουτ-

333 1488 480 1546 έστιν
527 1507 546 1526 ο
603 1489 697 1548 οέκ
749 1490 1030 1568 ἐγίνωσκεν
1081 1489 1148 1548 τά
1201 1491 1462 1569 μυςτήρια
1516 1495 1610 1546 τοῦ
1667 1495 1822 1562 Θεοῦ,
1883 1483 1999 1542 οὒδὲ

334 1579 398 1635 τὸ
466 1578 832 1658 κεκρυμμένον
917 1579 1074 1656 βάθος
1147 1585 1254 1636 τῶν
1337 1575 1423 1634 ἐπ’
1482 1577 1616 1654 αὒτῇ
1670 1574 2000 1650 τελουμένων

337 1656 694 1746 πραγμάτων.
747 1656 845 1724 Ἠν
901 1666 955 1724 δὲ
1011 1667 1185 1747 ἡμέρα
1241 1673 1347 1735 τῆς
1399 1663 1684 1742 ἑϐδομάδος
1741 1665 1928 1743 πρώτη
1984 1681 1998 1693 ⁸

337 1757 477 1812 κατά
532 1754 588 1811 δὲ
643 1759 736 1814 τὸν
794 1756 1109 1824 σεληνιακὸν
1157 1755 1362 1814 κύκλον”
1399 1756 1506 1830 μὴν
1556 1761 1789 1834 πρῶτος,
1834 1751 1997 1831 ἤγουν

343 1841 650 1923 ’Λπρέλλιος

353 1933 585 1992 ἐνιαυτώ
638 1954 654 1970 ο
704 1935 863 1990 αὒτοῦ
908 1934 1096 2013 πρώτη
1145 1933 1344 2014 ἡμέρα³
1391 1932 1444 1988 ἐν
1505 1938 1541 2008 ᾖ
1594 1934 1657 1988 τὸ
1701 1929 1998 2010 πρωτόκτι-

357 2041 478 2078 στον
527 2022 692 2090 ἠλάθη
737 2025 927 2087 σκότος
982 2039 996 2054 ⁸
1049 2024 1138 2080 καὶ
1165 2023 1320 2080 εἶπεν
1369 2023 1398 2079 6
1441 2023 1570 2084 Θεός
1609 2037 1623 2052 ⁸
1659 2043 1682 2076 ιι
1718 2021 2002 2090 Γενηθήτω

356 2116 492 2190 φῶς,
547 2113 632 2167 καὶ
681 2113 891 2191 ἐγένετο
951 2118 1062 2192 φῶς
1094 2135 1122 2167 n
1167 2131 1178 2144 '
1242 2111 1350 2186 μὴν
1400 2109 1454 2166 δὲ
1511 2109 1686 2183 ἕκτος,
1722 2105 2002 2190 ἀφ’ίοῦπερ

359 2197 606 2267 Ἰωάννης
661 2203 690 2259 6
751 2203 1054 2268 Βαπτιστὴς
1113 2199 1413 2280 συνελήφθη
1449 2217 1462 2230 ⁸
1522 2207 1600 2273 τῷ
1644 2200 1745 2278 γάρ
1796 2196 2004 2272 ἑϐδόμῳ

349 2289 481 2362 μηνὶ
530 2295 630 2356 τῆς
687 2291 1091 2368 Σκηνοπηγίας.
1154 2288 1570 2364 ἐπιτελουμένων
1622 2295 1728 2344 τῶν
1775 2286 1999 2366 Ἐγκαι-

346 2377 472 2433 νίων
542 2380 632 2435 καὶ
700 2385 800 2448 τῆς
869 2379 1252 2458 καταπαύσεως
1323 2383 1424 2444 τῆς
1493 2374 1746 2458 κιϐωτοῦ,
1817 2375 2002 2432 λοιπὸν

341 2465 590 2534 εἰσῆλθεν
645 2469 717 2532 εἷς
773 2468 840 2524 τὰ
895 2451 1045 2547 ’,Αγια
1099 2474 1205 2525 τῶν
1249 2466 1412 2544 ἁγίων
1483 2465 1815 2545 μονώτατος,
1869 2467 2003 2523 κατὰ

338 2557 437 2612 τὸν
501 2556 666 2632 νόμον
735 2565 829 2614 τοῦ
899 2560 1168 2632 θυμιᾶσαι.
1240 2557 1329 2614 καὶ
1383 2553 1533 2636 ὤφθη
1586 2557 1726 2630 αὗτῷ
1776 2554 2002 2634 ἄγγελος

343 2641 609 2724 Γαϐριήλ,
666 2643 801 2702 Ἀπὸ
851 2645 970 2702 τότε
1016 2645 1104 2702 οὖν
1165 2649 1211 2702 οἱ
1259 2650 1424 2720 μῆνες
1470 2643 1828 2723 ἀριθμοῦνται,
1867 2645 2005 2700 κατά

337 2733 435 2790 τὸν
480 2732 802 2800 σεληνιακὸν
845 2732 1036 2791 κύκλον
1079 2749 1094 2765 ⁸
1155 2734 1368 2814 ὕστερον
1427 2731 1482 2788 δὲ
1538 2731 1900 2804 ἐπενοήθησαν
1956 2736 2003 2789 οἱ

339 2821 703 2902 ἐνδικτιῶνες,
735 2824 822 2880 καὶ
853 2825 899 2879 οἱ
930 2828 1093 2899 μῇνες
1123 2825 1267 2902 παρά
1301 2814 1598 2898 Ῥωμαίοις.
1767 2879 1774 2886 _

425 2901 493 2970 Ι..
528 2913 603 2970 Τὸ
651 2911 706 2968 δὲ
752 2913 922 2968 εἰπεῖν
976 2911 1074 2979 τὴν
1119 2901 1276 2990 ἄγιαν
1322 2909 1582 2990 Παρθένον
1632 2912 1764 2990 πρὸς
1795 2912 1885 2966 τὸν
1915 2909 2007 2990 ἀρ-

338 3000 624 3086 χάγγελον
677 3003 692 3018 ⁸
733 3024 760 3055 α
783 3007 906 3064 Ηώς
935 3000 1079 3057 ἔσται
1110 3023 1200 3076 μοι
1247 3010 1422 3075 τοῦτο,
1471 2999 1583 3058 ἐπεὶ
1621 2999 1778 3080 ἄνδρα
1806 3001 1866 3058 ού
1913 3023 2004 3079 γι-

339 3093 541 3149 νώσκω
580 3113 604 3144 n
645 3109 662 3168 ;
718 3091 890 3153 καθὼς
917 3091 1006 3146 καὶ
1061 3086 1414 3168 προλαϐόντες
1471 3090 1756 3168 εἰρήκαμεν
1815 3105 1829 3118 ⁸
1889 3087 2006 3168 ἔχει

343 3184 434 3239 καὶ
489 3179 678 3260 ἑτέραν
736 3181 854 3236 τινὰ
911 3178 1135 3250 ἔννοιαν,
1195 3182 1290 3237 οὒκ
1343 3176 1642 3252 ἀπᾴδουσαν
1699 3183 1798 3246 τῆς
1853 3178 2004 3258 πρώ-

351 3292 448 3338 της
471 3271 565 3326 καὶ
606 3270 863 3347 προτέρας
906 3269 1062 3342 ἡμῶν
1104 3265 1406 3345 διηγήσεως
1458 3283 1472 3296 ⁸
1523 3267 1788 3324 τουτέστιν
1830 3285 1844 3299 ⁸

359 3357 450 3437 δρα
504 3360 602 3414 οὒκ
657 3356 896 3432 ἐπιθυμῶ
937 3371 952 3386 ⁸
1015 3355 1198 3435 ἀνδρὸς
1247 3355 1522 3431 ἐπιθυμίαν
1571 3359 1632 3414 οὖ
1689 3355 1956 3432 κέκτημαι
1990 3371 2005 3385 ⁸

361 3452 454 3507 ὠκ
507 3448 630 3505 οἶδα
682 3445 891 3522 θέλημα
961 3451 1217 3526 σαρκικῆς
1289 3445 1562 3522 ἐπιθυμίας
1629 3447 1813 3527 ἀνδρός
1874 3463 1888 3477 ⁸
1952 3448 2012 3504 οὗ

1897 3234 2006 3324 Ἀν-
2024 3234 2068 3297 α

2075 689 2136 744 et
2189 679 2510 742 declaravit
2562 680 2621 743 ei
2680 679 2882 742 omnia
2957 679 3237 761 mysteria
3292 681 3366 743 de
3423 681 3730 761 unigenito

2076 769 2228 833 Filio
2263 769 2390 841 Dei,
2420 787 2552 848 quae
2582 778 2640 831 et
2683 767 2746 830 in
2797 769 3136 848 Evangeliis
3185 769 3410 850 scripta
3452 779 3592 831 sunt
3625 787 3640 833 :
3675 779 3734 832 et

2077 875 2252 919 nemo
2305 855 2546 919 rescivit
2605 857 2761 937 quod
2820 857 3038 918 factum
3094 871 3222 919 erat
3269 877 3336 920 ex
3387 858 3564 920 domo
3596 877 3725 935 sua,

2077 965 2191 1008 nec
2219 947 2346 1026 ipsa
2374 945 2433 1007 id
2464 945 2738 1027 cuiquam
2792 945 3182 1022 annuntiavit,
3235 965 3310 1010 ne
3340 946 3455 1028 ipsi
3487 947 3730 1027 quidem

2077 1032 2364 1115 Josepho,
2408 1035 2600 1096 donec
2620 1034 2838 1095 viditin
2869 1035 3487 1097 coelosascendentem
3510 1035 3729 1099 Filium

2083 1141 2280 1187 suum.
2313 1121 2454 1186 Ideo
2487 1122 2632 1184 dicit
2661 1123 3020 1202 evangelista
3074 1125 3386 1186 Matthteus
3418 1143 3432 1184 :
3485 1125 3566 1187 Et
3614 1142 3738 1188 non

2083 1213 2464 1293 cognoscebat
2480 1229 2633 1286 eam,
2649 1211 2835 1274 donec
2847 1213 3087 1292 peperit
3100 1213 3168 1291 ﬁl
3175 1213 3300 1274 ium
3319 1231 3493 1276 suum
3504 1215 3708 1294 primo
3722 1246 3738 1261 -

2081 1302 2450 1382 genitum":
2501 1300 2614 1362 hoc
2663 1310 2782 1363 est:
2827 1319 2946 1362 non
2995 1301 3394 1380 cognoscebat
3454 1302 3736 1384 mysteria

2081 1391 2215 1465 Dei,
2250 1409 2360 1452 nec
2389 1388 2799 1451 absconditam
2841 1389 3300 1470 profunditatem
3343 1409 3568 1472 rerum,
3602 1409 3734 1474 quae

2081 1479 2143 1541 in
2175 1497 2246 1542 ea
2295 1477 2778 1560 perﬁciebantur.
2823 1478 2967 1539 Erat
3015 1485 3212 1540 autem
3241 1479 3370 1540 dies
3401 1481 3734 1542 hebdoma-

2085 1568 2177 1630 dis
2209 1567 2398 1648 prima
2426 1585 2440 1627 :
2477 1574 2535 1628 et
2557 1567 2726 1646 juxta
2755 1565 3024 1626 lunarem
3081 1567 3314 1648 cyclum
3345 1569 3574 1630 mensis
3607 1569 3735 1651 pri-

2087 1674 2242 1730 mus,
2301 1674 2519 1736 nempe
2571 1654 2794 1736 Aprilis
2854 1654 2974 1736 (hic
3012 1664 3102 1716 est
3151 1656 3373 1718 mensis
3418 1659 3645 1738 primus
3673 1658 3734 1721 in

2085 1744 2393 1807 mensibus
2423 1743 2590 1824 anni)
2623 1761 2636 1806 :
2673 1742 2802 1805 dies
2861 1744 3052 1824 prima
3099 1743 3310 1824 ipsius,
3345 1764 3462 1826 qua
3491 1747 3588 1809 die
3620 1747 3737 1828 pri-

718 1863 730 1876 '
793 1847 945 1910 οὗτος
1006 1845 1112 1921 μὴν
1170 1846 1377 1926 πρῶτος
1427 1845 1480 1902 ἐν
1527 1857 1646 1908 τοῖς
1696 1845 1858 1920 μησὶν
1907 1849 2000 1898 τοῦ

2091 1835 2358 1913 migeniaa
2403 1831 2666 1895 tenebrae
2709 1832 2968 1914 expulsae
3013 1843 3171 1906 sunt,
3220 1833 3483 1914 dixitque
3531 1836 3731 1916 Deus;

2089 1927 2230 1986 Fiat
2261 1925 2400 1992 lux,
2435 1929 2489 1986 et
2517 1925 2684 2001 facta
2715 1929 2804 1984 est
2851 1925 2997 1984 lux:
3033 1921 3260 1983 mensis
3301 1933 3502 1986 autem
3531 1935 3736 1990 sextus

2085 2019 2162 2080 ab
2184 2036 2254 2079 eo
2302 2025 2592 2098 tempore,
2644 2035 2761 2096 quo
2804 2015 3068 2078 Joannes
3119 2016 3378 2098 Baptista
3407 2029 3734 2101 conceptus

2085 2111 2230 2172 fuit:
2269 2129 2404 2171 nam
2451 2111 2706 2190 septimo
2757 2128 2964 2172 mense
3015 2108 3423 2192 Scenopegias,
3458 2112 3598 2174 dum
3629 2132 3734 2176 ce-

2084 2198 2458 2261 lebrarentur
2510 2197 2808 2273 Encaenia,
2878 2206 2936 2259 et
2990 2198 3228 2280 requies
3275 2219 3449 2274 arcae,
3510 2202 3736 2266 Zacha-

2083 2289 2204 2352 rias
2233 2289 2357 2367 :44)
2388 2289 2696 2368 ingressus
2728 2302 2818 2351 εει
2847 2287 2907 2348 in
2933 2289 3146 2350 Sancta
3177 2297 3517 2352 sanctorum
3545 2292 3733 2374 solus,

2083 2380 2336 2456 utjuxta
2366 2379 2558 2456 legem
2591 2377 2951 2438 sufﬂimenta
2980 2377 3247 2457 offerret,
3283 2387 3340 2439 et
3374 2380 3656 2460 apparuit
3683 2381 3740 2444 ei

2086 2467 2288 2545 agelus
2328 2465 2590 2530 Gabriel.
2647 2469 2728 2528 Ex
2775 2485 2846 2527 eo
2888 2474 3152 2547 tempore
3198 2467 3381 2545 igitur
3413 2487 3740 2532 numeran-

2090 2564 2184 2617 tur
2213 2574 2472 2636 menses,
2504 2554 2670 2634 juxta
2719 2555 2988 2615 lunarem
3039 2554 3306 2635 cyclum:
3361 2565 3566 2636 postea
3596 2577 3736 2621 vero

2089 2645 2433 2724 excogitatae
2507 2651 2646 2705 sunt
2717 2643 3080 2706 indictiones
3155 2662 3224 2706 ac
3291 2663 3532 2728 menses
3611 2647 3737 2712 Ro-

2089 2752 2273 2798 mam.

2168 2912 2246 2975 X.
2279 2910 2446 2984 Quod
2506 2929 2647 2974 vero
2705 2911 2787 2973 ait
2843 2918 3045 2974 sancta
3102 2910 3278 2990 Virgo
3335 2913 3740 2993 archangelo:

2093 3001 2403 3076 Quomodo
2417 3001 2521 3081 ﬁet
2536 3002 2691 3063 mihi
2701 3002 2891 3076 istud,
2905 3003 3748 3084 quoniamvirumnoncogno-

2089 3090 2233 3152 sco?
2263 3089 2416 3151 sicut
2441 3098 2613 3150 antea
2661 3089 2942 3164 diximus,
2997 3089 3178 3152 habet
3227 3090 3402 3152 etiam
3445 3094 3741 3172 quandam

2093 3177 2247 3239 alian
2275 3177 2792 3255 signiﬁcationem,
2825 3197 2958 3259 qua;
2985 3178 3182 3240 aliena
3211 3198 3328 3240 non
3363 3188 3450 3240 est
3478 3199 3513 3240 a
3546 3181 3738 3262 prima

2095 3279 2298 3330 nostra
2325 3269 2813 3350 interpretatione
2859 3269 3138 3348 superius
3187 3269 3424 3334 tradita.
3459 3271 3582 3334 Iloc
3612 3281 3738 3336 est:

2091 3357 2303 3422 Virum
2326 3377 2443 3420 non
2467 3357 2828 3440 concupisco
2854 3357 3255 3438 :_viriconcup
3273 3358 3498 3420 scentia
3522 3378 3698 3424 careo
3725 3381 3738 3420 :

2099 3466 2219 3508 non
2269 3447 2403 3508 novi
2443 3447 2742 3508 voluntate
2791 3445 3049 3507 carnalis
3087 3446 3574 3527 concupiscentia
3605 3448 3743 3515 viri.

362 3539 460 3618 γὰρ
525 3537 684 3617 ’ἔσχεν
753 3536 852 3603 τὴν
923 3537 1198 3614 παρθενίαν
1265 3536 1355 3592 καὶ
1411 3535 1508 3602 τὴν
1566 3535 1871 3615 ἐγκράτειαν
1929 3549 2004 3598 καῖ

2097 3535 2218 3598 Nec
2235 3537 2394 3597 enim
2414 3534 2667 3596 habebat
2680 3533 3078 3612 virginitatem
3097 3543 3152 3597 et
3166 3534 3594 3597 continentiam
3609 3554 3742 3600 cum

366 3629 562 3706 ἀγῶνα,
615 3626 793 3705 ὥςπερ
862 3631 970 3682 τῶν
1035 3631 1294 3702 γυναικῶν
1375 3627 1428 3681 αἱ
1495 3626 1851 3706 κοσμιώτεραι
1927 3633 2004 3683 καῖ

2099 3627 2426 3688 tentatione
2458 3633 2522 3685 ut
2551 3624 2833 3686 mulieres
2854 3623 3276 3698 modestiores,
3299 3643 3370 3686 ac
3399 3625 3474 3686 de
3504 3635 3737 3706 tempe-

362 3719 457 3786 τὴν
528 3715 857 3796 συφροσύνην
933 3714 1347 3792 ἐπιμελούμεναι
1409 3734 1426 3750 θ
1485 3713 1604 3772 ἀλλ’
1677 3715 1738 3774 ἐκ
1787 3737 2012 3796 φύσεως,

355 3807 483 3888 ὅπερ
552 3807 692 3864 ἐστὶν
763 3804 1037 3886 ἐξαίρετων
1105 3812 1289 3862 πασῶν
1359 3812 1466 3862 τῶν
1533 3811 1796 3884 γυναικῶν
1829 3853 1844 3880 ,
1919 3806 2006 3862 καὶ

351 3897 497 3964 ξένον
561 3901 663 3962 τῆς
721 3895 1049 3974 ἀνθρωπίνης
1099 3895 1328 3974 φύσεως.
1391 3895 1489 3952 Καὶ
1539 3895 1694 3952 τοῦτό
1751 3894 1890 3951 ἐστιν
1945 3895 2008 3950 τὸ

347 3987 496 4066 παρὰ
550 3983 806 4056 ’ῐεζεκιὴλ
861 3991 955 4040 τοῦ
1011 3984 1280 4064 προφήτου
1311 3982 1586 4063 εἰρημένον
1619 3999 1635 4013 ⁸
1679 4003 1703 4039 ιι
1740 3981 1919 4040 Ἐσται
1974 3985 2011 4050 ἡ

349 4074 496 4142 πύλη
567 4075 604 4141 ἡ
674 4075 811 4130 κατὰ
880 4071 1138 4136 ἀνατολὰς
1220 4070 1595 4148 κεκλεισμένη,
1680 4073 1768 4130 καὶ
1849 4069 2010 4134 οὒδεὶς

351 4166 416 4222 οὗ
469 4164 550 4238 μὴ
597 4161 773 4240 διέλθῃ
834 4162 880 4219 έῖ
931 4164 1118 4243 αὐτῆς³
1170 4163 1213 4218 εἰ
1270 4161 1348 4236 μὴ
1407 4162 1594 4241 Κύριος
1643 4164 1672 4218 6
1731 4163 1860 4226 Θεὸς
1917 4159 2014 4218 Ἰσ-

353 4251 493 4334 ραήλ
567 4271 582 4287 ·
659 4254 812 4316 αὖτὸς
897 4252 1058 4329 μόνος
1141 4249 1486 4308 εἰσελεύσεται
1570 4253 1660 4309 καὶ
1741 4250 2010 4318 ἐξελεύσε-

351 4365 442 4402 ται
511 4339 579 4397 δι’
651 4342 842 4420 αὖτῆς,
917 4343 1002 4397 καὶ
1054 4340 1198 4396 ἔσται
1362 4338 1503 4408 πύλη
1564 4339 1939 4415 κεκλεὶσμένη,
1980 4362 2004 4396 n

356 4433 458 4490 Καὶ
550 4431 746 4492 πάντες
832 4428 888 4486 δὲ
975 4433 1022 4486 οἱ
1101 4435 1368 4509 προφῆται
1451 4433 1496 4486 οἱ
1572 4427 1859 4486 ἀπόστολοι
1948 4431 2012 4484 τὸ

355 4519 486 4578 αὖτὸ
515 4529 864 4599 μαρτυροῦσιν
900 4539 911 4551 ·
948 4517 1083 4574 ἀλλὰ
1131 4521 1220 4576 καὶ
1271 4522 1318 4575 οἱ
1370 4524 1647 4599 φωστῆρες
1695 4521 1742 4574 οἱ
1785 4518 2010 4596 Πατέρες

352 4611 511 4684 ἡμῶν
575 4609 666 4665 καὶ
737 4610 785 4664 οἱ
853 4605 1154 4664 διδάσκαλοι
1225 4612 1324 4674 τῆς
1382 4605 1670 4674 καθολικῆς
1729 4607 1815 4662 καὶ
1869 4605 2013 4661 ἀπο-

353 4697 614 4764 πολικῆς
674 4693 986 4764 Ἐκνλησίας
1041 4700 1184 4770 αὒτῷ
1238 4705 1624 4776 σνδμιρωνοῦςιν.
1691 4695 1784 4752 At?)
1841 4696 1928 4751 καὶ
1984 4695 2012 4751 6

355 4787 526 4866 μέγας
601 4786 868 4866 Διονύςιος
941 4787 970 4842 6
1041 4782 1429 4864 Ἀρεοπαγίτης
1500 4807 1663 4865 φησιν
1734 4783 1852 4862 μερὶ
1920 4791 2014 4840 τοῦ

355 4863 609 4955 Χριστοῦ,
666 4872 746 4931 ὅτι
805 4863 965 4953 ιΥπὲρ
1020 4863 1291 4954 ἄνθρωπον
1348 4873 1416 4929 τὰ
1469 4863 1768 4952 ἀνθρώπινα
1825 4868 2014 4950 ἔπρατ-

352 4984 442 5020 τεν
505 4979 519 4993 ⁸
579 4963 670 5020 καὶ
750 4974 1006 5042 μαρτυρεῖ
1083 4961 1362 5040 παρθενίαν
1418 4960 1662 5041 γέννησιν
1713 4960 1803 5018 καὶ
1857 4958 2012 5023 τόκος

437 5079 470 5129 4
494 5079 661 5144 Matt.
696 5095 738 5142 ι.
821 5079 855 5130 5
881 5077 1100 5142 Ezech.
1131 5093 1294 5155 μιν,
1321 5076 1380 5157 2,
1409 5078 1470 5140 3.

2099 3715 2292 3777 rantia
2337 3713 2628 3790 sollicitae,
2688 3713 2794 3774 sed
2849 3731 2918 3774 ex
2979 3720 3186 3774 natura
3239 3712 3403 3774 illam
3454 3714 3740 3792 habebat,

2099 3805 2256 3886 quod
2288 3803 2566 3866 eximium
2600 3813 2689 3864 est
2735 3821 2804 3863 ac
2854 3801 3155 3879 singulare
3199 3821 3380 3882 supra
3410 3822 3619 3865 omnes
3650 3804 3742 3866 fe-

2089 3894 2304 3965 minas,
2332 3900 2390 3954 et
2421 3890 2952 3956 extraordinarium
2972 3891 3244 3953 humana;
3267 3900 3512 3954 naturae.
3545 3894 3744 3974 Atque

2089 3987 2379 4052 hoc'illud
2411 3993 2524 4062 est,
2557 3985 2712 4067 quod
2729 3986 2803 4046 ab
2821 3983 3131 4047 Ezechiele
3179 3987 3469 4067 propheta
3520 3986 3746 4050 dictum

2093 4081 2241 4144 fuit:
2275 4079 2419 4144 Erit
2438 4088 2626 4162 porta
2643 4077 2958 4142 orientalis
2988 4079 3220 4155 clausa,
3251 4085 3308 4142 et
3337 4097 3512 4142 nemo
3537 4088 3744 4144 trana-

2095 4176 2210 4239 ibit
2217 4191 2496 4254 peream,
2517 4171 2942 4236 nisiDomiuus
2961 4171 3117 4234 Deus
3131 4167 3378 4234 Israelis
3402 4189 3417 4234 :
3443 4171 3748 4252 ipsesolus

2097 4263 2496 4344 ingredietur,
2533 4263 2593 4324 ei
2620 4261 2967 4342 egredietur
2989 4279 3101 4342 per
3123 4278 3295 4322 eam:
3342 4268 3400 4324 et
3429 4264 3546 4324 erit
3569 4269 3751 4342 porta

2095 4352 2300 4416 clausa
2328 4352 2380 4411 5.
2414 4349 2636 4413 Omnes
2697 4349 2942 4430 insuper
2997 4349 3303 4430 prophetae
3357 4359 3416 4412 et
3495 4349 3751 4430 apostoli

2095 4441 2256 4502 idem
2288 4448 2576 4502 testantur
2607 4456 2620 4500 :
2655 4437 2798 4518 quin
2831 4447 2890 4500 et
2932 4437 2973 4498 ii
3004 4437 3105 4518 qui
3151 4445 3290 4498 sunt
3319 4437 3656 4512 luminaria,
3691 4445 3757 4501 et

2096 4537 2305 4594 Patres
2325 4528 2530 4602 nostri,
2566 4536 2624 4590 et
2675 4525 2937 4606 magistri
2986 4526 3294 4588 catholicae
3317 4533 3374 4587 et
3410 4527 3753 4608 apostolicae

2095 4619 2376 4682 Ecclesiae
2425 4619 2534 4679 hac
2579 4617 2641 4678 in
2685 4635 2751 4678 re
2800 4614 3206 4678 consentiunt.
3256 4613 3460 4696 Itaque
3496 4634 3750 4696 magnus

2096 4709 2280 4772 etiam
2328 4704 2642 4787 Dionysius
2687 4705 3044 4785 Areopagita
3089 4705 3210 4783 (45)
3263 4703 3339 4765 de
3371 4703 3603 4766 Christo
3628 4703 3746 4768 ait:

2105 4820 2128 4854 ιι
2165 4799 2358 4878 Supra
2387 4795 2694 4858 hominem
2740 4794 3000 4856 humana
3043 4793 3427 4874 cperabatur.
3467 4817 3491 4852 ι)
3525 4791 3597 4855 Et
3627 4793 3750 4856 vir-

2097 4886 2279 4968 ginali
2297 4883 2666 4964 generationi
2687 4882 3091 4944 testimonium
3113 4879 3390 4962 perhibet
3411 4881 3588 4944 etiam
3607 4901 3748 4964 par-

2099 4984 2193 5039 tus
2220 4973 2531 5038 doloribus
2552 4990 2796 5038 vacuus.
2829 4971 3189 5034 Athanasius
3237 4970 3342 5052 (46
3369 4981 3569 5036 autem
3601 4973 3747 5034 Ale-

1753 5259 2103 5342 Mingarellii
2134 5265 2310 5322 notae.

443 5383 567 5465 (44)
592 5381 982 5465 Desideratnr
1008 5382 1071 5444 in
1102 5381 1314 5465 codice
1340 5399 1561 5445 nomen
1595 5379 1916 5465 Zachariae.

445 5461 749 5544 (45JCitat,
773 5463 1010 5545 opinor,
1035 5463 1362 5545 Monachus
1378 5476 1584 5526 noster
1606 5461 1916 5545 epistola_rn
1949 5461 2011 5545 ξι,

356 5533 746 5625 οϐ’ϐεἱυω,’
781 5533 842 5606 in
891 5533 1009 5625 qua
1066 5544 1194 5607 haec
1261 5551 1491 5608 exstant
1558 5533 1785 5625 verba:
1853 5533 2014 5625 ἰ’ςπὲρ

357 5626 630 5708 ἄνθρωπον
662 5622 871 5708 ἐνήργει
1037 5625 1309 5707 ἀνθρώπου
1355 5641 1369 5656 ⁸
1421 5627 1508 5708 καὶ
1553 5622 1715 5692 δηλοῖ
1753 5622 2011 5708 Παρθένος

354 5702 632 5789 ὑπερφυῶς
661 5702 878 5789 κύουσα.
909 5703 977 5767 Id
1007 5713 1097 5789 est
1128 5702 1143 5770 Ξ
1197 5708 1404 5789 Supra
1435 5707 1772 5789 humanam
1801 5702 2008 5789 condi-

358 5784 600 5869 tionem,
615 5785 993 5869 operabatur
1025 5784 1244 5867 (Jesus)
1277 5784 1350 5850 ea
1376 5803 1510 5866 qua:
1545 5791 1686 5848 sunt
1717 5784 2006 5869 hominis.

361 5869 542 5944 Quod
563 5863 862 5949 declarat
885 5863 1066 5949 Virgo
1093 5863 1234 5948 quoi
1251 5863 1453 5949 supra
1482 5873 1777 5949 naturain
1812 5863 2006 5945 parit.

441 5949 563 6028 (46)
591 5949 816 6014 Locum
845 5943 1038 6025 hunc,
1068 5943 1121 6011 a‘
1144 5943 1368 6027 verbis,
1401 5945 1706 6011 ’Δθσνάσιος
1735 5943 1790 6004 δὲ
1814 5943 2010 6024 usque

2096 5377 2166 5440 ad
2201 5375 2638 5456 ἐπληροφορήθη,
2687 5371 2864 5434 affert
2909 5370 3287 5456 Allatiusin
3309 5369 3496 5456 Novis
3517 5371 3590 5434 ad
3621 5372 3752 5456 Eu-

2095 5455 2296 5520 stalhii
2310 5451 2742 5517 Hexaemeron.
2764 5470 2890 5532 pag.
2909 5453 3029 5517 286
3045 5452 3322 5515 editionis
3337 5451 3754 5532 Lugdunensis

2095 5537 2236 5598 anni
2266 5534 2440 5616 1629ΔΓ
2465 5533 2598 5616 Ipse
2623 5531 2822 5616 tamen
2850 5531 2991 5611 legit
3019 5531 3082 5594 in
3112 5551 3218 5594 suo
3250 5531 3458 5616 codice
3486 5532 3748 5614 ὒρθόδοξοι

2094 5635 2202 5700 pro
2224 5611 2514 5700 νόρθοδόξως
2549 5633 2564 5678 2
2596 5623 2660 5700 _et
2685 5611 3108 5700 θέησλαφηθετσα
3157 5632 3282 5700 pr0_
3313 5611 3696 5700 ψηλαφηθεῖσα
3732 5635 3747 5674 :

2095 5691 2154 5777 et
2207 5691 2378 5777 ροοϐίν
2425 5713 2534 5776 pro
2584 5692 2814 5777 ῥουῖξίμε
2863 5691 2931 5756 ac
2977 5691 3222 5777 demum
3257 5691 3746 5777 ἐπεξεργὰσάμενος

2093 5775 2178 5836 διὰ
2205 5771 2304 5846 τῆς
2337 5771 2526 5856 μαρὶας
2561 5771 2665 5858 pro
2687 5771 3168 5855 ἐπεξεργασάμενος
3199 5773 3283 5831 διὰ
3312 5771 3624 5850 τῆςμαίας.
