4154 6414
454 378 573 447 203
1751 384 2104 450 ΕΡΙΡΗΑΝ]

2190 383 2530 451 MONACHI
3715 383 3833 451 204

538 515 691 582 XIV.
722 514 795 581 Et
826 517 1120 599 Josephus
1146 517 1370 582 mansit
1406 518 1471 582 in
1530 517 1776 600 Egypto
1809 536 1947 581 cum
1976 515 2104 578 ﬁliis

2276 507 2387 581 ῙΔ’.
2423 508 2481 576 Ὀ
2509 514 2566 573 δὲ
2622 513 2820 598 Ἰωσὴφ
2874 516 3121 585 ἐποίησεν
3174 519 3248 583 εἰς
3300 517 3570 598 Αἴγυπτον
3604 518 3694 577 σὺν
3723 532 3841 584 τοῖς

455 605 603 684 suis,
641 615 699 669 et
753 604 1011 684 ﬁliabus,
1075 616 1132 671 et
1187 607 1464 690 Deipara,
1523 616 1581 672 et
1635 607 1868 673 Christo
1922 623 2104 668 annos

2190 608 2327 669 υἱοῖς
2394 607 2552 665 αὐτοῦ
2621 607 2710 662 καὶ
2777 618 2900 690 ταῖς
2968 607 3281 685 θυγατράσιν
3339 609 3426 664 καὶ
3482 615 3551 686 τῇ
3601 609 3846 683 Θεοτόκῳ

456 694 763 777 quinque:
802 703 925 758 tum
959 684 1485 769 obrevelationem
1514 697 1785 773 recessit,
1820 705 1877 758 et
1899 714 2104 757 rever-

2190 695 2382 769 καὶτῷ
2436 698 2646 774 Χριστῴ
2700 693 2795 763 ἔτη
2843 684 2910 771 ε’,
2971 684 3059 752 καὶ
3114 694 3299 753 λοιπὸν
3357 694 3423 753 δι’
3455 684 3843 774 ἆπ-οκαλυψεως

457 800 560 847 sus
586 784 749 845 venit
777 783 841 846 in
893 784 1182 848 Nazareth
1229 785 1505 852 Galilaate.
1563 786 1637 849 Et
1665 785 1895 867 accepit
1926 783 2104 846 tiliam

2190 784 2534 865 ἀνεχώρησεν
2571 803 2585 816 ⁸
2675 786 2764 841 καὶ
2834 784 3171 865 ἀποστρέψας
3238 785 3395 854 ἦλθεν
3466 790 3539 853 εἷς
3611 789 3846 868 Ναζαρὲτ

456 871 706 958 Mariam
733 873 917 936 frater
944 873 1211 956 ipsorum
1242 874 1487 957 Cleopas
1543 876 1605 938 in
1633 893 1878 938 uxorem
1913 891 2079 935 suam

2190 878 2287 940 τῆς
2344 872 2649 938 Γαλιλαίας.
2714 875 2813 933 Καὶ
2869 871 3052 931 ἔλαϐεν
3109 875 3207 943 τὴν
3262 876 3518 958 θυγατέρα
3563 879 3763 957 Μαρίαν
3815 880 3845 935 6

457 957 708 1042 Cleopas
732 971 929 1025 autem
950 963 1344 1045 frateripsius
1363 965 1610 1047 Josephi
1633 966 1753 1045 (54)
1790 983 1860 1026 ex
1895 961 2103 1025 eodem

2190 958 2409 1043 ἀδελφὸς
2440 966 2611 1021 αὐτῶν
2643 961 2873 1027 Κλωπᾶς
2924 976 3151 1041 γυναῖκα
3208 964 3378 1039 ἑαυτῷ
3412 982 3426 996 ⁸
3459 957 3731 1030 νΚλεόπας
3785 966 3843 1023 δὲ

457 1050 695 1114 Patrem
723 1051 939 1116 Jacobo
969 1053 1119 1116 nati.
1150 1052 1221 1115 Et
1275 1054 1477 1134 genuit
1527 1074 1598 1116 ex
1629 1073 1699 1116 ea
1727 1055 2102 1135 Symeonem.

2190 1051 2216 1106 6
2286 1048 2506 1135 ἀδελφὸς
2562 1054 2740 1131 αὐτοῦ,
2788 1048 2979 1108 Ἰακὼϐ
3046 1052 3370 1132 ὁμοπάτριος
3433 1053 3494 1110 ἐκ
3562 1061 3652 1111 τοῦ
3726 1053 3840 1113 Ἰα-

460 1139 720 1219 Symeon
747 1159 886 1203 vero
916 1141 1028 1204 iste
1068 1150 1201 1222 post
1244 1141 1532 1206 Jacobum
1563 1143 1805 1205 fratrem
1841 1138 2103 1214 Domini,

2190 1134 2322 1212 κὼϐ,
2377 1141 2467 1195 καὶ
2522 1139 2801 1217 ἐγέννησεν
2858 1136 2910 1205 ἐξ
2966 1143 3128 1207 αὐτῆς
3183 1143 3274 1197 τὸν
3332 1148 3608 1218 Συμεῶνα.
3674 1146 3839 1207 Οὗτος

459 1228 776 1315 episcopus
804 1229 1002 1292 fuitin
1054 1230 1439 1294 Jerusalem:
1501 1239 1560 1294 et
1608 1231 1719 1295 sub
1766 1230 2103 1292 Domitiano

2190 1226 2240 1283 δὲ
2293 1231 2322 1285 6
2394 1231 2612 1305 Συμεὼν
2671 1230 2806 1305 μετὰ
2865 1227 3113 1315 Ἰάκώϐον
3172 1233 3263 1288 τὸν
3311 1230 3533 1315 ἀδελφὸν
3579 1241 3670 1291 τοῦ
3728 1246 3838 1295 Κυ-

458 1309 1076 1399 Romae'imperatore,
1129 1327 1263 1401 post
1320 1322 1504 1384 multa
1564 1327 1856 1383 tormenta
1901 1326 2104 1400 postea

2190 1316 2295 1396 ρίου
2325 1315 2612 1381 ἐπίσκοπος
2671 1318 2888 1401 γέγονεν
2945 1320 3019 1381 εἷς
3079 1309 3415 1398 Ἰεροσόλυμα
3450 1309 3465 1359 ί
3497 1323 3585 1378 καὶ
3615 1322 3699 1379 ἐπὶ
3732 1333 3839 1379 Δο-

458 1405 622 1468 cruci
649 1407 853 1469 afﬁxus
884 1416 974 1470 est
1002 1399 1149 1492 (55),
1202 1428 1390 1471 annos
1447 1419 1619 1473 natus
1676 1410 1817 1491 120,
1848 1399 2102 1471 Jacobus

2190 1412 2432 1481 μετιανοῦ
2489 1405 2749 1483 βασιλέως
2807 1399 3019 1484 Ῥώμης
3057 1424 3071 1438 ⁸
3132 1411 3268 1492 μετὰ
3323 1410 3529 1476 πολλὰς
3582 1413 3840 1489 βασάνους

455 1501 651 1556 autem
681 1496 840 1560 ﬁlius
893 1488 1160 1580 Josepbi',
1220 1506 1284 1560 ut
1339 1497 1581 1579 quidam
1639 1488 1864 1575 dicunt,
1898 1496 2104 1559 habuit

2190 1495 2391 1575 ictepov
2430 1494 2755 1576 ἐσταυρώθη,
2825 1494 2902 1554 ὢν
2962 1496 3094 1555 ἐτῶν
3152 1488 3256 1579 ρκ’.
3317 1488 3651 1566 Ἰάκωϐοςδὲ
3681 1505 3709 1558 6
3736 1504 3845 1562 υἱὸς

455 1599 701 1647 uxorem
733 1585 885 1648 duos
914 1604 1126 1663 annos,
1153 1594 1213 1648 et
1240 1586 1343 1648 illa
1371 1594 1606 1650 mortua
1633 1587 1805 1649 aliam
1839 1605 1959 1648 non
1990 1586 2099 1647 ha-

2190 1581 2399 1666 Ἰωσήςρ,
2471 1583 2546 1648 ὥς
2602 1586 2755 1665 φασίν
2812 1607 2971 1659 τινες,
3048 1584 3207 1668 ἔσχεν
3261 1590 3403 1665 αὖτῷ
3460 1607 3687 1671 γυναῖκα
3734 1593 3856 1660 ᾇέπὶ

456 1671 608 1764 buit.
640 1674 821 1738 Judas
850 1675 1227 1764 verogfrater
1280 1676 1410 1757 ejus
1467 1675 1616 1739 duos
1665 1675 1818 1738 ﬁlios
1875 1674 2097 1764 genuit,

2190 1670 2273 1739 ἔτη
2301 1669 2391 1729 δύο
2426 1691 2441 1707 ⁸
2476 1674 2564 1729 καὶ
2616 1671 3009 1743 τελευτησάσης
3059 1679 3248 1753 αὐτῆς,
3309 1668 3492 1759 ἑτέραν
3540 1685 3634 1740 οὒκ
3662 1680 3843 1764 ἔσχεν,

457 1761 744 1826 Zocerum
775 1771 835 1827 et
859 1762 1195 1842 Jacobum;
1254 1756 1341 1827 sic
1395 1764 1556 1828 enim
1614 1764 1808 1828 vocati
1837 1771 1996 1825 sunt.
2030 1762 2103 1824 Ili

2190 1757 2377 1824 Ἰούδας
2408 1759 2463 1817 δὲ
2528 1763 2556 1818 6
2613 1760 2834 1842 ἀδελφὸς
2896 1767 3052 1822 αὐτοῦ
3110 1762 3358 1832 ἐποίησεν
3400 1756 3501 1825 γδύο
3529 1769 3691 1846 υἱοὺς,
3718 1756 3844 1828 ξω-

432 1860 718 1915 ‘astantes
746 1851 1083 1915 Domitiano
1131 1852 1480 1935 imperatori
1527 1854 1758 1930 Romae,
1792 1852 1868 1914 ob
1899 1870 2104 1914 eorum

2190 1848 2288 1928 κὴρ
2344 1852 2433 1905 καὶ
2491 1847 2763 1927 Ἰάκωϐον,
2837 1851 2975 1909 οὕτω
3040 1856 3620 1935 προσαγορευομένους.
3687 1863 3843 1919 Οὗτοι

455 1942 735 2005 virtutem
769 1949 830 2003 et
856 1940 1207 2023 sapientiam
1238 1959 1475 2007 cessare
1520 1941 1790 2004 fecerunt
1818 1958 2104 2023 persecu-

2190 1939 2547 2017 παραστάντες
2623 1949 2934 2017 Δομετιανῷ
3008 1942 3224 2019 βασιλεῖ
3301 1936 3532 2023 Ῥώμης,
3601 1946 3685 2005 διὰ
3741 1950 3844 2018 τὴν

458 2029 683 2093 tionem
714 2030 1074 2095 Christianis
1102 2031 1349 2095 illatam.
1402 2030 1656 2094 Jacobus
1686 2039 1884 2094 autem
1917 2037 1974 2093 et
2000 2027 2104 2093 Ju-

2190 2024 2379 2105 ἆρετήν
2437 2030 2605 2085 αὐτῶν
2661 2030 2750 2085 καὶ
2807 2031 3013 2110 σοφίαν,
3071 2033 3163 2088 τὸν
3213 2034 3350 2090 κατὰ
3419 2041 3527 2092 τῶν
3583 2044 3841 2118 Χριστια-

458 2118 568 2182 das
624 2119 837 2184 fratres
886 2119 1128 2184 Domini
1176 2120 1239 2182 in
1290 2138 1541 2182 numero
1599 2127 1738 2183 sunt
1791 2119 2104 2183 duodecim

2190 2119 2288 2170 νῶν
2361 2114 2653 2173 ἐπαύσαντο
2724 2116 2980 2197 διωγμόν.
3059 2117 3308 2185 Ἰάκωϐος
3378 2120 3433 2179 δὲ
3501 2127 3587 2182 καὶ
3632 2114 3841 2193 Ἰούδας

457 2210 883 2291 apostolorum.
913 2211 1083 2273 Joses
1111 2228 1251 2273 vero
1307 2218 1366 2273 et
1420 2213 1676 2292 Symeon
1730 2217 2104 2292 sumpserunt

2190 2201 2396 2292 άδελφοὶ
2423 2212 2517 2261 τοῦ
2576 2208 2785 2286 Κυρίου,
2848 2210 2921 2272 εἰς
2976 2209 3065 2266 τὸν
3122 2209 3342 2289 ἀριθμόν
3398 2214 3525 2272 εἰσιν
3580 2221 3687 2272 τῶν
3730 2214 3841 2273 δώ-

462 2299 579 2364 sibi
598 2317 834 2362 uxores.
860 2297 931 2360 Et
948 2297 1107 2363 Sobe
1135 2291 1482 2362 convivebat
1509 2318 1641 2361 cum
1672 2291 1928 2380 Deipara
1957 2317 2104 2360 con-

2190 2291 2308 2351 δεκα
2361 2294 2699 2359 ἀποστόλων,
2752 2297 2939 2365 Ἰωσῆς
2997 2296 3051 2354 δὲ
3106 2301 3195 2356 καὶ
3250 2303 3469 2378 Συμεὼν
3525 2302 3712 2363 ἔλαϐον
3743 2307 3845 2363 αὒ-

468 2389 657 2453 tinue.
689 2387 858 2453 Joses
887 2396 1085 2452 autem
1115 2407 1150 2451 a
1176 2398 1369 2453 matre
1396 2388 1643 2451 relictus
1674 2398 1763 2451 est
1790 2389 1985 2452 adhuc
2013 2388 2104 2449 la-

2190 2395 2303 2447 τοτς
2332 2397 2590 2461 γυναῖκας
2625 2400 2639 2415 ⁸
2672 2388 2708 2455 ἡ
2742 2383 2798 2442 δὲ
2845 2384 3006 2455 Σωϐἡ
3060 2393 3223 2456 συνῆν
3281 2397 3350 2469 τῇ
3406 2399 3647 2469 Θεοτοκῳ
3674 2397 3848 2453 πάντα

463 2486 652 2555 ctens,
688 2487 746 2541 et
775 2477 1056 2541 enutrivit
1086 2496 1222 2541 eum
1277 2477 1460 2542 Maria
1509 2478 1631 2541 ﬁlia
1658 2475 1930 2541 Salomes
1956 2496 2104 2539 con-

2190 2473 2272 2528 :6v
2329 2473 2572 2565 χρόνον·
2647 2471 2837 2565 Ἰωσῆς
2896 2474 2956 2532 δὲ
3010 2478 3301 2554 ὑπομάζιος
3357 2482 3665 2565 κατελήφθη
3742 2488 3846 2543 61:6

464 2568 723 2634 sobrinae
751 2568 1045 2650 Deiparaa.

2190 2561 2408 2655 μητρρς,
2481 2562 2957 2655 παὶ-’άνεθρέψατο
3028 2565 3184 2655 αύτὸν
3261 2570 3434 2648 Μαρία
3489 2573 3524 2641 ἡ
3577 2561 3847 2655 ’θυγάτηρ

2189 2648 2460 2746 Σαλιέἷμης
2490 2648 2776 2746 ἐξαδέλφης
2804 2658 2902 2720 τῆς
2934 2654 3217 2715 Θεοτόκου.

545 2746 670 2811 XV.
696 2747 762 2810 In
783 2747 1155 2811 solemnitate
1177 2753 1370 2811 autem
1391 2744 1695 2810 Pascbatis
1716 2745 1944 2810 reversi
1974 2753 2104 2809 sunt

2268 2737 2374 2800 ιε’,
2440 2740 2586 2796 Κατὰ
2610 2737 2695 2829 Δδὲ
2752 2741 2940 2821 ἑορτὴν
3002 2750 3095 2802 τοῦ
3151 2745 3345 2826 Πάσχα
3402 2746 3703 2829 ἆνήρχοντο
3733 2750 3839 2808 ἀπὸ

459 2856 530 2901 ex
558 2837 846 2901 Nazareth
877 2838 939 2898 in
969 2837 1318 2914 Jerusalem,
1352 2855 1488 2899 cum
1518 2844 1677 2899 esset
1702 2835 1875 2900 Jesus
1929 2855 2104 2898 anno-

2190 2829 2423 2909 Ναζαρὲτ
2476 2832 2547 2894 εἰς
2610 2822 2973 2912 Ἰεροσόλυμα,
3030 2822 3311 2901 δεκαετούς
3361 2822 3517 2904 ὄντος,
3541 2822 3653 2899 ’τοῦ
3723 2840 3840 2910 Ἰη-

463 2945 595 2989 rum
627 2927 860 2991 decem.
889 2928 1154 3006 Cumque
1186 2926 1410 2989 reversi
1432 2925 1625 2988 forent
1662 2926 1723 2986 in
1749 2925 2104 3002 Jerusalem,

2190 2928 2332 3011 006._
2362 2917 2714 3011 ’ᾼνελθᾴντων
2766 2921 2821 2980 δὲ
2878 2925 3049 2983 αὐτῶν
3104 2929 3177 2990 εἷς
3237 2918 3592 3011 Ἰεροσόλυμα,
3668 2932 3835 3011 ἐγνώ-

464 3035 500 3080 a
527 3016 725 3078 multis
759 3015 1027 3094 cognitus
1054 3015 1185 3093 fuit,
1245 3015 1346 3096 qui
1374 3014 1646 3077 admirati
1677 3023 1816 3077 sunt
1845 3015 1974 3096 ejus
2011 3013 2104 3074 in-

2190 3011 2287 3075 σθη
2316 3009 2417 3065 61:6
2446 3008 2659 3069 πολλῶν
2699 3032 2712 3046 ⁸
2771 3014 2857 3071 καὶ
2911 3015 3288 3093 ἐθαυμαστώθη
3344 3021 3379 3087 ἡ
3436 3008 3642 3084 σύνεσις
3689 3008 3774 3078 παὶ
3800 3023 3837 3089 ἡ

462 3104 872 3184 telligentiam,
906 3111 965 3165 et
985 3102 1361 3185 sapientiam,
1383 3103 1533 3166 adeo
1557 3111 1623 3165 ut
1646 3104 1863 3166 multos
1894 3103 2102 3165 obstu-

2190 3096 2344 3177 σοφία
2413 3099 2590 3175 αὐτοῦ,
2666 3102 2740 3165 ὡς
2810 3104 2898 3159 καὶ
2968 3103 3198 3169 πολλοὺς
3268 3104 3568 3175 ἐξέστησεν,
3630 3097 3725 3167 Ἠν
3789 3108 3843 3166 δὲ

460 3161 1361 3274 ρἔἐιῖὲῖὲῗὲἰπεῖἆιῖιῖιὶἷνὲῖἆέ
1380 3161 1553 3272 aliis,
1561 3161 1627 3254 Ei-
1646 3161 2104 3273 ’ᾆδ’ῥὲξιὶυξὲῖἑιῖιι

2193 3161 2392 3278 ὡραῖος
2446 3193 2513 3264 τῇ
2567 3161 2687 3265 θ’ψει
2725 3161 2964 3273 σφόδρα,
3021 3161 3194 3260 καθὼς
3226 3197 3254 3252 6
3277 3161 3284 3162 7
3305 3161 3603 3277 ἶπρυιὲῆ-έής

459 3266 759 3364 Propheta
768 3283 867 3346 ait:
891 3282 1207 3364 Speciosus
1217 3266 1412 3360 formis
1428 3299 1556 3361 pm
1568 3282 1714 3362 ﬁliis
1726 3266 2099 3347 hominumﬂz

2199 3297 2227 3330 α
2284 3266 2498 3356 Ὠρατος
2568 3277 2750 3368 πάλλει
2792 3266 2963 3361 ’παρὰ
3044 3283 3167 3347 τοὺς
3256 3266 3395 3349 υἱοὺς
3442 3266 3566 3345 ’τῶν
3636 3266 3843 3368 ἀνθρώ-

461 3377 686 3434 statura
713 3371 923 3450 longus
951 3378 1079 3433 erat
1107 3388 1209 3433 sex
1241 3370 1446 3451 pedes,
1473 3370 1636 3433 ﬂavis
1665 3370 1932 3433 crinibus
1962 3373 2101 3448 (56),

2192 3387 2309 3453 πων
2342 3382 2357 3398 ⁸
2397 3388 2426 3421 ι
2461 3372 2529 3443 τῇ
2555 3366 2739 3442 ἡλικίᾳ
2785 3367 2838 3436 ἓξ
2885 3370 3050 3435 πόδας
3110 3370 3254 3453 ἔχων
3306 3376 3367 3431 1:6
3425 3381 3622 3453 μῆκος,
3656 3366 3845 3443 ξανθό-

454 3460 616 3541 justo
646 3478 813 3537 naso,
866 3460 1031 3521 ﬂavis
1075 3458 1307 3547 oculis,
1347 3459 1603 3522 suaviter
1652 3460 1894 3523 intuens
1954 3460 2099 3543 (57),

2192 3451 2322 3547 θριξ,
2397 3453 2675 3547 ἐπίρρινος,
2752 3451 3178 3543 ξανθόμματοςί
3215 3451 3564 3546 εὐόφθαλμος,
3607 3451 3844 3547 γμαυρό-

458 3548 729 3612 subﬂava
754 3547 957 3624 barba,
980 3549 1171 3628 longis
1184 3546 1444 3629 capillis:
1490 3567 1792 3630 nunquam
1820 3550 2104 3613 novacula

457 3639 726 3701 ascendit
748 3638 810 3700 in
840 3645 1016 3719 caput
1046 3638 1200 3719 ejus,
1261 3656 1372 3699 nec
1430 3656 1641 3700 manus
1672 3639 1952 3717 hominis,
1987 3639 2105 3701 nisi

458 3729 664 3791 matris
693 3728 826 3808 ejus
853 3746 988 3789 cum
1021 3734 1180 3788 esset
1206 3727 1423 3789 infans.
1457 3725 1529 3788 Et
1556 3746 1693 3789 cum
1723 3727 1834 3788 fuit
1862 3729 2106 3808 triginta

457 3835 775 3893 annorum,
832 3814 1157 3897 baptizatus
1212 3822 1302 3877 est
1345 3833 1380 3876 a
1429 3813 1662 3878 Joanne
1710 3814 1773 3876 in
1829 3818 2104 3879 Jordanis

454 3904 727 3968 ﬂumine.

537 3994 689 4059 XVI.
725 3995 873 4058 Cum
905 4013 1043 4057 vero
1071 3993 1335 4057 Joannes
1365 4000 1494 4055 erat
1527 3993 1586 4055 in
1620 3993 1883 4069 deserto,
1918 4014 2104 4058 annos

457 4093 630 4148 natus
660 4091 719 4147 et
747 4084 876 4167 ipse
906 4083 1145 4164 triginta
1174 4091 1236 4145 et
1264 4095 1450 4144 unum
1487 4082 1854 4164 (incipiendo
1886 4103 2104 4166 nempe

454 4194 675 4238 annum
693 4193 727 4237 a
752 4192 960 4237 mense
988 4171 1344 4254 Septembri)
1374 4170 1562 4233 factus
1591 4179 1681 4234 est
1712 4172 1768 4234 ei
1798 4192 1996 4235 sermo
2029 4172 2103 4235 de

452 4262 746 4345 baptismo
786 4284 801 4345 ;
836 4271 894 4325 et
923 4261 1081 4324 venit
1112 4263 1170 4323 in
1217 4259 1479 4321 Judeeam
1545 4259 1873 4341 praedicans
1903 4261 2102 4343 bapti-

456 4352 676 4415 simum
706 4351 1069 4433 poenitentiae
1096 4359 1153 4414 et
1174 4348 1589 4411 remissionem
1616 4366 2020 4434 peccatorum,
2049 4360 2106 4415 et

2190 3539 2320 3621 θριξ,
2375 3542 2751 3634 ῌέπιξανθίζων
2845 3548 2905 3604 τὸ
2991 3539 3216 3632 γένειον,
3306 3539 3607 3634 μακρηόθρίξ,
3643 3539 3650 3542 ﬁ
3689 3539 3842 3614 0668'-

2187 3652 2317 3687 ποτε
2371 3630 2519 3712 Ευρὺς
2573 3634 2797 3702 ἀνῆλθεν
2853 3638 2939 3695 ἐπὶ
2992 3644 3091 3707 τῆς
3161 3630 3428 3721 κεφαλῆς.
3471 3630 3650 3719 αὗτοῦ,
3727 3643 3843 3703 οὐδὲ

2189 3721 2309 3799 χεὶρ
2338 3721 2632 3801 ἀνθρώπου,
2685 3727 2729 3781 εἰ
2786 3731 2862 3802 μὴ
2918 3732 3018 3796 τῆς
3074 3732 3276 3810 μητρὸς
3326 3735 3483 3790 αὐτοῦ
3538 3733 3833 3804 νηπιάζον-

2186 3829 2310 3901 τος,
2372 3812 2472 3868 Καὶ
2526 3814 2806 3893 τριάκοντα
2861 3815 2993 3875 ἐτῶν
3049 3820 3356 3901 γενόμενος,
3394 3818 3681 3890 ἐϐαπτίσθη
3739 3823 3841 3879 ὑπὸ

2191 3894 2437 3983 Ἰωάννου
2463 3901 2520 3983 ἐν
2551 3906 2627 3977 τῷ
2657 3900 2890 3983 Ἰορδάνῃ
2922 3894 3173 3983 ποταμῷ.

2194 3990 2213 3997 “
2271 3978 2395 4062 ις’,
2460 3979 2517 4048 Ὀ
2547 3990 2601 4047 ’δὲ
2632 3978 2880 4061 Ἰωάννηέ
2912 3994 2985 4056 ὢν
3040 3978 3093 4054 ἐν
3124 3978 3219 4075 ⁷τῇ
3277 3998 3484 4078 ἐρήμῳ,
3514 4000 3631 4075 ,καὶ
3686 4002 3842 4066 αὐτὸς

2190 4078 2471 4171 τριάκοντα
2542 4083 2630 4171 καὶ
2700 4083 2817 4148 ἑνὸς
2886 4084 3084 4165 χρόνου
3148 4087 3402 4169 ὑπάρχων
3437 4105 3451 4120 ⁸
3542 4089 3844 4171 ἀρχομένου

2191 4173 2283 4224 τοῦ
2354 4166 2501 4233 ἔτους
2566 4167 2730 4258 ἤγουν
2788 4172 2894 4229 ἀπὸ
2946 4177 3117 4250 μηνὸς
3175 4166 3535 4258 Σεπτεμϐρίου
3567 4166 3589 4209 ⁸-
3612 4166 3847 4257 ’ἐγένετο

2192 4257 2325 4336 πρὸς
2365 4259 2519 4315 αὐτὸν
2565 4257 2723 4339 λόγος
2774 4263 2891 4342 περὶ
2947 4274 3040 4323 τοῦ
3094 4257 3461 4342 βαπτισματος
3499 4286 3515 4303 ⁸
3573 4268 3661 4325 καὶ
3687 4267 3843 4335 ἦλθεν

2193 4346 2265 4409 εἰς
2334 4346 2433 4433 τὴν
2504 4345 2775 4427 Ἰουδαίαν,
2861 4353 3135 4432 κηρύσσων
3208 4355 3481 4432 βάπτισμα
3563 4358 3843 4433 μετανοίας

453 4460 563 4522 per
591 4432 950 4523 baptismum
984 4439 1161 4501 etiam
1194 4457 1443 4518 regnum
1474 4438 1762 4501 oculorum
1797 4462 1814 4500 :
1863 4460 1980 4502 non
2006 4432 2103 4503 Vta-

2195 4435 2283 4490 καὶ
2342 4432 2525 4515 ἄφεσιν
2582 4439 2874 4522 ἁμαρτίῶν,
2931 4443 3019 4498 καὶ
3076 4439 3160 4499 διὰ
3216 4451 3306 4500 τοῦ
3363 4432 3726 4521 βαπτίσματος
3756 4447 3845 4502 καὶ

455 4549 594 4593 men
628 4531 807 4594 etiam
837 4528 1197 4610 baptismum
1227 4527 1289 4589 in
1344 4526 1567 4610 Spiritu
1613 4536 1836 4591 sancto.
1873 4529 1944 4593 Et
1972 4550 2104 4593 cum

2191 4522 2290 4589 τὴν
2361 4523 2628 4600 βασιλείαν
2697 4533 2801 4584 τῶν
2885 4529 3139 4610 οὖρανῶν,
3226 4532 3285 4589 οὗ
3366 4533 3542 4608 μέντοι
3611 4536 3699 4591 καὶ
3768 4535 3842 4598 εἷς

452 4620 658 4702 populi
688 4620 978 4682 vidissent
1007 4619 1138 4698 ejus
1169 4619 1345 4679 vitam
1407 4617 1758 4695 terribilem,
1794 4626 1969 4700 atque
1996 4622 2104 4682 ad-

2190 4616 2404 4703 Πνεῦμα
2430 4613 2607 4691 ἅγιον.
2666 4623 2991 4697 Θεωροῦντες
3044 4619 3098 4676 δὲ
3155 4624 3201 4677 οἱ
3253 4620 3371 4678 λαοὶ
3425 4623 3523 4691 τὴν
3580 4624 3843 4703 ἀναστρο-

453 4701 814 4785 mirabilem,
848 4711 1036 4771 secuti
1069 4716 1207 4770 sunt
1237 4727 1373 4769 eum
1432 4707 1622 4782 multi,
1688 4715 1746 4770 et
1801 4707 1941 4770 facti
1972 4717 2104 4771 sunt

2191 4701 2295 4779 φὴν
2353 4704 2510 4759 αὐτοῦ
2580 4705 2676 4773 τὴν
2728 4707 2952 4787 φοβερὰν
3007 4711 3094 4765 καὶ
3148 4711 3481 4792 θαυμαστὴν,
3541 4701 3843 4780 ἠκολούθη-

453 4799 582 4879 ejus
604 4798 904 4881 discipuli.
929 4797 996 4859 In
1019 4797 1115 4859 his
1136 4797 1303 4859 fuere
1329 4806 1388 4859 et
1410 4796 1682 4859 Andreas
1722 4816 1756 4859 a
1788 4798 2104 4861 Belhsaida

2193 4812 2290 4846 σαν
2344 4794 2486 4881 αὐτῷ
2536 4792 2746 4881 πολλοὶ.
2800 4798 2887 4853 καὶ
2942 4798 3184 4877 ἐγένοντο
3239 4801 3396 4860 αὐτοῦ
3449 4805 3680 4877 μαθηταί
3711 4820 3726 4836 ⁸
3788 4801 3843 4860 ἐν

450 4878 605 4949 urbe
634 4878 910 4969 Galilaeze,
945 4894 1005 4949 et
1030 4888 1288 4947 Joannes
1316 4904 1351 4947 a
1378 4883 1633 4947 Zebeda.
1668 4885 1977 4966 Principes
2005 4906 2104 4950 au-

2190 4882 2274 4969 οῖς
2319 4881 2411 4969 οιαὶ
2469 4878 2714 4961 Ἀνδρέας
2762 4888 2790 4942 6
2844 4886 2949 4943 ἀπὸ
3007 4886 3279 4956 Βηθσαϊδὰ
3338 4895 3439 4957 τῆς
3490 4890 3698 4955 πόλεως
3741 4896 3842 4958 τῆς

454 4983 577 5038 tem
607 4966 996 5038 Sacerdotum
1028 4994 1162 5037 cum
1192 4974 1564 5036 audivissent
1614 4994 1743 5056 quae
1772 4975 1846 5038 de
1875 4975 2103 5039 Joanne

2190 4966 2491 5060 Γαλιλαίας,
2524 4974 2612 5060 καὶ
2646 4971 2894 5043 Ἰωάννης
2925 4979 2953 5033 6
2977 4977 3083 5033 ἀπὸ
3132 4975 3388 5046 Σεϐεδῆς.
3449 4983 3509 5038 Οἱ
3539 4978 3593 5036 δὲ
3645 4980 3841 5060 ἀρχιε-

454 5064 1007 5145 promulgabantur,
1042 5074 1100 5126 et
1127 5064 1202 5126 de
1230 5063 1501 5128 doctrina
1545 5064 1698 5145 ejus,
1730 5065 1831 5127 alii
1859 5064 2101 5146 quidem

2190 5070 2300 5138 ρεϊς
2375 5059 2483 5117 τῶν
2515 5146 2528 5149 _
2556 5059 2816 5149 Ἰουδαίων
2873 5066 3186 5132 ἀκούσαντες
3256 5068 3323 5124 τὰ
3392 5070 3511 5149 περὶ
3569 5059 3836 5146 Ἰωάννου,

459 5153 776 5220 dicebant:
803 5153 914 5218 Hic
938 5161 1029 5218 est
1044 5152 1344 5236 Christus;
1369 5153 1473 5216 alii
1494 5170 1663 5218 vero:
1689 5156 1821 5218 Non
1836 5163 1927 5217 est
1958 5155 2100 5237 (58).

2190 5155 2275 5214 καὶ
2341 5151 2440 5214 τῆς
2509 5146 2843 5220 διδασκαλίας
2911 5157 3093 5238 αὐτοῦ,
3164 5158 3211 5213 οἱ
3280 5156 3377 5233 μὲν
3433 5146 3616 5238 ἔλεγον
3674 5157 3754 5214 ὅτι
3814 5161 3844 5215 6

1870 5287 2223 5370 Mingarellii
2250 5298 2426 5357 notae.

542 5399 669 5478 (54)
699 5397 767 5483 In
805 5397 1014 5483 iGraico
1044 5397 1279 5483 videtur
1331 5393 1650 5477 legendum
1701 5395 1859 5454 αὑτοῦ
1887 5394 2104 5479 Ἰωσὴφ,

2196 5400 2379 5483 punxi
2407 5417 2610 5483 vocem
2623 5398 2965 5483 secundam
2994 5402 3216 5483 69:10:.

456 5476 520 5540 id
551 5476 662 5565 est,
694 5479 1176 5565 ipsiusﬂosephi.
1223 5558 1236 5565 _
1371 5476 1411 5565 _’
1788 5556 1803 5565 _
1855 5558 1894 5565 __
2196 5476 2215 5483 ’
2276 5482 2398 5565 (57)
2430 5478 2676 5565 Authic
2706 5499 2813 5565 vox
2847 5476 3145 5565 μαυρόεῄξιξ,
3208 5489 3306 5544 aut
3361 5482 3536 5564 paulo
3566 5480 3844 5565 superius

541 5558 661 5642 (55)
690 5556 947 5642 Consule
976 5556 1343 5623 Breviarium
1371 5556 1703 5620 Romanum
1733 5556 1807 5619 ad
1836 5558 1994 5620 diem
2033 5560 2104 5626 18

2190 5556 2296 5624 vox
2328 5556 2587 5642 ξανθύθριξ
2622 5556 2965 5624 inducenda
2990 5556 3245 5642 videtur.

458 5637 819 5725 Ιδιεξὶῴειιρἱ.Δ
1000 5718 1021 5725 _
1098 5722 1145 5725 ,Α
1233 5718 1248 5725 λ
1380 5723 1387 5725 _
1674 5718 1689 5725 _
1747 5721 1757 5725 _
1981 5720 2023 5725 _
2273 5643 2397 5725 (58)
2432 5637 2734 5725 In'Grzeco
2792 5640 3111 5721 legendum
3164 5641 3460 5708 fortasse:
3519 5644 3599 5703 ὅτι
3630 5645 3711 5707 οὗ.
3746 5645 3848 5702 Καὶ

541 5719 671 5802 (56)
702 5718 946 5784 Codex:
998 5718 1257 5801 ξανθόθριξ
1289 5736 1303 5752 ⁸
1361 5723 1561 5801 ὡραῖος
1594 5734 1609 5750 ⁸
1671 5718 1922 5799 ἐπίρινος.
1978 5720 2103 5783 ΕΙ·
2186 5718 2465 5799 ζητήσεως
2497 5722 2727 5792 πολλῆς.

537 5888 574 5939 θ
598 5887 756 5962 Psal.
786 5906 946 5975 xuv,
977 5890 1037 5955 3.
