4154 6440
312 471 434 539 205

324 610 543 687 Χριστός
599 609 772 688 ἐστιν,
835 614 887 671 οἱ
956 610 1013 668 δὲ
1082 609 1163 669 ὅτι
1234 609 1295 670 οὔ
1337 629 1354 644 ⁶

322 697 525 766 πολλῆς
557 701 864 779 γενομένης
923 698 1216 778 ἆναμεταξὺ
1271 701 1445 758 αὐτῶν
1500 703 1618 781 περὶ
1673 707 1767 757 τοῦ
1819 700 1990 778 ῥήμα-

322 809 410 850 τος
438 789 650 865 τούτου,
698 788 1021 847 ἀπέστειλαν
1067 791 1199 870 πρὸς
1252 787 1529 864 Ἰωάννην,
1589 790 1678 845 καὶ
1706 787 1989 869 ἠρώτησαν

318 877 477 936 αὐτόν
512 896 527 913 ·
589 880 682 936 καὶ
734 880 892 937 εἶπεν
954 883 1169 954 αὐτοῖς,
1226 878 1308 935 ὅτι
1366 881 1473 937 Οὐκ
1529 879 1635 954 εἰμὶ
1679 880 1707 934 6
1739 879 1985 957 Χριστὸς,

314 964 440 1023 ἀλλ’
503 967 680 1024 ὀπίσω
754 990 857 1043 μου
912 966 1152 1048 ἔρχεται,
1214 966 1375 1044 μέσος
1427 965 1481 1023 δὲ
1536 969 1682 1042 ὑμῶν
1739 966 1987 1033 ἓστηκεν.

323 1054 582 1133 Ἐγένετο
608 1056 809 1138 ἡμέρα,
867 1059 956 1114 καὶ
1002 1056 1238 1137 ἤρχοντο
1297 1056 1417 1114 λαοὶ
1450 1056 1639 1113 πολλοὶ
1667 1058 1757 1113 καὶ
1786 1054 1990 1136 ἄρχον-

328 1166 421 1208 τες
473 1145 526 1201 ὲν
704 1145 911 1227 ἐρήμῳ,
971 1148 1045 1209 εἷς
1085 1148 1176 1204 τὸν
1237 1143 1504 1226 Ἰορδάνην
1557 1148 1688 1226 πρὸς
1736 1145 1829 1202 τὸν
1878 1142 1993 1201 Ἰω-

336 1234 500 1301 άννην
567 1233 1039 1314 ἐξομολογούμενοι
1116 1237 1213 1300 τὰς
1299 1236 1555 1314 ἁμαρτίας
1640 1233 1835 1310 αὐτῶν,
1907 1233 1995 1290 καὶ

336 1323 709 1399 βαπτισθέντες
759 1321 849 1380 ὑπ’
907 1324 1089 1385 αὒτοῦ.
1142 1332 1247 1383 Τοῦ
1303 1322 1358 1379 δέ
1417 1322 1661 1381 Ἰωάννου
1719 1325 1809 1380 τὸν
1865 1321 1995 1379 λαὸν

335 1423 711 1494 κατηχώντος
757 1413 812 1470 ἒν
859 1412 1146 1493 Βηθαράκα
1200 1412 1400 1493 χωρίον
1454 1412 1615 1493 πέραν
1670 1421 1765 1472 τοῦ
1794 1408 1996 1491 Ἰορδά-

331 1525 449 1576 νου,
511 1501 671 1570 ἦλθεν
724 1504 752 1559 6
811 1499 1016 1569 Ἰησοῦς
1071 1503 1145 1567 εἷς
1200 1500 1398 1582 ἔρημον
1450 1511 1543 1561 τοῦ
1599 1498 1883 1581 Ἰορδάνου,
1909 1500 1999 1557 καὶ

326 1591 590 1659 ἐποίησεν
637 1592 753 1649 ἐκεῖ
807 1590 1012 1671 ἡμέρας
1059 1591 1474 1670 τεσσαράκοντα,
1534 1590 1621 1647 καὶ
1658 1588 1836 1659 ,πάλιν
1864 1587 1999 1646 ὑπέ-

325 1686 566 1760 στρεψεν
595 1683 726 1761 πρὸς
755 1683 846 1737 τὸν
897 1678 1169 1749 Ἰωάννην.
1237 1672 1328 1744 Ὠς
1378 1677 1432 1736 δὲ
1490 1677 1631 1737 εἶδεν
1690 1682 1718 1736 6
1750 1677 1999 1746 Ἰωάννης

328 1771 429 1826 τὸν
503 1768 715 1850 Ἰησορν
784 1769 1075 1850 ἐρχόμενον
1145 1771 1276 1850 πρὸς
1348 1768 1526 1845 αὐτὸν,
1621 1764 1801 1847 ἔλεγεν
1884 1770 2003 1849 περὶ

1607 477 1708 542 DE
1737 475 1928 545 VITA
1955 478 2023 541 B.
2056 477 2429 545 VIRGINIS.

3600 480 3722 549 “206

1427 613 1516 669 καὶ
1581 610 1641 671 οὔ
1709 612 1986 683 ζητὴσεως
2005 661 2011 672 η

2097 608 2226 672 Sum
2260 609 2505 689 quaestio
2536 611 2746 690 Magna
2773 616 2906 673 orta
2932 617 3090 673 esset
3135 609 3295 674 inter
3321 611 3483 694 ipsos
3507 613 3585 676 de
3612 615 3725 677 hac

2073 716 2163 773 re,
2225 698 2515 760 miserunt
2570 699 2643 760 ad
2703 699 3018 781 Joannem,
3090 706 3149 762 et
3193 701 3727 782 interrogaverunt

2074 806 2234 849 eum.
2270 786 2342 847 Et
2370 786 2519 850 dixit
2550 787 2676 851 eis:
2741 786 2872 850 Non
2927 806 3062 852 sum
3113 790 3406 864 Christus,
3456 792 3563 854 sed
3597 799 3729 873 post

2077 894 2172 938 me
2205 875 2388 957 venit,
2420 876 2654 938 medius
2709 886 2905 940 autem
2962 876 3120 940 inter
3174 897 3277 941 vos
3307 886 3439 943 stat.
3473 879 3723 943 Factum

2076 973 2164 1026 est
2189 967 2442 1045 quadam
2476 965 2596 1045 die,
2629 973 2691 1027 ut
2720 974 2921 1029 essent
2949 966 3117 1028 multi
3174 968 3375 1049 populi
3408 977 3469 1032 et
3498 969 3727 1051 princi-

2078 1072 2182 1134 pes
2208 1053 2271 1114 in
2298 1054 2533 1116 deserto
2563 1053 2638 1115 ad
2669 1055 2986 1117 Jordanem
3017 1056 3172 1136 apud
3216 1059 3508 1120 Joannem
3537 1059 3731 1122 conﬁ-

2078 1150 2269 1230 tentes
2300 1151 2539 1223 peccata
2595 1161 2724 1225 sua,
2779 1154 2838 1206 et
2889 1142 3165 1225 baptizati
3212 1143 3285 1207 ab
3335 1164 3429 1210 eo.
3462 1147 3731 1230 Cumque

2073 1229 2336 1295 Joannes
2366 1232 2651 1314 populum
2706 1232 2951 1295 doceret
2979 1232 3042 1295 in
3093 1229 3729 1317 Betharaca(59l,qui

2080 1321 2245 1381 locus
2274 1327 2365 1382 est
2392 1328 2553 1383 trans
2582 1320 2926 1397 Iordanem,
2960 1321 3119 1384 venit
3140 1319 3317 1384 Jesus
3342 1326 3404 1386 in
3425 1323 3729 1388 desertum

2077 1406 2379 1490 Jordanis,
2412 1417 2470 1473 et
2501 1409 2719 1472 mansit
2760 1409 2843 1471 ibi
2892 1409 3021 1472 dies
3076 1410 3179 1492 40,
3230 1419 3288 1474 et
3315 1429 3525 1475 rursus
3556 1413 3733 1476 rediit

2080 1496 2154 1559 ad
2181 1496 2499 1560 Joannem.
2541 1496 2615 1561 Ut
2643 1506 2839 1560 autem
2870 1497 3019 1560 vidit
3046 1500 3307 1563 Joannes
3332 1500 3539 1565 Jesum
3569 1501 3642 1564 ad
3664 1521 3731 1565 se

2082 1587 2443 1663 venientem,
2471 1587 2552 1649 ait
2572 1587 2647 1649 de
2668 1586 2796 1668 ipso
2818 1605 2832 1651 :
2856 1589 3014 1652 Ecce
3045 1607 3240 1670 agnus
3269 1591 3404 1668 Dei,
3435 1593 3540 1671 qui
3570 1591 3735 1656 tollit

2076 1685 2407 1757 peccatum
2437 1677 2654 1739 mundi
2683 1677 2750 1738 7:
2801 1677 2924 1740 vidi
2956 1676 3113 1739 enim
3147 1678 3433 1759 Spiritum
3463 1687 3736 1744 sanctum

2083 1765 2545 1828 descendentem
2576 1784 2608 1827 e
2642 1766 2815 1840 calo,
2849 1774 2907 1828 et
2927 1771 3268 1828 manentem
3298 1786 3481 1848 super
3497 1778 3736 1848 eum,et

332 1861 499 1916 αὒτοο
534 1879 550 1895 ’
584 1882 614 1915 α
644 1842 741 1917 ⁷’ἶδε
770 1842 1029 1935 δ”λμνὸς
1057 1868 1150 1918 τοῦ
1189 1842 1361 1935 θεοῦ,
1422 1860 1450 1916 6
1502 1842 1672 1936 αἴρων
1699 1842 2001 1937 τ’ἠνξὰμαρ-

2097 1873 2288 1917 vocem
2320 1854 2517 1917 audivi
2547 1855 2845 1917 dicentem
2899 1855 3005 1917 ei:
3060 1856 3183 1919 Hic
3237 1865 3325 1918 est
3372 1842 3539 1938 ﬁlius
3568 1842 3738 1923 meus

344 1948 466 2003 τίαν
494 1954 588 2005 τοῦ
633 1949 833 2024 κόσμου
866 1964 881 1978 ’
946 1969 971 2005 n
1037 1945 1153 2005 ἴδον
1215 1948 1315 2027 γὰρ
1371 1948 1431 2003 τὸ
1490 1953 1702 2023 Πνεῦμα
1756 1948 1817 2003 τὸ
1846 1945 1999 2025 ἅγιον

2097 1944 2343 2006 dilectus
2389 1944 2441 2003 8.
2475 1942 2548 2005 Et
2576 1943 2895 2006 audierunt
2923 1944 3144 2025 populi,
3182 1952 3242 2007 et
3274 1930 3732 2028 obstupuerunt.

348 2035 607 2094 κατελθὸν
635 2035 685 2103 ἐξ
731 2037 972 2119 οὐρανοῦ,
1029 2038 1118 2093 καὶ
1175 2036 1333 2112 μένον
1390 2035 1474 2093 ἐπ’
1533 2037 1711 2111 αὐτὸν,
1771 2037 1860 2092 καὶ
1883 2056 2003 2116 φω-

356 2126 459 2192 νὴν
490 2124 736 2204 λέγουσαν
760 2131 893 2207 πρὸς
952 2126 1106 2183 αὐτόν
1129 2142 1145 2158 ’
1207 2145 1236 2184 (
1295 2125 1458 2189 Οὗτός
1516 2123 1659 2181 ἐστιν
1695 2126 1724 2181 6
1755 2126 1874 2187 Υἱὸς
1904 2145 2006 2200 μου

350 2216 384 2270 6
414 2214 708 2292 ἀγαπητός.
741 2234 770 2275 )
812 2216 913 2273 Καὶ
940 2212 1172 2282 ἥκουσαν
1223 2217 1271 2271 οἱ
1324 2213 1442 2271 λαοὶ
1470 2215 1558 2271 καὶ
1586 2211 2000 2279 ἐξεπλὼσσοντο,

2086 2031 2381 2096 Postridie
2409 2051 2550 2095 vero
2580 2051 2788 2096 rursus
2815 2032 2964 2095 vidit
2991 2032 3256 2097 Joannes
3281 2036 3487 2098 Jesum
3519 2037 3737 2101 ambu-

2087 2122 2330 2196 lantem,
2367 2130 2429 2186 et
2456 2123 2540 2184 ait
2567 2122 2643 2184 de
2672 2121 2805 2203 ipso
2838 2141 2853 2184 :
2885 2121 3046 2187 Ecce
3072 2141 3268 2204 agnus
3293 2122 3435 2207 Dei,
3458 2132 3565 2206 qui
3585 2127 3741 2192 tollit

2081 2220 2401 2292 peccatum
2428 2212 2646 2274 mundi
2673 2211 2726 2271 9.
2818 2218 2833 2225 “

343 2309 427 2380 Τῇ
472 2300 529 2359 δὲ
557 2303 796 2385 ἐπαύριον
839 2302 999 2361 πάλιν
1029 2301 1139 2359 ἴδεν
1183 2305 1210 2360 6
1241 2300 1492 2370 Ἰωάννης
1524 2304 1614 2360 τὸν
1644 2302 1850 2372 Ἰησοῦν
1879 2310 2289 2383 περιπατοῦντα,
2331 2303 2417 2359 καὶ
2472 2300 2616 2382 λέγει
2670 2303 2789 2382 περὶ
2843 2305 3001 2364 αὐτοῦ
3034 2322 3049 2338 ⁸
3114 2326 3141 2361 α
3188 2302 3267 2363 Ιδε
3309 2306 3338 2363 6
3390 2302 3587 2382 Ἀμνὸς
3649 2316 3743 2367 τοῦ

336 2398 504 2462 Θεοῦ,
537 2394 566 2448 6
608 2392 774 2474 αἴρων
801 2392 903 2459 τὴν
933 2392 1191 2471 ἁμαρτίαν
1219 2400 1311 2451 τοῦ
1339 2391 1563 2467 κόσμου.
1602 2414 1625 2449 ι

426 2471 538 2543 ῙΖ’.
613 2471 712 2540 Καὶ
782 2482 1098 2546 ἀκούσαντες
1156 2483 1204 2539 οἱ
1262 2482 1493 2558 μαθηταὶ
1546 2485 1704 2540 αὐτοῦ
1759 2477 2005 2559 Ἀνδρέας

334 2573 432 2627 καὶ
464 2569 744 2644 Ἰωάννης,
798 2570 1017 2652 ἀφέντες
1072 2570 1227 2627 αὖτὸν
1283 2568 1646 2639 ἠκολούθησαν
1698 2576 1776 2645 τῷ
1806 2567 2002 2649 Ἰησοῦ,

339 2662 435 2716 καὶ
461 2659 622 2728 ἦλθον
660 2657 778 2737 μετ’
834 2664 993 2719 αὐτοῦ
1049 2661 1123 2724 εἷς
1180 2660 1241 2716 τὸ
1292 2659 1655 2738 καταγώγιον,
1720 2661 1807 2715 καὶ
1864 2657 2005 2734 ἔμει-

348 2772 445 2807 ναν
515 2746 643 2828 παρ’
714 2752 857 2823 αὒτῷ
939 2749 1037 2816 τὴν
1124 2747 1327 2827 ἡμέραν
1417 2746 1645 2815 ἐκείνην.
1719 2743 2009 2819 Ἐζήτησεν

348 2837 408 2896 δὲ
455 2836 704 2919 Ἀνδρέας
773 2839 836 2894 τὸ
892 2834 1029 2894 ἴδιον
1088 2835 1309 2919 ἀδελφὸν
1380 2837 1618 2914 Σίμωνα,
1692 2838 1781 2894 καὶ
1850 2838 2010 2918 εὑρὼν

2168 2476 2347 2542 XVII.
2381 2479 2456 2542 Et
2483 2478 2687 2542 audito
2717 2480 2833 2542 hoc
2860 2473 3162 2561 discipuli
3204 2481 3333 2561 ejus
3385 2480 3656 2544 Andreas
3683 2488 3747 2544 et

2086 2569 2347 2629 Joannes
2379 2568 2586 2633 relicto
2623 2568 2710 2630 illi
2730 2568 2920 2631 secuti
2939 2576 3077 2632 sunt
3113 2570 3339 2647 Jesum,
3370 2578 3431 2633 et
3455 2578 3746 2633 venerunt

2091 2675 2225 2718 cum
2258 2674 2327 2717 eo
2359 2655 2421 2718 in
2453 2657 2872 2739 diversorium,
2919 2666 2979 2721 et
3037 2666 3380 2720 manserunt
3415 2659 3571 2738 apud
3605 2676 3742 2721 eum

2092 2744 2189 2807 die
2210 2744 2332 2806 illa.
2367 2744 2645 2818 Quaesivit
2663 2746 2933 2810 Andreas
2948 2765 3121 2809 suum
3145 2747 3381 2810 fratrem
3407 2747 3741 2825 Simonem,

2095 2843 2153 2897 et
2179 2833 2486 2900 inventum
2514 2835 2680 2898 duxit
2711 2836 2786 2898 ad
2813 2836 3044 2921 Jesum.
3079 2838 3156 2900 Et
3185 2856 3320 2899 cum
3355 2836 3616 2900 audisset
3638 2837 3745 2901 Je-

348 2928 559 3007 ἧγαγεν
630 2927 789 2984 αὐτὸν
858 2928 987 3007 πρὸς
1054 2928 1146 2983 τὸν
1219 2924 1443 2994 Ἰησοῦν.
1520 2928 1620 2985 Καὶ
1688 2926 1917 2991 ἀκούσας
1987 2928 2011 2983 6

2097 2942 2195 2985 sus
2213 2923 2503 2987 Joannem
2535 2925 2814 2989 traditum
2840 2925 3044 3007 fuisse,
3071 2924 3347 3007 sequenti
3377 2925 3477 2989 die
3515 2925 3658 2987 exiit
3684 2925 3752 2988 in

350 3022 593 3091 Ἰησοῦς,
649 3016 730 3073 ὅτι
801 3014 1054 3083 Ἰωάννης
1096 3012 1381 3097 παρεδόθη,
1441 3020 1510 3092 τῇ
1565 3015 1809 3095 ἐπαύριον
1866 3013 2017 3083 ἐξῆλ-

349 3111 442 3165 θεν
473 3109 550 3171 είς
580 3107 683 3173 τήν
716 3104 1002 3163 Γαλιλαίαν
1029 3106 1122 3163 σὺν
1171 3119 1290 3169 τοῖς
1346 3106 1509 3186 τρισὶν
1564 3107 1833 3180 μαθηταῖς
1866 3120 1880 3135 ⁸
1929 3105 2019 3162 καὶ

356 3196 521 3275 εὒρὼν
577 3197 670 3252 τὸν
723 3194 1012 3274 Φίλιππον,
1071 3192 1296 3265 ἥλκυσεν
1349 3193 1530 3268 αὐτὸν,
1587 3192 1859 3257 κᾶκεϊνοις
1926 3193 2017 3250 τὸν

360 3283 643 3354 Ναθαναὴλ
675 3303 691 3319 ·
762 3286 852 3341 καὶ
916 3282 1080 3352 ἦλθον
1151 3284 1223 3346 εἰς
1294 3282 1443 3341 Κανὰ
1522 3286 1622 3350 τῆς
1679 3279 1966 3345 Γαλιλαίας
2001 3299 2017 3316 ’

364 3375 456 3431 καὶ
484 3380 553 3451 τῇ
595 3373 745 3454 τρίτῃ
788 3373 965 3453 ἡμέρᾳ
1022 3372 1231 3452 ἐγένετο
1288 3372 1483 3451 γάμος,
1548 3373 1637 3430 καὶ
1665 3369 1966 3442 ἐκλήθησαν
1998 3389 2010 3405 ·

363 3465 457 3519 καὶ
482 3462 725 3530 ἐποίησεν
779 3465 841 3519 τὸ
892 3460 1029 3542 ὕδωρ
1087 3461 1237 3519 οἶνον
1271 3476 1286 3491 ⁸
1347 3463 1409 3518 τὸ
1465 3458 1520 3516 δὲ
1567 3457 1737 3537 ὄνομα
1764 3466 1857 3518 τοῦ
1884 3484 2020 3537 νυμ-

371 3552 513 3632 φίου,
568 3554 762 3627 Σίμων,
823 3552 881 3615 ὃς
933 3551 1024 3608 καὶ
1084 3547 1199 3627 μεθ’
1258 3548 1463 3630 ἡμέρας
1520 3547 1878 3617 ἠκολούθησεν
1946 3555 2024 3624 τῷ

371 3638 574 3707 Ἰησοῦ.
608 3640 857 3698 Κάκεῖθεν
902 3641 976 3705 ε’ίς
1038 3636 1306 3706 Βηθσαϊδὰ
1358 3637 1514 3695 πόλιν
1570 3642 1668 3707 τῆς
1712 3636 2022 3713 Γαλιλαίας,

371 3731 461 3787 καὶ
517 3728 748 3797 εἰσῆλθεν
792 3732 865 3795 εἰς
920 3732 1011 3787 τὸν
1068 3729 1223 3787 οἶκον
1278 3727 1501 3810 Πέτρου,
1558 3730 1647 3785 καὶ
1709 3729 2023 3789 ἀσθενοῦσαν

366 3820 470 3888 τήν
519 3821 769 3899 πενθερὰν
820 3822 997 3895 αὐτοῦ,
1059 3817 1280 3882 ἐπιστὰς
1336 3821 1365 3875 6
1420 3816 1628 3887 Ἰησοῦς
1684 3816 2024 3899 ἐθεράπευσεν

361 3909 552 3979 αὐτήν.
650 3899 1101 3989 ’Υποστρέψαντες
1191 3908 1266 3971 εἷς
1348 3906 1608 3987 Ναζαρὲτ,
1710 3903 1909 3986 Ἰωσὴφ
1996 3908 2025 3962 6

362 3999 620 4079 μνήστωρ
689 4004 784 4061 τᾶς
859 3997 1120 4055 Θεοτόκου
1188 3994 1530 4079 ἐτελεύτησεν
1586 3992 1885 4073 πρεσϐύτης
1939 4003 2028 4059 καὶ

358 4074 603 4165 πλήρης-
636 4088 874 4167 ἡμερῶν,
934 4085 1008 4150 ὥς
1065 4107 1222 4168 φασιν
1278 4074 1370 4165 ρι’.
1436 4086 1495 4144 Οἱ
1553 4082 1608 4140 δὲ
1655 4086 1753 4142 υἱοὶ
1801 4081 2025 4164 Ἰωσὴφ,

2096 3011 2390 3076 Galilaeam
2415 3032 2552 3076 cum
2582 3014 2771 3077 tribus
2794 3014 3130 3096 discipulis.
3156 3014 3229 3077 Et
3257 3015 3568 3078 inveniens
3602 3014 3749 3079 Phi-

2094 3100 2323 3183 lippum
2347 3103 2526 3166 traxit
2546 3122 2705 3185 eum,
2735 3110 2793 3166 et
2810 3103 2861 3165 is
2887 3102 3313 3167 Nathanaelem
3339 3125 3354 3166 :
3380 3112 3440 3167 et
3455 3110 3752 3168 venerunt

2094 3189 2156 3252 in
2187 3190 2404 3253 Canam
2438 3190 2711 3255 Galilaeae.
2770 3191 2845 3254 Et
2897 3200 3030 3273 post
3088 3201 3209 3255 tres
3255 3192 3386 3256 dies
3415 3193 3583 3255 factae
3613 3199 3753 3255 sunt

2098 3280 2343 3361 nuptiae,
2386 3288 2444 3343 et
2489 3281 2679 3344 vocati
2719 3289 2892 3344 sunt:
2943 3289 3003 3344 et
3028 3280 3202 3346 Jesus
3231 3300 3304 3344 ex
3329 3300 3482 3363 aqua
3502 3281 3643 3345 fecit
3667 3281 3751 3343 vi-

2099 3388 2239 3430 num
2272 3374 2514 3446 (nomen
2543 3376 2741 3432 autem
2767 3369 2973 3451 sponsi
3001 3376 3129 3432 erat
3172 3370 3405 3447 Simon,
3439 3372 3542 3451 qui
3570 3369 3748 3433 etiam

2099 3464 2230 3539 post
2255 3458 2477 3539 aliquot
2507 3457 2636 3520 dies
2664 3466 2903 3521 secutus
2952 3468 3041 3521 est
3095 3459 3347 3540 Jesum).
3406 3459 3553 3522 Inde
3583 3460 3755 3541 petiit

2097 3544 2273 3610 Jesus
2301 3546 2679 3610 Bethsaidam
2712 3547 3010 3610 civitatem
3038 3546 3315 3624 Galilaeae,
3350 3555 3408 3611 et
3443 3547 3752 3628 ingressus

2103 3635 2282 3697 estin
2313 3636 2554 3698 domum
2614 3636 2790 3711 Petri,
2855 3645 2914 3699 et
2969 3644 3246 3717 aegrotam
3305 3636 3483 3717 hujus
3513 3655 3753 3700 socrum

2104 3725 2534 3807 superveniens
2563 3726 2807 3788 sanavit.
2844 3725 2989 3790 Cum
3021 3724 3348 3789 rediissent
3386 3726 3512 3806 (60)
3540 3727 3603 3789 in
3631 3725 3752 3788 Na-

2104 3815 2329 3891 zareth,
2361 3813 2655 3895 Josephus
2707 3833 2961 3896 sponsus
3016 3814 3288 3896 Deiparae
3342 3822 3613 3878 mortuus
3664 3822 3755 3879 est

2109 3921 2315 3980 senex,
2349 3912 2409 3966 et
2436 3903 2648 3984 plenus
2708 3903 2963 3986 dierum,
3024 3922 3216 3967 annos
3243 3912 3437 3981 natus,
3472 3913 3537 3967 ut
3565 3904 3752 3982 aiunt,

2109 4000 2347 4055 centum
2378 3999 2438 4054 et
2464 3993 2708 4070 ,decem.
2768 3992 3015 4075 Josephi
3072 4011 3211 4056 vero
3268 3993 3375 4054 ﬁlii
3419 3991 3675 4077 Jacobus
3699 4002 3762 4056 et

2108 4081 2293 4145 Judas
2324 4081 2509 4144 secuti
2539 4091 2675 4144 sunt
2701 4080 2930 4148 Jesum.
2987 4081 3101 4146 Sed
3150 4101 3359 4144 omnes
3389 4083 3565 4145 simul
3594 4084 3762 4148 ibant

360 4176 620 4242 Ἰάκωϐος
676 4180 765 4235 καὶ
821 4170 1015 4243 Ἰούδας
1071 4176 1438 4245 ἠκολούθησαν
1491 4182 1569 4250 τῷ
1627 4172 1826 4243 Ἰησοῦ.
1879 4173 2011 4242 Πλήε

2113 4189 2221 4251 per
2251 4170 2452 4252 urbes,
2485 4178 2543 4233 et
2600 4171 2903 4254 regiones,
2966 4180 3027 4234 et
3082 4171 3477 4254 praedicantes
3506 4191 3762 4254 regnum

368 4269 419 4325 οἱ
485 4268 680 4332 πάντες
750 4268 1177 4348 συνεπορεύοντο,
1250 4266 1388 4323 κατὰ
1453 4262 1609 4321 πόλιν
1669 4264 1757 4320 καὶ
1836 4264 2011 4345 χώραν

2110 4260 2240 4335 Dei,
2277 4268 2334 4322 et
2365 4270 2642 4323 sanantes
2674 4280 2913 4324 omnem
2946 4261 3246 4337 morbum,
3277 4268 3334 4324 et
3361 4280 3601 4324 omnem
3631 4263 3763 4325 lan-

370 4358 738 4438 πορευόμενοι,
822 4358 911 4414 καὶ
986 4356 1337 4437 κηρύσσοντες
1405 4352 1506 4420 τὴν
1576 4351 1868 4429 βασιλείαν,
1940 4354 2029 4409 καὶ

369 4445 587 4519 ἰώμενοι
640 4452 816 4503 πᾶσαν
883 4445 1036 4502 νόσον
1104 4446 1194 4502 καὶ
1252 4450 1424 4500 πᾶσαν
1483 4440 1769 4517 μαλακίαν,
1840 4443 1941 4499 Καὶ
1990 4443 2025 4509 ἡ

367 4536 596 4615 πενθερὰ
641 4543 736 4592 τοῦ
794 4534 992 4616 Πέτρου
1044 4534 1252 4591 ἰαθετσα
1309 4533 1401 4587 σὺν
1453 4537 1522 4608 τῇ
1562 4531 1775 4610 θυγατρὶ
1823 4531 2030 4609 γυναικὶ

370 4625 574 4704 Πέτρου
599 4624 957 4693 ἠκολούθησεν
986 4624 1168 4687 αὐτοῖς
1198 4623 1287 4679 καὶ
1316 4626 1477 4689 συνῆν
1507 4626 1576 4698 τῇ
1607 4619 1872 4694 Θεοτόκῳ.

456 4703 569 4773 ω’.
604 4710 934 4792 Ἀπάραντες
990 4709 1045 4768 δὲ
1100 4711 1326 4786 ἐκεῖθεν,
1386 4707 1546 4778 ἦλθον
1604 4710 1680 4773 είς
1707 4708 1899 4785 κώμην
1928 4712 2029 4776 τῆς

372 4800 646 4870 Βηθσαϊδὰ
674 4801 831 4859 πόλιν
858 4806 958 4869 τῆς
1003 4798 1311 4880 Γαλιλαίας,
1361 4797 1416 4854 ἐν
1474 4801 1511 4877 ᾗ
1567 4796 1708 4854 ἐστιν
1737 4797 1775 4866 ἠ
1805 4796 1966 4874 λίμνη
1994 4798 2029 4866 ἡ

365 4891 675 4969 καλουμένη
704 4891 1055 4971 Γεννησαρὲτ,
1112 4890 1201 4947 καὶ
1255 4886 1443 4969 φιάλη,
1506 4885 1591 4943 διὰ
1645 4888 1708 4943 τὸ
1766 4886 1884 4944 ἴσον
1937 4893 2030 4943 τοῦ

366 4983 528 5061 γύρω
558 4997 573 5011 ⁸
606 4982 697 5038 καὶ
741 4983 803 5039 τὸ
849 4979 985 5059 ὕδωρ
1034 4979 1170 5037 πάνυ
1227 4974 1436 5054 διαυγὲς
1489 4976 1578 5033 καὶ
1609 4974 1857 5055 καθάριον
1895 4994 1910 5011 ο
1941 4975 2031 5031 καὶ

2111 4366 2380 4430 guorem.
2412 4348 2486 4411 Et
2517 4368 2723 4412 socrus
2774 4350 2939 4413 Petri
2984 4358 3187 4413 sanata
3243 4351 3420 4413 simul
3452 4370 3585 4412 cum
3618 4351 3764 4425 ﬁlia,

2112 4456 2296 4499 uxore
2330 4439 2513 4516 Petri,
2577 4447 2780 4501 secuta
2823 4448 2926 4504 .est
2979 4458 3105 4516 eos,
3167 4447 3223 4502 et
3254 4438 3599 4502 convivebat
3627 4458 3764 4503 cum

2109 4524 2387 4608 Deipara.

2194 4703 2400 4766 XVIII.
2417 4703 2491 4768 Et
2503 4704 3058 4782 indediscedentes,
3075 4705 3438 4769 veneruntin
3454 4703 3765 4768 castellum

2113 4794 2450 4857 Bethsaidas
2475 4794 2727 4857 civitatis
2744 4794 3021 4870 Galilaem,
3045 4793 3148 4856 ubi
3178 4802 3266 4857 est
3294 4794 3461 4857 lacus
3483 4794 3584 4875 qui
3614 4791 3770 4858 Gen-

2115 4884 2418 4957 nesareth,
2441 4903 2511 4945 ac
2537 4883 2742 4947 Phiala
2765 4892 3003 4946 vocatur
3032 4882 3110 4944 ob
3141 4882 3537 4964 aequalitatem
3566 4882 3766 4944 ambi-

2113 4981 2230 5053 tus,
2269 4980 2330 5035 et
2358 4990 2570 5053 aquam
2601 4971 2845 5035 omnino
2876 4970 3233 5053 pellucidam
3257 4987 3327 5035 ac
3356 4971 3663 5033 mundam.
3711 4969 3771 5032 Is

372 5072 511 5127 ἔπτέι
563 5068 713 5146 μίλια
764 5067 1101 5126 κυκλεύεσθαι
1135 5082 1150 5098 ⁸
1211 5064 1391 5125 ἔλαιον
1434 5063 1490 5122 δὲ
1538 5064 1676 5121 πάνυ
1704 5065 2025 5145 θαυμαστὸν,

459 5174 491 5224 7
519 5174 689 5241 Joan.
718 5191 764 5255 ι,
797 5173 898 5241 33.
980 5174 1017 5226 8
1040 5173 1252 5239 Matth.
1284 5187 1371 5251 ω,
1401 5170 1501 5236 17.
1586 5169 1622 5223 9
1646 5171 1819 5234 Joan.
1850 5184 1893 5246 ι,
1926 5166 2028 5233 36.

2111 5062 2292 5125 habet
2316 5070 2546 5144 septem
2566 5060 2846 5126 milliaria
2868 5062 2930 5123 in
2945 5059 3201 5125 circuitu
3225 5060 3345 5142 (61)
3372 5078 3387 5124 :
3412 5060 3611 5125 oleum
3631 5076 3773 5124 vero

1784 5301 2137 5383 Mingarellii
2165 5310 2339 5368 notae.

456 5416 589 5505 (59)
615 5414 965 5505 Legendum
1000 5413 1290 5505 forsitan:
1421 5408 1694 5505 βηθαράϐα
1714 5408 1846 5492 (aut
1873 5412 2011 5505 βηρᾳ

2206 5411 2331 5505 (ῥυ)
2365 5411 2564 5505 (Index
2595 5432 2610 5475 :
2645 5414 3090 5505 ὑποστρέψαντες.
3144 5408 3208 5505 Si
3231 5418 3440 5505 auctor
3479 5409 3784 5505 eleganter

381 5491 1908 5580 64p;)1ppllp._Betharabaa_mentio_ﬁtJosue_1m,
1937 5492 2042 5571 61,
2123 5491 2439 5580 scriberet,
2520 5491 2988 5580 emendandum,
3060 5510 3129 5556 ac
3185 5492 3502 5572 legendum
3569 5491 3778 5556 esset:

377 5570 489 5640 ubi
510 5570 760 5657 legitur:
786 5577 861 5641 In
879 5579 1117 5641 deserto
1139 5572 1525 5657 Betharabq;
1545 5571 1720 5657 Apud
1749 5570 2011 5657 Joannem

2123 5576 2562 5654 ὑποστρεψάντων
2593 5575 2787 5657 αὒτῶν,

389 5675 538 5747 vero
563 5651 986 5747 evangelistam
1018 5676 1163 5747 cap._
1185 5673 1228 5747 ι,
1257 5654 1561 5747 vers.‘27,‘
1601 5651 1817 5733 Iegitur
1839 5655 2046 5747 5.3m;
2212 5651 2336 5736 (6i)
2368 5654 2528 5747 L_ege
2555 5673 2687 5747 quae
2709 5653 2938 5747 de_hoc
2965 5652 3251 5747 lacufuse
3267 5651 3784 5747 scribithsephus

389 5742 459 5800 in
486 5732 792 5803 Bethania
819 5742 988 5819 facta
1015 5732 1163 5803 sunt
1203 5732 1376 5799 trans
1410 5732 1763 5810 Jordanem,
1787 5734 1895 5796 ubi
1911 5738 2050 5798 erat
2128 5732 2235 5797 lib;
2263 5732 2350 5797 ni.
2390 5732 2477 5799 ne
2507 5732 2663 5799 bello
2690 5733 2838 5799 Jud.
2900 5751 3032 5816 cap.
3065 5734 3165 5812 10,
3226 5743 3286 5798 et
3313 5753 3385 5799 ea
3410 5733 3618 5798 confer
3630 5732 3788 5825 cum

389 5818 662 5877 Joannes
677 5816 1153 5877 bantizans.Sed
1173 5816 1235 5877 in
1258 5817 1387 5877 haec
1401 5812 1586 5877 verba
1608 5813 2052 5877 mendumirre-
2135 5814 2252 5877 his.
2280 5813 2536 5877 Videtur
2557 5815 2720 5877 enim
2763 5812 3082 5877 Eninhanii
3118 5814 3309 5877 nostri
3350 5822 3540 5877 textus
3566 5813 3788 5877 alicubi

384 5818 662 5883 Joannes
677 5812 1018 5901 baptizatus.
1034 5816 1153 5883 Sed
1173 5816 1235 5878 in
1258 5817 1387 5879 haec
1401 5812 1586 5877 verba
1608 5813 2052 5877 mendumirre-
2135 5814 2252 5878 his.
2280 5813 2536 5879 Videtur
2557 5815 2720 5879 enim
2763 5812 3082 5896 Epiphanii
3118 5814 3309 5879 nostri
3350 5822 3540 5879 textus
3566 5812 3793 5904 alicubi

379 5897 588 5990 psisse
614 5900 789 5990 multi
818 5900 1108 5990 suspicati
1126 5904 1286 5990 sunt,
1311 5904 1506 5990 θεοῖο
1522 5894 2053 5990 Βερήαηίαμεθη-
2249 5903 2653 5990 _co_rrnptus_a
2670 5894 2944 5990 librario,
2976 5893 3080 5978 qui
3107 5902 3168 5959 et
3193 5895 3391 5990 aliqua
3413 5894 3598 5961 verba
3626 5911 3787 5959 omi-

382 5973 1101 6146 ῗὲιιὲτὲῗὲρέεεήαὺανα.
1135 5973 1299 6062 Lege
1342 5973 1751 6058 Bonfrerium.
1784 5973 2053 6060 aliosque
2142 5975 2222 6043 sit
2242 5973 2516 6061 fortasse,
2549 5982 2610 6046 et
2633 5975 2751 6045 alia
2777 5973 3095 6061 perperam
3123 5973 3403 6045 exaravit.

592 6077 777 6126 rem.
