4154 6400
495 387 614 455 207

1797 390 2203 457 EPIPHANII
2231 390 2581 459 MONACHI

3767 390 3887 458 208

496 522 789 604 optimum
818 529 931 605 est,
963 528 1023 584 et
1049 520 1283 586 friictus
1334 520 1712 610 autumnaleﬁs
1740 520 1901 585 circa
1927 522 2146 601 lacum,

2243 527 2324 584 καὶ
2394 528 2577 608 ὀπώρα
2632 529 2749 609 περὶ
2804 533 2902 596 τῆς
2966 526 3179 605 λίμνης,
3237 529 3321 586 ἐπὶ
3349 529 3548 610 ἰχθύων
3619 527 3883 605 εὐόσμων.

497 620 557 674 et
576 611 772 694 pisces
793 611 949 674 bene
975 611 1226 675 olentes.
1251 610 1639 674 Venitautem
1661 609 1694 673 J
1700 629 1836 674 esus
1864 610 1924 673 in
1956 611 2149 674 Zebe-

497 700 636 762 dam
669 700 844 763 simul
872 719 1010 763 cum
1043 708 1254 777 matre,
1293 706 1352 761 et
1372 699 1704 780 discipulis,
1733 706 1792 762 et
1821 700 2151 763 tliversatus

498 796 591 852 est
610 790 769 871 apud
792 789 1169 866 Zebedaeum,
1202 787 1304 870 qui
1325 786 1580 851 habebat
1609 807 1882 862 uxorem,
1914 796 1973 852 et
2002 789 2150 852 duos

499 878 655 941 ﬁlios
682 877 974 941 Iacobum
1002 886 1062 941 et
1090 880 1402 952 Joannem,
1432 886 1493 940 et
1512 879 1742 960 accepit
1767 897 1868 941 eos
1888 878 1947 941 in
1975 879 2152 942 disci-

500 968 698 1050 pulos.
720 969 911 1031 Mater
929 967 1169 1030 illorum
1193 974 1406 1048 putans
1439 985 1576 1030 eum
1602 968 1869 1050 polliceri
1898 987 2148 1049 regnum

500 1063 832 1133 terrenum,
862 1056 1033 1138 petiit
1061 1055 1136 1118 ab
1166 1074 1263 1129 eo,
1293 1064 1359 1117 ut
1411 1075 1568 1119 unus
1623 1074 1659 1118 a
1685 1056 1908 1119 dextris
1936 1057 2147 1138 ipsius,

505 1153 566 1208 et
594 1164 750 1208 unus
778 1163 814 1208 a
842 1144 1098 1207 sinistris
1127 1144 1365 1207 sederet
1416 1144 1481 1206 in
1508 1163 1693 1225 regno
1728 1147 1878 1225 ejus.
1911 1145 1982 1208 Et
2010 1145 2151 1207 inde

504 1234 730 1315 egressi
744 1242 1034 1297 venerunt
1054 1233 1116 1295 in
1138 1235 1508 1315 Capernaum
1542 1256 1558 1312 ;
1587 1242 1645 1297 et
1663 1236 1889 1298 sanavit
1917 1235 2151 1316 paraly-

500 1324 710 1406 ticum,
744 1331 804 1387 et
829 1323 979 1387 alios
1011 1324 1251 1387 multos.
1285 1323 1636 1406 Ubicunque
1667 1325 2154 1388 autem'diversa-

500 1414 741 1492 bantur,
776 1423 989 1498 sponte
1009 1415 1129 1478 illis
1167 1414 1701 1478 aﬂ‘erebantmulta
1728 1416 1829 1498 qui
1858 1414 2151 1479 caraban-

497 1515 619 1582 tur,
652 1513 711 1567 et
735 1497 1037 1587 principes
1057 1497 1381 1568 civitatum.
1404 1504 1695 1586 Discipuli
1718 1497 1938 1567 multos
1968 1504 2152 1567 doce-

499 1592 667 1668 bant,
720 1601 780 1655 et
823 1592 1233 1675 baptizabant:
1279 1596 1450 1656 Jesus
1476 1612 1616 1655 vero
1647 1613 1765 1656 non
1795 1592 2148 1675 baptizabat,

500 1681 610 1745 sed
631 1689 858 1744 tantum
885 1682 1156 1759 docebat,
1179 1680 1494 1745 etsanabat
1513 1681 1783 1745 inﬁrmos
1800 1699 2154 1764 quocunque

498 1771 689 1836 ibant.
725 1771 1048 1835 Zebedaeus
1076 1782 1277 1836 autem
1330 1785 1598 1834 mortuus
1629 1781 1719 1835 est
1745 1793 1759 1834 :
1803 1792 1919 1854 qua
1946 1791 2013 1834 re
2042 1792 2152 1835 au-

2235 613 2435 674 Ἐλθὼν
2483 615 2539 673 δὲ
2597 619 2625 674 6
2682 615 2886 685 Ἰησοῦς
2946 620 3018 682 εἷς
3069 616 3270 687 Σεϐεδὴ
3329 619 3421 674 σὺν
3474 625 3542 696 τῇ
3592 619 3752 698 μητρὶ
3800 619 3889 675 καὶ

2230 717 2349 771 τοῖς
2407 709 2699 783 μαθηταῖς,
2761 706 3043 776 κατεκλίθη
3100 709 3242 788 παρὰ
3293 705 3579 788 Σεϐεδαίῳ,
3641 709 3699 771 ὃς
3758 705 3889 787 ἔσχε

2230 808 2460 872 γυναῖκα
2489 796 2576 851 καὶ
2629 793 2717 853 δύο
2773 795 2935 878 υἱοὺς,
2987 793 3248 878 Ἰάκωϐον
3303 798 3391 853 καὶ
3449 794 3702 863 Ἰωάννην
3737 816 3753 830 ο
3800 796 3890 852 καὶ

2231 880 2415 942 ἔλαϐεν
2446 885 2633 948 αὐτοὺς
2664 876 2928 961 μαθητάς,
2985 876 3048 943 Ἠ
3106 883 3161 942 δὲ
3220 887 3401 965 μήτηρ
3429 884 3603 943 αὒτῶν
3632 885 3893 960 νομίσασα

2230 969 2312 1030 ὅτι
2380 974 2499 1055 περὶ
2567 973 2799 1055 ἐπιγείου
2870 972 3138 1051 βασιλείας
3196 972 3583 1055 ἐπηγγέλλετο,
3642 975 3885 1050 ᾐτήσατο

2230 1063 2385 1119 αὐτὸν
2413 1062 2507 1119 ἵνα
2537 1067 2620 1127 εἷς
2676 1063 2737 1119 ἐκ
2792 1061 2970 1129 δεξιῶν
3013 1067 3191 1140 αὐτοῦ,
3247 1064 3334 1120 καὶ
3392 1068 3473 1127 εἷς
3523 1061 3576 1128 ἐξ
3609 1062 3890 1137 εὐωνύμων

2231 1152 2512 1208 καθίσωσιν
2569 1153 2623 1209 ἐν
2679 1158 2747 1230 τῇ
2803 1151 3042 1230 βασιλείᾳ
3095 1152 3276 1213 αὐτοῦ.
3339 1154 3437 1211 Καὶ
3493 1153 3698 1210 ἐκεῖθεν
3726 1149 3881 1216 ἐξελ-

2230 1237 2434 1316 θόντες,
2465 1238 2623 1309 ἦλθον
2673 1242 2746 1306 εἷς
2806 1242 3156 1321 Καπερναούμ
3264 1243 3351 1298 καὶ
3406 1242 3595 1298 ἰάσατο
3649 1241 3740 1297 τὸν
3772 1260 3888 1296 πα·-

2233 1306 2509 1407 ραλυτικὸν
2538 1330 2628 1386 καὶ
2656 1328 2848 1393 ἄλλους
2903 1306 3154 1394 πόλλους.
3216 1306 3378 1388 ’,Οπου
3434 1328 3489 1386 δὲ
3546 1329 3608 1386 ἂν
3637 1326 3892 1385 κατεκλί-

2234 1440 2409 1499 νοντο,
2443 1420 2491 1475 οἱ
2517 1418 2919 1498 θεραπευόμενοι
2948 1420 3036 1475 καὶ
3080 1421 3127 1477 οἱ
3180 1424 3380 1499 πρῶτοι
3410 1425 3515 1476 τῶν
3545 1418 3755 1476 πόλεων
3785 1416 3889 1473 αὖ·-

2233 1496 2624 1588 τοπροαιρέτως
2681 1508 3001 1589 προσέφερον
3030 1496 3233 1570 αὐτοῖς*
3267 1507 3630 1584 ἀναλωμάτων
3682 1505 3889 1577 πλήθη.

2234 1594 2470 1660 Πολλοὺς
2499 1594 2801 1676 ἐκατήχουν
2850 1599 2940 1654 καὶ
2994 1593 3272 1669 ἐϐάπτιζον
3330 1600 3378 1654 οἱ
3436 1596 3689 1677 μαθηταὶ,
3753 1598 3781 1652 6
3836 1592 3893 1651 δὲ

2235 1683 2443 1753 Ἰησοῦς
2512 1685 2606 1741 οὒκ
2675 1684 2950 1757 ἐϐάπτιζεν
2984 1706 3001 1723 ·
3075 1686 3235 1762 μόνον
3322 1683 3377 1741 δὲ
3448 1683 3733 1757 ἐδίδασκεν,
3803 1684 3892 1739 καὶ

2233 1776 2350 1831 ἰᾶτο
2405 1774 2527 1837 τοὺς
2583 1773 2926 1840 ἀσθενοῦντας
2983 1772 3115 1832 ὅπου
3172 1773 3262 1831 ἐὰν
3319 1774 3655 1855 ἐπορεύοντο.
3718 1764 3776 1830 Ὀ
3835 1769 3890 1827 δέ

501 1860 629 1924 dita
655 1861 909 1924 Jacobus
937 1861 1232 1925 accedens
1260 1860 1335 1924 ad
1364 1861 1683 1924 Dominum
1716 1861 1799 1924 ait
1833 1880 1848 1925 :
1893 1859 2058 1942 Sine,
2089 1867 2155 1921 ut

2244 1860 2529 1925 Σεϐεδαῖος
2582 1862 2836 1945 ἀπέθανεν
2871 1879 2886 1893 ’
2951 1866 3039 1921 καὶ
3093 1864 3320 1928 ἀκούσας
3381 1861 3656 1937 Ἰάκωϐος,
3717 1882 3892 1938 προσ-

502 1949 677 2013 beam
703 1952 776 2014 ad
802 1949 1217 2032 sepeliendum
1238 1957 1467 2032 patrem
1489 1969 1686 2013 meum
1716 1972 1729 2011 :
1784 1958 1843 2013 et
1872 1969 1991 2012 non
2021 1968 2156 2031 per-

504 2039 668 2102 misit
682 2039 819 2122 ipsi.
842 2039 919 2103 Et
940 2048 1074 2121 post
1090 2040 1273 2102 breve
1301 2046 1533 2121 tempus
1574 2040 1735 2102 misit
1753 2040 1915 2117 .duos
1943 2039 2154 2101 fratres

506 2128 791 2192 Iacobum
826 2136 886 2191 et
909 2127 1200 2191 Joannem
1233 2146 1249 2192 :
1305 2127 1553 2207 hivvero
1609 2127 1895 2190 abeuntes
1926 2135 2152 2208 patrem

506 2217 749 2298 quidem
778 2215 1168 2298 sepelierunt,
1203 2222 1453 2278 matrem
1486 2234 1624 2278 vero
1676 2216 2049 2278 adduxerunt
2076 2213 2153 2277 ad

503 2306 805 2370 Christum
832 2325 845 2367 :
883 2312 942 2367 et
969 2305 1186 2367 mansit
1215 2323 1348 2367 cum
1380 2304 1634 2386 Deipara
1661 2304 1896 2384 reliquo
1923 2305 2055 2366 vitae
2084 2302 2151 2365 il.

505 2394 622 2458 lius
652 2401 944 2475 tempore.
980 2391 1460 2458 Possessionibus
1514 2412 1653 2456 vero
1710 2393 1835 2456 suis
1872 2392 2152 2469 venditis,

507 2500 645 2564 quae
674 2489 846 2545 erant
875 2481 1095 2560 multae,
1126 2489 1417 2544 venerunt
1440 2482 1504 2544 in
1524 2484 1875 2557 Jerusalem,
1907 2488 1964 2546 et
1997 2499 2155 2543 eme-

503 2579 649 2635 runt
677 2569 849 2635 Sion.
882 2572 1028 2634 Cum
1056 2571 1319 2632 venisset
1360 2579 1557 2634 autem
1607 2570 1780 2635 Jesus
1810 2570 1987 2633 simul
2019 2588 2154 2631 cum

506 2669 716 2738 matre,
750 2667 812 2722 et
834 2658 983 2740 ipsis
1010 2658 1319 2740 discipulis
1347 2659 1409 2721 in
1438 2658 1728 2741 Judaeam,
1764 2666 1823 2723 et
1846 2659 1906 2720 bi
1934 2658 2157 2739 ubique

504 2746 890 2827 Evangelium
920 2746 1339 2827 praedicarent,
1374 2754 1432 2810 et
1466 2747 1855 2828 baptizarent,
1890 2754 1950 2809 et
1978 2764 2155 2809 sana-

505 2844 666 2911 rent,
694 2835 1098 2898 ascenderunt
1121 2835 1184 2896 in
1212 2835 1587 2913 Jerusalem;
1647 2843 1706 2898 et
1734 2835 1970 2899 Salome
2003 2853 2160 2897 uxor

508 2925 759 2989 Chuezaa
818 2924 948 3005 (63)
999 2924 1401 3005 procuratoris
1451 2924 1703 2987 Herodis
1752 2923 2005 3005 Philippi
2034 2923 2152 3004 (63)

507 3013 738 3075 habens
758 3019 987 3092 septem
1008 3011 1253 3092 spiritus
1278 3013 1559 3094 nequitiae
1586 3021 1872 3089 accesset,
1898 3021 1956 3074 et
1976 3013 2162 3075 oravit

2238 1950 2403 2007 ελθὼν
2459 1949 2603 2031 λέγει
2656 1953 2734 2027 τῷ
2808 1952 2979 2032 Κυρίῳ
3012 1968 3027 1983 ⁸
3104 1951 3417 2032 Ἐπίτρεψόν
3490 1975 3582 2028 μοι
3640 1949 3894 2008 ἀπελθεῖν

2236 2040 2399 2115 θάψαι
2429 2041 2520 2096 τὸν
2579 2040 2781 2119 πατέρα
2838 2062 2940 2117 μου
2973 2057 2989 2074 ⁸
3048 2043 3137 2097 καὶ
3194 2041 3289 2098 οὒκ
3344 2039 3628 2120 ἐπέτρεψεν
3684 2039 3844 2095 αὐτόν
3872 2057 3891 2076 θ

2236 2128 2327 2185 καὶ
2357 2126 2473 2204 μετ’
2503 2126 2679 2207 ὀλίγον
2730 2128 3037 2186 ἀπέστειλεν
3088 2129 3209 2193 τοὺς
3267 2127 3358 2187 δύο
3413 2127 3666 2210 ἀδελφοὺς
3698 2125 3889 2185 Ἰάκω-

2237 2213 2328 2275 ϐον
2383 2218 2471 2274 καὶ
2527 2214 2778 2285 Ἰωάννην
2810 2235 2825 2251 ·
2883 2221 2930 2275 οἱ
2986 2217 3042 2274 δὲ
3098 2216 3413 2282 ἀπελθόντες
3463 2220 3555 2275 τὸν
3612 2217 3710 2294 μὲν
3778 2238 3892 2273 πα-

2237 2304 2362 2386 τέρα
2392 2304 2590 2381 έθαψαν
2628 2325 2641 2341 ⁶
2701 2308 2801 2375 τὴν
2858 2304 2912 2363 δὲ
2971 2307 3176 2388 μητέρα
3231 2309 3599 2388 προσήνεγκαν
3658 2313 3735 2382 τῷ
3764 2313 3889 2386 Χρι-

2238 2401 2348 2470 στῷ
2382 2414 2397 2428 ·
2447 2396 2535 2452 καὶ
2588 2395 2652 2463 ἦν
2708 2397 2800 2452 σὺν
2858 2401 2926 2473 τῇ
2984 2398 3226 2471 Θεοτόκῳ
3281 2398 3342 2453 τὸ
3394 2395 3582 2453 λοιπὸν
3611 2400 3711 2463 τῆς
3741 2399 3887 2466 ζωῆς

2239 2483 2419 2545 αὐτοῦ,
2494 2484 2601 2551 Τὴν
2655 2481 2709 2539 δὲ
2776 2488 2968 2552 κτῆσιν
3037 2487 3210 2543 αὐτῶν
3279 2483 3627 2556 πωλήσαντες
3685 2482 3893 2552 πολλὴν

2240 2571 2423 2647 οὖσαν,
2507 2570 2744 2636 ἐλθόντες
2832 2576 2903 2637 εἰς
3000 2566 3370 2654 Ἰερουσαλὴμ,
3451 2574 3720 2654 ἠγόρασαν
3791 2572 3891 2640 τὴν

2240 2660 2402 2719 Σιών.
2463 2656 2740 2726 Ἐλθόντος
2795 2659 2850 2717 δὲ
2917 2669 3009 2719 τοῦ
3079 2660 3258 2730 Ἰησοῦ
3314 2664 3404 2720 σὺν
3463 2670 3532 2740 τῇ
3591 2663 3751 2743 μητρὶ
3807 2663 3896 2718 καὶ

2242 2750 2425 2813 αὐτοῖς
2499 2753 2768 2825 μαθηταῖς
2838 2752 2911 2816 εἷς
2980 2752 3081 2820 τὴν
3139 2749 3415 2827 Ἰουδαίαν,
3475 2753 3563 2808 καὶ
3618 2756 3898 2831 πανταχοῦ

2242 2836 2723 2917 εὐαγγελιζομένων
2807 2842 2895 2896 καὶ
2976 2841 3337 2918 βαπτιζόντων
3417 2841 3506 2897 καὶ
3570 2839 3891 2920 θεραπευόν-

2241 2947 2370 3001 των,
2428 2925 2733 2985 ἀναϐάντων
2788 2932 2959 2987 αὐτῶν
3014 2931 3087 2995 εἷς
3148 2922 3508 3009 Ἰεροσόλυμα,
3568 2927 3803 3003 Σαλώμη
3849 2928 3885 2996 ἡ

2242 3015 2377 3093 γυνη
2443 3022 2645 3087 Χουεζᾶ
2741 3016 3024 3097 ἐπιτρόποῠ
3109 3009 3339 3097 Ἠρώδου
3423 3024 3517 3075 τοῦ
3600 3016 3885 3089 Φιλίππου,

509 3103 833 3178 Christum,
860 3106 920 3162 et
938 3098 1191 3163 liberata
1213 3110 1301 3163 est
1317 3120 1351 3162 a
1373 3100 1701 3185 spiritibus,
1738 3111 1798 3165 et
1828 3121 1949 3165 non
1966 3119 2157 3165 reces-

2244 3101 2446 3183 ἔχουσα
2515 3105 2789 3181 πνεύματα
2852 3106 3109 3185 πονηρίας
3179 3109 3336 3183 ἑπτὰ,
3412 3105 3770 3187 προσελθοῦσα
3838 3102 3895 3159 δὲ

510 3191 589 3256 sit
614 3190 869 3273 amplius
895 3208 931 3253 a
954 3188 1231 3269 Domino,
1263 3190 1369 3254 sed
1398 3198 1603 3254 secuta
1631 3199 1722 3254 est
1750 3210 1907 3255 eum.

592 3456 744 3524 XIX.
778 3458 924 3523 Cum
953 3476 1092 3521 vero
1139 3456 1225 3521 ibi
1281 3456 1640 3521 mansissent
1698 3456 1922 3540 aliquot
1948 3456 2161 3521 diebus

515 3550 669 3632 (erat
698 3549 859 3612 enim
890 3548 1240 3611 solemnitas
1271 3546 1700 3629 Scenopegiaa),
1735 3555 1794 3610 et
1819 3548 2034 3611 multos
2051 3547 2159 3610 do-

512 3641 704 3700 ctrina
733 3637 1124 3699 illumiuasset
1150 3636 1447 3718 Christus,
1480 3646 1540 3698 et
1569 3657 1603 3699 e
1635 3636 1852 3718 templo
1877 3644 2164 3699 mercato-

510 3744 612 3788 res
632 3724 928 3805 ejecisset,
950 3743 1023 3787 ac
1044 3725 1262 3786 multos
1286 3725 1614 3788 sanavisset
1640 3743 1674 3786 a
1703 3725 1926 3801 multis,
1959 3725 2167 3787 variis-

512 3832 632 3895 que
662 3812 910 3889 morbis,
940 3812 1195 3874 rediitin
1221 3811 1545 3888 Galilaeam,
1583 3821 1643 3874 et
1668 3814 1830 3876 venit
1859 3832 1922 3875 in
1947 3813 2161 3877 civita-

512 3909 632 3963 tem
657 3900 945 3980 Magdala.
965 3898 1240 3972 Quaedam
1256 3901 1472 3962 mulier
1484 3901 1728 3963 nomine
1740 3900 1924 3963 Maria
1940 3900 2168 3982 recepit

514 4006 652 4051 eum
673 3988 737 4049 in
764 3989 1007 4050 domum
1039 4006 1231 4063 suam,
1260 3997 1319 4050 et
1354 3988 1571 4050 auditis
1598 3988 1978 4051 sermonibus
2008 3993 2159 4071 ejus,

514 4084 690 4157 atque
720 4075 1056 4157 conspectis
1087 4076 1411 4154 miraculis,
1446 4095 1578 4158 quae
1607 4078 1701 4139 his
1728 4077 1984 4140 faciebat
2010 4078 2166 4140 vale-

513 4164 661 4226 dixit
690 4165 854 4227 omni
881 4164 1085 4227 domui
1116 4183 1257 4240 suae,
1316 4166 1567 4228 accessit
1621 4166 1694 4227 ad
1752 4167 2073 4245 Christum,
2109 4175 2169 4230 et

513 4260 719 4315 secuta
748 4260 839 4314 est
867 4271 1026 4329 eum,
1061 4262 1121 4314 et
1149 4253 1499 4316 convivebat
1528 4272 1662 4315 cum
1682 4255 1955 4336 Deipara,
1981 4263 2038 4317 et
2061 4274 2165 4318 re-

510 4340 691 4422 liquis
717 4340 976 4405 feminis.
1010 4341 1153 4403 Erat
1181 4350 1378 4404 autem
1428 4343 1915 4423 prudentissima,
1954 4352 2013 4406 et
2040 4346 2166 4408 fer-

2176 3177 2327 3249 Cxa‘l
2423 3177 2672 3261 δεηθεῖσα
2754 3204 2847 3254 τοῦ
2928 3177 3155 3277 Χριστοῦ

3161 3245 3178 3278 ,
3266 3194 3597 3277 ἠλευθερώθη
3668 3195 3729 3252 ἐκ
3790 3197 3899 3250 τῶν

2237 3282 2576 3358 πνευμάτων,
2608 3283 2698 3340 καὶ
2751 3284 2924 3342 οὒκέτι
2977 3285 3184 3356 ἀπέστη
3242 3286 3349 3344 ἀπὸ
3404 3292 3497 3344 τοῦ
3527 3285 3740 3366 Κυρίου,
3771 3279 3892 3339 ἀλλ’

2238 3370 2515 3439 ἠκολούθει
2546 3376 2712 3436 αὐτῶ,

2322 3449 2430 3525 ΙΘ’,
2492 3461 2889 3541 Διατριψάντων
2942 3459 2997 3519 δὲ
3052 3462 3169 3521 ἐκεῖ
3222 3461 3430 3542 ἡμέρας
3486 3462 3631 3525 τινὰς
3685 3460 3766 3539 (ἧν
3799 3464 3901 3543 γὰρ

2242 3549 2330 3606 καὶ
2385 3550 2420 3617 ἡ
2481 3549 2637 3629 ἑορτὴ
2692 3555 2787 3618 τῆς
2843 3551 3275 3634 Σκηνοπηγίας),
3331 3553 3420 3609 καὶ
3474 3550 3705 3617 πολλοὺς
3732 3554 3900 3632 φωτί·

2243 3655 2339 3699 σας
2408 3641 2477 3713 τῇ
2547 3634 2853 3712 διδασκαλίᾳ
2910 3642 2938 3696 6
2994 3641 3240 3720 Χριστὸς,
3314 3640 3376 3697 ἐκ
3425 3647 3518 3697 τοῦ
3575 3647 3701 3697 ναοῦ
3771 3643 3895 3706 τοὺς

2243 3720 2523 3793 καπήλους
2595 3722 2869 3803 ἐξελάσας,
2957 3729 3046 3784 καὶ
3139 3727 3370 3792 πολλοὺς
3441 3729 3726 3805 ἰασάμενος
3795 3730 3902 3787 ἀπὸ

2244 3809 2459 3869 πολλῶν
2527 3814 2616 3870 καὶ
2684 3814 2939 3873 ποικίλων
3010 3816 3203 3895 νόσων,
3272 3817 3598 3897 ὑπέστρεψεν
3672 3820 3744 3883 εἰς
3802 3820 3904 3886 τὴν

2247 3899 2554 3977 Γαλιλαίαν,
2641 3905 2731 3959 καὶ
2798 3904 2957 3973 ἦλθεν
3027 3908 3101 3971 εἰς
3182 3904 3440 3986 Μαγδαλὰ
3512 3907 3690 3968 πόλιν.
3762 3909 3898 3978 Γυνή

2245 4012 2326 4053 τις
2384 3992 2604 4068 ὀνόματι
2676 3994 2851 4073 Μαρία
2901 3992 3182 4062 ὑπεδέξατο
3237 3997 3393 4053 αὐτὸν
3451 3998 3524 4061 εἷς
3590 3998 3681 4054 τὸν
3748 3996 3901 4055 οἶκον

2247 4083 2432 4156 αὐτῆς,
2495 4082 2584 4137 καὶ
2633 4081 2900 4141 ἀκούσασα
2956 4085 3047 4143 τὸν
3104 4083 3266 4163 λόγον
3321 4085 3502 4161 αὐτοῦ,
3562 4087 3650 4143 καὶ
3708 4090 3904 4143 θεασα-

2248 4168 2384 4246 μένη
2454 4171 2521 4230 τὰ
2589 4172 2851 4247 θαυμάσια
2941 4175 3099 4231 αὐτοῦ
3186 4173 3220 4229 ἃ
3286 4173 3558 4247 ἐποίησεν,
3630 4174 3902 4240 ἀποταξα-

2249 4256 2384 4332 μένη
2415 4259 2506 4314 τὸν
2562 4260 2714 4317 οἶκον
2770 4261 2936 4330 αὐτῆς
2986 4263 3182 4344 πάντα,
3250 4262 3607 4342 προσελθοῦσα
3661 4271 3737 4339 τῷ
3767 4270 3908 4344 Χρι-

2250 4347 2358 4421 στῷ
2412 4346 2787 4429 ἠκολούθησεν,
2863 4352 2953 4408 καὶ
3011 4357 3175 4419 συτῆν
3231 4357 3300 4429 τῇ
3357 4353 3602 4427 Θεοτόκῳ
3650 4355 3739 4409 καὶ
3781 4367 3911 4417 ταῖς

512 4448 659 4522 ve_ns
688 4429 900 4522 spiritu
932 4438 992 4522 et
1032 4430 1528 4522 _lacr_ymis_sic_ut
1583 4434 1817 4522 Petrus,
1855 4442 1914 4495 et
1940 4433 2016 4496 de
2041 4434 2157 4496 suis

2248 4433 2491 4499 λοιπαῖς.
2550 4425 2647 4495 ἸἨν
2694 4425 2777 4495 δὲ
2806 4441 3183 4522 φρονιμωτάτη
3239 4425 3328 4497 καὶ
3383 4425 3683 4521 θερμητῴ
3740 4443 3913 4499 πνεύ-

514 4517 859 4580 substantiis
903 4517 1275 4612 ministrabat
1306 4518 1415 4580 eis.
1448 4518 1736 4601 Discipuli
1766 4529 1959 4583 autem
1993 4532 2157 4585 erant

2248 4546 2373 4601 ματι
2426 4527 2599 4591 καθὼς
2670 4529 2759 4586 καὶ
2821 4517 3025 4609 Ϊίέτρος
3084 4530 3137 4586 ἐν
3198 4543 3315 4593 τοῖς
3373 4517 3664 4612 δάκρυσιν,
3700 4533 3789 4588 καὶ
3845 4531 3912 4589 ἐκ

511 4606 807 4699 Andreas,
839 4613 900 4668 et
931 4604 1141 4699 Detrus
1161 4608 1383 4699 Afratres
1430 4626 1492 4699 a_
1520 4609 1839 4699 Bethsaida
1870 4610 2108 4676 civitate
2140 4636 2157 4689 ;

2243 4621 2348 4671 τῶν
2377 4617 2730 4698 ὑπαρχόντων
2786 4604 2948 4699 αὐτῇ·
2977 4621 3210 4689 διηκόνει
3265 4604 3483 4687 αὐτοῖς..
3528 4626 3589 4681 Οἱ
3626 4604 3691 4678 δὲ
3725 4626 3915 4699 μαθη-

512 4694 825 4793 Philippus
854 4693 1426 4793 etlBartholornaeus,
1458 4695 1716 4762 Jacobus
1746 4708 1809 4793 et
1829 4699 2007 4793 Judas
2037 4702 2157 4764 fra-

2243 4706 2326 4762 ταῖ
2396 4693 2559 4775 ἦσαν⁷
2603 4707 2850 4791 Ἀνδρέας
2897 4693 3013 4768 ’καὶ
3082 4711 3301 4792 Πέτρος,
3379 4716 3427 4770 οἱ
3499 4693 3737 4793 ἀδελφοί
3800 4714 3916 4772 ἀπὸ

512 4791 644 4882 tres
653 4783 892 4882 Domini
911 4782 1302 4882 (AnamJoseph
1315 4803 1556 4866 crgnom
1565 4788 1835 4882 ento_(64)
1849 4787 2157 4853 dicebatur

2243 4796 2511 4882 βηθσαϊδὰ
2538 4804 2637 4864 τῆς
2664 4782 2873 4866 πόλεως
2909 4822 2924 4838 ·
2986 4782 3251 4866 Φίλιππος
3287 4782 3395 4859 *καὶ
3450 4782 3855 4882 Βαρθολομαῖος
3899 4819 3914 4834 ⁸

512 4870 814 4957 Alphaeus)
854 4895 872 4954 ;
914 4872 1121 4940 Simon
1148 4897 1183 4941 a
1211 4879 1393 4955 Cana,
1454 4884 1515 4940 et
1564 4878 1872 4943 Matthaeus
1901 4898 2157 4962 cvange-

2244 4873 2494 4953 Ἰάκωϐος
2560 4890 2649 4947 καὶ
2721 4889 2941 4970 Ἰούδας,
3014 4888 3227 4971 ἀδελφοὶ
3280 4898 3375 4949 τοῦ
3433 4870 3621 4971 Κυρίου
3651 4870 3699 4926 ⁸.
3730 4896 3758 4951 6
3811 4893 3922 4973 γὰρ
4016 4934 4033 4947 ι

1919 5057 2275 5139 Mingarellii
2301 5069 2478 5128 notae.

596 5188 719 5267 (θεν
746 5186 972 5265 Codex,
995 5196 1223 5263 Χουεζᾶ.
1247 5188 1369 5253 Sed
1389 5189 1710 5269 legendum
1728 5190 1966 5254 videtur
2002 5161 2176 5267 Χουζᾶ

517 5285 589 5363 εξ
614 5269 791 5331 Lucae
810 5268 1126 5363 Evangelia
1169 5268 1538 5363 cap_..v‘m,iv.
1575 5271 1636 5336 3.
1672 5270 1963 5363 Caeterum
1996 5274 2174 5355 hujus

517 5347 728 5411 Chuzze
752 5347 1000 5412 uxorem
1029 5349 1218 5414 Lucas
1244 5347 1475 5413 ibidem
1504 5370 1627 5414 non
1672 5350 1947 5415 Salomen
1977 5347 2169 5427 voc'at,

2254 5192 2524 5258 Josenhi.

2342 5213 2706 5360 lallICOdex
2737 5277 2874 5360 {13>
2933 5274 3148 5360 ἐπίκλη.
3209 5274 3603 5360 Scribendum
3646 5284 3786 5360 put_o
3811 5288 3922 5344 aut

2254 5355 2659 5451 amotam,
2707 5355 2905 5417 minus
2961 5356 3296 5451 eleganter,
3340 5361 3404 5416 τὸ
3433 5355 3690 5419 ἐπίύιοῆ.
3723 5358 3919 5451 Equi-

516 5430 941 5526 ut‘mon’achus
970 5432 1330 5526 nosterlsed
1353 5430 1687 5526 Joannam':
1723 5432 2119 5526 scribit'enim
2153 5454 2167 5500 :
2255 5439 2394 5526 dem
2425 5430 2499 5492 τὸ’
2518 5430 2710 5526 ﬁgulo
2742 5430 3225 5526 nusquam_'al_i_bi
3268 5430 3483 5526 legere
3514 5457 3611 5502 me
3637 5430 3919 5526 memini.

518 5511 618 5600 ῐξριὶ
648 5508 869 5600 ἰῐωάννα
895 5513 1027 5590 γυνὴ
1079 5508 1253 5600 Χούζᾶ
1310 5513 1593 5594 ἐπιτρόπου
1651 5508 1906 5600 Ἠρώῖξῳ,
1938 5514 2010 5600 id_
2029 5524 2119 5600 est
2153 5535 2157 5578 1

2253 5519 2373 5581 Sed
2387 5515 2642 5600 mendis
2673 5508 3256 5600 multo-gravioribus
3303 5508 3651 5600 inquinatus
3677 5520 3923 5584 videtur

518 5587 882 5682 Εείρᾳῃηα
911 5587 1079 5682 μεριξ
1103 5587 2088 5682 gituﬁzmpfocuragorfisHerodis.
2122 5676 2134 5682 Δ
2259 5600 2356 5682 hic
2387 5597 2554 5682 locus
2585 5614 2603 5673 ;
2637 5615 2775 5659 nam
2816 5587 2928 5682 hic
2946 5607 3005 5661 et
3031 5600 3289 5682 Thomas
3320 5587 3629 5682 apostolus
3658 5610 3919 5682 praeter-

606 5667 736 5761 (63)
764 5671 923 5750 Lege
971 5671 1171 5761 Noldii
1224 5667 1550 5761 Diatribam
1605 5673 1847 5761 de__vit‘a
1904 5686 1964 5738 et
1988 5676 2170 5761 gestis
2254 5678 2530 5761 mittitur,
2567 5667 2774 5761 etAtres
2815 5678 2988 5761 Judae
3043 5667 3456 5761 nominantur,
3493 5694 3556 5745 et
3581 5667 3923 5746 Thaddaeus

510 5745 829 5815 Herodum
849 5745 1039 5830 seem.
1063 5752 1167 5835 31,
1190 5770 1324 5836 pag.
1348 5754 1490 5836 361,
1517 5761 1664 5820 tom.
1687 5756 1763 5833 II,
1788 5745 2050 5837 Operuih
2073 5758 2163 5823 Fl.
2251 5745 2598 5826 Edessenus
2624 5756 2812 5825 fuisse
2840 5758 3079 5828 dicitur.
