4154 6458
350 318 462 388 211
1652 326 2011 393 ΕΡΙΡΗΑΝ]

2098 325 2443 391 MONACHI
2600 382 2609 391 .
2802 320 2807 325 ’
3615 325 3733 391 212

345 453 612 543 citationi
640 453 940 531 virtutum,
986 463 1047 520 et
1100 458 1677 537 genuﬂexionibus;
1736 478 1897 537 nam,
1931 467 1996 522 ut

2098 464 2272 532 ἑαυτὴν
2302 469 2372 541 τῇ
2398 458 2627 543 ἀσκώσει
2676 460 2765 516 καὶ
2818 473 2941 527 ταῖς
2999 458 3361 541 γονυκλισῖαις
3395 478 3412 497 ⁸
3470 461 3544 526 ὥς
3574 482 3736 543 φησιν

343 541 430 606 ait
508 543 782 608 Andreas
863 546 1433 629 Hierosolymitanus
1513 548 2001 631 archiepiscopus

2104 540 2356 634 AVSpéacr
2385 551 2491 608 ἀπὸ
2566 540 2940 630 Ἱεροσολύμων
3011 549 3430 630 ἀρχιεπίσκοπος
3494 540 3730 629 Κρήτης,

352 636 544 697 Cretae
575 634 722 714 (68),
754 654 944 717 usque
993 637 1069 700 ad
1127 638 1482 701 hodiernum
1539 639 1697 701 diem
1728 640 2003 702 cavitates

2098 640 2164 698 Ξτι
2195 640 2357 722 μέχρι
2387 639 2474 696 καὶ
2505 644 2592 696 νῦν
2652 639 2718 694 τὰ
2768 637 3081 714 κοιλώματα
3137 644 3244 694 τῶν
3301 639 3540 717 γονάτων
3574 640 3737 704 αὐτῆς

351 739 616 801 genuum
647 722 837 804 ipsius
868 726 929 786 in
957 726 1356 789 marmoribus
1385 736 1603 790 sanctae
1632 727 1773 791 Sion
1805 737 2003 791 osten-

2098 733 2137 788 ἓν
2167 744 2285 795 τοῖς
2318 731 2632 809 μαρμαρίοις
2660 732 2760 794 τῆς
2816 728 2968 806 ἁγίας
3023 727 3163 784 Σιών
3223 729 3349 785 εἶσιν
3380 725 3686 805 δεικνύμενα
3718 742 3733 758 ·

355 808 615 875 duntur:
642 820 701 874 et
716 813 895 875 situm
916 815 1404 878 reclinationisin
1429 817 1643 898 lapide,
1668 817 1772 880 ubi
1796 837 2002 898 parum

2098 821 2171 877 ιαὶ
2223 823 2257 890 ἡ
2314 808 2586 882 ἀνάκλισις
2647 815 2732 873 ἐπὶ
2814 823 2906 874 τοῦ
2962 814 3130 897 λίθου,
3188 815 3322 874 ὅπου
3374 818 3466 873 τὸν
3523 817 3739 897 φυσικὸν

355 899 640 963 naturalis
670 903 866 965 somni
896 903 1189 984 capiebat,
1242 906 1750 987 prosequebantur
1779 909 2005 969 honore

356 995 419 1051 et
448 988 661 1052 timore
714 1010 924 1054 omnes
953 993 1249 1064 homines,
1303 1002 1361 1056 et
1416 995 1856 1075 gloriﬁcabatur
1886 1014 2004 1056 non

355 1077 905 1159 solumaﬁdelibus,
923 1082 1074 1144 seda
1097 1083 1346 1146 Iudaeis:
1371 1092 1429 1145 et
1452 1085 1649 1146 nullus
1666 1086 2004 1147 Judworum

358 1168 662 1256 princeps,
697 1177 797 1230 aut
828 1169 1165 1234 ercorum
1195 1172 1449 1235 audebat
1476 1175 1616 1254 quid
1646 1194 1903 1256 unquam
1933 1174 2007 1235 de

359 1255 463 1318 illa
494 1256 716 1334 dicere,
752 1274 851 1320 aut
878 1261 1355 1342 appropinquare
1387 1263 1613 1335 domui,
1648 1263 1707 1324 in
1740 1255 1854 1344 qua
1881 1264 2009 1344 ipsa

360 1354 677 1408 manserat.
716 1346 857 1410 Sion
916 1367 1079 1426 vero,
1142 1360 1200 1412 et
1258 1352 1643 1415 Gethsemani
1701 1353 1859 1415 idem
1895 1360 2003 1429 est.

360 1434 582 1498 Multos
637 1444 832 1498 autem
884 1437 1155 1500 inﬁrmos
1210 1440 1475 1517 sanabat,
1538 1450 1597 1503 et
1654 1440 1927 1504 OIJSt‘SSOS
1976 1460 2010 1502 a

362 1524 733 1614 daemonibus
756 1526 1084 1590 immundis
1111 1529 1406 1593 liberabat
1431 1552 1461 1591 τι
1491 1532 1918 1614 eleemosynas,
1952 1540 2010 1594 et

359 1630 566 1676 curam
598 1613 661 1674 in
692 1634 1008 1696 pauperes,
1066 1624 1124 1678 ot
1163 1618 1370 1680 viduas
1400 1613 1768 1684 conferebat.
1801 1620 2009 1683 Nullus

2085 908 2244 967 ὕπνον
2301 909 2487 988 μικρὸν
2573 902 2998 986 μεταλάμϐανεν,
3083 907 3246 982 τιμήν
3326 927 3383 961 τε
3437 906 3526 963 καὶ
3579 902 3741 984 φόϐον

2087 999 2245 1079 εἶχεν
2273 998 2413 1077 παρὰ
2471 995 2672 1059 πάντας
2729 994 3055 1075 ἀνθρώπους,
3116 996 3203 1050 καὶ
3262 990 3437 1070 δόξαν,
3494 994 3551 1051 οὔ
3582 994 3742 1069 μόνον

2087 1088 2230 1167 παρὰ
2256 1091 2480 1161 πιστῶν,
2538 1082 2677 1141 ἀλλὰ
2731 1085 2818 1140 καὶ
2873 1084 3015 1163 παρὰ
3072 1080 3336 1140 Ἰουδαίων
3367 1102 3385 1121 θ
3446 1085 3534 1140 καὶ
3578 1080 3742 1146 οὒδεὶς

2089 1163 2288 1251 ἐτόλμα
2343 1181 2449 1230 τῶν
2506 1170 2766 1230 Ἰουδαίων
2846 1171 3029 1252 ἄρχων
3085 1172 3121 1240 ἢ
3183 1163 3452 1243 Ἐλλήνων
3513 1170 3744 1238 λαλῆσαι

2090 1266 2209 1346 περὶ
2263 1266 2427 1332 αὐτῆς
2479 1265 2529 1321 τί
2583 1283 2735 1336 ποτε,
2794 1261 2830 1330 ἢ
2906 1262 3248 1341 προσεγγίσαι
3305 1268 3374 1339 τῇ
3430 1264 3568 1335 οἰκίᾳ
3626 1259 3746 1317 ἔνθα

2091 1354 2377 1431 κατέμενεν
2412 1370 2425 1384 ⁸
2483 1354 2621 1410 Σιὼν
2679 1350 2733 1407 δὲ
2790 1352 2877 1407 καὶ
2938 1355 3255 1427 Γεθσημανῆ
3306 1353 3367 1407 τὸ
3397 1352 3522 1410 αὐτό
3553 1351 3691 1407 ἐστιν
3727 1369 3739 1381 ·

2093 1443 2255 1507 ἰάσεις
2314 1442 2369 1499 δὲ
2424 1440 2626 1505 πολλὰς
2707 1438 3018 1496 ἐπιτελοῦσα
3103 1453 3220 1504 τοῖς
3277 1440 3597 1511 ἀσθενοῦσιν,
3658 1440 3747 1496 καὶ

2093 1530 2473 1609 δαιμονιῶντας
2559 1530 2892 1609 ἐλευθεροῦσα
2987 1536 3092 1587 τῶν
3176 1530 3505 1609 ἀκαθάρτων,
3583 1528 3745 1596 ἐλεη-

2096 1622 2323 1695 μοσύνας
2381 1643 2438 1678 τε
2488 1624 2576 1678 καὶ
2632 1617 2960 1701 ἐπιμελείας,
3023 1623 3095 1684 εἰς
3148 1620 3268 1684 τοὺς
3348 1620 3601 1700 πτωχοὺς
3660 1621 3748 1675 καὶ

360 1720 502 1764 vero
533 1719 567 1763 e
596 1702 913 1765 duodecim
945 1706 1227 1785 apostolis
1259 1707 1474 1769 missus
1506 1715 1616 1783 est,
1650 1710 2011 1772 autrecessit

2098 1711 2189 1773 τὰς
2244 1711 2445 1790 χήρας.
2503 1708 2679 1772 Οὖδεὶς
2735 1708 2789 1764 δὲ
2846 1711 2948 1765 τῶν
3007 1706 3208 1764 δώδεκα
3264 1706 3574 1764 ἀποστόλων
3634 1706 3745 1762 ἀπ-

362 1790 436 1853 ab
468 1809 540 1853 ea
569 1792 829 1873 quandiu
858 1783 998 1874 ipsa
1018 1794 1180 1855 vixit.
1242 1794 1398 1868 Quin
1458 1805 1516 1858 et
1567 1799 1627 1859 in
1656 1798 2011 1879 lapidatione

2098 1783 2365 1868 εστάληῆ
2421 1799 2687 1879 ἐχωρίσθη
2743 1801 2904 1865 αὐτῆς
2961 1797 3015 1853 ἐν
3068 1803 3136 1874 τῇ
3190 1803 3303 1874 ζωῇ
3334 1798 3498 1863 αὐτῆς
3535 1812 3548 1825 ⁸
3613 1793 3749 1851 ἀλλᾶ

366 1882 814 1961 protomartyris
838 1881 1147 1963 Stephani,
1170 1903 1301 1965 quae
1324 1886 1565 1965 contigit
1585 1896 1810 1967 septem
1845 1889 2016 1950 annis

366 1976 501 2049 post
553 1969 774 2033 Christi
830 1972 1289 2049 Ascensionem,
1351 1975 1545 2036 cuncti
1595 1976 1852 2056 dispersi
1882 1986 2018 2038 sunt

366 2064 584 2137 praeter
611 2056 746 2120 illos
778 2059 1120 2124 duodecim.
1154 2061 1225 2122 Et
1252 2062 1547 2125 habebant
1573 2064 1862 2127 Jacobum
1892 2067 2014 2127 fra-

366 2152 531 2235 trem,
552 2145 792 2209 Domini
824 2156 889 2209 ut
916 2149 1172 2230 primum
1225 2151 1369 2233 (69),
1432 2161 1487 2213 et
1528 2152 1658 2214 sine
1707 2154 1836 2235 ipso
1869 2155 2014 2216 nihil

365 2233 683 2324 faciebant.
710 2236 990 2299 Mulieres
1004 2257 1144 2300 vero
1182 2259 1249 2302 ex
1273 2241 1522 2304 diversis
1554 2233 1873 2324 provinciis
1904 2265 2016 2305 no-

365 2321 520 2413 biles
549 2342 685 2386 cum
714 2325 971 2409 Deipara
1003 2336 1192 2410 erant,
1224 2330 1356 2391 alia;
1384 2321 1625 2410 quidem
1647 2332 2015 2413 a'spiritibus

361 2410 694 2500 immundis
716 2414 1002 2492 liberatae,
1028 2417 1159 2479 aliae
1180 2436 1320 2480 vero
1353 2419 1526 2480 ﬁdem
1546 2410 1832 2499 amplexa
1864 2422 2013 2500 «70).

369 2498 534 2564 Inter
561 2503 672 2566 hos
695 2512 822 2567 erat
838 2504 1014 2568 etiam
1042 2525 1188 2567 uxor
1216 2506 1403 2584 Pauli,
1439 2517 1503 2570 ut
1521 2498 1762 2590 quidam
1785 2498 2016 2576 dicunt.

443 2593 655 2658 XXIII.
689 2594 1039 2675 Hippolytus
1068 2604 1264 2658 autem
1298 2595 1756 2680 Thebanus(71)
1794 2609 2013 2677 narrat,

364 2702 496 2746 eam
519 2682 738 2746 vixisse
757 2701 947 2745 annos
964 2688 1205 2746 omnino
1228 2686 1305 2746 ὅθ
1332 2706 1348 2763 ;
1375 2706 1483 2748 nos
1507 2705 1645 2749 vero
1678 2688 2014 2752 invenimus

2096 1888 2185 1943 καὶ
2238 1886 2291 1944 ἐν
2347 1894 2416 1965 τῇ
2473 1884 2739 1961 λιθοϐολίᾳ
2812 1896 2904 1946 τοῦ
2959 1886 3401 1965 πρωτομάρτυρος
3453 1884 3744 1965 Στεφάνου,

2096 1973 2216 2042 ἥτις
2272 1974 2486 2054 γέγονεν
2539 1977 2673 2053 μετὰ
2729 1977 2862 2035 ἑπτὰ
2928 1972 3021 2042 ἔτη
3078 1980 3175 2042 τῆς
3236 1972 3556 2048 ἀναλήψεως
3590 1980 3750 2051 ιΧρι-

2096 2070 2245 2145 στοῦ,
2298 2066 2494 2128 πάντες
2577 2063 2932 2145 διεσπάρησαν
2994 2062 3138 2130 πλὴν
3192 2068 3296 2119 τῶν
3355 2060 3553 2118 δώδεκα
3590 2080 3604 2096 ⁸
3664 2061 3752 2116 καὶ

2097 2153 2259 2234 εἶχον
2286 2156 2377 2210 τὸν
2432 2152 2685 2211 Ἰάκωϐον
2741 2156 2832 2210 τὸν
2883 2151 3104 2234 ἀδελφὸν
3159 2158 3252 2209 τοῦ
3301 2151 3488 2231 Κυρίου
3515 2156 3749 2230 πρῶτον,

2096 2244 2184 2298 καὶ
2259 2244 2426 2323 χωρὶς
2479 2247 2638 2302 αὐτοῦ
2715 2243 2922 2301 ἐποίουν
3005 2239 3174 2301 οὐδέν.
3261 2247 3516 2303 Γυναῖκες
3584 2237 3639 2294 δὲ
3696 2238 3750 2295 ἐν

2099 2329 2358 2412 διαφόρων
2390 2331 2663 2413 ἐπαρχιῶν
2704 2333 2839 2401 ἦσαν
2898 2332 2989 2388 σὺν
3043 2337 3112 2407 τῇ
3163 2330 3408 2403 Θεοτόκῳ
3455 2330 3691 2407 εὖγενεῖς
3732 2344 3747 2359 '

2100 2424 2151 2478 αἱ
2182 2421 2301 2498 μὲν,
2339 2422 2399 2479 ἐκ
2452 2423 2764 2499 πνευμάτων
2819 2422 3126 2501 ἀκαθάρτων
3158 2439 3174 2454 ⁸
3234 2418 3390 2475 ἄλλαι
3438 2416 3493 2475 δὲ
3521 2419 3697 2474 πίστει
3730 2436 3744 2450 ·

2100 2510 2153 2569 ἐν
2185 2515 2273 2575 αἶς
2303 2512 2370 2580 ἦν
2398 2513 2486 2568 καὶ
2514 2514 2549 2580 ἡ
2580 2511 2712 2592 γυνὴ
2742 2509 2969 2585 Παυλου,
3007 2510 3080 2575 ὥς
3109 2530 3247 2573 τινες
3276 2507 3540 2586 λέγουσιν,

2182 2606 2266 2657 ΚΓ
2279 2589 2310 2661 ’.
2348 2589 2656 2665 Ἱππόλυτος
2699 2599 2753 2656 δὲ
2811 2603 2839 2657 ὁ
2896 2597 3132 2666 Θηϐαῖος
3189 2600 3390 2676 ἱστορεῖ
3423 2597 3755 2666 πεντήκοντα

2100 2686 2248 2746 ἐννέα
2302 2688 2397 2758 ἔτη
2453 2691 2519 2747 τὰ
2574 2691 2747 2750 πάντα
2804 2689 2968 2757 αὐτὴν
3026 2687 3176 2767 σαρκὶ
3231 2688 3376 2764 βιοῦν
3408 2702 3424 2718 ⁶
3485 2687 3650 2762 ἡμεῖς
3700 2683 3757 2741 δὲ

366 2790 497 2834 eam
527 2771 750 2835 diutius
805 2770 1047 2835 vixisse.
1107 2775 1309 2854 Itaque
1367 2777 1685 2855 praedictus
1747 2779 2011 2842 Andreas

2101 2779 2405 2857 εὑρίσκομεν
2486 2778 2699 2843 πλεῖον.
2801 2776 3045 2859 Ἀνδρέας
3147 2776 3235 2834 οὗν
3340 2777 3367 2831 ὁ
3449 2773 3754 2854 προῤῥηθεὶς

366 2859 687 2949 episcopus
715 2862 905 2923 Cretae
959 2880 1027 2923 ex
1088 2862 1406 2925 traditione
1462 2864 1563 2938 ait,
1624 2865 1815 2946 ipsam
1875 2885 2011 2946 per-

2100 2867 2384 2932 érrto'xoroq
2442 2870 2678 2949 Κρήτης,
2742 2867 2802 2926 ἐκ
2880 2864 3218 2945 παραδόσεως
3293 2863 3436 2943 λέγει
3495 2865 3568 2927 εἷς
3628 2864 3754 2940 βαθὸ

365 2947 604 3012 venisse
632 2948 705 3011 ad
737 2968 1012 3029 magnam
1043 2959 1413 3014 senectutem
1450 2970 1464 3016 :
1504 2963 1563 3015 at
1591 2956 2011 3036 quinquaginta

2100 2963 2269 3037 γῆρας
2322 2947 2498 3026 αὐτὴν
2516 2969 2538 3029 λ
2565 2964 2891 3027 καταντῆσαι
2926 2977 2941 2991 '
3029 2955 3203 3013 ἕνεκεν
3285 2953 3341 3010 δὲ
3423 2955 3752 3024 πεντήκοντα

369 3055 583 3099 novem
614 3038 757 3100 anni
788 3057 907 3100 non
937 3038 1159 3101 faciunt
1180 3058 1451 3120 magnam
1472 3050 1864 3104 senectutem.
1900 3043 2011 3108 Sed

2101 3046 2249 3103 ἐννέα
2277 3046 2409 3104 ἐτῶν
2466 3048 2594 3124 βαθὺ
2650 3053 2819 3127 γῆρας
2877 3048 2972 3105 οὒκ.
3025 3045 3187 3104 ἔστιν.
3248 3044 3349 3100 Δια
3399 3041 3454 3098 δὲ
3509 3044 3605 3107 τὰς
3652 3064 3754 3098 ται-

368 3133 613 3209 propter
642 3127 1121 3216 perturbationes
1180 3148 1357 3191 nemo
1418 3130 1658 3212 scripsit
1684 3150 1782 3193 res
1811 3132 2011 3214 illius;

2104 3136 2276 3215 ραχὰς
2336 3133 2499 3200 οὐδεὶς
2557 3137 2940 3216 συνεγράψατο
2974 3136 3039 3191 τὰ
3092 3135 3209 3214 περὶ
3266 3133 3429 3198 αὖτῆς
3465 3150 3479 3165 ⁶
3540 3132 3753 3195 πάντως

368 3215 597 3278 scilicet
618 3215 694 3278 0b
725 3216 1122 3299 direptionem
1154 3217 1602 3301 Hierosolymae,
1628 3239 1759 3301 quae
1779 3222 2011 3303 contigil

2104 3214 2209 3279 διᾶ
2244 3223 2358 3290 τὴν·
2398 3222 2661 3280 ἀνάλωσιν
2696 3214 2840 3292 Πτῆς
2929 3214 3294 3303 Ἰερουσαλὴμ,
3363 3219 3475 3286 ἥτις
3530 3219 3749 3297 γέγονεν

365 3304 577 3387 viginti
605 3312 737 3371 octo
767 3306 939 3369 annis
993 3315 1122 3389 post
1180 3307 1401 3372 Christi
1446 3308 1877 3372 Ascensionem
1916 3332 1931 3388 ;
1965 3321 2011 3373 el

2106 3312 2241 3389 μετὰ
2269 3311 2441 3368 εἴκοσι
2480 3313 2622 3370 ὀκτὼ
2677 3310 2772 3381 ἕτη
2829 3315 2927 3380 τῆς
2986 3316 3211 3392 Χριστοῦ
3263 3307 3580 3384 ἀναλήψεως
3612 3324 3631 3342 ⁶
3662 3310 3752 3365 καὶ

368 3394 621 3474 apostoli
642 3394 811 3475 juxta
838 3396 1035 3475 angeli
1066 3397 1409 3460 mandatum
1468 3407 1757 3461 venerunt
1785 3399 1849 3461 in
1883 3400 2011 3463 civi-

2104 3404 2152 3459 οἱ
2208 3396 2493 3459 ἀπόστολοι
2551 3399 2822 3473 ἐξάραντες
2881 3402 2987 3459 ἀπὸ
3065 3391 3409 3480 Ἰερουσαλὴμ
3464 3397 3585 3454 γατ’
3645 3395 3761 3454 ἐπι-

368 3488 547 3545 tatem
577 3484 819 3548 nomine
848 3484 1069 3549 Pellam
1100 3505 1117 3564 ;
1171 3486 1259 3549 sic
1287 3488 1445 3549 enim
1481 3505 1551 3549 ea
1578 3496 1842 3552 vocatur.
1880 3490 2011 3553 Dio-

2101 3495 2270 3566 ταγὴν
2301 3486 2528 3568 ἀγγέλου
2557 3488 2716 3558 ἦλθον
2768 3491 2840 3553 εὶς
2891 3487 3044 3546 πόλιν
3105 3488 3324 3563 ὀνόματι
3385 3484 3591 3542 Πέλλαν
3621 3484 3761 3542 οὕτω

368 3575 571 3656 nysius
597 3592 741 3637 vero
773 3575 1134 3657 Areopagita
1196 3575 1320 3658 (72)
1380 3575 1523 3638 dicit
1582 3594 1648 3638 se
1676 3575 2011 3642 interfuisse

2101 3577 2649 3658 προσαγορευομένην.
2743 3580 3010 3642 Διονύσιος
3113 3574 3168 3633 δὲ
3254 3579 3281 3632 ὁ
3363 3573 3754 3654 Ἀρεοπαγίτης

369 3661 714 3726 dormitioni
741 3663 1008 3744 Deiparae
1037 3684 1153 3728 una
1183 3684 1319 3728 cum
1348 3664 1685 3741 Timotheo,
1717 3675 1776 3729 et
1806 3666 2011 3730 Hiero-

2102 3663 2247 3744 λέγει
2303 3679 2550 3746 παρεῖναι
2610 3669 2682 3732 εἰς
2739 3668 2836 3736 τὴν
2891 3668 3138 3745 κοίμησιν
3195 3667 3358 3732 αὐτῆς
3417 3666 3550 3741 μετὰ
3594 3673 3767 3740 Τιμο-

373 3750 534 3827 theo,
558 3751 790 3815 eta!iis.
815 3751 890 3814 Hi
922 3762 1120 3815 autem
1153 3762 1323 3817 erant
1364 3754 1641 3833 discipuli
1679 3756 1837 3817 Pauli
1871 3774 1884 3818 :
1919 3758 2011 3838 qui

2102 3754 2243 3831 θέου,
2276 3757 2365 3812 καὶ
2423 3747 2694 3836 ιΙεροθέου.
2748 3759 2837 3813 καὶ
2888 3757 3080 3837 ἑτέρων
3112 3771 3127 3787 ⁸
3187 3754 3401 3817 τούτους
3454 3751 3509 3808 δὲ
3566 3751 3766 3828 ἐμαθή-

372 3846 509 3920 post
538 3858 642 3903 sex
670 3859 881 3923 annos,
934 3850 994 3905 et
1041 3842 1357 3905 dimidium
1414 3841 1744 3923 baptizatus
1801 3851 1911 3921 est,
1965 3854 2011 3908 el

2105 3864 2284 3899 τευσεν
2342 3846 2370 3901 ὁ
2427 3844 2579 3924 ἆίγιος
2637 3845 2869 3927 Παῦλος,
2927 3844 3071 3910 ὅστις
3145 3844 3279 3920 μετὰ
3332 3840 3383 3909 ἓξ
3433 3845 3599 3918 ἥμισυ
3658 3840 3753 3909 ἔτη

374 3935 509 4008 post
541 3936 662 3989 tres
691 3946 878 3991 annos
936 3930 1116 4012 coepit
1166 3930 1514 4011 praedicare,
1558 3940 1618 3995 et
1648 3939 1780 4012 post
1808 3951 2011 3995 novem

2108 3929 2422 4013 ἐϐαπτίσθη,
2449 3935 2538 3990 καὶ
2590 3936 2725 4010 μετὰ
2779 3936 2894 4015 τρία
2957 3934 3051 4002 ἔτη
3109 3932 3301 4013 ἤρξατο
3355 3938 3448 3988 τοῦ
3475 3932 3761 4010 κηρύγμα-

374 4033 564 4079 annos
594 4015 955 4095 discipulum
989 4018 1198 4083 habuit
1251 4019 1621 4101 Dionysium.
1682 4019 1779 4081 Ait
1826 4029 2011 4085 autem

2110 4043 2199 4085 τος
2237 4039 2253 4056 ⁹
2310 4024 2398 4080 καὶ
2446 4024 2581 4100 μετὰ
2610 4023 2758 4081 ἐννέα
2814 4024 2907 4092 ἔτη
2964 4024 3315 4100 ἐμαθήτευσεν
3345 4022 3435 4078 τὸν
3468 4022 3764 4083 Διονύσιον.

375 4105 586 4168 beatus
623 4106 864 4183 Paulus,
897 4126 962 4169 se
992 4117 1125 4190 post
1145 4108 1345 4189 viginti
1377 4127 1566 4171 annos
1594 4110 1935 4173 ascendisse
1967 4113 2011 4175 ir

2117 4111 2271 4190 Λέγει
2326 4110 2381 4168 δὲ
2459 4115 2487 4169 ὁ
2566 4114 2820 4192 μακάριος
2907 4112 3135 4188 Παῦλος,
3223 4111 3359 4189 μετὰ
3441 4108 3612 4166 εἴκοσι
3668 4108 3766 4177 ἔτη

372 4193 705 4257 Jerusalem
727 4197 1059 4261 secundum
1070 4199 1505 4263 revelationem
1526 4198 1581 4242 49
1602 4200 1657 4280 ('7
1667 4199 1726 4279 3)
1756 4222 1772 4272 ;
1798 4208 1855 4262 et
1876 4201 2009 4265 inve

2121 4201 2359 4259 ἀνελθεῖν
2389 4202 2462 4266 εἷς
2498 4192 2831 4282 Ἰεροσόλυμα
2867 4224 2890 4259 α
2943 4204 3080 4260 κατὰ
3135 4199 3491 4275 ἀποκάλυψιν,
3532 4223 3558 4255 ι
3594 4196 3766 4279 E390-

374 4285 574 4348 nimus
602 4282 664 4345 in
695 4284 941 4348 scholiis
969 4286 1122 4370 (74),
1155 4306 1290 4351 cum
1320 4287 1393 4352 ab
1424 4286 1662 4370 Epheso
1690 4297 1896 4371 raptus
1930 4301 2011 4355 est

2109 4316 2203 4371 μεν
2236 4294 2289 4350 ἐν
2320 4289 2559 4376 σχολίοις
2592 4309 2607 4324 ⁸
2657 4294 2718 4350 τὸ
2748 4293 2834 4351 οὖν
2888 4292 2994 4349 ἀπὸ
3050 4288 3271 4371 Ἐφέσου
3300 4287 3520 4367 ἡρπάγη
3551 4290 3579 4344 ὁ
3611 4294 3764 4344 Παῦ-

1809 4450 2137 4534 Mingarelli
2167 4461 2343 4518 notae.

465 4588 581 4673 (68)
606 4586 1084 4673 Desumptahaec
1113 4592 1253 4673 sunt
1312 4604 1381 4649 ex
1445 4584 1702 4673 Andreae
1732 4586 2036 4673 Cretensis
2116 4587 2296 4671 polyti
2325 4587 2620 4673 editorum
2651 4586 3011 4673 a__Ii_‘abri<_:_io.
3038 4587 3326 4673 Caeterum
3349 4582 3766 4673 Evodiusquo-

375 4665 867 4759 orationenprima
895 4668 955 4759 in
976 4668 1432 4759 Dormitionemn
1452 4667 1728 4759 _D¢;iparae
1757 4687 1885 4759 pag.
1916 4668 2034 4731 192
2116 4665 2236 4759 gae
2265 4688 2299 4730 a
2325 4667 2775 4759 Nicephorolib
2802 4685 2843 4730 II
2872 4669 3274 4759 ljist:_eccles.
3297 4684 3428 4746 cap.
3457 4665 3517 4759 ξ),
3543 4665 3767 4759 citatus

375 4757 437 4813 et
465 4742 1100 4831 126.0'perumipsius
1128 4767 1284 4810 anno
1318 4742 2035 4830 1634.Parisiis'impres-
2116 4742 2375 4891 {dépsum
2435 4742 2687 4811 aﬂirmat
2742 4748 2818 4810 de
2871 4749 2941 4814 Β.
2999 4747 3269 4829 Virgine,
3327 4742 3485 4827 quod
3543 4742 3762 4826 Hippo-

375 4849 602 4891 sorum.
1502 4861 1506 4866 -
2140 4849 2171 4891 v
2202 4848 2292 4891 us.

374 4849 602 4893 sorum.
1502 4861 1506 4866 -
2117 4835 2292 4893 lvtus.

453 4849 953 4991 Nugaretur
979 4917 1207 4984 auctor,
1242 4908 1358 4991 nisi
1390 4907 1464 4970 de
1481 4861 1662 4971 meris
1682 4907 2037 4977 urbanitatis
2117 4849 2466 4991 Ὓιὸδρηρεε
2505 4908 2796 4991 Dionysii,
2836 4918 2934 4973 aut
2966 4904 3457 4991 Pseudodionysii
3487 4902 3667 4991 verba
3693 4921 3763 4964 ex

375 4983 592 5081 ofﬁciis
615 4983 1003 5081 accipiendus
1027 4996 1236 5081 e_sss_et.
1262 4988 1406 5081 Nam
1437 4997 1749 5081 potestate,
1774 4993 2031 5081 auctori-
2116 4983 2270 5081 libro
2296 4983 2385 5081 ne
2414 4990 2642 5081 Divinis
2662 4983 3043 5081 nominibus,
3072 4988 3290 5081 σαμε-β,
3335 4983 3506 5081 εἰσθιὲ
3633 4985 3759 5044 An-

377 5077 519 5154 tate,
545 5068 986 5154 jurisdictione,
1023 5070 1274 5154 clavium
1294 5068 1622 5154 caelestium
1650 5071 2028 5149 possessione
2113 5070 2611 5154 dreasCretensis
2633 5079 2763 5135 orat
2820 5081 2876 5154 1,
2910 5071 2972 5132 in
3002 5068 3431 5135 Dormitionem
3462 5068 3754 5146 Deiparaa,

417 5149 605 5211 rimus
633 5150 765 5241 sine
798 5149 981 5241 dubio
1011 5157 1136 5212 erat
1193 5153 1427 5241 Petrus,
1478 5149 1757 5241 prichps
1786 5161 2026 5241 εροειρ-
2112 5152 2421 5241 P355112!"
2541 5232 2554 5241 .
2603 5237 2612 5241 -
2739 5232 2755 5241 .
2813 5149 2906 5241 ,⁷-
2955 5238 2963 5241 ,
3280 5237 3292 5241 ,
3425 5227 3438 5238 .

377 5169 605 5292 primus
633 5169 765 5212 sine
798 5169 978 5212 dumo
1011 5169 1136 5212 erat
1194 5169 1422 5229 retrus,
1478 5169 1757 5229 princeps
1786 5169 2026 5241 aposro-
2112 5169 2241 5232 pag.
2285 5169 2421 5217 124.
2541 5232 2554 5245 ο
3425 5227 3438 5238 ι

399 5248 570 5318 _orum
603 5230 917 5318 a_D0_mino
964 5230 1096 5318 ipso
1139 5230 1539 5318 _constitutus._
1580 5227 2028 5318 Febronn_qui-
2121 5311 2160 5318 _
2195 5230 2320 5318 (73)
2352 5232 2418 5295 In
2462 5237 2639 5315 epist.
2687 5232 2759 5296 ad
2807 5232 2993 5297 Galat.
3036 5250 3111 5318 _n,
3138 5247 3220 5318 _v.
3255 5237 3328 5318 Ml,
3386 5224 3764 5318 aitPaulus‘g

379 5309 517 5372 dem
548 5309 798 5394 audacia
827 5328 898 5394 eo
945 5304 1203 5387 devenit,
1261 5317 1327 5372 ut
1377 5307 1663 5373 Jacobum
1697 5304 2027 5394 principem
2110 5304 2347 5394 Deinde
2372 5304 2517 5394 post
2535 5331 2726 5378 annos
2755 5304 3213 5394 quatuordecim
3240 5304 3469 5375 iterum
3517 5304 3765 5371 ascendi

377 5391 780 5473 apostolorum
809 5390 1099 5473 diceret,
1513 5469 1527 5473 _
1770 5472 1775 5473 ί
1894 5390 1908 5394 ’
2111 5390 2599 5473 Hierosolymam
2663 5443 2677 5457 .
2761 5390 2784 5459 ἶ
2884 5442 2900 5458 .
2992 5442 3009 5459 .
3098 5443 3113 5457 .
3206 5435 3226 5454 .
3315 5440 3330 5456 .
3422 5437 3437 5453 .
3529 5433 3546 5451 .
3637 5436 3651 5451 .
3740 5428 3757 5445 .

459 5470 580 5550 (70)
612 5469 1042 5533 Emendatione
1085 5469 1368 5550 indigent
1410 5469 1589 5530 verba
1620 5490 1633 5530 :
1696 5472 1784 5550 καί
1842 5474 1936 5548 μὲν
1967 5474 2029 5530 ἐκ
2111 5473 2355 5535 ascendi
2380 5469 2575 5539 autem
2608 5475 2936 5538 secundum
2969 5473 3420 5538 revelationem.

377 5548 720 5635 πνευμάτων-
748 5552 1077 5635 ἀκαθάρτων,
1137 5548 1303 5635 ἄλλαι-
1352 5549 1406 5607 δὲ
1461 5552 1656 5635 πίστειΖ
1718 5548 2011 5622 Quomodc

2108 5632 2131 5635 _
2192 5552 2338 5635 (74)
2370 5556 2436 5618 In
2467 5554 2674 5619 codice
2704 5557 2870 5620 locus
2912 5555 3011 5618 hic
3065 5555 3469 5635 vitiatusest,
3499 5556 3750 5635 utreor.

377 5631 514 5722 ipse
531 5630 823 5722 legerim,
845 5628 1010 5722 vides
1036 5633 1099 5722 in
1128 5650 1261 5722 mea
1290 5630 1802 5722 interpretatione.

2107 5628 2450 5722 Legendum
2501 5635 2746 5701 fortisan
2770 5658 2795 5701 γε
2852 5637 3084 5721 Εῧρομεν
3135 5636 3188 5695 ἐν
3219 5632 3461 5717 σχολίοις
3496 5648 3510 5662 ν
3547 5629 3635 5687 ὅτε
3666 5628 3755 5688 οὖν

459 5713 578 5791 (71)
605 5710 905 5798 Hippolyti
933 5710 1620 5798 Thebanilocus,_quem
1652 5710 1792 5773 citat
1812 5731 2011 5798 mona-

2107 5710 2216 5773 ἀπδ
2245 5713 2490 5798 Ἐφέσου.

379 5795 526 5858 chus
550 5790 775 5870 noster,
798 5790 1401 5874 exstatpag.47,tom.
1419 5790 1493 5856 II.
1518 5790 1781 5873 Operum
1805 5795 1867 5857 S.
1886 5794 2025 5877 Hip-
