4154 6462
331 354 454 421 215
1633 343 2036 411 ΕΡΙΡΗΛΝΙΙ
2062 341 2414 410 ΜΟΝΔΩΗΙ
3602 341 3722 409 216

331 495 473 551 runt
503 504 635 550 eam
660 487 723 548 in
751 490 1137 548 monumento
1171 499 1186 546 :
1240 497 1460 562 nempe
1501 480 1562 542 in
1593 475 1998 545 Gethsemani

2080 479 2148 537 ιαὶ
2206 478 2352 556 μετὰ
2403 477 2504 546 τὴν
2559 474 2787 553 ὕμνησιν
2873 476 3229 545 κηδεύσαντες
3287 476 3478 552 αότὴν,
3530 474 3724 543 ἔθηκαν
3744 508 3775 517 νο

332 576 406 640 Ει
429 582 564 658 post
583 593 827 658 parvum
856 579 1112 653 tempus,
1137 569 1541 658 spectantibus
1557 567 1847 658 omnibus
1876 566 1984 658 qui

2080 572 2119 624 ὲν
2149 568 2393 645 μνημείῳ
2424 585 2440 600 °
2498 564 2685 658 Siloa
2706 564 2763 621 δὲ
2820 567 2893 630 εἰς
2951 570 3292 658 Γεθσημανη.
3326 567 3426 624 Καὶ
3456 563 3573 658 μετ’
3597 564 3720 621 όλι-

335 653 606 740 aderant,
636 681 852 744 corpus
907 662 1127 723 factum
1184 669 1276 723 est
1329 657 1628 720 invisibile
1676 656 1749 718 ab
1795 655 1985 718 oculis

2080 679 2156 736 γον
2212 657 2425 714 πάντων
2496 653 2824 734 θεωρούντων
2906 661 3012 711 τῶν
3089 656 3385 735 παρόντων,
3446 656 3509 711 τὸ
3565 659 3723 728 σῶμα

338 773 574 818 eorum.
606 752 681 815 Et
707 740 921 814 rursus
947 757 1226 812 canentes
1283 749 1533 830 hymnos
1561 746 1836 809 abierunt
1865 746 1984 808 sin-

2080 746 2280 825 γέγονεν
2312 744 2540 824 ἄφαντον
2569 743 2675 800 ἀπὸ
2704 750 2808 801 τῶν
2840 742 3122 823 ὀφθαλμῶν
3154 744 3325 801 αὐτῶν
3360 758 3374 774 ⁸
3423 744 3512 799 καὶ
3563 740 3724 801 πάλιν

336 843 458 924 guli
489 842 563 903 ad
594 839 864 922 proprias
895 839 1126 900 domos.
1536 923 1540 924 ν

2080 835 2422 913 ὃμνήσαντες,
2455 830 2691 899 ἀπῆλθεν
2721 830 2944 896 ἕκαστος
2975 834 3048 896 εἰς
3078 833 3144 888 τὰ
3174 830 3308 896 ἴδια,

417 912 934 1008 XXVIIAn-nivem
949 929 1078 1028 eius
1090 931 1479 1029 numerantur
1498 923 1605 1026 sic.
1623 927 1989 1029 §eplennem

2152 912 2304 997 Κς¹’.
2351 912 2719 1001 Ἀριθμοῦνται
2770 918 2825 976 δὲ
2882 921 2949 977 τὰ
3004 920 3097 989 ἔτη
3152 926 3316 989 αὐτῆς
3347 920 3514 987 οὕτως
3547 939 3561 955 ⁸
3596 919 3731 976 ἐπτά

2080 1010 2090 1029 9
2144 1017 2166 1028 υ
2406 1009 2416 1027 1
2666 1012 2679 1029 c
2885 1022 2910 1029 _.
3040 1017 3069 1028 ~
3133 1020 3172 1029 -ο
3248 1012 3259 1029 1
3390 1012 3404 1029 ς
3496 1002 3533 1029 (ο
3676 1008 3687 1029 1

337 1028 617 1104 parentes
647 1037 778 1082 eam
838 1016 1089 1081 Domino
1147 1014 1503 1116 obtulerunt.
1546 1013 1989 1116 in‘lerusalem.

2080 1010 2205 1068 ἑτῶν
2256 1009 2576 1091 προσέφερον
2637 1012 2683 1066 οἱ
2756 1022 2940 1088 γονεῖς
3000 1017 3079 1085 τῷ
3133 1012 3305 1091 Κυρίῳ
3364 1012 3439 1073 εἰς
3496 1009 3726 1089 Ἱεροσό-

340 1097 563 1175 Mansit
591 1109 654 1171 in
685 1107 909 1188 templo
941 1124 1043 1166 sex
1071 1122 1281 1178 annos,
1342 1110 1401 1165 et
1447 1102 1759 1165 dimidium
1795 1120 1808 1165 :
1845 1112 1901 1164 et
1930 1104 1992 1165 in

2080 1101 2236 1177 λυμα,
2270 1102 2359 1157 καὶ
2417 1100 2471 1155 ἐν
2526 1106 2603 1174 τῷ
2657 1105 2769 1174 ναῷ
2828 1097 2879 1165 ἓξ
2936 1097 3125 1181 ἥμισυ,
3183 1102 3272 1156 καὶ
3328 1103 3403 1164 εἰς
3451 1101 3545 1156 τὸν
3576 1099 3732 1155 οἷκον

342 1202 525 1264 domo
553 1185 941 1278 Josephisex
976 1210 1252 1256 menses:
1288 1200 1428 1254 tunc
1458 1193 1869 1255 annuntiatum
1903 1202 1991 1255 est

2080 1189 2274 1270 Ἰωσὴφ
2327 1194 2500 1265 μῆνας
2554 1185 2607 1254 ’ἐξ
2640 1208 2657 1225 ⁸
2715 1189 2802 1245 καὶ
2853 1188 3200 1268 εὒηγγελίσθη
3250 1190 3348 1257 τὴν
3394 1188 3729 1267 παγκόσμιον

344 1288 402 1352 ei
431 1276 711 1368 gaudium
742 1283 923 1346 totius
956 1280 1419 1380 mundi.Qulinto
1443 1280 1678 1346 decimo
1709 1301 1878 1380 anno
1897 1300 1996 1362 pe-

2080 1280 2277 1360 χαρὰν,
2308 1280 2400 1336 καὶ
2425 1286 2501 1353 τῷ
2556 1276 3014 1352 πεντεκαιδεκάτῳ
3072 1277 3175 1335 ἔτει
3233 1277 3409 1336 ἔτεκεν
3441 1296 3458 1314 ο
3519 1278 3606 1333 καὶ
3637 1276 3727 1332 σὺν

2121 1378 2142 1380 μ
2212 1373 2237 1380 ν.
2257 1374 2283 1380 μ
2318 1368 2342 1380 ιι
2463 1368 2482 1380 ι
2542 1358 2552 1378 Ι
2640 1372 2653 1380 .
2741 1377 2752 1380 _
2865 1370 2875 1380 ι
3109 1368 3135 1380 υ
3352 1361 3362 1380 Ι
3526 1371 3538 1380 ι
3701 1367 3713 1380 ι

306 1412 309 1415 -
343 1376 522 1458 perit.
558 1376 635 1438 Et
664 1392 800 1437 cum
832 1372 978 1434 Filio
1009 1370 1118 1433 fuit
1169 1370 1410 1450 triginta
1441 1378 1562 1433 tres
1592 1390 1808 1433 annos.
1845 1370 1996 1433 Sunt

2080 1378 2154 1446 τῷ
2184 1373 2290 1446 Υἱῴ
2318 1368 2412 1438 ἔτη
2462 1368 2575 1448 λγ’,
2633 1372 2766 1458 θμοὺ
2821 1370 3051 1449 γίνονται
3109 1368 3202 1438 ἔτη
3261 1368 3382 1447 μη’.
3445 1371 3544 1429 Καὶ
3594 1368 3729 1444 μετὰ

343 1457 519 1528 Simul
551 1463 692 1526 anni
722 1463 826 1526 48.
875 1464 1017 1525 Post
1072 1460 1489 1523 ascensionem
1520 1460 1657 1524 Filii
1689 1462 1907 1522 mansit
1934 1461 1997 1522 in

2080 1469 2170 1519 τοῦ
2228 1463 2347 1516 Υἱοῦ
2403 1460 2499 1526 τὴν
2550 1457 2815 1534 ἀνάληψιν
2872 1461 2945 1523 είς
3004 1460 3093 1517 τὸν
3154 1460 3309 1518 οἶκον
3366 1458 3609 1518 Ἰωάννου
3638 1462 3730 1513 τοῦ

339 1555 519 1617 domo
547 1551 797 1617 Joannis
824 1550 1113 1628 Theologi
1142 1550 1203 1611 in
1234 1552 1448 1611 Sancta
1480 1550 1619 1612 Sion
1654 1550 1826 1612 simul
1859 1570 1993 1612 cum

2080 1546 2342 1627 Θεολόγου
2372 1549 2445 1611 εἰς
2498 1547 2597 1643 τὴν
2650 1547 2803 1626 ἁγίαν
2860 1549 3019 1647 Σιὼν,
3055 1549 3147 1605 σὺν
3202 1549 3345 1622 αὐτῷ
3372 1550 3607 1610 καὶτοῖς
3638 1546 3729 1601 σὺν

338 1643 495 1725 ipso,
532 1654 591 1704 et
616 1641 751 1703 aliis
779 1639 882 1721 qui
911 1639 995 1700 ibi
1027 1646 1218 1714 erant,
1251 1656 1438 1699 annos
1468 1639 1566 1702 24.
1629 1642 1875 1702 Summa
1907 1649 1998 1703 est

2080 1641 2286 1717 αὐτοῖς,
2320 1635 2413 1704 ἔτη
2442 1634 2526 1693 κδ’
2561 1652 2574 1666 ·
2609 1637 2743 1711 ὁμοῦ
2786 1634 2878 1703 ἔτη
2933 1634 3038 1714 οβ’.
3098 1638 3245 1693 Μετὰ
3268 1636 3323 1693 δὲ
3351 1637 3449 1705 τὴν
3479 1637 3732 1711 κοίμησιν

339 1724 635 1793 annorum
672 1727 768 1791 '72.
803 1731 946 1792 Post
975 1726 1395 1789 dormitionem
1426 1744 1564 1788 vero
1594 1735 1815 1788 sanch
1845 1727 1987 1790 Dei-

2080 1732 2173 1793 τῆς
2231 1727 2383 1804 ἁγίας
2439 1724 2697 1781 Θεοτόκου
2753 1725 2946 1788 πάντες
3005 1728 3053 1782 οἱ
3107 1724 3394 1782 ἀπόστολοι
3438 1724 3725 1803 διεσπαρη-

340 1838 499 1901 para;
519 1837 731 1907 omnes
746 1816 996 1897 apostoli
1014 1814 1266 1907 dispersi
1288 1823 1428 1878 sunt
1452 1833 1467 1890 ;
1493 1823 1551 1876 et
1576 1814 1833 1907 Joannes
1861 1835 1991 1907 pro-

2080 1837 2190 1890 σαν,
2252 1803 2341 1870 καὶ
2400 1803 2651 1880 ’[ωάννησ
2704 1813 2962 1881 κατῆλθεν
3041 1816 3155 1907 εἷς’,
3194 1823 3397 1894 Εφεσον
3452 1817 3726 1875 Ματθαϊος

338 1900 532 1972 fectus
559 1915 652 1970 est
682 1906 1008 1987 Ephesum.
1045 1903 1347 1966 Matthaaus
1394 1912 1588 1965 autem
1623 1904 1985 1984 Evangelista

2080 1902 2128 1960 δὲ
2184 1906 2212 1960 ὁ
2269 1901 2652 1981 εὐαγγελιστὴς
2735 1900 2903 1981 λέγει,
2988 1902 3068 1960 ὅτι
3132 1900 3260 1969 Ἐως
3316 1909 3416 1971 τῆς
3476 1902 3728 1964 ἁλώσεως

339 1998 516 2061 dicit:
550 1984 839 2076 usquead
873 1994 1370 2075 expugnationem
1402 1991 1784 2073 Jerosolymae
1813 2014 1989 2056 nemo

2080 1984 2441 2072 lIspouoana,
2524 1989 2686 2056 οὒδεὶς
2774 1990 3001 2068 οὐδαμοῦ
3087 1991 3174 2049 ἐπὶ
3255 1992 3385 2069 ἐμοῦ
3452 1991 3720 2093 ἐπέμφθη.

342 2106 476 2150 meo
507 2094 780 2165 tempore
816 2083 937 2164 (87)
974 2082 1188 2143 missus
1245 2080 1376 2142 fuit.
1437 2081 1821 2160 Evangelium
1850 2102 1989 2145 vero

2080 2083 2150 2139 Τὸ
2214 2079 2269 2136 δὲ
2323 2077 2440 2137 κατ’
2498 2081 2655 2138 αὐτὸν
2713 2079 3032 2159 Εὐαγγέλιον
3090 2082 3224 2157 μετὰ
3294 2082 3575 2161 τριάκοντα
3632 2078 3728 2146 ἔτη
3806 2134 3817 2139 -

342 2175 501 2260 quod
531 2173 861 2237 secundum
893 2172 1092 2260 ipsum
1123 2178 1237 2260 est,
1275 2177 1407 2260 p_ost
1438 2168 1730 2260 30_annos
1760 2171 1998 2260 scripsit

2081 2171 2333 2251 ἔγραψεν,
2391 2167 2510 2227 κατ’
2561 2168 2851 2249 ἐπιτροπὴν
2909 2168 3159 2228 Ἰακώϐου
3214 2180 3306 2230 τοῦ
3363 2168 3588 2250 ἀδελφοῦ
3643 2176 3734 2227 τοῦ

342 2257 414 2330 ex
443 2262 720 2327 mandato
778 2258 981 2323 Jacobi
1036 2258 1235 2319 fratris
1292 2257 1551 2332 Domini,
1604 2258 1898 2338 quivixit,
1933 2268 1997 2322 ut

2085 2261 2292 2341 Κυρίου,
2325 2261 2381 2322 ὃς
2412 2257 2617 2341 ἔζησεν,
2670 2261 2742 2324 ὡς
2799 2257 2964 2338 λέγει,
3029 2262 3163 2336 μετά
3218 2261 3317 2328 τὴν
3348 2258 3610 2334 ἀνάληψιν
3641 2264 3735 2314 τοῦ

343 2354 509 2430 dicit,
538 2357 671 2433 post
688 2347 1117 2412 Ascensionem
1144 2347 1383 2410 Domini
1412 2366 1601 2408 annos
1619 2348 1716 2411 ‘28.
1744 2349 1998 2411 Jacobus

2080 2339 2284 2431 Κυρίου
2331 2348 2423 2417 ἔτη
2479 2339 2595 2418 κη’.
2658 2352 2820 2415 Οὗτος
2906 2349 2960 2407 δὲ
3031 2348 3280 2415 Ἰάκώϐος
3339 2351 3576 2430 ἐμέρισεν
3633 2349 3730 2412 τὰς

344 2451 541 2507 autem
574 2441 687 2503 iste
715 2438 965 2520 partitus
995 2445 1088 2498 est
1116 2436 1262 2517 ipsis
1318 2436 1611 2515 regiones.
1666 2445 1724 2498 et
1754 2438 1998 2500 mittens

2082 2447 2266 2523 χώρας
2312 2446 2496 2505 αὐτοῖς
2532 2460 2548 2477 °
2604 2442 2693 2499 καὶ
2747 2440 3089 2499 ἀποστέλλων
3150 2442 3359 2517 αὐτοὺς,
3420 2443 3495 2498 ἐνὶ
3525 2440 3735 2513 ἑκάστῳ

346 2551 474 2608 eos,
494 2525 1240 2612 praecepitunicuiquehut
1270 2524 1518 2603 singulis
1549 2529 1721 2588 annis
1762 2527 1814 2588 ei
1847 2529 1998 2589 scri-

2085 2530 2465 2612 παρήγγειλεν,
2526 2530 2620 2587 ’ίνα
2672 2533 2846 2595 καθὼς
2921 2529 3174 2612 διδάσκει,
3232 2529 3535 2608 ἀποστέλλῃ
3594 2531 3736 2603 αὐτῷ

345 2621 561 2684 herent
614 2618 737 2696 (79)
795 2614 939 2697 quid
989 2615 1281 2676 doceret:
1344 2615 1502 2695 quod
1537 2623 1596 2677 et
1620 2617 1910 2687 fecerunt,
1944 2619 1998 2704 υς

2087 2619 2207 2678 κατ’
2238 2620 2492 2699 ἐνιαυτὸν,
2554 2620 2583 2676 ὃ
2634 2622 2721 2677 καὶ
2771 2620 3002 2700 ἐποίουν,
3060 2618 3155 2677 ἵνα
3224 2622 3463 2700 ὁμοφονῇ
3519 2622 3597 2693 τῴ
3624 2642 3733 2685 κη-

346 2726 558 2771 eorum
589 2704 863 2768 doctrina
920 2711 1323 2765 consentanea
1378 2711 1536 2764 esset
1592 2705 1998 2782 prmdicalionl

2090 2710 2312 2789 ρύγιιατι
2337 2718 2429 2768 τοῦ
2457 2716 2682 2788 Χριστοῦ
2700 2725 2729 2785 _'
2867 2712 2904 2780 ἡ
2936 2708 3057 2776 δόξα
3086 2710 3174 2767 καὶ
3200 2710 3263 2765 τὸ
3289 2710 3478 2787 κράτος
3510 2710 3584 2773 εἷς
3613 2709 3735 2772 τοὺς

346 2795 594 2878 Christi,
627 2793 942 2875 cuiggloria
991 2799 1051 2855 et
1106 2792 1370 2873 potentia
1426 2794 1483 2853 in
1517 2794 1756 2855 saecula.
1789 2795 1998 2858 Amen

2090 2800 2308 2862 αἰῶνας.
2342 2794 2538 2874 Ἀμήν.

1774 2928 2126 3011 Mingarellii
2153 2896 2330 2996 notae.

427 3047 561 3129 (78)
587 3044 804 3123 Voces,
840 3046 926 3134 ἐπὶ
955 3046 1105 3124 ἐμοῦ,
1138 3046 1182 3108 i.
1216 3063 1271 3109 e.
1306 3044 1416 3134 sub
1448 3064 1568 3129 me,
1588 3065 1809 3130 nempe
1838 3068 1994 3126 meo,

2167 3050 2293 3133 (79)
2321 3051 2558 3118 Codex:
2592 3052 2917 3132 ἀποστέλλῃ.
2952 3051 3156 3131 Malin,
3189 3052 3498 3134 ἐπιστέλλῃ,

354 3126 647 3213 tempere,
681 3126 1000 3191 mendosas
1028 3144 1160 3190 esse
1188 3126 1491 3210 suspicor.

817 3421 1449 3509 ΕΠΙΦΑΝΙΟΥ
1529 3423 2083 3511 ΜΟΝΑΧΟΥ
2178 3427 2367 3512 ΚΑΙ
2457 3428 3273 3516 ΠΡΕΣΒΥΤΕΡΟΥ

662 3610 811 3662 ΠΕΡΙ
847 3610 975 3662 ΤΟΥ
1004 3606 1157 3658 ΒΙΟΥ
1188 3607 1302 3661 ΚΑΙ
1332 3609 1467 3659 ΤΩΝ
1500 3606 1822 3661 ΠΡΑΞΕΩΝ
1852 3612 1967 3661 ΚΑΙ
1995 3608 2257 3663 ΤΕΛΟΥΣ
2288 3614 2416 3666 ΤΟΥ
2445 3613 2641 3665 ΑΓΙΟΥ
2672 3614 2785 3666 ΚΑΙ
2818 3614 3283 3669 ΠΑΝΕΥΦΗΜΟΥ
3318 3621 3429 3671 ΚΑΙ

1313 3743 1807 3797 ΠΡΩΤΟΚΛΗΤΟΥ
1837 3747 1972 3797 ΤΩΝ
1999 3744 2411 3798 ΑΠΟΣΤΟΛΩΝ
2435 3746 2767 3806 ΑΝΔΡΕΟΥ.

850 4122 1485 4219 EPIPHANII
1566 4122 2129 4221 MONACHI
2208 4129 2368 4224 ET
2453 4129 3240 4229 PRESBYTERI

350 4318 450 4381 DE
507 4317 697 4383 VITA
752 4318 851 4380 ET
901 4272 1227 4381 ACTIBUS
1277 4316 1377 4380 ET
1431 4315 1696 4380 MORTE
1752 4318 2051 4401 SANCTI,
2098 4322 2198 4384 ET
2255 4320 2502 4387 PLANE
2541 4324 2963 4401 LAUDANDI,
3021 4326 3120 4389 ET
3167 4327 3392 4391 PRIMI
3444 4328 3736 4393 VOCATI

1482 4448 1726 4513 INTER
1783 4452 2213 4518 APOSTOLOS
2252 4454 2608 4518 ANDRE/E.

433 4821 728 4915 Quoniam
749 4820 919 4885 multi
938 4822 1309 4915 scripserunt
1330 4823 1477 4887 vitas
1499 4830 1558 4887 et
1578 4832 1706 4887 acta
1728 4826 1835 4890 Dei
1855 4826 1998 4889 ami-

2163 4823 2481 4915 Ἐπειδήπερ
2536 4828 2725 4889 πολλοὶ
2783 4832 3146 4913 ἀνεγράψαντο
3198 4835 3339 4912 βίους
3391 4838 3479 4894 καὶ
3526 4835 3740 4915 πράξεις

353 4931 566 5004 corum_
592 4911 859 4974 vivorum
887 4931 957 4975 ac
987 4913 1328 4986 mulierum,
1363 4915 1436 4975 ad
1465 4915 1903 4977 aemulationem
1943 4928 1998 4979 et

2084 4914 2338 4996 θεοφιλῶν
2396 4916 2593 4998 ἀνδρῶν
2646 4942 2704 4977 τε
2762 4923 2850 4979 καὶ
2915 4911 3205 5002 γυναικῶν
3240 4926 3371 5004 πρὸς
3429 4911 3594 4996 ζῆλον
3652 4927 3742 4983 καὶ

353 4998 750 5062 imitationem
783 5019 990 5062 eorum
1022 5001 1123 5083 qui
1150 5002 1459 5064 coelesmm
1482 5002 1753 5064 semitam
1783 5004 1998 5068 ambu-

2087 5004 2311 5081 μίμησιν
2364 5013 2470 5064 τῶν
2527 5009 2599 5072 εἰς
2678 4998 2949 5089 οὐράνιον⁷
2993 5008 3167 5090 τρίϐον
3223 4998 3417 5070 ὁδεύειν
3475 5013 3737 5070 θελόντων

352 5088 479 5180 lare
508 5088 735 5180 volunt,
770 5096 827 5151 et
859 5108 1026 5180 spem
1059 5090 1281 5180 habent
1329 5108 1513 5169 regna
1548 5092 1833 5154 caelorum
1864 5093 1998 5154 adi-

2080 5095 2167 5149 καὶ
2220 5092 2433 5158 ἐλπίδας
2490 5095 2728 5176 ἐχόντων
2803 5088 3071 5175 βασιλείας
3157 5104 3390 5180 οὖρανῶν
3449 5100 3734 5161 ἀπολαύειν

353 5176 625 5259 piscendi
648 5196 754 5270 per
772 5178 1078 5259 angustias
1106 5187 1164 5241 et
1192 5179 1426 5270 labores
1469 5180 1686 5243 multos
1717 5203 1732 5256 ;
1760 5181 1912 5244 sicut
1942 5189 1998 5244 et

2080 5180 2163 5237 διὰ
2190 5181 2416 5258 θλίψεων
2473 5187 2560 5241 καὶ
2612 5185 2788 5243 πόνων
2845 5185 3081 5264 πολλῶν,
3136 5176 3253 5245 οἷον
3308 5189 3402 5253 τὰς
3455 5192 3561 5246 τῶν
3593 5213 3737 5270 μαρ-

354 5272 681 5347 martyrum
713 5265 903 5329 luctas
959 5275 1018 5330 et
1068 5269 1273 5351 prwlia
1323 5279 1528 5332 contra
1578 5270 1907 5348 diabolum,
1942 5280 2002 5334 et

354 5353 667 5435 praeclaras
695 5355 941 5420 virtutes
972 5365 1030 5420 et
1058 5357 1382 5435 miracula;
1415 5377 1533 5421 non
1555 5360 1742 5421 solum
1774 5368 1997 5437 autem,

353 5442 460 5506 sed
481 5450 540 5505 et
557 5451 896 5507 sanctorum
920 5445 1301 5509 eremitarum
1333 5447 1452 5510 otia
1482 5456 1539 5510 et
1568 5449 1775 5512 mundi
1806 5451 1995 5528 fugas,

354 5537 414 5621 et
435 5549 753 5621 corporum
771 5533 1202 5617 ordinationes,
1220 5535 1531 5599 buatorum
1554 5545 1751 5601 antem
1769 5557 1998 5621 aposw-

352 5620 547 5682 lorum
579 5620 728 5684 vitas
758 5640 936 5685 nemo
967 5623 1252 5687 decenter
1292 5626 1568 5708 scripsit:
1602 5627 1790 5689 visum
1810 5620 1914 5693 est
1939 5639 2000 5695 et

357 5708 505 5772 mihi
520 5708 810 5800 cupienti,
838 5718 897 5773 et
916 5711 1027 5773 hac
1049 5719 1110 5774 et
1126 5712 1265 5775 illac
1285 5716 1598 5796 quaerenti,
1617 5716 1996 5800 investigare,

356 5807 420 5861 et
434 5797 715 5883 excipere
734 5818 806 5864 ex
825 5800 1079 5864 oculatis
1106 5801 1355 5866 testibus
1378 5811 1436 5867 et
1454 5805 1673 5869 sanctis
1702 5797 1854 5885 viris
1870 5829 2003 5893 quae

2080 5271 2245 5349 τύρων
2301 5271 2624 5353 παλαίστρας
2682 5276 2770 5331 καὶ
2856 5275 3068 5354 ἀγῶνας
3152 5278 3288 5334 κατά
3342 5286 3437 5338 τοῦ
3493 5276 3738 5337 διαϐόλου

2081 5359 2171 5415 καὶ
2228 5356 2672 5439 ἀνδραγαθήματα
2748 5364 2837 5421 καὶ
2919 5365 3357 5443 θαυματουργίας,
3441 5369 3502 5424 οὗ
3576 5368 3737 5444 μόνον

2080 5444 2161 5523 δὲ,
2216 5445 2353 5504 ἀλλὰ
2408 5452 2495 5506 καὶ
2572 5454 2729 5509 ὁσίων
2814 5453 3063 5521 ἀσκητῶν
3135 5456 3369 5536 ἡσυχίας
3427 5456 3516 5511 καὶ
3570 5458 3740 5537 φυγὰς

2079 5540 2339 5615 κοσμικὰς
2396 5543 2484 5599 καὶ
2540 5542 2711 5611 τάξεις
2795 5541 3057 5623 σώμάτων
3092 5561 3106 5577 ⁶
3191 5552 3297 5602 τῶν
3348 5544 3403 5603 δὲ
3464 5552 3737 5627 μακαρίων

2080 5627 2391 5688 ἀποστόλων
2450 5630 2614 5699 οὐδεὶς
2670 5636 2815 5711 βίους
2893 5635 3229 5715 ἀνεγράψατο
3283 5636 3463 5701 αἰσίως
3500 5655 3516 5674 ³
3597 5634 3738 5704 ἔδοξε

2082 5715 2243 5794 κάμοὶ
2296 5723 2541 5780 ποθοῦντι
2597 5725 2686 5780 καὶ
2741 5722 2981 5791 ξητοῦντι
3064 5722 3168 5781 ὧδε
3221 5724 3465 5800 κάκεῖσε,
3529 5724 3741 5805 ἐρευνῆ-

2080 5827 2169 5864 σαι
2221 5808 2309 5866 καὶ
2364 5808 2667 5877 ἐκλέξασθαι
2743 5814 2886 5891 παρὰ
2967 5816 3240 5874 αὐτοπτῶν
3325 5814 3413 5872 καὶ
3469 5815 3737 5897 θεοφόρων
