4154 6456
324 362 441 427 217
1694 365 1885 431 VITA
1912 365 1974 429 S.
2006 365 2368 431 ANDREE.
3615 362 3735 432 218

323 496 533 581 ἀνδρῶν
569 498 641 557 τὰ
694 501 814 582 περὶ
869 500 1094 575 τούτων,
1154 501 1262 559 ἀπό
1316 522 1373 559 τε
1430 501 1740 579 Κλήμεντος
1774 492 2027 577 Ῥώμηςὶ

2121 518 2152 562 e
2182 499 2270 562 eis
2296 506 2456 576 sunt,
2488 519 2523 563 a
2552 499 2857 565 Clemente
2908 501 3203 574 Romano,
3267 509 3327 565 et
3350 500 3601 582 Evagrio
3633 498 3735 567 Si-

325 589 422 645 καὶ
480 587 745 669 Εὖαγρίου
804 588 1029 646 Σικελοῦ
1085 592 1173 648 καὶ
1246 588 1553 671 Ἐπιφανίου
1603 596 1704 659 τῆς
1762 592 1994 670 Κύπρου.

2120 588 2213 651 ιιΙο
2244 598 2303 651 et
2331 588 2661 671 Epiphanio
2721 589 2957 671 Cyprio.
3011 590 3109 655 Ait
3169 592 3328 652 enim
3361 590 3423 651 in
3454 591 3739 653 historica

329 676 494 756 Λέγει
546 678 651 758 γὰρ
708 677 764 734 ἐν
818 685 887 757 τῇ
945 679 1223 762 ἀναγραφῇ
1278 687 1383 737 τῶν
1440 678 1803 757 ἑϐδομήκοντα
1829 683 1998 757 μαθη-

2120 679 2407 759 criptione
2439 679 2514 741 de
2536 680 2905 760 septuaginta
2926 679 3238 761 discipulis
3261 682 3417 761 quod
3452 680 3605 740 sicut
3635 677 3741 760 qui

330 772 467 841 τῶν,
502 766 584 823 ὅτι
613 770 689 832 ὡς
721 771 768 825 οἱ
794 771 895 847 πρὸ
942 768 1074 845 ἐμοῦ
1108 792 1132 826 ιι
1195 769 1501 849 παρέδωκαν
1551 773 1687 846 ἡμῖν
1724 788 1739 804 ’
1778 792 1802 826 ι
1837 767 1997 836 δῆλον

2121 775 2219 829 nte
2242 767 2595 831 mefuerint.
2621 767 3033 831 Tradiderunt
3054 768 3276 832 nobisi.
3300 767 3473 830 Haud
3487 766 3734 829 dubium

335 854 424 912 ὅτι
480 856 736 937 ἀγράφως
790 859 880 914 καὶ
928 855 981 924 ἐξ
1061 859 1471 939 ἱστοριογράφων
1545 859 1862 940 ἀποκρύφων
1910 860 2000 916 καὶ

2126 856 2225 917 uin
2249 855 2379 917 sine
2408 856 2653 938 scripto,
2688 864 2746 918 et
2794 875 2863 918 ex
2915 856 3258 931 auctoribus
3289 854 3644 937 apocryphis
3678 861 3737 917 et

340 944 730 1025 ἔγκωμιαστιῦν
760 943 979 1026 ἀνδρῶν,
1015 945 1151 1003 ἀλλὰ
1178 950 1266 1004 καὶ
1298 946 1348 1014 ἐξ
1380 944 1555 1004 ἄλλων
1583 946 1848 1028 παρόδων.

2124 944 2454 1025 anegyricis
2473 945 2749 1025 viris,sed
2764 954 2822 1007 et
2838 964 2908 1008 ex
2920 946 3058 1007 aliis
3072 946 3391 1007 viatoribus
3412 944 3737 1026 (audierit).

430 1032 675 1113 Ἐγένετο
730 1034 786 1091 ἐν
838 1048 980 1117 ,ταῖς
1065 1036 1291 1115 ἡμέραις
1374 1028 1624 1117 Ὑρκάνου
1677 1036 1857 1117 ἱερέως
1914 1036 2002 1092 καὶ

2162 1032 2295 1094 Fuit
2324 1032 2386 1093 in
2416 1032 2626 1095 diebus
2655 1033 2911 1115 Hyrcani
2960 1035 3292 1097 sacerdotis
3338 1041 3397 1097 et
3426 1034 3583 1113 regis
3614 1031 3737 1094 He-

352 1123 611 1202 βασιλέως
668 1131 776 1181 τῶν
836 1115 1088 1204 Ἐϐραίων
1168 1123 1352 1189 Ἰωνᾶς
1426 1115 1505 1191 τις
1563 1127 1623 1183 ἐκ
1678 1115 1848 1208 φυλῆς
1911 1130 2005 1181 τοῦ

2120 1138 2404 1182 ιινεεονυῐη.
2438 1119 2620 1183 Jonas
2643 1123 2883 1203 quidem
2900 1141 2968 1184 ex
2995 1122 3149 1184 tribu
3172 1121 3414 1185 Simeon
3441 1130 3498 1183 et
3522 1118 3741 1201 oppido

358 1215 567 1288 Σιμεὼν
622 1214 729 1271 ἀπὸ
784 1213 976 1290 κώμης
1045 1212 1313 1282 Βηθσαϊδὰ
1394 1215 1488 1294 (ἣν
1562 1215 1776 1295 ὕστερον
1831 1212 2006 1270 ἔκτισε

2120 1209 2405 1271 tethsaida
2426 1211 2605 1290 (quod
2638 1211 2847 1273 ultimo
2881 1211 3150 1273 condidit
3179 1212 3493 1293 Philippus
3526 1218 3743 1271 tetrar-

356 1301 619 1368 Φίλιππος
661 1304 691 1358 ὁ
716 1302 1043 1381 τετράρχης,
1103 1305 1130 1359 6
1186 1303 1294 1368 υἱὸς
1350 1300 1583 1382 Ἡρώδου
1615 1301 2005 1381 Ἀντιπάτρου),

2120 1298 2224 1372 ;ha,
2260 1298 2415 1360 ﬁlius
2472 1298 2731 1361 Herodis
2790 1301 3156 1382 Antipatris),
3208 1301 3309 1382 qui
3358 1298 3561 1362 habuit
3592 1296 3743 1359 duos

351 1392 412 1454 ὃς
466 1389 595 1471 ἔσχε
650 1388 739 1449 δύο
809 1391 975 1453 υἷοὺς,
1064 1392 1281 1467 Σίμωνα
1364 1395 1451 1449 καὶ
1508 1390 1779 1472 Ἀνδρέαν.
1839 1388 2011 1455 Πένης

2120 1387 2247 1449 ilios
2278 1386 2581 1450 Simonem
2637 1396 2694 1451 et
2740 1389 3067 1451 Andream.
3128 1389 3360 1470 Pauper
3389 1396 3584 1451 autem
3617 1392 3747 1448 erat

348 1476 404 1534 δὲ
434 1480 503 1547 ἦν
559 1480 698 1536 πάκω
753 1480 840 1536 καὶ
897 1477 1117 1560 ἄπορος,
1174 1477 1465 1552 Ἐπιζήσας
1520 1478 1574 1537 δὲ
1631 1481 1856 1561 χρόνους
1898 1481 2014 1534 ἱκα-

2120 1475 2268 1537 ralde
2299 1484 2355 1539 et
2387 1495 2592 1556 egens.
2630 1477 2777 1542 Cum
2809 1479 3048 1541 vixisset
3077 1487 3276 1541 autem
3311 1477 3515 1540 multis
3544 1473 3739 1552 annis,

345 1569 470 1633 νοὺς
527 1567 888 1649 ἐνελεύτησεν,
948 1568 1257 1625 καταλιπὼν
1308 1570 1431 1633 τοὺς
1492 1567 1688 1633 παῖδας
1746 1569 1799 1625 ἐν
1857 1588 2009 1624 πτω-

2120 1563 2265 1646 ὼὶἱι,
2291 1583 2509 1646 pueros
2529 1567 2591 1627 in
2611 1576 2871 1647 egestate
2895 1587 3103 1647 magna
3124 1569 3494 1649 relinquens.
3521 1564 3632 1638 Qui
3649 1567 3745 1625 lo-

345 1658 476 1738 χεέᾳ
529 1657 737 1735 πολλῇ.
795 1661 854 1716 Οἱ
911 1654 966 1713 δὲ
1024 1657 1316 1735 ἐμίσθωσαν
1370 1659 1610 1723 ἑαυτούς,
1668 1659 1769 1716 Καὶ
1826 1659 1854 1713 ὁ
1914 1655 2011 1731 μὲν

2120 1663 2376 1716 :averunt
2404 1655 2657 1737 seipsos.
2680 1656 2748 1718 Et
2791 1658 2997 1721 Simon
3024 1658 3262 1738 quidem
3300 1673 3543 1718 uxorem
3575 1651 3747 1714 duxit

349 1748 564 1842 ΣίμωνΔ
591 1746 764 1827 ἔγημε
805 1836 816 1842 ⁸
840 1748 939 1814 τὴν
989 1747 1251 1842 θυγατέρα
1304 1746 1727 1829 Ἀριστοϐούλου,
1787 1743 2012 1842 ἆδελιροῦ

2120 1744 2273 1805 iliam
2305 1743 2884 1842 Aristobulitl‘ratris
2941 1743 3555 1842 BarnabaeAapostoli,
3590 1749 3649 1842 et
3679 1747 3748 1802 ut

354 1834 623 1916 Βαρνάϐα)
651 1846 745 1897 τοῦ
795 1836 1116 1911 ἀποστόλου,
1174 1840 1262 1895 καὶ
1317 1839 1392 1902 ὥς
1449 1838 1576 1920 φασί
1631 1857 1797 1916 τινες,
1830 1835 2008 1901 ἐποίη·

2120 1841 2293 1895 erunt
2319 1834 2585 1915 quidam,
2645 1836 2831 1897 ﬁlium
2888 1836 3096 1899 habuit
3151 1844 3211 1898 et
3238 1836 3442 1898 ﬁliam.
3476 1832 3746 1920 Andreas

360 1947 451 1981 σεν
502 1928 611 1982 υἱὸν
664 1928 753 1983 καὶ
829 1926 1086 2006 θυγατέρα
1120 1944 1136 1958 ⁸
1225 1930 1253 1984 6
1334 1926 1389 1985 δὲ
1446 1919 1664 2007 Ἃδρέας
1751 1923 2012 1982 ἐπέδωκεν

2120 1928 2292 1984 ιυιθιη
2325 1923 2579 1985 castitati
2609 1943 2672 1986 se
2705 1925 2894 2007 dedit,
2936 1927 3135 1988 nullus
3164 1943 3302 1986 vero
3334 1940 3539 1986 eorum
3568 1919 3745 1981 dedi-

365 2016 550 2071 ἑαυτὸν
699 2017 883 2095 ἁγνείᾳ
916 2033 930 2047 ⁸
993 2014 1157 2079 οὐδεὶς
1200 2013 1255 2072 δὲ
1311 2019 1483 2075 αὐτῶν
1542 2016 1627 2098 (1)
1688 2015 2013 2092 ἐμεμαθήκει

2120 2020 2259 2075 :erat
2287 2013 2536 2091 litteras,
2567 2014 2671 2076 sed
2726 2014 2864 2077 facti
2922 2024 3060 2076 sunt
3114 2024 3239 2077 arte
3296 2015 3646 2094 piscatores.
3677 2007 3751 2068 Et

364 2105 672 2186 γράμματα,
725 2104 846 2162 ἀλλ’
905 2105 1150 2185 ἐγένοντο
1199 2106 1373 2171 ἁλιεῖς
1431 2112 1499 2184 τῇ
1549 2106 1742 2187 τέχνῃ.
1796 2105 1898 2162 Καὶ
1924 2108 2017 2160 τοῦ

2120 2102 2327 2164 loanue
2352 2101 2710 2183 baptismum
2738 2105 3115 2185 praedicante,
3137 2104 3406 2166 Andreas
3424 2101 3632 2162 videns
3648 2115 3751 2158 an-

360 2190 608 2251 Ἰωάννου
690 2195 1045 2275 κηρύττοντος
1124 2196 1186 2254 τὸ
1272 2196 1571 2273 βάπτισμα,
1663 2197 1691 2251 6
1772 2190 2021 2271 Ἀνδρέας

2120 2190 2351 2268 ;elicam
2384 2192 2512 2271 ejus
2537 2193 2750 2272 agendi
2779 2195 3068 2256 rationem
3128 2202 3188 2257 et
3238 2192 3387 2255 recti
3415 2188 3746 2262 aemulator,

355 2286 571 2362 θεωρῶν
599 2282 755 2342 αὖτοῦ
808 2284 909 2351 τὴν
967 2283 1248 2364 ἰσάγγελον
1305 2283 1599 2360 πολιτείαν,
1654 2285 1744 2341 καὶ
1791 2283 1851 2337 τὸ
1876 2285 2022 2358 εὖγε-

2120 2280 2288 2344 'actus
2308 2289 2396 2343 est
2415 2283 2545 2361 ejus
2567 2282 2913 2364 discipulus,
2948 2302 3080 2346 cum
3122 2296 3321 2344 autem
3359 2279 3623 2343 Joannes
3652 2275 3750 2338 di-

353 2372 444 2436 νὲς
476 2370 726 2444 ζηλώσας
779 2371 989 2452 ἐγένετο
1044 2378 1202 2433 αὒτοῦ
1258 2374 1504 2451 μαθητής
1536 2389 1550 2404 ⁸
1610 2378 1703 2431 τοῦ
1759 2369 1815 2427 δὲ
1845 2368 2021 2427 Ἰωάν-

2120 2369 2223 2447 gito
2262 2369 2586 2432 indicasset
2633 2371 2933 2435 Christum
2962 2380 3021 2433 et
3049 2370 3331 2433 dixisset:
3365 2371 3520 2430 Ecce
3548 2380 3752 2446 agnus

355 2484 450 2518 νου
507 2458 1059 2543 δακτνρλοδεικτοῦντος
1121 2461 1199 2543 (2)
1266 2464 1357 2519 τὸν
1417 2464 1639 2542 Χριστὸν
1694 2461 1783 2516 καὶ
1839 2455 2020 2514 εἰπόν-

2120 2457 2246 2535 Dei,
2291 2460 2403 2539 qui
2422 2460 2580 2523 tollit
2596 2468 2911 2541 peccatum
2934 2461 3173 2536 mundi,
3206 2458 3474 2521 Andreas
3502 2453 3753 2516 audiens

354 2573 447 2616 τος
483 2567 499 2583 ⁸
565 2574 590 2605 ι
625 2532 724 2610 Ἴδε
780 2553 808 2608 6
866 2552 1033 2629 ἀμνὸς
1090 2532 1192 2609 τὸό
1236 2560 1367 2612 Θεοῦ
1414 2532 1476 2609 6'
1500 2550 1672 2631 αἴρων
1721 2550 1819 2617 τὴν
1847 2549 2025 2625 ἁμαρ-

2120 2555 2164 2609 3t
2191 2532 2430 2623 videns,
2453 2532 2693 2630 reliquit
2713 2550 3022 2622 Joannem,
3049 2556 3103 2611 et
3134 2532 3373 2610 secutus
3403 2552 3491 2607 est
3516 2543 3746 2631 Jesum.

355 2639 475 2697 τίαν
500 2650 600 2734 τοῦ
652 2640 884 2734 κόσμου,
947 2666 974 2696 n
1033 2644 1061 2698 6
1123 2639 1392 2734 Ἀνδρέας,
1452 2641 1704 2734 ἀκούσας.
1737 2639 1824 2694 καὶ
1875 2635 2024 2734 ἰδὼν,

2120 2636 2180 2699 Et
2202 2656 2337 2698 cum
2365 2637 2705 2734 adduxisset
2734 2630 2972 2700 fratrem
3006 2658 3203 2713 suum,
3236 2634 3497 2734 ostendit
3516 2630 3755 2695 eiCbri-

359 2728 674 2789 καταλιπὼν
720 2731 812 2786 τὸν
870 2728 1121 2799 Ἰωάννην
1184 2730 1511 2799 ἠκολούθησε
1564 2736 1641 2805 τῷ
1689 2725 1890 2794 Ἰησοῦ.
1925 2725 2026 2783 Καἰ

2120 2732 2264 2788 stum
2294 2727 2393 2807 qui
2425 2728 2864 2807 cognominavit
2893 2748 3026 2790 eum
3082 2731 3340 2789 Petrum.
3376 2726 3525 2788 Cum
3555 2729 3753 2783 autem

359 2819 584 2898 ἐνέγκας
612 2820 704 2877 τὸν
752 2817 890 2878 ’ἴδιον
942 2818 1162 2902 ἀδελφὸν
1211 2818 1398 2886 ἔδειξεν
1453 2824 1594 2894 αὐτῷ
1647 2819 1740 2875 τὸν
1769 2816 2017 2895 Χριστὸν,

2120 2815 2547 2879 exiissetJesus
2575 2817 2636 2878 in
2667 2816 2968 2880 desertum
3003 2826 3066 2880 ut
3096 2824 3420 2880 tentaretur
3441 2810 3753 2886 adiabolo,

360 2912 422 2974 ὃς
482 2910 862 2986 μετωνόμασεν
912 2901 1089 2966 αὐτὸν
1125 2910 1346 2990 Πέτρον.
1398 2918 1502 2969 Τοῦ
1555 2906 1610 2964 δὲ
1658 2905 1833 2973 Ἰησοῦ
1881 2901 2021 2990 ξελ-

360 3000 550 3065 θόντος
606 3002 680 3065 εἷς
735 2999 836 3068 τὴν
893 2999 1092 3080 ἔρημον
1147 2988 1491 3079 πειρασθῆναι
1542 2995 1649 3053 ὑπό
1703 3004 1796 3052 τοὺ
1845 2988 2023 3080 διαβό-

2101 2902 2312 2967 Petrus
2339 2913 2398 2966 et
2418 2904 2687 2968 Andreas
2712 2910 2936 2969 reversi
2969 2906 3191 2968 suntad
3212 2902 3472 2988 propria,
3497 2907 3557 2961 et
3573 2915 3773 2988 exere

2104 2992 2316 3055 cebant
2342 2994 2730 3074 piscationem
2765 3015 2781 3071 ;
2812 3014 3091 3058 reversus
3120 2987 3316 3057 autem
3343 2991 3516 3055 Jesus
3546 2989 3619 3050 de
3650 2987 3757 3048 de-

366 3088 483 3163 λω,
547 3088 745 3163 Πέτρος
801 3090 890 3145 καὶ
923 3077 1192 3167 ἾἈνδρέας
1242 3077 1577 3167 ήὺπέστρεψαν
1636 3086 1710 3148 εἷς
1786 3082 1855 3168 τα
1908 3078 2022 3136 ἴδια

2120 3088 2264 3144 serto
2284 3083 2513 3145 vocavit
2532 3102 2657 3167 eos,
2703 3084 2806 3166 qui
2834 3083 3371 3168 relictis‘omnibus
3399 3077 3589 3145 seculi
3619 3082 3758 3139 sunt

369 3156 481 3259 καὶ,
513 3156 812 3259 εἰργάζοντο
868 3179 969 3244 τὴν
1026 3156 1205 3235 ἀλείαν
1237 3197 1253 3214 ο
1336 3156 1762 3255 ὑποστρέψαντος
1820 3167 1877 3226 δὲ
1928 3156 2266 3259 reticeam.
2642 3156 2656 3167 ’
2723 3156 2741 3166 ’
3066 3156 3089 3168 ⁸
3344 3176 3355 3195 ’

376 3255 703 3334 'Ino'oiivdmo
756 3271 856 3333 τῆς
931 3265 1155 3347 ἐρήμου,
1242 3264 1488 3322 ἐκάλεσεν
1564 3262 1753 3326 αὐτούς
1786 3280 1800 3296 ⁸
1864 3260 1912 3317 οἱ
1965 3255 2021 3313 δὲ

374 3353 749 3418 καταλιπόντες
779 3354 989 3411 ἅπαντα
1017 3352 1381 3423 ἠκολούθησαν

460 3446 560 3502 Καὶ
592 3447 621 3501 6
678 3444 773 3521 μὲν
830 3442 1026 3523 Πέτρος
1080 3447 1269 3524 θερμὸς
1316 3450 1395 3519 τῷ
1451 3443 1712 3518 πνεύματι
1766 3439 1831 3508 ἦν
1887 3437 2024 3496 πάνυ

378 3537 467 3592 καὶ
494 3538 566 3599 εἱς
618 3540 889 3610 κοσμικῶν
948 3539 1143 3614 χρειῶν
1202 3534 1459 3613 μέριμναν
1511 3529 1833 3609 ἐπιτήδειος,
1887 3530 1915 3585 ὁ
1971 3524 2027 3581 δὲ

380 3622 623 3705 Ἀνδρέας
677 3629 843 3704 πραῢς
894 3625 984 3680 καὶ
1039 3622 1379 3702 ὁλιγολάλος,
1463 3623 1561 3681 Καὶ
1620 3626 1720 3688 τῆς
1777 3621 2026 3697 πενθερᾶς

379 3715 576 3793 Πέτρου
627 3714 1019 3782 τελευτησάσης
1073 3713 1171 3782 τὴν
1227 3726 1455 3792 γυναῖκα
1523 3714 1552 3769 6
1611 3710 1804 3790 Πέτρος
1857 3707 2027 3789 παρέ-

374 3805 511 3863 δωκε
541 3811 611 3883 τῇ
641 3805 906 3880 Θεοτόκῳ.

455 3904 561 3955 Τοῦ
586 3879 672 3951 δὲ
728 3879 955 3974 Χριστοῦ
1034 3892 1314 3974 παθόντος,
1389 3893 1477 3949 καὶ
1534 3890 1877 3967 ἀναστάντος,
1938 3879 2029 3944 καὶ

370 3983 768 4065 ἀναληφθέντος
853 3984 925 4047 εἷς
1000 3982 1273 4062 ούρανοὺς,
1350 3982 1440 4038 καὶ
1510 3980 1713 4037 Ματθία
1772 3976 1856 4059 (3)
1916 3977 2029 4035 ἀντὶ

371 4073 548 4135 Ἰούδα
647 4071 1116 4153 συναριθμηθέντος
1217 4085 1335 4137 τοῖς
1426 4068 1609 4128 ἕνδεκα
1685 4066 2025 4147 ἀποστόλοις,

377 4167 514 4241 μετᾶ
540 4174 637 4224 τοῦ
664 4163 723 4220 ἐκ
753 4168 971 4243 γενετῆς
1028 4160 1212 4243 χωλοῦ
1266 4161 1411 4219 ἴασιν
1469 4158 1709 4240 δαρέντες
1751 4160 1839 4216 καὶ
1886 4158 2027 4215 ἀπο-

378 4255 617 4318 λυθέντες
648 4255 695 4311 οἱ
742 4250 1053 4327 ἀπόστολοι,
1114 4252 1251 4308 κατὰ
1305 4251 1403 4318 τὴν
1458 4248 1696 4306 κέλευσιν
1756 4254 1847 4304 τοῦ
1876 4244 2029 4303 Διδα-

2187 3441 2259 3503 Et
2280 3439 2488 3504 Petrus
2499 3442 2741 3523 quidem
2757 3451 2884 3506 erat
2904 3443 3357 3507 ardentissimus
3368 3441 3599 3525 spiritu,
3624 3438 3754 3502 etin

2109 3530 2542 3593 mundanarum
2567 3533 3134 3597 necessitatumcura
3148 3533 3434 3596 sollicitus
3455 3530 3756 3608 ;Andreas

2109 3628 2304 3681 autem
2337 3620 2496 3682 mitis
2552 3629 2610 3682 et
2666 3623 3104 3705 parviloquens.
3165 3624 3237 3686 Et
3294 3622 3568 3684 defuncta
3596 3619 3759 3681 Petri

2110 3727 2306 3785 socru,
2342 3728 2587 3773 uxorem
2619 3712 2861 3775 tradidit
2889 3717 3100 3777 Petrus
3129 3712 3241 3778 Dei
3270 3710 3582 3778 Genitrici.

2191 3888 2423 3953 Christo
2452 3900 2646 3955 autem
2680 3911 2850 3975 passo
2880 3902 2939 3956 et
2993 3893 3276 3971 redivivo,
3337 3899 3396 3955 et
3433 3889 3663 3954 sublato
3693 3889 3758 3951 in

2111 3980 2314 4056 caalos,
2350 3988 2408 4042 et
2433 3980 2673 4044 Mattbia
2699 3983 2830 4045 loco
2859 3983 3026 4047 ludas
3044 3979 3756 4056 annumerato,undecim
3838 4044 3845 4047 _

2109 4070 2362 4150 apostoli
2396 4080 2529 4154 post
2560 4073 2925 4135 curationem
2960 4071 3158 4135 claudi
3188 4092 3222 4135 a
3274 4070 3597 4144 nativitate,
3631 4071 3756 4129 vir-

2110 4158 2200 4237 gis
2229 4160 2367 4222 caesi
2398 4169 2454 4222 et
2483 4161 3362 4245 liberatﬁapostoli,secundum
3393 4166 3758 4241 praeceptum

2110 4247 2347 4309 Domini
2379 4257 2441 4311 ut
2500 4249 2622 4311 bini
2680 4251 3078 4329 ambularent,
3131 4250 3495 4331 accipientes
3553 4265 3757 4309 secum

379 4343 578 4402 σκάλου
633 4338 724 4398 δύο
773 4338 865 4399 δύο
939 4340 1271 4420 πορεύεσθαι,
1352 4335 1601 4401 λαϐόντες
1655 4332 1769 4413 μεθ’
1828 4335 2027 4390 ἑαυτῶν

379 4442 428 4449 --
499 4433 547 4449 ΑΙ
736 4432 751 4449 \
806 4430 910 4449 ν-Ι..
1090 4431 1105 4449 \
1169 4430 1185 4449 ι
1235 4428 1245 4445 Ι
1504 4430 1530 4449 Δ
1612 4427 1625 4443 \
1739 4424 1895 4449 7\n_,_
1956 4424 2026 4449 -T-

2120 4338 2420 4449 [uati-hiatu
2460 4338 2751 4449 etnCaium
2786 4351 2843 4403 et
2899 4342 3046 4403 alios
3103 4339 3450 4449 discipulos,
3485 4336 3761 4449 abierqnt

378 4433 611 4491 Ματθίαν
667 4432 755 4488 καὶ
806 4430 969 4489 Γάϊον
1021 4431 1110 4487 καὶ
1164 4428 1368 4508 ἐτέρους
1428 4427 1691 4503 μαθητὰς,
1737 4424 1897 4512 ἦλθον
1954 4424 2026 4487 εἷς

2120 4427 2495 4490 Antiochiam
2526 4427 2736 4508 S)riae.
2772 4430 2843 4492 Et
2872 4431 3258 4512 prmdicantes
3304 4427 3550 4490 verbum
3581 4433 3640 4487 et
3666 4424 3757 4485 fa-

377 4516 718 4601 Ἀντιόχειαν
746 4524 847 4587 τῆς
902 4520 1114 4600 Συρίας.
1176 4520 1275 4577 Καὶ
1329 4515 1643 4596 κηρύξαντες
1700 4514 1790 4601 τὸν
1837 4510 2023 4592 λόγον,

376 4613 469 4671 καὶ
521 4600 841 4680 ποιήσαντες
895 4609 1135 4683 θαύματα
1186 4605 1383 4682 πολλὰ,
1452 4606 1541 4662 καὶ
1596 4600 1887 4669 διδάξαντες
1939 4606 2032 4661 καὶ

380 4698 817 4778 μαθητεύσαντες
873 4695 1103 4762 πολλοὺς
1157 4696 1316 4764 ἦλθον
1372 4694 1444 4757 εἷς
1500 4692 1693 4761 Τύανα,
1752 4688 2032 4778 πόλινᾼτῆς

379 4775 782 4851 Καππαδοκίας.
900 4788 998 4844 Καὶ
1091 4784 1456 4866 ὑπεδέχθησαν
1555 4781 1698 4859 παρὰ
1801 4775 2035 4866 ἰουδαίιμ

374 4879 602 4955 ὀνόματι
658 4873 1011 4956 Ὀνησιφόρω.
1064 4876 1203 4934 Εἶτα
1250 4859 1443 4951 ’νεκρὸν
1497 4871 1887 4942 ἀναστήσαντες
1944 4859 2035 4925 καὶ

376 4966 614 5029 πολλοὺς
695 4966 1141 5041 μαθητεύσαντες,
1219 4964 1465 5020 κάκεῖθεν
1547 4958 1882 5040 διερχόμενοι
1935 4960 2031 5046 τὰς

377 5056 588 5130 πόλεις,
618 5056 917 5133 ἡρμήνευον
972 5053 1269 5116 διαλύοντες
1326 5053 1420 5115 τάς
1475 5051 1704 5130 Γραφὰς,
1766 5051 1854 5106 καὶ
1910 5052 2032 5105 θαυ-

375 5151 820 5224 ματουργοῦντες,
881 5145 970 5199 καὶ
1043 5141 1273 5206 πολλοὺς
1353 5140 1620 5202 πείθοντες
1692 5139 1780 5195 καὶ
1834 5136 2029 5215 βαπτί-

372 5243 581 5313 ζοντες,
635 5233 722 5288 καὶ
779 5233 845 5289 τὰ
897 5235 1018 5289 θεῖα
1075 5232 1337 5311 μυστήρια
1390 5224 1786 5308 παραδιδόντες,
1816 5227 2028 5295 κατῆλ-

456 5394 478 5439 ¹
509 5390 655 5458 Luc.
689 5411 735 5467 ι,
766 5390 828 5455 2.

2123 4516 2349 4578 cientes
2378 4518 2646 4598 prodigia
2677 4522 2877 4601 multa,
2915 4528 2972 4581 et
3002 4519 3308 4594 docentes,
3344 4525 3403 4578 et
3430 4512 3759 4594 discipulos

2114 4605 2662 4685 lucrantesmultos,
2689 4609 3275 4688 vevcruntTyanam,
3302 4604 3595 4667 civitatem
3613 4602 3764 4681 Cap-

2116 4695 2399 4775 padocia).
2433 4695 2506 4757 Et
2533 4697 2810 4778 hospitali
2839 4705 2981 4760 sunt
3033 4696 3190 4778 apud
3218 4696 3486 4757 Judaeum
3516 4694 3761 4754 nomine

2114 4783 2576 4865 Onesiphorum.
2610 4785 2838 4850 Deinde
2884 4795 3191 4868 postquam
3244 4794 3539 4847 mortuum
3566 4779 3763 4842 susci-

2115 4882 2359 4952 tasseut,
2392 4884 2450 4938 et
2480 4875 2804 4956 discipulos
2861 4877 3082 4938 multos
3139 4875 3507 4945 ascivissent,
3543 4868 3761 4932 exinde

2116 4963 2433 5026 lustrantes
2495 4965 2781 5037 civitates,
2857 4963 3402 5045 interpretabantur
3468 4960 3764 5022 siilventes

2114 5051 2453 5134 Scripturas
2476 5077 2492 5128 ;
2519 5054 2858 5135 etprodigia
2871 5053 3177 5125 facientes,
3205 5063 3265 5114 et
3285 5050 3499 5113 multos
3524 5067 3763 5129 persua-

2114 5140 2345 5219 dentes,
2380 5150 2437 5205 et
2467 5144 2848 5223 baptizantes,
2885 5151 2946 5204 et
2973 5142 3173 5204 divtna
3204 5141 3482 5222 mysteria
3515 5136 3762 5199 traden-

2113 5239 2226 5308 tes,
2258 5241 2548 5296 venerunt
2582 5232 2866 5318 Sinopem
2884 5233 3182 5299 civitatem
3202 5230 3372 5297 Ponti
3403 5229 3560 5293 inter
3582 5244 3762 5290 voca-

1826 5549 2018 5616 Variaz
2046 5552 2357 5626 lectiones.

583 5710 772 5771 Αὐτόν.
807 5708 940 5774 Vat.

582 5791 839 5852 Δακτύλω
865 5791 1214 5859 δεικτοῦντος.
1247 5793 1377 5857 Vat.

458 5710 550 5878 83

2196 5718 2268 5799 (3)
2304 5722 2532 5782 Ματθίαν
2548 5769 2560 5784 .
2590 5723 2722 5787 Vat.
