4154 6462
368 313 487 380 219

1669 321 2071 385 ΕΡΙΡΗΑΝΙΙ
2097 321 2446 389 MONACHI

3632 334 3752 402 220
3796 334 3799 337 ⁷

368 458 459 549 tos
477 447 747 549 ξονι-ξοδ,
770 449 926 514 sicut
945 452 1030 549 ait
1058 458 1116 549 et
1142 452 1272 549 ipse
1291 453 1505 549 ξείνας
1524 452 1587 515 in
1620 451 1883 549 Epistula
1910 472 2014 517 ca-

2112 460 2186 516 δον
2219 458 2293 522 εἷς
2326 460 2595 530 Σινώπην,
2659 460 2816 520 πολιν
2870 473 2964 524 τοῦ
3015 466 3214 524 Πόντου
3273 468 3327 525 ἐν
3369 482 3486 535 τοῖς
3517 469 3752 549 λεγομέ-

370 539 591 601 tholica
613 538 864 601 Pontum
891 548 946 603 et
973 539 1277 602 Galatiam.
1298 540 1438 603 Erat
1457 550 1654 604 autem
1681 544 2019 606 Judaeorum

371 628 685 690 multitudo
718 648 927 709 magna
956 630 1017 691 in
1049 630 1279 691 civitate
1311 631 1429 711 illa,
1470 631 1754 694 habentes
1778 633 1935 694 inter
1956 652 2020 694 se

371 716 775 780 dissensiones
808 719 1042 794 multas,
1076 719 1186 780 viri
1215 720 1480 782 moribus
1494 720 1725 782 barbari
1745 730 1803 782 et
1828 723 2014 798 (fieri,

374 806 473 888 qui
489 816 729 888 propter
752 809 864 869 hoc
888 816 1169 869 vocantur
1182 810 1676 890 anthropophagi.
1698 810 2020 873 Venientes

370 905 571 959 autem
605 897 854 978 apostoli
884 897 1090 960 Petrus
1150 905 1209 959 et
1265 898 1558 973 Andreas,
1619 919 1736 961 non
1769 900 2020 979 ingressi

374 995 511 1048 sunt
533 987 850 1062 civitatem,
883 987 986 1048 sed
1021 989 1079 1049 in
1114 989 1520 1068 promontorio
1568 989 1780 1051 insula:
1811 991 2022 1052 morati

373 1085 531 1138 sunt.
555 1076 694 1138 Erat
714 1086 908 1139 autem
934 1077 1232 1138 desertum
1266 1078 1431 1158 quasi
1464 1077 1650 1140 miltia
1680 1098 1781 1140 sex
1809 1098 1843 1141 a
1873 1079 2018 1141 civi-

374 1172 513 1227 tate.
541 1167 629 1227 Ad
653 1166 845 1247 ipsum
870 1175 1068 1230 autem
1095 1187 1227 1229 cum
1246 1169 1743 1248 pervenissemus,
1763 1189 1869 1249 ego
1884 1170 2022 1251 qui-

373 1254 509 1317 dem
527 1255 889 1336 Epiphanius
905 1259 1227 1320 monachus
1240 1267 1298 1320 et
1320 1258 1647 1338 presbyter,
1683 1268 1743 1320 et
1768 1258 2024 1322 Jacobus

378 1348 727 1421 monachus,
756 1346 1091 1408 invenimus
1147 1346 1480 1410 Oratorium
1541 1350 1726 1411 sancti
1761 1347 2024 1430 Apostoli

372 1434 646 1503 Andreae.
684 1444 741 1496 et
771 1435 918 1496 duos
940 1438 1263 1499 monachos
1280 1438 1677 1519 presbyteros,
1704 1438 2024 1518 Theopha-

376 1541 511 1583 nem
537 1522 953 1585 etSimeouem
985 1543 1001 1601 ;
1029 1535 1084 1587 et
1106 1527 1357 1606 efﬁgiem
1381 1528 1567 1589 sancti
1599 1530 1871 1602 Andreae,
1908 1526 2024 1588 mi-

371 1612 626 1674 rabilem
640 1613 834 1693 plane,
856 1613 915 1674 in
940 1633 1236 1676 marmore
1252 1616 1536 1678 caelatum.
1557 1616 2028 1698 EtTheophanes

374 1711 502 1764 erat
530 1722 717 1764 annos
742 1704 1049 1784 plusquam
1069 1707 1438 1786 septuaginta
1471 1715 1660 1783 natus,
1688 1708 1789 1789 qui
1820 1714 2025 1769 osten-

373 1792 461 1855 dit
492 1793 662 1854 nobis
692 1795 1007 1856 cathedras
1038 1796 1463 1875 apostolorum,
1500 1808 1559 1860 et
1590 1799 1824 1879 lapidea
1855 1798 2026 1861 cubi-

2102 569 2211 636 νοις
2271 548 2516 636 Σκύθαις,
2579 553 2652 614 ὡς
2711 553 2800 609 καὶ
2854 555 3010 618 αὐτὸς
3068 555 3264 636 Πέτρος
3321 557 3375 613 ἐν
3404 564 3470 635 τῇ
3498 556 3755 635 κσθολικῇ

2726 641 2924 698 Πόντον
3007 646 3093 701 καὶ
3175 645 3455 709 Γαλατίαν.
3546 637 3642 705 ΎΗν
3698 646 3754 704 δὲ

2104 721 2364 781 Ἰουδαίων
2394 725 2596 793 πλῆθος
2654 728 2789 785 πολὺ
2848 729 2902 786 ἐν
2957 739 3027 809 τῇ
3078 732 3230 789 πόλει
3286 735 3483 812 ἐκείνη,
3534 736 3752 816 ἔχοντες

2101 811 2218 905 καθ’
2270 814 2483 878 ἐαυτιῦς
2540 816 2764 896 α’ρέσεις
2822 818 3048 901 πολλὰς,
3106 821 3284 903 ἄνδρες
3341 826 3406 881 τὰ
3438 811 3754 905 ἤθη-*βάρ-

2103 898 2253 992 ᾇαροι
2307 905 2394 960 καὶ
2452 905 2731 986 ἀνήμεροι,
2788 911 2844 965 οἳ
2906 909 2983 988 (4)
3034 898 3217 969 ’ἕνεκεν
3275 914 3457 970 τούτου
3513 898 3756 992 λέγονται

2103 989 2529 1071 ἀνθρωποφάγοι.
2592 992 2863 1062 Ἐλθόντες
2931 997 2986 1054 δὲ
3072 1003 3119 1056 οἱ
3202 1001 3490 1061 ἀπόστολοι
3564 989 3759 1083 Πέτρος

2102 1081 2191 1135 καὶ
2218 1077 2462 1160 Ἀνδρέας
2518 1083 2613 1140 οὒκ
2666 1085 2906 1153 εἰσῆλθον
2965 1088 3019 1144 ἐν
3075 1096 3142 1166 τῇ
3198 1090 3375 1166 πόλει,
3435 1090 3553 1149 ἀλλ’
3586 1077 3764 1156 sic-1:?)

2105 1167 2259 1247 ἄκρον
2289 1175 2386 1236 τῆς
2446 1172 2609 1242 νήσου
2667 1174 2979 1238 κατέλυσαν.
3039 1166 3134 1235 Ἠν
3192 1177 3246 1234 δὲ
3294 1178 3493 1260 ἕρημος
3549 1184 3622 1246 ὡς
3652 1182 3761 1238 ἀπὸ

2108 1258 2293 1333 μιλίων
2328 1264 2427 1325 τῆς
2485 1259 2693 1326 πόλεως
2898 1262 2986 1322 Ἐν
3044 1271 3176 1343 αὐτῇ
3232 1265 3287 1324 δὲ
3323 1258 3616 1348 -γενόμενοι
3654 1270 3762 1349 ἐγώ

2105 1368 2162 1402 τε
2194 1345 2499 1429 Ἐπίφάνιος
2558 1355 2798 1432 μοναχὸς
2848 1356 2935 1411 καὶ
2990 1345 3366 1437 πρεσϐύτερος-,Ἴ
3421 1361 3508 1415 καὶ
3564 1357 3758 1416 Ἰάκω-

2108 1434 2199 1500 ϐος
2260 1440 2524 1518 μοναχὸς,
2585 1440 2802 1521 εῧρομεν
2861 1447 3134 1525 εὒκτήριον
3196 1458 3288 1506 τοῦ
3343 1448 3492 1526 ἁγίου
3522 1449 3757 1505 ἀποστό-

2108 1524 2201 1582 λου
2264 1524 2503 1606 Ἀνδρέου
2558 1532 2646 1585 καὶ
2698 1529 2785 1588 δύο
2848 1524 3119 1614 μοναχοὺς
3176 1524 3577 1614 πρεσϐυτέρους,
3636 1545 3760 1593 Θεο-

2104 1615 2278 1692 φάνην
2336 1618 2422 1673 καὶ
2478 1621 2718 1694 Συμεὼν,
2778 1625 2868 1679 καὶ
2923 1626 3097 1681 εἰκόνα
3142 1635 3234 1685 τοῦ
3290 1627 3437 1704 ἁγίου
3490 1624 3756 1707 Ἀνδρέου,

2111 1707 2423 1780 θαυμαστὴν
2514 1711 2672 1790 πάνυ,
2756 1715 2829 1776 εἰς
2913 1715 3188 1794 μάρμαρον
3269 1715 3755 1798 ὑλογραφουμένην.

2115 1796 2268 1852 Καὶὸ
2303 1798 2574 1876 Θεοφάνης
2626 1800 2759 1857 ἐτῶν
2813 1802 2881 1870 ἧν
2938 1802 3180 1861 ἐπέκεινα
3240 1813 3344 1861 τῶν
3402 1797 3474 1886 ο’,
3536 1809 3593 1869 ὃς
3621 1804 3760 1862 ἔδει-

2106 633 2392 713 Ἐπιστολῇ
2450 636 2592 716 λέγει
2629 656 2641 668 ⁸

374 1884 636 1946 cula.Et
695 1886 842 1948 dixit
897 1887 1035 1966 quia
1091 1887 1200 1948 sub
1260 1889 1539 1951 Cabaiino
1591 1890 2023 1974 (Copronymot,

2113 1880 2193 1949 ξεν
2251 1886 2385 1960 ἡμίν
2462 1888 2556 1951 τὰς
2640 1888 2890 1969 καθέδρας
2972 1899 3078 1948 τῶν
3162 1893 3474 1951 ἀποστόλων
3525 1896 3613 1951 καὶ
3667 1895 3760 1957 τὰς

379 1983 666 2035 venerunt
724 1975 962 2056 quidam
1024 1977 1401 2040 iconoclastaa
1455 1981 1719 2042 volentes
1776 1971 2024 2042 statuam

2113 1971 2409 2039 ἀνακλίσεις
2455 1974 2539 2032 ἐπὶ
2595 1976 2772 2037 λίθων.
2837 1981 2934 2037 Καὶ
2991 1980 3191 2062 ἔλεγεν,
3250 1981 3328 2038 ὅτι
3385 1982 3469 2039 ἐπὶ
3523 1994 3615 2043 τοῦ
3648 1971 3761 2041 [ξα-

378 2063 816 2145 comminuere,
849 2079 908 2126 ei.
942 2066 1120 2128 multa
1155 2075 1455 2129 tentantes
1472 2068 2026 2149 nilpotuerunt,sed

2112 2059 2325 2120 ϐκλίνου
2377 2063 2465 2144 (5)
2512 2064 2671 2133 ἦλθόν
2726 2089 2862 2132 τινες
2922 2059 3264 2150 εἷκονομάχοι
3327 2070 3564 2136 θέλοντες
3622 2069 3765 2137 ξέσαι

380 2152 575 2233 potius
596 2154 847 2218 inﬁrmae
869 2156 1036 2219 facta:
1056 2166 1413 2219 suntmauus
1435 2178 1662 2222 eorum.
1687 2160 2031 2222 Traditione

385 2253 579 2306 autem
607 2255 895 2321 tenemuz,
922 2248 1059 2328 quia
1086 2247 1316 2309 vivente
1340 2248 1530 2309 adhuc
1543 2250 1806 2329 apostolo
1832 2250 2030 2330 imago

377 2336 528 2397 facta
560 2343 667 2412 est,
705 2345 762 2398 et
792 2337 1129 2399 curationes
1161 2338 1345 2400 multa
1375 2347 1675 2420 operatur.

2112 2151 2212 2218 τὴν
2269 2154 2465 2212 εἰκόνα.
2526 2158 2623 2213 Καὶ
2682 2156 2853 2214 πολλὰ
2910 2162 3357 2239 μηχανησάμενοι
3417 2160 3561 2218 οῦδὲν
3593 2160 3764 2241 ἴσχυ-

2113 2262 2231 2320 σαν,
2291 2242 2495 2317 μᾶλλον
2551 2243 2605 2299 δὲ
2660 2246 2748 2301 καὶ
2802 2246 3164 2326 ἐκρατήθησαν
3216 2253 3267 2305 αἱ
3323 2263 3508 2330 χεῖρες
3566 2250 3763 2310 αῦτῶν.

2113 2329 2405 2410 Ηαράδοσιν
2456 2332 2509 2389 δὲ
2570 2332 2792 2414 ἔχομεν,
2855 2335 2935 2392 ὅτι
2993 2336 3067 2393 ἔτι
3126 2336 3273 2403 ὄντος
3331 2349 3423 2398 τοῦ
3461 2337 3761 2397 ἀποστόλου

2110 2421 2146 2488 ἦ
2178 2420 2330 2476 εἰκὼν
2362 2421 2590 2501 ἐγράφη,
2626 2430 2781 2481 Ποιεῖ
2808 2421 2854 2481 δὶ
2884 2425 3049 2489 ἰάσεις
3078 2425 3303 2491 πολλάς,

2192 2506 2483 2565 Ἐλθόντων
2542 2509 2596 2566 δὲ
2656 2518 2758 2569 τῶν
2845 2513 3156 2571 ἀποστόλων
3241 2516 3438 2595 Πέτρου
3492 2517 3579 2572 καὶ
3636 2513 3765 2573 Ἀν-

2111 2595 2258 2677 δρέου
2315 2600 2402 2654 καὶ
2457 2599 2863 2658 καταλυσάντων
2920 2605 2994 2667 εἷς
3051 2606 3111 2661 τὸ
3164 2604 3322 2684 ἄκρον
3407 2605 3519 2683 (ὃ),
3578 2605 3766 2670 εὐθέως

379 2693 540 2755 illius
566 2696 965 2757 clamaverunt
998 2696 1265 2757 dicentes
1300 2716 1313 2755 :
1378 2696 1525 2767 Quia
1585 2684 1861 2777 discipuli
1890 2696 2026 2760 Jesu

2113 2687 2159 2741 οἱ
2216 2684 2460 2760 δαίμονες
2518 2693 2615 2754 τῆς
2673 2689 2856 2768 χώρας
2934 2689 3138 2759 ἐκείδης
3214 2691 3440 2758 ἐϐόησαν
3496 2691 3765 2772 λέγοντες,

379 2791 671 2844 venerunt
691 2784 913 2863 ejicere
938 2804 1042 2845 nos
1064 2803 1098 2845 a
1120 2784 1256 2845 viris
1282 2785 1607 2865 locihujus.
1629 2785 1709 2847 Ex
1740 2773 1889 2847 urbe
1918 2806 2026 2847 au-

2113 2773 2193 2829 ὅτι
2251 2778 2309 2831 Οἱ
2364 2783 2456 2833 τοῦ
2514 2774 2688 2843 Ἰησοῦ
2745 2782 2973 2853 μαθηταὶ
3024 2780 3185 2848 ἦλθον
3240 2779 3415 2846 διῶξαι
3464 2784 3607 2857 ἡμᾶς
3660 2781 3766 2838 ἀπὸ

380 2880 511 2934 ῑθιῐιΔ
534 2862 773 2952 quidam
806 2874 1116 2936 audientes
1147 2873 1421 2935 exierunt
1465 2862 1536 2935 ad
1571 2893 1693 2937 eas.
1728 2872 1798 2936 Et
1831 2875 2026 2956 populi

2112 2869 2218 2919 τῶν
2246 2862 2396 2920 οῶδε.
2462 2862 2555 2923 Ἐκ
2607 2866 2661 2922 δὲ
2717 2873 2816 2934 τῆς
2892 2868 3102 2933 πόλεως
3175 2870 3494 2934 ἀκούσαντος
3552 2869 3764 2938 ἐξῆλθον

379 2962 684 3022 venientes
708 2963 1033 3026 aﬁ'erebant
1054 2972 1289 3024 vexatos
1314 2983 1346 3025 a
1369 2964 1660 3039 daemone,
1683 2953 2026 3026 etlaburan-

2114 2955 2244 3032 πρὸς
2301 2953 2513 3018 αὒτούς.
2568 2957 2633 3041 ,Οἱ
2690 2953 2747 3010 δὲ
2803 2954 2922 3013 λαοὶ
2981 2959 3357 3040 συνερχόμενοι
3415 2958 3596 3040 ἔφερον
3644 2957 3761 3015 δαι-

382 3061 474 3111 tes
521 3050 750 3112 morbis
781 3050 1168 3112 insanalibus.
1217 3051 1513 3114 Exeunles
1551 3062 1743 3115 autem
1778 3053 2026 3133 apostoli

2117 3042 2551 3119 μονιῶνταςλκαὶ
2608 3051 2890 3109 νοσοῦντας
2942 3046 3150 3109 ἀνίατα.
3230 3045 3558 3114 Ἐξελθόντες
3615 3046 3676 3143 δὲ,
3716 3051 3763 3106 οἱ

2124 3132 2137 3143 ι
2209 3133 2218 3143 ι
2318 3132 2334 3143 ι
2533 3137 2543 3143 ι
2686 3138 2699 3143 -
2775 3137 2784 3143 .
3080 3138 3109 3143 .-
3295 3138 3307 3143 λ
3343 3140 3350 3143 .
3649 3123 3662 3143 ἳ

464 2512 607 2576 Cum
628 2514 1132 2578 venissentautem
1158 2517 1406 2597 aposto'i
1424 2519 1633 2581 Petrus
1652 2526 1710 2580 et
1733 2518 2025 2599 Andreas,

379 2604 524 2665 etin
582 2604 799 2667 ﬁnibus
861 2604 1069 2666 morati
1126 2618 1351 2682 essent,
1413 2610 1716 2669 daemones
1771 2607 2031 2686 regionis

380 3158 451 3201 ae
484 3157 610 3215 eos,
644 3139 934 3201 vocabant
964 3139 1270 3203 dicentes:
1343 3139 1484 3214 Viri,
1542 3149 1607 3202 ut
1631 3141 1773 3221 quid
1802 3141 2034 3204 habetis

381 3236 543 3289 secta
573 3230 810 3304 multas,
844 3227 1078 3290 Hebriei
1111 3250 1245 3291 cum
1276 3229 1424 3311 sitis,
1458 3242 1515 3292 et
1539 3249 1675 3290 nom
1707 3230 2032 3293 ambulatis

379 3316 441 3377 in
475 3317 605 3397 lege
632 3318 815 3399 Moysi
878 3338 1108 3395 omnes,
1167 3318 1478 3381 credentes
1532 3319 1606 3380 iis
1636 3338 1764 3399 qua:
1793 3322 2032 3400 scripsit

379 3405 509 3486 ipse
538 3414 597 3468 et
627 3408 863 3469 tradidit
890 3409 920 3468 ‘?
958 3408 1043 3469 Ea
1073 3408 1231 3469 enim
1265 3427 1371 3470 nos
1405 3408 1814 3489 praedicamus.
1846 3409 2030 3481 Quem

381 3496 540 3558 enim
561 3496 760 3558 dicitis
785 3499 1129 3579 prophetam
1163 3507 1496 3571 venturum,
1527 3498 1718 3578 ipsum
1741 3517 1848 3560 nos
1879 3498 2031 3559 vidi-

383 3606 515 3651 mus
541 3598 599 3651 et
628 3590 787 3651 misit
817 3610 924 3652 uos
957 3591 1275 3671 praedicare
1304 3591 1364 3653 in
1409 3592 1651 3654 nomine
1682 3591 1808 3671 ejus
1837 3592 2029 3671 poeni-

380 3678 625 3740 tentiam
657 3687 716 3741 et
739 3681 1157 3742 rcmissnonem
1194 3689 1567 3761 peccatorum
1601 3680 2025 3756 omnimuudo,

379 3768 748 3833 abstinentes
776 3772 848 3830 ab
878 3770 1043 3832 omni
1073 3771 1322 3844 scelere,
1385 3776 1441 3830 et
1475 3769 1794 3850 baptizatos
1824 3768 1885 3829 in
1919 3789 2031 3830 no-

382 3859 543 3920 mine
569 3860 721 3939 eJ'us.
748 3858 889 3921 Cum
913 3866 1109 3920 autem
1132 3858 1325 3920 verbis
1347 3858 1511 3919 multi
1538 3858 1854 3938 paupulum
1880 3878 2030 3920 con-

380 3948 723 4010 ﬁrmussent
754 3958 810 4010 et
836 3948 1274 4010 illuminassent
1320 3947 1559 4010 Judaios
1590 3955 1647 4009 et
1677 3946 1935 4021 Graecos,
1972 3955 2030 4009 et

380 4038 473 4098 his
503 4037 602 4118 qui
635 4039 693 4098 in
727 4038 840 4098 ﬁde
902 4055 1141 4098 manere.
1199 4034 1641 4116 spoponderant
1670 4052 1879 4094 manus
1907 4033 2027 4094 im-

380 4128 744 4212 posuissent,
778 4134 836 4188 et
864 4135 1117 4205 aegrotos
1149 4132 1478 4199 sanassent,
1515 4122 1872 4185 dimiserunt
1901 4141 2023 4213 eos.

378 4225 450 4284 Et
472 4221 836 4283 venientium
862 4217 1074 4278 multos
1098 4214 1536 4296 baptizaverunt
1556 4212 1616 4273 in
1648 4214 1891 4275 nomine
1919 4212 2015 4273 l’a-

381 4313 489 4376 tris
520 4321 576 4374 et
605 4310 739 4374 Filii
764 4307 1091 4390 etSpiritus
1110 4305 1318 4377 sancti,
1345 4313 1402 4365 et
1425 4302 1741 4384 participes
1764 4302 2032 4366 fecerunt

380 4426 484 4471 eos
513 4405 847 4473 divinorum
882 4397 1101 4462 Christi
1131 4393 1565 4476 mysteriorum.

462 4677 605 4740 Cum
625 4680 820 4736 autem
845 4663 1442 4731 abiissetMatthiasin
1471 4659 1761 4721 civitatem
1785 4670 2030 4740 propter

381 4767 643 4845 aliquam
678 4758 1118 4829 necessitatem,
1182 4749 1769 4845 manus__injicientes
1798 4748 1859 4808 in
1890 4767 2025 4809 eum

379 4839 836 4935 conieceruntin
854 4863 1155 4909 carcerem
1173 4842 1361 4903 tribus
1374 4840 1609 4909 diebus,
1637 4839 2025 4935 volentespo-

379 4926 938 5005 stridieinterﬁcere
953 4953 1110 4995 eum.
1140 4930 1407 4993 Andreas
1434 4935 1629 4988 autem
1656 4926 2028 4988 descendens

379 5033 456 5095 de
487 5037 687 5092 monte
720 5044 823 5108 per
853 5031 1110 5095 noctem,
1144 5019 1305 5081 venit
1332 5015 1769 5108 adcustodiam
1808 5033 1823 5090 ;
1859 5024 2026 5095 porta

378 5128 574 5184 autem
592 5104 851 5181 carceris
873 5113 1025 5175 ultro
1050 5116 1254 5191 aperta
1271 5115 1360 5169 est
1381 5106 1460 5171 ei.
1488 5104 1809 5168 Adducens
1825 5111 2022 5166 autem

2114 3132 2401 3190 ἀπόστολοι
2459 3137 2588 3210 πρὸς
2645 3137 2831 3200 αὖτοὺς
2888 3138 3219 3217 παρεκάλουν
3295 3138 3540 3220 λέγοντες
3572 3158 3590 3177 ⁸
3649 3123 3768 3198 ’Ἁν-

2112 3220 2251 3302 δρες,
2282 3222 2416 3280 διατί
2473 3222 2627 3303 ἔχετε
2682 3223 2832 3291 δόξας
2888 3227 3117 3309 πολλὰς,
3180 3220 3415 3308 Ἑϐραῖοι
3467 3228 3633 3303 ὄντες,
3681 3230 3772 3287 καὶ

2112 3315 2172 3370 οῦ
2201 3317 2509 3393 σταιχεῖσθε
2539 3322 2615 3389 τῷ
2644 3315 2793 3391 νόμῳ
2846 3316 3080 3382 Μωσέως
3137 3320 3183 3376 οἱ
3237 3319 3452 3393 πάντες,
3486 3319 3770 3376 πιστεύον-

2110 3423 2199 3465 τες
2254 3403 2387 3483 ἆίπερ
2444 3404 2599 3468 «ora;
2659 3402 2857 3484 ἔγραψε
2910 3408 2997 3462 καὶ
3044 3405 3396 3486 παρέδωκεν;
3476 3408 3616 3466 Αῦτὰ
3666 3407 3767 3486 γὰρ
3831 3436 3835 3441 τ

2114 3493 2278 3566 ἡμεῖς
2336 3493 2664 3571 κηρύττομεν
2699 3513 2712 3528 ο
2791 3495 2848 3550 ὃν
2904 3496 3003 3574 γὰρ
3058 3494 3240 3574 λέγετε
3296 3496 3573 3575 προφήτην
3632 3495 3768 3551 ἀνα-

2115 3581 2466 3656 στησόμενοι),
2552 3592 2733 3641 τοῦτον
2812 3584 2976 3658 ἡμεῖς
3056 3585 3363 3664 ἑωράκαμεν
3399 3601 3414 3620 ⁶
3502 3585 3590 3640 καὶ
3673 3580 3769 3639 ἀπ’

2116 3668 2343 3726 έστειλεν
2376 3673 2543 3746 ἡμᾶς,
2603 3670 2822 3751 κηρῦξαι
2879 3672 2931 3729 ἐν
2988 3681 3064 3749 τῷ
3120 3674 3339 3749 ὀνόματι
3397 3677 3553 3732 αὐτοῦ
3611 3673 3772 3749 μετά-

2114 3782 2258 3815 νοιαν
2288 3762 2375 3816 καὶ
2403 3759 2587 3840 ἄφεσιν
2617 3763 2886 3840 ἀμαρνιῶν
2942 3764 3098 3818 παντὶ
3153 3769 3230 3836 τῷ
3286 3763 3492 3837 κόσμῳ,
3553 3762 3767 3841 ἀπεχο-

2114 3846 2298 3922 μένους
2359 3849 2536 3916 πάσης
2593 3847 2916 3929 ῥᾳδιουργίας
2965 3852 3053 3907 καὶ
3109 3851 3523 3928 βαπτιζομένους
3579 3852 3651 3912 εἷς
3709 3850 3769 3905 τὸ

2112 3932 2277 4011 ὄνομα
2323 3938 2479 3994 αὐτοῦ
2535 3936 2767 4002 Πολλοῖς
2819 3936 2873 3994 δὲ
2929 3937 3110 4018 λόγοις
3162 3942 3253 3996 τὸν
3300 3938 3442 4018 ’λαὸν
3500 3936 3772 4017 στηρίξαν-

2109 4047 2197 4088 τες
2249 4027 2337 4082 καὶ
2390 4027 2711 4106 φωτίσαντες
2772 4024 3050 4091 Ἰουδαίους
3135 4029 3223 4085 καὶ
3314 4012 3596 4107 Ἕλληνας,
3681 4028 3770 4083 καὶ

2112 4114 2445 4191 συνθεμένοις
2504 4116 2748 4192 ἐμμένειν
2806 4124 2873 4193 τῇ
2953 4117 3125 4173 πίστει
3208 4130 3399 4197 χεῖρας
3479 4115 3764 4195 ἐπιθέντες,

2114 4205 2199 4260 καὶ
2279 4205 2400 4268 τοὺς
2473 4213 2752 4269 νοσοῦντας
2843 4206 3138 4281 ἰασάμενοι,
3228 4205 3494 4262 ἀπέλυσαν
3553 4204 3765 4268 αὐτούς.

2113 4296 2213 4352 Καὶ
2264 4295 2368 4350 τῶν
2426 4295 2829 4375 συνερχομένων
2910 4293 3140 4360 πολλοὺς
3226 4294 3511 4353 ἐϐάπτισαν
3568 4295 3644 4357 εἰς
3705 4295 3767 4349 τὸ

2043 4380 2283 4461 Βὸνομα
2312 4390 2402 4440 τοῦ
2430 4386 2634 4463 Πατρὸς
2693 4387 2780 4441 καὶ
2837 4394 2930 4443 τοῦ
2988 4387 3106 4440 Υἱοῦ
3154 4386 3241 4440 καὶ
3293 4392 3386 4441 τοῦ
3416 4384 3564 4462 ἁγίο)
3596 4383 3765 4439 Πνεύ-

2110 4496 2302 4555 ματος⁷
2337 4476 2426 4529 καὶ
2481 4472 2779 4549 μετέδωκαν
2834 4475 3019 4536 αὐτοῖς
3075 4479 3167 4529 τοῦ
3226 4479 3451 4553 Χριστοῦ
3481 4478 3587 4528 τῶν
3612 4473 3764 4528 θείων

2110 4566 2432 4645 μυστηρίων.

2193 4653 2546 4719 Κατελθόντος
2578 4653 2632 4710 δὲ
2662 4663 2754 4714 τοῦ
2811 4655 3011 4711 Ματθία
3067 4655 3140 4718 εἷς
3196 4653 3295 4720 τὴν
3351 4651 3504 4709 πόλιν
3536 4650 3621 4709 διά
3647 4675 3766 4709 τινα

2112 4746 2319 4825 χρείαν,
2382 4747 2428 4801 οἱ
2487 4741 2731 4801 Ἰουδαῖοι
2815 4744 3173 4823 κρατήσαντες
3250 4743 3408 4800 αὐτὸν
3464 4740 3636 4797 ἔθεντο
3692 4743 3763 4805 εἰς

2111 4833 2352 4914 φυλακὴν
2435 4846 2582 4913 τρεῖς
2625 4832 2892 4914 λὴμέρας,
2975 4830 3288 4909 βουλόμενοι
3371 4835 3439 4906 τῇ
3517 4829 3765 4909 ἐπαύριον

2111 4911 2320 4979 ἀνελεῖν
2378 4911 2558 4983 αὐτόν.
2622 4911 2678 4979 ιΟ
2737 4911 2791 4977 δὲ
2876 4919 3121 5000 Ἀνδρέας
3199 4918 3463 4977 κατελθὼν
3515 4919 3619 4975 ἀπὸ
3675 4925 3768 4975 τοῦ

2111 5012 2257 5091 ὄρους
2314 5009 2396 5067 διὰ
2453 5017 2550 5078 τῆς
2607 5013 2792 5074 νυκτὸς
2848 5010 3003 5079 ἦλθεν
3076 5011 3149 5072 εἷς
3233 5011 3331 5077 την
3388 5006 3626 5085 φυλακήν
3656 5027 3669 5041 ’
3729 5009 3765 5076 ἡ

2106 5099 2160 5157 δὲ
2212 5098 2356 5168 πύλη
2411 5103 2510 5168 τῆς
2598 5098 2834 5180 φυλακῆς
2912 5099 3223 5175 αὒτόμάτως
3302 5097 3518 5177 ἐνοίχθη
3594 5097 3763 5172 αὐτῷ,

1808 5285 2001 5352 Variae
2028 5284 2336 5348 lectiones.

459 5434 755 5514 (θῇ-οη.
822 5431 875 5489 o'f
935 5429 1118 5492 textui
1177 5426 1558 5491 inserendum
1612 5423 2035 5488 erat.Abesta

385 5512 1022 5673 coigi‘éitnstantinum
1068 5586 1829 5673 Copronymumﬁnleiligii'
1862 5586 1950 5659 Τῷ
1978 5574 2033 5673 γέ

382 5666 487 5740 ἔτει
517 5666 713 5759 ἐτέχθη
742 5677 818 5748 τῷ
848 5672 1060 5749 βασιλεῖ
1116 5666 1322 5729 Α’έοντί
1349 5673 1456 5735 υἱὸς
1509 5666 1914 5735 δυσσεϐέστατος
1943 5666 2031 5725 καὶ

2114 5428 2205 5478 τοῦ
2263 5418 2625 5499 Ἀντιχρίστου
2667 5416 2982 5499 πρόδρομος,
3042 5427 3445 5499 Ιςωνσταντῖνος
3499 5417 3527 5472 ὁ
3563 5412 3763 5499 Καϐα-

2112 5501 2286 5564 λῖνος.
2321 5493 2627 5563 (Σθᾶὶ-θηυε
2669 5493 2729 5558 in
2787 5493 3115 5579 Co'mpend.
3172 5494 3400 5558 Histor.
3453 5514 3507 5577 p.
3545 5494 3663 5558 452
3692 5493 3762 5557 C.

2115 5581 2211 5645 ed.
2251 5579 2539 5643 Parisien.
2573 5597 2627 5640 a.
2674 5579 2845 5642 1647.

2197 5662 2280 5745 (6)
2314 5664 2384 5720 Τὸ
2410 5659 2584 5741 ἄκρος.
2622 5656 2750 5721 Vat.
