4154 6456
365 350 476 416 221
1724 346 1913 412 VITA
1939 345 2000 409 S.
2033 345 2389 410 ANDREfE.
3644 344 3761 412 222

361 482 667 566 Ἐξαγαγὼν
717 483 774 542 δὲ
849 487 941 543 τὸν
1033 486 1262 542 Ματθίαν
1351 484 1442 541 καὶ
1524 480 1617 539 σὺν
1665 483 1808 557 αὐτῷ
1863 476 2012 536 δεδε-

2104 478 2411 542 Matthiam
2446 485 2669 542 etcum
2700 496 2771 541 eo
2803 478 3120 542 credentes
3149 479 3399 556 vinctos,
3445 478 3764 542 abscondit

359 574 549 651 μένους
613 574 1021 649 πιστεύσαντας,
1084 574 1307 655 ἔκρυψεν
1364 572 1550 636 αὐτοὺς
1606 568 1705 637 ἔξω
1760 575 1859 637 τῆς
1917 569 2016 626 πό-

2107 585 2209 630 eos
2239 576 2404 631 extra
2428 567 2724 631 civitatem
2757 567 2972 631 diebus
3004 576 3259 650 septem,
3281 568 3453 650 quasi
3483 569 3759 631 milliario

358 664 496 729 λεως
553 665 692 745 ἑπτὰ
749 664 977 745 ἡμέρας,
1037 667 1110 729 ὡς
1168 664 1273 721 ἀπὸ
1336 660 1511 739 μιλίου
1564 662 1702 729 ἐνὸς,
1766 659 1907 739 παρὰ
1933 659 2023 719 θά-

357 752 584 816 λασσαν.
616 742 713 810 Ἠν
770 752 825 809 δὲ
860 742 1058 810 ’συκῶν
1112 751 1271 816 δάσος
1326 751 1440 809 ἐκεῖ
1497 748 1631 807 πολὺ
1671 746 2020 808 δυσδιόδευτον

358 842 579 922 ἡμέρων
638 865 696 898 τε
751 844 839 898 καὶ
895 842 1115 921 ἀγρίων,
1174 843 1262 898 καὶ
1317 844 1344 898 6
1398 841 1581 919 καιρὸς
1636 845 1740 895 τῶν
1797 838 1968 894 σύκων
2002 852 2017 866 ⁸

360 933 427 1001 ἦν
488 930 545 988 δὲ
601 933 692 987 καὶ
749 930 1038 1002 σπήλαιον.
1119 931 1454 1010 Κατηχήσας
1536 927 1590 985 δὲ
1653 928 1836 989 αὐτοὺς
1890 927 2025 983 ἑπτὰ

365 1022 571 1103 ἡμέρας
604 1018 854 1077 ἐϐάπτισε
910 1027 979 1098 τῇ
1038 1023 1181 1077 νυκτὶ
1230 1021 1373 1100 παρὰ
1427 1019 1526 1086 τὴν
1580 1015 1750 1098 ὄχθην
1804 1022 1904 1084 τῆς
1933 1019 2024 1072 θα-

367 1110 598 1191 λάσσης,
653 1112 742 1167 καὶ
797 1117 869 1189 τῇ
923 1109 1088 1190 ὀγδόῃ
1152 1109 1326 1190 ἡμέρᾳ
1381 1108 1680 1171 ἁπολούσας
1736 1105 2017 1167 ἀπέλυσεν.

371 1199 696 1282 Παρακαλῶν
755 1198 810 1256 δὲ
868 1198 1228 1281 παρήγγειλεν
1285 1199 1470 1262 αὖτοτς
1529 1196 1698 1282 λέγων
1735 1214 1750 1230 ⁸
1835 1196 2023 1253 Τεκνία

368 1270 491 1366 μού,
550 1290 808 1353 Σκυθικὰς
866 1270 1090 1369 αἱρέσεις
1170 1289 1408 1368 φεύγετε,
1492 1270 1616 1351 τοῖς,
1670 1270 1886 1353 Ἕλλησι
1946 1285 2023 1361 μὴ

361 1382 810 1458 συναναμίγνυσθε
885 1379 937 1436 ἐν
1013 1392 1132 1444 τοῖς
1211 1377 1507 1441 εἶδωλικοῒς
1589 1374 1837 1455 δείπνοις,
1905 1387 2024 1438 τοῖς

359 1468 635 1535 Ἰουδαίοις
696 1470 775 1545 μὴ
830 1469 1149 1551 προσέχετε,
1210 1467 1341 1527 Ἰδοὺ
1410 1469 1511 1548 γὰρ
1564 1465 1831 1532 ἐξελέξατο
1887 1466 2023 1542 ὑμᾶς

356 1560 388 1615 6
419 1560 553 1623 Θεὸς
589 1561 618 1615 6
648 1559 811 1634 μόνος
858 1557 1040 1635 ἅγιος,
1101 1558 1188 1614 καὶ
1242 1557 1463 1637 ἀγαθὸς,
1516 1554 1604 1611 καὶ
1635 1551 2019 1633 φιλάνθρωπος,

355 1648 447 1704 καὶ
509 1645 883 1723 ἐσημειώσατο
934 1647 1070 1722 ὑμᾶς
1154 1643 1238 1701 διὰ
1320 1650 1410 1700 τοῦ
1469 1644 1729 1719 ὀνόματος
1789 1643 1878 1698 καὶ
1934 1641 2026 1716 βα-

358 1737 659 1811 πτίσματος
689 1741 782 1791 τοῦ
838 1737 959 1791 Υἱου
1016 1735 1173 1791 αὐτοῦ
1230 1731 1407 1802 Ἰησοῦ
1464 1739 1689 1812 Χριστοῦ
1725 1747 1738 1760 ·
1801 1729 2024 1809 ἁνεγεν-

363 1827 562 1895 νήθητε
615 1825 716 1903 γὰρ
786 1820 854 1878 δι’
909 1822 1097 1888 ὕδατος
1153 1824 1241 1880 καὶ
1295 1823 1592 1899 πνεύματος
1624 1835 1639 1849 ⁹

368 1934 529 1969 πτισα
556 1914 690 1987 ὑμᾶς
722 1914 796 1975 εἰς
826 1913 888 1968 τὸ
946 1912 1116 1989 ὄνομα
1170 1919 1264 1970 τοῦ
1320 1911 1547 1990 Πατρὸς,
1610 1909 1698 1965 καὶ
1746 1914 1838 1964 τοῦ
1868 1910 2013 1980 Υἱοῦ,

369 2002 460 2057 καὶ
487 2007 577 2058 τοῦ
604 2001 749 2080 ἁγίου
798 2000 1104 2075 Πνεύματος
1334 2003 1431 2062 Εἷς
1492 1998 1623 2059 Θεὸς
1680 2001 1787 2052 τῶν
1844 1994 2018 2050 ἁπάν-

370 2111 478 2145 των
505 2089 558 2145 ἐν
610 2089 826 2168 οὐρανῷ,
886 2091 975 2146 καὶ
1037 2090 1091 2146 ἐν
1144 2095 1212 2166 τῇ
1259 2095 1353 2167 γῇ,
1413 2088 1502 2143 καὶ
1562 2086 1615 2142 ἐν
1671 2085 1867 2147 πάσαις
1896 2095 2018 2146 ταῖς

365 2175 610 2240 ἆὸύσσοις
642 2196 657 2210 ·
700 2184 884 2235 τοῦτον
914 2179 1078 2255 μόνον
1128 2189 1473 2258 προσκυνεττε
1527 2174 1617 2231 καὶ
1674 2176 1817 2248 αὐτῷ
1873 2173 2020 2248 μόνῳ

2104 676 2247 735 uno,
2273 676 2455 739 prope
2485 676 2665 721 mare.
2693 657 2831 719 Erat
2853 666 3048 721 autem
3081 658 3163 721 ibi
3197 654 3586 721 ﬂculnearum
3602 660 3758 722 mol-

2105 747 2252 808 lium
2284 755 2344 809 et
2372 747 2633 809 ferarum
2691 747 3047 811 densissima
3094 748 3241 809 silva
3273 748 3503 810 difﬁcili
3534 748 3756 830 pervia,

2104 844 2165 899 et
2196 846 2429 918 tempus
2461 837 2679 905 ﬁcuum
2714 860 2729 910 ;
2792 845 2919 898 erat
2975 856 3209 919 quoque
3268 838 3571 917 spelunca.
3610 838 3755 899 Cum

2105 932 2304 987 autem
2354 926 2660 990 docuisset
2711 945 2813 988 eos
2869 935 3098 1008 septem
3159 925 3395 999 diebus,
3447 925 3758 1006 baptizavit

2107 1022 2282 1077 nocte
2314 1033 2498 1095 prope
2528 1015 2693 1077 littus
2720 1016 2925 1097 maris,
2958 1022 3019 1078 et
3076 1023 3278 1077 octava
3308 1014 3404 1076 die
3435 1014 3757 1095 baptizatos

2106 1104 2355 1167 dimisit.
2390 1105 2727 1168 Exhortans
2755 1113 2950 1167 autem
2983 1104 3351 1167 denuntiavit
3379 1103 3466 1166 eis
3495 1104 3702 1167 dicens
3737 1124 3751 1166 :

2105 1193 2243 1256 Filii
2274 1194 2418 1269 mei,
2452 1193 2727 1276 Scythica
2757 1195 3163 1256 dissensiones
3187 1194 3390 1273 fugite,
3415 1192 3638 1256 Grmcis
3680 1210 3755 1253 ne

2108 1284 2679 1347 commisceaminiin
2693 1284 3432 1348 conviviisidololatricisJ
3439 1284 3621 1345 udmis
3635 1301 3756 1344 non

2109 1374 2456 1436 contemioi.
2492 1376 2649 1439 Ecce
2680 1376 2840 1437 enim
2874 1376 3049 1455 elegit
3102 1392 3203 1436 vos
3233 1373 3389 1435 Deus
3420 1373 3580 1434 solus
3609 1390 3752 1433 san-

2109 1472 2260 1535 ctus,
2293 1470 2353 1525 et
2381 1463 2597 1539 bonus,
2655 1474 2712 1526 et
2761 1465 3072 1526 hominum
3133 1472 3381 1538 amator,
3416 1470 3473 1525 et
3505 1461 3757 1540 signavit

2107 1571 2209 1613 vos
2238 1550 2299 1612 in
2321 1552 2565 1614 nomine
2590 1561 2650 1617 et
2680 1554 3030 1634 baptismate
3051 1551 3184 1614 Filii
3215 1551 3306 1613 sui
3335 1554 3476 1612 Jesu
3506 1550 3751 1624 Christi,

2109 1641 2449 1719 regenerati
2465 1642 2623 1704 enim
2650 1643 2792 1705 estis
2806 1662 2911 1723 per
2930 1660 3140 1723 aquam
3163 1648 3221 1702 et
3241 1639 3513 1721 spiritum
3534 1660 3550 1717 ;
3568 1656 3756 1719 quare

2109 1727 2391 1809 haptizavi
2423 1750 2527 1794 vos
2566 1732 2628 1793 in
2657 1730 3115 1795 nominePatris
3147 1736 3207 1793 et
3241 1729 3376 1791 Filii
3410 1736 3468 1790 et
3496 1728 3755 1809 Spiritus

1703 1818 1833 1876 διότι
1890 1816 2016 1874 ἐϐά-

2106 1819 2316 1918 sancti.
2348 1820 2515 1883 Unus
2538 1824 2695 1885 Deus
2726 1823 2992 1902 omnium
3024 1821 3086 1882 in
3117 1820 3266 1884 caelo
3289 1827 3346 1879 et
3376 1818 3437 1879 in
3470 1828 3654 1917 terra,
3694 1824 3754 1918 et

2103 1906 2166 1969 in
2190 1910 2468 1972 omnibus
2489 1911 2744 1991 abyssis,
2774 1912 2934 1974 hunc
2960 1912 3151 1972 solum
3190 1909 3431 1970 adorata
3473 1914 3530 1968 et
3558 1905 3613 1967 ei
3643 1904 3755 1966 soli

2104 1998 2342 2073 servite,
2378 2007 2437 2061 et
2467 2001 2526 2061 in
2550 2002 2680 2081 lege
2698 2002 2911 2082 Moysis
2933 2000 3228 2062 ambulate
3252 2006 3309 2060 et
3337 2002 3564 2058 servate
3596 2013 3750 2082 eam,

2105 2093 2162 2147 et
2194 2086 2352 2149 Deus
2385 2088 2545 2169 pacis
2597 2091 2711 2151 erit
2762 2081 3090 2153 vobiscum.
3150 2088 3222 2149 Et
3273 2084 3501 2148 dimisit
3528 2102 3651 2146 eos.
3684 2081 3757 2144 Et

2101 2176 2406 2258 accipiens
2434 2180 2729 2241 Matthiam
2763 2180 2907 2242 abiit
2934 2179 3007 2240 ad
3038 2176 3368 2241 Orientem.

357 2268 634 2350 λατρεύετε
667 2285 682 2300 ⁸
713 2272 802 2328 καὶ
822 2278 899 2346 τῷ
929 2270 1162 2337 Μωσέως
1203 2271 1350 2347 νόμῳ
1378 2271 1682 2349 στοιχετσθε
1723 2267 1810 2322 καὶ
1852 2266 2186 2348 φυλάττεσθε,
2248 2274 2335 2328 καὶ
2390 2276 2419 2330 6
2462 2276 2590 2339 Θεὸς
2632 2281 2732 2343 τῆς
2791 2277 3004 2355 εἰρήνης
3060 2272 3207 2331 ἔσται
3252 2270 3366 2348 μεθ’
3422 2271 3593 2346 ὑμῶν.
3655 2270 3754 2328 Καὶ

352 2358 619 2417 ἀπέλυσεν
649 2359 861 2425 αύτούς.
893 2362 994 2419 Τὸν
1025 2359 1079 2417 δὲ
1109 2362 1339 2418 Ματθίαν
1366 2356 1538 2416 λαϐὼν
1582 2355 1793 2425 ἐξῆλθεν
1821 2355 1906 2413 ἐπὶ
1949 2355 2264 2431 Ἀνατολήν.

440 2455 546 2506 Τοῦ
604 2446 658 2505 δὲ
713 2450 863 2529 ἁγίου
920 2448 1226 2532 Ἐπιφανίου
1312 2448 1601 2507 ἐπισκόπου
1661 2448 1867 2526 Κύπρου
1924 2444 2020 2501 λέ-

354 2560 546 2617 γοντος
576 2540 653 2603 ὡς
705 2540 767 2597 ἐκ
820 2540 1163 2622 παραδόσεως
1212 2540 1380 2622 ἔχειν,
1440 2541 1530 2596 τὸν
1589 2538 1849 2618 μακάριον
1878 2536 2020 2593 ἀπό-

357 2627 542 2684 ετολον
602 2627 850 2709 Ἀνδρέαν
906 2630 1102 2698 διδάξαι
1187 2631 1411 2703 Σκύθας,
1493 2624 1877 2706 Κοσογδιανοὺς
1934 2630 2023 2685 καὶ

355 2718 638 2798 Γορσινοὺς
717 2719 830 2800 (8),
908 2720 962 2777 ἐν
1019 2718 1411 2777 Σεϐαστοπόλει
1469 2723 1537 2800 τῇ
1592 2714 1824 2795 μεγαλῃ,
1891 2712 2022 2770 ὅπου

354 2791 500 2863 ἐστιν
554 2809 592 2876 ἡ
645 2791 958 2889 παρεμϐολὴ
1042 2810 1276 2889 Ἀψάρου
1327 2812 1415 2864 καὶ
1475 2791 1686 2864 Ὕσσου-
1717 2804 1883 2880 λιμὴν
1931 2806 2020 2860 καὶ

354 2893 528 2957 Φάσις
585 2897 827 2973 ποταμός
862 2917 876 2932 ·
968 2896 1086 2955 ἔνθα
1145 2900 1373 2955 οἰκοῦσιν
1449 2894 1631 2974 Ιϐηρες
1685 2895 1774 2950 καὶ
1831 2900 2019 2950 Σοῦσοι

2187 2449 2434 2513 Dicente
2459 2465 2653 2515 autem
2687 2451 3237 2534 sanctoEpiphanio
3268 2448 3437 2531 Cypri
3470 2444 3749 2528 episcopo

2105 2539 2273 2620 quasi
2305 2559 2375 2601 ex
2406 2542 2726 2604 tradilione
2757 2553 2985 2618 tenere,
3020 2541 3179 2624 quod
3217 2540 3425 2602 beatus
3454 2536 3753 2618 apostolus

2104 2628 2375 2691 Andreas
2403 2630 2675 2694 docuerit
2707 2632 2953 2714 Scythas
3011 2640 3068 2694 et
3099 2629 3427 2709 Sogdianos
3456 2636 3512 2688 et
3543 2625 3751 2690 Gorsi-

2106 2738 2237 2794 nos,
2274 2720 2336 2781 in
2367 2719 2738 2802 Sebastopoli
2770 2740 3007 2803 magna,
3040 2721 3099 2781 in
3132 2737 3250 2801 qua
3279 2725 3369 2780 est
3397 2714 3611 2798 Apsari
3645 2734 3749 2776 ca-

2104 2816 2313 2885 strum,
2349 2818 2407 2871 et
2464 2811 2633 2892 Hyssi
2691 2820 2919 2891 portus,
2980 2820 3041 2874 et
3097 2810 3324 2874 Phasus
3377 2806 3613 2881 ﬂuvius,
3649 2804 3754 2868 ubi

2105 2911 2551 2961 commorantur
2580 2899 2736 2961 Iberi
2769 2908 2827 2962 et
2879 2900 3011 2962 E‘usi
3056 2911 3116 2962 et
3146 2896 3398 2972 .Phusti,
3435 2902 3493 2957 et
3517 2894 3693 2957 Alani
3735 2910 3749 2955 :

352 2984 446 3038 καὶ
498 2990 727 3042 Φοῦστοι
784 2988 872 3043 καὶ
929 2984 1143 3045 Ἀλανοί
1178 3003 1190 3017 ’
1242 2996 1407 3045 ταῦτα
1462 2987 1626 3060 ἡμεῗς
1683 2982 1768 3039 ἐπὶ
1826 2995 2016 3061 χε⁴ρας

2105 2988 2230 3049 haec
2261 3007 2369 3049 nos
2400 2988 2759 3052 documenta
2788 2989 2848 3051 in
2880 2989 3153 3051 manibus
3182 2987 3495 3061 habentes,
3530 2992 3584 3045 et
3616 3002 3755 3045 con-

358 3070 576 3153 ἔχοντες
633 3075 701 3130 τὰ
756 3076 1113 3153 ὕπομνήματα
1169 3077 1256 3132 καὶ
1315 3076 1595 3156 φεύγοντες
1666 3072 1764 3140 τὴν
1820 3092 2016 3127 κοινω-

2104 3077 2350 3139 sortium
2377 3079 2668 3158 fugientes
2688 3079 3182 3141 iconoclastarum
3219 3077 3401 3158 (idem
3432 3074 3588 3138 euim
3616 3080 3753 3135 sunt

360 3163 471 3217 νίαν
525 3168 631 3218 τῶν
682 3165 1055 3246 εἶκονομὰχων
1137 3165 1353 3244 (ταῦτὸν
1429 3165 1529 3244 γὰρ
1601 3162 1753 3219 εἰκὼν
1813 3161 1900 3216 καὶ
1957 3160 2016 3215 τὸ

2104 3166 2328 3245 effigies
2351 3175 2407 3228 et
2426 3169 2782 3249 archetypus
2804 3190 2819 3244 ;
2842 3177 2899 3231 et
2920 3169 3071 3230 sicut
3090 3168 3148 3229 in
3169 3166 3425 3246 imagine
3451 3165 3750 3228 Christum

363 3248 661 3329 ἀρχέτυπον
698 3270 729 3284 ⁸⁷
760 3256 849 3310 καὶ
904 3255 1082 3335 ὥσπερ
1137 3257 1301 3332 ἡμεῖς
1355 3253 1410 3310 ἐν
1453 3260 1522 3331 τῇ
1571 3252 1731 3308 εἰκόνι
1761 3251 1850 3306 τὸν
1880 3256 2015 3329 Χρι-

2104 3274 2474 3332 veneramur,
2509 3260 2588 3319 ita
2616 3248 2702 3319 illi
2734 3258 2791 3321 in
2824 3258 3084 3339 imagine
3114 3260 3245 3338 ejus
3274 3256 3401 3336 ipse
3431 3261 3748 3316 contume-

365 3341 486 3395 στὸν
515 3353 928 3422 προσκυνοῦμεν,
984 3345 1150 3410 οὕτως
1208 3346 1354 3404 αὖτοὶ
1410 3343 1466 3399 ἐν
1520 3348 1588 3419 τῇ
1642 3340 1801 3397 εἰκόνι
1860 3338 2016 3397 οώτοῦ

2104 3345 2235 3406 liam
2263 3346 2530 3422 inurunt,
2556 3354 2620 3407 ut
2640 3347 2980 3427 aitmagnus
2994 3347 3276 3423 Basilius;
3303 3341 3750 3422 honorimagini

368 3429 520 3485 αὐτὸν
575 3430 860 3511 ὑϐρίζουσιν
898 3454 913 3468 ⁸
972 3435 1048 3500 ὥς
1128 3457 1287 3517 φησιν
1377 3435 1405 3490 6
1468 3431 1634 3510 μέγας
1693 3428 1958 3518 βκσίλειος
1994 3443 2009 3458 ⁹

2104 3434 2403 3513 impensus
2428 3435 2504 3496 ad
2551 3444 2923 3518 prototypum
2979 3436 3280 3510 refertur),
3340 3441 3616 3496 caeterum
3651 3432 3749 3492 lu-

367 3518 404 3584 ἦ
458 3520 589 3594 τιμὴ
641 3526 740 3590 τῆς
792 3524 994 3589 εἰκόνος
1038 3515 1236 3581 ἐπὶήτὸ
1295 3522 1638 3602 πρωτότυπον
1690 3515 1968 3591 διαϐαίνει)
2004 3534 2016 3552 ·

2108 3531 2362 3587 strantes
2393 3515 2668 3603 regiones
2700 3515 2763 3586 et
2785 3515 3075 3599 civitates,
3137 3524 3505 3604 Bosphorum
3536 3538 3746 3601 usque,

371 3606 557 3664 λοιπὸν
606 3613 1011 3694 περιερχόμενοι
1087 3614 1270 3694 χώρας
1333 3614 1421 3669 καὶ
1476 3608 1661 3672 πόλεις
1720 3606 1882 3687 μέχρι
1914 3614 2016 3662 Βο-

2107 3631 2317 3691 magno
2346 3613 2646 3674 desiderio
2706 3615 3167 3689 circumeuntes,
3232 3612 3306 3674 de
3362 3611 3509 3673 locis
3564 3608 3750 3671 sacris

369 3698 565 3775 σπόρου
643 3699 828 3777 πολλῷ
888 3702 1057 3777 ’πόθῳ
1128 3700 1464 3782 διερχόμενοι
1546 3699 1848 3779 ἠρευνῶμεν
1905 3695 2016 3774 περῖ

2104 3700 2575 3781 inquirebamus,
2613 3713 2673 3763 et
2729 3703 2780 3763 si
2838 3703 3066 3783 uspiam
3126 3701 3396 3782 reliquiae
3439 3699 3655 3773 forent,
3691 3707 3750 3761 ct

362 3790 470 3841 τῶν
526 3786 803 3869 ἐγχωρίων
860 3791 1049 3872 ἁγίων,
1133 3793 1245 3882 καὶ,
1282 3791 1333 3846 εἴ
1389 3789 1493 3847 πού
1548 3788 1659 3844 ἐστι
1718 3787 1965 3860 Λείψανον
1997 3801 2012 3816 ·

2104 3791 2316 3853 multas
2344 3790 2701 3856 invenimus.
2737 3791 2846 3856 Ubi
2879 3811 3014 3854 vero
3047 3812 3165 3854 non
3202 3789 3601 3872 pervenimus,
3638 3809 3748 3850 oc—

359 3876 452 3931 καὶ
534 3876 751 3935 πολλῶν
841 3878 1129 3961 ἐτύχομεν.
1224 3874 1382 3938 πΟπιυ
1437 3877 1491 3934 δὲ
1548 3879 1643 3933 οὐκ
1695 3874 2015 3955 ἐφθάσαμεν,

2104 3888 2410 3942 currentes
2440 3881 2757 3957 diligenter
2786 3881 3299 3962 interrogavimus,
3331 3888 3389 3941 et
3420 3880 3747 3958 gaudenter

356 3966 485 4029 τοὺς
567 3970 1073 4050 παρατυγχάνοντας
1180 3967 1407 4050 ἀκριϐῶς
1488 3964 1830 4045 διηρωτῶμεν
1931 3971 2016 4024 xli

2104 3968 2499 4031 discebamus.
2534 3972 2607 4033 Et
2659 3973 2785 4033 inec
2844 3972 3082 4053 quidem
3142 3971 3204 4031 in
3236 3970 3397 4033 Nica:
3429 3968 3750 4031 novissime

356 4052 531 4123 ἡδέως
587 4055 966 4137 ἐμανθάνομεν.
1030 4062 1128 4118 Καὶ
1184 4061 1249 4116 τὰ
1308 4060 1405 4135 μὲν
1460 4056 1516 4113 ἐν
1572 4053 1761 4127 Νικαίᾳ
1805 4052 2018 4132 ὕστερον

356 4144 577 4224 ἐροῦμεν
612 4162 626 4176 ⁸
716 4148 768 4205 ἐν
854 4148 1180 4227 Νικομηδείᾳ
1260 4147 1314 4205 δὲ
1386 4146 1666 4227 γενόμενοι
1721 4153 1814 4202 τοῦ
1867 4143 2016 4221 ἁγίου

359 4234 619 4315 μάρτυρος
703 4237 1140 4315 Παντελεήμονος
1224 4237 1532 4317 ἑωράκαμεν
1614 4233 1681 4291 τὰ
1763 4231 2011 4307 λείψανα.

360 4322 587 4430 Fabae:
643 4326 908 4427 περιέχειι
940 4330 976 4397 ἡ
1025 4325 1201 4405 βίϐλος
1258 4330 1417 4386 αὒτοῦ
1469 4336 1594 4409 ταῖς
1647 4323 1829 4430 χερσὶν
1858 4323 2078 4430 ἡμῶνΒ

355 4406 837 4493 ἒψηλπφήσαμενη,
892 4407 1120 4493 ιΟμοίως
1201 4418 1288 4474 καὶ
1388 4406 1635 4489 Ἀνθίμου
1718 4409 2009 4466 ἐπισκόπου

351 4482 462 4560 των
521 4482 722 4583 αῖῦτόθι,
810 4482 997 4573 Ἰνδούς
1057 4508 1136 4587 (9)
1196 4509 1285 4565 καὶ
1341 4508 1433 4563 σὺν
1491 4482 1634 4579 αύτῷ
1687 4502 1776 4559 καὶ
1832 4499 2007 4557 ἄλλων

350 4593 631 4671 μαρτύρων
667 4611 682 4625 ⁸
768 4594 823 4653 ἐν
911 4599 1209 4679 Δαφνουσίᾳ
1292 4600 1531 4653 Σωτικοῢ
1573 4594 1675 4649 ’καὶ
1728 4588 2007 4679 Ἀνικήτου

351 4682 441 4768 καὶ
496 4682 700 4739 Φωτίου
733 4701 748 4716 ⁸
834 4684 889 4741 ἐν
973 4678 1257 4768 Ἠρακλείᾳ
1338 4684 1490 4764 ἕτερα
1552 4682 1815 4758 θαυμάσια
1849 4695 1863 4708 ·
1953 4678 2006 4734 ἐν

348 4766 658 4852 Ἀμὰστριδι
716 4772 986 4838 Ὑακίνθου
1019 4766 1051 4810 ’Ἴ
1122 4781 1194 4844 εἰς
1278 4779 1341 4835 τὸ
1416 4774 1664 4855 Δοράπην
1724 4770 2004 4852 Χριστίνης

343 4862 607 4940 μάρτυρος
658 4862 908 4947 λείψανον
960 4869 1253 4947 ἑωρακότες
1321 4864 1795 4946 προσεκυνήσαμεν
1828 4877 1843 4893 ⁸
1930 4862 2003 4923 εἷς

346 4954 640 5031 Καρουσίαν
710 4945 980 5020 οῐνιτατίου.
1037 4945 1132 5023 νΕἷς
1196 4945 1449 5023 Σινώπην
1506 4953 1767 5025 ἐλθόντες,
1826 4951 2000 5014 καθὼς

2100 4056 2959 4139 inquisivimus;Nicomediam
2973 4078 3109 4122 vero
3125 4080 3257 4121 cum
3272 4059 3749 4139 pervenissemus

2100 4148 2287 4208 sancti
2321 4150 2590 4229 martyris
2620 4149 3097 4213 Panteleemonis
3127 4148 3407 4230 reliquias
3436 4148 3694 4209 vidimus
3726 4168 3744 4230 ;

2098 4244 2157 4297 et
2185 4237 2611 4317 quaajcontinet
2639 4239 2792 4301 liber
2848 4240 2999 4320 ejus,
3038 4239 3311 4300 manibus
3349 4237 3571 4299 nostris
3600 4255 3748 4299 con-

2098 4328 2496 4391 trectavimus.
2522 4328 2810 4392 Similiter
2834 4338 2892 4392 et
2918 4327 3752 4408 AntbimiepiscOpiejusdem

2093 4414 2229 4479 loci.
2256 4415 2417 4477 Indis
2442 4419 2773 4496 etﬁaliorum
2801 4437 2933 4481 cum
2959 4418 3086 4499 ipso
3099 4425 3420 4497 martyrum
3440 4416 3755 4497 ;Daphnu-

2091 4504 3067 4590 siae,ZoticietAniceti,etPhotii;
3110 4507 3439 4581 Heracleae,
3473 4505 3587 4567 alia
3617 4505 3739 4566 mi-

2090 4594 2300 4657 rabilia
2327 4616 2343 4673 ;
2373 4597 2735 4673 Amastride,
2771 4597 3124 4679 Hyacinthi;
3158 4600 3215 4656 in
3239 4596 3535 4675 Dorapen,
3569 4593 3748 4655 Chri-

2090 4682 2563 4767 stinaefmartyris
2595 4686 3158 4768 reliquiasvidentes
3191 4683 3452 4746 venerati
3487 4701 3693 4743 sumus
3729 4703 3746 4758 ;

2091 4773 2371 4848 Carusize,
2398 4773 2652 4855 Hypatii,
2674 4776 2935 4857 Sinopen
2955 4775 3283 4850 venientes,
3308 4781 3372 4835 ut
3397 4791 3574 4853 supra
3596 4771 3744 4851 dixi,

2088 4868 2147 4923 et
2171 4862 2344 4943 longo
2365 4871 2676 4926 manentes
2696 4873 2990 4944 tempore,
3013 4864 3320 4931 beatorum
3339 4861 3748 4941 apostolorum

2087 4952 2247 5013 Petri
2285 4960 2343 5014 et
2374 4952 2629 5014 Andreae
2653 4953 2857 5014 sedem
2890 4952 3102 5014 incolae
3124 4950 3514 5013 ostendebant
3546 4949 3742 5024 nobis,

345 5040 548 5127 ἳθὰσας
604 5042 784 5124 εἶπον,
845 5047 935 5101 καὶ
992 5046 1572 5127 μακροημερεύσχντες,
1650 5039 1847 5119 Πέτρου
1911 5041 2000 5096 καὶ

2104 5046 2143 5101 ιι
2166 5041 2502 5116 cathedras,
2524 5050 2587 5104 .et
2616 5040 2875 5117 efﬁgiem
2903 5041 3153 5122 apostoli
3179 5042 3352 5122 plane
3378 5037 3741 5112 mirabilem,

345 5124 593 5209 Ἀνδρέου
646 5138 753 5189 τῶν
811 5137 1081 5215 μακαρίων
1105 5124 1114 5127 ⁷
1140 5124 1452 5193 ἀποστόλων
1510 5134 1556 5189 οἱ
1614 5128 1846 5186 ἐντόπιοι
1904 5130 1998 5192 τὰς

2104 5148 2213 5210 [uae
2241 5132 2475 5194 vivente
2506 5148 2577 5192 eo
2609 5130 2761 5193 facta
2786 5137 2898 5206 est,
2923 5138 2981 5192 et
3002 5129 3286 5193 miracula
3318 5147 3450 5213 quae
3481 5126 3646 5204 fecit,
3683 5134 3745 5188 et

1765 5295 1962 5363 Varias
1990 5296 2303 5364 lectiones.

427 5432 514 5517 (7)
548 5439 775 5513 Ροεῑν,
811 5440 1114 5516 [πνεύματος
1171 5439 1232 5504 in
1289 5439 1427 5505 cod.
1484 5438 1616 5503 Vat;
1679 5438 1873 5498 exstat
1901 5430 1994 5490 05’-

335 5538 466 5591 τως,
504 5518 664 5598 quod
699 5520 982 5599 expunxi.

422 5597 844 5682 (ΒἉΜεΙιιετῐω
905 5602 1104 5668 Σκύθας
1155 5604 1243 5661 καὶ
1299 5599 1615 5682 Σογδιανοὺς
1655 5597 1766 5682 καὶ-
1800 5601 1994 5674 Γορσι-

336 5676 489 5742 νοός(
511 5676 578 5742 In
610 5679 748 5743 cod.
800 5688 893 5744 est
928 5700 945 5745 τ
994 5684 1211 5761 Ζκύθας,
1273 5676 1658 5763 Κοσογδιανοῦς
1686 5678 1776 5735 καὶ
1806 5681 2000 5755 Γορσι-

342 5777 484 5822 νους.

2159 5433 2470 5527 (9)_idem
2525 5453 2673 5527 esse
2687 5435 2924 5527 videtur
2949 5436 3126 5527 ques
3155 5436 3278 5527 ille,
3314 5434 3484 5527 cuju‘s
3518 5432 3744 5527 mentio

2079 5513 2145 5576 ﬁt
2175 5513 2238 5576 in
2266 5515 2600 5596 Menologio
2631 5518 2835 5581 Graeco
2868 5517 2964 5579 die
2993 5518 3070 5581 28
3103 5537 3181 5580 m.
3218 5513 3587 5579 Decembris.
3608 5513 3742 5596 ,lhi

2087 5604 2285 5684 tamen
2316 5597 2403 5659 sic
2461 5594 2599 5661 est:
2662 5596 2879 5667 ἄθλησις
2937 5606 3043 5656 τῶν
3102 5600 3267 5679 ἁγίων
3302 5596 3577 5684 μαρτύρων
3609 5594 3745 5666 θινδη

2086 5678 2176 5734 καὶ
2211 5679 2443 5755 Δόμνας.
