4154 6468
317 330 438 398 223

1614 333 2016 402 ΕΡΙΡΗΑΝῙΙ
2043 336 2388 404 ΜΟΝΑσΗ]

3583 329 3706 398 924

315 483 618 530 carcerem
645 469 994 550 quem'ultro
1016 467 1548 552 aperuitAndreas,
1569 467 1810 547 signans
1829 469 2004 532 cum!

2082 468 2318 550 ἰατριϐὰς
2367 467 2623 528 ἐδείκνυον
2667 473 2805 547 ἡμῖν
2859 473 2948 529 καὶ
3002 473 3098 536 τὰς
3155 469 3405 552 καθέδρας
3461 469 3551 528 καὶ
3603 467 3706 534 τὴν

316 555 486 634 signo
519 558 737 635 crucis,
773 567 833 622 et
863 559 1129 622 educens
1177 558 1479 622 Matthiam
1533 564 1592 618 et
1621 555 1848 617 vinctos
1874 555 1976 637 qui

319 645 612 721 postridie
645 647 918 709 morituri
935 656 1125 724 erant,
1155 656 1212 709 et
1237 647 1524 708 ﬁcalneas
1547 643 1648 706 ubi
1666 643 1980 708 abscondit

319 749 446 807 eos,
477 743 535 794 et
564 733 731 796 littus
760 736 821 797 in
855 757 970 818 quo
1003 737 1314 818 baptizavit
1345 753 1445 796 eos
1481 757 1496 806 ;
1559 741 1727 794 erant
1757 742 1974 813 autem,

317 829 386 882 ut
411 821 597 898 aiunt,
632 843 882 888 numero
911 826 1120 888 decem
1155 837 1212 887 et
1242 831 1470 904 septem
1507 842 1523 898 ;
1555 830 1613 884 et
1642 823 1720 883 de
1747 829 1973 902 septem

321 907 723 988 daemoniacis,
761 915 1060 994 quomodo
1091 913 1277 976 curati
1305 921 1476 993 sunt;
1505 921 1562 974 et
1591 910 1666 972 de
1695 909 1837 972 feris
1857 927 1978 971 mo-

319 995 490 1087 ribus
515 1017 722 1062 eorum
743 1003 842 1084 qui
869 1012 1008 1066 tunc
1029 1013 1224 1084 erant,
1248 1001 1505 1064 maxime
1529 1008 1726 1062 autem
1771 1017 1978 1060 eorum

323 1085 435 1166 qui
457 1107 617 1152 nunc
675 1103 908 1156 exstant
965 1093 1253 1156 virorum.
1312 1090 1604 1154 Amisiani
1631 1097 1832 1150 autem
1861 1087 1976 1149 alia

324 1174 497 1237 nobis
539 1181 878 1243 narrabant.
921 1181 1210 1246 Caeterum
1272 1179 1612 1242 invenimus
1678 1177 1978 1258 quomodo

325 1263 442 1326 duo
465 1265 677 1330 fratres
707 1271 906 1350 partiti
929 1271 1048 1333 sint
1069 1271 1274 1333 orbem
1305 1273 1678 1342 universum,
1709 1275 1765 1328 et
1804 1269 1979 1330 Petro

326 1353 567 1432 quidem
599 1356 879 1437 obtigerit
909 1369 968 1420 ut
997 1359 1399 1423 occidentales
1445 1357 1642 1440 plagas
1673 1356 1981 1418 illumina—

327 1449 440 1517 ret,
475 1442 732 1508 Andrem
761 1456 957 1509 autem
989 1450 1336 1513 orientales.

3594 556 3620 578 ﬂ

2059 563 2234 618 εἰκόνα
2286 567 2380 618 τοῦ
2426 560 2724 621 ἀποστόλου
2779 563 2917 622 πάνυ
2979 563 3288 639 θαυμαστὴν
3345 561 3528 631 οὖσαν,
3585 560 3708 624 ἥτις

2059 649 2332 728 περιόντος
2382 648 2539 705 αὒτοῦ
2595 649 2798 731 ἐγράφη
2834 666 2848 682 ⁸
2906 651 2994 707 καὶ
3045 651 3111 706 τὰ
3155 663 3384 729 σημεῖα,
3440 649 3473 704 ἃ
3531 645 3712 711 ἐποίη-

2061 759 2168 810 σεν,
2203 738 2292 793 καὶ
2321 737 2422 804 τὴν
2473 736 2734 819 φυλακὴν,
2796 739 2862 806 ἦν
2917 737 3122 807 ἤνοιξεν
3177 742 3205 796 6
3259 735 3504 818 Ἀνδρέας
3549 733 3711 792 αὖτο-

2063 827 2270 906 μάτως,
2348 828 2638 907 σφραγίσας
2714 828 2880 896 αὒτὴν
2937 830 3025 885 καὶ
3083 827 3356 907 ἐξαγαγὼν
3406 828 3498 883 τὸν
3555 831 3710 880 Ματ-

2055 916 2166 972 θίαν
2225 917 2312 972 καὶ
2367 917 2488 980 τοὺς
2546 913 2944 993 συνδεδεμένους
3011 917 3305 994 μέλλοντας
3361 916 3446 972 ἐπὶ
3500 915 3560 970 τὸ
3619 911 3714 968 αῦ-

2059 1025 2166 1082 ριον
2232 1003 2581 1075 ἀποθνήσκειν
2615 1024 2632 1042 ο
2717 1007 2805 1062 καὶ
2887 1006 2980 1069 τὰς
3064 1013 3248 1078 συκᾶς,
3337 1003 3470 1061 ὅπου
3525 1000 3713 1063 αὐτοὺς

2059 1090 2282 1171 ἔκρυψεν
2315 1109 2328 1124 ⁸
2389 1095 2476 1150 καὶ
2531 1094 2628 1160 τὴν
2685 1091 2880 1175 ὄχθην,
2947 1094 3079 1152 ὅπου
3134 1095 3322 1158 αὐτοὺς
3380 1090 3658 1152 ἐϐάπτισεν
3689 1103 3703 1116 ⁸

2059 1182 2194 1249 ἦσαν
2251 1179 2304 1238 δὲ
2379 1185 2554 1263 φασὶν,
2652 1186 2697 1240 οἱ
2779 1185 2973 1248 πάντες
3061 1183 3322 1240 δεκαεπτά
3355 1199 3368 1214 ·
3453 1182 3543 1239 καὶ
3597 1199 3718 1258 περι

2060 1277 2166 1327 τῶν
2223 1271 2356 1328 ἑπτὰ
2411 1269 2884 1353 δαιμονιζομένων,
2947 1273 3064 1337 πῶς
3133 1275 3352 1340 ίάθησαν
3387 1289 3403 1304 ⁶
3461 1272 3550 1326 καὶ
3601 1268 3722 1347 περὶ

2060 1366 2153 1416 τοῦ
2209 1360 2389 1440 ἀγρίου
2451 1359 2606 1428 ἤθους
2688 1366 2796 1418 τῶν
2875 1362 3018 1442 τότε,
3107 1361 3308 1438 μᾶλλον
3378 1358 3434 1416 δὲ
3487 1359 3578 1416 καὶ
3630 1363 3720 1414 νῦν

2063 1448 2372 1527 ἀνθρώπων.
2429 1447 2727 1526 Ἀμισιανοὶ
2799 1447 2854 1506 δέ
2941 1451 3093 1530 ἕτερα
3169 1453 3306 1527 ἡμῖν
3379 1447 3662 1526 ἐξηγοῦντο
3697 1465 3713 1482 ·

327 1537 524 1589 Λοιπὸν
565 1535 805 1616 εὕρομεν,
839 1541 912 1602 ὡς
943 1543 989 1595 οἱ
1022 1537 1108 1596 δύο
1134 1537 1345 1620 ἀδελφοὶ
1375 1537 1680 1617 ἐμερίσαντο
1717 1537 1808 1592 τὸν
1837 1535 2036 1612 κόσμον
2093 1535 2216 1594 ὅλον
2251 1553 2264 1568 ⁸
2312 1539 2402 1596 καὶ
2457 1541 2546 1596 τὸν
2603 1540 2700 1615 μὲν
2755 1538 2950 1621 Πέτρον
3015 1539 3256 1620 λαχόντα
3283 1545 3382 1606 τῆς
3415 1539 3622 1600 Δύσεως
3651 1535 3719 1592 τὰ

327 1619 560 1696 κλίματα
584 1628 828 1706 φωτίσαι,
863 1630 952 1686 τὸν
983 1627 1038 1684 δὲ
1071 1619 1315 1708 Ἀνδρέαν
1345 1633 1443 1694 τῆς
1491 1625 1788 1692 Ανατολῆς.

411 1708 727 1792 Postquam
760 1715 938 1795 igitur
965 1715 1038 1777 ab
1070 1715 1326 1778 invicem
1360 1713 1642 1793 disjuncti
1665 1720 1823 1787 sunt,
1860 1711 2004 1778 Διὶ-ξ

2146 1717 2292 1774 Μετὰ
2320 1717 2410 1774 οῦν
2454 1719 2516 1775 τὸ
2571 1715 3002 1798 διαχωρισθῖλναι
3042 1719 3223 1782 cit-3:06:
3283 1717 3376 1774 ἀπ’
3408 1714 3658 1786 ἀλλήλων
3687 1715 3716 1770 6

331 1796 786 1884 dreasaSinope
801 1805 1118 1867 discedens
1137 1824 1271 1866 cum
1303 1804 1614 1885 discipulis
1637 1809 1696 1864 et
1723 1803 1985 1874 Matthia,

329 1887 1098 1966 venitAmisum,rivitatem
1124 1888 1990 1970 maritimam,etdivertitapud

334 1975 734 2043 Domitianum
749 1983 1064 2062 quemdam
1079 1981 1379 2046 Judaium.
1399 1983 1468 2042 Et
1483 1981 1736 2044 Sahbato
1756 1980 1991 2058 ingres-

337 2082 439 2125 sus
463 2075 552 2126 est
567 2086 943 2150 synagogam.
971 2071 1305 2132 Viriautem
1329 2071 1445 2132 loci
1470 2071 1648 2149 hujus
1673 2068 1808 2129 boni
1829 2073 1995 2129 erant

340 2160 399 2214 et
447 2156 694 2234 optimi;
731 2160 895 2220 locus
925 2170 1122 2223 autem
1171 2161 1231 2221 in
1291 2152 1536 2221 veritate
1565 2157 1816 2237 Amysus
1852 2156 1994 2236 (non

338 2241 629 2326 odiosus),
663 2245 824 2310 ferax
855 2249 1164 2317 olivarum,
1229 2257 1287 2310 et
1348 2247 1543 2310 omnis
1597 2249 1833 2326 generis
1863 2245 1994 2304 fru-

345 2339 568 2396 ctuum.
591 2334 888 2398 Andream
911 2347 1107 2400 autem
1128 2339 1464 2416 ingressum
1489 2353 1842 2416 synagogam
1863 2351 1996 2394 cum

346 2419 677 2502 discipulis,
711 2425 1226 2504 interrogaverunt
1284 2425 1448 2488 unde
1505 2433 1727 2502 essent,
1785 2421 2000 2504 etquis

345 2525 566 2574 sermo.
599 2511 710 2585 Qui
770 2515 885 2578 ait:
945 2518 1086 2578 Jesu
1149 2515 1376 2578 Galilaei
1435 2513 1714 2594 discipuli
1745 2529 1994 2572 sumus:

341 2597 588 2661 audistis
621 2601 792 2682 plane
825 2605 1068 2666 verbum
1102 2606 1256 2685 quod
1281 2622 1586 2682 egressum
1613 2611 1702 2664 est
1721 2601 1794 2662 ab
1817 2602 1996 2664 Jeru-

341 2686 824 2754 salem.Aderant
839 2694 1300 2757 autemHerodia
1312 2692 1460 2767 ni,et
1480 2692 1694 2752 dixeru
1705 2689 1824 2752 nt:J
1831 2707 1998 2751 esum

343 2777 584 2856 quidem
601 2781 958 2860 audivimus;
978 2784 1082 2844 sed
1101 2782 1400 2845 Herodem
1420 2779 1676 2842 dicimus
1701 2778 2001 2842 Christum

345 2884 498 2944 esse,
531 2870 634 2948 qui
665 2870 932 2952 deposito
966 2873 1252 2953 Hyrcaeo,
1310 2871 1723 2933 sacerdotium
1743 2865 2004 2947 suscepit

347 2962 407 3016 et
433 2955 734 3035 diadema,
756 2960 934 3040 qui‘et
952 2962 1217 3042 trophaea
1242 2963 1422 3022 multa
1445 2959 1652 3022 erexit.
1674 2957 2006 3038 Respondit

345 3046 616 3108 Andreas
644 3068 658 3107 :
683 3047 952 3112 Herodes
968 3049 1304 3129 alienigena
1324 3049 1630 3112 eratﬁlius
1653 3045 2000 3127 Antipatris,

346 3138 506 3198 servi
533 3139 861 3201 sacerdotis
915 3141 1320 3217 Ascalonitze;
1382 3138 1654 3202 Herodes
1705 3135 2007 3198 homicida

349 3235 502 3302 erat,
536 3245 858 3308 puerorum
891 3229 1262 3304 interfector,
1317 3237 1374 3291 et
1438 3229 1501 3290 in
1535 3226 1818 3289 mulieres
1851 3226 2006 3287 insa-

353 3315 548 3378 niens.
577 3315 707 3379 Non
728 3317 1155 3397 eratJudaaus;
1198 3318 1273 3380 de
1301 3317 1458 3380 tribu
1507 3317 1658 3380 Juda
1687 3317 2010 3395 loquunlur

352 3406 678 3486 prophetae.
737 3409 1205 3488 Responderunt
1259 3409 1359 3471 alii
1421 3415 1480 3469 et
1538 3406 1822 3468 dixerunt
1867 3403 2008 3484 quia

348 3493 643 3557 Joannem
677 3515 749 3558 ex
779 3497 937 3560 tribu
966 3497 1118 3560 Juda
1147 3507 1205 3560 et
1252 3496 1550 3560 Zachariae
1579 3493 1902 3558 sacerdotis
1933 3493 2009 3554 ti-

255 3631 264 3639 .
352 3583 468 3646 lius
491 3593 672 3650 esset.
698 3585 767 3648 Et
787 3587 1186 3650 aitAndreas:
1211 3585 1688 3663 Fratres,audite
1735 3602 1854 3645 me.
1887 3586 2008 3660 Ego

349 3671 594 3736 Joannis
621 3673 848 3756 primus
877 3676 1208 3757 discipulus
1255 3675 1450 3738 exstiti
1484 3699 1500 3748 ;
1563 3692 1670 3752 ego
1719 3691 1754 3735 a
1783 3673 2012 3735 Joanne

355 3762 612 3842 primum
669 3765 914 3826 edoctus
972 3783 1102 3826 sum
1161 3784 1298 3827 cum
1357 3764 1520 3827 aliis.
1582 3762 1654 3824 Et
1682 3761 2012 3842 praedicans

355 3851 614 3912 Joannes
645 3851 1007 3932 baptismum
1065 3853 1448 3934 poenitentiae,
1500 3851 1875 3914 viditJesum
1907 3867 2010 3912 ve-

356 3939 626 4000 nientem
655 3939 728 4000 ad
760 3958 850 4012 se,
911 3948 972 4002 et
1028 3941 1211 4020 digito
1272 3940 1546 4002 indicans
1601 3939 1771 4001 illum
1831 3937 1913 3999 ait
1939 3938 2016 4000 de

355 4027 384 4090 J
393 4046 497 4090 esu
524 4045 538 4090 :
563 4029 718 4092 Ecce
739 4031 945 4108 Agnus
977 4029 1093 4093 Dei
1113 4033 1219 4111 qui
1242 4031 1400 4094 tollit
1427 4027 2014 4110 peccatummundi‘.

357 4115 432 4178 Et
451 4116 598 4178 dixit
621 4117 691 4178 ad
715 4119 948 4182 Iesum:
983 4118 1120 4198 Ego
1141 4119 1320 4183 debeo
1347 4138 1385 4182 ιι
1407 4127 1460 4182 te
1481 4118 1804 4198 baptizari,
1860 4123 1918 4179 et
1951 4125 2020 4178 tu

361 4208 535 4268 venis
565 4207 646 4268 ad
675 4225 768 4268 me
793 4207 864 4268 2?
889 4207 959 4269 Et
989 4208 1333 4271 testificatus
1347 4207 1704 4272 estJoannes
1720 4207 1796 4268 de
1826 4207 1962 4269 Jesu
1997 4225 2011 4271 :

366 4293 524 4370 Quia
535 4295 664 4358 vidi
685 4296 986 4376 Spiritum
1006 4298 1458 4362 descendentem
1475 4303 1533 4360 et
1552 4303 1815 4360 stantem
1836 4313 2018 4377 super

2074 1802 2318 1885 Ἀνδρέας
2372 1805 2477 1862 ἀπὸ
2534 1807 2784 1874 Σινώπης
2841 1807 3046 1887 ἀπάρας
3130 1808 3220 1862 σὺν
3276 1819 3393 1870 τοῖς
3453 1808 3719 1880 μαθηταῖς

2073 1897 2161 1951 καὶ
2216 1897 2418 1968 Ματθίᾳ
2468 1895 2624 1964 ἦλθεν
2703 1898 2774 1959 εἷς
2861 1895 3106 1972 Ἀμισὸν,
3169 1894 3324 1952 πόλιν
3380 1891 3728 1973 παραθαλασ-

2075 1985 2191 2040 σίαν
2223 2001 2238 2014 '
2301 1987 2387 2042 καὶ
2445 1985 2653 2052 εἰσῆλθε
2709 1987 2842 2064 πρὸς
2898 1986 3218 2062 Δομετιανόν
3272 2007 3388 2042 τινα
3446 1981 3728 2058 Ἰουδαζον.

2081 2073 2178 2129 Καὶ
2258 2079 2334 2147 τῷ
2417 2071 2675 2148 Σαῗῗάτιρ
2757 2072 2994 2141 εἰσῆλθεν
3047 2076 3119 2137 εἷς
3203 2074 3302 2140 τὴν
3385 2071 3724 2149 συναγωγήν.

2078 2162 2138 2215 Οἱ
2213 2158 2266 2216 δὲ
2347 2161 2578 2218 ἐντόπιοι
2656 2161 2916 2242 ἅνθρωποι
2999 2161 3150 2219 καλοὶ
3205 2163 3292 2218 καὶ
3377 2161 3562 2240 ἀγαθοί
3595 2178 3611 2192 ⁶
3699 2160 3728 2215 6

2077 2245 2132 2304 δὲ
2189 2249 2349 2313 τόπος
2409 2251 2544 2307 κατὰ
2599 2249 2846 2320 ἀλήθειαν
2902 2247 3112 2327 ἅμισος.
3183 2250 3478 2332 φυτοκόμος
3536 2247 3728 2304 ἐλαιῶν

2077 2340 2166 2396 καὶ
2221 2341 2484 2397 παντοίων
2540 2347 2777 2421 καρπῶν,
2837 2349 2940 2400 Τοῦ
2995 2339 3050 2398 δὲ
3109 2339 3350 2420 Ἀνδρέου
3395 2338 3730 2402 συνελθόντος

2081 2431 2172 2486 σὺν
2231 2441 2349 2492 τοῖς
2405 2433 2672 2505 μαθηταῖς
2729 2432 2801 2494 εἰς
2885 2430 2979 2497 τὴν
3060 2430 3396 2508 συναγωγὴν,
3457 2426 3730 2508 διηρώτων

2083 2518 2239 2574 πόθεν
2269 2519 2356 2574 καὶ
2383 2519 2461 2581 τίς
2518 2521 2545 2575 6
2599 2517 2758 2596 λόγος
2817 2519 3009 2580 αὐτῶν.
3071 2509 3128 2577 Ὀ
3189 2517 3244 2574 δὲ
3291 2519 3450 2575 εἶπεν
3485 2533 3499 2548 ·
3553 2517 3732 2584 Ἰησοῦ

2078 2612 2170 2662 τοῦ
2215 2603 2494 2662 Γαλιλαίου
2581 2607 2810 2680 μαθηταί
2893 2605 3050 2682 ἐσμεν
3085 2650 3098 2665 .
3182 2605 3393 2670 πάντως
3467 2607 3530 2662 τὸ
3585 2605 3732 2682 ῥῆμα

2079 2695 2341 2751 ὗκούσατε
2421 2695 2484 2750 τὸ
2567 2692 2770 2758 ἐξελθὸν
2855 2694 2960 2752 ἀπὸ
3050 2685 3418 2774 Ἰερουσαλήμ.
3479 2699 3734 2774 Παρῆσαν

2082 2781 2136 2838 δὲ
2169 2775 2473 2862 Ἢρωδιανοὶ
2529 2784 2616 2838 καὶ
2670 2784 2828 2840 εἷπον
2862 2799 2875 2812 '
2937 2785 3038 2842 Τὸν
3097 2783 3192 2858 μὲν
3247 2780 3450 2850 Ἰησοῦν
3495 2783 3734 2850 ἠκούσα-

2085 2895 2204 2948 μεν,
2237 2875 2328 2929 τὸν
2385 2869 2440 2927 δὲ
2499 2863 2738 2950 Ἡρώδην
2794 2871 3020 2951 λέγομεν
3077 2873 3220 2929 εἶναι
3277 2873 3524 2950 Χριστὸν,
3561 2871 3618 2934 ὃς
3648 2871 3738 2926 τὸν

2107 2970 2334 3040 Υρκανον
2435 2959 2670 3017 καθελὼν
2770 2960 3038 3040 περιέθετο
3137 2960 3236 3027 τὴν
3336 2959 3733 3040 ἀρχιερωσύνην

2023 3051 2173 3138 Citati.
2200 3052 2262 3106 τὸ
2312 3047 2564 3125 διάδημα,
2618 3050 2676 3114 ὃς
2731 3051 2820 3107 καὶ
2875 3053 3102 3128 τρόπαια
3156 3047 3331 3106 πολλὰ
3384 3049 3734 3119 ἆνεστήσατο.

2087 3137 2371 3218 Ἀπεκρίθη
2455 3141 2484 3195 6
2567 3135 2810 3219 Ἀνδρέας
2861 3157 2878 3174 ·
2971 3130 3211 3218 Ἡρώδης
3295 3136 3588 3218 ἀλλόφυλος
3671 3135 3736 3204 ἦν

2088 3229 2196 3308 υἱὸς
2289 3225 2655 3306 Ἀντιπάτρου,
2769 3225 2954 3286 δοῖλου
3034 3227 3211 3308 ἱερέως
3297 3225 3685 3286 Ἀσκαλωνίτου
3719 3241 3734 3257 ⁸

2093 3307 2331 3397 Ἡρώδης
2391 3317 2668 3397 μιαιφόνος
2751 3317 2839 3396 ἦν,
2929 3307 3269 3380 τεκνοκτόνος
3341 3317 3431 3374 καὶ
3485 3337 3740 3394 γυναικο-

2397 3408 2454 3431 9--
2512 3406 2572 3431 1',
2633 3403 2766 3431 91-..?

2092 3497 2250 3552 εἶπον
2304 3497 2350 3552 οἱ
2404 3499 2694 3575 προφῆται.
2757 3493 3130 3576 Ἀνεκρίθησαν
3187 3493 3355 3574 ἕτεροι
3411 3495 3500 3550 καὶ
3555 3494 3737 3568 εἷπον,

2091 3583 2173 3640 ὅτι
2231 3583 2480 3650 Ἰωάννης
2538 3581 2599 3639 ἐκ
2680 3581 2851 3664 φυλῆς
2930 3580 3120 3652 Ἰούδα,
3201 3584 3288 3640 καὶ
3366 3585 3394 3639 6
3447 3581 3741 3663 ἀρχιερέως

2095 3675 2356 3754 Ζαχαρίου
2410 3673 2541 3737 υἱός.
2604 3676 2704 3732 Καὶ
2760 3675 2912 3732 εἶπεν
2973 3678 3000 3732 ὁ
3087 3671 3331 3754 Ἀνδρέας
3367 3693 3381 3708 '
3471 3671 3736 3752 ’Δδελφοὶ,

2092 3763 2351 3820 ἀκούσατέ
2409 3784 2532 3839 μου.
2622 3763 2764 3840 Ἐγὼ
2853 3760 3099 3822 Ἰωάννου
3178 3763 3421 3838 μαθητὴς
3474 3765 3684 3842 πρῶτος
3723 3779 3737 3793 ⁵

2095 3850 2203 3930 ἐγὼ
2257 3851 2502 3908 Ἰωάννου
2557 3857 2766 3931 πρῶτον
2847 3851 3212 3928 ἆμαθητεύθην
3283 3851 3418 3927 μετὰ
3471 3851 3560 3908 καὶ
3618 3849 3739 3906 ἐτέ-

2097 3963 2223 4021 ρων.
2259 3941 2359 3998 Καὶ
2408 3941 2686 4020 κηρύσσων
2741 3943 2770 3996 6
2819 3939 3071 4009 Ἰωάννης
3126 3943 3401 4018 βάπτισμα
3465 3941 3742 4016 μετανοίας

2099 4029 2242 4088 εἶδεν
2269 4033 2360 4089 τὸν
2412 4031 2616 4098 Ἰησοῦν
2672 4031 2967 4112 ἐρχόμενον
3023 4035 3155 4114 πρὸς
3213 4034 3391 4114 αῦτὸν,
3450 4033 3536 4089 καὶ
3565 4029 3750 4088 δακτυ-

2098 4118 2382 4178 λοδεικτῶν
2414 4121 2570 4178 εἶπεν
2601 4103 2837 4201 περὶτοῦ
2893 4103 3078 4189 Ἰησοῦ
3101 4141 3118 4158 ⁸
3183 4145 3214 4178 α
3271 4103 3384 4180 Ἴδε
3403 4123 3430 4178 6
3457 4120 3624 4196 ἀμνὸς
3655 4129 3748 4178 τοῦ

2100 4217 2230 4266 Θεοῦ
2259 4211 2288 4266 6
2316 4207 2483 4289 αἴρων
2531 4211 2630 4277 τὴν
2687 4211 2943 4288 ἁμαρτίαν
2999 4217 3091 4268 τοῦ
3147 4211 3372 4287 κόσμου,
3435 4233 3463 4264 n
3531 4209 3629 4267 Καὶ
3657 4208 3750 4265 εῖ-

2097 4320 2192 4355 πεν
2224 4305 2301 4373 τῷ
2331 4297 2508 4365 Ἰησοῦ
2543 4315 2557 4330 ⁹
2599 4322 2626 4354 α
2663 4299 2806 4378 Ἐγὼ
2857 4301 3040 4380 χρείαν
3099 4296 3215 4380 ’έχω
3272 4301 3371 4356 ὑπὸ
3429 4305 3521 4354 σοῦ
3548 4299 3744 4374 βαπτι-

361 4401 533 4461 eum;
563 4401 670 4464 ego
699 4385 944 4464 quidem
973 4387 1306 4449 nesciebam
1335 4405 1474 4450 eum
1504 4409 1520 4460 ;
1562 4389 1666 4449 sed
1699 4385 1810 4466 qui
1851 4388 2004 4448 misit

2098 4391 2309 4467 σθῆναι,
2342 4389 2521 4444 καὶσὺ
2577 4385 2714 4468 ἔρχῃ
2773 4391 2903 4468 πρὸς
2961 4388 3105 4470 ἐμέ;
3173 4411 3200 4444 ν
3263 4389 3361 4446 Καὶ
3388 4387 3747 4466 ἐμαρτύρησεν

363 4490 458 4536 me
489 4471 807 4554 baptizare
834 4475 934 4538 hic
965 4474 1116 4538 mihi
1143 4475 1324 4539 dixit.
1357 4479 1559 4558 Super
1585 4493 1757 4555 quem
1783 4475 2004 4537 videris

2095 4478 2123 4532 6
2155 4475 2402 4543 Ἰωάννης
2434 4477 2552 4554 περὶ
2580 4485 2671 4534 τοῦ
2717 4477 2914 4553 Ἰησοῦ,
2971 4476 3052 4534 ὅτι
3119 4500 3144 4533 α
3205 4476 3466 4552 Τεθέαμαι
3497 4477 3558 4533 τὸ
3590 4475 3748 4532 Πνεῦ-

363 4561 665 4642 Spiritum
685 4561 802 4626 Dei
821 4563 1270 4627 descendentem
1291 4569 1444 4628 sicut
1466 4563 1802 4628 columbam
1815 4571 1873 4626 et
1887 4581 2012 4625 ma-

365 4657 600 4713 nentem
634 4669 820 4732 super
853 4669 1013 4728 eum,
1063 4653 1160 4716 hic
1184 4661 1268 4718 est
1288 4653 1492 4716 Filius
1517 4653 1631 4716 Dei
1644 4653 1838 4716 vivi-3.
1873 4649 2013 4714 Haec

368 4739 625 4802 audiens
645 4758 754 4819 ego
775 4739 1360 4819 AndreasaJoanne,
1385 4743 1730 4822 relinquens
1749 4759 1886 4803 eum
1910 4759 2011 4802 se-

367 4835 538 4890 cutus
593 4847 723 4890 sum
771 4828 976 4892 Jesum
1029 4831 1201 4892 annis
1253 4832 1470 4894 tribus.
1523 4832 1600 4894 Et
1648 4829 1780 4910 plus
1837 4846 2012 4911 quam

369 4916 640 5000 prodigia
670 4919 1089 4998 Moysiscoram
1114 4919 1286 4982 nobis
1315 4919 1659 4983 fecitlesus.
1684 4921 1759 4983 Et
1789 4929 1918 5000 post
1945 4935 2020 4982 ea

369 5024 502 5088 quae
531 5005 860 5087 prescripta
890 5015 1060 5070 erant
1079 5026 1112 5069 a
1133 5008 1436 5089 prophetis
1457 5008 1531 5070 de
1555 5026 1648 5088 eo,
1677 5008 2018 5070 sacerdotes

369 5096 506 5157 odio
538 5094 825 5157 habentes
855 5114 990 5158 eum
1025 5098 1397 5159 tradiderunt
1437 5096 1622 5160 Pilato
1645 5097 1882 5179 praesidi
1909 5097 2016 5160 Ju-

371 5184 520 5257 deae,
557 5191 616 5244 et
646 5185 1070 5246 crucifixerunt
1099 5205 1276 5263 eum;
1319 5187 1508 5250 Pilato
1550 5187 1777 5249 lavante
1811 5205 2018 5248 manus

372 5271 542 5353 quasi
564 5271 913 5336 innocente.
973 5275 1044 5338 Et
1091 5276 1360 5358 deposito
1421 5295 1492 5337 eo
1539 5276 1602 5338 in
1635 5283 2018 5338 monumento

373 5379 548 5434 novo,
577 5361 752 5422 tertia
773 5362 870 5424 die
889 5372 1026 5426 ante
1048 5383 1320 5426 auroram
1351 5365 1628 5442 surrexit,
1665 5371 1725 5426 et
1755 5382 1861 5446 per
1890 5363 2019 5426 dies

375 5449 767 5530 quadraginta
821 5452 980 5516 visus
1035 5462 1126 5516 est
1181 5455 1375 5532 nobis,
1433 5462 1492 5517 et
1532 5453 1712 5535 jussit
1756 5452 1928 5516 nobis
1956 5460 2021 5515 ut

2096 4587 2170 4640 μα
2222 4562 2546 4622 καταϐαῖνον
2601 4567 2690 4622 καὶ
2772 4565 2930 4642 μένον
3002 4565 3086 4622 ἐπ’
3171 4565 3326 4622 αὐτόν
3371 4583 3388 4600 ⁸
3447 4563 3598 4642 κάγὼ
3653 4565 3747 4620 οὒκ

2096 4651 2240 4730 ᾔδειν
2294 4653 2449 4710 αὐτόν
2489 4673 2501 4686 ³
2563 4653 2684 4712 ἀλλ’
2745 4657 2774 4712 6
2810 4655 3051 4733 ’πέμψας
3125 4675 3192 4730 με
3243 4654 3532 4732 βαπτίζειν,
3595 4652 3746 4709 ἐκεῖ·

2095 4743 2183 4806 νός
2235 4765 2327 4818 μοι
2385 4743 2537 4800 εἶπεν
2574 4761 2587 4776 ⁸
2678 4741 2795 4824 Ἐφ’
2853 4745 2908 4800 ὃν
2966 4742 3027 4800 ἂν
3084 4741 3208 4820 ἴδῃς
3263 4745 3324 4798 τὸ
3383 4748 3596 4816 Πνεῦμα
3651 4746 3742 4797 τοῦ

2098 4839 2228 4890 Θεοῦ
2307 4829 2630 4889 καταϐαῖνον
2713 4834 2840 4890 ὡσεὶ
2912 4833 3222 4912 περιστερὰν
3303 4833 3390 4886 καὶ
3453 4829 3610 4906 μένον
3665 4825 3751 4886 ἐπ’

2098 4923 2278 5002 αὐτὸν,
2337 4920 2486 4984 οῦτός
2543 4919 2684 4979 ἐστιν
2743 4925 2771 4979 6
2829 4923 2948 4985 Υἱὸς
2987 4929 3080 4979 τοῦ
3139 4927 3271 4978 Θεοῦ
3321 4927 3414 4976 τοῦ
3461 4924 3680 4990 ζῶντος.
3717 4939 3744 4978 ι

2098 5017 2273 5068 Ταῦτα
2327 5009 2553 5073 ἀκούσας
2611 5008 2720 5088 ἐγὼ
2773 5007 3017 5090 Ἀνδρέας
3071 5010 3215 5090 παρὰ
3271 5005 3537 5087 Ἰωάννου,
3590 5028 3752 5064 κατα-

2099 5097 2270 5155 λιπὼν
2325 5096 2483 5154 αῦτὸν
2535 5097 2870 5166 ἠκολούθησα
2930 5105 3006 5174 τῷ
3061 5097 3240 5165 Ἰησοῦ
3293 5095 3388 5164 ἕτη
3446 5101 3586 5176 τρία.
3651 5097 3750 5155 Καὶ

2100 5189 2228 5267 ὑπὲρ
2284 5187 2349 5242 τὰ
2399 5189 2636 5264 θαύματα
2697 5188 2930 5252 Μωσέως
3007 5189 3234 5244 ἐνώπιον
3300 5188 3452 5262 ἡμῶν
3505 5184 3751 5252 ἐποίησεν

2101 5279 2130 5332 6
2210 5276 2437 5344 Ἰησοῦς.
2497 5277 2644 5334 Μετὰ
2698 5274 2753 5333 δὲ
2836 5279 2901 5334 τὰ
2988 5275 3433 5357 προγεγραμμένα
3488 5276 3590 5332 ὑπὸ
3644 5280 3752 5331 τῶν

2099 5372 2386 5446 προφητῶν
2444 5367 2562 5443 περὶ
2615 5367 2772 5422 αὑτοῦ
2827 5369 2874 5423 οἱ
2927 5367 3200 5448 ἀρχιερεῖς
3258 5365 3610 5444 φθονήσαντες
3662 5363 3752 5419 αῦ-

2099 5457 2191 5512 τὸν
2251 5451 2557 5532 παρέδωκαν
2618 5453 2850 5531 Πιλάτω,
2933 5460 3012 5531 τῷ
3067 5453 3292 5540 ᾐγεμόνι
3352 5458 3451 5520 τῆς
3501 5449 3753 5518 Ἰουδαίας

458 5618 503 5676 t'
531 5615 700 5698 Joan.
737 5636 779 5698 ι,
811 5621 912 5686 99.
997 5621 1026 5666 9
1051 5625 1259 5699 Matth.
1291 5641 1381 5702 ut,
1416 5623 1516 5688 14.
1599 5625 1632 5676 δ
1655 5622 1827 5689 Joan.
1862 5639 1905 5702 ι,
1939 5622 2040 5706 32,
2070 5621 2169 5687 33.
