4154 6434
430 461 547 528 227

1732 461 2104 527 EPIPHANI
2154 460 2504 526 MONACHI

3700 444 3822 514 228

438 589 740 669 paululum
801 596 997 651 autem
1060 587 1409 665 inclinatus,
1470 593 1739 664 nasutus,
1774 590 2083 671 supercilia

2172 593 2307 651 ἀλλὰ
2390 597 2477 653 καὶ
2547 594 2737 674 μέγας,
2805 596 2992 676 μικρὸν
3062 593 3118 650 δὲ
3196 591 3458 673 κεκυφὼς,
3540 588 3816 670 ἒπίῤῥινος,

443 678 669 741 habens
702 696 932 755 magna.
966 677 1035 739 Et
1065 677 1144 739 ait
1179 695 1192 739 :
1256 678 1575 757 Segregate
1630 685 1872 739 vexatos
1901 697 1933 739 a
1964 678 2090 740 dae—

442 768 724 829 monibus
754 770 815 828 in
846 786 1027 829 unam
1089 773 1340 847 partem.
1398 764 1524 838 Quo
1582 765 1735 827 facto
1767 768 2089 829 tumultua-

437 855 652 918 bantur
682 857 985 918 dazmones
1019 877 1035 938 ;
1069 854 1341 917 Andreas
1370 862 1561 916 autem
1596 873 1919 917 conversus
1948 856 2094 918 dixit

442 946 570 1009 eis:
607 944 1035 1020 Obmutescite,
1091 952 1149 1006 et
1200 943 1512 1006 confestim
1570 951 1880 1008 steterunt.
1912 944 1983 1008 Et
2012 947 2092 1007 ait

440 1035 703 1115 populis:
732 1034 844 1096 Pax
865 1033 1053 1111 vobis,
1083 1033 1328 1096 fratres:
1364 1032 1478 1114 ipsi
1500 1041 1692 1094 autem
1724 1056 1737 1097 :
1767 1033 1837 1095 Et
1869 1043 2083 1096 tecum.

439 1123 513 1185 Et
548 1124 763 1185 leniter
790 1123 967 1204 ccepi:
995 1124 1197 1185 dicere
1232 1141 1245 1184 :
1301 1120 1363 1185 Si
1412 1123 1784 1185 recesseritis
1812 1123 1885 1186 ab
1918 1124 2093 1187 idolis

436 1213 647 1274 vestris
675 1221 731 1273 et
760 1212 1174 1273 abominandis
1233 1211 1516 1273 conviviis
1575 1220 1635 1273 et
1663 1212 1898 1292 injustis
1940 1212 2090 1274 acti-

439 1300 550 1363 bus
576 1301 808 1377 vestris,
841 1300 1222 1363 credideritis
1268 1307 1466 1362 autem
1520 1307 1581 1362 in
1631 1310 1955 1363 creatorem
1988 1321 2091 1362 ve-

439 1401 625 1453 strum
656 1390 870 1467 Deum,
906 1400 964 1453 et
994 1409 1028 1451 a
1083 1388 1309 1451 morbis
1343 1389 1640 1452 immunes
1674 1390 1863 1467 eritis,
1899 1403 1958 1453 et
1989 1391 2083 1453 fu-

438 1480 598 1559 gient
631 1498 664 1540 a
693 1480 858 1541 vobis
889 1480 1192 1541 daemones
1220 1500 1234 1554 ;
1269 1487 1325 1540 et
1356 1479 1402 1540 si
1435 1499 1585 1560 aqua
1614 1481 1802 1542 sancti
1832 1480 2088 1561 Spiritus

438 1569 744 1631 ablueritis
802 1578 1061 1630 veterem
1125 1577 1375 1630 vestram
1434 1570 1886 1649 turpitudinem,
1921 1569 2087 1631 eritis

439 1660 760 1741 participes
790 1658 1118 1741 cmlestium
1152 1658 1520 1737 angelorum.
1554 1657 1691 1720 Haec
1722 1659 1930 1721 dicens
1958 1659 2087 1721 An-

436 1747 815 1828 tlrcasjussit
869 1746 1081 1809 adduci
1135 1748 1204 1808 ad
1260 1767 1325 1809 se
1386 1747 1613 1824 turbas,
1677 1755 1737 1810 et
1766 1748 2088 1828 unicuique

437 1856 679 1899 manum
713 1837 1029 1916 imponens
1059 1835 1291 1896 sanavit
1323 1845 1570 1897 cunctos
1605 1853 1622 1909 ;
1654 1836 1955 1899 daemones
1986 1856 2089 1898 au-

2174 685 2455 765 κάτοφρυς.
2533 686 2632 743 Καὶ
2688 685 2843 741 εἶπεν
2877 702 2890 717 ⁸
2950 681 3268 764 Ἀφορίσατε
3319 682 3441 745 τοὺς
3499 678 3821 755 δαιμονιῶν-

2173 796 2266 838 τας
2324 774 2409 830 ἐπὶ
2464 776 2518 831 ἓν
2577 773 2760 854 μέρος.
2824 776 2920 832 Καὶ
2976 775 3157 830 τούτου
3211 770 3496 851 γενομένω
3550 767 3823 848 ἐθορύϐουν

2174 867 2220 919 οἱ
2292 861 2535 939 δαίμονες
2571 887 2582 898 ·
2647 868 2675 921 6
2731 863 2784 920 δὲ
2841 861 3087 943 Ἀνδρέας
3144 861 3475 942 ἐπιστραφεὶς
3520 858 3664 938 λέγει
3721 857 3821 915 ἀύ-

2172 966 2290 1017 τοϊς
2325 974 2340 990 ·
2405 954 2690 1028 Φιμώθητε
2726 970 2739 983 ⁸
2801 955 2888 1009 καὶ
2950 951 3136 1017 εὐθέως
3193 951 3445 1019 ἔστησαν,
3518 951 3616 1007 Καὶ
3666 949 3821 1004 εἶπεν

2172 1042 2249 1116 τῷ
2291 1040 2405 1117 λαῷ
2450 1060 2464 1073 ⁸
2514 1044 2711 1121 Εἰρήνη
2770 1043 2920 1122 ὑμῖν,
2967 1038 3177 1121 ἀδελφοί
3223 1057 3237 1071 ⁸
3299 1043 3347 1098 οἱ
3384 1038 3438 1096 δέ
3472 1058 3485 1071 ⁸
3559 1039 3657 1096 Καὶ
3687 1038 3822 1114 μετὰ

2173 1142 2286 1191 σοῦ.
2364 1132 2463 1189 Καὶ
2528 1131 2740 1211 πραέως
2803 1130 2997 1210 ἤρξατο
3065 1128 3239 1209 λέγειν
3272 1146 3286 1161 ⁸
3369 1125 3496 1186 Ἐὰν
3551 1127 3821 1194 ἀποστῆτε

2173 1225 2277 1276 τῶν
2349 1217 2576 1275 εἰδώλων
2644 1221 2731 1275 καὶ
2799 1226 2903 1275 τῶν
2971 1226 3215 1298 μυσαρῶν
3270 1216 3491 1274 δείπνων
3561 1217 3648 1273 καὶ
3716 1221 3822 1272 τῶν

2174 1308 2466 1385 ἀθεμίστων
2535 1307 2641 1384 (14
2708 1307 2943 1388 πράξεων
3012 1309 3182 1383 ὑμῶν,
3271 1307 3586 1373 πιστεύσητε
3638 1304 3694 1361 δὲ
3746 1307 3820 1369 εἷς

2172 1398 2263 1454 τὸν
2319 1399 2615 1467 ποιήσαντα
2661 1399 2796 1474 ὑμᾶς
2843 1399 2994 1478 Θεὸν,
3057 1398 3143 1453 καὶ
3191 1402 3297 1452 τῶν
3353 1396 3519 1452 νόσων
3572 1393 3821 1452 ἀπαλλα-

2170 1486 2418 1565 γήσεσθε,
2454 1487 2540 1542 καὶ
2598 1490 2645 1543 οἳ
2716 1485 2956 1562 δαίμονες
3028 1483 3295 1566 φεύξονται
3353 1482 3443 1562 ἀφ’
3493 1486 3639 1560 ὑμῶν
3672 1501 3690 1518 ⁸
3733 1484 3821 1540 καὶ

2170 1572 2259 1629 ἐὰν
2323 1573 2443 1654 (15)
2489 1582 2566 1650 τῷ
2630 1573 2774 1632 ὕδατι
2869 1582 2962 1632 τοῦ
3030 1576 3167 1631 θείου
3225 1574 3529 1649 Πνεύματος
3590 1571 3821 1631 ἀπολού-

2169 1666 2330 1730 σησθε
2384 1666 2474 1721 τὸν
2521 1662 2748 1720 παλαιὸν
2808 1663 3079 1741 μολυσμὸν
3123 1665 3293 1739 ὑμῶν,
3351 1662 3684 1742 συμμέτοχοι
3716 1668 3820 1719 τῶν

2171 1752 2421 1831 οὐρανίων
2490 1752 2732 1831 ἀγγέλων
2793 1756 3098 1832 γενήσεσθε.
3170 1763 3344 1812 Ταῦτα
3401 1754 3562 1809 εἰπὼν
3612 1755 3640 1808 6
3699 1750 3823 1809 Ἀν-

2170 1838 2319 1920 δρέας
2392 1839 2631 1897 ἐκέλευσε
2688 1844 3040 1921 προσάγεσθαι
3098 1847 3239 1918 αὐτῷ
3294 1844 3416 1907 τοὺς
3468 1840 3665 1922 ὄχλους
3733 1841 3823 1897 καὶ

384 1932 555 2012 ittem
592 1908 967 1999 tormbeulo
1000 1936 1224 1986 tantum
1259 1908 1629 1987 comminans
1657 1926 1833 2005 ejecit
1867 1946 1882 2003 ;
1917 1934 1974 1988 et
2000 1927 2083 1988 le-

2173 1932 2328 1995 τιθεὶς
2375 1931 2582 2005 ἑκάστῳ
2655 1932 2753 1999 τὴν
2821 1946 2985 2012 χεῖρα
3038 1933 3239 1997 πάντας
3297 1933 3481 1993 ίάσατο
3515 1950 3530 1966 ⁸
3602 1934 3723 1996 τοὺς
3767 1929 3822 1986 δὲ

439 1944 555 1990 tem
592 1944 967 1999 meum
1000 1944 1224 1986 tantum
1259 1944 1629 1987 comminans
1657 1944 1833 2005 ejecn
1867 1946 1882 2003 ;
1917 1944 1974 1988 et
2000 1944 2083 1988 Ie-

416 1944 648 2121 ‘prosos
706 2034 859 2097 aqua
916 2014 1148 2092 tingens
1227 2033 1403 2076 sanos
1470 2014 1611 2075 fecit
1665 2024 1725 2077 et
1782 2016 2083 2095 puerulos.

2173 1944 2328 1995 τιυεῐς
2375 1944 2582 2005 ἑκάστῳ
2655 1944 2753 1999 τήν
2821 1946 2985 2012 χεῖρα
3038 1944 3239 1997 πάντας
3300 1944 3481 1993 ἰάσατο
3515 1950 3530 1966 ⁸
3602 1944 3723 1996 τοὺς
3767 1944 3821 1986 οε

2172 2016 2421 2093 δαίμονας
2491 2018 2742 2097 βλοσυμῴ
2795 2029 2872 2096 τῷ
2928 2020 3128 2097 ὄμματι
3184 2019 3601 2101 ἐμϐριμούμενος
3660 2021 3821 2096 μόνον

394 2096 410 2188 ’λ
426 2096 692 2188 ἶῖιειυιιοε
715 2096 914 2168 autem
941 2113 998 2167 et
1020 2104 1298 2183 gibbosos
1322 2112 1379 2165 et
1397 2103 1839 2185 paralyticos,et
1860 2104 2083 2166 debiles

2171 2105 2433 2188 ἐξέϐαλεν,
2502 2110 2624 2173 τοὺς
2692 2107 2747 2165 δὲ
2815 2108 3221 2186 λελωϐημένους
3305 2109 3449 2167 ὕδατι
3518 2110 3823 2167 ἆπονίπτων

404 2176 495 2347 \‘pt
524 2215 711 2258 caecos
742 2176 1342 2276 manibus'impositis
1386 2176 1592 2257 omnes
1620 2194 1694 2256 ab
1740 2176 2083 2274 aegritudine

462 2286 738 2347 iberavit.

2169 2198 2341 2276 ὑγιεῖς
2372 2197 2536 2254 ἐποίει
2568 2200 2641 2262 ὡς
2675 2196 2855 2255 παιδία
2886 2200 3070 2279 μικρά,
3106 2198 3323 2262 Χωλοὺς
3349 2197 3426 2274 δὲ,
3459 2200 3546 2255 καὶ
3574 2200 3817 2279 κυρτοὺς,

2166 2287 2255 2342 καὶ
2285 2284 2494 2347 ξηροὺς.
2555 2288 2642 2343 καὶ
2683 2286 2928 2347 κυλλοὺς.
2989 2289 3077 2344 καὶ
3135 2288 3437 2347 ἀναπήρους
3481 2289 3575 2347 τὰς
3627 2302 3817 2347 γεϊοας

462 2286 738 2349 iberavit.
2165 2287 2255 2342 καὶ
2285 2284 2494 2365 ξηροὺς,
2555 2288 2642 2343 καὶ
2683 2286 2928 2369 κυλλοὺς,
2989 2289 3077 2344 καὶ
3135 2288 3437 2367 ἀναπήρους
3481 2289 3575 2353 τὰς
3627 2302 3820 2369 χεῖρας

2164 2372 2356 2440 ἐπιθεὶς
2390 2376 2592 2439 πάντας
2621 2383 2729 2433 τῶν
2756 2381 2935 2434 παθῶν
2978 2376 3336 2448 ἀπήλλαττεν.

513 2462 796 2528 Videntes
822 2471 1017 2528 autem
1046 2464 1323 2526 homines
1364 2462 1663 2545 apostolos
1691 2461 1842 2525 fastu
1870 2482 2079 2525 careno

2244 2467 2304 2523 Οἱ
2390 2464 2444 2521 δὲ
2530 2464 2792 2546 ἄνθρωποι
2878 2470 3193 2547 θεωροῦντες
3279 2469 3402 2532 τοὺς
3491 2466 3817 2533 ἀποστόλους

433 2559 544 2628 tes,
581 2554 807 2637 absque
836 2554 968 2616 cibo
1000 2554 1303 2634 degentes,
1332 2553 1605 2633 pallidos,
1636 2553 1813 2614 nudis
1828 2552 2080 2633 pedibus

2166 2554 2407 2635 ἀτύφους,
2460 2555 2738 2637 ἀτρόφους,
2791 2558 3024 2637 ὠχροὺς,
3075 2556 3431 2627 ἀνυποδήτους
3504 2557 3637 2633 μετά
3692 2580 3815 2613 σαν-

430 2662 564 2706 cum
600 2644 881 2706 sandaliis
911 2642 1305 2717 ambulantes,
1341 2651 1397 2704 et
1434 2660 1551 2703 una
1582 2650 1806 2704 tantum
1842 2642 2078 2703 indutos

2166 2640 2375 2719 δαλίων,
2409 2645 2496 2700 καὶ
2553 2645 2712 2719 μόνον
2771 2649 3164 2727 μονοχίτωνας,
3219 2650 3306 2705 καὶ
3354 2649 3445 2704 τὸν
3472 2646 3816 2704 θεόπνευστον

430 2733 652 2814 tunica,
686 2743 743 2795 et
768 2733 1033 2793 divinum
1066 2731 1310 2793 verbum
1354 2731 1751 2807 etIundentes,
1785 2740 1843 2792 et
1872 2731 2077 2794 laudes

2166 2730 2318 2811 λόγον
2374 2734 2608 2810 ῥέοντας,
2670 2737 2757 2791 καὶ
2808 2736 2906 2803 τὴν
2962 2735 3188 2812 ὕμνησιν
3245 2745 3336 2794 τοῦ
3393 2746 3525 2797 Θεοῦ
3588 2737 3811 2817 ἑσπέρας

427 2820 551 2883 Deo
584 2821 817 2902 vesperi
851 2828 912 2884 et
938 2839 1114 2884 mane
1163 2828 1221 2881 et
1251 2820 1503 2881 meridie
1552 2820 1980 2900 persolventes,
2020 2828 2079 2881 et

2166 2823 2247 2877 καὶ
2304 2826 2450 2902 πρωὶ
2524 2825 2612 2879 καὶ
2670 2823 3000 2904 μεσημϐρίας
3071 2825 3535 2908 ἀποπληροῦντας,
3580 2830 3665 2885 καὶ
3715 2829 3809 2891 τὰς

430 2910 742 2973 sanitatem
775 2911 1091 2986 donantes,
1155 2908 1621 2984 admirabantur,
1659 2928 1771 2971 nec
1801 2908 2080 2997 volebant

2166 2912 2323 2975 ἰάσεις
2393 2909 2654 2993 διδόντας,
2708 2913 3114 2997 ἐξεπλήττοντο,
3173 2918 3259 2973 καὶ
3317 2917 3411 2975 οὒκ
3465 2917 3651 2986 ἤθελον
3720 2918 3815 2997 ἀφ-

427 3001 714 3063 recedere
744 2999 816 3061 ab
874 3000 984 3062 eis.
1042 3002 1155 3061 Per
1210 3000 1339 3061 dies
1396 3007 1594 3060 autem
1627 2996 2077 3088 apponebantur

2166 3002 2390 3057 ἵστασθαι
2448 3006 2639 3065 αὐτῶν,
2716 3002 2844 3062 Καθ’
2915 2996 3118 3085 ἡμέραν
3187 3004 3243 3062 δὲ
3298 3009 3662 3088 προσετίθεντο
3714 2996 3810 3063 πι-

433 3089 800 3152 credentium
838 3088 1085 3152 Domino
1118 3089 1305 3150 turba;
1334 3088 1593 3150 virorum
1628 3107 1697 3149 ao
1732 3087 2072 3150 mulierum.

2166 3091 2427 3154 statimne;
2496 3098 2574 3165 τῷ
2647 3093 2817 3173 Κυρίῳ
2876 3093 3056 3165 πλήθη
3114 3094 3313 3177 ἀνδρῶν
3345 3087 3425 3154 τε
3482 3100 3570 3154 καὶ
3626 3119 3809 3177 γυναι-

426 3178 499 3240 Et
519 3178 698 3258 jussit
727 3178 993 3243 Andreas
1023 3185 1088 3239 ut
1117 3177 1396 3259 discipuli
1449 3178 1734 3239 docerent
1763 3196 1864 3239 eos
1899 3197 1913 3258 ;
1948 3176 2076 3257 ipse

2166 3185 2291 3242 κῶν.
2368 3182 2466 3239 Καὶ
2537 3180 2808 3239 ἐκέλευσεν
2896 3187 2924 3241 6
3015 3176 3260 3266 Ἀνδρέας
3345 3200 3462 3252 τοῖς
3550 3176 3817 3263 μαθηταῖς

426 3239 625 3330 autem
686 3287 819 3331 cum
876 3268 1185 3349 discipulis
1242 3239 1473 3329 dluobus
1531 3266 1820 3330 circuibat
1847 3239 2075 3329 vicinos

2279 3239 2290 3242 _
2907 3239 2918 3241 -
3035 3239 3257 3266 "arm,
3359 3239 3460 3252 ---τ
3550 3239 3815 3263 raw"-..

2166 3284 2428 3350 κατηχεῖν
2462 3273 2644 3336 αὐτούς
2680 3288 2693 3301 ⁸
2757 3275 2918 3337 αὐτὸς
2975 3272 3030 3331 δὲ
3088 3276 3222 3351 μετὰ
3269 3275 3355 3333 δύο
3413 3280 3664 3352 μαθητῶν
3694 3274 3821 3356 (16)

429 3378 629 3439 pagos,
664 3358 724 3419 in
757 3358 1003 3438 gratiam
1038 3376 1245 3420 eorum
1278 3357 1379 3439 qui
1406 3357 1479 3419 ad
1505 3376 1570 3419 se
1592 3359 1793 3419 venire
1824 3376 1940 3417 non
1977 3375 2079 3435 po-

2166 3362 2485 3439 περιήρχετο
2530 3362 2624 3424 τὰς
2682 3361 2859 3437 κύκλῳ
2913 3364 3100 3439 κώμας
3157 3367 3288 3440 πρὸς
3345 3366 3465 3430 τοὺς
3522 3367 3598 3441 μὴ
3654 3362 3817 3421 δυνα-

426 3456 640 3510 terant.
673 3449 749 3512 Et
777 3467 912 3510 cum
942 3448 1285 3511 docuissent
1327 3465 1431 3508 eos
1463 3446 1677 3509 diebus
1708 3446 1927 3513 multis,
1970 3446 2072 3507 ba-

426 3538 794 3618 ptizaverunt
814 3537 1014 3599 turbas
1052 3537 1296 3613 multas;
1324 3537 1427 3599 sed
1456 3545 1515 3597 et
1546 3536 1880 3617 principum
1908 3534 2075 3596 multi

426 3627 813 3690 crediderunt
833 3635 891 3689 et
910 3626 1359 3708 baptizabantur
1382 3648 1395 3686 :
1425 3625 1593 3687 Tunc
1614 3625 1776 3687 enim
1809 3624 2072 3705 impera-

429 3726 589 3779 tores
618 3717 891 3779 Tiberius
922 3725 980 3777 et
1009 3715 1181 3779 Caius
1213 3725 1271 3777 et
1327 3715 1605 3779 Claudius
1637 3732 1755 3776 non
1788 3714 2075 3794 prohibe-

426 3805 601 3882 bant;
627 3805 730 3867 sed
752 3817 810 3867 et
830 3822 1256 3884 generosarum
1284 3803 1637 3864 feminarum
1662 3802 2071 3865 etJudazarum

427 3896 627 3956 multa:
650 3894 1055 3957 crediderunt.
1084 3895 1230 3957 Cum
1256 3893 1721 3974 baptizasseteos
1741 3892 1803 3953 in
1836 3893 2076 3954 nomine

426 3985 622 4049 Patris
652 3992 711 4046 et
740 3983 873 4047 Filii
900 3991 960 4045 et
1013 3984 1268 4063 Spiritus
1325 3982 1537 4055 sancti,
1573 3980 1868 4043 dedicavit
1896 3982 2077 4043 altare

426 4081 486 4135 et
513 4073 807 4154 templum
840 4072 1025 4134 beatae
1053 4072 1162 4134 Dei
1191 4070 1479 4135 Genitrici
1513 4087 1529 4145 ;
1590 4078 1647 4132 et
1676 4088 1864 4151 usque
1895 4070 2076 4132 hodie

429 4163 658 4224 cunctis
689 4171 779 4226 est
835 4161 1236 4224 manifestum.
1291 4159 1602 4224 Ordinavit
1656 4166 1851 4220 autem
1887 4178 1957 4221 ex
1990 4159 2076 4221 eis

426 4251 767 4313 sacerdotes
796 4260 856 4313 et
887 4250 1192 4314 diaconos.
1252 4248 1430 4311 Facta
1486 4256 1576 4309 est
1632 4256 1828 4310 autem
1876 4247 2078 4309 laetitia

2161 3448 2349 3525 μένους
2408 3447 2491 3506 ἐπ’
2552 3452 2709 3507 αὐτὸν
2761 3451 2957 3516 ἐλθεῖν,
3007 3456 3106 3512 Καὶ
3161 3456 3571 3535 κατηχήσαντες
3628 3454 3817 3519 αὐτοὺς

2157 3538 2358 3619 ἡμέρας
2415 3538 2620 3603 πολλὰς
2677 3538 2962 3600 έϐαπτισαν
3019 3542 3199 3614 πλήθη
3258 3543 3431 3601 πολλά
3468 3566 3483 3582 ⁸
3545 3542 3681 3601 ἀλλὰ
3726 3545 3818 3601 καὶ

2158 3627 2218 3684 ἐκ
2276 3633 2383 3684 τῶν
2423 3627 2697 3709 ἀρχοντῶν
2754 3629 2943 3689 πολλοὶ
2997 3631 3303 3691 ἐπίστευσαν
3359 3635 3448 3690 καὶ
3486 3631 3816 3705 ⁴ἐϐαπτίζον-

2158 3740 2218 3775 το
2252 3733 2266 3747 ⁸
2304 3721 2350 3774 οἱ
2381 3718 2480 3796 γὰρ
2530 3718 2650 3775 τότε
2705 3720 2970 3802 βασιλεῖς,
3032 3720 3289 3803 Τιϐέριος,
3348 3725 3437 3780 καὶ
3480 3724 3667 3798 Γάίος,
3726 3724 3816 3779 καὶ

2162 3805 2441 3886 Κλαύδιος,
2476 3807 2570 3865 οὒκ
2619 3808 2849 3868 ἐκώλυον
2885 3830 2898 3845 ⁸
2960 3810 3097 3867 ἀλλὰ
3153 3814 3242 3869 καὶ
3298 3811 3356 3868 ἐκ
3403 3819 3509 3869 τῶν
3538 3809 3815 3892 εὖγενίδων

2161 3903 2422 3973 γυναικῶν
2492 3898 2580 3953 καὶ
2637 3895 2896 3958 Ἰουδαίων
2952 3899 3146 3958 πολλαὶ
3203 3901 3531 3963 ἐπίστευσαν.
3608 3901 3814 3958 Βαπτί-

2162 4007 2259 4049 σας
2290 3985 2474 4051 αὐτοὺς
2532 3988 2605 4050 εἷς
2661 3989 2721 4044 τὸ
2773 3986 2941 4065 ὄνομα
3009 3998 3101 4047 τοῦ
3146 3992 3371 4070 Πατρὸς,
3427 3993 3516 4048 καὶ
3571 4001 3662 4051 τοῦ
3692 3995 3815 4050 Υἱοῦ

2158 4077 2246 4131 καὶ
2314 4086 2401 4133 to”
2485 4077 2497 4096 '
2549 4077 2563 4133 ί
2838 4080 2850 4101 '
3216 4080 3237 4115 λ

2375 4103 2406 4135 υ
2474 4098 2544 4155 αγ
2566 4099 2624 4133 ου
2719 4085 3024 4154 Πνευματος
3092 4084 3377 4160 καθιέρωσε
3443 4083 3814 4162 θυσιαστήριον

2158 4166 2246 4220 καὶ
2290 4166 2412 4221 ναὸν
2444 4170 2542 4233 τῆς
2596 4167 2747 4245 ἁγίας
2804 4169 3062 4226 Θεοτόκου
3094 4187 3108 4203 ⁸
3155 4171 3244 4226 καὶ
3300 4168 3401 4234 ἕως
3452 4172 3546 4239 τὴν
3580 4172 3812 4249 σήμερον

2156 4255 2313 4311 πᾶσίν
2357 4254 2468 4310 ἐστι
2497 4255 2718 4335 φανερόν
2751 4257 2890 4331 (17).
2954 4255 3363 4339 Ἐχειροτόνησε
3421 4256 3476 4315 δὲ
3533 4257 3584 4325 ἐξ
3640 4263 3814 4319 αὐτῶν

430 4358 643 4419 magna
671 4341 730 4402 in
763 4339 995 4402 civitate
1021 4340 1121 4401 illa
1154 4357 1170 4415 ;
1229 4337 1550 4420 participes
1582 4336 1741 4399 enim
1775 4337 1911 4398 illos
1938 4336 2076 4399 fecit

2166 4341 2532 4423 πρεσϐυτέρους
2588 4348 2676 4402 καὶ
2732 4336 3058 4412 διανόνουςξν
3088 4336 3331 4426 Ἐγένετο
3390 4348 3445 4405 δὲ
3503 4349 3648 4429 χαρὰ
3706 4370 3812 4426 με-

424 4429 758 4494 divinorum
790 4428 1012 4492 Christi
1043 4428 1483 4517 mysteriorum,
1519 4434 1577 4487 et
1625 4425 1869 4489 tradidit
1896 4426 2074 4487 litur-

2166 4432 2298 4512 γάλη
2349 4432 2403 4488 ἐν
2432 4440 2500 4511 τῇ
2548 4434 2699 4491 πόλει
2756 4435 2929 4515 ἐκείνῃ
2959 4456 2972 4471 ⁸
3037 4425 3300 4514 μετέδωκε
3357 4438 3456 4517 γὰρ
3505 4425 3686 4503 αλδ-τοϊς
3711 4425 3813 4495 τοῦ

422 4518 601 4599 giam,
635 4527 694 4581 et
721 4537 1008 4581 canonem
1042 4516 1409 4599 psalmodiaa,
1445 4522 1510 4577 ut
1537 4534 1785 4596 vespere
1814 4522 1872 4575 et
1902 4533 2076 4575 mane

2166 4528 2383 4601 Χριστοῦ
2452 4530 2557 4580 τῶν
2614 4525 2765 4580 θείων
2835 4534 3158 4607 μυστηρίων,
3230 4528 3318 4584 καὶ
3374 4516 3655 4608 παρέδωκε
3710 4528 3809 4596 τὴν

423 4619 949 4688 congregarentur,
985 4607 1058 4668 ad
1090 4606 1382 4669 orientem
1435 4623 1590 4698 genu
1637 4606 1979 4698 ﬂecterent,
2015 4612 2075 4667 et

2166 4613 2483 4692 λειτουργίαν
2512 4614 2600 4670 καὶ
2644 4615 2731 4671 τὸν
2788 4616 2984 4673 κανόνα
3037 4606 3150 4684 τῆς
3191 4606 3522 4694 ψαλμῳδίας,
3585 4617 3810 4698 ἑσπέρας

422 4697 509 4759 sic
539 4706 769 4760 stantes
799 4705 1066 4771 orarent,
1118 4695 1464 4777 psalterium
1513 4692 1766 4787 Dav_idis_
1782 4693 2073 4773 praecine-

2166 4702 2244 4757 καὶ
2314 4706 2459 4780 πρωϊ
2524 4703 2888 4784 συνέρχεσθαι,
2960 4708 3093 4762 κατὰ
3150 4705 3407 4772 ἀνατολὰς
3479 4706 3808 4787 γονυκλινεῖν

419 4796 575 4864 rent,
606 4798 667 4851 et
687 4795 930 4849 caeteros
954 4786 1291 4875 prophetas,
1339 4803 1458 4875 nec
1482 4781 1698 4875 fabulis
1728 4781 2073 4875 Graecorum

2166 4791 2245 4845 καὶ
2274 4789 2439 4854 οὕτως
2498 4781 2730 4856 ἑστῶτας
2782 4796 3191 4875 προσεύχεσθαι,
3252 4797 3313 4853 τὸ
3374 4781 3665 4875 ψαλτήριον
3715 4804 3809 4854 τοῦ

424 4876 823 4954 adhzererent,
858 4877 963 4939 sed
990 4874 1392 4967 ambularent
1442 4872 1505 4933 in
1558 4872 1708 4967 lege.
1752 4871 2077 4967 hioysis,_et

2166 4876 2379 4943 Δαϐίδος
2411 4879 2632 4955 ψάλλειν
2677 4884 2765 4967 καὶ
2807 4871 2928 4947 τοὺς
2984 4871 3203 4948 λοιποὺς
3259 4871 3566 4967 προφήτας,
3617 4888 3704 4943 καὶ
3730 4888 3809 4963 μὴ

419 4972 637 5056 statuta
675 4966 746 5056 ad
779 4965 1080 5056 apostolis
1110 4962 1498 5056 custodirent.
1553 4959 1651 5023 Sic
1680 4960 1949 5023 Andreas
1980 4960 2073 5056 fa-

2166 4982 2275 5032 :o‘tc
2305 4971 2480 5045 μύθοις
2510 4977 2614 5029 τῶν
2677 4963 2947 5043 Ἑλλήνων
3016 4959 3325 5055 προσέχειν,
3378 4959 3523 5031 ’ἀλλὰ
3546 4959 3807 5056 στοιχεῖ-

429 5053 595 5117 ciens
625 5063 682 5117 et
710 5055 934 5118 docens
963 5053 1179 5117 multas
1209 5052 1469 5116 civitates
1487 5058 1544 5113 et
1555 5068 1759 5131 pagos,
1780 5049 2079 5114 convertit

2166 5060 2274 5114 σθαι
2332 5066 2408 5133 τῷ
2451 5060 2597 5136 νόμῳ
2654 5061 2913 5137 Μωσέως,
2957 5049 3068 5120 καὶ·
3100 5049 3501 5143 ’τὰ-*κεκριμένα
3556 5049 3807 5124 ὒπδῖτῶν

422 5143 495 5206 ad
526 5143 844 5209 Christum.

2166 5145 2468 5234 ἀποστόλων
2500 5148 2797 5230 φυλάττειν.
2834 5150 3012 5217 Οὕτως
3055 5154 3084 5209 6
3142 5150 3388 5234 Ἀνδρέας
3436 5160 3604 5210 ποιῶν
3632 5176 3690 5212 τε
3720 5157 3807 5211 καὶ

2154 5232 2411 5295 διδάσκων
2469 5237 2673 5303 πολλὰς
2742 5238 2926 5305 πόλεις
2980 5243 3069 5300 καὶ
3119 5232 3305 5319 κώμας
3362 5245 3671 5324 προσήγαγε
3727 5251 3805 5321 τῷ

2154 5329 2388 5404 Χριστῷ.

496 5416 829 5482 Discedens
857 5426 1051 5484 autem
1081 5418 1156 5482 ab
1177 5414 2064 5499 Amyso,venitTrapezuntem,

2224 5411 2581 5505 ,Ἀπάραςξδὲ
2630 5417 2737 5475 ἀπὸ
2795 5416 3019 5496 Ἀμισοῦ
3072 5421 3229 5491 ἦλθεν
3283 5424 3356 5487 εἷς
3414 5429 3800 5505 Τραπεζοῦντα,

422 5506 717 5571 civitatem
746 5508 971 5573 Lazica:
999 5518 1203 5575 terrae.
1260 5509 1392 5573 Viri
1443 5514 1641 5572 autem
1697 5505 1788 5568 illi
1816 5505 1980 5570 stulti
2011 5512 2070 5568 et

2166 5502 2304 5563 πόλιν
2358 5510 2460 5573 τῆς
2517 5512 2773 5579 Λαζικῆς.
2830 5512 2890 5569 Οἱ
2945 5509 3000 5566 δὲ
3055 5509 3317 5593 ἅνθρωποι
3374 5516 3515 5571 οἶτοι
3585 5502 3800 5580 ἀνόητοι

1838 5676 2034 5743 Variae
2058 5675 2349 5740 lectones.

498 5811 620 5894 (N)
652 5812 985 5890 Ἀθεμήτων.
1018 5809 1149 5878 Vat.

498 5893 606 5972 [15)
636 5896 719 5957 Et.
751 5891 883 5957 Vat.

2261 5810 2335 5870 l6
2385 5813 2662 5884 Μαθήτας.
2697 5814 2821 5875 Vat.

2229 5808 2288 5971 Et
2302 5808 2364 5972 '16
2392 5889 2643 5972 Scripsit
2682 5892 2821 5958 forte

491 5889 719 5973 ('15)'Et.
751 5889 883 5957 Vat.

2231 5889 2364 5972 (17)
2392 5889 2643 5976 Scripsit
2682 5892 2932 5960 fortasse
2960 5897 3205 5980 φανερός.
