4154 6442
278 454 401 521 229

1655 463 1844 529 VITA
1886 464 1950 529 S.
1983 467 2339 531 ANDREE.

3582 468 3704 536 230

286 597 374 651 καὶ
426 590 720 660 κτηνωδῶς
779 592 898 667 (18)
956 592 1251 673 ἀλόγιστοι.
1317 591 1553 653 Ἐκεῖθεν
1611 596 1819 677 ἀπάρας
1878 599 1953 662 εἷς

2043 598 2299 661 ferarum
2332 618 2500 663 more
2530 598 2713 663 bruti.
2776 600 2920 662 Indo.
2979 600 3298 664 discedens
3353 602 3412 665 in
3444 601 3699 665 Iberiam

290 681 518 763 Ἰϐηρίαν
586 681 859 763 διέτριψεν
896 703 910 717 '
975 685 1062 740 καὶ
1132 682 1379 767 πολλοὺς
1433 687 1665 767 φωτίσας
1720 685 1806 744 διὰ
1862 694 1959 756 τῆς

290 774 431 852 παρα
485 770 765 828 θάλασσαν
839 771 962 829 ὁδοῦ
1015 770 1174 840 ἦλθεν
1231 774 1304 837 εἷς
1366 765 1705 854 Ἱεροσόλυμα
1760 775 1844 834 διὰ
1898 779 1961 833 τὸ

292 863 511 941 Πάσχα,
564 861 667 919 Καὶ
719 861 856 937 μετά
897 860 995 928 τὴν
1042 863 1413 928 Πεντηκοστὴν
1459 863 1680 943 Πέτρος,
1712 865 1801 920 καὶ
1831 862 1959 920 Ἀν-

290 950 442 1032 δρὲας
514 952 605 1008 καὶ
690 950 943 1018 Ἰωάννης
1012 958 1106 1007 τοῦ
1176 948 1469 1025 Ζεϐεδαίου,
1542 956 1630 1008 καὶ
1695 952 1960 1018 Φίλιππος

295 1049 402 1099 τῶν
460 1039 662 1099 δώδεκα
717 1041 806 1096 καὶ
857 1039 1257 1119 Βαρθολομαῖος
1313 1041 1704 1122 ὑπερέστρεψαν
1760 1044 1833 1106 εἰς
1862 1044 1957 1111 τὴν

301 1131 413 1188 ἄνω
469 1130 720 1209 Φρυγίαν.
796 1130 897 1187 Καὶ
960 1128 1225 1195 Φίλιππος
1297 1129 1555 1197 κατῆλθεν
1614 1134 1686 1195 εἰς
1745 1129 1956 1189 Ἀντιό-

301 1243 460 1301 χειαν
488 1224 584 1285 τῆς
631 1219 844 1297 Συρίας.
904 1220 1004 1277 Καὶ
1053 1221 1081 1275 ὁ
1130 1220 1228 1293 μὲν
1288 1218 1479 1299 Πέτρος
1529 1219 1839 1296 ἐναπέμεινε
1870 1222 1958 1277 καὶ

302 1309 675 1391 ἐχειροτόνησε
746 1309 838 1363 σὺν
912 1305 1102 1383 Παύλῷ
1170 1311 1471 1387 Μαρκιανξιν
1541 1311 1628 1366 καὶ
1706 1310 1957 1388 Παγκρά-

298 1423 414 1456 τιον
468 1398 793 1460 ἐπισκόπους
848 1396 1117 1461 Σικελίας.
1188 1399 1249 1454 Οἱ
1318 1394 1372 1452 δὲ
1429 1397 1607 1454 λοιποὶ
1661 1398 1958 1477 ἀπάραντες

294 1487 587 1569 διήρχοντο
616 1489 710 1551 τὰς
756 1484 938 1550 πόλεις
987 1492 1093 1542 τῶν
1148 1487 1447 1564 μεσογαίων
1509 1485 1657 1566 (19).
1694 1487 1959 1552 Φίλιππος

291 1576 348 1634 δὲ
404 1576 531 1658 (20)
586 1573 943 1632 τῶνιδὼδεκα
998 1577 1087 1632 καὶ
1159 1572 1556 1654 Βαρθολομαῖος
1616 1573 1827 1651 ἔμειναν
1886 1578 1959 1639 εἰς

288 1669 396 1735 τὴν
471 1665 581 1723 ἄνω
653 1666 881 1745 Φρυγίαν
947 1665 1076 1754 καὶν
1100 1662 1356 1726 Πισιδίαν,
1432 1662 1676 1744 Ἀνδρέας
1747 1663 1802 1721 δὲ
1872 1667 1960 1723 καὶ

292 1757 554 1823 Ἰωάννης
615 1752 870 1835 διέτριϐον
926 1755 999 1818 εἷς
1056 1752 1274 1835 νΕφεσον
1327 1755 1415 1810 καὶ
1472 1752 1759 1813 ἐδίδασκον,
1820 1756 1960 1812 Εῖπε

298 1846 357 1903 δὲ
424 1850 455 1903 6
527 1825 737 1926 Κύριος.
781 1851 858 1919 τῷ
914 1825 1179 1922 Ἀνδρέα·
1241 1825 1468 1900 νΑπελθε
1538 1845 1610 1908 εἰς
1670 1845 1905 1901 Βιθυνίαν
1941 1860 1955 1876 ⁸

303 1937 461 2014 κάγὼ
508 1937 637 2011 μετὰ
680 1941 775 1991 σοῦ
832 1936 941 2009 εἰμι
996 1936 1056 1989 οὗ
1106 1932 1167 1990 ἂν
1225 1934 1477 2014 πορεύσῃ,
1542 1931 1622 1988 ὅτι
1675 1934 1710 2001 ἡ
1770 1933 1959 1989 Σκυθία

305 2024 579 2104 περιμένει
622 2045 702 2084 σε.
750 2015 843 2087 Ὠς
901 2021 957 2078 δὲ
1016 2023 1171 2079 εἶπεν
1229 2024 1256 2078 6
1289 2020 1560 2101 Ἀνδρέας
1613 2029 1691 2097 τῷ
1738 2022 1959 2098 Ἰωάννῃ

307 2115 510 2185 πάντα,
562 2113 862 2180 ἠσπάσαντο
914 2110 1201 2185 ἀλλήλους,
1263 2114 1350 2168 καὶ
1391 2108 1569 2169 λαϐὼν
1628 2113 1748 2176 τοὺς
1802 2110 1958 2174 ἰδίους

306 2202 552 2279 μαθητὰς
579 2199 796 2269 ἀνῆλθεν
853 2203 927 2265 εἷς
987 2198 1293 2258 Λαοδίκειαν
1348 2206 1447 2268 τῆς
1492 2202 1730 2281 Φρυγίας
1774 2207 1958 2257 Πακα-

302 2296 494 2358 τιανῆς
532 2290 682 2370 (ei),
733 2290 979 2347 κάκεῖθεν
1026 2291 1099 2353 εἰς
1146 2290 1245 2357 τὴν
1302 2289 1502 2346 Μυσίαν
1556 2291 1629 2354 εἷς
1686 2287 1960 2348 Ὀδυσσού-

2044 688 2311 764 divertit;
2336 696 2393 751 et
2417 682 2634 752 multos
2656 688 3000 752 illuminans
3025 709 3133 771 per
3147 691 3296 753 viam
3318 710 3501 772 prope
3533 712 3697 756 mare

2042 777 2203 839 venit
2228 777 2657 859 Jerosolymam
2684 788 2923 859 propter
2947 781 3195 843 Pascha.
3222 784 3298 843 Et
3331 781 3697 861 postPente-

2045 875 2276 941 costen,
2313 869 2523 929 Petrus
2554 876 2612 930 et
2641 867 2913 930 Andreas
2945 876 3002 930 et
3031 871 3291 932 Joannes
3322 869 3589 931 Zebedaai
3620 871 3694 931 ﬁ-

2043 955 2181 1036 lius,
2211 964 2268 1017 et
2295 954 2609 1037 Philippus
2640 975 2792 1019 unus
2824 975 2892 1018 ex
2924 956 3266 1030 duodecim,
3305 966 3363 1019 et
3394 960 3700 1021 Bartholo-

2044 1062 2226 1105 maeus
2257 1044 2633 1107 deﬂexerunt
2689 1044 2751 1106 in
2807 1044 3121 1126 Phrygiam
3183 1047 3581 1126 superiorem.
3629 1047 3702 1110 Et

2043 1132 2346 1212 Philippus
2369 1133 2529 1194 venit
2568 1133 2945 1196 Antiochiam
2985 1134 3198 1216 Syriae.
3230 1134 3303 1196 Et
3332 1138 3540 1197 Petrus
3570 1137 3703 1217 qui-

2041 1220 2177 1282 dem
2213 1221 2453 1297 mansit,
2484 1232 2541 1283 et
2571 1242 2705 1284 cum
2768 1225 2948 1286 Paulo
3008 1224 3302 1286 ordinavit
3332 1226 3695 1287 Marcianum

2040 1318 2098 1371 et
2126 1309 2499 1372 Pancratium
2561 1312 2874 1394 episcopos
2931 1311 3171 1376 Siciliae.
3234 1314 3447 1377 Caeteri
3502 1323 3701 1376 autem

2042 1397 2331 1460 abeuntes
2361 1400 2799 1480 perlustrabant
2855 1401 3125 1463 civitates
3181 1401 3241 1462 in
3285 1402 3481 1464 medio
3512 1411 3700 1464 terra-

2044 1506 2173 1548 rum
2194 1488 2490 1568 jacentes.
2529 1490 2839 1569 Philippus
2868 1498 3063 1552 autem
3099 1509 3252 1553 unus
3279 1510 3350 1552 ex
3380 1491 3695 1553 duodecim

2047 1585 2103 1637 et
2125 1577 2590 1639 Bartholomaeus
2640 1587 2987 1639 manserunt
3025 1578 3085 1639 in
3117 1578 3362 1659 Phrygia
3391 1580 3700 1659 superiore

2046 1672 2105 1726 et
2138 1665 2383 1728 Pisidia.
2420 1666 2687 1729 Andreas
2716 1674 2917 1728 autem
2949 1675 3008 1728 et
3033 1665 3298 1729 Joannes
3320 1668 3702 1729 morabantur

2044 1752 2288 1835 Ephesi,
2319 1763 2379 1819 et
2407 1754 2728 1818 docebant.
2785 1755 2945 1817 Dixit
3001 1764 3200 1818 autem
3257 1755 3543 1817 Dominus
3571 1757 3700 1818 An-

2045 1842 2205 1903 dreae
2230 1863 2243 1905 :
2271 1841 2435 1905 Vade
2467 1843 2527 1904 in
2560 1843 2895 1923 Bithyniam
2928 1852 2987 1905 et
3016 1860 3128 1922 ego
3158 1851 3355 1905 tecum
3386 1862 3514 1905 sum
3547 1864 3700 1925 quo-

2044 1950 2279 2012 cunque
2311 1932 2477 2007 ieris,
2515 1932 2652 2012 quia
2680 1931 2916 2012 Scythia
2944 1940 3001 1994 te
3033 1940 3362 2012 exspectat.
3396 1931 3473 1996 Ut
3506 1941 3702 1996 autem

2042 2019 2313 2081 Andreas
2338 2029 2552 2083 cuncta
2578 2020 2724 2082 dixit
2744 2020 2993 2096 Juanni;
3010 2020 3699 2098 osculatisuntinvicem,

2045 2118 2104 2171 et
2132 2127 2377 2171 sumens
2436 2109 2705 2190 proprios
2763 2109 3116 2191 discipulos,
3178 2109 3323 2171 abiit
3355 2110 3704 2173 Laodiceam

2048 2198 2309 2277 Phrygia
2338 2198 2700 2273 Pacatianaa,
2729 2208 2790 2261 et
2828 2201 3043 2261 exinde
3064 2199 3127 2260 in
3153 2199 3419 2280 Mysiam,
3454 2197 3705 2281 Odysso-

2044 2287 2225 2366 polim
2258 2286 2447 2366 petiit.
2480 2286 2551 2348 Et
2581 2286 2748 2349 factis
2778 2287 3004 2368 aliquot
3058 2287 3295 2363 diebus,
3337 2287 3706 2351 constituens

297 2380 460 2438 πολιν
494 2378 644 2459 (22).
681 2381 780 2437 Καὶ
833 2380 1064 2449 ποιήσας
1121 2377 1303 2458 ὀλίγας
1359 2379 1589 2459 ἡμέρας,
1620 2380 1958 2449 καταστήσας

2045 2375 2132 2435 eis
2148 2374 2494 2456 episcopum
2520 2375 2844 2456 Apionem,
2874 2376 3106 2438 transiit
3126 2375 3441 2457 Olympum
3469 2386 3529 2439 et
3548 2379 3709 2440 venit

294 2472 490 2534 αὐτοῖς
562 2469 848 2525 ἐπίσκοπον
916 2467 1164 2547 Ἀπίονα,
1234 2465 1460 2547 ὑπερϐὰς
1533 2469 1621 2524 τὸν
1711 2465 1959 2543 Ολυμπον

2044 2462 2324 2542 Nicaeam,
2350 2465 2541 2527 vicum
2567 2465 2856 2546 Bithyniae
2881 2486 2897 2543 ;
2922 2469 3189 2529 nondum
3225 2468 3383 2527 enim
3419 2474 3559 2529 tunc
3582 2486 3708 2529 mu-

296 2559 457 2628 ⁹ἦλθεν
492 2561 563 2622 εἰς
618 2568 862 2632 Νικαιαν,
912 2556 1105 2632 κώμην
1159 2561 1260 2623 τῆς
1314 2556 1551 2619 Βιθυνίας
1584 2574 1596 2588 °
1658 2557 1717 2612 οὑ
1768 2556 1868 2633 γὰρ
1895 2555 1959 2623 ἧν

2044 2552 2168 2613 nita
2197 2553 2389 2614 fuerat
2420 2562 2477 2615 et
2505 2563 2734 2635 ornata,
2768 2554 2873 2616 sed
2908 2563 3112 2634 postea
3162 2574 3197 2616 a
3246 2554 3503 2635 Trajano
3538 2562 3706 2620 muro

293 2650 422 2706 τότε
465 2648 925 2728 περιτειχισθεϊσα
978 2646 1067 2702 καὶ
1107 2643 1567 2723 καλλωπισθεῖσα,
1625 2641 1744 2699 ἀλλ’
1801 2641 1959 2699 ὕστε-

2045 2641 2411 2704 circumdata
2468 2650 2606 2718 est;
2664 2652 2724 2705 et
2780 2643 2945 2705 lacus
3009 2651 3148 2705 tunc
3201 2644 3522 2723 productus
3551 2652 3698 2719 erat,

294 2760 391 2817 ρον
449 2738 538 2793 ἐπὶ
594 2741 861 2816 Τραϊανοῦ
915 2733 1309 2814 περιετειχίσθη
1344 2749 1358 2762 ·
1419 2734 1508 2790 καὶ
1561 2735 1595 2800 ἡ
1653 2730 1818 2807 λίμνη
1845 2730 1959 2787 τότε

2049 2730 2224 2810 longe
2249 2730 2474 2793 distans
2494 2730 2566 2792 ab
2579 2730 2822 2811 oppido.
2860 2730 3208 2809 Ingrediens
3231 2733 3706 2795 autemAndreas

556 2825 647 2897 ἧν,
724 2823 1002 2904 ἀπέχουσα
1073 2828 1172 2890 τῆς
1238 2823 1429 2899 κώμης
1484 2819 1643 2881 πολύ.
1704 2818 1959 2877 Εἰσελθὼν

2049 2821 2120 2881 ad
2143 2839 2267 2889 eos,
2296 2820 2639 2901 prmdicavit
2668 2821 2970 2883 Christum
3007 2830 3066 2883 et
3093 2820 3438 2883 hortabatur
3472 2831 3536 2882 ut
3558 2822 3712 2885 acci-

295 2915 357 2973 δὲ
389 2913 641 2990 Ἀνδρέας
697 2916 828 2992 πρὸς
883 2913 1068 2976 αὐτοὺς
1129 2912 1384 2992 ἐκήρυσσε
1439 2913 1529 2968 τὸν
1590 2912 1814 2990 Χριστὸν
1878 2910 1959 2965 καὶ

2046 2918 2259 2990 perent
2288 2910 2534 2971 verbum
2559 2908 2817 2972 Domini.
2853 2909 2979 2971 Viri
3010 2918 3206 2972 autem
3241 2910 3419 2990 hujus
3450 2910 3565 2973 loci
3593 2912 3705 2974 de-

294 3003 618 3085 παρεκάλει,
693 3001 931 3074 δέξασθαι
988 3004 1078 3059 τὸν
1148 3000 1306 3082 λόγον
1360 3010 1452 3060 τοῦ
1524 3001 1733 3080 Κυρὶου.
1795 3002 1854 3056 Οἱ
1909 2996 1959 3054 δὲ

2047 3006 2338 3079 ceptores,
2372 2997 2565 3075 bardi,
2622 2998 2873 3079 perjuri,
2909 2998 3152 3079 superbi
3182 3006 3241 3059 et
3268 3000 3489 3079 adjecti
3518 3019 3708 3082 usque

300 3095 539 3152 ἐντόπιοι
624 3090 886 3172 ἄνθροπωι
964 3095 1204 3167 ψεῦσται,
1286 3091 1443 3165 μυκοὶ
1496 3087 1643 3169 (23),
1705 3087 1958 3168 ἐπίορκοι,

2046 3088 2109 3149 in
2140 3089 2492 3151 hodiernam
2525 3089 2709 3171 diem,
2743 3089 2930 3153 .ludmi
2960 3098 3020 3152 et
3050 3089 3265 3155 Graeci.
3299 3091 3374 3154 Et
3406 3092 3562 3172 apud
3586 3090 3700 3155 Ju-

303 3186 657 3266 ὑπερτξςοανοι,
712 3181 1030 3263 ἀγυρτώδεις
1082 3182 1183 3248 ἕως
1254 3182 1353 3276 την
1407 3183 1661 3276 σήμερον,
1719 3175 1959 3239 Ἰουδαῖοί

2048 3178 2209 3276 daeos
2238 3197 2530 3276 synagoga
2561 3197 2795 3259 magna,
2832 3179 3215 3276 erat-quippe
3242 3197 3525 3276 magnum
3544 3183 3708 3276 oppi:

309 3295 373 3330 τε
432 3276 519 3330 καὶ
589 3272 847 3340 Ελληνες.
912 3274 1014 3330 Καὶ
1069 3271 1209 3352 παρά
1267 3270 1364 3348 μὲν
1406 3268 1674 3333 Ἰουδαίοις
1730 3289 1959 3348 συναγω-

2049 3267 2191 3329 dum
2230 3285 2247 3342 ;
2287 3268 2442 3349 apud
2469 3267 2706 3331 Graecos
2736 3276 2932 3330 autem
2964 3268 3192 3331 idolum
3224 3268 3518 3349 Apollinis
3548 3273 3708 3351 quod

314 3361 673 3442 Th‘psyﬂn,
734 3359 918 3429 ἐπειδὴ
974 3363 1063 3418 καὶ
1115 3363 1150 3430 ἡ
1193 3368 1354 3436 κώμη
1408 3358 1618 3437 μεγάλη
1674 3358 1761 3438 ἦν,
1825 3358 1959 3437 παρᾶ

2049 3358 2288 3418 oracula
2317 3356 2552 3433 edebat,
2586 3366 2647 3419 et
2673 3356 2955 3420 visiones.
2987 3356 3059 3419 Et
3088 3357 3189 3438 qui
3217 3357 3293 3419 ab
3327 3376 3397 3421 eo
3426 3359 3706 3423 vaticinia

316 3436 380 3507 δὲ
410 3436 653 3517 τ’ῐίΠησιν
685 3448 909 3507 εἴδωλον
966 3456 1059 3507 τοῦ
1106 3436 1501 3528 Ἀπόλλωνος,
1531 3449 1559 3505 ὃ
1611 3436 1775 3504 ἐποίει
1820 3436 1959 3526 χρη-

2052 3446 2333 3521 edebant,
2367 3446 2670 3508 oraculum
2703 3445 2943 3526 quidem
2979 3436 3384 3526 proferebant,
3415 3446 3575 3510 aliud
3604 3466 3706 3510 au-

320 3539 493 3616 σμοὺς
547 3540 630 3595 καὶ
695 3541 1009 3621 φαντασίας.
1070 3542 1130 3598 Οἱ
1199 3537 1254 3595 δὲ
1322 3537 1375 3604 ἐξ
1431 3541 1588 3597 αὑτοῦ
1646 3533 1959 3617 χρησδοτού-

2054 3542 2171 3596 tem
2195 3534 2399 3597 dicere
2419 3533 2762 3615 nequibant,
2797 3534 3067 3595 daemone
3097 3541 3705 3615 auresaetngmeorum

322 3650 478 3703 μενοι
506 3630 594 3684 τὸν
622 3628 711 3704 μὲν
768 3630 1017 3709 χρησμὸν
1061 3626 1265 3708 ἔλεγον,
1310 3625 1442 3684 ἄλλο
1497 3624 1551 3682 δὲ
1615 3624 1843 3692 λαλῆσαι
1876 3628 1959 3682 οὖα

2054 3622 2389 3705 claudente,
2425 3631 2483 3685 et
2516 3622 2834 3684 manebant
2855 3622 3019 3684 surdi
3044 3630 3101 3684 et
3122 3623 3288 3684 muti.
3324 3623 3709 3687 Inﬁrmitates

319 3715 597 3798 ἠδύναντο,
653 3724 740 3773 τοῦ
797 3715 1044 3795 δαίμονος
1091 3717 1423 3798 Ξρᾴσσοντος
1478 3715 1544 3771 τὰ
1593 3715 1707 3771 ὦτα
1763 3715 1851 3770 καὶ
1904 3714 1959 3770 τὰ

2052 3719 2247 3774 autem
2280 3713 2438 3774 inter
2467 3730 2568 3774 eos
2600 3712 2820 3793 multae,
2854 3719 2914 3773 et
2965 3710 3315 3774 daemoniaci
3346 3711 3536 3776 multi.
3583 3713 3708 3775 An-

316 3807 559 3882 στόματα
625 3798 817 3883 αὐτῶν,
886 3798 1003 3865 καῖέ
1046 3805 1282 3884 διέμενον
1361 3806 1527 3887 κωφοὶ
1595 3806 1688 3861 καὶ
1753 3800 1959 3864 ἅλαλοι.

2051 3801 2227 3864 dreas
2247 3810 2441 3863 autem
2474 3800 2729 3862 dixiteis
2762 3818 2776 3863 :
2812 3798 2943 3861 Non
2974 3798 3246 3879 poteritis
3275 3817 3306 3861 a
3340 3798 3711 3864 daemonibus

312 3896 606 3953 Ἀσθένειαι
657 3895 713 3953 δὲ
767 3898 892 3977 παρ’
951 3898 1134 3960 αὐτοῖς
1189 3898 1278 3953 καὶ
1351 3893 1771 3970 δαιμονιζόμενοι
1827 3890 1959 3949 πολ-

2054 3890 2358 3967 θιδιιιονὺὶε
2399 3890 2667 3962 liberari,
2698 3888 2812 3950 nisi
2851 3888 3229 3951 accesseritis
3274 3887 3346 3950 ad
3379 3888 3715 3952 viviﬁcatris

303 3985 416 4048 λοί.
482 3977 541 4043 Ὀ
599 3983 654 4041 δὲ
726 3976 969 4065 Ἀνδρέας
1029 3984 1208 4064 ἔλεγεν
1267 3985 1452 4048 αὑτοῖς
1485 4002 1503 4020 ⁸
1570 3985 1644 4041 Οὑ
1690 3980 1959 4051 δυνήσεσθε

2054 3999 2188 4043 cem
2218 3980 2574 4043 doctrinam.
2609 3979 2679 4042 Et
2735 3980 2798 4041 hi
2855 3979 3095 4060 quidem
3150 3976 3702 4057 conscribebantur,

302 4072 687 4152 ἀπαῦιαγῆναι
728 4080 834 4133 τῶν
891 4073 1153 4150 δαιμόνων
1211 4073 1300 4130 καί
1340 4079 1446 4130 τῶν
1498 4072 1691 4151 νόσων,
1748 4070 1839 4126 ἐὰν
1893 4070 1959 4136 μοὶ

2053 4071 2161 4134 sed
2184 4069 2647 4132 mantiebantur.
2672 4067 3024 4131 Eratautem
3053 4085 3232 4149 rupes
3254 4067 3487 4129 excelsa
3511 4069 3706 4147 valde,

305 4164 641 4243 προσέλθητε
709 4170 779 4241 τῇ
847 4165 1153 4243 ὑγιαινούσῃ
1222 4161 1553 4243 διδασκαλίᾳ,
1615 4164 1675 4219 Οἱ
1732 4158 1787 4215 δὲ
1841 4181 1959 4218 συν-

2053 4159 2222 4241 quasi
2253 4159 2520 4223 millibus
2550 4176 2785 4222 novem.
2820 4157 2885 4219 In
2914 4176 3005 4234 ea,
3039 4164 3107 4219 ut
3150 4156 3334 4237 aiunt,
3371 4156 3714 4221 morabatur

310 4241 542 4309 ετίθεντο
599 4254 719 4329 μὲν,
793 4241 1071 4330 ἐψεὺδοντο
1141 4251 1215 4309 δέ.
1292 4241 1387 4308 τΗν
1443 4249 1498 4307 δὲ
1566 4249 1733 4329 πέτρα
1786 4246 1959 4325 ὑψηλῆ

2053 4249 2232 4312 draco
2266 4248 2578 4329 maximus,
2615 4255 2673 4311 et
2722 4248 2939 4309 multos
2987 4245 3251 4308 vexabat.
3296 4244 3582 4319 ,Andreas
3610 4266 3712 4309 au-

312 4343 476 4413 πᾶνυ,
547 4334 622 4406 ὧς
678 4343 784 4398 ἀπὸ
841 4341 1024 4419 μὶλίων
1082 4340 1254 4402 ἐννέα.
1316 4339 1408 4398 Ἐν
1464 4340 1620 4416 αὐτῇ,
1681 4337 1754 4400 ὥς
1785 4359 1959 4417 φασιν,

2053 4345 2171 4401 tem
2200 4337 2347 4399 abiit
2373 4337 2442 4399 ad
2476 4355 2635 4416 eum,
2694 4353 2939 4397 sumens
2997 4334 3258 4397 ferreum
3304 4332 3582 4396 baculum
3612 4337 3711 4398 cui

312 4430 444 4505 ᾤκει
528 4429 731 4511 δράκων
830 4429 1209 4511 παμμεγέθης,
1310 4430 1397 4485 καὶ
1466 4427 1694 4490 πολλοὺς
1777 4423 1959 4493 ἠδίκει,

2053 4435 2113 4487 et
2136 4444 2375 4507 semper
2395 4425 2783 4500 innitebatur,
2813 4423 2993 4486 simul
3015 4430 3072 4484 et
3094 4423 3245 4485 duos
3265 4421 3614 4502 discipulos.
3638 4423 3714 4487 Et

315 4511 376 4578 Ὀ
405 4519 459 4577 δὲ
489 4518 737 4600 Ἀνδρέας
780 4518 1016 4587 ἀπῆλθεν
1073 4522 1208 4598 πρὸς
1262 4520 1442 4598 αὑτὸν,
1503 4523 1711 4598 κρατῶν
1765 4512 1820 4570 δὲ
1870 4515 1959 4582 τὴν

2053 4524 2119 4578 ut
2147 4523 2553 4595 accesserunt,
2589 4514 2732 4577 exiit
2763 4512 2835 4575 ad
2872 4530 2975 4574 eos
3032 4512 3212 4574 draco
3247 4528 3262 4572 :
3296 4511 3566 4573 Andreas
3600 4530 3711 4574 au-

310 4608 533 4689 σιδηρᾶν
589 4606 803 4690 ῥάϐδον,
859 4612 897 4686 ᾖ
951 4610 1040 4666 καὶ
1096 4609 1323 4665 πάντοτε
1377 4607 1772 4687 ὑπεστηρίζετο,
1833 4604 1959 4679 μετᾶ

2059 4613 2175 4668 tem
2207 4604 2398 4666 inﬁxit
2423 4603 2698 4666 baculum
2762 4602 2823 4664 in
2882 4602 3123 4664 oculum
3181 4600 3456 4690 draconis
3485 4609 3544 4690 et
3572 4603 3717 4690 exiit

307 4687 519 4756 καὶδύο
550 4687 826 4774 μαθητῶν.
890 4700 987 4756 Καὶ
1040 4700 1114 4760 ὡς
1170 4698 1561 4777 προσήγγισαν,
1622 4692 1805 4761 ἐξῆλθε
1837 4695 1959 4772 πρὸς

2053 4712 2162 4776 per
2188 4693 2392 4775 alium,
2430 4701 2487 4755 et
2539 4691 2852 4754 confestim
2908 4689 3234 4770 exspiravit
3292 4687 3547 4771 (draco).
3581 4689 3707 4763 Quo

310 4788 503 4852 αὐτοὺς
536 4791 565 4844 6
593 4784 797 4866 δράκων
831 4805 844 4819 ·
908 4790 938 4844 6
996 4784 1050 4844 δὲ
1108 4785 1353 4866 Ἀνδρέας
1410 4784 1571 4852 ἔπηξε
1628 4784 1725 4851 τὴν
1753 4780 1959 4862 σιδηρᾶι

2053 4783 2205 4846 facto
2229 4780 2401 4843 multi
2425 4781 2814 4843 crediderunt
2842 4779 2903 4840 in
2936 4778 3284 4843 Dominum.
3308 4778 3583 4840 Andreas
3612 4798 3713 4843 au-

307 4872 501 4955 ῥᾶϐδον
540 4878 612 4941 εἷς
668 4879 760 4934 τὸν
804 4875 1071 4956 ὀφθαλμὸν
1127 4885 1220 4935 τοῦ
1275 4874 1579 4955 δράκοντος,
1621 4873 1710 4928 καὶ
1762 4869 1959 4938 ἐξῆλθει

2056 4880 2178 4936 tem
2205 4888 2481 4934 reversus
2511 4879 2601 4932 est
2630 4869 2909 4943 Nicaeam,
2945 4874 3004 4929 et
3060 4866 3238 4948 coepit
3266 4866 3506 4928 docere.
3540 4868 3715 4932 Post-

306 4968 382 5029 εἰς
412 4968 503 5021 τὸν
548 4965 747 5043 ²έτερον,
803 4955 895 5021 καὶ
965 4965 1155 5028 εὒθέως
1199 4962 1461 5043 ἐξέψυξεν.
1519 4962 1716 5043 Τούτου
1758 4959 1812 5016 δὲ
1870 4981 1959 5039 γε-

2054 4980 2229 5042 quam
2254 4969 2449 5022 autem
2476 4978 2508 5021 e
2528 4959 2773 5039 regione
2794 4957 2962 5038 rupis
2997 4955 3348 5018 interfectus
3389 4964 3478 5017 est
3505 4956 3710 5037 draco,

308 5055 536 5131 νομὲνου
564 5041 753 5112 πολλοὶ
783 5052 1093 5113 ἐπίστευσαν
1149 5055 1223 5117 εἷς
1278 5055 1369 5110 τὸν
1398 5041 1402 5043 ’
1427 5052 1637 5131 Κύριον.
1686 5041 1744 5109 Ὀ
1775 5048 1829 5106 δὲ
1858 5057 1959 5107 Αν-

2050 5041 2431 5112 iucoluerunt
2453 5048 2650 5111 locum
2678 5055 2810 5110 octo
2836 5047 3140 5127 Patrones,
3162 5052 3288 5108 erat
3305 5045 3463 5107 enim
3496 5064 3713 5111 nemo-

310 5141 465 5224 δρέας
513 5145 836 5225 ὑπέστρεψεν
893 5146 967 5211 εἷς
1019 5145 1236 5203 Νίκαιαν
1309 5142 1398 5199 καὶ
1455 5140 1658 5221 ἤρχετο
1725 5144 1823 5207 τῆς
1881 5137 1959 5195 δι-

2048 5156 2221 5200 rosus
2256 5155 2272 5214 ;
2308 5144 2367 5201 et
2394 5138 2610 5200 multos
2640 5136 2801 5199 letho
2839 5135 3140 5199 dederunt
3174 5155 3190 5217 ;
3251 5136 3368 5197 duo
3401 5145 3600 5200 autem
3634 5157 3710 5203 ex

308 5232 618 5302 δασκαλίας.
664 5235 814 5293 Μετά
870 5232 926 5292 δὲ
979 5236 1042 5292 τὸ
1090 5234 1485 5301 ἀποκτανθῆναι
1541 5232 1615 5295 εἷς
1665 5228 1853 5294 λόχους
1899 5234 1959 5307 τῇ

2050 5228 2136 5291 eis
2157 5234 2326 5291 erant
2354 5245 2390 5290 a
2417 5227 2689 5290 daemone
2715 5227 2930 5292 vexati.
2974 5226 3310 5290 Advocatus
3336 5231 3537 5290 autem
3570 5227 3700 5292 Λη-

2792 3601 3169 3618 Μ

1746 5396 1945 5463 Variae
1972 5396 2288 5464 lectiones.

2058 5518 2194 5582 cod.
2226 5517 2359 5583 Vat.
2396 5511 2884 5585 OStKa‘I‘tzrtdan.

2140 5600 2268 5677 (22)
2300 5601 2386 5663 Ita
2414 5600 2545 5662 Vat.
2579 5598 2855 5661 Fortasse
2884 5593 3145 5656 Οὑδυσσὸν
3169 5596 3351 5661 πόλιν.

2139 5680 2267 5761 (23)
2302 5679 2525 5745 Mozith.
2559 5677 2691 5743 Vat.
2720 5677 3003 5759 Suspicor
3032 5679 3273 5759 μυσαροί,

423 5526 518 5609 18)
554 5524 875 5609 Κτηνώδης.
902 5523 1042 5609 Vat.

422 5609 512 5684 19)
543 5608 861 5687 Μεσογὲων.
894 5608 1028 5687 Vat.

386 5681 517 5772 (ξο)
550 5692 626 5772 ᾼέ
660 5681 892 5772 ad_d_idi.
926 5684 1312 5772 Desideratur
1334 5683 1397 5747 iu
1426 5681 1727 5772 θοὰ-νει.

385 5759 512 5853 (24
542 5771 588 5836 i.
627 5789 692 5834 e.
726 5768 1001 5853 Phrygias
1027 5764 1359 5832 Pacatianae
1412 5764 1538 5829 sive
1563 5760 1874 5829 Salutaris.
1907 5759 1976 5824 In
