4154 6416
499 362 609 430 231

1787 357 2192 423 ΕΡῙΡΗΑΝΠ
2243 356 2594 423 MONACHI

3775 351 3893 420 232

502 499 678 563 dreas
691 495 763 558 ab
783 491 1189 574 indigentibus
1209 490 1441 568 incolis,
1461 488 1747 572 processit
1767 489 1836 553 ad
1872 508 1975 553 eos
1998 510 2014 567 ;
2044 489 2159 550 dae-

2249 490 2400 570 πέτρᾳ
2469 491 2587 572 (24)
2646 493 2736 550 τὸν
2793 491 3048 572 δράκοντα
3105 492 3246 549 ὀκτὼ
3303 490 3493 569 λῃσταὶ
3560 488 3780 565 ᾤκησαν
3837 488 3891 545 ἐν

504 587 758 652 moniaci
792 590 1187 647 occurrerunt
1238 581 1294 644 ei
1350 600 1483 643 cum
1515 578 1895 642 clamoribus.
1930 578 2001 640 Et
2028 578 2154 640 Att-

505 677 682 740 dreas
710 673 1110 739 comminatus
1139 677 1230 733 est
1253 670 1369 745 eis,
1405 677 1465 733 et
1492 677 1809 749 antequam
1842 666 2157 748 appropin-

507 773 739 849 quaret,
773 764 1077 825 daemones
1124 760 1416 849 exierunt.
1470 758 1589 849 Ipsi
1646 773 1842 818 autem
1887 755 2156 849 astrictis

510 845 805 927 manibus,
838 871 873 914 a
899 848 1270 911 daemonibus
1325 846 1613 922 mundati,
1650 845 1902 907 modesti
1932 863 2154 926 appro-

508 944 944 1027 pinquaverunt
1010 937 1313 1011 Andreae;
1376 935 1580 1027 caeteri
1634 941 1831 996 autem
1892 934 2158 995 videntes

510 1025 852 1114 compuncti
873 1036 1031 1100 sunt,
1062 1035 1121 1088 et
1142 1025 1618 1114 projectisarmis
1651 1025 1983 1096 venientes,
2018 1041 2159 1103 pro-

509 1113 790 1185 ciderunt
815 1118 885 1181 ad
914 1117 1098 1199 pedes
1118 1115 1393 1195 apostoli.
1434 1113 1544 1186 Qui
1567 1113 1784 1175 blanda
1811 1131 1955 1175 voce
1985 1115 2166 1175 εωῖυὶ

511 1212 633 1274 ait:
673 1211 748 1274 Ut
776 1207 916 1288 quid
948 1207 1050 1280 ita,
1085 1204 1189 1266 ﬁlii
1225 1205 1367 1280 mei,
1400 1203 1571 1280 agitis
1594 1205 1622 1263 ‘2
1649 1201 1791 1275 Quae
1820 1202 1956 1265 odio
1988 1199 2167 1262 babe-

512 1299 590 1361 tis
619 1316 741 1369 vos,
772 1313 955 1376 quare
997 1292 1131 1354 aliis
1167 1291 1411 1354 facitis?
1439 1290 1699 1375 Nescitis
1725 1289 1864 1372 quia
1888 1288 2169 1353 Conditor

513 1395 604 1449 est
635 1402 950 1467 parvorum
987 1390 1045 1442 et
1076 1398 1445 1461 magnorum,
1485 1386 1546 1441 et
1599 1379 1815 1441 reddet
1845 1376 2168 1457 unicuique

512 1466 840 1537 secundum
873 1489 1055 1552 opera
1101 1488 1206 1530 sua
1230 1467 1261 1528 ?
1316 1468 1403 1530 Tu
1460 1468 1766 1530 verberari
1817 1486 1935 1528 non
1965 1466 2078 1539 vis,
2111 1472 2171 1552 et

513 1580 697 1645 quare
721 1551 999 1625 verberas
1029 1557 1041 1618 l
1068 1556 1271 1619 Perire
1293 1577 1410 1618 non
1442 1557 1547 1628 vis.
1586 1567 1642 1618 et
1688 1574 1870 1637 quare
1899 1553 2115 1616 iuraris
2144 1551 2169 1615 ἲ

517 1642 677 1717 Deus
706 1649 870 1711 dedit
897 1647 1065 1709 vobis
1096 1645 1410 1710 sanitatem
1470 1654 1526 1707 et
1556 1646 1739 1707 robur
1766 1652 1832 1706 ut
1862 1642 2164 1718 laboretis,

521 1749 580 1804 et
601 1738 871 1802 habeatis
894 1756 964 1799 ex
986 1735 1188 1797 labore
1208 1742 1423 1811 vestro,
1468 1744 1525 1796 et
1568 1734 1786 1795 nullius
1826 1731 2165 1813 indigeatis,

516 1829 622 1892 sed
656 1827 849 1909 potius
878 1834 940 1887 ut
969 1833 1029 1887 et
1078 1843 1198 1885 non
1255 1823 1612 1885 habentibus
1660 1822 2014 1902 largiamini.
2045 1820 2167 1909 Re-

520 1908 715 1980 cedite
745 1916 1032 1995 deinceps
1057 1912 1131 1974 ab
1162 1912 1212 1974 is
1244 1912 1415 1973 malis
1447 1932 1577 1993 qua:
1619 1912 1811 1991 agitis,
1840 1920 1897 1973 et
1924 1909 2082 1973 abite
2109 1908 2169 1969 in

518 2007 731 2070 domos
754 2012 999 2078 vestras,
1034 2010 1092 2063 et
1118 2003 1278 2064 Deus
1303 2000 1773 2062 misericordiam
1786 1998 1950 2061 vobis
1978 2004 2170 2077 potest

518 2092 834 2175 impertiri,
909 2098 968 2153 et
1038 2087 1337 2171 principes
1397 2088 1672 2151 laudibus
1727 2106 1828 2150 vos
1888 2086 2171 2149 extollere

519 2190 764 2265 queunt.
801 2189 861 2243 et
888 2198 991 2241 vos
1051 2178 1293 2259 prmmia
1346 2178 1631 2259 consequi
1683 2178 1946 2258 potestis.
1979 2175 2049 2237 Et
2074 2175 2165 2236 lo-

518 2282 690 2334 cutus
719 2279 809 2332 est
841 2270 926 2331 eis
964 2269 1206 2331 verbum
1253 2267 1382 2331 Dei.
1411 2266 1520 2340 Qui
1553 2266 1894 2348 compuncti
1925 2282 2169 2327 manse-

517 2369 658 2422 runt
686 2377 819 2421 cum
872 2377 942 2421 eo
975 2376 1081 2439 per
1111 2356 1293 2431 diem,
1356 2364 1414 2418 et
1467 2356 1552 2417 sic
1603 2354 1917 2437 baptizavit
1944 2372 2067 2415 eos.
2100 2351 2173 2413 Et

513 2450 839 2513 redeuntes
869 2447 1228 2509 invenerunt
1256 2463 1463 2526 rupem
1523 2464 1641 2507 non
1673 2445 1755 2506 ita
1784 2444 2079 2507 excelsam
2108 2442 2172 2502 in

517 2540 649 2620 ipsa
676 2538 791 2613 via,
826 2536 1143 2599 habentem
1192 2534 1420 2596 idolum
1468 2533 1672 2597 Diana;
1705 2556 1721 2607 ;
1786 2536 1845 2596 in
1876 2551 1946 2595 ea
1975 2539 2170 2594 autem

518 2627 903 2689 morabantur
935 2624 1180 2705 spiritus
1209 2624 1402 2699 multi,
1438 2632 1497 2685 et
1543 2622 1838 2685 faciebant
1864 2620 2122 2683 visiones
2155 2638 2172 2697 ;

520 2724 578 2779 et
607 2714 950 2797 quaerebant
980 2714 1201 2774 hostias
1227 2731 1241 2774 :
1294 2714 1367 2773 ab
1398 2713 1544 2773 hora
1570 2721 1767 2773 autem
1799 2729 1958 2773 nona
1986 2727 2175 2791 usque

518 2804 592 2865 ad
623 2804 830 2865 horam
855 2801 1115 2875 tertiam,
1141 2819 1263 2861 non
1287 2799 1935 2881 sinebantquemquam
1970 2806 2171 2860 trans-

520 2894 609 2955 ire
639 2911 747 2974 per
777 2891 925 2953 viam
956 2891 1159 2952 istam.
1188 2887 1444 2951 Veniens
1464 2889 1643 2969 igitur
1665 2890 1938 2951 Andreas
1955 2886 2176 2949 mansit

521 2982 584 3044 in
617 3000 687 3044 ea
714 2997 850 3044 cum
883 2977 1238 3058 discipulis;
1300 2977 1603 3040 daemones
1651 2985 1848 3040 autem
1901 2976 2175 3056 fugerunt

2236 584 2369 657 αὒτῇ
2405 599 2416 612 ⁸
2451 581 2515 649 ἦν
2564 583 2664 660 γὰρ
2712 580 2957 649 ἆλσώδης
2993 598 3007 612 ⁸
3068 584 3155 639 καὶ
3196 580 3427 645 πολλοὺς
3485 580 3677 661 φόνους
3707 578 3892 658 εἰργά-

2236 692 2395 726 σαντο
2429 689 2441 704 ·
2476 668 2562 726 δύο
2592 669 2645 726 δὲ
2676 669 2726 737 ἐξ
2784 671 2955 728 αὗτῶν
3009 677 3146 739 ἦσαν
3205 669 3651 747 δαιμονιζόμενοι.
3702 675 3890 748 Παρα-

2236 758 2446 826 κληθεὶς
2477 758 2531 815 δὲ
2561 763 2588 816 6
2646 759 2893 841 Ἀνδρέας
2949 763 3049 818 ὑπὸ
3094 767 3199 817 τῶν
3259 761 3522 817 ἀντοπίων
3579 757 3895 838 παρεγένετο

2237 852 2369 929 πρὸς
2439 850 2624 914 αυτούς
2659 867 2674 882 ⁸
2749 854 2795 907 oi
2864 848 2919 906 δὲ
2988 848 3408 925 δαιμονιζόμενοι
3479 850 3893 929 προϋπάντησαν

2242 939 2382 1013 αἰ»τῷ
2439 961 2503 1015 με
2522 940 2573 995 τὰ
2639 945 2905 1019 κραυγλῦν.
2978 940 3074 997 Καὶ
3130 943 3156 996 ὁ
3215 937 3459 1019 Ἀνδρέας
3513 934 3897 1017 ἐνεϐριμήσατο

2245 1030 2451 1107 αὒτοῖς,
2480 1030 2567 1084 καὶ
2595 1030 2697 1108 πρὸ
2725 1036 2815 1085 τοῦ
2884 1028 3088 1107 ἐγγίσαι
3133 1031 3180 1084 οἱ
3234 1025 3477 1103 δαίμονες
3535 1024 3773 1093 ἐξῆλθον,
3837 1025 3897 1081 Οἱ

2246 1115 2304 1171 δὲ
2357 1115 2611 1186 δήσαντες
2661 1118 2755 1181 τὰς
2813 1130 3005 1197 χεῖρας
3048 1115 3441 1197 καθαρισθέντες
3500 1116 3561 1172 ἐκ
3613 1121 3719 1171 τῶν
3775 1111 3897 1168 δαι-

2250 1206 2425 1279 μόνων
2497 1207 2762 1285 σώφρονες
2832 1205 3169 1286 παρέστησαν
3238 1212 3316 1281 τῷ
3386 1202 3601 1284 Ἀνδρέᾳ
3635 1222 3648 1236 ⁸
3725 1205 3771 1259 οἱ
3844 1198 3902 1256 δὲ

2249 1292 2423 1351 λοιποὶ
2492 1297 2852 1374 θεωρήσαντες
2922 1295 3308 1374 κατενύγησαν,
3379 1295 3466 1349 καὶ
3523 1293 3766 1371 ῥίψαντες
3834 1290 3905 1345 τὲι

2250 1383 2390 1441 ὅπλα
2419 1383 2655 1447 ἐλθόντες
2687 1383 2901 1463 ἔρριψαν
2956 1385 3171 1447 ἑαυτοὺς
3228 1383 3370 1461 παρὰ
3423 1383 3546 1446 τοὺς
3601 1379 3765 1445 πόδας
3808 1389 3903 1438 τοῦ

2251 1472 2573 1553 ἆποστόλῄου.
2638 1464 2695 1531 εΟ
2741 1471 2795 1528 δὲ
2826 1473 3014 1553 πραεία
3069 1477 3168 1550 τῆς
3229 1476 3411 1552 φωνῆς
3462 1471 3779 1527 καταστάσει
3811 1468 3905 1524 εῖ-

2251 1584 2346 1620 πεν
2384 1580 2395 1595 ⁸
2476 1546 2581 1620 ﬂIvat
2636 1561 2687 1618 τί
2756 1561 2945 1637 οὕτως,
3022 1564 3199 1619 τεκτία
3270 1584 3395 1641 μου,
3452 1572 3709 1640 ποιεῖτε,
3766 1557 3904 1635 ἅπερ

3692 1607 3709 1640 9

2250 1653 2405 1727 ὑμεῖς
2479 1663 2712 1732 μισεῖτε,
2745 1649 2880 1708 διατί
2921 1651 3117 1731 ἑτέροις
3174 1650 3488 1731 παρέχετε,
3546 1649 3641 1705 οὔκ
3694 1645 3902 1726 οἴδατε,

2189 1738 2335 1843 Βὸτι
2360 1740 2592 1809 ποιητής
2640 1739 2749 1795 ἐστι
2806 1745 3007 1819 μικρῶν
3060 1741 3149 1796 καὶ
3206 1737 3476 1816 μεγάλων,
3534 1738 3622 1793 καὶ
3680 1732 3902 1791 ἀποδώ-

2255 1851 2334 1885 σει
2392 1828 2598 1904 ἐκάστῷ
2666 1829 2803 1885 κατὰ
2857 1831 2923 1885 τὰ
2980 1828 3106 1908 ἔργα
3162 1828 3366 1907 αὐτοῦς
3427 1827 3489 1882 σὺ
3529 1828 3783 1905 ωφθῆναι
3838 1826 3904 1881 οὔ

2249 1917 2442 1991 θέλεις,
2510 1919 2599 1974 καὶ
2670 1915 2754 1976 διὰ
2820 1918 2869 1974 τί
2938 1916 3188 1997 ἆδικεῖςς
3244 1915 3533 1973 Ἀπολέσαι
3589 1916 3649 1972 οὒ
3702 1912 3902 1986 θέλεις,

2249 2009 2353 2064 καὶν
2384 2003 2544 2063 διὰτί
2600 2005 2869 2082 κλέπτεις,
2909 2027 2923 2088 ;
2987 1999 3043 2065 Ὀ
3107 2010 3238 2071 Θεὸς
3290 2004 3484 2062 ἔδωκεν
3533 2006 3661 2081 ὑμῖν
3703 2004 3906 2082 ὑγιείαν

2250 2096 2338 2153 καὶ
2406 2097 2616 2173 ῥώμην,
2700 2094 2793 2152 ’ίνα
2882 2096 3168 2176 ἐργάζησθε
3264 2097 3350 2153 καὶ
3444 2094 3614 2175 ἔχητε
3683 2093 3744 2150 ἐκ
3811 2097 3908 2149 τοῦ

2253 2184 2405 2265 ἔργον
2472 2187 2619 2261 ὑμῶν
2696 2186 2783 2242 καὶ
2875 2184 3101 2262 μηδενὸς
3191 2183 3397 2264 δέησθε,
3495 2183 3630 2240 ἀλλὰ
3699 2180 3906 2258 μᾶλλον

2250 2277 2486 2340 καὶτοῖς
2535 2275 2612 2352 μὴ
2656 2274 2841 2356 ἔχουσι
2899 2275 3199 2356 παρέχητε,
3263 2275 3563 2341 Ἀπόστητε
3592 2283 3684 2331 τοῦ
3712 2271 3905 2328 λοιποῦ

2253 2364 2313 2421 ἐκ
2375 2370 2481 2420 τῶν
2549 2370 2728 2420 κακῶν
2782 2364 3005 2444 τούτων,
3059 2368 3132 2420 ὧν
3189 2364 3467 2444 πράττετε,
3525 2363 3613 2419 καὶ
3651 2359 3908 2418 ἀπέλθετε

2253 2454 2326 2515 εἷς
2354 2453 2448 2516 τὰς
2476 2453 2639 2516 οἶκίας
2667 2454 2837 2529 ὑμῶν,
2871 2456 2958 2510 καὶ
2989 2456 3016 2509 ὸ
3062 2456 3190 2517 Θεὸς
3250 2452 3469 2519 ἐλεῆσαι
3534 2453 3695 2530 ὑμᾶς,
3754 2449 3900 2530 ἔχει,

2252 2543 2341 2598 καὶ
2396 2545 2443 2598 οἱ
2495 2540 2750 2621 ἄρχοντες
2804 2541 3066 2599 ἐπαινέσει
3123 2544 3261 2617 ὑμᾶς
3315 2539 3553 2621 ἔχουσιν,
3606 2540 3693 2596 καὶ
3750 2539 3906 2595 ἀντι-

2257 2629 2477 2711 λήχεων
2514 2630 2669 2711 ἔχετε
2701 2645 2915 2712 τυχεῖν.
2979 2632 3079 2689 Καὶ
3128 2630 3385 2699 ἐλάλησεν
3415 2631 3597 2694 αὐτοῖς
3626 2630 3717 2686 τὸν
3746 2627 3912 2705 λόγον

2255 2728 2350 2777 τοῦ
2445 2728 2600 2782 Θεοῦ.
2670 2722 2729 2778 Οἱ
2802 2719 2856 2776 δὲ
2924 2720 3309 2799 κατανυγέντες
3377 2719 3699 2800 παρέμειναν
3763 2720 3913 2793 αὖτῷ

2255 2809 2481 2888 ἡμέρας,
2536 2810 2623 2865 καὶ
2666 2808 2833 2873 οὕτως
2889 2808 3168 2867 ἐϐάπτισεν
3226 2810 3433 2874 αὒτούς.
3496 2808 3594 2867 Καὶ
3649 2807 3914 2884 ὑποστρέ-

2257 2903 2450 2973 ψαντες
2509 2900 2653 2976 εὗρον
2705 2898 2900 2978 πέτραν
2959 2901 3019 2956 οὗ
3075 2899 3210 2956 πάνυ
3258 2897 3475 2974 ὑψηλὴν
3534 2896 3586 2954 ἐν
3646 2902 3715 2973 τῇ
3770 2900 3911 2972 αὖτῇ

2258 2987 2383 3065 ὁδῷ,
2419 2987 2648 3069 ἔχουσαν
2706 2987 2930 3047 εἴδωλον
2985 2994 3084 3058 τῆς
3140 2987 3447 3070 Ἀρτέμιδὸς
3482 3005 3496 3020 ⁸
3555 2988 3609 3045 ἐν
3665 2992 3797 3065 αὐτῇ
3849 2984 3913 3043 δὲ

523 3080 590 3134 ut
611 3071 794 3147 corvi,
825 3067 1185 3131 clamantes!
1232 3065 1278 3130 Ο
1301 3066 1638 3129 violentiam
1666 3086 1701 3128 a
1728 3066 1870 3130 Jesu
1897 3065 2168 3143 Galilaeez,

2254 3075 2424 3152 ᾤκουν
2520 3079 2792 3154 πνεύματα
2874 3077 3070 3154 πολλὰ,
3158 3065 3244 3135 καὶ
3314 3078 3522 3137 ὲποίοαν
3590 3075 3907 3157 φαντασίας,

523 3159 662 3241 quia
691 3157 968 3237 discipuli
1000 3158 1130 3245 ejus
1153 3155 1391 3245 ubique
1413 3162 1850 3245 persequuntur
1879 3171 2009 3216 nos.
2042 3154 2168 3215 An-

2254 3168 2343 3222 καὶ
2372 3165 2587 3237 ἐζήτουν
2641 3168 2818 3231 θυσίας
2849 3184 2866 3200 ⁸
2928 3167 3034 3224 ἀπὸ
3090 3165 3145 3223 δὲ
3202 3167 3341 3245 ὥρας
3400 3154 3618 3233 ἐννάτης
3662 3164 3761 3229 ἕως
3791 3165 3912 3221 πά-

522 3248 699 3308 dreas
724 3254 920 3307 autem
955 3242 1283 3325 projiciens
1338 3244 1563 3305 idolum
1599 3244 1788 3306 erexit
1818 3261 2081 3317 crucem,
2115 3248 2168 3303 et

2257 3253 2340 3310 λιν
2406 3255 2586 3334 τρίτης
2644 3254 2783 3333 ὥρας
2836 3257 2931 3313 οόκ
2987 3254 3095 3323 ἥων
3154 3242 3270 3318 τινὰ
3324 3254 3606 3335 παρελθεῖν
3667 3252 3751 3310 διὰ
3804 3259 3913 3321 τῆς

523 3335 806 3398 mundata
829 3341 922 3398 est
949 3352 1131 3415 rupes
1190 3341 1248 3394 et
1299 3332 1463 3412 regio
1519 3350 1554 3394 a
1610 3332 2001 3395 daemonibus.
2037 3335 2168 3393 Erat

2257 3341 2378 3399 ὁδοῦ
2441 3332 2699 3410 ἐκείνηςρ
2750 3342 2951 3402 Ἐλθὼν
3020 3344 3106 3402 οὖν
3173 3347 3200 3402 ὁ

524 3442 720 3488 autem
757 3424 925 3486 locus
952 3441 987 3484 a
1043 3421 1282 3485 sinistra
1338 3430 1503 3503 parte
1553 3417 1785 3483 Nicaeae.
1822 3424 2010 3501 Prope
2042 3437 2174 3481 eam

525 3523 650 3576 erat
674 3513 838 3593 regio
862 3530 1180 3576 nemorosa
1200 3529 1375 3592 quam
1401 3509 1639 3574 tenebat
1659 3510 1839 3572 draco
1862 3517 1920 3571 et
1948 3510 2177 3571 daemo-

522 3621 666 3665 num
697 3601 1034 3677 multitudo,
1080 3610 1137 3663 et
1194 3600 1384 3664 Graeci
1434 3599 1824 3662 immolabant
1857 3601 1995 3673 eis;
2055 3604 2182 3659 erat

3287 3342 3530 3423 Ἀνδρέας
3600 3341 3803 3418 ἔμεινεν
3858 3341 3924 3401 ἐν

2260 3436 2395 3510 αὐτῇ
2455 3433 2545 3489 σὺν
2603 3446 2721 3513 τοῖς
2783 3437 3050 3510 μαθηταῖς
3082 3451 3097 3469 ⁶
3171 3436 3219 3513 oi
3289 3431 3343 3489 δὲ
3397 3431 3638 3510 δαίμονες
3692 3430 3917 3513 ἔφυγον,

2260 3521 2437 3601 ὥσπερ
2493 3510 2740 3602 κόρακες,
2797 3524 3081 3603 κράσοντες
3114 3542 3129 3559 ⁸
3190 3511 3254 3578 Ὠ
3310 3524 3398 3600 βία
3451 3522 3557 3580 ἀπὸ
3613 3532 3707 3580 τοῦ
3734 3510 3925 3578 Γαλι-

2261 3608 2408 3666 λαίου
2458 3609 2655 3691 Ἰησοῦ,
2718 3610 2798 3691 ὅτι
2857 3615 2903 3669 οἱ
2959 3613 3191 3687 μαθηταὶ
3247 3615 3404 3671 αὒτοῦ
3457 3617 3737 3691 πανταχοῦ
3793 3608 3926 3665 διώ-

526 3691 684 3753 enim
719 3690 1109 3752 simulacrum
1141 3689 1419 3753 Veneris.
1446 3689 1718 3752 Andreas
1744 3696 1943 3750 autem
1975 3687 2181 3749 abiens

525 3797 661 3844 cum
692 3779 1000 3859 discipulis
1021 3780 1146 3841 suis
1174 3778 1237 3840 in
1268 3780 1427 3841 hunc
1467 3778 1686 3853 locum,
1727 3777 1979 3857 genibus
2010 3777 2181 3840 ﬂexis

524 3868 733 3949 oravit,
765 3876 824 3929 et
855 3886 1105 3947 surgens
1154 3886 1393 3930 manum
1448 3868 1739 3949 extendit,
1795 3875 1853 3929 et
1883 3885 2062 3928 cruce
2092 3867 2176 3927 si-

2260 3721 2440 3755 κουσιν
2469 3701 2611 3776 ἡμᾶς
2641 3689 2661 3761 ΫΙ
2726 3689 2784 3758 Ὀ
2816 3698 2870 3756 δὲ
2928 3698 3171 3780 Ἀνδρέας
3230 3701 3383 3779 ῥίψας
3412 3701 3473 3756 τὸ
3504 3689 3724 3756 εἴδωλον
3755 3697 3924 3767 ’έστη-

2263 3810 2348 3845 σεν
2415 3791 2659 3869 σταυρὸν,
2712 3791 2800 3847 καὶ
2849 3789 3159 3869 ἐκαθαρίσθη
3212 3792 3247 3858 ἡ
3305 3789 3471 3869 πέτρα
3525 3790 3613 3846 καὶ
3670 3792 3698 3846 6
3748 3789 3922 3856 τόπος

2259 3876 2319 3933 ἐκ
2345 3884 2451 3934 τῶν
2481 3877 2744 3955 δαιμόνων
2815 3886 2892 3938 Ην
2948 3876 3003 3934 δὲ
3061 3879 3255 3960 χωρίον
3503 3877 3766 3954 εὖωνύμου
3822 3877 3929 3953 μέ-

526 3957 724 4037 gnavit
754 3956 971 4046 locum,
1009 3963 1066 4018 et
1090 3957 1269 4018 draco
1325 3964 1385 4019 et
1439 3957 1740 4019 daemones
1769 3956 2083 4036 fugerunt;
2119 3961 2168 4018 et

2261 3989 2380 4046 ρους
2409 3972 2507 4034 τῆς
2558 3967 2798 4032 Νικαίας.
2857 3956 3103 4035 Πλησίον*
3149 3956 3313 4035 αὐτῆς
3369 3956 3436 4035 ἦν
3491 3966 3655 4030 τόπος
3725 3963 3914 4043 δασὺς,

527 4065 605 4149 ex
622 4055 771 4149 tunc
801 4045 1102 4149 habitatur
1129 4046 1295 4149 locus
1326 4046 1448 4149 ille.
1486 4134 1539 4149 Η
1825 4133 1840 4149 .
1997 4136 2019 4149 Α

2262 4055 2391 4149 ἐνλῷ
2427 4056 2669 4149 ’κατῴκει
2725 4054 2928 4135 δράκων
2985 4057 3073 4112 καὶ
3115 4055 3318 4123 πλῆθος
3371 4053 3659 4135 δαιμόνων,
3718 4055 3805 4111 καὶ
3864 4059 3924 4113 οἱ

544 4132 779 4202 Έλληνες
812 4133 954 4191 ἔθυον
984 4140 1165 4200 αὒτοϊς
1198 4152 1212 4168 ⁹
1260 4137 1325 4204 ἦν
1355 4138 1455 4215 γὰρ
1484 4134 1667 4201 ξόανον
1695 4142 1794 4204 τῆς
1825 4133 2159 4217 Ἀφροδίτης.
2199 4132 2255 4200 Ὀ
2313 4140 2368 4199 δὲ
2427 4142 2672 4223 Ἀνδρέας
2702 4132 2944 4202 ἀπελθὼν
2973 4145 3064 4203 σὺν
3092 4158 3209 4208 τοῖς
3240 4147 3509 4221 μαθηταῖς
3538 4132 3698 4202 αὐτοῦ
3727 4144 3798 4206 εἷς
3823 4144 3925 4202 τὸν

521 4225 707 4315 τόπον,
754 4223 933 4315 κλίνας
962 4226 1029 4285 τὰ
1059 4226 1257 4304 γόνατα
1297 4224 1649 4306 προσηύξατο,
1681 4229 1765 4284 ναὶ
1792 4226 2018 4292 ἀναστὰς
2060 4230 2157 4298 τὴν
2201 4245 2367 4313 χεῖρα
2396 4233 2629 4298 ἐκτείνας
2680 4233 2960 4315 ἐσφράγισε
3002 4236 3091 4294 τὸν
3120 4235 3303 4313 τόπον,
3337 4233 3427 4292 καὶ
3455 4236 3483 4291 6
3512 4231 3715 4313 δράκων
3743 4234 3831 4289 καὶ
3875 4237 3939 4292 οἱ

527 4314 769 4391 δαίμονες
800 4313 988 4395 ἔφυγον
1025 4333 1040 4348 ·
1086 4317 1175 4371 καὶ
1204 4315 1384 4372 ἐκτότε
1414 4318 1441 4372 ὁ
1474 4316 1635 4379 τόπος
1667 4316 1871 4380 ἐκεῖνος
1903 4318 2150 4378 οἰκεῖται.

608 4393 877 4465 Andreas
908 4409 1103 4467 autem
1136 4421 1244 4484 per
1274 4403 1433 4466 diem
1464 4402 1737 4479 docebat,
1768 4404 2099 4485 venientes,
2126 4420 2168 4470 et

2344 4393 2402 4462 Ὀ
2429 4402 2483 4460 δὲ
2521 4402 2798 4483 Ἀνδρέαςῖ
2825 4405 2923 4472 τὴν
2981 4403 3182 4484 ἡμέραν
3239 4400 3473 4461 ἐδίδασκε
3514 4402 3636 4467 τούς
3687 4423 3931 4482 προσερ-

526 4491 774 4556 curabat
800 4491 1114 4567 inﬁrmos;
1149 4500 1321 4554 nocte
1349 4499 1547 4554 autem
1579 4492 1773 4555 exibat
1801 4493 1875 4555 a1
1911 4504 2168 4557 montem

2256 4493 2546 4573 χομένους,
2577 4494 2665 4549 καὶ
2688 4495 2804 4551 tam
2859 4494 2980 4557 τοὺς
3033 4493 3366 4558 ἀσιενοῦντας
3402 4512 3418 4528 ο
3482 4493 3577 4558 τὰς
3634 4489 3690 4547 δὲ
3730 4492 3932 4559 νύκτας

525 4581 589 4643 in
621 4582 934 4657 orientem,
973 4590 1032 4643 et
1059 4580 1143 4643 ibi
1164 4600 1298 4643 cum
1335 4581 1645 4663 discipulis
1668 4582 2080 4645 orabatDeum
2113 4594 2168 4646 ut

2255 4582 2511 4663 ἐξήρχετο
2567 4584 2639 4646 εἰς
2665 4585 2726 4640 τὸ
2781 4581 2900 4663 ὅρος
2958 4585 3020 4641 τὸ
3076 4584 3205 4664 πρὸς
3262 4581 3545 4656 ἀνατολὰς,
3593 4581 3752 4639 κάκεῖ
3822 4582 3932 4639 σὺν

525 4670 641 4734 sibi
660 4678 1099 4751 cooperaretur,
1124 4671 1264 4753 quia
1281 4671 1451 4734 multi
1467 4670 1826 4734 resistebant
1844 4672 2168 4735 ei.Factum

2258 4684 2376 4735 τοῖς
2421 4674 2687 4747 μαθηταῖς
2729 4672 3073 4752 προσηύχετο
3114 4679 3192 4747 τῷ
3229 4679 3343 4747 Θεῷ
3386 4676 3705 4752 συνεργῆσαι
3754 4673 3934 4749 αὐτῷ,

530 4768 621 4823 est
648 4768 845 4822 autem
894 4760 1107 4823 festum
1169 4759 1528 4834 Graecorum,
1588 4760 2168 4823 et-sacriﬁcaverunt

2260 4758 2340 4840 ὅτι
2415 4757 2605 4816 πολλοὶ
2658 4760 2962 4817 ἀνθίσταντο
3007 4764 3173 4836 αὐτῷ.
3220 4759 3468 4840 Ἐγένετο
3511 4758 3568 4816 δὲ
3617 4760 3775 4839 ἑορτὴ
3815 4765 3936 4818 τῶν

528 4850 666 4925 diis,
693 4858 753 4913 et
773 4850 1055 4931 postridie
1080 4850 1451 4912 intraverunt
1481 4849 1784 4911 daemones
1812 4849 1875 4911 in
1904 4850 2087 4922 vivos,
2121 4858 2168 4912 el

2264 4839 2533 4917 Ἐλλήνων
2564 4850 2652 4904 καὶ
2684 4846 2868 4906 ἔθυσαν
2917 4850 3101 4914 αὒτοῖς
3153 4849 3278 4929 (26)
3314 4870 3328 4884 ⁸
3394 4851 3483 4907 καὶ
3537 4855 3605 4927 τῇ
3679 4848 3938 4928 ἐπαύριον

526 4939 835 5002 furibundi
864 4938 1260 5002 comedebant
1290 4937 1563 5020 proprias
1588 4956 1820 5015 carnes,
1854 4938 2050 5001 omnis
2068 4958 2168 5019 po-

2262 4935 2501 5004 εἰσῆλθον
2552 4940 2598 4993 οἱ
2658 4936 2903 5013 δαίμονες
2962 4942 3034 5004 εἷς
3086 4940 3207 5002 τοὺς
3266 4939 3591 5019 ἀνθρώπους,
3653 4938 3740 4994 καὶ
3813 4959 3938 5012 μα-

527 5029 700 5111 pulus
737 5049 753 5105 ;
806 5036 865 5091 et
888 5029 1005 5091 cito
1036 5028 1309 5091 exierunt
1361 5028 1425 5089 in
1482 5036 1744 5089 montem
1775 5029 1848 5091 ad
1876 5028 2168 5089 Andream

2263 5027 2437 5090 νέντες
2467 5025 2649 5094 ἤσθιον
2678 5028 2770 5092 τὰς
2830 5026 2961 5093 ἰδίας
3018 5029 3189 5085 αὐτῶν
3247 5029 3443 5107 σάρκας
3492 5034 3595 5090 πᾶς
3648 5028 3676 5083 6
3740 5025 3867 5089 λαός
3912 5043 3930 5057 ⁸

525 5128 855 5197 gementes,
884 5118 1209 5180 clamantes
1268 5126 1327 5180 et
1382 5114 1825 5180 vociferantes:
1890 5117 2168 5180 Miserere

2260 5117 2346 5173 καὶ
2375 5114 2562 5179 εὒθέως
2597 5113 2813 5183 ἐξῆλθον
2871 5118 3001 5197 πρὸς
3058 5119 3119 5174 τὸ
3174 5116 3293 5197 ὅρος
3350 5119 3480 5196 πρὸς
3536 5117 3626 5172 τὸν
3675 5113 3933 5194 Ἀνδρέαν

526 5207 740 5283 nostri,
777 5209 1025 5288 apostoli
1058 5207 1195 5269 boni
1225 5207 1358 5271 Dei.
1392 5204 1531 5267 Haec
1561 5224 1634 5267 ex
1666 5207 1989 5270 traditione
2008 5207 2168 5269 aiqu

2257 5204 2580 5285 ὀδυρόμενοι,
2638 5205 2916 5285 κράζοντες
2965 5208 3054 5264 καὶ
3109 5207 3335 5283 βοῶντες
3370 5223 3385 5237 ⁸
3467 5203 3723 5271 Ἐλέησον
3774 5206 3933 5279 ἡμᾶς

528 5294 848 5376 indigenae,
878 5304 937 5359 et
965 5296 1082 5359 alia
1109 5297 1404 5379 quaedam.
1427 5296 1808 5362 Descendens
1835 5304 2033 5361 autem
2056 5297 2168 5358 An-

2255 5294 2518 5353 ἀπόστολε
2582 5305 2676 5355 τοῦ
2743 5296 2941 5375 ἀγαθοῦ
3010 5304 3162 5358 Θεοῦ.
3199 5303 3411 5377 *Ταῦτα
3463 5299 3510 5354 οἱ
3566 5293 3794 5353 ἐντόπιοι
3864 5292 3929 5351 ἐν

1948 5465 2145 5532 Variae
2175 5464 2487 5529 lectiones.

614 5596 739 5682 (24)
776 5599 877 5682 Sic
900 5599 1033 5666 Vat.
1069 5603 1265 5667 Locus
1321 5603 1741 5668 emendatione
1772 5600 2022 5682 indiget.
2053 5602 2186 5666 Ma-

675 5599 739 5692 .4)
776 5599 1033 5692 Sic‘Yat.
1069 5603 1265 5692 Locus
1321 5603 1741 5668 emendatione
1772 5600 2022 5682 indiget.
2053 5602 2168 5666 Ma-

2352 5598 2470 5692 ἓξ(
2489 5599 2806 5692 fat-{tamtam
2838 5603 3036 5692 χωρίον
3065 5600 3240 5692 (sic):
3250 5600 3384 5666 Vat.

536 5678 754 5744 luerim
784 5682 838 5741 ἐν
868 5681 1023 5764 λόχῳ
1049 5690 1147 5753 τῆς
1176 5686 1396 5766 πέτρας.

2350 5678 2458 5759 (QG
2487 5678 2883 5761 Subintelligo
2912 5678 3187 5763 δαιμοὸινζ
3212 5686 3284 5747 In
3311 5680 3447 5747 cod.
3478 5680 3612 5744 Vat.
3645 5684 3842 5746 αὐτῶν.
