4154 6416
296 399 417 471 Ξ33
1652 402 1843 469 VITA
1881 401 1945 467 8.
1976 400 2334 468 ANDREIE.
3578 395 3701 466 234

302 532 635 613 παραδόσεως
712 533 987 617 λέγουσιν,
1068 536 1160 594 καὶ
1240 534 1396 617 ἕτερά
1461 558 1603 598 τινα.
1678 534 1903 595 Κατελθι]

1990 530 2214 597 tdreas
2241 531 2319 596 de
2347 535 2577 610 monte,
2608 528 2818 597 abiens
2843 529 3007 596 stetit
3030 529 3099 595 in
3127 528 3329 595 medio
3371 547 3600 611 eorum,
3636 537 3697 596 et

302 624 389 684 οὖν
453 626 484 682 ὁ
540 622 790 706 Ἀνδρέας
847 624 956 681 ἀπὸ
1011 630 1104 682 τοῦ
1171 622 1348 705 ὅρους,
1409 624 1650 683 ἀπελθὼν
1710 622 1838 692 ἔστη
1896 623 1903 678 i

2034 620 2366 685 extendens
2415 638 2659 684 manum
2720 620 2891 702 signo
2923 619 3120 684 crucis
3183 618 3435 702 signavit
3454 637 3579 683 eos.
3611 620 3696 685 Et

294 713 442 791 μέσῳ
510 717 709 790 αῦτῶν,
780 713 870 770 καὶ
935 713 1166 779 ἐκτείνας
1234 714 1369 782 τὴνι
1409 726 1574 794 χεῖρα
1671 712 1903 794 ὲσφάγισι

2034 709 2344 773 desierunt
2374 710 2739 774 manducare
2768 727 2981 774 carnes
3026 726 3163 773 suas
3194 728 3210 771 :
3264 718 3327 772 et
3351 707 3691 772 ascendens

291 802 506 867 αῧνούς.
564 804 669 861 Καὶ
739 801 1036 860 ἐπαύσαντο
1092 801 1350 867 ἐσθίοντες
1406 803 1502 868 τὰς
1561 803 1759 863 ἑαυτῶν
1816 801 1903 882 σάς

2034 815 2216 880 super
2242 816 2553 862 scamnum
2589 798 2773 880 cmpit
2792 797 3022 861 dicere:
3047 796 3356 871 Quomodo
3379 802 3571 880 potest
3582 797 3693 860 mi-

285 913 390 956 κας
425 912 443 929 ·
488 893 580 949 καὶ
626 890 858 949 ἀνελθὼν
914 890 1000 949 ἐπὶ
1052 892 1244 972 βάθρου
1298 888 1489 970 ἤρξατο
1549 890 1721 970 λέγειν
1754 905 1769 920 ⁸
1830 896 1903 945 [Id

2033 887 2225 950 sereri
2249 887 2428 951 vestri
2439 889 2620 967 Deus,
2647 893 2708 950 et
2732 886 3047 951 continere
3078 886 3229 950 iram
3258 887 3416 949 hanc
3441 906 3479 950 a
3494 885 3686 971 vobis,

291 979 431 1057 δμᾶς
501 978 621 1061 ἔχει
677 978 897 1049 ἐλεῆσαι
962 982 991 1037 ὁ
1047 981 1177 1044 Θεὸς
1234 981 1324 1036 καί
1378 986 1575 1037 παῦσαι
1632 980 1729 1048 τὴν
1787 978 1903 1057 ὀργιί

2033 992 2212 1057 quem
2240 994 2360 1038 non
2388 976 2564 1040 vultis
2592 975 2871 1059 accipere
2900 976 2933 1039 ‘I
2958 975 3053 1040 vel
3082 976 3378 1060 quomodo
3409 976 3688 1040 exaudiet

294 1069 493 1139 ταύτην
520 1066 610 1150 ἀφ’
639 1070 811 1147 ὑμῶν,
871 1068 932 1125 ὃν
985 1068 1045 1124 οὒ
1085 1066 1262 1126 θέλετε
1316 1066 1574 1144 δέξασθαι,
1620 1067 1658 1137 ἢ
1713 1069 1801 1125 καί
1857 1068 1903 1144 ἐι.

2033 1080 2131 1126 me
2146 1063 2565 1145 deprecantem
2590 1083 2695 1148 pro
2717 1064 2890 1130 vobis
2907 1064 3048 1129 ﬁdei
3064 1084 3185 1128 non
3196 1063 3690 1129 assentientibus?

295 1162 419 1221 πῶς
496 1157 779 1214 ὑπακούσει
860 1156 990 1234 ὑπὲρ
1086 1157 1235 1233 ὑμῶν
1319 1155 1435 1238 (27)
1520 1154 1903 1237 παρακαλοῦντι

2031 1155 2106 1217 Ει
2126 1152 2538 1219 desiderantes
2558 1173 2660 1218 vos
2679 1158 2971 1219 recedere
2986 1173 3023 1218 a
3060 1153 3259 1238 pravis
3294 1154 3508 1219 vestris
3535 1173 3686 1237 ope-

295 1245 443 1320 ὗμῶν
495 1246 574 1322 μὴ
630 1243 1035 1305 συνευδοκοῦντα
1090 1251 1159 1323 τῇ
1214 1247 1386 1302 πίστει
1421 1264 1439 1327 ;
1503 1247 1605 1303 Καὶ
1651 1245 1903 1313 ἀποστῆνι

2028 1240 2198 1305 ribus
2226 1242 2415 1307 doceo
2449 1243 2602 1307 viam
2654 1244 2884 1322 salutis,
2937 1252 2998 1309 et
3054 1242 3324 1308 irridetis
3352 1262 3472 1309 me.
3502 1242 3687 1309 Multa

292 1332 722 1414 προαιρουμένων
771 1333 830 1390 ἐκ
897 1339 1002 1392 τῶν
1059 1338 1308 1414 πονηρῶν
1362 1334 1510 1410 ὑμῶν
1578 1332 1746 1414 ἔργων
1801 1331 1903 1391 διδά

2027 1328 2149 1394 dixi
2175 1330 2346 1395 vobis
2372 1352 2388 1394 :
2415 1332 2706 1397 Recedite
2730 1332 2805 1396 ab
2834 1332 3049 1412 idolis;
3085 1340 3296 1398 etnon
3322 1339 3557 1415 oportet
3584 1331 3686 1397 de-

286 1443 404 1479 σκω
472 1425 610 1499 ὑμᾶς
678 1421 797 1481 ὁδὸν
851 1422 1116 1501 σωτηρίας
1150 1438 1166 1453 ⁸
1244 1423 1334 1479 ααὶ
1388 1423 1545 1500 ὑμεῖς
1607 1424 1903 1503 μυκτηρίζεη

2027 1419 2693 1502 precariquosodoratis
2706 1421 2876 1505 deos,
2901 1422 3098 1504 potius
3124 1428 3323 1485 autem
3352 1422 3680 1487 daemones.

279 1533 378 1589 με.
431 1511 616 1569 Πολλὰ
670 1512 830 1569 εἷπον
884 1512 1011 1588 ὑμῖν
1046 1530 1059 1544 ⁸
1117 1507 1416 1582 Ἀπόστητε
1472 1511 1579 1568 ἀπὸ
1634 1517 1740 1569 τῶν
1789 1509 1903 1569 εἰδώ

2024 1505 2167 1589 Ipsi,
2200 1509 2264 1571 in
2292 1508 2458 1572 vobis
2488 1516 2554 1574 ut
2580 1509 2643 1573 in
2674 1510 2863 1574 servis
2918 1511 3045 1575 suis
3074 1510 3498 1587 inhabitantes,
3532 1528 3680 1593 pro-

277 1599 394 1658 λων
452 1619 470 1638 ⁸
513 1599 607 1658 καὶ
634 1603 840 1681 οὗχρῆν
870 1597 1117 1680 εὔχεσθαι
1151 1598 1257 1681 (28
1269 1599 1318 1681 ),
1350 1610 1438 1665 οὓς
1466 1598 1743 1680 λατρεόετε
1769 1599 1903 1665 θεοὺς

2026 1596 2216 1677 priam
2265 1598 2658 1662 ostenderunt
2710 1598 3207 1681 improbitatem;
3264 1599 3488 1665 bonum
3516 1599 3680 1664 enim

275 1687 483 1765 μᾶλλον
520 1687 577 1745 δὲ
634 1686 911 1765 δαίμονας,
971 1690 1123 1747 Οὗτοι
1159 1687 1234 1751 ὠς
1259 1690 1471 1753 οἰκείοις
1527 1685 1728 1752 δούλοις
1771 1689 1902 1746 εἰσοι

2023 1684 2222 1749 facere
2246 1705 2367 1749 non
2412 1695 2684 1769 possunt.
2741 1687 3110 1751 Mundemini
3164 1694 3225 1751 et
3276 1689 3548 1753 accedite
3601 1688 3680 1753 ad

278 1776 547 1843 κωθέντες
618 1776 676 1833 ἐν
739 1779 869 1854 ὁμτν
936 1777 1033 1845 τὴν
1061 1863 1083 1873 Α
1103 1774 1232 1835 ἰδίαν
1298 1779 1487 1835 κακίαν
1555 1775 1883 1844 ἐπεδείξαντο

1990 1772 2440 1873 ,Deumvivum
2497 1784 2584 1873 et
2609 1793 2841 1873 verum,
2893 1775 3447 1873 signemiui__si_gno
3478 1777 3679 1873 crucis

286 1864 483 1943 ἀγαθὸν
510 1867 609 1946 γὰρ
657 1871 883 1935 ποιῆσαι
947 1866 1007 1923 οὖ
1057 1863 1324 1929 δύνανται.
1369 1868 1570 1943 Νίψατε
1623 1867 1711 1923 καὶ
1766 1889 1902 1947 προσ

1990 1863 2082 1927 ὀι
2110 1864 2337 1943 fugient
2364 1884 2399 1928 a
2453 1864 2619 1928 vobis
2670 1864 3026 1944 daemones;
3078 1863 3394 1930 valedicite
3448 1866 3674 1946 verbis,

287 1952 466 2012 ἐλθετε
528 1962 641 2029 Θεῷ
680 1956 838 2027 ζῶντι
896 1956 986 2013 καὶ
1038 1953 1297 2036 ἀληθινῷ,
1357 1956 1446 2012 καὶ
1487 1955 1807 2036 σφραγίσατε
1860 1966 1903 2013 τι

2020 1971 2227 2016 eorum
2250 1953 2534 2036 operibus
2556 1962 2615 2018 et
2635 1953 2966 2037 obsequiis,
2992 1954 3130 2038 quia
3150 1954 3415 2020 tenebrae
3431 1964 3593 2035 sunt,
3615 1964 3680 2021 et

290 2044 503 2118 σημείῳ
563 2050 653 2101 τοῦ
716 2050 961 2125 σταυροῦ,
1033 2044 1122 2100 καὶ
1191 2042 1462 2125 φεύξονται
1531 2041 1622 2123 ἀφ’
1687 2044 1835 2120 ὑμῶν
1891 2067 1903 2101 ι

2018 2042 2267 2124 accipite
2301 2060 2467 2107 arma
2514 2041 2688 2122 lucis,
2719 2049 2789 2107 ut
2815 2048 2880 2108 et
2909 2063 3068 2108 nunc
3094 2044 3161 2107 in
3189 2062 3337 2126 pace
3362 2052 3422 2108 et
3448 2049 3675 2110 valetu-

288 2128 535 2207 δαίμονες
567 2150 583 2166 ·
650 2130 977 2198 ἆποτάξασθε
1031 2131 1203 2188 αὐτῶν
1258 2145 1376 2196 τοῖς
1427 2130 1611 2211 λόγοις
1664 2132 1730 2194 τά
1782 2131 1903 2213 ἔργα

2018 2132 2159 2195 dine
2178 2133 2349 2195 ﬁrma
2370 2133 2600 2212 vivatis,
2625 2141 2684 2196 et
2710 2133 2908 2197 futura
2935 2133 3095 2199 bona
3120 2134 3501 2216 possideatis.
3532 2136 3673 2202 Haec

281 2219 384 2307 τάς
432 2219 691 2301 λατρείας,
765 2218 848 2277 ὅτι
916 2220 1181 2278 σκοτειναί
1246 2221 1400 2302 εἰσιν,
1469 2222 1559 2278 καὶ
1614 2219 1903 2279 ἆναλάϐεσθ

2014 2221 2213 2284 animo
2230 2221 2466 2286 condite
2489 2221 2843 2303 etcogitate,
2867 2230 2928 2287 et
2952 2241 3160 2287 eorum
3179 2223 3370 2288 Deum
3398 2223 3666 2307 adorato,

275 2306 421 2365 ὅπλα
451 2311 646 2389 φωτὸς,
703 2307 799 2368 ἵνα
855 2310 945 2367 καὶ
996 2317 1083 2369 νῦν
1139 2308 1195 2366 ἐν
1243 2310 1425 2390 εἰρήνῃ
1484 2309 1571 2366 καὶ
1623 2310 1771 2388 ὕγείᾳ
1797 2310 1903 2387 βιώι

2015 2309 2168 2373 etin
2200 2309 2484 2375 omnibus
2510 2310 2732 2392 gratias
2783 2310 2939 2392 agite
2979 2310 3105 2377 Deo
3162 2319 3222 2377 et
3250 2312 3413 2376 Patri
3443 2306 3661 2379 Domin

268 2418 407 2464 σητε
435 2399 524 2455 καὶ
564 2404 673 2455 τῶν
702 2395 1028 2474 μελλόντων,
1087 2397 1297 2477 ἀγαθῶν
1354 2396 1714 2466 ἆπολαύσητε.
1755 2406 1903 2458 Ταῦτε

2010 2396 2200 2460 nostri
2225 2397 2370 2462 Jesu
2400 2397 2641 2479 Christi,
2687 2405 2749 2462 et
2802 2407 3005 2465 sancto
3067 2402 3199 2483 ejus
3237 2400 3537 2484 Spiritui;
3604 2420 3671 2478 et

266 2484 580 2562 ἐνθυμεῖσθε
650 2489 739 2545 καὶ
803 2499 1135 2563 κατανοεττε,
1210 2488 1300 2545 καὶ
1364 2489 1456 2544 τὸν
1528 2487 1727 2545 τούτων
1796 2490 1903 2546 Θεὸι

2007 2485 2234 2566 fugient
2260 2504 2296 2549 a
2321 2486 2491 2550 vobis
2515 2488 2817 2552 daemones
2845 2496 2910 2553 et
2938 2489 3137 2554 omnis
3166 2489 3480 2572 aegritudo.

260 2589 640 2655 προσκυνεῖτε,
670 2577 760 2634 καὶ
784 2576 1154 2657 εὔχαριστεϊτε
1185 2574 1269 2664 διᾲ
1291 2576 1488 2640 πάντος
1517 2577 1609 2664 rev
1637 2578 1766 2634 Θεὸν
1808 2578 1898 2634 καὶ
1955 2574 2164 2656 Πατέρα
2219 2582 2310 2633 τοῦ
2366 2576 2553 2658 Κυρίου
2581 2578 2737 2655 ἡμῶν
2788 2575 2972 2646 Ἰησοῦ
3028 2586 3276 2659 Χριστοῦ,
3308 2580 3397 2638 καὶ
3424 2580 3485 2639 τὸ
3511 2582 3667 2664 ἅγιον

259 2669 428 2727 αὖτοῦ
459 2671 675 2742 Πνεῦμα
708 2680 723 2697 ⁸
755 2666 846 2723 καὶ
873 2664 1141 2745 φεύξονται
1170 2662 1263 2746 ἀφ’
1289 2666 1436 2742 ὑμῶν
1466 2668 1513 2723 οἱ
1542 2662 1783 2741 δαίμονες
1810 2667 1900 2724 καὶ
1926 2671 2073 2723 πᾶσα
2100 2664 2276 2730 νόσος,

344 2755 689 2831 Συνθεμένων
774 2756 867 2812 οὖν
934 2755 1105 2813 αὐτῶν
1173 2755 1262 2811 καὶ
1324 2751 1766 2835 παρακαλούντων
1835 2753 1920 2812 ἐπὶ

255 2844 324 2901 τὸ
392 2842 713 2924 προσελθεῖν
781 2842 967 2908 αὐτοῖς
1035 2840 1191 2923 (29),
1250 2843 1451 2908 πάντας
1503 2845 1640 2906 ἰᾶτο.
1696 2843 1798 2902 Καὶ
1848 2850 1917 2921 τῇ

255 2932 512 3011 ἐπαύριον
541 2933 787 3013 συνήχθη
817 2938 920 2996 πᾶς
979 2933 1008 2988 ὁ
1062 2930 1213 3006 λαὸς,
1276 2932 1453 3011 μικροί
1507 2951 1565 2988 τε
1614 2930 1712 3013 Δξιιαιί
1741 2931 1917 3011 μεγά-

254 3019 371 3096 λοι,
398 3003 587 3099 ανδρες
609 3003 721 3077 καί-
744 3032 1018 3099 γυναῖκες,
1050 3003 1295 3078 Ἰουδαῖοί
1348 3003 1405 3076 τε
1461 3020 1550 3077 καὶ
1612 3003 1862 3087 Ἑλλήνες
1898 3039 1914 3056 ⁸

2080 2751 2561 2817 Assentientibus
2589 2760 2790 2818 autem
2822 2754 2911 2819 eis
2939 2761 2999 2819 et
3025 2753 3427 2834 ﬂagitantibus
3458 2765 3523 2822 ut
3549 2778 3657 2824 oc-

2002 2848 2277 2905 curreret
2300 2842 2410 2921 eis,
2443 2842 2674 2908 sanavit
2702 2862 2932 2907 omnes.
2984 2844 3063 2909 Et
3090 2844 3377 2926 postridie
3400 2865 3658 2930 congre-

2001 2936 2172 3011 gatus
2201 2937 2292 2993 est
2319 2931 2514 2994 omnis
2543 2932 2822 3015 populus,
2857 2932 3089 3016 parvuli
3119 2940 3183 2997 et
3211 2935 3436 3016 magni,
3464 2936 3575 3000 viri
3595 2945 3659 3005 et

2004 3018 2309 3101 mulieres,
2342 3017 2535 3083 Judaei
2562 3028 2622 3085 et
2649 3020 2839 3107 Graeci
2873 3042 2891 3101 ;
2920 3039 3131 3085 omnes
3158 3022 3322 3087 enim
3351 3042 3656 3092 convene-

261 3110 458 3223 πᾶἴτες
549 3110 653 3189 γὰρ
720 3109 1072 3223 συνήρχοντο,
1148 3100 1207 3223 (Θ
1276 3107 1331 3166 δὲ
1373 3106 1642 3220 ςἈνδρέας
1702 3107 1903 3223 ἒξελθὼη

1996 3117 2155 3223 rant.
2203 3107 2473 3223 Andreas
2498 3100 2718 3223 .aut'e’m
2769 3112 2974 3223 exieps
3017 3111 3093 3175 ad
3123 3129 3249 3191 eos,
3269 3119 3372 3223 .etl
3399 3122 3563 3179 stans
3587 3115 3654 3180 in

266 3198 398 3276 πρὸς
466 3199 654 3263 αὐτοὺς
707 3199 796 3256 καὶ
846 3200 977 3263 στὰς
1025 3199 1098 3262 εἰς
1153 3198 1243 3256 τὸν
1298 3198 1428 3278 χθὲς
1481 3197 1646 3255 τόπον
1707 3198 1903 3256 εἶπεν

1995 3196 2278 3260 hesterno
2307 3196 2436 3261 loco
2458 3198 2541 3261 ait
2563 3217 2579 3263 :
2605 3198 2721 3263 Pax
2743 3199 3063 3279 omnibus;
3095 3202 3196 3282 qui
3226 3199 3457 3266 viribus
3488 3221 3648 3285 pra;-

269 3288 468 3365 Εἰρήνη
491 3293 651 3345 πᾶσιν
680 3305 696 3321 ⁸
745 3289 795 3345 οἱ
847 3284 903 3343 δὲ
952 3285 1235 3365 ῥωσθέντες
1291 3293 1389 3364 μιᾷ
1429 3291 1580 3369 φωνῇ
1628 3284 1848 3367 ἔκραξαν
1894 3307 1911 3324 ⁸

272 3375 375 3433 Καὶ
424 3382 501 3450 τῷ
554 3374 813 3453 πνεύματί
863 3396 980 3437 σου.
1039 3375 1139 3436 Καὶ
1177 3378 1206 3433 ὁ
1264 3372 1510 3457 Ἀνδρέας
1566 3372 1760 3455 ἤρξατο
1813 3374 1911 3433 λέ-

269 3483 389 3545 γειν
420 3479 436 3495 ⁸
468 3473 567 3524 Τοῦ
589 3464 783 3544 ἀγαθοῦ
829 3464 921 3522 καὶ
977 3463 1140 3540 μόνου
1196 3469 1328 3522 Θεοῦ
1376 3464 1467 3521 καὶ
1519 3468 1753 3531 Ποιητοῦ
1805 3470 1911 3522 τῶν

270 3552 518 3609 ἁπάνθων
580 3553 898 3629 τιμήσαντος
962 3554 1054 3610 τὸν
1125 3551 1396 3633 ἄνθρωπον
1458 3558 1528 3630 τῇ
1582 3550 1683 3625 ἰδίᾳ
1749 3551 1908 3611 εἰκόνι

268 3640 515 3721 ἔγύτευσε
563 3639 870 3723 παραδεισον
920 3642 1059 3700 κατὰ
1110 3640 1391 3717 ἀνατολὰς,
1453 3641 1542 3698 καὶ
1582 3639 1738 3723 ἔθετοΔ
1792 3640 1910 3698 ἐκεῖ

263 3719 356 3789 τὸν
384 3719 647 3812 ἄνθρωπον
703 3729 823 3796 δοὺς
878 3730 1022 3807 αὒτῷ
1075 3729 1294 3799 ἐντολὴν
1352 3730 1661 3795 ἀθανασίας.
1724 3719 1781 3790 ιΟ
1819 3729 1908 3788 οὗν

256 3821 492 3902 πονηρὸς
556 3817 799 3885 διάϐολος
867 3820 1132 3901 φθονήσας
1215 3820 1432 3888 ἐποίησε
1501 3815 1568 3876 δι’
1638 3818 1906 3901 ὑπερηφα-

246 3911 391 3976 νείας
444 3909 535 3967 καὶ
601 3907 1043 4001 ὑψηλοφροσύνης
1058 3998 1081 4001 Α
1098 3916 1424 4001 παρακοῦσαι
1492 3908 1616 4001 Iov”
1637 3903 1909 4001 ἄνθρωπον

248 4008 389 4060 Θεοῦ
427 4008 522 4060 τοῦ
571 3999 953 4068 πεποιηκότος.
1010 3998 1151 4057 Εῖπε
1206 3999 1329 4080 γὰρ,
1389 3996 1469 4055 ὅτι
1529 4019 1558 4054 α
1591 3996 1803 4055 Ἐσεσθε
1829 3998 1905 4063 ὡς

244 4090 360 4148 θεοί
398 4107 414 4123 ⁸
447 4111 477 4145 ι
529 4087 647 4147 ὅθεν
695 4088 898 4168 ἐτράπη
949 4088 1024 4153 εἰς
1081 4089 1273 4171 φθορὰν
1330 4085 1382 4155 ἐξ
1435 4086 1743 4168 ἀφθαρσίας.
1803 4089 1904 4146 Καὶ

1992 3285 2277 3367 valentes,
2308 3304 2428 3349 una
2454 3305 2599 3351 voce
2624 3288 3028 3352 clamaverunt
3057 3305 3074 3351 :
3125 3289 3203 3352 Et
3251 3288 3490 3370 spiritui
3520 3300 3646 3361 tuo.

1993 3373 2063 3439 Et
2088 3374 2356 3439 Andreas
2406 3376 2588 3457 coepit
2642 3375 2888 3443 dicere:
2949 3380 3096 3439 Cum
3151 3375 3346 3441 bonus
3397 3387 3457 3441 et
3482 3382 3647 3446 solus

1991 3464 2153 3527 Deus
2183 3470 2241 3525 et
2271 3462 2517 3527 Creator
2542 3465 2814 3528 omnium
2863 3464 3172 3529 hominem
3201 3465 3463 3531 auxisset
3488 3468 3645 3534 ima-

1990 3550 2129 3631 gine
2157 3568 2283 3628 sua,
2342 3552 2626 3633 plantavit
2666 3553 3008 3635 paradisum
3066 3553 3143 3617 ad
3198 3552 3554 3635 Orientem;
3586 3567 3649 3623 et

1989 3639 2074 3703 ibi
2089 3640 2290 3722 posuit
2310 3641 2640 3716 hominem,
2664 3642 2815 3705 dans
2843 3641 2899 3706 ei
2921 3648 3281 3724 praeceptum
3299 3644 3646 3711 immortali-

1989 3732 2145 3817 tatis.
2194 3728 2520 3794 Perversus
2569 3730 2753 3811 igitur
2780 3730 3077 3808 diabolus,
3107 3731 3330 3795 invidia
3357 3733 3640 3817 ﬂagrans,

1988 3815 2131 3880 fecit
2151 3836 2261 3899 per
2290 3818 2630 3900 superbiam
2649 3826 2709 3883 et
2735 3822 3131 3899 arrogantiam
3157 3827 3223 3883 ut
3251 3840 3371 3884 non
3400 3815 3643 3905 pareret

1990 3906 2172 3968 homo
2192 3906 2317 3972 Deo
2362 3907 2653 3974 Creatori.
2685 3907 2845 3971 Dixit
2873 3908 3035 3973 enim
3064 3909 3203 3992 quia
3245 3910 3453 3976 Eritis
3479 3916 3643 3979 sicut

1987 3994 2079 4057 dii
2103 3996 2172 4074 4;
2204 3996 2365 4060 unde
2395 4014 2722 4060 conversus
2752 4004 2841 4061 est
2868 3998 2932 4060 in
2961 4001 3408 4079 corruptionem
3441 4020 3512 4065 ex
3539 4003 3641 4068 in-

1986 4080 2393 4174 corruptione.
2424 4084 2496 4147 Et
2523 4085 2729 4165 genuit
2774 4086 2962 4150 ﬁlium
3007 4086 3435 4154 inobedientiae
3464 4092 3633 4174 Cain,

247 4176 431 4235 ἔτεκεν
483 4178 595 4236 υἱὸν
649 4181 952 4259 παρακοῆς,
1020 4178 1111 4236 τὸν
1174 4178 1335 4259 Κάΐν,
1400 4176 1457 4242 ὃς
1512 4175 1901 4257 ὲχαρακτήρισε

1990 4172 2086 4254 qui
2113 4172 2435 4253 imaginem
2468 4174 2764 4257 expressit
2806 4174 3054 4241 diaboli.
3111 4175 3322 4241 Factus
3352 4185 3445 4242 est
3473 4172 3636 4245 enim

241 4268 340 4324 τὸν
387 4263 653 4327 διάϐολον.
704 4264 949 4347 Ἐγένετο
1003 4266 1105 4347 γὰρ
1159 4267 1297 4325 Κάῒν
1353 4264 1633 4346 ἐφευρετὴς
1685 4264 1898 4323 πάντων

1990 4260 2124 4325 Cain
2152 4262 2427 4327 inventor
2450 4264 2715 4327 omnium
2739 4264 3057 4329 malorum.
3078 4264 3152 4328 Et
3189 4274 3502 4350 postquam
3529 4270 3635 4336 in-

240 4361 451 4416 κακῶν.
518 4355 620 4413 Καὶ
687 4354 943 4436 φονεύσας
1010 4356 1103 4413 τὸν
1172 4353 1309 4412 ἴδιον
1378 4352 1627 4436 ἀδελφὸν,
1697 4350 1896 4412 δίκαιον

1990 4352 2215 4415 lerfecit
2241 4352 2486 4416 fratrem
2513 4372 2684 4417 suum
2742 4354 2845 4436 qui
2884 4354 3083 4435 justus
3128 4362 3255 4419 erat
3281 4365 3341 4420 et
3368 4367 3629 4439 sanctus,

240 4443 370 4502 ὄντα
411 4445 500 4502 καὶ
554 4444 707 4524 ἅγιον
713 4491 737 4546 ,‘
791 4441 993 4543 ἔλαϐεν,
1031 4444 1167 4503 ἐπτᾶ
1220 4441 1526 4546 καταδίκας,
1579 4439 1762 4546 ἐπειδὴ
1805 4445 1895 4500 καὶ

1990 4449 2209 4546 septem
2239 4458 2445 4544 poenas
2462 4442 2649 4545 dedit,
2667 4444 2956 4546 quoniam
2973 4452 3032 4508 et
3034 4444 3205 4546 'I‘nala
3216 4457 3452 4546 septem
3469 4448 3630 4546 fece-

242 4533 380 4591 ἐπτὰ
404 4533 548 4591 κακὰ
594 4516 899 4613 εἰργασατο.
966 4516 1080 4593 εδτε
1135 4534 1237 4615 γὰρ
1290 4534 1385 4598 τὰς
1437 4516 1687 4614 ἀπαρχὰς
1718 4553 1891 4612 προσ-

1990 4516 2082 4594 rat.
2104 4516 2259 4594 Cum
2272 4532 2434 4595 enim
2458 4516 2752 4614 primi-tias
2773 4532 3013 4615 frugum
3034 4533 3157 4597 Deo
3180 4516 3415 4615 obtulit,
3463 4537 3627 4619 opti-

239 4620 392 4704 έιρερε
418 4628 499 4698 τῷ
525 4628 644 4693 Θεῷ
671 4627 777 4680 τῶν
829 4628 1071 4704 καρπῶν,
1116 4624 1271 4686 αύτὸς
1332 4623 1400 4680 τὰ
1452 4619 1711 4679 κάλλιστα
1737 4626 1889 4702 πρῶ-

1990 4636 2068 4707 na
2090 4619 2221 4702 ipse
2251 4621 2480 4701 primus
2506 4620 2783 4700 comedit,
2819 4629 2876 4684 et
2907 4641 3044 4685 ecce
3076 4621 3336 4705 primum
3366 4624 3622 4707 malum;

233 4732 330 4775 τος
358 4710 561 4788 ἤσθιεν,
610 4710 700 4768 καὶ
741 4708 910 4775 οὕτως
936 4718 1014 4788 τῷ
1069 4716 1187 4787 Θεῷ
1226 4709 1543 4792 προσέφερεν
1577 4726 1593 4742 ⁸
1649 4707 1758 4767 ἰδοὺ
1786 4710 1887 4790 γὰρ

1990 4704 2296 4772 iecundum
2326 4709 2572 4789 invidia,
2607 4710 2917 4774 invidebat
2943 4704 3105 4774 enim
3131 4712 3305 4775 fratri
3331 4734 3352 4791 ;
3379 4704 3623 4779 tertium

230 4806 450 4882 πρῶτον
474 4799 660 4859 κακόν.
696 4799 947 4880 Δεύτερον
992 4797 1073 4884 δὲ,
1128 4800 1316 4882 φθόνον
1353 4816 1369 4832 ⁸

1434 4799 1637 4880 ἔφθόνει
1665 4799 1764 4881 γὰρ
1791 4800 1881 4858 τὸν

1990 4796 2161 4881 lolus,
2190 4797 2379 4863 Deum
2410 4799 2571 4862 enim
2606 4799 2817 4862 fefellit
2842 4807 2902 4862 et
2957 4807 3236 4882 parentes
3266 4823 3284 4877 ;
3343 4810 3620 4884 quartum

227 4887 461 4971 ἀδελφόν
498 4908 514 4924 ·
565 4887 762 4969 τρίτον,
809 4887 985 4972 δόλον,
1019 4888 1101 4947 ὅτι
1140 4889 1333 4966 καὶτῷ
1374 4894 1490 4965 Θεῷ
1518 4889 1750 4952 καὶτοῖς
1779 4910 1892 4967 γοα

1990 4884 2189 4963 ιάἰυω,
2224 4886 2558 4952 abhorrens
2588 4888 2750 4952 enim
2793 4888 3089 4969 cogitabat
3116 4892 3417 4972 quomodo
3446 4892 3618 4957 illum

229 4988 408 5038 νεῦσιν
478 4975 808 5036 ἐδολιεύσατο
837 4993 855 5012 ⁸
923 4978 1195 5061 τέταρτον,
1267 4990 1428 5057 μῖσος
1464 4993 1478 5010 ⁸
1554 4982 1724 5056 μισῶν
1780 4977 1881 5057 γὰρ

230 5065 484 5145 Ξμελὶτα,
513 5072 632 5133 πῶς
658 5068 816 5127 αὐτὸν
862 5067 1149 5127 ἀποκτενεῖ
1177 5084 1194 5102 ⁸
1248 5068 1517 5150 πέμπτον,
1569 5068 1670 5138 τὴν
1696 5088 1877 5147 παρα·-

227 5158 369 5226 κοὴν
395 5166 488 5219 τοῦ
541 5163 674 5216 Θεοῦ
727 5158 818 5216 καὶ
869 5164 976 5216 τῶν
1029 5156 1231 5239 γονέων
1263 5173 1279 5191 ⁸
1337 5156 1516 5218 πολλὰ
1580 5158 1682 5239 γὰρ
1734 5160 1877 5232 αὐτῷ

221 5245 473 5327 ἕλιξ-λων,
506 5246 588 5327 μὴ
632 5259 815 5307 ποιεῖν
868 5245 1021 5308 δόλον
1060 5248 1138 5324 τῷ
1189 5253 1307 5326 Θεῷ
1336 5262 1353 5283 ⁸
1404 5245 1582 5330 ἕκτον,
1615 5247 1716 5317 τὴν
1743 5243 1881 5310 πλά-

304 5415 342 5468 4
366 5413 519 5482 Gen.
549 5430 638 5497 in,
669 5415 733 5479 ὃ.
814 5415 851 5470 Β
876 5412 1027 5483 Gen.
1053 5428 1141 5495 tv,
1168 5413 1234 5484 8.

1961 4973 2371 5056 interﬁceret;
2422 4976 2695 5060 quintum
2726 4977 3136 5042 inobedientia
3166 4997 3307 5060 erga
3333 4981 3527 5045 Deum
3559 4990 3621 5048 et

1961 5073 2263 5146 parentes,
2297 5066 2489 5130 multa
2516 5065 2678 5129 enim
2707 5066 2795 5131 illi
2831 5066 3112 5132 dicebant
3137 5074 3205 5132 ut
3232 5087 3311 5133 ne
3341 5068 3614 5135 fraudem

1959 5153 2182 5244 faceret
2233 5172 2375 5236 erga
2425 5153 2668 5236 Deum;
2726 5162 2959 5221 sextum
3014 5156 3340 5237 simulatio,
3373 5157 3616 5244 decepit

1960 5243 2398 5330 enimfratrem
2426 5262 2602 5311 suum
2630 5244 2865 5327 dicens,
2894 5245 3210 5314 Exeamus
3239 5247 3309 5315 tu
3334 5243 3608 5333 campoli,

1643 5591 1840 5662 Varia
1866 5592 2176 5664 lectiones.

296 5728 419 5897 si

393 5805 550 5900 lSi'c
578 5808 848 5898 explica,
881 5823 1017 5895 qua
1040 5805 1179 5878 Vat.
1232 5805 1507 5896 praebet:
1562 5807 1649 5873 καί
1674 5806 1771 5871 οὐκ
1795 5831 1875 5882 ηνλ

806 5969 1065 6040 Primos.
1094 5967 1208 6043 Gn.
1236 5960 1413 6039 CXX.

1949 5726 2172 5814 εὔχεσεε
2189 5726 2368 5814 (sic).

2189 5808 2417 5891 ’Enl'ﬁ»
2441 5809 2754 5895 προσελθεῖν
2784 5811 2928 5895 αύτῷ
2955 5809 3090 5882 Vat.
