4154 6416
460 399 582 468 235
1755 394 2094 467 EPIPHAN

2185 398 2529 465 MONAGHI
3724 388 3846 455 236

461 531 635 618 quasi
658 531 809 595 utin
837 529 1019 595 altum
1057 528 1415 608 tolleretur;
1473 528 1793 612 septimum
1850 529 2099 594 menda-

2188 555 2281 600 νην
2318 551 2331 564 ⁶
2367 529 2633 599 ἐπλάνησε
2663 532 2763 610 γὰρ
2790 530 2882 587 τὸν
2932 527 3072 586 ἴδιον
3125 526 3351 618 ἀδελφὸν
3381 528 3544 583 εἰπών
3585 542 3597 555 ⁸
3638 549 3666 581 α
3707 525 3851 581 Διέλ-

462 604 646 701 ἑίιιω,
678 627 989 703 postquam
1020 618 1180 682 enim
1214 604 1562 694 interfecit;
1584 618 1735 681 dixit
1784 618 1841 681 ei
1898 619 2059 682 Deus
2091 637 2099 682 :

2192 624 2365 698 θωμεν
2394 623 2466 685 εἷς
2514 622 2575 676 τὸ
2623 604 2822 693 πεδίον,
2862 641 2886 674 ι)
2950 617 3102 685 δῆθεν
3161 604 3580 696 με-ίέωρισθῆναι
3616 635 3630 648 ·
3696 612 3851 671 ἕϐδο-

597 718 688 776 est
705 709 855 774 Abel
875 711 1101 805 fruter_
1116 714 1257 773 tuus
1281 708 1472 805 ‘?_-non
1500 708 1801 805 ignorans,
1833 710 1936 771 sed
1964 708 2099 771 dans

2194 733 2290 785 μον
2320 711 2381 766 τὸ
2412 707 2650 805 ψεῦδοςέ
2699 709 2834 783 μετὰ
2880 708 2980 785 γὰρ
3036 708 3097 763 τὸ
3127 715 3373 786 φονεῦσαι
3432 706 3588 760 εἶπεν
3634 707 3773 777 αὒτῷ
3822 707 3851 759 6

465 802 523 864 ei
553 790 749 865 locum
793 798 1196 881 poenitentiae;
1226 809 1282 861 at
1312 797 1415 861 ille
1444 816 1564 860 non
1595 796 1785 859 solum
1817 816 1937 859 non
1967 815 2099 859 cur-

2194 797 2322 862 Θεός
2353 812 2366 827 '
2403 819 2428 859 ο
2476 805 2585 856 Ποῦ
2620 790 2771 854 Ἅϐελ
2802 799 2829 853 6
2860 793 3082 875 ἀδελφός
3115 815 3207 850 σου
3241 814 3257 874 ;
3297 817 3323 848 ι
3346 795 3454 881 ,οὒκ
3483 793 3710 870 ἀγνοῶν,
3730 790 3848 847 ἀλλ’

460 897 633 954 vatus
651 896 767 967 est,
793 880 1005 952 dolens
1050 888 1129 951 de
1154 886 1475 951 solitudine
1503 893 1565 950 et
1592 885 1860 949 discessu
1888 885 2099 967 fratris,

2193 886 2336 961 αὒτῷ
2363 887 2547 967 χώραν
2579 883 2930 962 μεταμελείας
2988 882 3155 947 διδούς
3191 900 3205 914 ’
3256 885 3284 938 6
3339 880 3393 937 δὲ
3451 885 3511 941 οῦ
3562 884 3722 957 μὸνον
3754 885 3849 940 οὒκ

461 978 570 1043 sed
598 985 659 1042 et
687 977 1072 1060 impudenter
1098 974 1384 1039 mentitus
1418 982 1507 1038 est
1534 973 1741 1037 dicens
1774 992 1789 1038 :
1840 973 2058 1037 Nescio
2093 996 2099 1048 ς

2194 975 2436 1054 ἐκάμφθη
2480 974 2890 1054 σπλαγχνισθεὶς
2942 972 3026 1029 ἐπὶ
3068 978 3136 1049 τῇ
3193 971 3420 1060 μονῴσει
3477 972 3567 1060 καὶ
3609 978 3686 1044 τῷ
3717 992 3841 1050 χω-

459 1057 986 1149 numqut'dcustos
1007 1064 1196 1145 [atris
1217 1067 1341 1128 mei
1362 1082 1499 1127 sum
1523 1081 1630 1144 ego
1648 1062 1682 1112 6
1707 1062 1732 1125 't
1753 1062 1839 1125 sic
1853 1062 2099 1125 irridens

2195 1070 2366 1145 ρισμῷ
2418 1070 2511 1121 τοῦ
2566 1061 2809 1142 ἀδελφοῦ,
2872 1060 3009 1118 ἀλλὰ
3060 1061 3149 1149 καὶ
3206 1058 3428 1149 ἀναιδῶς
3468 1057 3731 1149 ἐψεύσατο
3775 1059 3844 1121 εἷ-

459 1146 675 1218 Deum.
712 1154 828 1219 Sed
851 1154 1051 1235 justus
1078 1152 1236 1216 Deus
1285 1160 1514 1234 septem
1561 1152 1849 1215 malorum
1883 1158 2099 1233 septem

2193 1153 2307 1210 πών
2343 1168 2358 1183 ⁹
2412 1171 2443 1212 (
2473 1156 2581 1211 Οὐκ
2609 1149 2733 1208 οἶδα
2769 1166 2782 1181 ⁸
2819 1151 2897 1226 μὴ
2928 1147 3089 1235 φύλαξ,
3120 1149 3225 1224 ἐῖμι
3254 1158 3347 1207 τοῦ
3374 1146 3598 1228 ἀδελφοῦ
3632 1167 3772 1226 μους
3812 1170 3835 1203 ι)

461 1261 669 1325 poenas
692 1229 969 1325 sumpsit.
991 1241 1064 1305 Et
1086 1242 1278 1324 prima
1300 1229 1565 1323 quidem,
1593 1240 1873 1305 alienatio
1901 1260 1935 1303 a
1955 1229 2099 1318 Deo;

2193 1244 2267 1305 ὡς
2322 1243 2413 1298 τὸν
2473 1243 2602 1298 Θεὸν
2652 1229 3003 1319 μυκτηρίζων.
3069 1229 3127 1295 Ὀ
3183 1236 3238 1293 δὲ
3294 1235 3491 1299 δίκαιος
3551 1239 3679 1299 Θεὸς
3735 1242 3842 1292 τῶν

462 1324 607 1396 exiit
633 1332 795 1396 enim
822 1324 968 1396 Cain
996 1350 1033 1394 a
1060 1330 1211 1394 facie
1239 1330 1350 1394 Dei
1382 1351 1398 1409 ;
1432 1331 1695 1394 secunda
1724 1338 1947 1411 autem,
1981 1348 2099 1391 ma-

2194 1332 2329 1388 ἑπτὰ
2368 1337 2545 1388 κακῶν
2605 1331 2736 1386 ἑπτὰ
2795 1327 2986 1385 ἔδωκεν
3039 1328 3133 1390 τὰς
3190 1326 3466 1405 τιμωρίας.
3528 1328 3626 1383 Καὶ
3653 1324 3841 1403 πρώτη

457 1417 738 1483 ledictam
767 1427 989 1482 terram
1018 1418 1314 1496 incolens,
1366 1426 1431 1480 ut
1488 1419 1591 1501 qui
1638 1437 1769 1482 eam
1826 1417 2099 1498 sanguine

2195 1421 2314 1499 μὲν,
2347 1421 2382 1489 ἡ
2412 1429 2502 1478 τοῦ
2547 1426 2677 1477 Θεοῦ
2720 1416 3061 1495 ἆλλοτρίωσις
3102 1432 3114 1445 ⁸
3163 1412 3346 1481 ἐξῆλθε
3388 1414 3488 1493 γὰρ
3545 1414 3680 1471 Κάϊν
3738 1412 3846 1468 ἀπὸ

456 1506 656 1572 fratris
683 1508 977 1591 polluerat
1013 1529 1031 1585 ;
1094 1508 1268 1572 tertia
1321 1506 1685 1589 irrequietus
1715 1506 1904 1585 labor,
1939 1515 2099 1568 nocte

2193 1508 2480 1587 προσώπου
2504 1513 2598 1565 τοῦ
2642 1515 2772 1565 Θεοῦ
2807 1526 2819 1539 ·
2884 1503 3094 1583 δευτέρα
3146 1501 3221 1575 δὲ,
3285 1502 3369 1559 ἐπὶ
3423 1502 3716 1581 κατάρατον
3741 1507 3844 1579 γῆν

458 1596 620 1660 enim
638 1588 699 1661 et
715 1597 815 1661 die
840 1596 1112 1679 requiem
1141 1614 1265 1658 non
1293 1588 1542 1671 habuit;
1577 1602 1808 1678 quarta,
1834 1595 2099 1659 sterilitas

2193 1596 2541 1667 κατοικήσας,
2615 1596 2689 1657 ὡς
2762 1594 2951 1669 μιάνας
3038 1592 3201 1658 αὐτὴν
3270 1590 3460 1666 αἵματι
3531 1588 3795 1670 ἆδελφικῷ
3827 1608 3840 1621 ⁸

456 1690 671 1750 terrae:
735 1685 1063 1763 Tellurem,
1114 1684 1216 1767 ait,
1276 1685 1623 1763 exercebis,
1660 1704 1774 1748 nec
1827 1684 2006 1747 addet
2049 1695 2099 1748 ut

2193 1686 2368 1766 τρίτη,
2429 1687 2465 1753 ἡ
2532 1685 2936 1746 ἆκατάπαυστος
3006 1682 3220 1763 ἐργασία
3252 1699 3266 1712 ’
3344 1683 3530 1745 νυκτὸς
3597 1682 3696 1760 γὰρ
3760 1682 3850 1737 καὶ

454 1773 643 1837 robur
669 1792 842 1837 suum
872 1774 1159 1854 largiatur
1186 1772 1297 1835 tibi
1330 1794 1347 1851 ;
1405 1774 1611 1855 quinta
1637 1785 1704 1836 ut
1741 1772 1947 1836 ederet
1973 1773 2099 1835 sin-

2195 1774 2396 1854 ἡμέρας
2427 1778 2521 1834 οῦκ
2550 1774 2707 1853 εἶχεν
2764 1773 3052 1829 ἀνάπαυσιν
3085 1787 3098 1800 ’
3134 1772 3359 1851 τετάρτη
3416 1769 3563 1850 (30),
3598 1772 3632 1838 ἡ
3664 1769 3837 1849 ἀκαρ-

458 1830 1348 1946 ὲίιῑῶεξὲῐῖηέῖἱιῖἶὲιῐοέἷίθί
1375 1830 1813 1939 ίὲιῖὲξὶῌεῖἰιθῖ
1825 1830 2099 1939 Exigi—BI

2196 1830 2291 1920 πία
2305 1830 2415 1930 1τῆς
2446 1868 2549 1941 γῆς
2584 1830 2899 1941 ’ῙῖΕργάσεη
2932 1862 3079 1942 φησὶ,
3136 1860 3232 1928 τὴν
3262 1830 3435 1937 Ιγῆν,Χ
3465 1830 3553 1915 καὶ
3582 1863 3641 1917 οὗ
3668 1830 3841 1938 προσ-

456 1952 820 2034 trepidaret:
870 1952 1132 2015 Gemens
1160 1958 1220 2013 et
1248 1950 1604 2014 tremiscens
1632 1951 1753 2013 eris
1782 1969 1961 2032 super
1989 1957 2099 2013 ter-

2193 1953 2341 2022 θήσει
2384 1948 2558 2010 δοῦναί
2586 1973 2668 2007 σοι
2697 1951 2794 2017 τὴν
2841 1951 2996 2029 ἰσχὺν
3044 1948 3209 2015 αὐτῆς
3244 1967 3259 1981 ⁵
3310 1948 3550 2023 πέμπτη,
3612 1949 3672 2002 τὸ
3715 1947 3843 2002 στέ-

454 2032 586 2103 ram
618 2059 636 2119 ;
667 2049 933 2103 tremens
959 2041 1122 2103 enim
1154 2058 1268 2102 nec
1298 2040 1498 2102 cibum
1516 2059 1627 2102 nec
1650 2047 1853 2121 potum
1878 2046 2099 2120 poterat

2191 2061 2297 2097 νειν
2367 2040 2662 2117 στεναγμὸν
2716 2039 2803 2093 καὶ
2870 2038 3146 2117 συνάγχην
3203 2035 3467 2095 ἄπαυστον
3503 2058 3516 2072 ·
3560 2032 3714 2114 ἕκτη,
3774 2037 3837 2091 τὸ

456 2128 534 2192 ad
563 2148 632 2192 os
658 2129 999 2210 admovere,
1045 2147 1158 2191 nec
1177 2128 1336 2191 aliud
1359 2127 1502 2209 quid
1533 2148 1639 2210 pro
1671 2147 1921 2209 corpore
1953 2147 1970 2205 ;
2004 2147 2099 2193 se-

2188 2127 2399 2208 τρέμειν
2435 2147 2452 2164 ⁶
2528 2126 2735 2183 Στένων
2802 2129 2890 2183 καὶ
2943 2125 3147 2204 τρέμων
3203 2124 3330 2191 ἔστη
3389 2123 3473 2180 ἐπὶ
3527 2130 3624 2191 τῆς
3679 2130 3783 2202 γῆς
3821 2144 3832 2157 ·

458 2215 667 2297 ptime,
691 2216 996 2298 prolixitas
1012 2215 1180 2280 vitae:
1212 2215 1446 2278 volebat
1464 2217 1624 2279 enim
1646 2215 1748 2278 ille
1767 2216 2026 2278 interﬁci
2048 2223 2099 2278 et

2191 2216 2397 2298 τρέμων
2454 2216 2554 2295 γὰρ
2608 2215 2726 2271 οὔτε
2792 2215 2993 2294 βρωτὸν
3049 2215 3164 2270 οὔτε
3233 2214 3394 2271 ποτὸν
3450 2212 3612 2292 ἴσχυε
3667 2234 3837 2291 προσ-

456 2320 496 2367 a
523 2307 702 2369 tantis
730 2304 900 2367 malis
932 2303 1113 2367 eximi
1144 2325 1163 2383 ;
1212 2304 1444 2367 lucrum
1475 2305 1846 2386 enim'pcena
1874 2305 2099 2367 atilictis

2190 2304 2399 2384 ενέγκαι
2429 2311 2506 2379 τῷ
2534 2302 2645 2379 ἰδίῳ
2673 2303 2920 2382 στόματι,
2953 2300 3070 2358 οὔτε
3100 2300 3232 2358 ἄλλο
3273 2323 3323 2357 τι
3354 2307 3430 2375 τῷ
3460 2300 3667 2376 σώματι
3697 2299 3836 2371 (31)·

460 2391 528 2454 ﬁt
554 2410 742 2476 mors,
763 2395 1025 2457 celerem
1041 2392 1349 2456 adducens
1382 2392 1831 2457 liberationem.
1854 2394 1929 2457 At
1947 2393 2099 2456 Deus

2187 2392 2411 2473 ἑϐδόμη,
2443 2395 2478 2463 ἡ
2505 2392 2823 2471 παρέκτασις
2872 2397 2973 2457 τῆς
3022 2396 3164 2462 ζωῆς
3199 2406 3212 2420 ·
3275 2389 3481 2453 ἐκεῖνος
3538 2390 3637 2466 γὰρ
3696 2386 3843 2445 ἐϐού-

458 2479 584 2544 ait:
614 2479 746 2544 Non
774 2483 900 2560 sic;
933 2482 1131 2545 omnis
1159 2501 1262 2563 qui
1287 2480 1685 2569 interfecerit,
1716 2482 1884 2557 Cain,
1916 2483 2099 2545 vindi-

2186 2482 2309 2541 λετο
2343 2485 2691 2564 Σφονευθῆναι
2744 2484 2833 2538 καὶ
2902 2478 3277 2559 ἀπαλλαγῆναι
3333 2476 3546 2535 πολλῶν
3593 2485 3769 2535 κακῶν
3820 2496 3835 2511 ⁸

455 2569 690 2633 camina
715 2580 945 2652 septem
973 2570 1120 2649 luet,
1152 2570 1215 2632 id
1263 2567 1361 2634 est
1397 2578 1625 2652 septem
1676 2570 1966 2633 vindictas
1996 2571 2099 2632 ab-

2187 2569 2366 2652 κέρδος
2435 2572 2536 2652 γὰρ
2608 2584 2726 2635 τοῖς
2799 2567 3175 2652 κολαζόμένοις
3246 2570 3274 2625 6
3328 2568 3548 2632 θάνατος
3616 2567 3838 2649 γίνεται,

455 2657 661 2735 solvet,
687 2650 974 2721 nimirum
1008 2665 1339 2721 retrorsum
1378 2650 1496 2738 agit
1522 2658 1674 2722 Abel
1702 2658 2099 2723 interfectum.

2187 2650 2418 2741 ταχεῖαν
2446 2650 2660 2739 ἐπάγων
2688 2659 2785 2726 τὴν
2836 2657 3005 2717 λύσιν.
3055 2650 3113 2715 (Ο
3165 2656 3220 2713 δὲ
3279 2658 3408 2719 Θεὸς
3470 2657 3625 2713 εἶπεν
3658 2674 3677 2693 θ
3723 2659 3840 2737 Οὐχ

455 2744 674 2812 Factus
703 2754 793 2809 est
812 2746 957 2810 Seth
977 2746 1192 2808 similis
1214 2746 1428 2808 Adami
1440 2748 1659 2826 justus,
1693 2746 1955 2827 sapiens,
1991 2745 2099 2808 bo-

2187 2747 2351 2812 οῧτως
2388 2766 2403 2783 ’
2474 2755 2579 2812 πᾶς
2650 2751 2677 2804 6
2735 2747 3048 2811 ἀποκτείνας
3105 2747 3241 2804 Κάϊν
3306 2746 3439 2802 ἑπτὰ
3497 2744 3837 2822 ἐκδικούμενα

457 2851 596 2928 nus,
629 2834 816 2916 mitis,
831 2833 1099 2928 _doctus_:
1147 2834 1276 2928 ipse
1297 2833 1766 2928 enimscientias
1794 2832 2099 2898 afferebat.

2185 2836 2497 2917 παραλύσει,
2567 2836 2856 2918 τουτέστιν,
2883 2837 3064 2928 ’,ἑπτὰ
3151 2834 3445 2906 ἐκδικήσεις
3518 2835 3835 2916 παραλύσει,
3890 2902 3895 2907 δ

453 2920 568 2987 Hic
597 2923 806 3003 genuit
831 2920 991 2985 Enos
1047 2920 1303 2984 similem
1365 2921 1524 2997 sibi;
1584 2930 1828 3003 propter
1855 2924 2099 2985 virtutes

2184 2924 2303 2993 ἤτοι
2334 2925 2647 3007 ἀποστρέφει
2720 2931 2812 2982 τοῦ
2883 2920 3039 2982 Ἅϐελ
3110 2924 3469 3006 φονευθέντος,
3547 2922 3834 3002 Ἐγεννήθη

457 3009 621 3072 enim
649 3009 822 3072 illum
850 3010 1031 3073 deum
1087 3010 1397 3075 vocabant.
1454 3008 1642 3090 Hujus
1697 3011 1801 3075 lilii
1831 3011 2099 3073 videntes

2184 3017 2212 3071 6
2268 3015 2380 3083 Σὴθ
2435 3013 2621 3090 ὅμοιος
2676 3021 2753 3089 τῷ
2801 3012 2994 3089 Ἀδὰμ,
3054 3013 3276 3086 δίκαιος,
3350 3015 3535 3094 σοφὸς,
3608 3012 3831 3090 ἄκακος,

456 3096 612 3161 ﬁlias
639 3097 786 3161 Cain
842 3106 1224 3182 sumpserunt
1275 3098 1339 3161 in
1394 3116 1611 3162 uxores
1657 3098 1793 3162 sibi.
1828 3098 2099 3180 Leprosae

2183 3107 2370 3183 πραῢς,
2423 3102 2732 3179 ἐπιστήμων
2769 3122 2782 3134 ·
2843 3102 2999 3168 αὒτὸς
3069 3104 3169 3182 γὰρ
3224 3103 3319 3165 τὰς
3371 3102 3668 3178 ἐπιστήμας
3722 3102 3841 3184 ἔφε-

457 3185 621 3250 enim
651 3186 843 3267 gentis
870 3154 1010 3249 ﬁlia:
1038 3187 1303 3268 pulchrae
1343 3187 1492 3249 ﬁunt
1519 3187 1670 3250 visu.
1705 3186 1846 3260 Quae
1875 3154 2099 3250 dgcue-

2187 3154 2297 3272 ρέν.
2357 3154 2533 3256 Ὀὗτος
2590 3154 2839 3271 ἐγέννησε
2890 3193 2979 3248 τὸν
3042 3154 3209 3255 ’ἐνῶς
3278 3189 3462 3268 ὅμοιον
3518 3154 3659 3268 αύτῷ
3691 3211 3707 3228 ⁸
3753 3164 3841 3250 διὰ

454 3282 597 3338 runt
626 3293 731 3338 eos
754 3283 1001 3357 paterna
1027 3275 1191 3353 vitia,
1227 3275 1433 3352 furari,
1458 3275 1824 3357 interﬁcere,
1846 3275 2099 3356 litigare,

2186 3281 2286 3361 γὰρ
2355 3280 2450 3344 τὰς
2518 3280 2705 3361 ἀρετὰς
2762 3281 2918 3337 αὐτοῦ
2972 3281 3089 3337 θεὸν
3144 3280 3301 3337 αὐτὸν
3353 3280 3595 3341 ἐκάλουν.
3641 3281 3840 3339 Τούτου

453 3362 678 3454 limites
703 3381 954 3454 ponere,
1011 3363 1296 3454 civitates
1331 3364 1627 3454 aediﬁcare
1662 3364 1915 3454 (primus
1945 3365 2099 3428 enim

2187 3376 2235 3431 οἱ
2287 3376 2390 3433 υἱοὶ
2437 3372 2633 3438 ἰδόντες
2692 3374 2786 3438 τὰς
2839 3374 3125 3454 θυγατέρας
3179 3380 3274 3432 τοῦ
3322 3375 3461 3433 Κάϊν
3518 3373 3703 3432 ’ἐλαϐον
3734 3374 3839 3430 αὒ-

455 3451 601 3516 Cain
628 3453 940 3548 aediﬁcavit
990 3453 1337 3548 civitatem),
1382 3452 1542 3517 bella
1596 3453 1820 3517 inferre
1866 3462 2099 3537 propter

2186 3480 2306 3532 τοῖς
2369 3464 2481 3543 (32)
2542 3481 2822 3547 γυναῖκας,
2879 3451 3113 3548 Κελεφοῦ
3163 3468 3262 3547 γὰρ
3320 3467 3503 3546 γένους
3558 3467 3839 3548 θυγατέρες

453 3559 641 3605 unam
660 3542 999 3625 mulierem,
1022 3550 1082 3605 et
1102 3543 1386 3605 mulieres
1405 3551 1634 3606 certare
1655 3551 1902 3625 propter
1915 3562 2100 3605 unum

451 3629 670 3694 virum.
702 3628 776 3693 Et
802 3631 1088 3712 deinceps
1116 3631 1238 3694 nati
1279 3638 1420 3694 sunt
1464 3633 1727 3713 gigantes
1760 3654 1773 3691 :
1837 3632 2101 3695 nondum

454 3719 614 3784 enim
641 3720 792 3784 tales
820 3727 978 3783 terra
1034 3720 1286 3796 ferebat,
1343 3719 1417 3782 Et
1468 3720 1684 3783 videns
1732 3720 1894 3783 Deus
1922 3739 2101 3802 prava

453 3826 641 3891 opera
668 3809 1004 3884 hominum,
1035 3808 1281 3872 adduxit
1327 3808 1636 3886 diluvium,
1692 3818 1752 3873 et
1782 3828 1933 3891 aqua
1961 3810 2100 3873 lavit

453 3896 715 3979 culpam,
741 3904 801 3960 et
820 3896 1127 3960 mundavit
1144 3903 1386 3959 terram.
1406 3896 1603 3960 Unum
1624 3905 1825 3961 autem
1867 3899 2096 3979 justum

455 4003 531 4048 ex
564 3986 725 4066 justo
754 3985 986 4048 semine
1014 3993 1232 4063 ortum,
1263 3985 1389 4049 Noe
1417 3986 1659 4052 salvavit
1716 4005 1851 4049 cum
1882 4007 2094 4071 uxore,

455 4082 521 4138 et
540 4072 734 4136 tribus
757 4073 896 4136 ﬁliis
916 4092 1052 4138 cum
1072 4074 1375 4148 uxoribus,
1388 4074 1611 4156 jubens
1647 4084 1712 4138 ut
1738 4075 1961 4140 faceret
1988 4096 2100 4140 na-

452 4161 574 4224 vim
597 4161 906 4242 grandem.
937 4162 1173 4226 Etcum
1221 4182 1295 4228 eo
1352 4164 1674 4227 introduxit
1721 4184 1793 4228 ex
1823 4166 2102 4230 omnibus

454 4250 865 4315 animantibua
892 4258 952 4315 et
974 4252 1303 4317 seminibus
1349 4252 1604 4319 cunctis.
1637 4254 1958 4337 Reliquum
1989 4276 2100 4319 au-

388 4372 395 4379 -
456 4345 578 4404 tem
608 4340 897 4404 mundum
952 4342 1260 4406 destruxit.
1320 4341 1396 4406 Et
1452 4343 1855 4425 multiplicatis
1883 4345 2099 4408 iterum

455 4428 823 4493 hominibus.
859 4431 1245 4512 pravissimns
1275 4432 1550 4496 diabolus
1578 4452 1697 4495 non
1719 4434 1971 4498 cessavit
1992 4434 2102 4495 im-

2185 3562 2381 3641 ὡραῖαι
2437 3563 2669 3640 γίνονται
2730 3567 2798 3639 τῇ
2856 3560 2999 3637 ὄψει.
3059 3559 3295 3620 Ἐκεῖναι
3338 3560 3391 3618 δέ
3447 3559 3676 3628 ἐδίδαξαν
3731 3567 3836 3622 αὒ-

2181 3656 2303 3720 τοὺς
2360 3655 2427 3711 τὰ
2481 3662 2700 3735 πατρῷα
2754 3655 2915 3736 κακὰ,
2973 3655 3244 3735 ἁρπάζειν,
3304 3657 3564 3738 φονεύειν,
3624 3655 3836 3736 ἐρίζειν,

2183 3748 2333 3828 ὅρους
2403 3749 2617 3822 τιθέναι,
2693 3747 2876 3815 πόλεις
2948 3748 3246 3825 οἰκοδομεῖν
3320 3749 3554 3830 (πρῶτος
3635 3749 3735 3829 γὰρ
3807 3751 3838 3806 6

2181 3843 2318 3901 Κάϊν
2388 3840 2701 3919 ᾠκοδόμησε
2751 3841 2955 3923 πόλιν),
3016 3841 3282 3920 πολέμους
3333 3856 3512 3901 ποιεῖν
3569 3841 3652 3899 διὰ
3708 3843 3837 3918 μίαν

2178 3948 2428 4016 γυναῖκα,
2458 3938 2547 3993 καὶ
2603 3948 2860 4015 γυναῖκας
2917 3935 3177 4011 πολεμεῖν
3234 3934 3319 3992 διὰ
3358 3935 3450 3994 ἕνα
3508 3933 3685 4017 ἄνδρα.
3735 3946 3839 4004 Καὶ

2182 4026 2400 4086 λοιπὸν³
2433 4028 2787 4108 ἐγεννήθησαν
2838 4031 2887 4086 οἱ
2942 4031 3206 4109 γίγαντες,
3268 4030 3368 4087 Καὶ
3426 4028 3599 4089 οὐκέτι
3658 4027 3839 4111 ἔφερεν

2182 4123 2216 4190 ἢ
2378 4123 2478 4180 Καὶ
2507 4120 2628 4180 ἰδὼν
2673 4124 2701 4179 ὁ
2753 4124 2883 4187 Θεὸς
2910 4123 2976 4179 τὰ
3032 4123 3171 4180 κακὰ
3226 4120 3355 4202 ἔργα
3410 4130 3516 4180 τῶν
3546 4122 3839 4202 ἀνθρώπων

2183 4215 2425 4295 ἐπήγαγε
2495 4214 2619 4296 (33)
2687 4218 2778 4273 τὸν
2846 4215 3245 4298 κατακλυσμὸν,
3315 4217 3405 4273 καὶ
3459 4214 3603 4273 ὕδατι
3619 4291 3643 4298 __
3670 4215 3839 4273 κατέ-

2181 4308 2342 4365 πλυνε
2388 4311 2486 4377 τὴν
2543 4311 2800 4391 ἁμαρτίαν
2854 4312 2943 4367 καὶ
2998 4309 3218 4390 ἐκάθαρε
3269 4310 3366 4378 τὴν
3424 4315 3549 4389 γῆν.
3618 4291 3737 4368 Ἕνα
3782 4307 3840 4366 δὲ

2182 4400 2378 4460 δίκαιον
2426 4403 2552 4461 ὄντα
2594 4403 2654 4460 ἐκ
2710 4401 2909 4461 δικαίου
2967 4402 3291 4483 σπέρματος,
3357 4402 3500 4478 Νωὲ,
3548 4403 3839 4483 περιέσωσε

451 4536 723 4601 pugnans
737 4494 929 4600 geniis
943 4494 1271 4584 humanum
1289 4542 1305 4600 ;
1324 4494 1694 4584 docuitenim
1706 4494 2099 4586 idololatriam

2187 4497 2279 4552 σὺν
2307 4498 2513 4576 γυναικὶ
2566 4498 2655 4553 καὶ
2701 4498 2864 4575 τρισὶν
2921 4500 3058 4560 υἱοῖς
3117 4499 3253 4572 μετὰ
3309 4501 3593 4576 γυναικῶν,
3654 4494 3842 4553 κελεύ-

453 4609 653 4671 etloco
668 4606 814 4671 boni
832 4608 941 4673 Dei
971 4610 1255 4675 creatoris
1277 4610 1568 4687 omnium,
1597 4620 1958 4674 venerantur
1987 4613 2101 4674 ho-

452 4695 649 4760 mines
677 4705 1002 4776 creaturas,
1036 4700 1231 4781 potius
1254 4706 1451 4763 autem
1484 4699 1842 4782 daemonem,
1863 4700 2006 4763 boni
2045 4708 2102 4764 et

448 4785 751 4867 sapientes
779 4787 957 4850 stulta
985 4795 1046 4850 et
1073 4806 1273 4871 prava.
1327 4788 1630 4852 Abraham
1682 4797 1881 4851 autem
1913 4790 2097 4867 solus,

445 4873 846 4940 idololatriam
869 4876 1126 4959 fugiens,
1143 4877 1335 4941 Deum
1348 4896 1556 4940 verum
1567 4877 1853 4951 adoravit,
1871 4886 2095 4942 creato-

445 4978 577 5025 rem
598 4964 733 5027 cmli
762 4973 822 5028 et
850 4972 1026 5030 terrae
1054 4975 1115 5030 et
1141 4967 1406 5030 siderum
1438 4966 1729 5030 omnium.
1765 4966 1906 5031 Haec
1938 4968 2098 5030 enim

442 5051 655 5117 videns
678 5062 739 5117 et
749 5055 1040 5137 cogitans,
1064 5057 1302 5136 agnovit
1319 5057 1534 5119 horum
1557 5055 2101 5122 Creatorem.Unde

447 5140 718 5208 delectus
737 5151 831 5210 est
846 5163 882 5208 a
899 5143 1049 5225 Deo,
1075 5152 1136 5209 et
1153 5144 1541 5211 benedictum
1564 5154 1656 5210 est
1682 5164 1894 5211 semen
1918 5147 2045 5228 ejus
2080 5169 2096 5211 :

529 5299 565 5353 θ
592 5301 747 5371 Gen.
774 5321 858 5386 Iv,
888 5304 950 5371 9.

2182 4611 2279 4653 σας
2347 4591 2503 4649 αὐτὸν
2572 4596 2795 4658 ποιῆσαι
2864 4588 3057 4647 πλοῖον
3126 4589 3287 4669 μέγα.
3350 4592 3451 4649 Καὶ
3518 4588 3635 4667 μετ’
3680 4592 3839 4647 αὐτοῦ

2183 4684 2486 4763 εἰσήνεγκεν
2539 4683 2644 4740 ἀπὸ
2702 4684 2897 4762 φαντὸς
2948 4683 3094 4768 ζώου.
3141 4684 3228 4739 καὶ
3282 4684 3387 4740 ἀπὸ
3442 4684 3640 4748 παντὸς
3681 4682 3843 4763 σπέρ-

2184 4798 2376 4852 ματος,
2409 4777 2518 4844 Τὴν
2547 4774 2602 4832 δὲ
2655 4774 2841 4834 λοιπὸν
2897 4776 3106 4834 ἅπαντα
3160 4775 3360 4853 κόσμον
3417 4776 3718 4836 ἀπώλεσεν.
3748 4780 3840 4835 καὶ

2181 4868 2342 4927 πάλιν
2412 4868 2805 4951 φληθυνθέντων
2876 4876 2982 4928 τῶν
3077 4868 3364 4949 ἀνθρώπων
3436 4872 3464 4926 ὁ
3535 4871 3840 4951 ἀρχέκαγος

2185 4960 2428 5027 διάϐολος
2484 4964 2580 5020 οὐκ
2631 4964 2893 5021 ἐπαύσατο
2934 4962 3185 5039 πολεμῶν
3246 4964 3306 5020 τὸ
3368 4963 3517 5042 γένος
3577 4971 3683 5022 τῶν
3737 4965 3842 5022 ἀν-

2181 5058 2403 5136 θρώπων
2439 5077 2454 5095 ³
2515 5055 2707 5124 ἐδίδαξε
2760 5059 2859 5139 γὰρ
2916 5059 3009 5124 τὰς
3071 5055 3498 5139 εἰδωλολατρείας
3532 5071 3553 5091 ⁹
3608 5061 3697 5116 καὶ
3726 5059 3844 5117 ἀντὶ

2180 5160 2272 5209 τοῦ
2321 5150 2519 5230 ἀγαθοῦ
2576 5159 2707 5211 Θεοῦ
2761 5162 2855 5213 τοῦ
2909 5151 3270 5219 πεποιηκότος
3324 5153 3392 5208 τὰ
3448 5153 3621 5213 πάντα
3676 5174 3842 5231 προσ-

1897 5497 2091 5566 Variaa
2118 5498 2431 5569 lectiones.

561 5627 666 5715 ξρ)
696 5630 956 5715 “meo?
982 5631 1119 5715 Vat-

561 5631 666 5714 30)
696 5631 956 5715 Τέταρτον
982 5631 1119 5699 Vat.

532 5631 662 5856 ἓΜ)
693 5711 823 5772 Οδδὲ
852 5713 953 5773 ἄλλ
981 5714 1063 5777 ὅτι
1091 5722 1182 5775 τοῦ
1209 5715 1457 5795 σώματος
1485 5712 1620 5781 Vat.

526 5799 547 5874 (
589 5791 649 5872 2)
680 5795 877 5864 Αῢτοτς
907 5792 1042 5860 Vat.
1096 5795 1439 5874 Legendum
1492 5802 1595 5860 aut

2186 5638 2500 5801 τάῖἶῦΒηΙη
2531 5714 2666 5781 cod.
2699 5712 2965 5801 vatnbic
2986 5714 3142 5801 ordo
3196 5713 3335 5801 vbb.
3375 5719 3511 5795 me
3550 5718 3689 5776 κακὰ
3717 5714 3853 5799 ἔργα

589 5791 649 5872 2)
680 5795 877 5864 “tot:
907 5792 1042 5860 Vat.
1096 5791 1439 5879 Legendum
1492 5802 1595 5860 aut
1646 5796 1827 5862 αὓτοτς
1886 5801 1990 5861 aut
2016 5802 2099 5859 αὖ·

2191 5791 2298 5861 τῶν
2328 5791 2618 5881 ἀνθρώπων
2651 5814 2666 5832 ⁹
2699 5798 2788 5855 καὶ
2817 5793 2940 5872 ἷδῲν
2974 5800 3003 5855 6
3034 5798 3164 5863 Θεὸς
3195 5791 3487 5889 ἐπήγαγεν,
