4154 6388
643 376 763 443 239
1931 366 2335 435 EPIPHANII
2385 365 2736 432 MONACHI
3909 359 4025 429 240

641 515 774 561 rum
807 495 870 558 in
913 511 1124 558 omnes
1184 491 1477 570 nationes,
1535 490 1906 572 baptizantes
1955 490 2016 553 in
2047 497 2315 562 nomine.

2398 500 2477 556 ἰαὶ
2503 499 2676 564 θέντες
2734 501 2807 565 εἷς
2864 513 3131 576 μνημεῖον
3186 502 3366 556 καινὸν
3429 499 3809 578 ἐσφραγίσαντο
3850 521 4020 577 παρα-

641 586 836 649 Patris
865 593 924 648 et
950 584 1086 648 Filii
1118 590 1175 646 et
1204 581 1462 664 Spiritus
1495 581 1705 644 sancti.
1732 589 1791 643 et
1812 580 2151 646 videntibus
2175 605 2287 646 no-

2398 589 2662 657 ’τήσαντες
2696 589 2956 670 φύλακας,
3014 590 3153 646 Εῖπε
3211 591 3334 668 γὰρ,
3396 589 3478 645 ὅτι
3536 594 3614 664 Τῇ
3669 589 3817 667 τρίτη
3858 589 4020 666 ἡμέρα

643 675 740 737 bis
770 674 1052 737 horadiei
1080 672 1251 735 tertia
1271 671 1530 733 elevatus
1553 677 1662 747 est,
1695 676 1754 732 et
1784 670 1929 732 abiit
1951 671 2013 732 in
2048 673 2286 750 coelum,

2404 677 2673 755 γείρομαι,
2706 685 2783 755 Τῆ
2813 677 2867 733 δὲ
2926 680 3069 734 νυκτὶ
3125 679 3552 758 ἐπιφαυσκούσης
3610 676 3728 756 (38)
3788 681 3886 743 τῆς
3914 687 4021 756 τρί-

646 771 706 827 et
724 764 893 826 sedet
913 763 987 825 ad
1013 762 1312 825 dexteram
1340 759 1534 823 Patris
1554 758 1672 822 sui.
1716 758 1835 822 Nos
1857 767 2051 822 autem
2077 780 2292 844 exspe-

2398 787 2473 830 της
2534 766 2738 844 ἡμέρας
2781 767 3000 847 ἀνέστη,
3053 766 3378 843 καταλείψας
3437 767 3699 846 μάρτδρας
3759 768 3912 824 αὒτοῦ
3963 766 4025 821 τὰ

645 860 876 918 ctamus
907 870 1042 915 eum
1071 851 1134 913 in
1191 847 1762 912 consummationem
1821 849 2186 912 aeternitatis.
2222 849 2292 914 Et

2398 853 2616 933 .v-ca'quta.
2705 854 2944 934 Αγγελος
3011 853 3065 911 δὲ
3107 858 3196 912 τὸν
3256 855 3397 913 λίθον
3438 863 3530 912 τοῦ
3577 856 3833 931 μνημείου
3888 855 4024 911 ἀπο-

646 960 806 1006 nunc
833 941 896 1003 in
927 940 1170 1003 nomine
1201 937 1330 1020 ejus
1360 943 1624 999 mortuos
1655 935 2035 1013 suscitamus,
2069 937 2292 1000 daemo«

2398 939 2613 1014 ιυλίσας,
2675 943 2913 1002 ἐκάθισεν
2983 944 3161 1001 ἐπάνω
3219 947 3395 1018 αὐτοῦ,
3463 947 3584 1009 τοὺς
3654 943 3886 1025 φύλακας
3953 949 4025 1017 τῷ

599 1055 606 1062 ·
646 1049 756 1094 nes
787 1030 1080 1111 ejicimus,
1116 1037 1176 1090 et
1207 1025 1479 1088 morbum
1513 1044 1752 1088 omnem
1785 1045 2088 1089 curamus.

2398 1028 2522 1103 ἱπνῳ
2592 1032 2989 1112 ἀπονεκρώσας,
3053 1039 3304 1097 Γυναῖκες
3361 1032 3415 1090 δὲ
3471 1032 3522 1099 ἐξ
3587 1035 3743 1108 ἡμῶν
3799 1030 4028 1099 ἀπῆλθον

646 1122 718 1184 εἷς
747 1122 808 1177 τὸ
839 1132 1106 1201 μνημεῖον
1137 1117 1270 1194 μετά
1299 1116 1473 1195 μύρων
1503 1117 1644 1196 ταχὺ
1673 1115 1812 1178 λίαν,
1872 1117 1969 1175 Καὶ
2027 1116 2180 1173 εἶπεν
2234 1115 2421 1182 αύτατς
2483 1117 2607 1200 (39)
2671 1123 2699 1177 6
2756 1121 2980 1201 ἄγγελος
3013 1143 3026 1159 ο
3081 1141 3108 1180 (
3168 1121 3391 1190 Ἀνέστη
3453 1125 3481 1178 6
3541 1123 3728 1201 Κύριος
3762 1137 3776 1151 °
3836 1124 4028 1176 ποθοὶ-

645 1231 727 1266 σιν
790 1207 908 1287 (40)
961 1207 1149 1264 εἴπατε
1196 1219 1314 1269 τοῖς
1374 1209 1661 1280 μαθηταῖς,
1724 1205 1818 1261 ἵνα
1900 1204 2194 1262 ἀπέλθωσιν
2279 1206 2350 1270 είς
2433 1207 2531 1275 τῆν
2615 1209 2917 1282 Γαλιλαίαν,
3005 1211 3164 1268 κάκεῖ
3243 1233 3309 1287 με
3391 1209 3633 1292 ὄψονται,
3710 1212 3783 1272 ὡς
3841 1221 4028 1287 προεθ-

644 1320 744 1356 πον
800 1299 1004 1360 αὐτοῖς.
1070 1319 1099 1352 ι)
1162 1296 1262 1352 Καὶ
1319 1293 1640 1370 ἐθεασάμεθα
1697 1295 1853 1352 αὐτὸν
1907 1292 2166 1357 πολλάκις
2251 1293 2547 1353 ἀναστάντα
2628 1297 2687 1355 ἐκ
2771 1306 2968 1378 νεκρῶν
3035 1302 3119 1356 κοὶ
3204 1300 3587 1380 συνεφάγομεν,
3648 1300 3735 1354 καὶ
3789 1300 4025 1354 συνεπίο-

645 1407 741 1464 μεν
799 1389 942 1460 αὒτῷ
992 1385 1080 1441 ἐπὶ
1135 1382 1338 1463 ἡμέρας
1419 1383 1831 1461 τεσσαράκοντα.
1920 1383 2020 1442 Καὶ
2100 1379 2457 1461 παρήγγειλεν
2540 1387 2699 1466 ἡμῖν,
2785 1387 3002 1467 κηρῦξαι
3088 1387 3172 1444 ἐπὶ
3259 1379 3349 1463 τῷ
3391 1388 3610 1462 ὀνόματι
3666 1390 3822 1445 αὐτου
3879 1385 4032 1460 μετέ.

643 1498 788 1534 νοιαν
844 1477 936 1532 καὶ
986 1472 1168 1554 ἄφεσιν
1227 1473 1497 1552 ἁμαρτιῶν
1555 1473 1628 1536 είς
1684 1473 1855 1529 πάντα
1911 1473 1976 1531 τὰ
2039 1471 2184 1545 ἔθνη,
2249 1471 2661 1548 βαπτιζομένους
2720 1479 2792 1540 εἰς
2849 1479 2908 1533 τὸ
2995 1477 3161 1552 ὄνομα
3217 1488 3307 1536 τοῦ
3365 1477 3570 1556 Πατρὸς
3626 1476 3714 1530 καὶ
3769 1481 3861 1531 τοῦ
3915 1477 4027 1530 1⁸ἱοῦ

644 1565 734 1622 καὶ
786 1573 880 1624 τοῦ
936 1565 1084 1642 ἁγίου
1142 1563 1465 1637 Πνεύματος,
1527 1563 1626 1619 Καὶ
1680 1561 2010 1641 θεωρούντων
2074 1563 2230 1637 ἡμῶν
2287 1557 2398 1638 ὥρᾳ
2474 1567 2620 1642 τρίτῃ
2702 1571 2800 1633 τῆς
2882 1565 3081 1644 ἡμέρας
3169 1565 3372 1646 ἐπήρθη
3409 1581 3424 1596 ⁶
3513 1566 3601 1621 καὶ
3684 1562 3906 1629 ἀνῆλθεν
3962 1564 4027 1626 εἷς

644 1655 736 1711 τὸν
794 1655 1034 1733 οὐρανὸν,
1095 1653 1184 1709 καὶ
1239 1650 1474 1710 ἐκάθισεν
1531 1650 1586 1707 ἐν
1641 1647 1781 1722 δεξιᾷ
1836 1660 1928 1709 τοῦ
1982 1651 2186 1730 Πατρὸς
2245 1650 2423 1707 αὐτοῦ.
2524 1660 2699 1729 Ημεϊς
2781 1653 2835 1710 δὲ
2897 1653 3221 1734 ἐκδεχόμεθα
3303 1655 3458 1713 αὐτὸν
3515 1655 3601 1712 ἐπὶ
3657 1653 3897 1726 συτελείᾳ
3948 1663 4032 1711 τοῦ

645 1743 861 1805 αἰῶνος.
921 1741 1023 1798 Καὶ
1078 1745 1168 1796 νῦν
1223 1745 1302 1814 τῷ
1358 1739 1579 1814 ὀνόματι
1660 1737 1816 1799 αὐτοῦ
1893 1740 2107 1818 νεκροὺς
2189 1735 2479 1816 ἐγείρομεν,
2567 1743 2655 1798 καὶ
2733 1741 2983 1820 δαίμονας
3069 1741 3426 1824 φυγαδεύομεν
3513 1745 3602 1800 καὶ
3657 1749 3831 1799 πᾶσαν
3887 1742 4031 1799 νόσον

646 1828 871 1905 ἰώμεθα,

729 1916 870 1980 Haec
902 1934 1036 1979 cum
1069 1915 1316 1978 dixisset
1342 1916 1635 1998 Andreas,
1661 1915 1932 1979 clamavit
1957 1917 2153 1979 omnis
2185 1936 2297 1996 po-

2461 1927 2661 2013 Taiiu"
2701 1929 2792 1980 τοῦ
2863 1917 3105 2000 Ἀνδρέου
3174 1921 3410 1984 εἰπόντος
3493 1918 3740 2001 ἀνέκραξε
3821 1924 3927 1982 πᾶς
4006 1920 4031 1974 6

651 2006 863 2088 pulus:
891 2005 1144 2086 Spiritus
1167 2005 1484 2067 sanctusin
1533 2023 1784 2086 corpore
1813 2014 1911 2069 tuo
1941 2027 1957 2084 ;
1989 2025 2128 2069 vere
2158 2005 2299 2068 boni

653 2103 711 2158 et
740 2095 927 2157 sancti
956 2094 1067 2158 Dei
1095 2095 1392 2176 apostolus
1441 2113 1532 2170 es,
1588 2094 1804 2156 festina
1846 2102 1914 2156 ut
1943 2095 2133 2158 salves
2163 2113 2295 2158 nos.

649 2183 785 2265 Ipse
806 2191 1003 2245 autem
1026 2183 1102 2246 de
1134 2202 1300 2246 more
1329 2202 1463 2245 cum
1494 2190 1743 2264 orasset,
1775 2191 1836 2245 et
1863 2201 2074 2246 manus
2104 2183 2299 2265 impo-

653 2274 890 2350 suisset,
916 2273 1143 2336 dimisit
1162 2292 1288 2336 eos.
1315 2273 1416 2335 Sic
1456 2271 1722 2335 Andreas
1744 2272 1966 2335 faciens
1987 2279 2047 2334 et
2077 2273 2300 2334 docens

653 2369 772 2424 toto
805 2360 1072 2426 biennio.
1097 2370 1158 2424 et
1181 2363 1345 2442 leges
1367 2361 1654 2438 condens,
1688 2370 1745 2423 et
1769 2362 2296 2442 sananshomines,

655 2448 866 2511 evertit
906 2448 1203 2511 idolorum
1250 2448 1522 2526 delubra,
1558 2456 1617 2511 et
1645 2467 1994 2530 synagogam
2025 2449 2165 2512 fecit
2195 2468 2298 2510 ec-

655 2537 923 2615 clesiam,
961 2537 1261 2601 rediﬁcans
1291 2556 1422 2600 eam
1452 2538 1516 2598 in
1571 2538 1754 2601 altare
1809 2539 2032 2620 (potius
2065 2557 2078 2602 :
2139 2539 2202 2599 in
2233 2558 2302 2601 ea

654 2628 891 2710 altare),
911 2635 968 2692 et
989 2628 1540 2708 nomenimponens
1568 2625 1677 2689 Dei
1703 2627 2022 2692 Genitricis
2057 2649 2072 2705 ;
2104 2628 2299 2710 bapti-

656 2718 805 2780 zavit
831 2734 1067 2798 quoque
1099 2715 1380 2797 populum
1415 2715 1692 2798 multum,
1751 2723 1809 2779 et
1836 2717 2128 2780 ordinavit
2157 2736 2300 2799 pre-

653 2806 922 2886 sbyteros
951 2813 1008 2866 et
1031 2805 1336 2880 diaconos,
1385 2813 1444 2867 et
1495 2805 1880 2869 Dracontium
1931 2807 2300 2889 episcopum.

657 2893 1012 2958 Dracontius
1041 2901 1239 2955 autem
1271 2902 1475 2974 postea
1501 2894 1847 2975 martyrium
1875 2893 2076 2972 subiit,
2110 2897 2304 2958 circa-

658 2983 1073 3048 duodecimam
1112 2984 1338 3045 mensis
1357 2983 1705 3063 Maiizdiem.
1739 2983 1907 3047 Unde
1938 2986 2142 3049 clerici
2172 2991 2304 3051 Ma-

658 3090 787 3151 gnae
815 3071 1099 3136 Eoclesiae
1127 3073 1254 3134 haec
1279 3069 1426 3133 mihi
1455 3082 1864 3152 narraverunt,
1898 3075 2002 3137 sed
2035 3083 2094 3137 et
2121 3076 2308 3140 multa

660 3160 776 3224 alia
806 3162 973 3241 signa
1001 3161 1279 3224 Andreae.

741 3255 787 3312 A
818 3250 1014 3314 Nicaea
1040 3259 1238 3314 autem
1294 3250 1528 3313 solvens
1578 3249 1726 3314 abiit
1777 3249 2206 3331 Nicomediam,
2249 3260 2366 3323 etC

657 3339 870 3403 fratres
901 3340 1285 3402 obviaverunt
1308 3339 1384 3402 ei.
1421 3339 1564 3402 Cum
1607 3340 1808 3420 paucis
1841 3340 2052 3405 diebus
2082 3344 2312 3406 conﬁra

662 3436 880 3491 masset
903 3447 1027 3504 eos,
1054 3447 1293 3510 mquora
1319 3428 1648 3509 corripiens
1679 3427 1822 3491 abiit
1845 3429 2307 3494 Chalcedonem.

659 3519 738 3582 Et
765 3537 901 3580 cum
933 3518 1205 3582 Callistus
1241 3517 1480 3598 quidam
1502 3537 1537 3579 a
1557 3517 1828 3582 daemone
1850 3539 2037 3583 caesus
2067 3529 2224 3586 esset
2253 3529 2312 3584 et

660 3606 1040 3681 decessisset,
1073 3607 1344 3669 Andreas
1372 3607 1540 3669 illum
1587 3626 1694 3689 per
1746 3628 1953 3690 preces
1980 3612 2310 3685 suscitavit,

661 3702 720 3759 et
743 3704 901 3758 artes
918 3696 1206 3777 principis
1230 3696 1929 3775 daemoniorum‘infamia
1971 3702 2213 3766 notavit.
2248 3700 2315 3764 In

659 3785 791 3865 ipsa
819 3793 1014 3847 autem
1047 3785 1279 3847 civitate
1310 3785 1598 3866 Bithyniae
1646 3806 2045 3871 commorans,
2097 3790 2317 3871 Tychi-

663 3892 798 3935 cum
822 3873 1129 3934 constituit
1152 3875 1520 3955 episcopum.
1546 3875 1618 3936 Et
1639 3895 1846 3939 rursus
1871 3878 2126 3956 solvens,
2163 3882 2321 3942 Pon-

667 3961 850 4023 ticum
881 3981 1045 4024 mare
1075 3962 1313 4040 navigio
1347 3981 1616 4042 currens,
1651 3963 1998 4028 Heracleam
2028 3968 2214 4030 venit.
2251 3967 2323 4036 Et

666 4049 752 4110 ibi
785 4069 919 4111 cum
954 4049 1255 4114 docuisset
1297 4051 1612 4134 quosdem,
1674 4052 1817 4114 abiit
1845 4058 2161 4118 Cromnam
2189 4075 2321 4138 quae

664 4157 826 4200 nunc
856 4140 1134 4201 Amastra
1173 4147 1441 4204 vocatur.
1501 4144 1572 4202 Et
1622 4142 1970 4222 ingrediens
1996 4147 2316 4220 civitatem,

664 4227 888 4290 invenit
909 4228 1234 4310 discipulos
1253 4248 1496 4310 paucos,
1524 4231 1822 4296 etmansit
1861 4234 2015 4314 apud
2059 4254 2183 4297 eos.
2219 4234 2319 4297 Ci-

667 4315 814 4378 vitas
843 4323 1041 4379 autem
1073 4319 1335 4382 solorum
1393 4317 1732 4382 Judaeorum
1794 4321 1971 4404 plena
2017 4332 2163 4387 erat.
2195 4325 2317 4386 Au-

671 4403 903 4467 dientes
931 4412 1130 4468 autem
1180 4407 1321 4488 quia
1362 4407 1638 4470 Andreas
1668 4403 1850 4486 venit,
1886 4412 1987 4492 qui
2018 4430 2319 4474 carcerem

669 4493 866 4568 solvit,
892 4501 950 4556 et
971 4494 1198 4558 vinctos
1219 4495 1484 4572 adduxit,
1517 4500 1854 4578 congregati
1875 4508 2034 4577 sunt,
2062 4512 2123 4564 et
2153 4508 2318 4564 stan-

671 4591 762 4645 tes
792 4582 1036 4647 domum
1061 4591 1228 4647 erant
1254 4587 1581 4649 incensnri.
1615 4589 1919 4651 Andream
1949 4598 2145 4652 autem
2170 4590 2321 4652 acci-

673 4671 927 4753 pientes,
963 4681 1390 4755 percusserunt
1416 4674 1714 4756 lapidibus
1735 4679 2064 4742 trahentes.
2081 4678 2325 4741 etveluti

674 4779 851 4823 canes
883 4779 1124 4824 carnem
1157 4763 1286 4842 ejus
1318 4764 1688 4828 mordentes.
1719 4763 1885 4828 Unus
1912 4775 2109 4830 autem
2137 4787 2208 4830 ex
2238 4767 2326 4830 eis

676 4850 1002 4912 momordit
1034 4859 1092 4913 et
1140 4852 1464 4932 amputavit
1519 4854 1767 4934 digitum
1825 4856 2088 4920 dexterae
2117 4876 2328 4920 manus

677 4940 826 5019 ejus.
860 4942 927 5000 Et
953 4957 1144 5021 usque
1175 4940 1354 5002 hodie
1402 4950 1645 5022 propter
1694 4945 1806 5006 hoc
1862 4945 2332 5027 anthropophagi

673 5037 980 5091 vocantur.
1009 5029 1342 5094 Trahentes
1381 5039 1577 5094 autem
1610 5051 1744 5096 eum
1777 5054 1884 5116 per
1912 5055 2152 5098 omnem
2181 5036 2332 5098 civi-

678 5126 881 5201 tatem,
917 5126 1348 5201 percuttentes,
1384 5120 1739 5202 lapidantes,
1761 5125 2127 5202 mordentes,
2155 5126 2334 5188 semi-

681 5219 986 5271 mortuum
1016 5209 1399 5290 projecerunt
1457 5219 1620 5274 extra
1672 5213 1989 5277 civitatem.
2024 5216 2100 5278 Et
2133 5214 2332 5278 statim

681 5298 953 5381 apparuit
981 5299 1038 5364 ei
1066 5299 1355 5364 Dominus
1372 5299 1580 5365 dicens
1609 5323 1623 5368 :
1656 5301 1866 5385 Surge,
1901 5303 2195 5387 discipule
2223 5303 2328 5382 mi,

2381 2005 2509 2071 λαός
2545 2026 2560 2044 ⁶
2636 1995 2810 2088 ⁸λγιον
2857 1995 3068 2085 Πνεῦμα
3118 2009 3171 2064 ἐν
3235 2016 3312 2084 τῷ
3366 2009 3572 2084 σώματί
3623 1995 3721 2066 ’σου
3753 2026 3773 2047 ⁸
3830 2007 4031 2074 ἀληθῶς

2383 2097 2532 2175 ἁγίου
2597 2100 2685 2154 καὶ
2742 2099 2938 2177 ἀγαθοῦ
2997 2106 3127 2156 Θεοῦ
3168 2097 3462 2161 ἀπόστολος
3519 2099 3574 2154 εἴ
3610 2117 3624 2132 ⁸
3681 2099 3916 2178 τάχυνον
3969 2097 4034 2158 εἷς

2380 2187 2442 2241 τὸ
2487 2191 2718 2254 σωθῆναι
2767 2190 2934 2262 ἡμᾶς.
2999 2178 3054 2244 Ὀ
3115 2185 3169 2242 δὲ
3214 2189 3450 2256 συνήθως
3509 2185 3855 2260 ἐπευξάμενος
3916 2207 4034 2265 χει-

2383 2279 2606 2354 ροθετῶν
2644 2276 2900 2337 ἀπέλυσεν
2946 2277 3130 2340 αύτούς
3165 2295 3182 2314 ⁸
3257 2277 3435 2342 Οὕτως
3501 2280 3529 2334 6
3573 2275 3816 2356 Ἀνδρέας
3874 2281 4033 2332 ποιῶν

2381 2365 2468 2420 καὶ
2525 2362 2778 2423 διδάσκων
2829 2365 3020 2422 διετίαν
3078 2365 3209 2432 ὅλην
3253 2369 3341 2423 καὶ
3396 2369 3694 2442 νομοθετῶν
3753 2367 3838 2422 καὶ
3883 2366 4034 2439 ἰώμε-

2382 2475 2468 2516 νος
2535 2455 2655 2517 τοὺς
2724 2454 3024 2534 ἀνθρώπους
3094 2453 3376 2511 κατέλυσεν
3449 2453 3715 2534 εἰδωλεῖα,
3786 2455 3873 2510 καὶ
3945 2453 4036 2518 τὴν

2383 2543 2696 2620 συναγωγὴν
2766 2542 3010 2610 ἐποίησεν
3083 2543 3391 2611 ἐκκλησίαν,
3463 2543 3670 2623 ἱδρύσας
3744 2543 3910 2610 αὐτὴν
3971 2543 4038 2604 εἰς

2384 2632 2749 2708 θυσιαστήριον
2801 2633 2888 2687 καὶ
2931 2632 3197 2706 ὀνομάσας
3260 2637 3367 2699 Τῆς
3426 2631 3682 2688 Θεοτόκου
3718 2647 3732 2661 ’
3795 2627 4040 2686 ἐϐάπτισέ

2385 2739 2442 2772 τε
2499 2717 2625 2774 λαὸν
2695 2718 2882 2799 πολὺν,
2955 2721 3042 2776 καὶ
3098 2720 3471 2800 ἐχειροτόνησε
3524 2718 3906 2800 πρεσϐυτέρους
3962 2719 4041 2773 καὶ

2386 2804 2654 2872 διακόνους
2719 2811 2806 2865 καὶ
2864 2809 3176 2887 Δρακόντιον
3247 2809 3554 2869 ἐπίσκοπον.
3617 2809 3938 2889 Δρακόντιος
3991 2805 4039 2862 δὲ

2388 2893 2569 2952 ἔπειτα
2626 2897 2951 2976 ἐμαρτύρησε
3005 2899 3141 2952 κατὰ
3207 2899 3307 2966 τῆν
3363 2896 3662 2966 δωδεκάτην
3706 2904 3798 2954 τοῦ
3873 2899 4038 2952 Μαΐου

2388 2987 2582 3060 μηνός.
2656 2986 2733 3042 Δι’
2824 2988 2870 3042 οἱ
2940 2984 3180 3066 κληρικοὶ
3261 2992 3364 3054 τῆς
3447 2987 3700 3067 Μεγάλης
3757 2985 4036 3053 ἐκκλησίας

2386 3075 2549 3130 ταῦτά
2592 3097 2682 3150 μοι
2742 3071 3043 3154 διηγοῦντο,
3102 3073 3238 3132 ἀλλά
3291 3078 3380 3133 καὶ
3435 3075 3607 3134 πολλὰ
3661 3076 3906 3152 θαύματα
3957 3080 4040 3130 τοῦ

2388 3159 2648 3243 Ἀνδρέου.

2468 3250 2601 3310 Ἀπὸ
2670 3251 2726 3309 δὲ
2809 3252 3028 3318 Νικαίας
3099 3253 3303 3334 ἀπάρας
3373 3251 3607 3322 ἀπῆλθεν
3668 3254 3741 3318 εἰς
3798 3254 4041 3329 Νικομή-

2389 3340 2551 3417 δειαν,
2611 3343 2701 3400 καὶ
2751 3344 2799 3399 οἱ
2854 3340 3066 3424 ἀδελφοὶ
3121 3344 3533 3424 προϋπήντησαν
3589 3346 3753 3419 αὐτῷ.
3814 3341 4042 3420 Ὀλίγαις

2391 3433 2446 3494 δὲ
2514 3431 2737 3511 ἡμέραις
2808 3429 3142 3512 ἐπιστηρίξας
3198 3432 3384 3496 αὐτοὺς
3439 3431 3760 3512 παραπλέων
3819 3431 4046 3500 ἀπῆλθεν

2393 3523 2468 3586 εἷς
2525 3519 2872 3602 Καλχηδόνα,
2944 3523 3045 3580 Καὶ
3117 3520 3409 3582 Καλλίστου
3461 3524 3602 3585 τινὸς
3653 3523 3755 3577 ὑπὸ
3807 3519 4047 3598 δαίμονος

2395 3609 2692 3688 πληγέντος
2759 3611 2848 3667 καὶ
2906 3610 3280 3685 ἀποθανόντος,
3341 3615 3370 3668 6
3439 3609 3683 3692 Ἀνδρέας
3735 3617 3926 3669 τοῦτον
3987 3606 4047 3666 δι’

2401 3699 2572 3778 εὖχῆς
2619 3699 2928 3774 ἀνέστησεν,
2974 3701 3063 3756 καὶ
3118 3700 3212 3764 τας
3255 3699 3454 3781 τέχνας
3490 3707 3584 3756 τοῦ
3641 3698 3908 3780 ἄρχοντος
3953 3705 4048 3756 τῶν

2401 3787 2662 3864 δαιμόνων
2749 3787 3134 3856 ἐστηλίτευσεν.
3221 3791 3311 3855 Εἰς
3395 3788 3450 3846 δὲ
3528 3790 3628 3859 τὴν
3682 3789 3851 3855 αὐτὴν
3905 3789 4048 3845 πόλιν

2402 3883 2502 3945 τῆς
2581 3878 2815 3942 Βιθυνίας
2899 3876 3174 3958 διατρίψας
3267 3879 3562 3947 κατέστησε
3660 3879 3749 3935 τὸν
3821 3878 4044 3958 Τυχικὸν

2406 3967 2714 4027 ἐπίσκοπον.
2762 3969 2862 4026 Καὶ
2916 3967 3097 4049 πάλιν,
3143 3969 3347 4049 ἀπάρας
3405 3967 3581 4026 πλέων
3638 3968 3736 4035 τὴν
3792 3967 4048 4033 Ποντικὴν

2403 4055 2666 4114 θάλασσαν
2724 4055 2883 4125 ἧλθεν
2939 4058 3011 4121 εἷς
3087 4048 3421 4138 Ἡράκλειαν,
3502 4057 3673 4115 Κάκεῖ
3746 4078 3896 4120 τινας
3945 4076 4044 4132 μα-

2400 4147 2654 4226 θητεύσας
2712 4145 2935 4214 ἀνῆλθεν
2993 4148 3068 4210 εἷς
3123 4152 3404 4226 Κρῶμναν,
3468 4153 3557 4205 νῦν
3612 4144 3668 4202 δὲ
3723 4144 4048 4223 καλουμένην

2403 4219 2727 4315 ³Ἄμαστραν.
2785 4237 2884 4294 Καὶ
2933 4219 3180 4294 εἰσελθὼν
3241 4219 3314 4302 εἷς
3383 4219 3483 4305 τὴν
3539 4234 3697 4294 πόλιν
3757 4219 3908 4316 εὗρε⁷
3945 4256 4046 4312 μα-

2401 4325 2564 4392 θητὰς
2636 4323 2842 4404 ὀλίγους
2879 4345 2892 4358 ο
2977 4327 3064 4382 καὶ
3147 4324 3322 4403 ἔμεινε
3400 4323 3524 4406 παρ’
3599 4328 3806 4388 αὐτοῖς.
3890 4316 3948 4382 Ἠ
4003 4321 4051 4377 δὲ

2402 4413 2556 4477 πόλις
2627 4413 2839 4492 πλήρης
2901 4411 3162 4472 Ἰουδαίων
3208 4415 3407 4491 μόνων,
3469 4412 3814 4477 Ἀκούσαντες
3863 4410 3940 4493 δὲ,
3979 4409 4050 4467 ὅτι

2407 4499 2650 4582 Ἀνδρέας
2699 4501 3040 4584 παρεγένετο,
3095 4506 3123 4561 6
3178 4503 3383 4570 ἀνοίξας
3439 4504 3500 4560 τὸ
3557 4500 3921 4581 δεσμωτήριον
3974 4499 4054 4555 καὶ

2407 4587 2677 4669 ἐξαγαγὼν
2738 4592 2862 4654 τοὺς
2931 4590 3226 4670 δεσμώτας,
3301 4591 3738 4672 ἐπισυναχθέντες
3790 4592 3883 4648 καὶ
3939 4591 4055 4646 ἐπι-

2405 4679 2621 4743 στάντες
2676 4678 2898 4755 ἔμελλον
2957 4683 3046 4738 καὶ
3097 4683 3196 4750 τὴν
3251 4682 3417 4739 οἰκίαν
3467 4681 3762 4761 ἐμπρῆσαι.
3835 4682 3938 4738 Τὸν
4006 4675 4055 4733 δὲ

2406 4764 2653 4847 Ἀνδρέαν
2720 4766 3094 4845 ἐπιλαϐόμενοι
3171 4768 3390 4828 ἔτυπτον
3470 4770 3604 4846 μετὰ
3655 4767 3811 4825 λίθων
3871 4768 4054 4847 σύρον-

2409 4877 2496 4921 τες
2524 4857 2610 4912 καὶ
2648 4859 2721 4920 ὡς
2776 4857 2861 4914 ἐπὶ
2917 4864 3085 4915 κυνῶν
3143 4855 3419 4923 δάκνοντες
3463 4858 3557 4920 τὰς
3628 4856 3822 4936 σάρκας
3880 4860 4052 4916 αὐτοῦ.

2413 4949 2510 5009 Εἷς
2541 4943 2595 5000 δὲ
2640 4944 2690 5011 ἐξ
2733 4946 2901 5002 αὐτῶν
2963 4945 3142 5004 ἔδακεν
3197 4949 3285 5005 καὶ
3339 4947 3606 5022 ἀπέκοψεν
3663 4948 3754 5002 τὸν
3809 4943 4055 5004 δάκτυλον

2412 5039 2511 5102 τῆς
2560 5033 2727 5099 δεξιᾶς
2774 5037 2956 5115 χειρὸς
3014 5041 3195 5100 αὐτοῦ.
3245 5037 3345 5095 Καὶ
3387 5036 3489 5100 ἕως
3543 5040 3643 5102 τῆς
3700 5035 3934 5115 σήμερον
3980 5032 4055 5088 διὰ

2413 5130 2568 5181 τοῦτο
2640 5123 3042 5206 ἀνθρωποφάγοι
3125 5123 3432 5185 καλοῦνται.
3513 5124 3770 5204 Σύραντες
3838 5122 3894 5178 δὲ
3963 5126 4054 5180 αὖ·

2412 5215 2503 5269 τὸν
2557 5211 2673 5271 καθ’
2733 5211 2864 5281 ὅλης
2922 5220 3020 5283 τῆς
3082 5215 3314 5294 πόλεως,
3375 5215 3684 5291 τύπτοντες,
3739 5211 4052 5285 λιθάζοντες,

2413 5301 2714 5381 δάκνοντες,
2759 5300 2945 5364 λοιπὸν
2988 5306 3224 5382 ἡμιθανῆ
3291 5304 3626 5386 τυγχάνοντα
3695 5301 3910 5382 ’έῤῥιψαν
3965 5298 4056 5365 ἔξω

2113 5477 2304 5545 Variae
2330 5475 2640 5543 lectiones.

769 5631 890 5716 (38)
919 5631 1344 5716 Ἐπιφοστξρῦσης
1373 5634 1509 5703 Vat-

769 5713 893 5794 (39)
927 5713 1120 5782 mea;
1149 5713 1282 5778 Vat.

2505 5637 2620 5717 (40)
2655 5637 2898 5705 Correxi
2925 5638 3066 5706 lect.
3096 5635 3233 5709 Vat.
3264 5644 3534 5704 ποθετσαι.
