4154 6396
632 405 752 472 243
1934 409 2281 474 ΕΡΙΡΗΑΝ

2371 408 2719 476 MONACHI
3913 411 4035 476 244

636 541 842 605 Simon
861 548 1060 605 autem
1084 550 1144 605 et
1171 541 1443 606 Andreas
1470 541 1745 607 abierunt
1766 543 1828 604 in
1878 541 2197 624 Salaniam,
2234 551 2281 606 et

2371 547 2459 601 καὶ
2513 549 2682 602 ποιῶν
2740 546 2981 622 θαύματα
3033 545 3228 609 πολλά,
3294 540 3351 606 ιΟ
3404 547 3459 604 δὲ
3517 548 3696 624 Σίμων
3765 550 3855 604 καὶ
3913 546 4033 605 Ἀν-

631 629 695 693 in
721 628 1019 693 civitatem
1050 632 1357 694 Phustam.
1392 633 1472 695 Et
1517 631 1702 693 multa
1731 630 1997 712 prodigia
2027 650 2163 693 cum
2196 632 2281 694 fe-

2373 632 2523 714 δρέας
2554 632 2790 701 ἀπῆλθον
2849 636 2923 696 εἷς
2981 634 3242 691 Σαλανίαν
3298 637 3389 693 καὶ
3446 639 3521 699 εἷς
3577 644 3817 696 Φοῦσταν
3848 636 4027 698 πόλιν.

634 719 877 797 cissent,
915 728 973 782 et
1000 720 1215 782 multos
1276 720 1638 795 docuissent,
1699 719 1975 781 abierunt
2004 720 2065 781 in
2095 720 2281 783 Abas-

2375 725 2474 782 Καὶ
2576 722 2750 780 πολλὰ
2836 725 3077 799 θαύματα
3162 724 3509 803 ἐργασάμενοι
3604 726 3692 781 καὶ
3800 725 4033 789 πολλοὺς

637 809 818 888 giam.
878 807 950 870 Et
1007 808 1414 886 ingredientes
1492 807 1926 890 Sebastopolim
1988 828 2281 889 magnam,

2375 812 2794 889 μαθητεύσαντες
2825 812 3065 879 ἀπῆλθον
3124 815 3195 877 εἰς
3259 811 3569 892 Ἀϐασγίαν.
3634 815 3732 872 Καὶ
3762 814 4033 871 εἰσελθόν-

636 897 969 959 docuerunt
987 898 1233 960 verbum
1259 896 1386 959 Dei.
1411 896 1681 959 Andreas
1705 906 1927 978 autem,
1952 898 2159 959 relicto
2209 897 2281 959 ibi

2372 924 2460 965 τες
2520 903 2592 966 εἷς
2664 900 3057 959 Σεϐαστόπολιν
3145 904 3241 970 τὴν
3315 902 3558 981 μεγάλην
3638 901 3870 969 ἐδίδαξαν
3940 906 4031 960 τὸν

639 983 906 1066 Simone,
940 985 1090 1047 abiit
1117 986 1244 1067 ipse
1300 1004 1434 1047 cum
1490 984 1799 1067 discipulis
1854 986 1915 1047 in
1953 986 2281 1051 Zecchiam.

2373 990 2532 1070 λόγον
2588 998 2680 1048 τοῦ
2738 999 2889 1051 Θεοῦ.
2981 982 3037 1049 Ὀ
3128 989 3182 1046 δὲ
3268 988 3511 1070 Ἀνδρέας
3567 990 3891 1067 καταλείψας
3940 994 4032 1047 τὸν

635 1074 871 1138 Zecchii
902 1082 1097 1137 autem
1121 1075 1302 1138 rudes
1321 1074 1593 1136 homines
1614 1083 1674 1137 et
1704 1074 1960 1152 barbari,
2007 1085 2064 1137 et
2097 1095 2281 1157 usque

2375 1080 2589 1156 Σίμωνα
2673 1079 2810 1158 ἐκεῖ,
2900 1081 2991 1135 σὺν
3076 1083 3344 1155 μαθηταῖς
3418 1082 3572 1145 αὐτὸς
3657 1080 3868 1147 ἐξῆλθεν
3956 1083 4031 1145 εἷς

634 1181 793 1227 nunc
821 1163 1117 1226 increduli
1147 1162 1401 1225 dimidii.
1435 1164 1734 1225 Andream
1768 1172 1963 1226 autem
1992 1174 2159 1227 erant
2186 1166 2281 1225 in-

2371 1168 2625 1248 Ζηκχίαν.
2675 1171 2734 1226 Οἱ
2779 1166 2835 1223 δὲ
2886 1170 3091 1247 Ζηκχοὶ
3147 1167 3368 1247 σκληροὶ
3444 1169 3704 1247 ἅνθρωποι
3757 1170 3845 1249 καὶ
3895 1170 4031 1249 βάρ-

634 1252 964 1327 tert‘ecturi,
989 1252 1104 1313 nisi
1127 1252 1752 1331 vidissentegestatem
1772 1254 1898 1333 ejus
1922 1262 1978 1315 et
2003 1272 2280 1315 mansue-

2371 1240 2521 1335 ϐαρόί
2572 1258 2660 1313 καὶ
2721 1256 2824 1321 ἕως
2894 1240 3147 1312 του-νῦν
3202 1240 3413 1313 ἄπιστοι
3466 1240 3705 1333 ἡμίσεις.
3766 1240 4030 1333 νΕμελλον

633 1340 902 1402 tudinem
928 1347 986 1404 et
1005 1341 1291 1403 studium.
1309 1340 1603 1403 Caeterum
1628 1340 1979 1421 relinquens
1999 1361 2121 1418 eos,
2139 1342 2281 1405 adiit

2371 1342 2422 1400 δὲ
2482 1346 2571 1400 τὸν
2637 1342 2883 1424 Ἀνδρέαν
2940 1345 3198 1425 φονεύειν,
3259 1347 3303 1401 εἰ
3360 1346 3437 1421 μὴ
3498 1345 3674 1425 ἐώρων
3716 1346 3817 1413 τὴν
3863 1346 4029 1413 ἆκτη-

632 1429 909 1510 Sagdaeos
937 1430 1303 1510 superiores.
1333 1430 1465 1491 Viri
1514 1441 1711 1492 autem
1743 1431 1968 1493 dociles
1998 1441 2055 1493 et
2084 1433 2280 1508 mites,

2371 1434 2604 1509 μοσύνην
2652 1434 2742 1489 καὶ
2796 1435 2856 1490 τὸ
2912 1440 3078 1513 πρᾶον
3134 1436 3223 1489 καὶ
3278 1434 3377 1500 τὴν
3434 1432 3658 1501 ἄσκησιν
3717 1436 3894 1494 αὐτοῦ.
3930 1432 4033 1492 Καὶ

633 1526 694 1580 et
748 1537 882 1579 cum
941 1517 1155 1597 gaudio
1218 1527 1612 1598 susceperunt
1666 1520 1935 1582 verbum.
1998 1526 2070 1583 Et
2129 1524 2281 1583 venit

2371 1522 2553 1579 λοιπὸν
2622 1523 2770 1603 ἀφεὶς
2833 1523 3017 1586 αὖτοὺς
3082 1521 3349 1589 κατῆλθεν
3398 1525 3469 1587 εἷς
3529 1521 3847 1601 Σουγδαίους
3904 1525 4030 1586 τοὺς

630 1611 963 1687 BOSporum
988 1608 1280 1668 civitatem
1318 1623 1503 1687 prope
1534 1627 1723 1689 mare,
1755 1629 1931 1690 quam
1964 1620 2021 1671 et
2050 1610 2164 1690 ipsi
2194 1618 2281 1671 at-

2371 1610 2501 1670 ἅνω.
2537 1614 2596 1669 Οἱ
2629 1610 2683 1666 δὲ
2729 1608 2990 1690 ἅνθρωποι
3036 1610 3298 1674 εὒπειθεϊς
3357 1613 3447 1668 καὶ
3508 1610 3715 1691 ἥμεροι,
3774 1612 3862 1667 καὶ
3895 1612 4033 1686 μετὰ

629 1696 894 1775 tigimus.
925 1694 997 1756 Ει
1024 1695 1067 1756 ii
1095 1694 1365 1756 videntes
1394 1695 1661 1775 prodigia
1725 1717 1855 1777 quae
1911 1697 2181 1775 faciebat,
2230 1706 2281 1760 et

2371 1707 2541 1781 χαρᾶς
2571 1699 2806 1766 ἐδέξαντο
2855 1702 2946 1756 τὸν
2994 1700 3174 1778 λόγον.
3238 1703 3335 1758 Καὶ
3391 1699 3548 1769 ἦλθεν
3601 1704 3673 1765 εἷς
3733 1700 4030 1780 Βόσπορον⁷

629 1781 1282 1862 divinitusinspiratum
1314 1781 1592 1861 verbum,
1625 1783 1739 1846 cito
1773 1786 2178 1864 crediderunt,
2224 1796 2281 1848 ut

2371 1788 2523 1846 πόλιν
2554 1788 2715 1867 πέραν
2773 1798 2864 1848 τοῦ
2907 1790 3124 1859 πόντου,
3186 1791 3257 1852 εἷς
3314 1789 3377 1856 ἦν
3429 1792 3517 1846 καί
3574 1792 3737 1865 ἡμεῖς
3802 1789 4028 1869 ἐφθάσα-

631 1871 748 1953 ipsi
777 1871 949 1933 nobis
978 1878 1389 1934 narraverunt.
1440 1869 1845 1935 Ostenderunt
1888 1882 2081 1937 autem
2115 1875 2281 1937 nobis

2372 1900 2491 1954 μεν.
2553 1878 2806 1935 Κάκεῖνοι
2867 1880 3228 1957 θεωρήσαντες
3302 1879 3367 1935 τὰ
3424 1880 3687 1954 θαυμάσια
3744 1878 3776 1934 ἂ
3834 1878 4030 1953 ἐποίει,

632 1979 831 2024 arcam
862 1979 1082 2022 nomen
1106 1960 1428 2023 habentem
1457 1960 1811 2043 inscriptum
1844 1962 2103 2026 Simonis
2133 1984 2280 2044 apo-

2371 1969 2454 2023 καὶ
2509 1968 2598 2023 τὸν
2662 1967 3007 2024 θεόπνευστον
3089 1967 3271 2046 λόγον,
3354 1968 3497 2047 ταχύ
3564 1968 3881 2043 ὑπείκουσαν,
3954 1971 4033 2031 ὡς

632 2050 795 2122 stoli,
830 2049 1296 2112 contumulatam
1356 2048 1430 2110 ad
1485 2049 1871 2113 fundamenta
1904 2053 2109 2133 templi
2140 2052 2281 2114 San-

2371 2058 2510 2112 αὒτοὶ
2580 2057 2717 2130 ἡμῖν
2787 2055 3089 2135 διηγοῦντο.
3194 2054 3405 2122 Εδειξαν
3474 2055 3529 2112 δὲ
3598 2059 3736 2132 ἡμῖν
3793 2056 4035 2136 λάρνακα

632 2146 863 2200 ctorum
886 2137 1304 2217 Apostolorum
1328 2137 1702 2218 amplissimi.
1730 2141 2014 2220 reliquias
2048 2141 2279 2202 hoben-

2371 2144 2665 2223 ἐπιγραφὴν
2736 2143 2967 2224 ἔχουσαν
3020 2146 3263 2220 Σίμωνος
3319 2144 3619 2203 ἀποστόλου
3676 2147 3749 2209 εἷς
3807 2145 4034 2222 θεμέλια

630 2233 748 2288 tem
761 2274 775 2288 .
803 2225 1358 2288 Etdederuntnobis
1372 2245 1441 2287 ex
1459 2226 1565 2288 eis.
1586 2226 1686 2288 Est
1699 2229 1928 2291 etaliud
1942 2230 2281 2310 sepulcrum

2371 2232 2722 2313 κεχωσμένην
2812 2243 2937 2293 ναοῦ
3016 2240 3123 2289 τῶν
3204 2225 3392 2313 Ἀγίων
3480 2231 3820 2290 Ἀποστόλων
3890 2235 4035 2293 πάνυ

629 2313 870 2409 Nicopsi
899 2314 1491 2409 _Zecchiae._titulum-_
1511 2314 1738 2409 habens
1798 2317 2058 2380 Simonis
2087 2322 2281 2383 Cana-

2371 2321 2651 2409 psycﬂou,"
2681 2320 2911 2401 ἔχουσαν
2971 2321 3217 2398 λείψανα.
3302 2324 3400 2380 Καὶ
3480 2321 3678 2379 ἔδωκαν
3766 2326 3901 2399 ἡμῖν
3976 2323 4034 2389 ἐξ

632 2393 796 2481 uitae,
828 2406 1094 2486 etipsum
1129 2404 1355 2467 habens
1383 2405 1692 2480 reliquias.
1729 2408 1998 2472 Andreas
2023 2418 2220 2473 autem
2252 2430 2281 2473 a

2371 2393 2564 2472 αὒτῶν,
2606 2393 2798 2467 τ’ΪΞστιν
2854 2408 2908 2465 δὲ
2984 2393 3078 2467 καὶ⁷
3151 2411 3326 2490 ἕτερος
3402 2412 3565 2493 τάφος
3650 2414 3723 2476 είς
3803 2393 4031 2487 Βίκοψιν

631 2494 900 2575 Bosporo
926 2493 1105 2556 venit.
1131 2492 1532 2557 Theudesiam
1569 2496 1891 2575 civitatem,
1913 2498 2057 2562 viris
2081 2518 2281 2561 nume-

2371 2506 2465 2567 τῆς
2528 2500 2768 2579 Ζηκχίας
2826 2500 3135 2581 ἐπιθραιρὴνν
3191 2500 3336 2581 ἔχων
3393 2502 3633 2576 Σίμωνος
3708 2502 4029 2577 Κανανίτου,

630 2602 850 2657 rosam,
914 2583 1307 2669 philosophiae
1340 2583 1647 2663 deditam,
1712 2606 1909 2667 regem
1968 2587 2281 2651 habentem

2371 2592 2454 2646 καὶ
2482 2590 2639 2651 αὐτὸς
2674 2587 2817 2668 ἔχων
2843 2587 3086 2663 λείψανα.
3125 2580 3180 2647 εΟ
3240 2580 3294 2645 δὲ
3341 2588 3587 2669 Ἀνδρέας
3617 2589 3722 2645 ἀπὸ
3753 2589 4033 2668 Βοσπόρου

632 2669 987 2735 Sarmatam.
1022 2668 1200 2732 Pauci
1245 2678 1443 2732 autem
1505 2690 1579 2733 ex
1640 2675 1727 2737 eis
1785 2676 2189 2752 crediderunt,
2228 2686 2281 2739 et

2371 2676 2628 2744 κατῆλθεν
2711 2678 2783 2740 είς
2843 2676 3117 2735 Θευὸέσιαν
3167 2678 3266 2744 τὴν
3319 2668 3497 2751 πόλιν,
3558 2676 3878 2757 πολύανδρον
3933 2680 4033 2734 καὶ

632 2762 985 2842 relinquens
1006 2779 1108 2822 eos
1130 2760 1273 2822 abiit
1293 2760 1683 2846 Chersonem,
1710 2776 1773 2827 ut
1795 2766 1908 2847 ipsi
1937 2767 2110 2829 nobis
2140 2786 2281 2829 nar-

2371 2765 2674 2846 φιλόσοφον,
2762 2763 2993 2845 ἔχουσαν
3077 2764 3296 2842 βασιλέα
3384 2766 3756 2846 Σαυρομάτην.
3817 2764 4030 2843 Ὀλίγοι

629 2858 934 2913 raverunt.
968 2849 1310 2911 Theudesia
1338 2858 1537 2911 autem
1594 2853 1772 2915 hodie
1830 2874 1942 2917 nec
1973 2857 2281 2935 vestigium

2371 2855 2418 2910 δὲ
2470 2852 2523 2919 ἐξ
2595 2857 2765 2911 αὐτῶν
2843 2852 3171 2915 ἐπίστευσαν.
3260 2856 3360 2911 Καὶ
3444 2855 3752 2911 καταλιπὼν
3832 2855 4031 2918 αὐτοὺς

630 2937 896 2999 hominis
943 2937 1004 2998 in
1060 2955 1124 2998 se
1179 2937 1379 3000 habet.
1439 2939 1637 3004 Facile
1694 2943 2097 3006 circumventa
2139 2964 2281 3024 gens

2371 2942 2598 3010 Ξιπῆλθεν
2661 2944 2735 3006 εἰς
2794 2948 3064 3022 Χερσῶνα,
3120 2945 3193 3007 ὼς
3268 2944 3411 3002 αὗτοὶ
3452 2945 3578 3018 ὑμῖν
3670 2942 4028 3021 διηγήσαντο.

630 3026 1019 3102 Cbersacum,
1055 3032 1114 3087 et
1140 3043 1327 3105 usque
1371 3026 1553 3091 hodie
1604 3031 1791 3092 fortes
1848 3042 2052 3095 contra
2078 3023 2280 3108 ﬁdem,

2371 3023 2431 3089 Ἠ
2488 3030 2544 3087 δὲ
2604 3029 2849 3088 Θευδέσια
2906 3033 3139 3111 σήμερον
3236 3030 3351 3089 οὐδὲ
3410 3031 3569 3111 ἴχνος
3638 3031 3909 3111 ἀνθρώπου
3974 3032 4034 3088 ἐν

628 3114 1007 3195 deceptores,
1030 3121 1092 3214 .et
1127 3113 1290 3223 omni
1339 3126 1514 3179 vento
1569 3119 1981 3183 circumducti.
2016 3122 2281 3184 Andreas

2371 3121 2499 3196 αὑτῇ
2555 3118 2696 3199 ἔχει,
2779 3119 3161 3198 Εὖπερίστατον
3232 3118 3284 3176 δε
3370 3119 3538 3195 ἔθνος,
3622 3123 3670 3177 οἱ
3728 3118 4032 3198 Χέρσακες⁹

629 3210 827 3266 autem
856 3202 1074 3265 mansit
1126 3202 1283 3282 apud
1344 3222 1447 3267 eos
1504 3209 1909 3289 compluribus
1960 3210 2192 3285 diebus,
2228 3218 2281 3272 et

2371 3210 2454 3265 καὶ
2482 3208 2689 3288 ἰσχόροὶ
2720 3207 2881 3287 μέχρι
2927 3213 3025 3274 τῆς
3085 3210 3317 3285 σήμερον
3377 3210 3525 3289 πρὸς,
3567 3210 3765 3288 πίστιν⁷
3802 3213 4035 3283 ψεῦσται

628 3310 903 3354 reversus
929 3290 1360 3378 estBosporum
1387 3288 1698 3359 etinvento
1742 3297 2086 3361 Chersaimo
2125 3299 2279 3374 navi,

2371 3298 2455 3354 καὶ
2524 3298 2680 3353 παντὶ
2766 3294 2946 3372 ἀνέμῳ
3011 3297 3435 3375 περιφερόμενοι,
3513 3288 3571 3355 (Ο
3629 3294 3684 3351 δὲ
3744 3294 4031 3378 Ἀνδρέας²

627 3380 863 3443 transiit
885 3379 1195 3459 SinOpem.
1223 3376 1294 3439 Et
1320 3391 1451 3461 post
1474 3403 1692 3464 paucos
1718 3386 1870 3464 dies,
1918 3387 2281 3450 contirmatis

2371 3387 2596 3456 ποιήσας
2643 3383 2769 3463 παρ’
2828 3385 3010 3449 αὒτοῖς
3067 3385 3270 3464 ἡμέρας
3325 3387 3531 3459 ἱκανὰς,
3590 3384 3913 3464 ὑπέστρεψεν
3950 3376 4034 3450 εἷς

627 3469 772 3545 illis,
805 3472 1111 3536 constituit
1140 3467 1493 3550 episc0pum
1522 3475 1919 3555 Philologum.

2366 3477 2657 3555 Βόσπορον,
2718 3476 2807 3531 καὶ
2859 3474 3021 3553 εὑρὼν
3107 3473 3299 3531 πλοῖον
3387 3476 3710 3554 Χερσακινὸν
3768 3474 4034 3553 ἐπέρασεν

627 3563 701 3625 εἰς
768 3563 1040 3632 Σινώπην,
1114 3567 1216 3625 Καὶ
1283 3564 1512 3634 ποιήσας
1580 3563 1760 3644 ὀλίγας
1830 3567 2032 3646 ἡμέρας
2102 3570 2191 3624 καὶ
2277 3564 2609 3645 ἐπιστηρίξας
2681 3563 2865 3627 αὐτοὺς
2934 3563 3259 3630 κατέστησεν
3329 3564 3513 3629 αὐτοῖς
3586 3563 3871 3621 ἐπίσκοπον
3937 3566 4033 3621 τὸν

626 3647 785 3706 Φιλό)
799 3674 922 3730 ογον
931 3702 944 3715 ,

710 3736 783 3798 Et
810 3738 896 3800 sic
941 3739 1299 3802 conﬁrmans
1351 3739 1701 3823 Ecclesiam,
1760 3743 2031 3824 pervenit
2057 3744 2278 3824 Bysan-

628 3824 776 3888 tium
803 3845 817 3885 :
858 3832 997 3889 tunc
1027 3835 1223 3891 autem
1255 3828 1503 3892 ﬂorebat
1530 3828 1930 3912 Argyropolis.
1965 3832 2282 3893 Constituit

629 3913 717 3976 eis
739 3912 995 3997 Stachyn
1018 3918 1392 3999 episcopum,
1419 3926 1478 3980 et
1496 3917 1557 3978 in
1588 3937 1725 3980 arce
1762 3920 2073 4000 Byzantina
2102 3920 2276 3981 dedi-

631 4002 787 4065 caVit
819 4005 1144 4067 oratorium
1177 4005 1365 4069 beata:
1394 4006 1499 4069 Dei
1539 4006 1875 4083 Genitricis,
1901 4010 2056 4089 quod
2089 4027 2279 4090 usque

634 4090 814 4152 hodie
871 4100 1084 4155 exstat.
1142 4095 1377 4159 Exinde
1450 4094 1658 4156 abiens
1715 4096 1876 4156 venit
1932 4095 2278 4158 Heracleam

629 4179 920 4244 Thraciae.
952 4180 1024 4244 Et
1053 4191 1187 4263 post
1232 4183 1363 4245 dies
1418 4182 1643 4264 aliquot
1699 4183 1864 4248 abiit.
1918 4188 2282 4248 l‘ercurrens

631 4275 830 4329 autem
860 4270 1125 4333 civitates
1162 4271 1542 4348 Macedoniae,
1605 4271 1845 4351 docens,
1881 4274 2199 4336 exhortans
2227 4281 2285 4335 et

630 4374 870 4435 sanans,
903 4359 1205 4422 aediﬁcans
1262 4379 1498 4441 quoque
1556 4361 1839 4423 ecclesias
1896 4372 1957 4426 et
2001 4363 2285 4425 dedicans

630 4445 857 4524 altaria,
892 4455 950 4510 et
978 4468 1208 4529 ungens
1238 4448 1777 4529 sacerdotes,venit
1804 4451 2279 4532 Peloponnesum

627 4552 817 4618 usque
844 4539 1071 4619 Patras,
1104 4537 1213 4603 sub
1261 4536 1504 4618 Ailgeate
1560 4536 1863 4601 Patrarum
1900 4541 2276 4622 proconsule.

714 4791 1026 4873 Ingressus
1085 4804 1176 4858 est
1232 4804 1428 4859 autem
1484 4795 1755 4857 Andreas
1812 4816 1948 4859 cum
1978 4798 2285 4879 discipulis

633 4880 780 4963 suis,
816 4890 874 4944 et
902 4885 1135 4966 excepit
1165 4903 1268 4947 eos
1296 4886 1385 4947 vir
1437 4882 1639 4947 Sosius
1687 4886 1952 4963 nomine,
1987 4906 2163 4968 quem
2193 4906 2285 4949 sa-

630 4970 795 5032 navit
813 4969 1085 5035 Andreas
1109 4974 1316 5036 lethali
1338 4972 1704 5036 infirmitate.
1743 4976 2063 5055 Peragrans
2086 4984 2281 5039 autem

632 5057 950 5135 civitatem,
984 5060 1127 5123 vidit
1184 5061 1486 5123 hominem
1548 5061 1880 5140 projectum
1931 5063 1991 5124 in
2023 5073 2287 5127 stercore

629 5147 1058 5227 paralyticum:
1112 5158 1172 5213 et
1200 5167 1548 5231 progressus
1604 5152 1678 5212 ad
1739 5169 1874 5212 eum
1904 5153 2194 5228 Andreas,
2230 5163 2291 5215 et

627 5234 777 5297 dans
810 5236 866 5298 ei
898 5255 1140 5301 manum
1173 5244 1358 5302 erexit
1412 5256 1520 5320 per
1575 5236 2008 5302 invocationem
2040 5241 2282 5307 Christi.

623 5321 696 5385 Et
723 5324 839 5387 hoc
869 5344 976 5406 per
1005 5327 1221 5390 famam
1252 5329 1508 5408 vulgato,
1560 5327 1877 5392 Maximilia
1908 5332 2282 5412 proconsulis

626 5430 775 5477 uxor
802 5414 968 5480 misit
995 5417 1175 5483 ﬁdam
1204 5436 1371 5484 suam
1413 5413 1860 5499 Ephidamiam,
1896 5419 2173 5487 idoneam
2203 5424 2279 5486 ad

2442 3742 2544 3800 Καὶ
2602 3739 2766 3804 οὕτως
2835 3741 3183 3819 ἐπιστηρίζων
3252 3741 3345 3805 τὰς
3401 3739 3685 3808 ἐκκλησίας
3755 3739 4031 3806 κατῆλθεν

2364 3834 2436 3895 εἷς
2495 3832 2556 3886 τὸ
2614 3829 2893 3900 Βυζάντιον
2930 3845 2944 3859 '
3003 3830 3122 3886 τότε
3173 3827 3228 3885 δὲ
3283 3831 3317 3897 ἠ
3399 3827 3779 3909 Ἀργυρόπολις
3843 3827 4024 3894 ἤνθει.

2362 3918 2668 3985 Κατέστησε
2713 3915 2767 3972 δὲ
2800 3917 2979 3983 αὒτοῖς
3027 3920 3118 3974 τὸν
3177 3918 3390 3998 Στάχυν
3449 3918 3757 3989 ἐπίσκοπον,
3810 3918 3903 3972 καὶ
3957 3920 4030 3981 εἷς

2361 4008 2459 4075 τὴν
2516 4003 2804 4086 ἀκρόπολιν
2860 4015 2952 4065 τοῦ
3016 4006 3299 4077 Βυζαντίου
3375 4006 3689 4086 καθιέρωσεν
3751 4003 4032 4084 εὖκτήριον

2361 4102 2461 4163 τῆς
2532 4096 2683 4172 ἁγίας
2763 4095 3048 4172 Θεοτόκου,
3136 4093 3164 4149 ὅ
3217 4093 3327 4150 ἐστι
3386 4093 3549 4174 μέχρι
3605 4098 3704 4160 τῆς
3761 4093 4025 4171 σήμερον.

2364 4183 2602 4242 Ἐκεῖθέν
2659 4205 2717 4241 τε
2776 4181 2992 4248 ἐξελθὼν
3051 4181 3310 4249 κατῆλθεν
3382 4173 3510 4246 εἶςη
3540 4173 3851 4261 Ἡράκλειαν
3927 4187 4028 4247 τῆς

2368 4273 2603 4353 Θρᾴκης.
2667 4274 2767 4329 Καὶ
2825 4274 3054 4341 ποιήσας
3130 4270 3333 4350 ἡμέρας
3412 4272 3557 4333 τινάς
3616 4267 3846 4336 ἐξῆλθεν.
3914 4276 4027 4325 Πε-

2367 4362 2713 4441 ριερχόμενος
2743 4358 2796 4415 δὲ
3046 4361 3140 4424 τὰς
3198 4358 3380 4422 πόλεις
3437 4364 3534 4427 τῆς
3596 4357 3921 4421 Μακεδονίας
3957 4357 4031 4413 δι-

2368 4449 2596 4526 δάσκων,
2648 4449 2971 4529 παρακαλῶν
3020 4451 3107 4505 καὶ
3163 4449 3409 4524 ἰώμενος,
3470 4451 3657 4520 κτίζων
3713 4469 3768 4503 τε
3814 4446 4029 4515 ἐκκλη-

2365 4539 2480 4603 σίας
2531 4540 2619 4596 καὶ
2698 4541 2951 4617 καθιερῶν
3025 4539 3365 4617 θυσιασθήρια
3446 4539 3534 4594 καὶ
3616 4538 3782 4618 χρίων
3855 4538 4030 4614 ἱερεῖς

2362 4627 2593 4696 κανῆλθε
2651 4626 2815 4706 μέχρι
2876 4626 3283 4697 Πελοποννήσου
3342 4626 3396 4682 ἐν
3479 4627 3732 4706 Πάτραις,
3794 4623 3879 4680 ἐπὶ
3931 4629 4032 4683 Αἰ-

2364 4718 2555 4795 γεάτου
2583 4715 2876 4772 ἀνθυπάτου
2910 4721 3150 4793 Πατρῶν.

2418 4802 2667 4870 »Εἰσῆλθε
2698 4799 2752 4857 δὲ
2803 4804 2831 4858 ὁ
2876 4800 3122 4881 Ἀνδρέας
3177 4803 3316 4877 μετὰ
3370 4807 3475 4858 τῶν
3533 4805 3783 4876 μαθητῶν
3836 4804 4024 4875 αὐτοῦ,

2366 4894 2453 4949 καὶ
2506 4887 2863 4971 προσελάϐετο
2921 4892 3108 4953 αὐτοὺς
3181 4891 3314 4969 ἀνὴρ
3392 4890 3612 4967 ὀνόματι
3661 4892 3888 4963 Σώσιος,
3971 4894 4028 4948 ὃν

2365 4982 2549 5040 ἰάσατο
2611 4977 2857 5057 Ἀνδρέας
2933 4980 3039 5035 ἀπὸ
3108 4979 3374 5042 ἀσθενείας
3426 4983 3734 5047 θανατικῆς.
3798 4981 4029 5061 Διερχό.

2370 5091 2526 5146 μενος
2584 5066 2638 5123 δὲ
2693 5069 2792 5135 τὴν
2849 5066 3005 5124 πόλιν
3062 5065 3204 5124 εἶδεν
3262 5066 3533 5147 ἄνθρωπον
3608 5067 3877 5147 ἐῤῥιμένον
3944 5071 4028 5125 ἐπὶ

2367 5164 2465 5225 τῆς
2518 5157 2739 5234 κοπρίας
2796 5154 3226 5236 παραλελυμένον
3259 5173 3275 5189 ⁸
3366 5158 3455 5212 καὶ
3524 5155 3826 5235 προσελθὼν
3881 5157 4029 5230 αὐτῷ

2370 5249 2399 5303 ὁ
2451 5243 2716 5324 Ἀνδρέας,
2779 5243 2899 5308 δούς
2956 5258 3014 5301 τε
3268 5257 3434 5325 χεῖρα
3490 5244 3748 5313 ἀνέστησε
3802 5251 3870 5322 τῇ
3900 5245 4026 5302 ἐπι-

2364 5334 2554 5406 κλήσει
2622 5341 2717 5391 τοῦ
2802 5339 3051 5412 Χριστοῦ.
3140 5334 3239 5391 Καὶ
3326 5334 3510 5394 τούτου
3582 5332 4025 5415 διαφημισθέντος

2361 5422 2686 5503 Μαξιμίλλα,
2745 5425 2782 5493 ἦ
2852 5424 2984 5504 γυνὴ
3041 5422 3356 5501 ἀνθυπάτου,
3416 5422 3624 5501 ἔπεμψε
3676 5423 3774 5492 τὴν
3828 5423 4028 5486 πιστὴν

2044 5606 2244 5672 Variae
2272 5606 2586 5672 lectiones.

711 5732 831 5816 (44)
873 5734 941 5792 At
970 5732 1197 5814 addidi,
1229 5754 1344 5820 quo
1376 5739 1710 5822 expeditius
1741 5758 1937 5806 sermo
1967 5742 2275 5825 procedat.
2309 5740 2495 5807 Abest
2522 5759 2557 5806 a
2584 5740 2721 5806 cod.
2748 5737 2883 5804 Vat.
