4154 6384
309 400 430 468 245

1669 396 1857 463 VITA
1883 395 1945 459 S.
1975 395 2083 459 AN
2086 393 2333 459 ΗΒΕΑ).

3580 395 3703 465 246

314 540 474 605 αὐτῆς
526 533 844 618 Ἐφιδαμίαν
927 532 1085 615 (45),
1171 532 1357 600 ἱκανὴν
1425 552 1584 618 ουσαν
1659 527 1792 586 ἰδεῖν
1826 616 1837 618 ξ
1875 529 1963 585 καὶ

2051 525 2368 618 videndum
2403 532 2462 591 et
2490 525 2857 618 lo_quendnm
2887 533 2948 592 et
2975 526 3341 618 audiendum
3366 528 3700 595 Andream.

311 625 542 694 λαλῆσαι
603 616 692 682 καὶ
747 625 970 681 ἀκοῦσαι
1027 631 1119 682 τοῦ
1177 618 1442 701 Ἀνδρέου.
1504 616 1756 678 Ἐλθοῦσα
1819 616 1875 674 δὲ
1929 620 1966 686 ἡ

311 711 598 795 Ἐφιδαμία
668 714 1003 783 καττήντησε
1085 712 1178 767 τὸν
1220 707 1480 795 ’Σώσιον,
1568 705 1812 782 μαθητὴν
1876 712 1967 763 τοῦ

309 789 577 883 Ἀνδρέου,
614 803 746 880 πρὸς
776 803 835 857 ὃν
883 799 1154 871 ἐξενίζετο,
1219 789 1276 856 Ὀ
1318 796 1375 853 δὲ
1431 796 1747 876 κατ-ἤχησεν
1801 795 1969 863 αὐτὴν

306 891 401 949 τόν
430 890 596 969 λόγον
626 899 722 949 τοῦ
769 897 902 948 Θεοῦ
956 890 1044 946 καὶ
1099 887 1199 955 τὴν
1252 883 1382 943 ἰδίαν
1437 884 1607 959 ἴασιν,
1640 884 1727 940 καὶ
1757 884 1969 963 εἰσήγα-

308 1000 407 1058 γεν
436 980 603 1046 αὐτὴν
657 980 789 1057 πρὸς
844 980 936 1034 τὸν
991 973 1260 1055 Ἀνδρέαν.
1307 974 1409 1032 Καὶ
1463 979 1696 1030 πεσοῦσα
1745 974 1818 1036 εἷς
1846 973 1967 1035 τοὺς

312 1066 482 1132 πόδας
544 1072 703 1126 αδτοῦ
756 1064 950 1135 ἤκουσε
991 1070 1096 1121 τῶν
1145 1063 1320 1143 λόγων
1374 1062 1531 1119 αὐτοῦ
1562 1078 1578 1093 '
1639 1064 1726 1119 καὶ
1781 1061 1967 1140 ἀπήγ-

316 1156 464 1236 γειλε
514 1158 643 1236 πρὸς
706 1154 825 1237 (46)
872 1157 971 1223 τὴν
1028 1153 1207 1235 κυρίαν
1264 1153 1453 1219 αὑτῆς.
1499 1149 1626 1207 Μεθ’
1677 1149 1879 1231 ᾑμέρας
1913 1147 1970 1206 δέ

315 1268 463 1310 τινας
519 1243 778 1313 ἠσθένησε
835 1240 1156 1319 Μαξιμίλλα,
1214 1243 1250 1310 ἡ
1312 1240 1446 1319 γυνὴ
1500 1248 1596 1299 τοῦ
1649 1237 1964 1300 ἀνθυπάτου,

315 1336 419 1394 Kal
466 1340 575 1390 τῶν
651 1335 841 1412 ἰατρῶν
911 1331 1298 1407 ἀποκαμόντων
1379 1328 1784 1406 ἆπογνωσθεῒσα
1841 1327 1971 1383 ἀπέ-

309 1421 488 1479 στειλε
559 1422 660 1489 τὴν
731 1420 746 1445 ³
757 1418 1046 1501 Εφιδαμίαν
1114 1420 1201 1475 καὶ
1257 1414 1638 1499 προσκαλεῖται
1691 1416 1782 1473 τὸν
1840 1412 1969 1472 Ἀν-

307 1508 488 1590 δρέαν.
552 1501 611 1568 Ὀ
666 1508 722 1566 δὲ
808 1506 1059 1575 συνῆλθεν
1137 1512 1271 1585 αύτῇ
1343 1505 1480 1583 μετὰ
1554 1511 1659 1562 τῶν
1719 1507 1968 1580 μσθητῶν

2047 615 2274 680 Abiens
2302 623 2497 680 autem
2526 611 2881 699 Ephidamia
2911 618 3170 680 occurrit
3214 616 3412 696 Sosio,
3442 617 3701 683 Andreae

2050 703 2367 786 discipulo,
2380 704 2536 786 apud
2550 722 2727 786 quem
2757 703 3190 787 hospitabatur.
3214 704 3328 778 Qui
3348 706 3550 769 docuit
3566 724 3701 770 eam

2049 792 2297 856 verbum
2324 793 2457 869 Dei,
2493 799 2552 855 et
2601 793 2902 876 prOpriam
2949 795 3338 872 curationem,
3372 802 3434 858 et
3458 795 3705 859 adduxit

2052 899 2183 945 eam
2212 882 2283 945 ad
2303 882 2625 946 Andream.
2648 881 2723 947 Et
2752 882 3067 965 procidens
3096 883 3173 947 ad
3211 883 3398 966 pedes
3422 884 3551 965 ejus
3584 902 3698 948 au-

2051 970 2202 1034 divit
2229 971 2410 1034 verba
2438 971 2620 1048 illius,
2654 977 2716 1033 et
2765 970 3056 1033 nuntiavit
3100 971 3359 1035 dominae
3387 990 3532 1036 sua.
3560 972 3705 1036 Post

2051 1059 2181 1120 dies
2215 1059 2459 1142 aliquot,
2479 1059 2778 1122 infirmata
2792 1066 2882 1123 est
2908 1059 3227 1123 Maximilla
3255 1079 3410 1124 uxor
3437 1078 3699 1142 procon-

2051 1148 2220 1211 sulis.
2250 1148 2320 1210 Et
2340 1149 2590 1212 medicis
2607 1148 2873 1212 laborem
2894 1149 3337 1228 recusantibus,
3369 1149 3568 1213 sciens
3596 1150 3704 1215 illa

2051 1236 2215 1298 misit
2269 1238 2704 1319 Ephidamiam,
2764 1244 2823 1300 et
2875 1237 3179 1301 advocavit
3231 1237 3557 1304 Andream.
3587 1238 3704 1313 Qui

2050 1325 2209 1388 venit
2235 1326 2311 1389 ad
2357 1345 2487 1389 eam
2519 1346 2657 1389 cum
2711 1326 3024 1409 discipulis
3053 1326 3198 1390 suis.
3229 1326 3303 1389 Et
3354 1326 3702 1407 ingrediens

2051 1413 2315 1491 domum,
2349 1415 2573 1479 invenit
2603 1417 3023 1497 proconsulem
3077 1422 3382 1479 tenentem
3411 1415 3698 1495 gladium,

2053 1510 2114 1565 et
2168 1511 2606 1585 exspectantem
2665 1504 2866 1566 uxoris
2925 1522 3051 1567 sua;
3099 1502 3354 1585 obitum,
3402 1503 3701 1567 volentem

306 1599 494 1662 αὐτοῦ.
558 1599 658 1657 Καὶ
715 1596 961 1654 εἰσελθὼν
1016 1598 1089 1659 εἰς
1146 1598 1245 1663 τὴν
1301 1595 1467 1652 οἰκίαν
1526 1592 1657 1673 εὗρε
1695 1593 1787 1651 τὸν
1815 1592 1968 1650 ἀνθύ-

2051 1591 2313 1672 seipsum
2342 1592 2702 1668 interﬁcere,
2764 1591 3259 1655 commoriturum
3319 1591 3399 1657 ei.
3429 1591 3703 1655 Andreas

306 1709 481 1744 πατον
561 1695 854 1765 κρατοῦνται
935 1685 1206 1766 μάχαιραν
1276 1685 1364 1740 καὶ
1445 1680 1796 1763 ἐκδεχόμενον
1877 1683 1968 1737 τὸν

2051 1687 2245 1741 autem
2277 1679 2536 1761 benigna
2562 1698 2706 1743 voce
2734 1680 2880 1743 dixit
2925 1681 2982 1743 ei
3014 1698 3029 1744 ε
3086 1685 3383 1745 Converte
3411 1680 3699 1761 gladium,

310 1777 534 1834 θάνατον
561 1781 662 1843 τῆς
690 1776 878 1834 ἑαυτοῦ
931 1775 1199 1853 γυναικὸς,
1258 1770 1577 1875 βουλόμενον
1626 1770 1748 1849 (47)
1781 1770 1966 1827 ἑαυτὸν

2051 1768 2249 1877 ῆιὶἈὶιι
2270 1769 2485 1877 locum‘
2497 1788 2692 1871 suum,
2720 1777 2778 1832 et
2797 1769 3010 1833 invoca
3036 1771 3229 1833 Deum
3260 1769 3415 1877 ncgeli
3441 1777 3502 1877 et
3526 1776 3705 1834 terra

318 1863 551 1945 ἀνελεῖν,
657 1861 1071 1938 σονθνηξόμενον
1167 1864 1325 1940 αὐτῇ.
1432 1853 1488 1919 Ὀ
1575 1857 1630 1917 δὲ
1719 1857 1963 1938 Ἀνδρέας

2051 1856 2299 1919 credens
2329 1858 2406 1919 ei.
2442 1858 2849 1922 Comminatus
2878 1866 2970 1922 est
3025 1865 3224 1921 autem
3258 1857 3411 1921 febri
3438 1857 3647 1922 dicens
3680 1875 3697 1923 :

320 1953 516 2032 πραείᾳ
565 1960 634 2030 τῇ
686 1957 840 2035 φωνῇ
900 1952 1025 2009 εἶπε
1104 1952 1234 2031 πρὸς
1318 1949 1474 2007 αὸτόν
1507 1967 1521 1982 ³
1600 1946 1963 2029 Ἀπόστρεψον

2051 1945 2290 2035 Recede
2318 1945 2403 2035 ab
2424 1965 2514 2035 ea,
2546 1947 2756 2010 febris.
2790 1946 2863 2010 Et
2918 1947 3203 2030 imposuit
3256 1947 3347 2011 illi
3373 1965 3608 2024 manus,
3640 1952 3704 2035 et

322 2043 427 2108 τὴν
479 2042 764 2122 μάχαιραν,
828 2039 1037 2115 τέκνον,
1115 2041 1187 2105 είς
1264 2041 1356 2096 τὸν
1413 2039 1576 2095 τόπον
1632 2037 1819 2110 αὐτῆς,
1876 2037 1966 2093 καὶ

2051 2034 2244 2122 statim
2304 2034 2557 2111 sudavit,
2619 2041 2679 2098 et
2726 2042 2858 2117 post
2910 2035 3339 2118 aliquantulum
3380 2034 3698 2118 postulavit

321 2121 627 2186 ἐπικαλεσαι
684 2130 871 2209 Κύριον
922 2130 1013 2185 τὸν
1093 2128 1223 2185 Θεὸν
1277 2132 1371 2184 τοῦ
1425 2126 1644 2207 οὐρανοῦ
1711 2126 1799 2182 καὶ
1865 2129 1964 2192 τῆς

2051 2121 2269 2199 cibum,
2303 2129 2361 2185 et
2387 2124 2700 2188 confestim
2729 2125 3010 2187 surrexit.
3045 2123 3215 2199 Quod
3234 2124 3506 2188 videntes
3529 2124 3705 2188 multi

317 2224 426 2298 γῆς
482 2219 760 2281 πιστεύσας
842 2219 1007 2291 αύτῳ.
1093 2217 1418 2293 Ἐπετίμῃσε
1500 2213 1555 2271 δὲ
1630 2221 1708 2290 τῷ
1761 2220 1968 2294 πυρετῷ

2051 2211 2457 2277 crediderunt.
2488 2212 2765 2294 [Egeates
2792 2221 2990 2276 autem
3018 2212 3270 2278 accessit
3295 2214 3371 2278 ad
3397 2213 3703 2277 Andream

308 2306 488 2386 λέγων
522 2325 536 2340 ·
571 2306 858 2374 Ἀπόστηθι
886 2306 978 2363 ἀπ’
1028 2310 1211 2379 αὐτῆς,
1268 2307 1296 2361 6
1351 2303 1596 2387 πυρετός.
1629 2305 1729 2362 Καὶ
1768 2301 1967 2370 ἐπέθηε-

2051 2300 2209 2362 velut
2237 2300 2310 2363 ad
2340 2301 2639 2365 medicum
2676 2323 2694 2380 ;
2732 2310 2859 2366 erat
2889 2303 3050 2365 enim
3079 2303 3340 2380 Graecus,
3375 2309 3434 2366 et
3462 2301 3705 2365 nolebat

307 2418 404 2453 κεν
440 2394 527 2453 ἐπ’
558 2398 692 2473 αὐτῇ
722 2397 817 2459 τὰς
872 2408 1086 2477 χεῖρας,
1147 2394 1236 2451 καὶ
1290 2392 1477 2457 εὐθέως
1530 2390 1756 2472 ἵδρωσεν
1802 2409 1819 2425 ⁶
1881 2392 1968 2447 καὶ

2051 2388 2259 2452 audire
2282 2389 2531 2452 verbum
2561 2390 2692 2454 Dei.
2747 2391 2935 2455 Dabat
2993 2397 3191 2454 autem
3250 2390 3308 2453 ei
3336 2391 3508 2472 quasi
3536 2390 3705 2455 mille

309 2486 434 2563 μετ’
465 2483 647 2564 ὀλίγον
690 2484 918 2556 ἐζήτησε
973 2496 1189 2565 φαγεῖν,
1249 2483 1337 2539 καὶ
1390 2486 1724 2562 παραχρῆμα
1753 2479 1965 2565 έγέρθη.

2051 2495 2264 2540 aureos
2293 2477 2503 2541 dicens
2542 2501 2556 2540 :
2585 2479 2813 2561 Accipe
2843 2478 3184 2542 mercedem
3217 2489 3404 2543 tuam.
3435 2477 3549 2551 Qui
3580 2496 3704 2544 non

309 2559 481 2633 τοῦτο
565 2559 944 2652 ,θεωρήσαντες
987 2559 999 2565 ”
1040 2559 1229 2630 πολλοὶ
1328 2559 1658 2633 ἐπίστευσαν,
1758 2559 1853 2628 (Or
1914 2566 1968 2625 δὲ

2051 2567 2284 2648 accepit
2311 2566 2563 2631 dicens:
2616 2559 2755 2633 Nos
2797 2567 3018 2631 donum
3075 2567 3443 2649 accepimus,
3474 2566 3704 2631 donum

310 2662 585 2741 Alysétnc
641 2665 715 2726 ὡς
772 2663 936 2741 ἰατρῷ
975 2674 1238 2741 προσεῖχε
1293 2666 1370 2734 τῷ
1425 2657 1644 2739 Ἀνδρέᾳ
1675 2677 1689 2692 ⁸
1748 2658 1814 2727 ἧν
1869 2657 1968 2738 γὰρ

2051 2656 2261 2719 damus
2286 2675 2303 2734 ;
2327 2655 2433 2719 sed
2465 2656 2660 2738 potius
2688 2657 2836 2720 oﬂ‘er
2864 2657 3120 2740 teipsum
3150 2655 3299 2735 Deo,
3327 2655 3379 2719 si
3408 2662 3598 2737 potes.
3629 2654 3706 2719 Et

316 2737 539 2824 “mm,
588 2752 677 2807 καὶ
729 2753 825 2808 οὐκ
862 2737 1030 2818 ’ἤθελε
1075 2737 1367 2829 τὸν-*λόγον
1422 2754 1515 2805 τοῦ
1555 2737 1686 2806 Θεοῦ
1735 2737 1967 2810 ἀκούειν,

2051 2743 2194 2806 inde
2237 2737 2541 2824 exeuntes,
2603 2746 2919 2829 portabant
2948 2737 3299 2822 'Andream,
3354 2751 3481 2807 erat
3539 2743 3704 2808 enim

310 2837 525 2899 Ἐδιδου
578 2837 637 2895 δὲ
693 2844 836 2915 αῦτῷ
1013 2838 1221 2920 χιλίους
1284 2843 1513 2918 χρυσοῦς
1567 2836 1728 2893 εἰπών
1758 2853 1774 2869 ⁸
1831 2833 1968 2892 Λάϐε

2053 2850 2260 2895 senex.
2294 2833 2366 2896 Et
2392 2834 2541 2897 vidit
2568 2834 2886 2917 quemdam
2918 2835 2981 2897 in
3036 2834 3268 2916 porticu
3284 2835 3614 2913 iacentem,
3644 2837 3707 2895 et

305 2932 405 2986 τὸν
464 2927 655 3004 μισθόν
709 2950 827 2989 σου.
889 2919 946 2987 Ὀ
989 2919 1051 2984 δὲν
1098 2927 1195 2985 οὒκ
1242 2924 1526 2993 ἀπεδέξατο
1582 2923 1713 3004 (48)
1758 2925 1918 2983 εἰπών
1953 2941 1968 2956 ⁸

2054 2922 2488 3004 eleemosynam
2521 2930 2849 3004 petentem,
2882 2931 2942 2987 et
2970 2928 3238 3005 tempora
3266 2920 3452 2986 multa
3482 2920 3708 2985 haben-

310 3009 516 3094 Ἣμεϊς
570 3015 770 3096 δωρεὰν
851 3015 1130 3093 ἐλάϐομεν,
1217 3015 1413 3095 δωρεὰν
1497 3012 1739 3092 δίδωμεν.
1801 3021 1968 3093 Προσ-

2053 3019 2173 3073 tem
2201 3011 2264 3074 in
2322 3013 2593 3094 paralysi.
2650 3012 2725 3077 Et
2779 3013 2862 3075 ait
2913 3012 3001 3075 illi
3055 3011 3375 3076 Andreas:
3434 3009 3617 3075 Sanat
3645 3016 3707 3074 te

315 3108 502 3186 ἔνεγκε
558 3105 615 3162 δὲ
672 3104 900 3186 μᾶλλον,
976 3109 1024 3162 ol
1106 3103 1345 3180 δύνασαι,
1418 3105 1637 3160 σεαυτὸν
1693 3110 1770 3178 τῷ
1828 3109 1963 3178 Θεῷ.

2052 3101 2225 3165 Jesus
2255 3100 2545 3165 Christus.
2572 3101 2643 3163 Et
2664 3101 2916 3184 praebuit
2939 3099 3030 3164 illi
3050 3118 3333 3176 manum;
3387 3097 3703 3162 confestim

319 3193 559 3253 Ἐκεῖθεν
618 3216 675 3251 τε
734 3193 1028 3260 ἐξελθόντες
1067 3186 1461 3266 Δὑειτεϐιπὶσταιζον
1523 3194 1614 3250 τὸν
1674 3189 1921 3271 Ἀνδρέαν
1954 3210 1967 3223 ·

2054 3197 2252 3252 autem
2277 3208 2455 3253 sanus
2471 3190 2657 3254 factus
2682 3191 2894 3267 estvir,
2915 3198 2975 3254 et
2999 3188 3280 3253 currebat
3307 3205 3417 3270 per
3444 3186 3706 3251 mediam

322 3283 389 3350 ἦν
443 3285 543 3363 γὰρ
598 3281 919 3363 πρεσϐύτης.
982 3283 1083 3341 Καὶ
1151 3284 1245 3362 ὁρᾷ
1299 3304 1416 3339 τινα
1471 3283 1544 3347 εἷς
1601 3282 1692 3339 τὸν
1748 3278 1968 3357 ἔμϐολον

2055 3279 2374 3356 civitatem,
2405 3283 2724 3345 ostendens
2773 3281 3038 3363 seipsum
3096 3285 3156 3345 et
3211 3277 3459 3341 laudans
3485 3275 3704 3341 Deum.

326 3373 699 3448 κατακείμενον
755 3375 844 3429 καὶ
900 3382 1300 3451 προσαιτοῦντα,
1358 3370 1503 3435 ὅστις
1561 3371 1691 3451 εἶχε
1747 3370 1968 3451 χρόνους

2054 3367 2127 3431 Ει
2147 3368 2475 3450 procedens
2494 3369 2658 3446 inde,
2684 3369 2827 3432 vidit
2847 3367 3153 3431 hominem
3196 3384 3332 3429 cum
3368 3364 3622 3429 muliere
3649 3371 3710 3428 et

329 3459 559 3524 πολλοὺς
588 3461 951 3540 παραλυτικῶς
1007 3460 1159 3541 (49).
1214 3463 1315 3519 Καὶ
1370 3459 1515 3540 λέγει
1571 3464 1713 3535 αῦτῷ
1769 3462 1798 3516 6
1840 3458 1970 3516 ’Λν-

330 3547 487 3629 δρέας
518 3565 533 3578 ⁸
594 3551 748 3608 Ἰἆταί
814 3571 874 3607 σε
934 3552 1138 3618 Ἰησοῦς
1197 3552 1226 3606 6
1306 3549 1555 3629 Χριστός.
1629 3548 1730 3606 Καὶ
1781 3544 1972 3603 ἔδωκεν

329 3641 475 3713 αὐτῷ
504 3653 658 3719 χεῖρα
692 3656 706 3670 ·
770 3638 961 3703 εὐθέως
1020 3638 1077 3696 δὲ
1133 3637 1344 3719 ἐγένετο
1393 3639 1547 3717 ὑγιὴς
1602 3639 1631 3693 6
1674 3635 1969 3716 ἅνθρωπος,

323 3729 413 3784 καὶ
460 3726 642 3808 ἔτρεχε
685 3727 768 3784 διὰ
810 3728 981 3804 μέσης
1036 3733 1135 3796 τῆς
1185 3725 1416 3801 πόλεως,
1487 3723 1733 3782 δεικνύων
1787 3726 1971 3781 ἑαυτὸν

317 3819 407 3874 καὶ
478 3815 702 3888 δοξάζων
773 3819 862 3873 τὸν
934 3818 1086 3881 Θέον,
1153 3820 1253 3875 Καὶ
1317 3814 1515 3897 προϐὰς
1572 3814 1772 3872 ἐκεῖθεν
1829 3812 1973 3870 εἶδεν

2054 3476 2240 3538 puero
2259 3475 2468 3520 caecos.
2500 3456 2570 3519 Et
2601 3458 2791 3538 tetigit
2817 3457 3020 3520 oculos
3051 3474 3284 3534 eorum,
3317 3458 3380 3519 et
3405 3453 3522 3516 cito
3544 3453 3707 3517 vide-

2055 3552 2216 3627 runt,
2278 3554 2337 3607 et
2386 3545 2791 3628 sequebantur
2843 3564 2980 3609 eum
3035 3544 3346 3607 laudantes
3401 3544 3616 3619 Deum,
3649 3547 3712 3606 et

2054 3635 2272 3714 gratias
2318 3634 2407 3698 illi
2436 3642 2701 3715 agentes.
2760 3633 3049 3700 Videntes
3096 3639 3294 3695 autem
3326 3630 3519 3694 turba
3547 3648 3709 3694 com-

2055 3732 2229 3791 motae
2259 3733 2396 3788 sunt
2424 3724 2813 3803 admirantes,
2868 3731 2928 3787 et
2985 3722 3158 3785 multi
3201 3719 3604 3784 crediderunt.
3637 3719 3712 3782 Et

2055 3822 2227 3877 orant
2262 3832 2398 3877 eum
2425 3822 2489 3876 ut
2518 3815 2591 3877 ad
2622 3821 2858 3895 portum
2915 3813 3135 3889 veniat,
3167 3810 3308 3894 quia
3336 3828 3493 3873 unus
3521 3826 3709 3873 senex

312 3904 479 3986 ἄνδρα
561 3907 698 3982 μετὰ
779 3908 1028 3985 γυναικὸς
1105 3908 1194 3964 καὶ
1273 3903 1480 3964 παιδίου
1557 3901 1805 3985 τυφλούς.
1877 3904 1968 3960 Kal

2056 3903 2274 3966 nobilis
2303 3903 2468 3985 lepra
2499 3902 2891 3985 efﬁciebatur,
2926 3908 2986 3967 et
3013 3920 3136 3965 non
3163 3901 3424 3964 ferentes
3439 3898 3710 3961 faetorem

310 3994 499 4069 ἥψατο
550 3999 658 4050 τῶν
687 3993 972 4074 ὀφθαλμῶν
1028 3995 1222 4076 αὖτῶν,
1281 3997 1371 4051 καὶ
1407 3992 1595 4057 εὐθέως
1652 3988 1968 4066 ἀνέϐλεψαν,

2053 3991 2205 4073 ejus,
2239 4000 2567 4074 posuerunt
2608 4010 2745 4055 eum
2778 4010 2958 4074 super
2988 3998 3222 4054 stercus
3257 4010 3270 4050 :
3306 3995 3365 4052 et
3394 4006 3570 4051 nemo
3600 4005 3714 4071 po-

313 4085 407 4139 καὶ
460 4081 785 4151 ἠκολούθουν
845 4088 988 4160 αὐτῷ
1041 4082 1339 4156 δοξάζοντες
1392 4085 1481 4141 καὶ
1538 4082 1968 4162 εὔχαριστοῦντες

2056 4088 2169 4142 test
2215 4082 2695 4164 apprOpinquare
2758 4081 2839 4156 ei,
2893 4081 2999 4145 sed
3055 4078 3298 4163 quando
3354 4077 3614 4140 afferunt
3656 4081 3717 4145 ei

314 4174 411 4228 τὸν
483 4173 639 4234 Θεόν,
715 4181 1042 4253 Θεωροῦντες
1119 4172 1176 4231 δὲ
1255 4176 1303 4232 οἰ
1377 4172 1535 4254 ὄχλοι
1591 4168 1968 4241 ἐξεπλήσσοντο

2056 4168 2281 4246 cibum,
2315 4188 2523 4232 nasum
2555 4177 2851 4248 tenentes,
2886 4169 3063 4234 citius
3108 4167 3418 4232 recedent.
3449 4165 3715 4229 Audiens

316 4261 699 4336 θαυμάζοντες,
757 4265 846 4319 καὶ
902 4262 1092 4321 πολλοὶ
1176 4263 1468 4325 ἐπίστευον.
1555 4262 1654 4320 Καὶ
1720 4280 1968 4339 παρακα-

2055 4259 2183 4321 haec
2200 4259 2489 4336 Andreas,
2513 4266 2570 4322 et
2592 4259 3005 4323 misericordia
3030 4266 3249 4336 motus,
3267 4256 3416 4321 abiit
3437 4255 3512 4318 ad
3527 4272 3666 4318 eum
3693 4272 3713 4331 ;

319 4347 503 4406 λοῦσιν
558 4353 716 4409 αὐτὸν
757 4350 1009 4408 ἀπελθεῖν
1050 4354 1123 4417 εἷς
1177 4353 1269 4409 τὸν
1327 4350 1537 4428 λιμένα,
1601 4347 1682 4406 ὅτι
1732 4370 1814 4413 τις
1868 4354 1968 4404 τῶν

2060 4348 2248 4444 secuti
2277 4356 2413 4411 sunt
2433 4356 2636 4444 autem
2670 4356 2729 4444 et
2755 4348 2858 4444 alii
2886 4347 3059 4444 multi
3107 4366 3179 4444 ex
3210 4346 3408 4444 plebe.
3426 4344 3714 4444 Andreas

318 4439 564 4518 ἀρχαίων
622 4442 839 4519 εὖγενὴς
897 4440 1172 4522 ἐλεπρώθη
1200 4457 1215 4472 ³
1295 4442 1384 4499 καὶ
1439 4441 1516 4516 μή
1573 4438 1817 4520 φέροντες
1874 4438 1968 4504 τὴν

2058 4437 2351 4500 accedens
2379 4437 2453 4499 ad
2484 4455 2620 4499 eum
2653 4436 2847 4500 dixit:
2905 4435 3085 4500 Sanat
3132 4443 3191 4498 te
3218 4434 3392 4500 Jesus
3420 4431 3711 4522 Christus,

319 4524 577 4582 δυσωδίαν
620 4531 778 4587 αὐτοῦ
804 4528 1001 4597 ἔθηκαν
1030 4519 1200 4586 ἀὐτὸν
1257 4528 1343 4586 ἐπὶ
1395 4533 1497 4595 τῆς
1552 4519 1771 4605 κοπρίας
1807 4539 1823 4555 ⁸
1890 4526 1968 4581 καῖ

2056 4543 2255 4604 surge.
2290 4527 2364 4589 Et
2393 4525 2710 4589 confestim
2762 4526 3023 4589 surrexit
3081 4542 3285 4588 sanus.
3316 4521 3388 4586 Et
3413 4519 3716 4601 accipiens

359 4612 416 4637 να
443 4617 457 4635 ε
588 4620 604 4639 ς
655 4623 681 4633 -ο
934 4618 945 4636 ι
1141 4616 1153 4638 r
1497 4612 1512 4635 θ
1938 4611 1948 4627 '

322 4635 492 4679 ουοεις
551 4638 691 4691 croup
747 4615 1041 4684 πλησιασαι
1099 4614 1335 4696 δυναται,
1393 4613 1494 4672 ἆλλ
1570 4613 1695 4670 ὅταν
1749 4634 1968 4694 προσφε-

2058 4632 2193 4677 eum
2225 4614 2365 4677 lavit
2392 4614 2451 4676 in
2478 4614 2659 4690 mari;
2714 4622 2773 4677 et
2792 4616 2948 4677 facta
2970 4620 3214 4677 estcaro
3245 4612 3377 4693 ejus
3393 4613 3548 4673 sicut
3576 4625 3714 4671 caro

321 4726 486 4783 ρωσιν
519 4709 663 4781 αὖτῴ
717 4707 815 4774 τὴν
864 4707 1088 4787 τροφὴν,
1146 4707 1240 4770 τὰς
1294 4705 1446 4783 ῥῖνας
1502 4705 1673 4761 αὐτῶν
1714 4711 1968 4783 κρατοῦν-

2059 4702 2285 4783 parvuli
2315 4709 2373 4765 et
2401 4702 2719 4765 mundatus
2776 4710 2887 4766 est.
2948 4701 3219 4765 Andreas
3270 4708 3471 4763 autem
3499 4696 3712 4787 aitqei:

316 4815 437 4867 τες,
496 4795 711 4875 ταχέως
778 4785 1169 4876 ἀναχωροὼιν.
1253 4790 1511 4857 Ἀκούσας
1592 4791 1647 4848 δὲ
1729 4798 1893 4849 ταῦτα
1948 4793 1968 4848 ἑ

2060 4790 2377 4854 Circumda
2409 4790 2517 4854 tibi
2543 4792 2965 4854 vestimentum
2993 4798 3189 4872 tuum,
3220 4797 3281 4852 et
3308 4788 3487 4852 ablue
3514 4785 3721 4867 culpas

318 4880 578 4962 Ἀνδρέας
661 4886 752 4942 καὶ
836 4883 1249 4963 σπλαγχνισθεὶς
1324 4880 1527 4948 ἀπῆλθε
1581 4882 1713 4962 πρὸς
1769 4879 1968 4963 αὐτόν·

2062 4886 2190 4941 tuas
2220 4879 2475 4943 credens
2491 4879 2756 4944 Christo.
2781 4881 2858 4945 Et
2878 4878 3236 4963 baptizatus,
3268 4876 3489 4962 gratias
3508 4891 3716 4957 agens,

322 4961 588 5038 συνῆλθον
657 4970 712 5028 δὲ
791 4974 880 5030 καὶ
958 4961 1109 5028 ἄλλοι
1175 4971 1236 5028 ἐκ
1302 4977 1395 5028 τοῦ
1448 4969 1579 5027 λαοῦ
1628 4961 1843 5032 πολλοί.
1920 4961 1968 5028 Q0

2060 4976 2301 5032 secutus
2333 4976 2423 5032 est
2453 4988 2613 5032 eum.

319 5058 380 5116 δὲ
408 5058 650 5139 Ἀνδρέας
680 5061 896 5141 ἐγγίσας
922 5060 1063 5136 αὗτῷ
1090 5059 1233 5140 λέγει
1267 5080 1284 5098 ο
1320 5059 1485 5119 Ἰἆταί
1511 5079 1571 5115 σε
1601 5056 1804 5126 Ἰησοῦς
1835 5059 1864 5115 6
1894 5061 2116 5140 Χριστός
2151 5078 2166 5094 ·
2225 5059 2447 5122 ἀνάστα.
2505 5062 2605 5117 Καὶ
2659 5058 2846 5126 εὐθέως
2884 5058 3080 5127 ἀνέστη
3109 5055 3422 5141 ὑγιήςηΚαὶ
3449 5055 3719 5141 κρατήσας

324 5148 484 5206 αὐτὸν
516 5136 733 5208 ’ἔλουσεν-
753 5136 828 5215 εἰς
855 5151 955 5217 τὴν
978 5136 1242 5208 θάλασσαν
1275 5167 1291 5183 ⁸
1323 5150 1412 5206 καὶ
1441 5148 1649 5229 ἐγένετο
1675 5150 1710 5217 ἡ
1745 5146 1870 5228 σὰρξ
1898 5136 2056 5210 αύτοῦ
2081 5149 2207 5206 ὡσεὶ
2235 5146 2512 5229 παιδαριου
2560 5157 2769 5229 μικροῦ,
2818 5150 2906 5207 καὶ
2934 5136 3266 5229 ἐκαθαρίσθη.
3302 5136 3361 5206 ιΟ
3390 5142 3447 5201 δὲ
3475 5140 3722 5222 Ἀνδρέας

323 5238 485 5296 εἶπεν
514 5241 658 5316 αὐτῷ
684 5259 701 5275 ⁸
734 5236 1028 5320 Περιϐαλοῦ
1050 5242 1111 5298 τὸ
1142 5240 1350 5318 ἱμάτιόν
1378 5260 1472 5298 σου
1499 5239 1588 5297 καὶ
1614 5236 1907 5298 ἀπόλουσαι
1934 5239 2035 5308 τὴς
2064 5240 2320 5319 ἁμαρτίας
2351 5260 2468 5319 σου,
2524 5239 2892 5304 πεπιστευκὼς
2919 5244 2997 5315 τῷ
3025 5242 3258 5319 Χριστῷ.
3293 5236 3393 5298 Καὶ
3418 5232 3723 5313 βαπτισθεὶς

322 5333 659 5412 εὖχαριστῶν
687 5329 991 5402 ἠκολούθει.

1751 5496 1950 5561 Variae
1977 5497 2292 5563 lectiones.

420 5629 549 5713 (45)
576 5628 650 5701 ΕΙ»
673 5627 968 5710 Ἐπιδάμια
996 5637 1058 5695 et
1083 5630 1365 5714 Ἐφιδαμία
1420 5629 1483 5693 in
1530 5628 1643 5696 00d
1676 5648 1968 5713 nuncupa-

2310 5633 2641 5714 Βουλόμενος
2669 5633 2806 5702 Vat.

345 5712 534 5796 tnr.__'_
668 5795 672 5796 ν
809 5789 868 5796 __
974 5791 989 5796 _
1162 5712 1171 5714 ‘
1312 5790 1362 5796 __
1597 5790 1610 5796 _
1780 5791 1796 5796 _
1884 5712 1900 5713 “

2317 5724 2358 5775 0
2386 5713 2443 5773 δὲ
2466 5712 2546 5796 ,οὗ
2571 5714 2885 5785 κατεδέξατο
2914 5714 3053 5786 Vat.

422 5791 545 5875 (46)
582 5795 721 5873 Πρὸς
752 5789 1099 5859 addendum
1131 5798 1281 5859 erat.
1312 5790 1444 5859 Non
1478 5797 1570 5858 est
1593 5790 1658 5857 in
1687 5791 1825 5859 cod.

2154 5789 2279 5874 (49)
2312 5795 2673 5879 Παραλυτικός
2701 5798 2836 5864 Vat.
