4154 6392
459 359 579 428 247

1759 338 2164 414 ΕΡΙΡΗΑΝῙῘ
2199 339 2551 408 MONACHI

3721 337 3842 405 248

534 490 804 574 Vulgatis
833 495 1034 556 autem
1074 488 1172 553 his
1223 485 1511 571 prodigiis
1555 482 1753 574 tactis,
1794 488 1865 574 et
1889 478 1964 542 iis
1993 474 2092 560 qui

2263 473 2571 548 Διαϐοήτων
2629 474 2718 534 οὖν
2771 475 2942 534 αὒτῶν
3016 483 3122 535 τῶν
3198 474 3480 552 θαυμάτων
3536 472 3684 556 [τῶν]
3733 494 3832 552 γε-

453 571 846 648 sanati—erant
900 575 1295 643 clamantibus
1350 575 1414 638 in
1467 573 1744 636 universa
1794 571 2101 634 Patrarum

452 672 694 738 Achaiae
718 669 974 744 civitate,
1002 676 1062 731 et
1082 668 1144 729 in
1168 665 1331 729 omni
1351 663 1597 744 regione
1625 661 1748 737 illa,
1781 657 2101 721 attulerunt

453 762 513 826 ei
542 759 939 825 daemoniacos
968 765 1026 820 et
1050 756 1318 820 inﬁrmos
1353 776 1370 831 ;
1417 759 1476 816 et
1522 751 1768 816 verbum
1797 744 2103 811 eharitatis

453 856 794 914 contestans
823 847 931 921 eis,
962 853 1021 908 et
1039 845 1284 920 docens,
1333 839 1706 904 invocatione
1753 835 1972 901 Christi
2001 851 2102 895 sa-

450 937 613 1001 navit
634 953 864 1000 omnes.
893 932 1534 1000 Subvertebentautem
1549 925 2100 1010 templaidolorum,

451 1034 513 1091 et
541 1025 928 1090 conteberant
985 1031 1206 1086 statuas
1265 1038 1482 1084 aureas
1537 1026 1597 1081 et
1648 1021 1985 1097 argenteas,
2046 1019 2106 1073 et

449 1116 638 1180 libros
666 1113 1090 1180 incendebant.
1125 1111 1201 1174 Et
1244 1111 1476 1172 divitias
1535 1107 1750 1170 multas
1778 1103 2105 1168 attulerunt

448 1205 526 1269 ad
555 1205 880 1286 Andream,
911 1203 1014 1285 qui
1061 1219 1168 1283 per
1224 1217 1434 1262 manus
1491 1196 1914 1286 discipulorum
1941 1191 2098 1255 divi-

449 1293 632 1356 debat
663 1311 762 1356 eas
793 1281 1078 1375 orphanis
1111 1296 1171 1352 et
1196 1288 1409 1365 viduis,
1444 1293 1502 1350 ct
1554 1286 1616 1348 in
1645 1281 2097 1375 aediﬁcationem

447 1381 837 1445 ecclesiarum
917 1389 977 1442 et
1009 1377 1159 1441 nihil
1191 1395 1396 1440 earum
1445 1375 1590 1456 ipsis
1619 1391 1768 1456 opus
1797 1379 1949 1446 erat,
1982 1367 2101 1430 nisi

446 1469 606 1552 quod
636 1477 796 1533 esset
821 1466 1249 1531 necessarium.
1305 1463 1574 1526 Tradidit
1601 1469 1798 1525 autem
1829 1459 1915 1522 eis
1944 1462 2096 1523 Tes-

443 1565 770 1622 tamentum
803 1559 988 1620 Vetus
1018 1563 1078 1619 et
1101 1553 1483 1632 Evangelium
1516 1569 1533 1629 ;
1568 1559 1626 1614 et
1654 1557 1959 1632 postquam
1991 1565 2096 1608 or-

443 1647 708 1710 dinasset
722 1648 810 1709 eis
831 1645 1169 1709 sacerdotes
1183 1649 1240 1706 et
1258 1643 1560 1717 diaconos,
1582 1638 1759 1722 jussit
1781 1637 2092 1700 ecclesiam

442 1738 576 1800 ﬁeri
606 1754 902 1816 magnam,
936 1733 1228 1796 mandans
1255 1738 1320 1794 ut
1347 1731 1409 1792 in
1441 1730 1628 1793 muris
1657 1727 2098 1791 describeretur

2180 565 2416 642 νομένων
2458 565 2547 623 καὶ
2603 570 2710 623 τῶν
2767 565 3015 623 ἰαθέντων
3068 566 3316 644 βοώντων
3372 564 3427 622 ἐν
3481 565 3676 628 πάσαις
3708 575 3832 627 ταῖς

2182 655 2412 734 Πάτραις
2444 660 2543 723 τῆς
2574 652 2813 736 Ἀχαΐας
2841 657 2931 714 καὶ
2963 655 3016 712 ἐν
3073 654 3174 733 ὅλῃ
3231 661 3300 733 τῇ
3334 659 3407 734 γῇ
3435 653 3634 731 ἐκείνῃ,
3664 672 3834 732 προσ-

2181 743 2362 825 έφερον
2426 744 2572 820 αύτῷ
2635 745 2758 810 τοὺς
2845 743 3226 822 δαιμονιῶντας
3300 746 3388 802 καὶ
3439 743 3779 804 ἀσθενοῦντας
3813 753 3832 772 ⁸

2183 835 2270 891 καὶ
2333 835 2427 890 τὸν
2480 832 2642 913 λόγον
2699 839 2798 902 τῆς
2846 835 3069 915 χάριτος
3121 833 3598 914 διαμαρτυρόμενος
3653 831 3835 894 αὐτοῖς

2183 923 2271 979 καὶ
2326 925 2611 1002 κατηχῶν,
2679 929 2750 1000 τῇ
2835 921 3114 994 ἐπικλήσει
3189 933 3281 982 τοῦ
3350 929 3577 1002 Χριστοῦ
3631 920 3832 983 πάντας

2183 1012 2324 1070 ἰᾶτο.
2412 1009 2772 1091 Κατέπρεφον
2841 1011 2894 1068 δὲ
2975 1013 3098 1078 τοὺς
3179 1013 3334 1077 ναοὺς
3415 1017 3522 1069 τῶν
3578 1006 3827 1084 εἰδώλων,

2184 1102 2272 1157 καὶ
2328 1098 2618 1158 κατέκλων
2661 1101 2726 1158 τὰ
2767 1099 2925 1166 ξόανα
2979 1101 3046 1158 τὰ
3103 1106 3276 1182 χρυσᾶ
3329 1100 3418 1158 καὶ
3468 1099 3689 1180 ἀργυρᾶ,
3739 1098 3828 1153 καὶ

2183 1188 2462 1246 κατέκαιον
2509 1189 2606 1252 τὰς
2660 1187 2892 1267 βίϐλυυς.
2954 1191 3054 1248 Καὶ
3108 1189 3282 1247 πολλὰ
3339 1189 3598 1270 χρήματα
3627 1184 3829 1264 προσέ-

2180 1298 2336 1359 φερον
2389 1281 2466 1353 τῷ
2518 1275 2738 1358 Ἀνδρέᾳ
2769 1294 2786 1311 ⁸
2871 1280 2900 1336 6
2958 1276 3012 1334 δὲ
3067 1277 3152 1336 διὰ
3205 1284 3309 1337 τῶν
3367 1280 3616 1354 μαθητῶν
3670 1272 3832 1330 ἐδίδου

2180 1366 2308 1422 αὒτὰ
2337 1379 2454 1430 τοῖς
2511 1367 2762 1448 ὀρφανοῖς
2821 1369 2908 1424 καὶ
2963 1380 3087 1433 ταῖς
3143 1368 3342 1448 χήραις
3397 1366 3485 1423 καὶ
3540 1366 3612 1428 εἰς
3662 1363 3828 1422 κτίσιν

2179 1453 2476 1523 ἐκκλησιῶν
2507 1471 2522 1487 ⁸
2579 1456 2668 1512 καὶ
2745 1453 2890 1513 οὐδὲν
2967 1453 3020 1522 ἐξ
3087 1459 3258 1515 αὐτῶν
3336 1455 3596 1535 ἐχρῶντο,
3651 1453 3694 1508 εἰ
3750 1452 3828 1527 μή

2177 1565 2228 1599 τι
2277 1541 2400 1625 (50)
2431 1544 2496 1612 ἧν
2554 1544 2877 1624 ἀναγκαῖον.
2935 1543 3215 1625 Παρεδίδου
3270 1542 3325 1600 δὲ
3369 1543 3551 1608 αὐτοῖς
3580 1546 3678 1608 τῆν
3708 1547 3825 1596 Πα-

2175 1631 2328 1689 λαιὰν
2363 1634 2634 1704 Διαθήκην
2662 1635 2751 1690 καὶ
2808 1635 2870 1691 τὸ
2927 1632 3249 1713 Εὖαγγέλιον
3283 1648 3298 1663 ⁸
3358 1634 3448 1690 καὶ
3504 1630 3823 1714 χειροτονή-

2175 1744 2270 1787 σας
2327 1723 2508 1788 αὖτοῖς
2591 1721 2968 1804 πρεσϐυτέρους
3052 1725 3140 1781 καὶ
3199 1721 3467 1788 διακόνους
3547 1718 3819 1777 ἐκέλευσεν

440 1786 902 1890 sanatam};
919 1786 2086 1896 6:31;;36'szi‘ni:“disserat...

2187 1786 2473 1879 ἐκκλησίαυ
2495 1786 2502 1788 ⁷
2527 1786 2763 1892 γενέσθαι
2848 1786 3116 1892 μαγάλην,
3187 1786 3461 1876 κελεύσας.
3517 1811 3716 1890 γράψαι
3771 1807 3825 1865 ἐν

445 1920 668 1991 tantur,
699 1929 890 1996 usque
917 1910 1098 1975 hodie
1129 1907 1507 1972 traditionem
1538 1905 1847 1970 habentes.

524 2155 854 2226 Proconsul
883 2165 1080 2226 autem
1109 2161 1407 2243 Egeates,
1440 2163 1749 2239 postquam
1777 2160 1985 2218 sanata
2005 2162 2095 2218 est

443 2270 594 2314 uxor
618 2251 771 2332 ejus,
803 2249 949 2313 abiit
1001 2252 1254 2315 Romam
1309 2247 1383 2311 ad
1441 2245 1730 2310 Caesarem
1761 2247 2087 2309 Neronem.

439 2339 708 2404 Habebat
731 2346 929 2403 autem
951 2339 1191 2403 fratrem
1222 2337 1463 2401 nomine
1495 2334 1868 2410 Stratoclem,
1902 2334 2090 2396 Athe-

2169 1913 2288 1965 τοῖς
2345 1901 2518 1981 οίχοις
2583 1902 2682 1970 τὴν
2735 1901 2970 1960 Παλαιὰν
3034 1906 3293 1970 Διαθηκεν
3349 1901 3439 1958 καὶ
3503 1905 3604 1968 τὴν
3657 1897 3817 1970 Νέαν,

2171 1991 2245 2052 ὡς
2275 1991 2322 2046 οἱ
2351 1987 2582 2047 ἐντόπιυι
2641 1998 3008 2072 μαρτυροῦσιν,
3064 1990 3228 2072 μέχρι
3283 1995 3384 2058 τῆς
3442 1989 3678 2069 σήμερον
3720 1985 3820 2053 τὴν

2171 2075 2458 2159 παράδοσιν
2487 2078 2729 2159 ἔχοντες,

2258 2158 2315 2226 Ὀ
2373 2165 2428 2224 δὲ
2477 2158 2767 2233 ἀνθύπατος
2824 2167 3087 2248 Αἰγεάτης
3143 2167 3257 2246 ἅμα
3309 2175 3388 2243 τῷ
3456 2169 3666 2248 ἰαθῆναι
3719 2164 3820 2232 τὴν

2173 2269 2402 2336 γυναῖκα
2456 2257 2613 2315 αῦτοῦ
2687 2245 3010 2334 ἐδεδήμησεν
3085 2245 3191 2338 Δεἰς
3251 2256 3376 2338 (51)
3445 2256 3544 2313 τῦν
3605 2245 3817 2328 Ῥώμην

2163 2328 2298 2425 πρὸς
2354 2347 2443 2402 τὸν
2497 2345 2732 2425 Καίσαρα
2785 2328 3022 2425 Νέρωνα.
3083 2328 3270 2428 Ἐσχέ
3304 2328 3372 2402 δὲ⁷
3418 2342 3643 2425 ἀδελφὸν
3701 2341 3816 2399 ὀνό·

439 2427 535 2514 nis
563 2435 899 2492 versantem
931 2426 1299 2491 educationis
1329 2423 1541 2514 gratia.
1572 2422 1741 2514 iDum
1773 2421 2092 2514 proconsul

2179 2421 2294 2507 iam
2364 2421 2731 2514 Στρατοκλην,
2793 2421 2870 2498 ὃς⁷
2919 2434 2984 2502 ἧν
3037 2421 3282 2504 Ἀθήναις
3340 2421 3576 2496 παιδείας
3633 2430 3817 2510 χάριν.

434 2513 640 2579 Romae
660 2516 925 2596 degeret,
958 2516 1280 2580 Stratocles
1302 2513 1473 2577 rediit
1493 2511 1839 2593 abjAthenis
1861 2514 2084 2600 Patras:

2179 2528 2273 2580 Τοῦ
2329 2520 2384 2578 δὲ
2442 2511 2734 2583 ἆνθυπάτου
2803 2521 2952 2587 ὄντος
3027 2523 3082 2580 ἐν
3161 2513 3342 2600 Ῥώμῃ
3400 2524 3428 2579 6
3480 2516 3816 2598 Στρανοκλὴς

435 2605 544 2686 qui
573 2622 811 2668 servum
841 2604 1101 2667 habebat
1157 2602 1604 2692 charissimum,
1638 2602 1879 2692 nomine
1909 2598 2087 2661 Alca-

2179 2609 2462 2671 ἐπανῆλθεν
2515 2611 2622 2668 ἀπὸ
2649 2609 2886 2680 Ἀθηνῶν
2915 2611 2972 2668 ἐν
3027 2598 3326 2692 Πάτραις-’ὴ
3364 2611 3422 2675 ὃς
3480 2609 3609 2690 εἶχε
3638 2605 3818 2663 δοῦλον

435 2709 694 2756 manam.
749 2693 1014 2772 Agitatus
1066 2700 1266 2756 autem
1321 2711 1356 2754 a
1415 2691 1682 2753 daemone
1739 2689 2088 2778 Alcamapas

2179 2700 2308 2760 πάνυ
2386 2699 2664 2778 ἆγάπητὸν
2763 2702 2984 2778 ὀνόματι
3083 2689 3444 2777 Ἀλκαμανάν.
3543 2696 3816 2776 Κρουσθεὶς

431 2781 773 2844 volvebatur
827 2800 1162 2864 spumans;
1248 2799 1424 2862 quem
1501 2779 1712 2842 videns
1766 2775 2089 2867 Stratocles

2179 2785 2224 2843 δὲ
2289 2789 2390 2844 ὑπὸ
2437 2775 2692 2865 ’δαίμονος
2749 2791 2778 2847 6
2835 2775 3174 2866 Ἀλκαμανὰς
3246 2775 3477 2846 ἐκυλίετο
3539 2775 3764 2867 ἀφρίζων
3795 2799 3814 2818 ⁶

434 2871 815 2933 contristatus
845 2877 937 2932 est
965 2888 1157 2952 usque
1213 2870 1288 2932 ad
1347 2874 1625 2946 mortem,
1662 2873 1721 2930 et
1748 2865 2088 2947 ambigebat

2179 2876 2228 2932 ὃν
2285 2875 2407 2933 ἰδὼν
2466 2879 2494 2933 6
2550 2876 2886 2957 Στροτοκλῆς
2962 2865 3198 2950 ἐλυπήθη
3271 2877 3372 2941 ἕως
3430 2865 3669 2950 θανάτου,
3727 2873 3816 2930 καὶ

433 2960 582 3042 quid
604 2967 826 3041 ageret.
849 2960 1170 3024 Maximilla
1188 2967 1408 3037 autem,
1435 2976 1602 3021 soror
1616 2959 1762 3039 ejus,
1800 2957 2086 3019 nuntiavit

2179 2963 2405 3046 Βίηπόρει
2452 2967 2501 3022 τί
2553 2965 2760 3046 πράξει.
2825 2965 3125 3043 Μαξιμίλλα
3177 2965 3232 3023 δὲ
3289 2969 3324 3035 ἡ
3381 2966 3559 3046 νύμφη
3630 2962 3811 3042 αύτοῦ,

434 3049 492 3143 ei
514 3067 646 3143 quae
663 3049 1037 3143 d_e_Andrea_
1058 3058 1248 3143 erant,
1290 3056 1350 3112 et
1377 3047 1676 3143 quomodo
1703 3054 1904 3143 sanata
1933 3057 2021 3109 est
2049 3065 2080 3108 a

2179 3052 2497 3134 ὶπήγφειλεν
2551 3055 2694 3130 αὐτῷ
2749 3055 2818 3113 κὰ
2871 3056 3008 3113 κατὰ
3084 3057 3174 3112 τὸν
3232 3053 3500 3143 Ἀνδρέαν,
3555 3052 3645 3109 καὶ
3697 3056 3813 3115 πῶς

433 3136 641 3199 lethali
686 3136 876 3202 febre.
930 3136 1042 3210 Qui
1098 3138 1349 3201 audiens
1405 3137 1705 3200 advocavit
1756 3135 2079 3198 Andream.

2179 3143 2284 3210 ,άθη
2350 3143 2455 3200 ἀπὸ
2535 3150 2628 3200 τοῦ
2695 3147 2974 3204 θανατικοῦ
3043 3150 3289 3225 πυρετοῦ.
3352 3137 3410 3203 Ὀ
3468 3142 3524 3198 δὲ
3582 3140 3812 3203 ἀκούσας

432 3225 538 3290 Ille
549 3226 1000 3309 superveniens,
1015 3228 1412 3290 comminatus
1425 3224 1838 3314 esijmmundo
1851 3225 2084 3314 spiritui

2179 3230 2592 3312 προσεκαλέσατο
2659 3234 2751 3290 τὸν
2809 3224 3196 3314 'Avdpéatv.10
3263 3232 3319 3290 δὲ
3387 3249 3813 3313 παραγενομενος

433 3315 671 3379 dicens:
691 3317 758 3380 In
777 3315 1019 3378 nomine
1032 3315 1173 3381 Jesu
1187 3315 1424 3392 Christi,
1451 3315 1549 3377 exi
1578 3313 1650 3376 ab
1675 3315 1786 3376 hoc
1816 3313 2077 3402 homine,

2179 3321 2452 3397 ἐπετίμησε
2547 3327 2625 3397 τῷ
2717 3313 2994 3402 ἀκαθαρτῳ
3075 3322 3329 3400 πνεύματι
3415 3321 3577 3378 εἰπών
3611 3335 3626 3350 ⁸
3722 3315 3815 3375 Ἐν

435 3410 587 3468 etne
606 3404 857 3486 amplius
877 3404 1142 3468 introeas
1171 3405 1232 3466 in
1257 3422 1418 3466 eum.
1459 3402 1530 3466 Et
1559 3403 1754 3464 statim
1785 3400 1927 3464 exiit
1953 3401 2082 3482 spi-

2179 3409 2383 3484 ἰνύματι
2439 3406 2617 3478 Ἰησοῦ
2691 3400 2915 3490 Χριστοῦ
2990 3408 3160 3477 ἔξελθε
3232 3410 3338 3468 ἀπὸ
3394 3416 3485 3468 τοῦ
3542 3407 3815 3487 ἀνθρώπου

431 3495 606 3569 ritus,
640 3501 699 3556 et
727 3497 968 3557 sanatus
996 3500 1087 3556 est
1115 3512 1184 3556 ex
1216 3494 1316 3555 illa
1349 3495 1519 3556 hora.
1550 3491 1718 3553 Tunc
1768 3490 2081 3553 Stratocles

2179 3499 2250 3555 ιαὶ
2307 3496 2507 3575 μημέτι
2588 3497 2825 3577 εἰσελθῇς
2908 3501 2980 3564 εἰς
3063 3499 3242 3559 αὐτόν.
3330 3499 3430 3557 Καὶ
3504 3495 3691 3559 εὐθέως
3750 3494 3814 3552 τὸ

431 3580 688 3646 credidit
715 3601 849 3644 cum
897 3581 1063 3645 omni
1119 3582 1297 3645 domo
1359 3599 1489 3658 sua,
1547 3587 1606 3643 et
1633 3579 1958 3662 baptizatus
1989 3589 2080 3643 est

2179 3596 2368 3664 πνεῦμα
2427 3585 2662 3664 ἐξῆλθεν,
2724 3589 2812 3644 καὶ
2884 3588 3005 3656 ἰάθη
3070 3587 3176 3644 ἀπὸ
3231 3592 3329 3656 τῆς
3386 3586 3526 3666 ὥρας
3582 3585 3812 3651 ἐκείνης.

429 3670 560 3752 ipse
591 3677 649 3733 et
676 3671 1000 3734 Mavimilla
1056 3689 1229 3734 soror
1285 3672 1439 3751 ejus,
1498 3676 1558 3732 et
1611 3669 1987 3751 Ephidamia,
2022 3677 2081 3730 et

2179 3674 2293 3733 Γότε
2334 3678 2362 3732 6
2390 3675 2731 3756 Στρατοκλῆς
2785 3676 3056 3734 επίστευσε
3110 3677 3200 3734 σὺν
3258 3675 3368 3751 ὅλῳ
3421 3681 3498 3749 τῷ
3545 3671 3683 3748 οἴκῳ
3713 3676 3812 3731 αὗ-

429 3757 616 3821 turbae
643 3759 861 3840 multa},
888 3767 947 3822 et
975 3766 1141 3822 erant
1175 3761 1338 3822 omni
1369 3767 1638 3840 tempore
1675 3777 1810 3820 cum
1843 3759 2081 3821 Andrea

2179 3772 2276 3838 τοῦ,
2359 3764 2448 3821 καὶ
2531 3762 2821 3832 ἐϐαπτίσθη
2903 3767 3058 3830 αὐτὸς
3127 3766 3216 3822 καὶ
3291 3767 3327 3832 ἡ
3397 3761 3716 3839 Μαξιμίλλα,
3775 3763 3813 3830 ἡ

428 3853 488 3936 _et
516 3846 796 3936 fratribus
826 3847 1404 3912 laetantes.Andreas
1439 3855 1636 3911 autem
1676 3857 1852 3911 nocte
1894 3855 1954 3911 et
1983 3849 2078 3911 die

2179 3853 2338 3933 ρύμφη
2384 3851 2566 3928 αὐτοῦ,
2624 3855 2712 3910 καὶ
2765 3851 3046 3936 Ἐφιδαμία
3102 3855 3188 3911 καὶ
3243 3852 3423 3924 πλήθη
3475 3851 3671 3926 πολλὰ,
3723 3852 3815 3908 καὶ

427 3933 794 4012 hortabatur,
857 3942 918 3998 et
971 3936 1542 4000 commonefaciebat
1626 3955 1836 3999 omnes
1893 3944 1958 3999 ut
2015 3937 2078 3999 in

2179 3943 2293 4011 ⁵,σαν
2337 3939 2421 3998 διὰ
2461 3943 2662 4022 παντὸς
2714 3942 2804 3999 σὺν
2842 3933 2939 4018 ’τῷ
2991 3940 3207 4022 Ἀνδρέᾳ
3254 3943 3342 3998 καὶ
3385 3953 3505 4005 τοῖς
3561 3939 3811 4020 ἀδελφοῖς

427 4023 548 4112 ﬁde
579 4031 912 4106 manerent,
942 4031 1000 4088 et
1028 4025 1399 4088 custodirent
1447 4027 1638 4105 legem
1692 4030 1753 4089 et
1804 4025 2076 4106 Evange-

2179 4029 2578 4110 ὶγαλλιώμενοι.
2652 4021 2709 4090 ιΟ
2791 4029 2846 4086 δὲ
2918 4028 3165 4112 Ἀνδρέας
3222 4031 3407 4095 νυκτὸς
3465 4031 3553 4087 καὶ
3607 4030 3811 4110 ἡμέρας

427 4111 599 4188 lium,
640 4120 700 4176 et
729 4121 1008 4176 curarent
1035 4115 1315 4192 animam,
1346 4133 1561 4197 corpus
1586 4122 1783 4177 autem
1815 4115 2083 4196 despice-

2179 4117 2448 4197 παρεκάλει
2549 4119 2638 4176 καὶ
2731 4117 2985 4177 ἐνουθέτει
3046 4111 3318 4193 ίπάντας,
3401 4117 3646 4195 ἐμμένειν
3744 4124 3814 4194 τῇ

426 4209 584 4278 rent,
645 4208 710 4263 ut
792 4202 925 4284 puri
1001 4211 1223 4282 essent,
1303 4211 1728 4286 temperantes,
1791 4205 2075 4285 virgines,

2179 4211 2334 4264 πίστει
2389 4207 2477 4265 καὶ
2530 4206 2812 4288 φυλάσσειν
2867 4210 2958 4266 τὸν
3016 4209 3180 4285 νόμον
3235 4209 3320 4265 καὶ
3375 4209 3436 4265 τὸ
3465 4205 3810 4287 Εὐαγγέλιον,

427 4291 755 4373 sapientes,
808 4291 1162 4373 injustitiam
1225 4299 1568 4374 paterentur
1625 4313 1736 4356 nec
1790 4293 2075 4370 facerent,

427 4398 550 4443 non
577 4378 896 4461 garrirem,
927 4399 1040 4444 nec
1070 4383 1489 4466 mentirentur,
1530 4383 1634 4446 sed
1665 4382 2142 4466 indesinenterD
2163 4387 2350 4466 νεύειν,

427 4477 692 4569 orarent.
719 4469 1044 4535 Maximilla
1097 4478 1303 4538 autem
1362 4491 1485 4536 non
1543 4471 1970 4537 secernebatur
2000 4473 2072 4536 ab

425 4575 536 4622 elS.

503 4733 667 4800 Inter
694 4735 824 4801 haec
870 4735 1144 4820 Egeates
1199 4737 1520 4818 revertitur
1574 4737 1648 4801 ad
1712 4737 2072 4822 (invisendo)

425 4824 680 4902 Caesare,
717 4832 778 4890 et
806 4828 1000 4890 statim
1033 4829 1282 4891 accessit
1317 4829 1388 4893 ad
1419 4845 1664 4890 uxorem
1694 4846 1858 4890 suam
1891 4831 2077 4893 Maxi-

423 4913 652 4977 millam
679 4935 696 4993 ;
728 4933 859 4997 quae
893 4915 1047 4978 viam
1106 4915 1324 4979 Christi
1379 4923 1614 4994 tenens,
1667 4935 1787 4980 non
1813 4919 2076 5000 suscepit

2163 4295 2529 4361 ἒπιμελεῖσθαι
2586 4302 2795 4379 ψυχῆς,
2871 4298 3117 4375 σώματος
3173 4295 3228 4354 δὲ
3282 4309 3656 4378 καταφρονεῖν,
3715 4297 3814 4376 ἁγ-

2478 4386 2899 4466 ἐγκρατεύεσθαι,
3032 4387 3385 4468 παρθενεύειν,
3505 4399 3805 4467 συφρονεῖν,

2155 4474 2473 4553 ἀδικεῖσθαι,
2544 4477 2632 4533 καὶ
2718 4477 2796 4552 μὴ
2880 4474 3107 4556 ἀδικεῖν,
3182 4477 3260 4553 μὴ
3335 4474 3608 4556 φλυαρεῖν,
3673 4473 3811 4552 μηδὲ

2157 4563 2434 4644 ψεύδεσθαι
2468 4562 2615 4646 (52),
2650 4563 2787 4622 ἀλλὰ
2830 4563 3178 4630 ἀδιαλείπτως
3221 4566 3626 4647 προσεύχεσθαι,
3664 4557 3724 4624 Ἠ
3752 4562 3810 4621 δὲ

2158 4651 2460 4730 Μαξιμίλλα
2489 4655 2586 4712 οὐκ
2624 4654 2912 4735 ἐχωρίζετο
2941 4653 3136 4717 αὐτῶν,

2238 4741 2254 4767 ⁷
2261 4751 2329 4800 Εν
2359 4742 2562 4808 τούτοις
2621 4744 2650 4799 6
2697 4743 2959 4822 Αἰγεάτης
3017 4741 3357 4822 παραγίνεται
3406 4742 3512 4799 ἀπὸ
3567 4753 3658 4804 τοῦ
3686 4745 3812 4804 Καί.

2158 4852 2340 4912 σαρος,
2395 4831 2482 4888 καὶ
2537 4829 2726 4895 εὐθέως
2782 4829 3046 4912 προσῆλθε
3088 4837 3155 4908 τῇ
3211 4832 3416 4912 γυναικὶ
3467 4834 3624 4892 αὐτοῦ
3678 4839 3805 4889 Μα-

2158 4920 2370 4998 ξιμίλλῇ
2395 4939 2410 4955 ⁸
2469 4921 2506 4990 ἡ
2535 4919 2591 4978 δὲ
2647 4921 2746 4989 τὴν
2808 4919 2924 4978 ὁδὸν
2983 4928 3075 4978 τοῦ
3132 4928 3357 5001 Χριστοῦ
3412 4921 3714 5003 κατέχουσα
3746 4925 3810 4981 οὗ

422 5019 587 5085 eum,
612 5010 672 5066 et
691 5020 755 5066 se
775 5003 944 5066 ﬁnxit
966 5022 1206 5085 aegram.
1257 5005 1482 5068 Diebus
1504 5013 1704 5068 autem
1736 5007 2070 5084 transactis,

2179 5007 2466 5075 ιατεδέξατο
2559 5011 2735 5085 αὐτὸν,
2837 5008 2973 5066 ἀλλὰ
3089 5011 3517 5090 προσεποιήσατο
3599 5024 3804 5072 νοσεῖν.

422 5098 484 5154 et
509 5091 892 5175 nolenteipsa
909 5093 1176 5158 dormire
1215 5113 1350 5158 cum
1394 5094 1669 5176 IEgeate,
1706 5095 1836 5176 ipse
1865 5096 2073 5159 anxius

2179 5102 2400 5177 Ημερῶν
2469 5094 2524 5153 δὲ
2581 5095 2965 5177 διαγενομένων
3042 5089 3141 5155 καὶγ
3187 5099 3264 5175 μὴ
3319 5099 3646 5177 βουλομένης
3717 5105 3810 5160 αὗ-

421 5179 707 5270 haarebat.
726 5181 800 5244 Et
824 5201 978 5245 unus
999 5184 1450 5248 Vernaculorum
1499 5184 1644 5247 dixit
1675 5183 1729 5246 ei
1755 5203 1889 5266 quae
1917 5185 2074 5248 circa

2179 5191 2253 5255 τῆς
2327 5185 2740 5266 ωγκαθευδῆσαι
2823 5194 2898 5262 τῷ
2980 5187 3234 5269 Αἰγεάτῃ,
3326 5190 3481 5252 αὐτὸς
3539 5188 3804 5270 διηπόρει.

422 5267 718 5332 Andream
749 5278 942 5350 erant,
973 5271 1112 5354 quia
1149 5272 1330 5336 frater
1374 5280 1530 5349 tuus,
1577 5279 1634 5334 et
1681 5291 1830 5335 uxor
1857 5279 1979 5356 tua,
2016 5284 2075 5338 et

2179 5277 2256 5335 [αί
2328 5295 2409 5339 τις
2490 5283 2594 5356 τῶν
2650 5278 2932 5356 οἰκογενῶν
2985 5278 3138 5334 εἶπεν
3208 5267 3352 5354 αύτῷ
3407 5279 3473 5336 τὰ
3527 5281 3663 5336 κατὰ
3703 5267 3807 5337 τὸν

421 5363 544 5421 tota
574 5356 784 5423 domus
813 5368 914 5424 tua
940 5361 1065 5427 Deo
1097 5362 1352 5427 Andreae
1379 5360 1779 5444 adhaeserunt,
1812 5370 1872 5425 et
1902 5355 2074 5427 casti-

2179 5363 2422 5446 Ανδρέαν,
2455 5361 2538 5423 ὅτι
2571 5355 2628 5425 Ὀ
2658 5355 2880 5448 ἀδελφός
2933 5387 3027 5423 σου
3080 5365 3168 5424 καὶ
3218 5369 3254 5437 ἡ
3284 5369 3418 5449 γυνή
3449 5389 3541 5426 σου
3567 5368 3654 5426 καὶ
3695 5374 3804 5434 πᾶς

1849 5533 2042 5599 Variae
2064 5531 2374 5604 lectiones.

655 5659 998 5823 ἓέἒῆἐὲιᾶν
1027 5659 1162 5730 Vat.

2237 5664 2352 5748 (52)
2381 5665 2698 5728 Ψεύδευσθαι
2728 5664 2866 5731 ναι.

507 5738 627 5818 (51)
655 5738 790 5818 Πρός
819 5738 956 5809 Vat.
