4154 6410
331 371 450 440 249
1675 370 1866 438 VITA
1904 371 1970 437 8.
2013 361 2369 436 ΑΝΒΒΕΔΕ.
3595 371 3718 441 250

335 507 364 563 6
393 503 540 569 οἶκός
572 523 668 561 σου
714 510 794 580 τῷ
850 507 967 579 Θεῷ
1006 510 1100 562 τοῦ
1149 501 1394 583 Ἀνδρέου
1443 499 1740 582 προσῆλθον
1769 503 1857 561 καὶ
1883 503 1966 584 ἀγ·

2052 505 2262 565 .tatem
2285 517 2523 564 servare
2551 501 2975 584 promiserunt.
3017 503 3186 568 Tunc
3227 503 3543 585 proconsul
3573 502 3722 566 dixit

335 595 497 654 νεύειν
524 594 1011 675 καθωμολόγησαν.
1071 594 1202 654 Τότε
1246 596 1274 652 6
1326 593 1622 659 ἀνθύπατος
1673 595 1799 653 εἶπε
1855 595 1966 674 πρὸε

2068 594 2143 656 ad
2175 593 2554 658 Maximillam
2577 595 2892 675 conjugem
2913 614 3084 659 suam
3110 614 3124 660 :
3157 595 3521 678 Obtempera
3545 595 3714 673 mihi,

333 683 663 761 Μαξιμίλλαν
711 685 810 753 τὴν
868 696 1096 763 γυναῖκα
1152 683 1311 743 αὒτοῦ
1343 702 1359 718 ⁸
1406 685 1651 752 Πείσθητί
1707 707 1822 761 μοι,
1853 684 1966 741 κάθ-

2070 682 2266 745 dormi
2288 701 2548 759 mecum,
2580 701 2755 746 secus
2773 693 2970 747 autem
2995 685 3156 748 cruci
3179 685 3406 748 tradam
3427 685 3716 767 decepto-

329 771 441 830 ευδέ
497 796 616 854 μοι,
683 774 773 830 καὶ
828 771 917 831 ’έσο
973 772 1122 851 κυρία
1177 772 1390 846 πάντων
1450 778 1556 828 τῶν
1605 772 1661 829 ἐν
1714 779 1793 848 τῷ
1851 770 1966 845 οἴκῃ

2069 791 2199 836 rem
2231 783 2418 838 tuum.
2459 773 2591 856 Ipsa
2614 783 2810 838 autem
2841 796 2959 838 non
2986 777 3216 840 ferente
3245 796 3407 853 eum,
3440 796 3705 858 compre-

327 885 432 939 μου
465 880 484 899 ⁸
551 863 597 919 εί
652 861 719 930 δὴ
778 861 877 943 μὴ,
940 867 1146 940 σταυρῷ
1219 858 1547 940 παραδίδωμι
1603 862 1696 917 τὸν
1766 860 1966 931 ἀπατή-

2072 864 2325 929 hensum
2347 865 2648 929 Andream
2683 868 2936 946 conjecit
2962 868 3023 929 in
3047 887 3371 931 carcerem.
3397 868 3714 931 Maximilla

326 950 495 1008 σαντά
537 971 618 1010 σε.
681 950 888 1018 Ταύτης
932 948 986 1006 δὲ
1043 950 1123 1025 μὴ
1180 948 1556 1030 ἀνασχομένης
1611 951 1790 1029 αὐτοῦ,
1849 947 1966 1006 συλ-

2065 961 2264 1016 autem
2293 953 2437 1016 abiit
2477 955 2549 1017 ad
2597 973 2754 1031 eum,
2791 965 2850 1018 et
2875 957 3143 1020 discebat
3169 958 3244 1021 ab
3275 976 3345 1020 eo
3377 957 3714 1020 tribulatio-

328 1036 624 1128 λαϐόμενος
657 1038 772 1128 ,τὸν
829 1035 1072 1128 Ἀνδρέαν
1128 1035 1273 1128 ἔθετο
1329 1037 1485 1128 αὐτδν
1527 1036 1582 1094 ἐν
1750 1035 1966 1128 φυλακῇ

2069 1065 2176 1110 nes
2208 1051 2324 1128 pati
2354 1069 2367 1112 :
2402 1048 2461 1110 in
2513 1048 2603 1110 his
2636 1050 2792 1111 enim
2824 1068 2960 1112 vere
2993 1051 3322 1114 ostenditur
3351 1051 3488 1113 fidei
3521 1051 3713 1112 ﬁrmi-

333 1117 399 1184 Ἠ
457 1125 512 1183 δὲ
566 1123 865 1202 Μαξιμίλλα
923 1125 1084 1203 ἀπῄει
1142 1126 1272 1204 πρὸς
1335 1127 1492 1184 αὐτὸν
1553 1127 1641 1183 καὶ
1685 1117 1966 1187 ἐδιδάσκετι

2067 1143 2175 1201 tas.
2206 1117 2414 1201 Sciens
2443 1149 2645 1202 autem
2675 1141 2993 1220 proconsul
3042 1141 3198 1222 quod
3231 1150 3290 1204 et
3318 1142 3528 1203 fratres
3554 1140 3716 1203 veni-

329 1212 421 1272 ὑπ’
477 1215 633 1272 αύτοῦ
686 1214 968 1291 ὑπομένειν
1021 1215 1118 1278 τὰς
1179 1213 1382 1291 θλίψεις
1417 1233 1434 1250 ·
1494 1213 1549 1270 ἐν
1615 1216 1832 1279 ταύταις
1884 1213 1966 1294 γὰρ

2064 1227 2286 1288 rentad
2307 1246 2465 1304 eum,
2499 1212 2761 1290 turbatus
2781 1235 2869 1290 est
2906 1239 2963 1292 et
2994 1212 3080 1292 ait
3103 1230 3435 1292 Maximilla:
3462 1253 3473 1288 :
3509 1228 3708 1310 Siqui-

329 1306 365 1375 ἡ
449 1303 690 1372 ἐπίδειξις
802 1310 902 1372 τῆς
986 1301 1200 1382 βεϐαίας
1290 1304 1516 1369 πίστέως
1610 1303 1966 1365 ἐπιδείκνυται

2066 1313 2204 1377 dem
2218 1301 2575 1380 converterit
2604 1326 2661 1380 te
2694 1337 2875 1380 senex
2906 1318 3008 1381 ille
3060 1327 3124 1382 ut
3153 1319 3513 1382 concumbas
3538 1301 3709 1395 mihi,

324 1395 489 1458 Γνοὺς
517 1392 572 1450 δὲ
617 1396 646 1452 6
695 1393 1011 1470 ἀνθύπατος,
1063 1392 1144 1451 ὅτι
1201 1394 1288 1450 καὶ
1345 1397 1392 1485 οἱ
1448 1392 1660 1475 ἀδελφοὶ
1702 1395 1966 1485 συνέρχον·

2060 1405 2318 1472 liberum
2352 1429 2488 1472 eum
2518 1411 2751 1473 dimitto
2782 1435 2796 1485 ;
2833 1413 2926 1474 sin
2959 1421 3153 1476 autem
3181 1412 3389 1476 ambos
3417 1392 3709 1474 festinanQ

321 1506 411 1542 ται
438 1485 575 1563 πρὸς
608 1485 791 1564 αὖτὸν,
849 1481 1119 1564 ἐταράχθη
1171 1482 1260 1579 καί
1315 1482 1440 1540 εἶπε
1621 1483 1966 1562 Μαξιμίλλῃ⁴

2061 1502 2154 1558 ter
2172 1499 2446 1579 perdam.
2470 1499 2740 1561 Veniens
2757 1481 2956 1562 autem
2976 1503 3050 1565 ad
3073 1520 3375 1565 carcerem
3394 1500 3712 1563 Maximilla

321 1574 382 1630 Εἰ
441 1572 540 1648 μὲν
598 1571 902 1652 ἐπιστρέψει
959 1571 1018 1628 σὲ
1098 1574 1126 1628 6
1196 1571 1364 1652 γέρων
1422 1572 1625 1636 ἐκεῖνος
1683 1577 1966 1653 συγκαθευ-

2061 1571 2348 1649 nuntiavit
2377 1589 2634 1652 Andreae
2659 1595 2905 1651 cunctos
2929 1609 3235 1653 sermones
3269 1589 3380 1652 viri
3420 1589 3535 1651 sui.
3590 1590 3712 1651 An-

315 1658 478 1729 δῐτ,σαί
523 1684 639 1737 μοι,
701 1659 922 1719 ἀπολύω
978 1660 1134 1718 αὖτόν
1165 1677 1181 1694 °
1244 1663 1288 1717 εἰ
1343 1659 1398 1716 δὲ
1457 1661 1556 1737 μὴ,
1618 1659 1702 1719 διὰ
1775 1663 1966 1743 τάχους

2061 1672 2236 1736 dreas
2267 1684 2461 1738 autem
2495 1677 2863 1741 conﬁrmavit
2893 1698 3024 1741 eam
3056 1679 3118 1741 in
3149 1679 3365 1741 timore
3392 1680 3522 1752 Dei,
3560 1686 3618 1739 et
3645 1684 3715 1739 ut

319 1749 569 1808 ἀπολέσω
785 1749 1132 1847 ἀμφοτέρους.
1195 1747 1450 1847 Ἐλθοῦσα
1504 1747 1560 1807 δὲ
1587 1752 1707 1847 ἐἶς-
1739 1753 1800 1847 τὸ
1848 1751 1966 1847 δεσ-

2061 1764 2256 1826 carnis
2286 1782 2486 1826 curam
2521 1785 2639 1826 non
2671 1766 2892 1828 faceret
2920 1767 2980 1828 in
3011 1767 3332 1844 desiderio,
3366 1747 3573 1829 dicens
3601 1764 3656 1826 ei
3693 1787 3708 1830 :

331 1841 598 1919 μωτήριον
644 1841 689 1934 ,ἡ
753 1835 1062 1934 Μαξιμίλλα⁸
1104 1836 1400 1934 ἀπήγγειλε
1453 1841 1532 1915 τῷ
1826 1839 1966 1934 πάν-

2056 1851 2153 1913 Ad
2183 1851 2482 1914 modicum
2511 1858 2761 1929 sustine,
2797 1863 2862 1918 ut
2891 1856 2953 1917 in
3007 1864 3294 1918 aeternum
3315 1835 3606 1934 'gaudeas.
3636 1853 3712 1915 Et

331 1949 426 1991 τας
475 1928 593 1992 τοὺς
644 1925 836 2006 λόγους
891 1934 983 1987 τοῦ
1039 1923 1223 2005 ἀνδρὸς
1283 1928 1469 1995 αὐτῆς.
1543 1936 1584 1986 0
1614 1925 1668 1984 δὲ
1725 1925 1971 2008 Ἀνδρέας

335 2015 538 2093 μᾶλλον
589 2014 852 2097 ἐστήριξεν
908 2016 1071 2084 αὒτὴν
1130 2017 1202 2082 εἷς
1286 2017 1378 2074 τὸν
1435 2013 1595 2097 φόϐον
1662 2026 1757 2078 τοῦ
1816 2025 1967 2094 Θεοῦ,

333 2106 425 2162 καὶ
465 2110 562 2172 τῆς
591 2105 777 2184 σαρκὸς
831 2102 1081 2183 πρόνοιαν
1147 2103 1226 2180 μὴ
1275 2107 1541 2162 ποιεῖσθαι
1572 2105 1644 2169 είς
1673 2104 1968 2183 ἐπιθυμίαν,

328 2191 502 2272 λέγων
555 2193 684 2270 αότῇ
712 2210 732 2230 ⁶
810 2194 948 2272 Πρὸς
1006 2190 1183 2271 ὀλίγον
1235 2192 1540 2270 ὑπόμεινον,
1599 2193 1694 2251 ἵνα
1749 2194 1973 2259 αἰωνίως

324 2289 527 2362 χαρῇς.
604 2283 703 2342 Καὶ
769 2280 888 2358 ἐμοὶ
943 2278 998 2336 δέ
1049 2281 1194 2362 χαρεὶ
1262 2279 1396 2358 ἐστι,
1455 2283 1546 2338 τὸν
1599 2282 1820 2341 θάνατον
1880 2293 1974 2344 τοῦ

321 2372 511 2450 Κυρίου
543 2370 643 2447 μού
671 2370 1078 2450 ἀπενέγκασθαι,
1137 2372 1224 2427 καὶ
1277 2370 1369 2428 σὺν
1425 2373 1568 2446 αὒτῷ
1626 2371 1792 2434 εἶναι.
1823 2362 1887 2429 Ἠ
1916 2371 1972 2429 δὲ

315 2459 542 2520 ἐλθοῦσα
569 2458 866 2538 ἀπήγγειλε
922 2465 999 2534 τῷ
1025 2456 1190 2539 ἀνδρὶ,
1223 2457 1305 2516 ὅτι
1334 2467 1436 2520 Τοῦ
1463 2459 1687 2517 θανάτου
1718 2459 1970 2540 ὀρέγομαι

317 2547 525 2626 μᾶλλον
790 2548 890 2615 τὴν
925 2533 1248 2629 σωφροσύνην
1303 2569 1405 2624 μου
1431 2547 1732 2628 προδοῦναι.
1914 2547 1970 2606 δὲ

316 2641 543 2708 ἤκουσεν
571 2640 601 2695 6
632 2638 922 2700 ἀνθύπατος
952 2636 1073 2700 ’.οὺς
1103 2635 1293 2716 λόγους
1322 2637 1556 2712 τούτους,
1591 2635 1784 2714 ἐξῆψεν
1813 2638 1969 2695 αὐτὸν

314 2729 350 2796 ἡ
380 2727 542 2806 ὀργὴ,
573 2727 662 2782 καὶ
710 2723 951 2782 ἀπελθὼν
995 2725 1067 2788 εἰς
1136 2726 1197 2780 τὸ
1253 2722 1610 2805 δεσμωτήριον
1642 2723 1968 2806 ἠσφαλίσατο

314 2817 499 2892 αύτὸν,
561 2813 781 2894 κλεῖθρα
838 2815 925 2870 καὶ
1004 2810 1245 2894 μοχλοὺς
1319 2814 1543 2892 περιθεὶς
1600 2814 1688 2871 καὶ
1740 2816 1967 2894 σφραγί-

307 2928 407 2970 σας
465 2910 547 2978 τῷ
627 2901 740 2976 ἰδίῳ
808 2900 1087 2977 δακτυλίῳ,
1141 2903 1488 2982 παραστήσας
1557 2902 1646 2958 καὶ
1702 2901 1962 2982 φύλακας.

307 2997 410 3054 Καὶ
438 2991 570 3072 (55)
598 2995 646 3050 οἱ
700 2989 915 3071 ἀδελφοὶ
968 2992 1059 3049 σὺν
1115 2999 1193 3066 τῷ
1245 2989 1571 3070 Στρατοκλεῖ
1628 2993 1716 3048 καὶ
1743 2997 1812 3068 τῇ
1843 2998 1965 3048 Μα-

2053 1937 2199 2000 mihi
2217 1941 2495 2020 gaudium
2528 1948 2618 2005 est
2646 1951 2898 2006 mortem
2925 1943 3165 2007 Domini
3190 1944 3308 2008 mei
3336 1943 3615 2019 tolerare,
3651 1943 3712 2006 ei

2056 2044 2190 2090 esse
2211 2048 2343 2091 cum
2370 2049 2463 2092 eo.
2493 2029 2632 2103 Quae
2654 2031 2861 2095 abiens
2879 2033 3166 2095 nuntiavit
3195 2033 3322 2094 viro
3353 2033 3492 2114 quia
3518 2033 3711 2095 Morte

2054 2115 2264 2194 subeo,
2300 2120 2495 2199 potius
2525 2139 2700 2202 quam
2733 2140 2768 2183 a
2818 2122 3088 2185 castitate
3137 2140 3271 2184 mea
3300 2120 3598 2184 deﬁciam.
3632 2120 3709 2184 Ut

2052 2206 2274 2268 audivit
2302 2209 2621 2288 proconsul
2652 2211 2832 2273 verba
2861 2212 3011 2287 haec,
3071 2211 3159 2273 ira
3187 2229 3479 2273 accensus
3504 2216 3614 2286 est,
3648 2215 3709 2271 et

2052 2293 2270 2357 vadens
2301 2297 2374 2358 ad
2406 2316 2709 2360 carcerem
2743 2300 2993 2362 munivit
3023 2319 3181 2374 eum,
3232 2303 3493 2362 claustra
3519 2306 3580 2361 et
3606 2316 3708 2360 ve-

2051 2389 2176 2445 ctes
2207 2402 2460 2464 ponens,
2492 2387 2734 2467 signans
2789 2407 2925 2450 eum
2983 2389 3200 2451 annulo
3261 2408 3394 2462 suo,
3428 2386 3707 2450 custodes

2052 2489 2291 2552 quoque
2319 2473 2708 2539 constituens.
2764 2477 2840 2540 Et
2887 2476 3100 2540 fratres
3155 2495 3291 2539 cum
3324 2477 3613 2539 Stratocle
3643 2486 3704 2536 et

2049 2559 2366 2623 Maximilla
2409 2562 2472 2624 io
2503 2564 2795 2644 profunda
2829 2573 3006 2628 nocte
3035 2567 3326 2628 venerunt
3352 2565 3424 2626 ad
3455 2583 3614 2640 eum,
3649 2571 3708 2625 et

2051 2649 2420 2728 pulsantibus
2443 2652 2533 2714 eis
2554 2653 2718 2734 foris,
2744 2654 2942 2716 sciens
2962 2654 3230 2716 Andreas
3249 2654 3484 2733 signum
3516 2652 3711 2715 crucis

2050 2737 2190 2799 ferit
2210 2736 2282 2800 ab
2304 2739 2486 2816 intus,
2507 2748 2566 2803 et
2597 2743 2793 2804 statim
2820 2751 3007 2824 porta
3050 2761 3259 2806 omnes
3297 2750 3517 2823 apertae
3544 2750 3706 2824 sunt,

2049 2830 2108 2912 et
2140 2829 2412 2892 custodes
2445 2828 2656 2892 timore
2689 2831 2952 2912 perculsi
3007 2840 3168 2894 sunt.
3219 2833 3319 2894 Ait
3347 2840 3549 2894 autem
3578 2830 3706 2892 An-

2047 2911 2255 2976 dreas:
2284 2913 2414 2978 Non
2445 2917 2605 2980 enim
2634 2911 2856 2984 resciet
2887 2920 3224 3001 proconsul.
3253 2918 3578 2982 Venientes
3605 2937 3680 2981 au

2051 3009 2166 3062 tem
2215 3002 2429 3067 fratres
2458 3008 2868 3069 accenderunt
2925 3009 3219 3071 lucernas.
3256 3007 3328 3070 Et
3361 3009 3542 3071 multa
3570 3028 3703 3072 cum

308 3081 525 3160 ξιμίλλῃ
556 3082 768 3159 βαθείας
817 3081 1000 3145 νυκτὸς
1051 3080 1400 3161 παρεγένοντο
1453 3081 1584 3160 πρὸς
1640 3079 1795 3137 αὑτὸν
1831 3099 1845 3114 ⁸
1877 3083 1965 3138 καὶ

314 3193 647 3204 ..-._.-..........
706 3170 876 3204 ...’....:'...
935 3169 1032 3204 π.-.
1141 3169 1297 3204 -......~..
1359 3171 1386 3204 ,ι
1447 3167 1692 3204 numen...
1765 3168 1926 3204 1---;

2052 3088 2137 3190 eis
2164 3091 2416 3204 locuctus,
2458 3093 2794 3175 impertitus
2823 3104 2912 3158 est
2964 3097 3050 3158 eis
3080 3105 3452 3160 sacrosancta
3485 3107 3705 3179 myste-

314 3193 648 3251 κρωσαντων
704 3170 876 3228 αὐτῶν
935 3169 1054 3266 ἔξω,
1141 3169 1314 3266 γνοὺς,
1358 3171 1387 3225 6
1447 3167 1708 3266 Ἀνδρέας·
1764 3168 1962 3266 ἐσφρά-

2052 3177 2158 3266 ria,
2197 3187 2255 3241 et
2283 3167 2639 3246 Stratoclem
2685 3183 2980 3246 ordinavit
3005 3185 3371 3266 episcopum,
3399 3167 3710 3250 ettra'didit

319 3281 463 3339 γισεν
515 3260 731 3334 ἔσωθεν,
762 3258 854 3316 καὶ
911 3257 1098 3323 εῦθέως
1157 3259 1209 3313 αἱ
1260 3257 1404 3335 θύραι
1464 3263 1629 3314 πᾶσαι
1685 3257 1963 3352 ἀνεῴχθη-

2052 3264 2103 3327 εἰ
2133 3284 2422 3330 caoonem
2450 3272 2675 3350 psalmo
2689 3271 2802 3333 diae
2834 3257 3140 3334 matutinae
3161 3257 3226 3333 et
3233 3257 3607 3352 vespertinae,
3643 3280 3703 3333 et

321 3337 418 3404 σαν
448 3346 585 3428 (56),
614 3349 702 3404 καὶ
757 3349 803 3404 οἱ
858 3345 1085 3426 φύλακες
1141 3348 1219 3420 τῷ
1278 3342 1425 3426 φόϐῳ
1481 3343 1732 3440 3έπτξιξαν.
1796 3337 1865 3405 ’οή

2052 3355 2202 3417 sacri
2235 3337 2626 3438 baptismatis,
2690 3368 2747 3422 et
2797 3379 3038 3422 omnem
3081 3362 3284 3440 ritum,
3337 3337 3402 3421 et
3431 3361 3704 3422 osculans

321 3433 566 3514 Ἀνδρέας
594 3437 742 3493 εἶπεν
777 3452 794 3471 ο
842 3434 915 3492 Οῦ
971 3435 1071 3514 γὰρ
1128 3435 1205 3510 μὴ
1253 3440 1364 3525 γνῷ
1416 3435 1444 3489 6
1472 3433 1786 3525 ἀνθύπατος.
1825 3437 1884 3493 Οἱ
1910 3435 1964 3492 δὲ

2052 3462 2258 3506 omnes
2288 3433 2515 3508 dimisit
2549 3433 2674 3525 eos,
2711 3456 2770 3510 et
2797 3467 3000 3510 rursus
3053 3449 3206 3512 facto
3261 3433 3472 3510 eodem
3506 3450 3703 3511 crucis

321 3521 537 3602 ἀδελφοὶ
588 3522 910 3588 συνελθόντες
988 3521 1200 3617 ἀνῆψαν
1277 3518 1581 3596 λαμπάδας.
1641 3524 1736 3580 Καὶ
1793 3523 1966 3584 πολλά

2052 3530 2241 3614 signo,
2277 3545 2460 3614 portae
2490 3518 2709 3597 clausae
2741 3544 2878 3598 sunt
2907 3555 3040 3598 cum
3072 3537 3311 3617 sigillis.

321 3613 509 3676 αὐτοῖς
562 3611 813 3688 ὁλιμήσας
877 3609 1170 3686 μετέδωκεν
1225 3614 1407 3675 αὐτοῖς
1463 3616 1568 3666 τῶν
1625 3611 1904 3690 ἀχράντων
1977 3609 2300 3702 μυστηρίων,
2373 3626 2460 3680 καὶ
2544 3627 2636 3682 τὸν
2707 3625 3050 3703 Στρατοκλῆν
3119 3609 3522 3707 ἐχειροτόνησεν
3590 3625 3703 3682 ἐπί-

313 3723 536 3782 σκοπον,
568 3699 977 3796 ηἶῇπα-ρέδφξίεν
1009 3703 1150 3796 αὖτῴ
1177 3700 1268 3796 ξδν
1296 3699 1492 3796 καγόνα
1519 3703 1620 3768 τῆς
1649 3698 2074 3796 ψαλμιιδίαςητοῦ
2102 3698 2296 3791 ὄρθρου-
2309 3713 2397 3770 καὶ
2423 3719 2530 3771 τῶν
2585 3698 2871 3796 ἑσπερινῶν
2897 3716 2986 3774 καὶ
3011 3722 3114 3772 τιῖν
3324 3714 3703 3794 βαπισμάτων

309 3794 400 3850 καὶ
426 3798 598 3850 πᾶσαν
653 3789 980 3863 ἀκολουθίαν,
1036 3790 1125 3845 καὶ
1176 3787 1548 3865 ἀσπασάμενος
1604 3789 1806 3854 πάντας
1862 3787 2141 3856 ἀπέλυσεν.
2176 3787 2387 3866 αὐτούς.
2447 3805 2545 3862 Καὶ
2599 3787 2758 3866 πάλιν
2815 3805 3102 3886 σφραγίσας
3158 3787 3220 3863 τ’)
3274 3787 3399 3861 αύτὸ
3457 3807 3508 3861 αἱ
3553 3805 3698 3883 θύραι

303 3883 650 3949 ἐκλείσθησαν
679 3882 772 3938 σῦν
797 3894 921 3944 ταῖς
950 3892 1258 3959 σφραγῖσιν.

389 3962 450 4029 ’0
509 3969 564 4028 δὲ
614 3970 908 4033 ἀνθύπατος
963 3973 1066 4036 τῆς
1126 3967 1223 4044 μὲν
1293 3967 1539 4032 κυναικὸς
1583 3967 1824 4049 ἐφείσατο
1879 3970 1964 4030 διὰ

2125 3976 2446 4043 Proconsul
2478 3989 2674 4044 autem
2737 3983 3007 4064 pepercit
3055 3985 3226 4047 uxori
3279 4001 3423 4061 suae,
3457 3989 3702 4064 propter

301 4064 428 4126 τοὺς
484 4062 758 4141 συγγενεὶς
814 4064 1003 4132 αὐτῆς,
1058 4058 1140 4116 ὅτι
1198 4055 1445 4140 ἐφοϐεῖτο
1496 4061 1704 4136 αὐτοὺς,
1759 4063 1849 4121 τὸν
1906 4061 1962 4120 δὲ

2052 4076 2322 4148 parentes
2353 4071 2509 4151 ejus,
2541 4072 2681 4154 quia
2713 4055 2958 4135 timebat
2989 4091 3119 4148 eos,
3171 4055 3476 4138 Andream
3499 4055 3698 4134 autem

302 4149 555 4229 Ἀνδρέαν
611 4147 935 4230 παρέδωκεν,
1015 4147 1110 4206 ’ίνα
1191 4151 1492 4228 σταυρωθῇ.
1551 4147 1826 4208 Ἐκέλευσε
1881 4151 1956 4228 δὲ,

2052 4147 2291 4220 tradidit
2319 4147 2878 4240 uterum—figeretur.
2933 4147 3112 4226 Jussit
3170 4172 3366 4225 autem
3427 4170 3488 4224 ut
3516 4162 3697 4224 clavis

309 4240 392 4317 μὴ
445 4239 600 4306 ἥλοις
659 4239 814 4296 αὐτὸν
870 4237 1197 4331 ἐμπαρῆναι,
1256 4235 1392 4331 ἀλλά
1447 4239 1704 4331 σχοινίοις
1754 4238 1962 4331 δεθέντα

2052 4264 2162 4306 uon
2195 4235 2748 4327 configeretur,'sed
2777 4251 3019 4314 funibus
3050 4251 3320 4331 alligatus
3349 4250 3698 4313 extendere-

308 4329 526 4386 τανύσαι
580 4328 712 4408 πρὸς
767 4325 1145 4408 περισσοτέραν
1200 4325 1480 4404 τιμωρίαν,
1548 4325 1695 4391 ὅπως
1763 4327 1966 4386 ἀποκα-

2052 4339 2150 4396 tur
2177 4335 2248 4397 ad
2275 4325 2564 4416 majorem
2619 4357 2876 4420 poenam,
2911 4348 2974 4401 ut
3005 4325 3230 4402 viribus
3257 4342 3479 4403 fractus
3507 4339 3699 4403 Maxi-

310 4419 426 4494 μὼν
513 4416 814 4497 ἐπιστρέψει
915 4417 1016 4484 τὴν
1116 4411 1445 4490 Μαξιμίλλαν
1542 4414 1963 4496 σαγκαθευδῆσαι

2052 4423 2270 4486 millam
2301 4411 2675 4490 converteret
2703 4429 2778 4490 ad
2807 4411 3282 4492 accumbendum
3307 4429 3447 4491 sibi.

308 4511 475 4582 αὐτῷ.

394 4592 612 4662 Διεδόθη
657 4594 824 4652 τοίνυν
853 4595 888 4664 ἡ
918 4594 1137 4662 τοιαύτη
1192 4593 1348 4673 φήμη
1404 4590 1458 4650 ἐν
1511 4591 1661 4660 ὅλαις
1692 4607 1813 4660 ταῖς
1841 4596 1959 4652 Πά-

307 4705 457 4763 τραις
487 4680 846 4759 διαϐοωμένη,
879 4684 951 4746 ὡς
1000 4685 1028 4739 ὁ
1071 4681 1268 4744 δίκαιος
1297 4681 1385 4737 καὶ
1412 4679 1596 4747 δοῦλος
1625 4691 1873 4765 Χριστοῦ,
1904 4685 1966 4742 ὃν

305 4773 573 4853 Αἷγείιτης
604 4770 818 4848 δέσμιον
846 4786 1128 4853 κατεῖχεν,
1185 4771 1461 4850 πορεύεται
1519 4773 1964 4852 τιμωρηθησόμε-

305 4882 420 4925 νος.
457 4850 817 4936 Ὀμοθυμαδὸν
849 4858 903 4917 δὲ
931 4850 1126 4925 πάντες
1175 4859 1259 4918 ἐπὶ
1313 4863 1415 4931 τὴν
1471 4859 1594 4918 θέαν
1623 4850 1960 4943 συνέτρεχον,

303 4950 444 5006 κατὰ
497 4956 591 5005 τοῦ
644 4949 939 5007 ἀνθυπάτου
991 4950 1408 5028 ἀγανακτοῦντες
1488 4947 1572 5007 διὰ
1639 4951 1701 5008 τὸ
1757 4951 1966 5008 ἀνόσιον

303 5042 405 5103 τῆς
437 5038 681 5118 κρίσεως.
742 5029 834 5102 Ὠς
891 5036 948 5094 δὲ
1001 5037 1186 5117 διῆγον
1242 5041 1400 5098 αὐτὸν
1461 5040 1593 5115 πρὸς
1623 5040 1714 5096 τὸν
1744 5045 1842 5107 τῆς
1870 5061 1964 5096 τε·

308 5125 568 5190 νειώσεως
625 5130 671 5185 οἱ
728 5126 889 5204 δήμοι
971 5127 1161 5209 τόπον,
1248 5129 1310 5184 τὸ
1363 5125 1640 5184 κελευσθὲν
1706 5127 1962 5196 ἀποπλη-

305 5219 494 5293 ρῶσαι,
553 5216 617 5272 τὸ
687 5225 982 5284 τηνικαῦτα
1063 5218 1092 5272 6
1161 5213 1502 5295 Στρατοκλῆς
1555 5215 1846 5292 πυθόμενος
1901 5218 1962 5273 τὸ

301 5302 528 5389 συμϐὰν,
590 5303 846 5386 δρομαῖος
902 5302 1326 5386 καταλαμϐάνει,
1399 5305 1488 5363 καὶ
1563 5307 1660 5385 ὁρᾷ
1713 5307 1804 5363 τὸν
1863 5328 1963 5383 μα-

2125 4593 2346 4656 Diﬂ‘usa
2376 4602 2463 4658 est
2491 4594 2668 4674 igitur
2694 4596 2848 4660 fama
2900 4598 3027 4660 haec
3077 4598 3139 4659 in
3171 4598 3454 4661 universa
3485 4597 3692 4661 Patra-

2043 4700 2175 4744 rum
2235 4682 2468 4746 civitate
2525 4685 2906 4765 proclamata,
2968 4687 3106 4768 quia
3145 4688 3340 4768 justus
3402 4695 3462 4749 et
3489 4705 3695 4749 servus

2045 4770 2266 4834 Christi
2318 4790 2494 4852 quem
2553 4773 2829 4854 Egeates
2887 4776 3188 4854 captivum
3247 4774 3507 4853 tenebat,
3537 4775 3700 4840 vadit

2048 4876 2221 4940 poena
2277 4859 2650 4939 plectendus.
2714 4860 2940 4926 Omnes
2993 4871 3190 4925 autem
3248 4863 3609 4926 unanimiter
3638 4864 3700 4927 in

2045 4947 2197 5009 viam
2219 4957 2639 5023 cucurrerunt,
2676 4949 3055 5030 indignantes
3085 4954 3426 5033 proconsuli
3460 4962 3702 5034 propter

2044 5035 2396 5115 injustitiam
2429 5038 2760 5100 sententiae.
2794 5041 2942 5104 Cum
2975 5049 3168 5102 autem
3204 5060 3338 5103 eum
3370 5043 3441 5104 ad
3473 5042 3700 5123 suppli-

2048 5123 2123 5186 cii
2155 5125 2349 5186 locvm
2377 5123 2663 5187 ducerent
2693 5126 2958 5204 lictores,
3017 5138 3079 5190 ut
3107 5130 3274 5209 jussa
3303 5131 3694 5211 complerent,

2047 5221 2185 5275 tunc
2205 5214 2454 5276 audiens
2476 5212 2799 5283 Stratocles
2821 5236 2952 5298 quae
2971 5218 3312 5281 acciderant
3332 5219 3580 5281 festinus
3601 5239 3700 5282 su-

2045 5304 2333 5386 pervenit,
2361 5310 2420 5368 et
2434 5303 2579 5367 vidit
2596 5304 2834 5370 beatum
2851 5306 2907 5370 vi
2929 5315 3178 5373 tractum
3215 5327 3250 5372 a
3291 5308 3696 5388 carniﬁcibus,

1742 5473 1939 5540 Varia
1966 5471 2277 5540 lectiones.

386 5602 514 5686 (53)
540 5603 861 5686 Ἀπολεύσω
889 5601 1022 5686 Vat.

386 5605 484 5686 (53
540 5605 861 5667 Ἀπολεύσω
889 5605 1022 5670 Vat.

381 5605 514 5773 (54;
532 5683 811 5772 Adjunxi
836 5682 1064 5764 μᾶλλον,
1096 5683 1257 5769 quod
1286 5683 1351 5749 in
1378 5681 1516 5749 cod.
1547 5680 1738 5747 deest.

2153 5607 2253 5686 55)
2279 5606 2384 5686 Καὶ
2411 5603 2640 5684 addidi,
2671 5603 2736 5686 in
2760 5605 2897 5670 cod.
2934 5626 3056 5675 non
3088 5617 3300 5676 exstat.

2153 5607 2253 5686 55)
2283 5607 2384 5666 Καὶ
2411 5607 2640 5684 addidi,
2671 5607 2736 5668 in
2760 5624 2822 5670 co

2121 5607 2250 5771 €56)
2277 5684 2661 5770 Ἠνεῴχθησαν
2693 5685 2822 5755 Vat.
