4154 6396
462 391 572 456 251
1759 386 2096 451 ΕΡΙΡΗΑΝ

2202 384 2527 448 [ONAGHI
3723 367 3842 440 252

462 518 619 580 velut
640 517 830 580 virum
851 515 1132 600 nequam,
1164 516 1237 578 ad
1252 514 1570 597 judicium.
1605 513 1904 576 Atrociter
1923 513 2098 594 igitur

2201 518 2364 597 ιάριον
2419 519 2505 594 βίᾳ
2559 517 2834 598 ἑλκόρενον
2889 519 2991 574 ὑπὸ
3060 524 3165 575 τῶν
3222 517 3428 592 δημίων
3488 514 3686 600 ὥσπερ,
3722 510 3841 600 τινὰ

459 606 784 669 verberans
814 597 970 683 eos,_
999 615 1056 668 et
1109 607 1338 668 tunicas
1397 603 1747 666 rescindens
1779 622 1984 665 eorum
2011 604 2099 684 qui

2199 613 2484 685 κακοῦργον
2531 608 2604 669 εἷς
2659 597 2856 686 κρίσιν,
2904 603 3160 686 Ἀφειδῶς
3217 605 3306 662 οῦν
3361 602 3577 666 τούτους
3634 597 3839 668 πλήξας

463 695 591 756 haec
619 695 942 768 faciebant,
973 694 1185 756 avulsit
1213 693 1533 757 Stratocles
1555 692 1762 754 dicens
1784 693 1900 754 eis:
1927 695 2103 770 Igno-

2202 697 2282 751 καὶ
2338 697 2459 758 τοὺς
2516 700 2750 774 χιτῶνας
2837 691 3110 772 διαρρήξας
3189 699 3295 749 τῶν
3363 701 3524 750 ταῦτα
3579 687 3842 768 δρώντων,

464 781 612 842 scite
643 783 810 858 mihi,
849 790 907 844 et
935 783 1150 862 gratias
1177 781 1241 842 in
1290 781 1402 843 hoc
1452 781 1607 860 agile
1633 781 1923 860 apostolo,
1953 780 2104 861 quod

2199 783 2498 840 ἀπέσπασεν
2579 786 2608 840 6
2711 781 3052 862 Στρατοκλῆς
3155 783 3315 839 εἰπὼν
3395 781 3528 859 πρὸς
3608 776 3790 840 αὒτούς
3826 792 3839 806 ⁸

464 868 740 932 docuerit
761 889 857 932 me
885 890 990 952 per
1012 870 1188 932 verba
1213 889 1316 931 sua
1341 870 1568 950 absque
1589 869 1676 930 ira
1705 887 1900 946 agere,
1931 879 1988 931 et
2011 887 2104 948 per

2207 873 2476 951 Σύγγνωτέ
2507 895 2596 949 μοι
2625 875 2714 929 καὶ
2764 873 2922 952 χάριν
2979 871 3033 927 ἐν
3087 872 3256 946 τούτῳ
3311 871 3521 944 νείματε
3573 875 3651 941 τῷ
3704 865 3847 921 ἀπο-

467 957 579 1020 hoc
611 977 889 1039 magnum
915 959 1174 1021 furorem
1201 978 1398 1020 meum
1423 960 1892 1038 compescuerit;
1919 965 2107 1020 osten-

2206 960 2390 1041 στόλῳ,
2425 964 2498 1025 ὡς
2527 959 2860 1018 παιδεύσαντί
2917 983 2983 1036 με
3037 959 3160 1040 (57)
3215 959 3299 1016 διὰ
3351 965 3457 1015 τῶν
3484 956 3659 1036 λόγων
3689 956 3846 1012 αὐτοῦ

467 1044 690 1106 dissem
715 1047 935 1128 quippe
964 1046 1128 1108 vobis
1159 1046 1301 1126 quid
1338 1045 1519 1126 possit
1572 1045 1678 1106 Dei
1709 1065 1913 1107 servus
1939 1047 2107 1109 Stra-

2204 1050 2469 1129 ἰιοργήτως
2500 1050 2696 1130 φέρειν,
2729 1051 2816 1106 καὶ
2869 1047 2954 1112 διὰ
3006 1051 3162 1107 τούτο
3215 1051 3306 1106 τὸν
3359 1045 3523 1104 πολὺν
3550 1045 3712 1120 θυμὸν
3739 1063 3844 1099 κα-

467 1133 675 1213 tocles,
707 1135 844 1213 quid
879 1152 1018 1196 vero
1070 1134 1338 1212 impurus
1388 1133 1682 1212 IEgeates.
1714 1132 1785 1194 Et
1814 1133 2107 1214 accipiens

2205 1139 2542 1218 ταπραΰναντι
2577 1157 2590 1170 ⁸
2651 1138 2763 1195 ἐπεὶ
2818 1137 3122 1219 ἐφανέρωαα
3206 1137 3266 1196 ἂν
3349 1137 3501 1214 ὑμῖν,
3558 1135 3624 1190 τί
3663 1134 3760 1209 μὲν
3817 1133 3845 1187 6

470 1240 648 1282 manu
677 1223 1034 1302 apostolum,
1095 1222 1240 1284 abiit
1296 1241 1432 1284 cum
1493 1241 1562 1283 eo
1617 1223 1678 1282 in
1731 1221 2110 1301 locumjuxta

2205 1233 2290 1284 τοῦ
2321 1235 2450 1286 Θεοῦ
2477 1225 2658 1292 δοῦλος
2715 1227 3055 1304 Στρατοκλῆς
3105 1225 3338 1300 δύναται,
3397 1225 3451 1280 τί
3492 1221 3546 1279 δὲ
3601 1225 3629 1278 6
3659 1222 3845 1299 μιαρὸς

467 1327 652 1386 mare,
695 1310 796 1372 ubi
854 1329 912 1372 et
967 1311 1386 1392 disposuerant
1441 1311 1780 1372 interficere
1811 1329 1970 1372 eum.
2008 1311 2107 1384 Qui

2205 1315 2485 1393 Αἷγεάτης.
2541 1317 2639 1374 Καὶ
2691 1322 3018 1395 περικρατῶν
3072 1320 3171 1382 τῆς
3226 1314 3408 1394 χειρὸς
3464 1320 3557 1370 τοῦ
3609 1308 3845 1366 ἀποστό-

466 1415 605 1459 vero
630 1399 1207 1478 comprehenderant
1221 1419 1354 1461 eum
1373 1399 1612 1473 milites,
1629 1407 1866 1460 auctore
1879 1399 2106 1479 JEgeate

2209 1401 2296 1459 λου
2350 1403 2512 1480 ἀπῄει
2563 1403 2654 1459 σὺν
2712 1408 2852 1479 αἱ)τῷ
2907 1405 2979 1468 εἰς
3036 1405 3126 1460 τὸν
3181 1399 3604 1480 παραθαλάσσιον
3663 1397 3849 1476 τόπον,

471 1485 876 1566 relinquentes
897 1488 1226 1568 apostolum
1251 1507 1381 1549 cum
1407 1488 1720 1561 Stratocle,
1753 1495 2111 1550 revertentes

2213 1490 2318 1549 ἔνθα
2345 1493 2437 1568 καὶ,
2490 1491 2806 1572 ηὐτρέπιστο
2863 1491 3203 1561 τελειωθῆναι
3260 1491 3439 1550 αὐτὸν.
3499 1491 3560 1546 Οἱ
3587 1485 3642 1543 δὲ
3670 1508 3853 1566 παρα-

470 1576 889 1638 nuntiaverunt
919 1577 1255 1656 proconsuli
1311 1577 1602 1650 dicentes,
1667 1576 1804 1656 quia
1831 1575 2110 1639 Euntibus

2213 1577 2446 1644 tuamne:
2531 1580 2686 1636 a’nbv
2769 1588 3086 1660 στρατιῶται
3163 1581 3306 1659 παρὰ
3385 1587 3478 1636 τοῦ
3555 1575 3853 1633 ἀνθυπάτου

464 1661 636 1724 nobis
660 1682 794 1725 cum
819 1665 1078 1728 Andrea.
1105 1665 1476 1746 praeveniens
1489 1665 1808 1728 Stratocles
1833 1665 2104 1746 proscidit

2203 1667 2412 1749 ἆφέντες
2468 1670 2559 1724 τὸν
2614 1669 2906 1727 ἀπόστολον
2964 1671 3097 1746 μετὰ
3150 1675 3241 1726 τοῦ
3299 1664 3687 1747 Στρατοκλέους
3719 1663 3843 1742 (58)

467 1751 702 1813 tunicas
733 1761 984 1826 nostras,
1019 1762 1076 1815 et
1103 1754 1375 1816 avulsum
1421 1773 1555 1816 eum
1603 1773 1638 1815 a
1685 1754 1854 1814 nobis
1886 1753 2107 1834 accepit

2203 1759 2622 1839 ὑποστρέψαντες
2704 1760 3027 1840 ἆνήγγειλαν
3103 1767 3180 1834 τῷ
3261 1759 3493 1837 Αἱγεάτῃ
3575 1755 3843 1834 λέγοντες,

463 1857 692 1914 secum,
729 1851 788 1903 et
834 1861 975 1904 ecce
1005 1852 1144 1904 ante
1173 1860 1230 1905 te
1259 1853 1502 1918 stamus,
1537 1851 1601 1909 ut
1627 1843 1812 1904 vides.
1847 1806 2103 1905 Procoii-

2205 1806 2326 1816 ”’“”’
2345 1806 2618 1839 Τ“’τ””⁷“¹
2705 1806 2832 1839 ”’Ἷῦ
2859 1806 3024 1840 Ι“¹’“”“⁹”’⁷
3114 1806 3180 1834 "1"
3261 1806 3493 1837 ""I""“
3576 1806 3844 1834 "'I"""’

2205 1848 2279 1904 ὅτι
2335 1846 2658 1919 Βαδιζόντων
2713 1851 2866 1924 ἡμῶν
2919 1850 3054 1926 μετὰ
3100 1858 3192 1908 τοῦ
3247 1845 3489 1925 Ἀνδρέου
3542 1844 3845 1926 προφθάσας

465 1927 558 1986 sul
589 1936 786 1990 autem
819 1932 1129 2011 respondit
1157 1933 1244 1993 eis
1278 1949 1292 1994 :
1353 1931 1731 2012 Accipientes
1791 1932 1902 1992 alia
1931 1932 2105 1994 vesti-

2209 1939 2224 1993 5
2280 1936 2618 2016 Στρατοκλῆς
2697 1935 2955 2016 διέρρηξεν
3035 1939 3189 2013 ἡμῶν
3263 1937 3386 1998 τοὺς
3441 1939 3699 2014 χιτῶνας,
3760 1932 3849 1988 καὶ

463 2024 686 2086 menta,
715 2017 892 2088 abite,
918 2028 976 2080 et
995 2020 1238 2100 implete
1261 2040 1392 2101 quae
1413 2021 1575 2082 vobis
1598 2021 1766 2100 jussa
1795 2027 1931 2082 sunt
1961 2039 1994 2082 a
2018 2039 2103 2082 me

2210 2024 2512 2088 ἰιποσπάσας
2561 2027 2716 2084 αὐτὸν
2773 2023 2863 2104 ἀφ’
2906 2027 3058 2101 ἡμῶν
3116 2021 3301 2081 ἔλαϐεν
3359 2025 3514 2104 αὐτὸν
3563 2019 3674 2097 μεθ’
3733 2021 3850 2076 ἐαυ-

465 2113 672 2166 contra
706 2107 1046 2170 damnatum
1103 2111 1398 2172 Andream
1437 2127 1450 2172 :
1511 2128 1546 2170 a
1602 2109 1888 2171 Stratocle
1918 2117 2105 2170 autem

2263 2119 2286 2128 «-
2327 2127 2339 2142 ,
2444 2114 2458 2136 κ
2540 2111 2562 2130 κ
2595 2114 2610 2132 \
2825 2101 2832 2104 “
2909 2145 2911 2147 _
3159 2115 3174 2135 ι
3341 2117 3401 2148 ηρ
3484 2101 3500 2123 ε
3623 2109 3643 2142 λ
3700 2109 3714 2127 τ
3799 2109 3810 2130 r

2209 2135 2290 2168 του
2374 2135 2462 2168 και
2515 2115 2623 2169 loco
2677 2115 3090 2192 παρεστήκαμεν
3146 2134 3219 2176 ως
3277 2114 3425 2191 ὁρᾳ...
3501 2119 3541 2168 0
3592 2107 3646 2165 δε
3692 2111 3849 2164 ανθυ-

498 2209 617 2254 non
646 2193 1167 2278 videaminiquoad
1191 2198 1518 2278 potueritis,
1535 2197 1638 2258 sed
1663 2216 1774 2259 nec
1797 2197 2119 2277 quidquam

2207 2223 2370 2265 πατος
2424 2203 2554 2280 πρὸς
2640 2203 2826 2266 αὐτοὺς
2908 2202 3221 2280 ἀπεκρίνατο
3253 2217 3266 2230 ·
3354 2196 3614 2262 Λαϐόντες
3685 2197 3847 2264 ἐσθῆ-

469 2281 526 2342 ei
554 2282 1005 2370 denegaveritis,
1065 2287 1112 2348 si
1172 2287 1312 2368 quid
1373 2286 1608 2366 petierit
1663 2305 1694 2346 a
1748 2285 1936 2347 vobis.
1970 2283 2109 2346 Novi

2211 2312 2294 2354 τας
2528 2289 2708 2369 ἑτέρας
2767 2292 3058 2366 πορεύθητε
3127 2292 3214 2347 καὶ
3267 2287 3586 2368 πληρώσατε
3641 2289 3704 2344 τὸ
3759 2308 3851 2343 κε-

469 2369 626 2432 enim
660 2391 1015 2449 generosum
1065 2375 1325 2436 animum
1381 2377 1529 2456 ejus,
1591 2373 1780 2455 qualis
1810 2373 1908 2454 sit,
1940 2373 2022 2434 ita
2053 2381 2109 2433 ut

2205 2377 2227 2434 λ
2353 2379 2373 2409 \_
2438 2369 2456 2398 ό
2715 2378 2730 2400 ν
2881 2386 2904 2396 ν
2990 2381 3004 2402 ν
3131 2380 3146 2398 κ
3364 2375 3410 2396 res
3553 2373 3566 2397 ς
3652 2373 3674 2393 ἢ
3710 2375 3728 2407 _v
3828 2395 3845 2412 ο

2231 2383 2405 2437 ευσθιν
2433 2391 2560 2456 υμῖν
2605 2401 2710 2458 παρ
2778 2379 2909 2454 ἐμου
2964 2401 3035 2444 εις
3096 2401 3186 2435 τον
3245 2397 3522 2434 καταοικον
3573 2386 3796 2456 Ανοριαν

467 2477 578 2520 nec
612 2461 756 2521 mihi
787 2471 1010 2542 parcat,
1051 2468 1099 2524 si
1131 2464 1327 2525 forsan
1359 2462 1786 2524 succensuerit.
1821 2461 1934 2534 Qui
1962 2480 2107 2523 con-

2207 2473 2271 2541 τῷ
2325 2467 2419 2542 μέν
2474 2491 2556 2524 τοι
2609 2466 2936 2545 Στρατοκλεῖ
3012 2465 3146 2543 μηδὲ
3217 2467 3411 2546 ὀφθῆτε
3469 2463 3592 2522 ὅσον
3649 2467 3708 2520 τὸ
3765 2464 3847 2544 ἐφ’

467 2547 662 2610 festim
691 2549 857 2630 jussa
885 2547 1178 2614 fecerunt.
1214 2551 1539 2616 Stratocles
1570 2560 1766 2612 autem
1799 2569 1929 2612 cum
1963 2570 2107 2630 apo-

2209 2557 2345 2632 ιμῖν,
2405 2555 2540 2611 ἀλλὰ
2596 2553 2731 2630 μηδὲ
2787 2555 3068 2622 ἀντείπητε
3124 2555 3178 2611 εἴ
3233 2576 3391 2618 τινος
3463 2552 3600 2617 ὅλως
3661 2554 3849 2634 χρῄζει

467 2639 618 2698 stolo
641 2639 860 2701 vadens
884 2640 940 2702 in
965 2643 1269 2720 praeﬁxum
1297 2642 1514 2714 locum,
1545 2639 1964 2718 indignabatur
1991 2659 2107 2700 ma-

2207 2645 2362 2718 ιμῶν,
2421 2642 2557 2700 Οἶδα
2633 2645 2733 2722 γὰρ
2811 2645 2872 2700 τὸ
2955 2649 3053 2711 τῆς
3139 2648 3326 2723 ψυχῆς
3406 2645 3564 2700 αὐτοῦ
3618 2641 3847 2720 εὐγενὲς,

467 2725 734 2788 ledicens
764 2728 992 2806 IEgeati
1023 2747 1039 2804 ;
1092 2738 1151 2791 et
1199 2730 1496 2810 apostolus
1551 2729 1624 2789 ad
1658 2747 1790 2789 eum
1822 2747 1835 2791 :
1873 2731 2107 2808 Nequa-

2207 2731 2312 2786 )ἴόν
2341 2731 2503 2807 ἐστιν,
2563 2733 2636 2794 ὡς
2692 2731 2838 2812 τάχα
2893 2731 3067 2808 κάμοῦ
3120 2729 3392 2812 ἀφειδήσει
3451 2731 3494 2786 εἰ
3550 2729 3649 2810 ἄρα
3703 2753 3847 2809 παρ-

467 2833 670 2894 quam,
704 2817 810 2890 ﬁli,
845 2819 980 2879 nolo
1013 2825 1069 2880 te
1099 2819 1274 2880 talem
1307 2837 1438 2880 esse
1469 2837 1752 2898 unquam,
1775 2817 1881 2879 sed
1917 2819 2107 2878 mode-

2213 2818 2452 2886 ›ξυνθείη.
2541 2823 2600 2877 Οἱ
2679 2817 2734 2874 δὲ
2821 2821 2880 2876 τὸ
2977 2818 3250 2878 κελευσθὲν
3346 2817 3603 2885 ἐποίησαν
3686 2839 3853 2897 παρα-

467 2912 646 2981 stum,
683 2915 1082 2987 mansuetum,
1116 2907 1427 2983 humilem;
1462 2927 1578 2968 non
1610 2907 1957 2967 reddentem
1993 2921 2107 2968 ma-

2211 2913 2406 2987 (ρῆμα.
2467 2899 2524 2966 Ὀ
2581 2907 2636 2964 δέ
2693 2907 3032 2987 Στρατοκλῆς
3091 2910 3204 2985 ἅμα
3259 2915 3336 2982 τῷ
3381 2905 3665 2982 ἀποστολῷ
3695 2907 3851 2987 ἐρχό-

467 2993 614 3068 lum,
666 3012 992 3056 memorem
1023 2995 1314 3058 Dominici
1345 2995 1514 3058 verbi
1541 2994 1795 3056 dicentis
1823 3014 1835 3054 :
1871 2993 1944 3058 Si
1977 2995 2107 3072 quis

2211 3019 2354 3060 αενος
2404 2997 2488 3053 ἐπὶ
2539 2999 2626 3053 τὶν
2684 2999 3028 3076 προκείμενον
3083 2998 3248 3054 τόπον
3307 2997 3598 3075 ἠγανάκτει
3657 2995 3851 3052 διαλοι-

467 3087 524 3142 te
547 3086 910 3161 percusserit
935 3086 1022 3146 im
1051 3085 1365 3148 maxillam
1381 3086 1714 3161 dexteram,
1739 3085 1935 3165 prwbe
1955 3084 2107 3146 ιιιίει

2210 3084 2508 3164 Ξορούμενος
2554 3092 2632 3160 τῷ
2688 3087 2918 3164 Λῖγεάτῃ
2953 3103 2966 3116 ⁸
3014 3088 3102 3142 καὶ
3165 3088 3192 3142 ὁ
3250 3083 3546 3148 ἀπόστολος
3603 3086 3732 3164 πρὸς
3761 3089 3850 3144 αὒ-

467 3169 758 3251 alterum;
789 3175 1078 3235 etvolcnti
1099 3191 1312 3254 rapere
1333 3175 1604 3236 tunicam
1631 3181 1810 3234 tuam
1833 3173 1906 3233 da
1933 3180 1991 3235 et
2012 3189 2107 3234 ve-

2213 3173 2291 3228 τόν
2327 3193 2342 3208 ο
2414 3175 2526 3254 Μή,
2586 3173 2770 3230 τέκνον
2801 3193 2814 3208 ·
2875 3174 2935 3229 o3
2990 3173 3254 3251 βούλομαί
3303 3194 3363 3228 σε
3419 3180 3655 3229 τοιοῦτον
3711 3173 3853 3229 εἶναί

465 3260 902 3322 ειίηιεηιιιηιυ.
931 3265 999 3324 Ει
1029 3280 1160 3336 nos,
1196 3262 1426 3343 fratres,
1461 3263 1765 3324 trahentes
1797 3280 1902 3340 per
1936 3260 2105 3324 Chri-

2209 3283 2330 3318 ποτε
2379 3261 2534 3341 (60),
2589 3260 2708 3318 ἀλλ’
2761 3263 2994 3332 ἐπιεικῆ,
3055 3269 3246 3342 πρᾶον,
3299 3262 3708 3341 ταπεινόφρονα,
3771 3263 3849 3336 μὴ

467 3353 590 3407 tum
623 3365 962 3428 sequemur,
998 3359 1054 3411 et
1104 3351 1462 3414 exteriorem
1524 3351 1890 3430 deponentes
1919 3349 2107 3410 ltomi-

2212 3348 2510 3407 ἶιποδιδόντα
2566 3352 2751 3426 κακὸν,
2813 3352 3152 3428 μεμνημένον
3207 3350 3336 3430 (61)
3421 3357 3514 3408 τοῦ
3593 3358 3852 3429 Κυριακοῦ

465 3453 628 3510 nem,
668 3437 996 3500 volentibus
1027 3458 1161 3500 eum
1193 3438 2105 3514 dimittemus,etcontendemus

2208 3438 2358 3516 λόγου
2389 3445 2478 3495 τοῦ
2524 3437 2772 3516 λέγοντος
2807 3458 2822 3474 ’
2892 3461 2914 3494 ιι
2979 3437 3102 3496 Ἐάν
3158 3439 3236 3502 τίς
3293 3460 3350 3494 σε
3404 3439 3600 3517 ῥαπίσῃ
3650 3441 3722 3502 εἱς
3750 3439 3848 3506 τὴν

467 3541 756 3588 renovare
784 3527 1158 3601 interiorem,
1191 3538 1250 3591 et
1279 3529 1348 3591 ad
1403 3529 1590 3591 Deum
1622 3529 1780 3591 hunc
1811 3527 2107 3604 advolare,

2209 3525 2362 3592 δεξιὰν
2419 3528 2661 3606 σιαγόνα,
2751 3528 2977 3608 στρέψον
3061 3528 3202 3604 αῦτῷ
3288 3529 3375 3584 καὶ
3456 3527 3554 3594 τῆν
3631 3527 3798 3594 ἄλλην
3835 3547 3849 3562 ·

468 3611 529 3672 in
564 3632 679 3694 quo
711 3625 976 3678 versatur
997 3636 1174 3679 omne
1206 3617 1570 3678 desidertum
1599 3624 1890 3677 nostrum.

2209 3617 2283 3671 ιαὶ
2332 3617 2422 3672 τὸν
2479 3616 2696 3672 θέλοντα
2779 3614 2966 3673 λαϐεῖν
3051 3618 3140 3673 τὸν
3219 3617 3428 3698 χιτῶνά
3477 3638 3590 3692 σου,
3653 3615 3849 3681 ἀπόδος

461 3704 604 3777 αὒτῷ
631 3725 720 3780 καὶ
746 3708 808 3762 τὸ
836 3707 1067 3782 ἱμάτιον.
1107 3730 1129 3764 ι)
1166 3709 1265 3765 Καὶ
1292 3710 1478 3783 ἡμεῖς,
1510 3706 1743 3786 ἀδελφοὶ,
1778 3719 1894 3769 τοῖς
1923 3705 2132 3762 ἕλκουσι
2162 3701 2244 3760 διὰ
2273 3706 2362 3761 τὸν
2395 3707 2577 3784 Κύριον
2607 3704 3138 3786 ἐπακολουθήσωμεν,
3162 3709 3250 3762 καὶ
3265 3707 3354 3762 τὸν
3383 3703 3564 3771 ἔξωθεν
3597 3703 3857 3764 ἀποδυσά-

462 3812 611 3865 μενοι
641 3789 912 3872 ἆνθρωπον
941 3809 1054 3859 τοῖς
1085 3795 1289 3854 θέλουσι
1319 3807 1500 3854 τοῦτον
1529 3795 1957 3870 καταλείψωμεν,
2023 3790 2396 3870 σπουδάσωμέν
2449 3816 2506 3850 τε
2563 3794 2856 3852 ἂνανεῶσαι
2907 3797 2996 3851 τὸν
3055 3794 3268 3876 ἔσωθεν,
3325 3797 3413 3852 καὶ
3443 3797 3573 3874 πρὸς
3605 3797 3694 3852 τὸν
3725 3797 3854 3852 Θεὸν

460 3885 643 3936 τοῦτον
677 3880 1040 3961 ἀναπτερῶσαι
1072 3884 1124 3940 ἐν
1155 3888 1201 3958 ᾧ
1224 3891 1367 3941 πᾶσα
1398 3887 1552 3958 ἡμῶν
1584 3883 1756 3964 ἔφεσις
1785 3885 2036 3963 ὑπάρχει.

547 3968 685 4029 Ηωε
715 3976 774 4028 et
804 3969 918 4030 alia
947 3971 1116 4050 plura
1147 3981 1286 4033 tunc
1319 3971 1614 4046 Stratocli,
1641 3981 1700 4033 et
1723 3971 1814 4033 his
1845 3971 1946 4052 qui
1973 3991 2108 4034 cum

2273 3982 2446 4031 Ταῦτα
2503 3975 2589 4029 καὶ
2662 3973 2813 4054 ἕτερα
2896 3972 3115 4031 πλείονα
3197 3974 3316 4031 τότε
3372 3972 3704 4054 Στρατοκλεῖ
3761 3975 3851 4030 καὶ

464 4072 534 4142 eo
563 4065 729 4116 erant
759 4075 893 4117 cum
924 4059 1170 4122 dixisset
1227 4077 1331 4139 per
1384 4061 1566 4133 viam,
1605 4069 2004 4139 pervenerunt
2034 4061 2104 4122 ad

2207 4074 2311 4124 τοῖς
2341 4064 2434 4116 σῦν
2466 4065 2607 4136 αὐτῷ
2657 4061 2952 4142 διαλεχθεὶς
3009 4063 3145 4118 κατὰ
3198 4063 3297 4130 τῆν
3355 4063 3497 4136 ὁδὸν,
3555 4060 3847 4119 κατέλαϐον

465 4141 658 4204 locum
691 4143 791 4206 ubi
825 4153 952 4208 erat
1009 4148 1437 4211 conﬁciendos.
1491 4148 1561 4210 Et
1615 4147 1821 4209 videns
1849 4157 2105 4210 erectam

2211 4152 2282 4207 :6v
2315 4151 2478 4206 τόπον
2535 4149 2653 4208 ἔνθα
2709 4150 2910 4227 ἤμελλε
2967 4154 3310 4210 τελειοῦσθαι.
3374 4153 3473 4210 Καὶ
3528 4152 3851 4227 θεασάμενος

465 4251 704 4294 crucem
739 4253 925 4314 prope
979 4255 1224 4298 arenam
1271 4237 1472 4313 maris,
1506 4237 1848 4317 relinquens
1881 4256 2105 4318 omnes,

2215 4239 2480 4316 τεπηγότα
2510 4241 2599 4296 τὸν
2631 4241 2852 4320 σταυρὸν
2903 4241 3032 4318 πρὸς
3082 4241 3143 4296 τὸ
3199 4238 3390 4320 χεῖλος
3447 4244 3545 4306 τῆς
3567 4237 3855 4304 θαλασσιας

466 4322 754 4402 processit
775 4325 846 4384 ad
873 4343 1132 4400 crucem,
1163 4334 1221 4386 et
1241 4325 1406 4406 quasi
1439 4327 1710 4388 animatae.
1739 4325 1887 4386 dixit
1907 4345 2106 4404 magna

2215 4327 2445 4402 Ράμμού,
2506 4326 2782 4385 ἀπολιπὼν
2865 4330 3068 4392 πάντας
3153 4329 3392 4408 πρόσεισι
3473 4329 3564 4386 τὸν
3633 4329 3855 4407 σταυρὸν

463 4428 643 4504 voce:
699 4410 890 4484 Salve,
925 4433 1067 4475 crux
1096 4435 1112 4485 ;
1149 4422 1206 4476 tu
1239 4415 1396 4476 enim
1429 4423 1637 4478 cuncto
1671 4414 1974 4478 hominum
2009 4434 2103 4492 ge-

2213 4418 2286 4474 ιιαί
2341 4441 2524 4504 ιρησιν,
2601 4422 2673 4482 ὡς
2761 4419 3016 4501 ἐμψύχῳ,
3106 4422 3240 4498 μετὰ
3321 4425 3502 4502 φωνῆς
3580 4422 3800 4499 ἰσχυρᾶς
3837 4434 3853 4452 ⁸

465 4498 593 4560 neri
625 4501 904 4578 gaudium
940 4501 1259 4581 praebuisti,
1287 4521 1394 4583 per
1422 4521 1774 4584 suspensum
1810 4503 1868 4562 in
1903 4509 1960 4562 te
1991 4522 2105 4564 cor-

2211 4498 2439 4586 Χαίροῖς,
2474 4508 2518 4563 ὦ
2547 4507 2734 4586 σταυρέ
2768 4528 2782 4544 ⁶
2837 4498 3046 4587 σῦηγᾶρ
3099 4509 3256 4565 παντὶ
3313 4498 3388 4582 τῷ
3431 4509 3536 4564 τῶν
3565 4498 3851 4587 ἀνθρώπων

463 4571 750 4668 poraliter
775 4593 875 4652 Dei
898 4571 1112 4654 Filium
1136 4615 1152 4665 ;
1179 4571 1358 4666 salve,
1385 4571 1797 4662 crux'vivifica,
1819 4592 2103 4666 tcrbeata,

2219 4593 2340 4672 (ένει
2371 4596 2545 4674 χαρὰν
2599 4597 2686 4652 καὶ
2743 4595 3054 4675 ἀγαλλίασιν
3111 4594 3463 4676 προεξένησας
3521 4594 3605 4652 ’διὰ
3651 4603 3743 4653 τοῦ
3801 4595 3859 4652 ἐν

467 4684 526 4738 et
548 4677 750 4739 victrix
791 4688 1090 4741 armatura
1138 4681 1270 4761 ejus
1299 4681 1400 4760 qui
1430 4681 1488 4741 in
1521 4689 1576 4743 te
1607 4680 1800 4742 libens
1835 4689 2107 4744 extensus

2220 4685 2284 4739 ποῖ
2339 4689 2603 4764 σαρκικῶς
2686 4684 2950 4762 παγέντος
3030 4693 3161 4742 Θεοῦ
3241 4685 3434 4763 Λόγου.
3518 4685 3754 4764 Χ-αίροις,
3810 4685 3860 4742 ὦ

462 4775 576 4840 est,
603 4777 661 4830 et
685 4767 925 4830 salvavit
953 4788 1045 4830 me
1062 4769 1366 4830 hominem
1391 4788 1408 4844 ;
1429 4770 1606 4839 salve,
1639 4789 1804 4842 crux,
1829 4789 1958 4849 quae
1980 4770 2096 4850 lign

2217 4773 2414 4852 τταυρὲ,
2473 4775 2534 4828 τὸ
2591 4773 2868 4854 ζωηφόρον
2937 4775 3027 4831 καὶ
3099 4771 3392 4852 τρισόλϐιον
3450 4775 3536 4829 καὶ
3581 4775 3857 4840 νικητικὸν

465 4856 922 4921 amaritudinem
956 4875 1061 4938 per
1090 4876 1443 4938 suspensum
1465 4860 1522 4918 in
1555 4865 1610 4922 te
1641 4857 1938 4920 Christum
1969 4859 2105 4920 rriti-

2218 4859 2366 4917 ἷπλον
2415 4867 2508 4918 τοῦ
2563 4861 2616 4916 ἐν
2675 4865 2756 4918 σοὶ
2812 4861 3060 4939 βουλήσει
3117 4861 3456 4925 τανυσθέντος
3498 4863 3587 4918 καὶ
3643 4863 3858 4918 σώσαν-

463 4945 636 5021 gasti,
673 4956 728 5007 et
761 4949 982 5026 primos
1015 4959 1296 5026 parentes
1327 4967 1433 5028 per
1481 4949 1610 5028 ejus
1641 4966 1806 5008 esum
1839 4946 2103 5027 decepto:

2220 4949 2290 5012 τός
2320 4971 2385 5025 με
2414 4951 2504 5007 τὸν
2563 4949 2855 5031 ἄνθρωπον,
2917 4953 3156 5032 Χαίροις,
3217 4951 3428 5030 σταυρὲ,
3486 4953 3515 5008 6
3558 4958 3649 5007 τοῦ
3706 4949 3860 5016 ξύλου

463 5035 773 5110 revocasti,
808 5043 865 5096 et
889 5037 963 5096 ad
995 5035 1170 5096 vitam
1202 5036 1489 5098 reduxisti
1537 5035 1887 5116 pristinam;
1937 5036 2103 5112 salve,

2223 5039 2296 5106 τὴν
2355 5040 2544 5118 πικρὰν
2603 5047 2778 5118 γεῦσιν
2852 5039 2937 5097 διὰ
3018 5050 3110 5098 τοῦ
3193 5037 3246 5096 ἐν
3336 5041 3420 5096 σοὶ
3476 5039 3863 5120 κρεμασθέντος

462 5137 626 5200 crux,
654 5133 712 5185 et
733 5143 868 5186 vere
893 5125 1149 5204 gaudeas
1181 5145 1197 5201 ;
1231 5123 1384 5188 bene
1402 5125 1538 5188 novi
1565 5123 1705 5206 quid
1735 5123 2102 5205 requiescere

2229 5134 2426 5206 ἱριστοῦ
2481 5127 2878 5194 κατακλυκάνας
2934 5131 3022 5187 καὶ
3079 5130 3200 5192 τοὺς
3257 5127 3706 5208 πρωτοπλάστους
3779 5125 3869 5186 διὰ

472 5268 481 5273 ’
541 5281 589 5324 υ
621 5281 842 5350 Matth.
877 5300 946 5366 v,
977 5281 1076 5362 39,
1111 5285 1214 5348 4ο.

1879 5452 2080 5518 Variae
2109 5453 2418 5518 lectiones.

546 5577 673 5664 (57)
704 5581 772 5644 In
803 5581 936 5664 cod.
970 5581 1104 5648 Vat.
1134 5586 1299 5648 locus
1321 5585 1383 5648 in
1413 5585 1573 5650 hunc
1608 5585 1851 5650 modum
1881 5585 2118 5649 vitiatus
2284 5584 2409 5664 (59)
2439 5589 2672 5659 Εὒθήτας
2709 5585 2846 5650 Vat.

465 5659 682 5748 legitur
711 5681 726 5723 :
759 5663 1044 5748 ξύγγνωτέ
1072 5668 1299 5748 μοικαὶ
1355 5668 1538 5748 χάριν,
1599 5671 1654 5725 έν
1709 5669 1906 5726 τούτων
1935 5668 2105 5744 είματε

1210 5668 1299 5724 καὶ
1355 5668 1538 5748 χάριν,
1599 5671 1654 5725 έν
1709 5669 1906 5726 τούτων
1935 5668 2116 5744 είματε
2279 5659 2664 5746 (60)]1u31t0‘t6
2693 5666 2831 5730 Vat.

465 5741 872 5830 τῶέπρστόλω,
907 5747 980 5810 ὡς
1010 5741 1490 5830 παιδεύσαντίζμόι.
1522 5741 1531 5744 ’
1985 5741 1994 5744 ”
2283 5741 2412 5830 (61)
2440 5748 2794 5826 Μεμνημένου
2825 5749 2959 5811 Vat.

541 5820 660 5902 (58)
693 5822 842 5882 Μετὰ
866 5831 958 5884 τοῦ
1000 5825 1327 5907 Στρατοκλεῖ
1356 5820 1490 5891 Vat.
