  <div class='ocr_page' id='page_1' title='image "/cluster/home/n/w/nwhite01/storage/ocr_20150623/120/coo.31924054870245/134.png"; bbox 0 0 4154 6420; ppageno 0'>
   <div class='ocr_carea' id='block_1_1' title="bbox 496 411 614 478">
    <p class='ocr_par' dir='ltr' id='par_1_1' title="bbox 496 411 614 478">
     <span class='ocr_line' id='line_1_1' title="bbox 496 411 614 478; baseline -0.008 0"><span class='ocrx_word' id='word_1_1' title='bbox 496 411 614 478; x_wconf 78' lang='lat'>253</span> 
     </span>
    </p>
   </div>
   <div class='ocr_carea' id='block_1_2' title="bbox 1844 406 2540 472">
    <p class='ocr_par' dir='ltr' id='par_1_2' title="bbox 1844 406 2540 472">
     <span class='ocr_line' id='line_1_2' title="bbox 1844 406 2540 472; baseline -0.001 0"><span class='ocrx_word' id='word_1_2' title='bbox 1844 406 2033 472; x_wconf 82' lang='lat' dir='ltr'>VITA</span> <span class='ocrx_word' id='word_1_3' title='bbox 2074 407 2135 470; x_wconf 89' lang='lat' dir='ltr'>S.</span> <span class='ocrx_word' id='word_1_4' title='bbox 2180 407 2287 471; x_wconf 84' lang='lat' dir='ltr'>AN</span> <span class='ocrx_word' id='word_1_5' title='bbox 2291 407 2540 471; x_wconf 67' lang='lat' dir='ltr'>DREE.</span> 
     </span>
    </p>
   </div>
   <div class='ocr_carea' id='block_1_3' title="bbox 3756 401 3875 467">
    <p class='ocr_par' dir='ltr' id='par_1_3' title="bbox 3756 401 3875 467">
     <span class='ocr_line' id='line_1_3' title="bbox 3756 401 3875 467; baseline 0 0"><span class='ocrx_word' id='word_1_6' title='bbox 3756 401 3875 467; x_wconf 70' lang='grc'>254</span> 
     </span>
    </p>
   </div>
   <div class='ocr_carea' id='block_1_4' title="bbox 488 537 2138 627">
    <p class='ocr_par' dir='ltr' id='par_1_4' title="bbox 488 546 2138 627">
     <span class='ocr_line' id='line_1_4' title="bbox 488 546 2138 627; baseline -0.005 -16"><span class='ocrx_word' id='word_1_7' title='bbox 488 554 589 616; x_wconf 73' lang='grc' dir='ltr'>τῆς</span> <span class='ocrx_word' id='word_1_8' title='bbox 669 546 828 605; x_wconf 76' lang='grc' dir='ltr'>αὒτοῦ</span> <span class='ocrx_word' id='word_1_9' title='bbox 899 546 1149 627; x_wconf 80' lang='grc' dir='ltr'>βρώσεως</span> <span class='ocrx_word' id='word_1_10' title='bbox 1219 547 1611 614; x_wconf 66' lang='grc' dir='ltr'>ἀπατηθέντας</span> <span class='ocrx_word' id='word_1_11' title='bbox 1690 546 2138 621; x_wconf 73' lang='grc' dir='ltr'>ἀνακαλεσάμενος</span> 
     </span>
    </p>
   </div>
   <div class='ocr_carea' id='block_1_5' title="bbox 2219 537 3875 627">
    <p class='ocr_par' dir='ltr' id='par_1_5' title="bbox 2219 537 3875 627">
     <span class='ocr_line' id='line_1_5' title="bbox 2219 537 3875 627; baseline 0.002 -28"><span class='ocrx_word' id='word_1_12' title='bbox 2219 537 2523 619; x_wconf 68' lang='lat' dir='ltr'>deinceps</span> <span class='ocrx_word' id='word_1_13' title='bbox 2547 537 2729 627; x_wconf 83' lang='lat' dir='ltr'>facias</span> <span class='ocrx_word' id='word_1_14' title='bbox 2755 538 3052 619; x_wconf 87' lang='lat' dir='ltr'>fatigatum</span> <span class='ocrx_word' id='word_1_15' title='bbox 3085 540 3145 603; x_wconf 90' lang='lat' dir='ltr'>in</span> <span class='ocrx_word' id='word_1_16' title='bbox 3200 538 3401 601; x_wconf 86' lang='lat' dir='ltr'>multis</span> <span class='ocrx_word' id='word_1_17' title='bbox 3441 561 3457 617; x_wconf 89' lang='lat'><strong>;</strong></span> <span class='ocrx_word' id='word_1_18' title='bbox 3502 539 3678 603; x_wconf 91' lang='lat' dir='ltr'>venio</span> <span class='ocrx_word' id='word_1_19' title='bbox 3707 539 3782 602; x_wconf 89' lang='lat' dir='ltr'>ad</span> <span class='ocrx_word' id='word_1_20' title='bbox 3810 547 3875 603; x_wconf 91' lang='lat' dir='ltr'>te</span> 
     </span>
    </p>
   </div>
   <div class='ocr_carea' id='block_1_6' title="bbox 489 636 2143 720">
    <p class='ocr_par' dir='ltr' id='par_1_6' title="bbox 489 636 2143 720">
     <span class='ocr_line' id='line_1_6' title="bbox 489 636 2143 720; baseline 0 -28"><span class='ocrx_word' id='word_1_21' title='bbox 489 638 580 693; x_wconf 76' lang='grc' dir='ltr'>καὶ</span> <span class='ocrx_word' id='word_1_22' title='bbox 636 637 766 715; x_wconf 84' lang='grc' dir='ltr'>πρὸς</span> <span class='ocrx_word' id='word_1_23' title='bbox 823 636 969 707; x_wconf 77' lang='grc' dir='ltr'>ζωὴν</span> <span class='ocrx_word' id='word_1_24' title='bbox 1033 636 1384 714; x_wconf 72' lang='grc' dir='ltr'>ἐπαναγαγὼν</span> <span class='ocrx_word' id='word_1_25' title='bbox 1438 637 1538 705; x_wconf 78' lang='grc' dir='ltr'>τὴν</span> <span class='ocrx_word' id='word_1_26' title='bbox 1593 638 1840 720; x_wconf 85' lang='grc' dir='ltr'>ἀρχαίαν.</span> <span class='ocrx_word' id='word_1_27' title='bbox 1904 638 2143 716; x_wconf 81' lang='grc' dir='ltr'>Χαίροις,</span> 
     </span>
    </p>
   </div>
   <div class='ocr_carea' id='block_1_7' title="bbox 486 724 2146 804">
    <p class='ocr_par' dir='ltr' id='par_1_7' title="bbox 486 724 2146 804">
     <span class='ocr_line' id='line_1_7' title="bbox 486 724 2146 804; baseline 0 -23"><span class='ocrx_word' id='word_1_28' title='bbox 486 726 536 782; x_wconf 80' lang='grc' dir='ltr'>ὦ</span> <span class='ocrx_word' id='word_1_29' title='bbox 595 724 781 803; x_wconf 85' lang='grc' dir='ltr'>σταυρὲ</span> <span class='ocrx_word' id='word_1_30' title='bbox 814 740 828 753; x_wconf 90' lang='lat'>&#39;</span> <span class='ocrx_word' id='word_1_31' title='bbox 888 726 980 781; x_wconf 88' lang='grc' dir='ltr'>καὶ</span> <span class='ocrx_word' id='word_1_32' title='bbox 1035 725 1137 803; x_wconf 87' lang='grc' dir='ltr'>γάρ</span> <span class='ocrx_word' id='word_1_33' title='bbox 1187 724 1396 804; x_wconf 77' lang='grc' dir='ltr'>χαίροις</span> <span class='ocrx_word' id='word_1_34' title='bbox 1471 726 1637 791; x_wconf 79' lang='grc' dir='ltr'>ὅντως</span> <span class='ocrx_word' id='word_1_35' title='bbox 1673 772 1685 786; x_wconf 94' lang='grc'><strong>.</strong></span> <span class='ocrx_word' id='word_1_36' title='bbox 1762 726 1816 783; x_wconf 82' lang='grc' dir='ltr'>εὖ</span> <span class='ocrx_word' id='word_1_37' title='bbox 1878 724 2002 783; x_wconf 73' lang='grc' dir='ltr'>οῖδα</span> <span class='ocrx_word' id='word_1_38' title='bbox 2056 727 2146 782; x_wconf 86' lang='grc' dir='ltr'>καὶ</span> 
     </span>
    </p>
   </div>
   <div class='ocr_carea' id='block_1_8' title="bbox 489 811 2141 890">
    <p class='ocr_par' dir='ltr' id='par_1_8' title="bbox 489 811 2141 890">
     <span class='ocr_line' id='line_1_8' title="bbox 489 811 2141 890; baseline 0 -20"><span class='ocrx_word' id='word_1_39' title='bbox 489 813 890 889; x_wconf 82' lang='grc' dir='ltr'>ἀναπαυόμενὸν</span> <span class='ocrx_word' id='word_1_40' title='bbox 945 834 1004 869; x_wconf 88' lang='grc' dir='ltr'>σε</span> <span class='ocrx_word' id='word_1_41' title='bbox 1042 812 1167 889; x_wconf 76' lang='grc'>(62)</span> <span class='ocrx_word' id='word_1_42' title='bbox 1225 811 1409 870; x_wconf 85' lang='grc' dir='ltr'>λοιπὸν</span> <span class='ocrx_word' id='word_1_43' title='bbox 1466 814 1527 871; x_wconf 86' lang='grc' dir='ltr'>ἐκ</span> <span class='ocrx_word' id='word_1_44' title='bbox 1581 813 1781 873; x_wconf 86' lang='grc' dir='ltr'>πολλοῦ</span> <span class='ocrx_word' id='word_1_45' title='bbox 1810 815 2141 890; x_wconf 84' lang='grc' dir='ltr'>κεκμηκότα,</span> 
     </span>
    </p>
   </div>
   <div class='ocr_carea' id='block_1_9' title="bbox 488 899 2143 980">
    <p class='ocr_par' dir='ltr' id='par_1_9' title="bbox 488 899 2143 980">
     <span class='ocr_line' id='line_1_9' title="bbox 488 899 2143 980; baseline 0.001 -22"><span class='ocrx_word' id='word_1_46' title='bbox 488 902 620 959; x_wconf 82' lang='grc' dir='ltr'>ὣκω</span> <span class='ocrx_word' id='word_1_47' title='bbox 649 902 735 958; x_wconf 80' lang='grc' dir='ltr'>ἐπὶ</span> <span class='ocrx_word' id='word_1_48' title='bbox 780 901 864 980; x_wconf 78' lang='grc' dir='ltr'>σὲ,</span> <span class='ocrx_word' id='word_1_49' title='bbox 914 902 973 957; x_wconf 85' lang='grc' dir='ltr'>ὃν</span> <span class='ocrx_word' id='word_1_50' title='bbox 1028 899 1351 977; x_wconf 82' lang='grc' dir='ltr'>ἐπιστάμην,</span> <span class='ocrx_word' id='word_1_51' title='bbox 1386 905 1485 960; x_wconf 84' lang='grc' dir='ltr'>Καὶ</span> <span class='ocrx_word' id='word_1_52' title='bbox 1528 904 1687 961; x_wconf 78' lang='grc' dir='ltr'>εἰπὼν</span> <span class='ocrx_word' id='word_1_53' title='bbox 1742 910 1905 961; x_wconf 87' lang='grc' dir='ltr'>ταῦτα</span> <span class='ocrx_word' id='word_1_54' title='bbox 1962 907 1989 960; x_wconf 87' lang='grc' dir='ltr'>ὁ</span> <span class='ocrx_word' id='word_1_55' title='bbox 2034 926 2143 977; x_wconf 87' lang='grc' dir='ltr'>μα-</span> 
     </span>
    </p>
   </div>
   <div class='ocr_carea' id='block_1_10' title="bbox 490 986 2143 1070">
    <p class='ocr_par' dir='ltr' id='par_1_10' title="bbox 490 986 2143 1070">
     <span class='ocr_line' id='line_1_10' title="bbox 490 986 2143 1070; baseline 0 -25"><span class='ocrx_word' id='word_1_56' title='bbox 490 991 676 1069; x_wconf 80' lang='grc' dir='ltr'>κάριος</span> <span class='ocrx_word' id='word_1_57' title='bbox 717 986 985 1069; x_wconf 79' lang='grc' dir='ltr'>Ἀνδρέας,</span> <span class='ocrx_word' id='word_1_58' title='bbox 1048 989 1214 1053; x_wconf 77' lang='grc' dir='ltr'>ἑστὼς</span> <span class='ocrx_word' id='word_1_59' title='bbox 1257 989 1334 1046; x_wconf 81' lang='grc' dir='ltr'>ἔτι</span> <span class='ocrx_word' id='word_1_60' title='bbox 1387 990 1472 1047; x_wconf 85' lang='grc' dir='ltr'>ἐπὶ</span> <span class='ocrx_word' id='word_1_61' title='bbox 1525 997 1624 1058; x_wconf 78' lang='grc' dir='ltr'>τῆς</span> <span class='ocrx_word' id='word_1_62' title='bbox 1681 997 1784 1070; x_wconf 78' lang='grc' dir='ltr'>γῆς</span> <span class='ocrx_word' id='word_1_63' title='bbox 1838 993 1925 1048; x_wconf 86' lang='grc' dir='ltr'>καὶ</span> <span class='ocrx_word' id='word_1_64' title='bbox 1966 991 2143 1054; x_wconf 75' lang='grc' dir='ltr'>ἀτενὲς</span> 
     </span>
    </p>
   </div>
   <div class='ocr_carea' id='block_1_11' title="bbox 492 1078 2144 1161">
    <p class='ocr_par' dir='ltr' id='par_1_11' title="bbox 492 1078 2144 1161">
     <span class='ocr_line' id='line_1_11' title="bbox 492 1078 2144 1161; baseline 0.003 -29"><span class='ocrx_word' id='word_1_65' title='bbox 492 1082 630 1158; x_wconf 76' lang='grc' dir='ltr'>ὁρῶν</span> <span class='ocrx_word' id='word_1_66' title='bbox 654 1080 731 1141; x_wconf 79' lang='grc' dir='ltr'>εἷς</span> <span class='ocrx_word' id='word_1_67' title='bbox 772 1080 864 1135; x_wconf 80' lang='grc' dir='ltr'>τὸν</span> <span class='ocrx_word' id='word_1_68' title='bbox 928 1080 1170 1157; x_wconf 82' lang='grc' dir='ltr'>σταυρὸν,</span> <span class='ocrx_word' id='word_1_69' title='bbox 1226 1078 1450 1147; x_wconf 79' lang='grc' dir='ltr'>ἀνῆλθεν</span> <span class='ocrx_word' id='word_1_70' title='bbox 1504 1079 1589 1137; x_wconf 90' lang='grc' dir='ltr'>ἐπ’</span> <span class='ocrx_word' id='word_1_71' title='bbox 1645 1083 1821 1155; x_wconf 75' lang='grc' dir='ltr'>αὐτὸν,</span> <span class='ocrx_word' id='word_1_72' title='bbox 1857 1080 2144 1161; x_wconf 76' lang='grc' dir='ltr'>ἐπιτρέψας</span> 
     </span>
    </p>
   </div>
   <div class='ocr_carea' id='block_1_12' title="bbox 492 1164 2144 1249">
    <p class='ocr_par' dir='ltr' id='par_1_12' title="bbox 492 1164 2144 1249">
     <span class='ocr_line' id='line_1_12' title="bbox 492 1164 2144 1249; baseline 0.001 -24"><span class='ocrx_word' id='word_1_73' title='bbox 492 1181 615 1231; x_wconf 69' lang='grc' dir='ltr'>τοῖς</span> <span class='ocrx_word' id='word_1_74' title='bbox 656 1169 878 1225; x_wconf 78' lang='grc' dir='ltr'>ἑστῶσιν</span> <span class='ocrx_word' id='word_1_75' title='bbox 934 1164 1208 1248; x_wconf 72' lang='grc' dir='ltr'>ἀδελφοῖς,</span> <span class='ocrx_word' id='word_1_76' title='bbox 1265 1174 1506 1249; x_wconf 77' lang='grc' dir='ltr'>φωνῆσαι</span> <span class='ocrx_word' id='word_1_77' title='bbox 1575 1171 1697 1234; x_wconf 78' lang='grc' dir='ltr'>τοὺς</span> <span class='ocrx_word' id='word_1_78' title='bbox 1765 1168 2005 1246; x_wconf 81' lang='grc' dir='ltr'>δημίους,</span> <span class='ocrx_word' id='word_1_79' title='bbox 2052 1176 2144 1226; x_wconf 88' lang='grc' dir='ltr'>τοῦ</span> 
     </span>
    </p>
   </div>
   <div class='ocr_carea' id='block_1_13' title="bbox 494 1254 2143 1337">
    <p class='ocr_par' dir='ltr' id='par_1_13' title="bbox 494 1254 2143 1337">
     <span class='ocr_line' id='line_1_13' title="bbox 494 1254 2143 1337; baseline 0 -24"><span class='ocrx_word' id='word_1_80' title='bbox 494 1261 717 1322; x_wconf 81' lang='grc' dir='ltr'>ποιῆσαι</span> <span class='ocrx_word' id='word_1_81' title='bbox 760 1256 827 1312; x_wconf 81' lang='grc' dir='ltr'>τὰ</span> <span class='ocrx_word' id='word_1_82' title='bbox 867 1254 1209 1313; x_wconf 77' lang='grc' dir='ltr'>κελευσθέντα</span> <span class='ocrx_word' id='word_1_83' title='bbox 1262 1259 1443 1321; x_wconf 73' lang='grc' dir='ltr'>αὐτοῖς</span> <span class='ocrx_word' id='word_1_84' title='bbox 1478 1274 1492 1288; x_wconf 85' lang='grc'><strong><em>⁸</em></strong></span> <span class='ocrx_word' id='word_1_85' title='bbox 1560 1259 1695 1327; x_wconf 77' lang='grc' dir='ltr'>ἦσαν</span> <span class='ocrx_word' id='word_1_86' title='bbox 1753 1260 1852 1337; x_wconf 79' lang='grc' dir='ltr'>γὰρ</span> <span class='ocrx_word' id='word_1_87' title='bbox 1881 1258 2143 1337; x_wconf 75' lang='grc' dir='ltr'>πόῤῥωθεν</span> 
     </span>
    </p>
   </div>
   <div class='ocr_carea' id='block_1_14' title="bbox 490 1340 2143 1422">
    <p class='ocr_par' dir='ltr' id='par_1_14' title="bbox 490 1340 2143 1422">
     <span class='ocr_line' id='line_1_14' title="bbox 490 1340 2143 1422; baseline 0.003 -22"><span class='ocrx_word' id='word_1_88' title='bbox 490 1343 803 1410; x_wconf 80' lang='grc' dir='ltr'>ἑστηκότες.</span> <span class='ocrx_word' id='word_1_89' title='bbox 876 1340 1087 1408; x_wconf 81' lang='grc' dir='ltr'>Οἵτινες</span> <span class='ocrx_word' id='word_1_90' title='bbox 1157 1342 1394 1409; x_wconf 78' lang='grc' dir='ltr'>ἐλθόντες</span> <span class='ocrx_word' id='word_1_91' title='bbox 1451 1346 1612 1422; x_wconf 91' lang='grc' dir='ltr'>μόνον</span> <span class='ocrx_word' id='word_1_92' title='bbox 1667 1345 1928 1415; x_wconf 74' lang='grc' dir='ltr'>ἀπέδησεν</span> <span class='ocrx_word' id='word_1_93' title='bbox 1985 1346 2143 1405; x_wconf 64' lang='grc' dir='ltr'>αὺτοῦ</span> 
     </span>
    </p>
   </div>
   <div class='ocr_carea' id='block_1_15' title="bbox 487 1429 2134 1514">
    <p class='ocr_par' dir='ltr' id='par_1_15' title="bbox 487 1429 2134 1514">
     <span class='ocr_line' id='line_1_15' title="bbox 487 1429 2134 1514; baseline 0.002 -26"><span class='ocrx_word' id='word_1_94' title='bbox 487 1433 614 1495; x_wconf 75' lang='grc' dir='ltr'>τοὺς</span> <span class='ocrx_word' id='word_1_95' title='bbox 672 1429 859 1511; x_wconf 87' lang='grc' dir='ltr'>πόδας,</span> <span class='ocrx_word' id='word_1_96' title='bbox 922 1433 1058 1507; x_wconf 79' lang='grc' dir='ltr'>μήτε</span> <span class='ocrx_word' id='word_1_97' title='bbox 1131 1433 1238 1510; x_wconf 78' lang='grc' dir='ltr'>μὴν</span> <span class='ocrx_word' id='word_1_98' title='bbox 1321 1435 1414 1499; x_wconf 84' lang='grc' dir='ltr'>τὰς</span> <span class='ocrx_word' id='word_1_99' title='bbox 1471 1434 1704 1514; x_wconf 78' lang='grc' dir='ltr'>ἀγκύλας</span> <span class='ocrx_word' id='word_1_100' title='bbox 1753 1435 2134 1510; x_wconf 86' lang='grc' dir='ltr'>ἀπατεμόντες,</span> 
     </span>
    </p>
   </div>
   <div class='ocr_carea' id='block_1_16' title="bbox 485 1519 2140 1604">
    <p class='ocr_par' dir='ltr' id='par_1_16' title="bbox 485 1519 2140 1604">
     <span class='ocr_line' id='line_1_16' title="bbox 485 1519 2140 1604; baseline 0.003 -29"><span class='ocrx_word' id='word_1_101' title='bbox 485 1519 574 1576; x_wconf 75' lang='grc' dir='ltr'>διὰ</span> <span class='ocrx_word' id='word_1_102' title='bbox 604 1522 667 1576; x_wconf 79' lang='grc' dir='ltr'>τὸ</span> <span class='ocrx_word' id='word_1_103' title='bbox 714 1519 851 1576; x_wconf 71' lang='grc' dir='ltr'>οὕτω</span> <span class='ocrx_word' id='word_1_104' title='bbox 900 1523 1292 1603; x_wconf 84' lang='grc' dir='ltr'>προστετάχθαι</span> <span class='ocrx_word' id='word_1_105' title='bbox 1350 1524 1530 1588; x_wconf 76' lang='grc' dir='ltr'>αὐτοῖς</span> <span class='ocrx_word' id='word_1_106' title='bbox 1590 1524 1713 1604; x_wconf 85' lang='grc'>(63)</span> <span class='ocrx_word' id='word_1_107' title='bbox 1774 1526 1874 1581; x_wconf 71' lang='grc' dir='ltr'>ὑπὸ</span> <span class='ocrx_word' id='word_1_108' title='bbox 1902 1531 1993 1580; x_wconf 83' lang='grc' dir='ltr'>τοῦ</span> <span class='ocrx_word' id='word_1_109' title='bbox 2021 1523 2140 1580; x_wconf 87' lang='grc' dir='ltr'>ἀνθ-</span> 
     </span>
    </p>
   </div>
   <div class='ocr_carea' id='block_1_17' title="bbox 483 1606 2138 1691">
    <p class='ocr_par' dir='ltr' id='par_1_17' title="bbox 483 1606 2138 1691">
     <span class='ocr_line' id='line_1_17' title="bbox 483 1606 2138 1691; baseline 0.002 -26"><span class='ocrx_word' id='word_1_110' title='bbox 483 1610 713 1667; x_wconf 75' lang='grc' dir='ltr'>υπάτου.</span> <span class='ocrx_word' id='word_1_111' title='bbox 760 1606 856 1667; x_wconf 88' lang='grc' dir='ltr'>Ἐκ</span> <span class='ocrx_word' id='word_1_112' title='bbox 896 1611 1081 1667; x_wconf 82' lang='grc' dir='ltr'>τούτου</span> <span class='ocrx_word' id='word_1_113' title='bbox 1137 1612 1237 1691; x_wconf 84' lang='grc' dir='ltr'>γάρ</span> <span class='ocrx_word' id='word_1_114' title='bbox 1294 1612 1505 1688; x_wconf 81' lang='grc' dir='ltr'>μείζονα</span> <span class='ocrx_word' id='word_1_115' title='bbox 1558 1614 1765 1670; x_wconf 78' lang='grc' dir='ltr'>ὑπενόει</span> <span class='ocrx_word' id='word_1_116' title='bbox 1824 1616 1852 1670; x_wconf 96' lang='lat'>6</span> <span class='ocrx_word' id='word_1_117' title='bbox 1913 1611 2138 1678; x_wconf 74' lang='grc' dir='ltr'>δείλαιος</span> 
     </span>
    </p>
   </div>
   <div class='ocr_carea' id='block_1_18' title="bbox 483 1697 2136 1784">
    <p class='ocr_par' dir='ltr' id='par_1_18' title="bbox 483 1697 2136 1784">
     <span class='ocr_line' id='line_1_18' title="bbox 483 1697 2136 1784; baseline 0.004 -29"><span class='ocrx_word' id='word_1_118' title='bbox 483 1698 696 1756; x_wconf 78' lang='grc' dir='ltr'>ἔσεσθαι</span> <span class='ocrx_word' id='word_1_119' title='bbox 766 1702 845 1774; x_wconf 75' lang='grc' dir='ltr'>τῷ</span> <span class='ocrx_word' id='word_1_120' title='bbox 898 1697 1082 1773; x_wconf 85' lang='grc' dir='ltr'>δικαίῳ</span> <span class='ocrx_word' id='word_1_121' title='bbox 1147 1702 1245 1770; x_wconf 78' lang='grc' dir='ltr'>τὴν</span> <span class='ocrx_word' id='word_1_122' title='bbox 1316 1705 1593 1784; x_wconf 87' lang='grc' dir='ltr'>τιμωρίαν,</span> <span class='ocrx_word' id='word_1_123' title='bbox 1649 1706 1724 1768; x_wconf 80' lang='grc' dir='ltr'>ὡς</span> <span class='ocrx_word' id='word_1_124' title='bbox 1780 1702 1842 1759; x_wconf 79' lang='grc' dir='ltr'>ἂν</span> <span class='ocrx_word' id='word_1_125' title='bbox 1895 1705 1984 1761; x_wconf 87' lang='grc' dir='ltr'>καὶ</span> <span class='ocrx_word' id='word_1_126' title='bbox 2037 1709 2136 1771; x_wconf 79' lang='grc' dir='ltr'>τῆς</span> 
     </span>
    </p>
   </div>
   <div class='ocr_carea' id='block_1_19' title="bbox 482 1785 2135 1868">
    <p class='ocr_par' dir='ltr' id='par_1_19' title="bbox 482 1785 2135 1868">
     <span class='ocr_line' id='line_1_19' title="bbox 482 1785 2135 1868; baseline 0.003 -25"><span class='ocrx_word' id='word_1_127' title='bbox 482 1789 674 1851; x_wconf 60' lang='grc' dir='ltr'>νυκτὸς</span> <span class='ocrx_word' id='word_1_128' title='bbox 756 1785 1146 1864; x_wconf 71' lang='grc' dir='ltr'>ἐπιλαϐομένης</span> <span class='ocrx_word' id='word_1_129' title='bbox 1229 1812 1289 1846; x_wconf 89' lang='grc' dir='ltr'>το</span> <span class='ocrx_word' id='word_1_130' title='bbox 1375 1797 1531 1868; x_wconf 84' lang='grc' dir='ltr'>σῶμα</span> <span class='ocrx_word' id='word_1_131' title='bbox 1624 1795 1781 1851; x_wconf 77' lang='grc' dir='ltr'>αὐτοῦ</span> <span class='ocrx_word' id='word_1_132' title='bbox 1863 1790 1940 1848; x_wconf 75' lang='grc' dir='ltr'>ἔτι</span> <span class='ocrx_word' id='word_1_133' title='bbox 2031 1791 2135 1868; x_wconf 63' lang='grc' dir='ltr'>ἔμ-</span> 
     </span>
    </p>
   </div>
   <div class='ocr_carea' id='block_1_20' title="bbox 484 1874 2139 1961">
    <p class='ocr_par' dir='ltr' id='par_1_20' title="bbox 484 1874 2139 1961">
     <span class='ocr_line' id='line_1_20' title="bbox 484 1874 2139 1961; baseline 0.002 -28"><span class='ocrx_word' id='word_1_134' title='bbox 484 1898 649 1933; x_wconf 82' lang='grc' dir='ltr'>πνουν</span> <span class='ocrx_word' id='word_1_135' title='bbox 686 1874 808 1956; x_wconf 79' lang='grc'>(64)</span> <span class='ocrx_word' id='word_1_136' title='bbox 866 1878 968 1933; x_wconf 74' lang='grc' dir='ltr'>ὕπὸ</span> <span class='ocrx_word' id='word_1_137' title='bbox 1022 1883 1191 1935; x_wconf 83' lang='grc' dir='ltr'>κυνῶν</span> <span class='ocrx_word' id='word_1_138' title='bbox 1234 1879 1479 1958; x_wconf 85' lang='grc' dir='ltr'>βρωθείη.</span> <span class='ocrx_word' id='word_1_139' title='bbox 1544 1881 1643 1938; x_wconf 80' lang='grc' dir='ltr'>Καὶ</span> <span class='ocrx_word' id='word_1_140' title='bbox 1703 1878 1924 1961; x_wconf 80' lang='grc' dir='ltr'>ἀφέντες</span> <span class='ocrx_word' id='word_1_141' title='bbox 1982 1883 2139 1940; x_wconf 77' lang='grc' dir='ltr'>αὒτὸν</span> 
     </span>
    </p>
   </div>
   <div class='ocr_carea' id='block_1_21' title="bbox 489 1964 2140 2045">
    <p class='ocr_par' dir='ltr' id='par_1_21' title="bbox 489 1964 2140 2045">
     <span class='ocr_line' id='line_1_21' title="bbox 489 1964 2140 2045; baseline 0.005 -25"><span class='ocrx_word' id='word_1_142' title='bbox 489 1965 820 2045; x_wconf 73' lang='grc' dir='ltr'>κρεμάμενον</span> <span class='ocrx_word' id='word_1_143' title='bbox 889 1965 1194 2033; x_wconf 76' lang='grc' dir='ltr'>ἀπέστησαν</span> <span class='ocrx_word' id='word_1_144' title='bbox 1265 1964 1359 2025; x_wconf 82' lang='grc' dir='ltr'>ἀπ’</span> <span class='ocrx_word' id='word_1_145' title='bbox 1445 1970 1626 2029; x_wconf 74' lang='grc' dir='ltr'>αὐτοῦ.</span> <span class='ocrx_word' id='word_1_146' title='bbox 1703 1967 1923 2035; x_wconf 81' lang='grc' dir='ltr'>’ἰδόντες</span> <span class='ocrx_word' id='word_1_147' title='bbox 1981 1969 2036 2027; x_wconf 78' lang='grc' dir='ltr'>δὲ</span> <span class='ocrx_word' id='word_1_148' title='bbox 2093 1973 2140 2028; x_wconf 84' lang='grc' dir='ltr'>οἱ</span> 
     </span>
    </p>
   </div>
   <div class='ocr_carea' id='block_1_22' title="bbox 494 2052 2138 2136">
    <p class='ocr_par' dir='ltr' id='par_1_22' title="bbox 494 2052 2138 2136">
     <span class='ocr_line' id='line_1_22' title="bbox 494 2052 2138 2136; baseline 0.003 -28"><span class='ocrx_word' id='word_1_149' title='bbox 494 2060 837 2131; x_wconf 67' lang='grc' dir='ltr'>περιεστῶτες</span> <span class='ocrx_word' id='word_1_150' title='bbox 897 2052 1055 2133; x_wconf 71' lang='grc' dir='ltr'>ὄχλοι</span> <span class='ocrx_word' id='word_1_151' title='bbox 1112 2057 1159 2110; x_wconf 79' lang='grc' dir='ltr'>οἱ</span> <span class='ocrx_word' id='word_1_152' title='bbox 1212 2052 1301 2111; x_wconf 81' lang='grc' dir='ltr'>ὑπ’</span> <span class='ocrx_word' id='word_1_153' title='bbox 1367 2055 1523 2112; x_wconf 71' lang='grc' dir='ltr'>αὐτοῦ</span> <span class='ocrx_word' id='word_1_154' title='bbox 1579 2059 2009 2136; x_wconf 79' lang='grc' dir='ltr'>μαθητευθέντες,</span> <span class='ocrx_word' id='word_1_155' title='bbox 2057 2056 2138 2115; x_wconf 76' lang='grc' dir='ltr'>ὅτι</span> 
     </span>
    </p>
   </div>
   <div class='ocr_carea' id='block_1_23' title="bbox 496 2139 2139 2226">
    <p class='ocr_par' dir='ltr' id='par_1_23' title="bbox 496 2139 2139 2226">
     <span class='ocr_line' id='line_1_23' title="bbox 496 2139 2139 2226; baseline 0.002 -28"><span class='ocrx_word' id='word_1_156' title='bbox 496 2139 640 2198; x_wconf 68' lang='grc' dir='ltr'>οῦδὲν</span> <span class='ocrx_word' id='word_1_157' title='bbox 703 2148 811 2198; x_wconf 86' lang='grc' dir='ltr'>τῶν</span> <span class='ocrx_word' id='word_1_158' title='bbox 866 2139 1428 2219; x_wconf 79' lang='grc' dir='ltr'>ἀνασκολοπιζομένων</span> <span class='ocrx_word' id='word_1_159' title='bbox 1498 2144 1753 2212; x_wconf 84' lang='grc' dir='ltr'>ἐποίησαν</span> <span class='ocrx_word' id='word_1_160' title='bbox 1809 2149 1974 2226; x_wconf 76' lang='grc' dir='ltr'>αὐτῷ,</span> <span class='ocrx_word' id='word_1_161' title='bbox 2030 2144 2139 2212; x_wconf 68' lang='grc' dir='ltr'>ἤλ-</span> 
     </span>
    </p>
   </div>
   <div class='ocr_carea' id='block_1_24' title="bbox 487 2226 2135 2315">
    <p class='ocr_par' dir='ltr' id='par_1_24' title="bbox 487 2226 2135 2315">
     <span class='ocr_line' id='line_1_24' title="bbox 487 2226 2135 2315; baseline 0.003 -28"><span class='ocrx_word' id='word_1_162' title='bbox 487 2253 647 2288; x_wconf 80' lang='grc' dir='ltr'>πισαν</span> <span class='ocrx_word' id='word_1_163' title='bbox 699 2230 860 2291; x_wconf 80' lang='grc' dir='ltr'>πάλιν</span> <span class='ocrx_word' id='word_1_164' title='bbox 915 2230 1189 2291; x_wconf 83' lang='grc' dir='ltr'>ἀκούεσθαί</span> <span class='ocrx_word' id='word_1_165' title='bbox 1243 2254 1294 2289; x_wconf 88' lang='grc' dir='ltr'>τι</span> <span class='ocrx_word' id='word_1_166' title='bbox 1352 2231 1658 2313; x_wconf 80' lang='grc' dir='ltr'>παράὐτοῦ.</span> <span class='ocrx_word' id='word_1_167' title='bbox 1734 2226 1791 2292; x_wconf 56' lang='grc' dir='ltr'><strong>Ὀ</strong></span> <span class='ocrx_word' id='word_1_168' title='bbox 1848 2233 1904 2291; x_wconf 78' lang='grc' dir='ltr'>δὲ</span> <span class='ocrx_word' id='word_1_169' title='bbox 1961 2243 2135 2315; x_wconf 82' lang='grc' dir='ltr'>Στρα-</span> 
     </span>
    </p>
   </div>
   <div class='ocr_carea' id='block_1_25' title="bbox 482 2318 2136 2399">
    <p class='ocr_par' dir='ltr' id='par_1_25' title="bbox 482 2318 2136 2399">
     <span class='ocr_line' id='line_1_25' title="bbox 482 2318 2136 2399; baseline 0.002 -23"><span class='ocrx_word' id='word_1_170' title='bbox 482 2320 687 2387; x_wconf 83' lang='grc' dir='ltr'>τοκλῆς</span> <span class='ocrx_word' id='word_1_171' title='bbox 718 2319 934 2377; x_wconf 83' lang='grc' dir='ltr'>ἐπύθετο</span> <span class='ocrx_word' id='word_1_172' title='bbox 962 2322 1121 2379; x_wconf 76' lang='grc' dir='ltr'>αὑτοῦ</span> <span class='ocrx_word' id='word_1_173' title='bbox 1178 2318 1349 2399; x_wconf 81' lang='grc' dir='ltr'>λέγων</span> <span class='ocrx_word' id='word_1_174' title='bbox 1385 2342 1400 2356; x_wconf 82' lang='grc'><strong><em>⁸</em></strong></span> <span class='ocrx_word' id='word_1_175' title='bbox 1460 2322 1521 2381; x_wconf 87' lang='grc' dir='ltr'>Τί</span> <span class='ocrx_word' id='word_1_176' title='bbox 1574 2321 1655 2379; x_wconf 78' lang='grc' dir='ltr'>ὅτι</span> <span class='ocrx_word' id='word_1_177' title='bbox 1713 2321 1937 2399; x_wconf 81' lang='grc' dir='ltr'>μειδιᾷς,</span> <span class='ocrx_word' id='word_1_178' title='bbox 1988 2322 2136 2383; x_wconf 86' lang='grc' dir='ltr'>δοῦλε</span> 
     </span>
    </p>
   </div>
   <div class='ocr_carea' id='block_1_26' title="bbox 478 2408 2140 2490">
    <p class='ocr_par' dir='ltr' id='par_1_26' title="bbox 478 2408 2140 2490">
     <span class='ocr_line' id='line_1_26' title="bbox 478 2408 2140 2490; baseline 0.002 -25"><span class='ocrx_word' id='word_1_179' title='bbox 478 2415 580 2467; x_wconf 83' lang='grc' dir='ltr'>τοῦ</span> <span class='ocrx_word' id='word_1_180' title='bbox 611 2416 745 2466; x_wconf 77' lang='grc' dir='ltr'>Θεοῦ</span> <span class='ocrx_word' id='word_1_181' title='bbox 796 2408 1165 2488; x_wconf 85' lang='grc' dir='ltr'>πρωτόκλητε,</span> <span class='ocrx_word' id='word_1_182' title='bbox 1242 2411 1317 2486; x_wconf 75' lang='grc' dir='ltr'>μή</span> <span class='ocrx_word' id='word_1_183' title='bbox 1389 2412 1439 2467; x_wconf 89' lang='grc' dir='ltr'>τί</span> <span class='ocrx_word' id='word_1_184' title='bbox 1493 2433 1555 2490; x_wconf 88' lang='grc' dir='ltr'>γε</span> <span class='ocrx_word' id='word_1_185' title='bbox 1603 2414 1748 2487; x_wconf 73' lang='grc' dir='ltr'>ἡμᾶς</span> <span class='ocrx_word' id='word_1_186' title='bbox 1803 2416 2005 2470; x_wconf 85' lang='grc' dir='ltr'>πενθῶν</span> <span class='ocrx_word' id='word_1_187' title='bbox 2055 2411 2140 2469; x_wconf 89' lang='grc' dir='ltr'>διά</span> 
     </span>
    </p>
   </div>
   <div class='ocr_carea' id='block_1_27' title="bbox 476 2496 2134 2580">
    <p class='ocr_par' dir='ltr' id='par_1_27' title="bbox 476 2496 2134 2580">
     <span class='ocr_line' id='line_1_27' title="bbox 476 2496 2134 2580; baseline 0.002 -28"><span class='ocrx_word' id='word_1_188' title='bbox 476 2498 544 2553; x_wconf 80' lang='grc' dir='ltr'>τὸ</span> <span class='ocrx_word' id='word_1_189' title='bbox 594 2497 914 2578; x_wconf 86' lang='grc' dir='ltr'>στερίσεσθαί</span> <span class='ocrx_word' id='word_1_190' title='bbox 958 2520 1051 2554; x_wconf 89' lang='grc' dir='ltr'>σου</span> <span class='ocrx_word' id='word_1_191' title='bbox 1106 2496 1231 2576; x_wconf 81' lang='grc'>(65)</span> <span class='ocrx_word' id='word_1_192' title='bbox 1292 2500 1485 2580; x_wconf 72' lang='grc' dir='ltr'>ἦμᾶςς</span> <span class='ocrx_word' id='word_1_193' title='bbox 1549 2502 1646 2559; x_wconf 82' lang='grc' dir='ltr'>Καὶ</span> <span class='ocrx_word' id='word_1_194' title='bbox 1704 2504 1732 2557; x_wconf 93' lang='lat'>6</span> <span class='ocrx_word' id='word_1_195' title='bbox 1788 2500 2082 2565; x_wconf 82' lang='grc' dir='ltr'>ἀπόστολος</span> <span class='ocrx_word' id='word_1_196' title='bbox 2120 2518 2134 2535; x_wconf 88' lang='grc'><strong>·</strong></span> 
     </span>
    </p>
   </div>
   <div class='ocr_carea' id='block_1_28' title="bbox 478 2585 2137 2665">
    <p class='ocr_par' dir='ltr' id='par_1_28' title="bbox 478 2585 2137 2665">
     <span class='ocr_line' id='line_1_28' title="bbox 478 2585 2137 2665; baseline 0.002 -20"><span class='ocrx_word' id='word_1_197' title='bbox 478 2589 558 2645; x_wconf 74' lang='grc' dir='ltr'>Οὗ</span> <span class='ocrx_word' id='word_1_198' title='bbox 595 2585 833 2665; x_wconf 73' lang='grc' dir='ltr'>γελάσω,</span> <span class='ocrx_word' id='word_1_199' title='bbox 889 2587 1238 2665; x_wconf 86' lang='grc' dir='ltr'>Στρατόκλεις</span> <span class='ocrx_word' id='word_1_200' title='bbox 1296 2588 1437 2665; x_wconf 83' lang='grc'>(66),</span> <span class='ocrx_word' id='word_1_201' title='bbox 1494 2590 1587 2655; x_wconf 87' lang='grc' dir='ltr'>τάς</span> <span class='ocrx_word' id='word_1_202' title='bbox 1630 2590 1886 2656; x_wconf 74' lang='grc' dir='ltr'>ὑπούλους</span> <span class='ocrx_word' id='word_1_203' title='bbox 1930 2594 2018 2647; x_wconf 88' lang='grc' dir='ltr'>καὶ</span> <span class='ocrx_word' id='word_1_204' title='bbox 2046 2589 2137 2649; x_wconf 90' lang='grc' dir='ltr'>δο-</span> 
     </span>
    </p>
   </div>
   <div class='ocr_carea' id='block_1_29' title="bbox 478 2673 2139 2760">
    <p class='ocr_par' dir='ltr' id='par_1_29' title="bbox 478 2673 2139 2760">
     <span class='ocr_line' id='line_1_29' title="bbox 478 2673 2139 2760; baseline 0.003 -29"><span class='ocrx_word' id='word_1_205' title='bbox 478 2674 645 2755; x_wconf 82' lang='grc' dir='ltr'>λεράς</span> <span class='ocrx_word' id='word_1_206' title='bbox 703 2673 912 2754; x_wconf 79' lang='grc' dir='ltr'>ἐνέδρας</span> <span class='ocrx_word' id='word_1_207' title='bbox 966 2684 1058 2733; x_wconf 82' lang='grc' dir='ltr'>τοῦ</span> <span class='ocrx_word' id='word_1_208' title='bbox 1118 2677 1372 2754; x_wconf 76' lang='grc' dir='ltr'>Λίγεάτω</span> <span class='ocrx_word' id='word_1_209' title='bbox 1429 2678 1668 2760; x_wconf 71' lang='grc' dir='ltr'>ἐννοῶν,</span> <span class='ocrx_word' id='word_1_210' title='bbox 1732 2681 1825 2738; x_wconf 85' lang='grc' dir='ltr'>Ἐκ</span> <span class='ocrx_word' id='word_1_211' title='bbox 1892 2680 1992 2760; x_wconf 76' lang='grc' dir='ltr'>γὰρ</span> <span class='ocrx_word' id='word_1_212' title='bbox 2048 2687 2139 2736; x_wconf 81' lang='grc' dir='ltr'>τοῦ</span> 
     </span>
    </p>
   </div>
   <div class='ocr_carea' id='block_1_30' title="bbox 480 2761 2139 2845">
    <p class='ocr_par' dir='ltr' id='par_1_30' title="bbox 480 2761 2139 2845">
     <span class='ocr_line' id='line_1_30' title="bbox 480 2761 2139 2845; baseline 0.003 -26"><span class='ocrx_word' id='word_1_213' title='bbox 480 2764 564 2840; x_wconf 81' lang='grc' dir='ltr'>μὴ</span> <span class='ocrx_word' id='word_1_214' title='bbox 603 2764 745 2820; x_wconf 83' lang='grc' dir='ltr'>κατά</span> <span class='ocrx_word' id='word_1_215' title='bbox 792 2761 936 2828; x_wconf 78' lang='grc' dir='ltr'>τάξιν</span> <span class='ocrx_word' id='word_1_216' title='bbox 993 2763 1405 2823; x_wconf 88' lang='grc' dir='ltr'>ἀνασκολοπίσαι</span> <span class='ocrx_word' id='word_1_217' title='bbox 1461 2768 1633 2825; x_wconf 76' lang='grc' dir='ltr'>οἴεται</span> <span class='ocrx_word' id='word_1_218' title='bbox 1691 2769 1944 2845; x_wconf 81' lang='grc' dir='ltr'>μειζόνως</span> <span class='ocrx_word' id='word_1_219' title='bbox 1973 2792 2139 2844; x_wconf 89' lang='grc' dir='ltr'>τιμω-</span> 
     </span>
    </p>
   </div>
   <div class='ocr_carea' id='block_1_31' title="bbox 477 2853 2137 2936">
    <p class='ocr_par' dir='ltr' id='par_1_31' title="bbox 477 2853 2137 2936">
     <span class='ocr_line' id='line_1_31' title="bbox 477 2853 2137 2936; baseline 0.004 -27"><span class='ocrx_word' id='word_1_220' title='bbox 477 2855 691 2932; x_wconf 73' lang='grc' dir='ltr'>ρεῖσθαι</span> <span class='ocrx_word' id='word_1_221' title='bbox 762 2853 929 2927; x_wconf 70' lang='grc' dir='ltr'>ἡμᾶς,</span> <span class='ocrx_word' id='word_1_222' title='bbox 1007 2853 1235 2932; x_wconf 78' lang='grc' dir='ltr'>ἀγνοῶν,</span> <span class='ocrx_word' id='word_1_223' title='bbox 1324 2856 1692 2936; x_wconf 74' lang='grc' dir='ltr'>ἀτιμωρήτως</span> <span class='ocrx_word' id='word_1_224' title='bbox 1774 2858 1945 2934; x_wconf 77' lang='grc' dir='ltr'>μένειν</span> <span class='ocrx_word' id='word_1_225' title='bbox 1993 2860 2137 2934; x_wconf 79' lang='grc' dir='ltr'>ἡμᾶς</span> 
     </span>
    </p>
   </div>
   <div class='ocr_carea' id='block_1_32' title="bbox 475 2941 2141 3039">
    <p class='ocr_par' dir='ltr' id='par_1_32' title="bbox 475 2941 2141 3039">
     <span class='ocr_line' id='line_1_32' title="bbox 475 2941 2141 3039; baseline 0.001 -39"><span class='ocrx_word' id='word_1_226' title='bbox 475 2942 568 3000; x_wconf 75' lang='grc' dir='ltr'>διὰ</span> <span class='ocrx_word' id='word_1_227' title='bbox 610 2941 711 3008; x_wconf 78' lang='grc' dir='ltr'>τὴν</span> <span class='ocrx_word' id='word_1_228' title='bbox 758 2942 1166 3039; x_wconf 34' lang='grc' dir='ltr'>πρὸπΧριστὸὲ</span> <span class='ocrx_word' id='word_1_229' title='bbox 1222 2943 1460 3023; x_wconf 72' lang='grc' dir='ltr'>ἀγάπην.</span> <span class='ocrx_word' id='word_1_230' title='bbox 1522 2948 1622 3004; x_wconf 83' lang='grc' dir='ltr'>Καὶ</span> <span class='ocrx_word' id='word_1_231' title='bbox 1676 2947 1982 3027; x_wconf 80' lang='grc' dir='ltr'>ἀπεκρίνετο</span> <span class='ocrx_word' id='word_1_232' title='bbox 2031 2946 2141 3002; x_wconf 87' lang='grc' dir='ltr'>δια-</span> 
     </span>
    </p>
   </div>
   <div class='ocr_carea' id='block_1_33' title="bbox 474 3028 2135 3113">
    <p class='ocr_par' dir='ltr' id='par_1_33' title="bbox 474 3028 2135 3113">
     <span class='ocr_line' id='line_1_33' title="bbox 474 3028 2135 3113; baseline 0.003 -25"><span class='ocrx_word' id='word_1_233' title='bbox 474 3030 776 3108; x_wconf 85' lang='grc' dir='ltr'>λεγόμενος</span> <span class='ocrx_word' id='word_1_234' title='bbox 805 3028 1024 3105; x_wconf 69' lang='grc' dir='ltr'>τῷλαῷ</span> <span class='ocrx_word' id='word_1_235' title='bbox 1061 3050 1076 3067; x_wconf 91' lang='grc'><strong>·</strong></span> <span class='ocrx_word' id='word_1_236' title='bbox 1139 3028 1345 3112; x_wconf 61' lang='grc' dir='ltr'>Ἄνδρες</span> <span class='ocrx_word' id='word_1_237' title='bbox 1406 3037 1453 3091; x_wconf 75' lang='grc' dir='ltr'>οἱ</span> <span class='ocrx_word' id='word_1_238' title='bbox 1503 3032 1721 3091; x_wconf 81' lang='grc' dir='ltr'>ἐνταῦθα</span> <span class='ocrx_word' id='word_1_239' title='bbox 1778 3041 2135 3113; x_wconf 88' lang='grc' dir='ltr'>παρεστῶτες.</span> 
     </span>
    </p>
   </div>
   <div class='ocr_carea' id='block_1_34' title="bbox 473 3116 2138 3204">
    <p class='ocr_par' dir='ltr' id='par_1_34' title="bbox 473 3116 2138 3204">
     <span class='ocr_line' id='line_1_34' title="bbox 473 3116 2138 3204; baseline 0.003 -31"><span class='ocrx_word' id='word_1_240' title='bbox 473 3116 736 3197; x_wconf 75' lang='grc' dir='ltr'>γυναῖκές</span> <span class='ocrx_word' id='word_1_241' title='bbox 788 3138 847 3173; x_wconf 88' lang='grc' dir='ltr'>τε</span> <span class='ocrx_word' id='word_1_242' title='bbox 889 3120 977 3174; x_wconf 79' lang='grc' dir='ltr'>καὶ</span> <span class='ocrx_word' id='word_1_243' title='bbox 1026 3117 1240 3202; x_wconf 78' lang='grc' dir='ltr'>παῖδες,</span> <span class='ocrx_word' id='word_1_244' title='bbox 1295 3120 1577 3201; x_wconf 82' lang='grc' dir='ltr'>πρεσϐῦται</span> <span class='ocrx_word' id='word_1_245' title='bbox 1635 3125 1723 3179; x_wconf 90' lang='grc' dir='ltr'>καὶ</span> <span class='ocrx_word' id='word_1_246' title='bbox 1779 3122 1911 3204; x_wconf 77' lang='grc' dir='ltr'>νέοι,</span> <span class='ocrx_word' id='word_1_247' title='bbox 1966 3121 2138 3179; x_wconf 92' lang='grc' dir='ltr'>δοῦλοι</span> 
     </span>
    </p>
   </div>
   <div class='ocr_carea' id='block_1_35' title="bbox 476 3206 2137 3294">
    <p class='ocr_par' dir='ltr' id='par_1_35' title="bbox 476 3206 2137 3294">
     <span class='ocr_line' id='line_1_35' title="bbox 476 3206 2137 3294; baseline 0.002 -29"><span class='ocrx_word' id='word_1_248' title='bbox 476 3210 570 3265; x_wconf 81' lang='grc' dir='ltr'>καὶ</span> <span class='ocrx_word' id='word_1_249' title='bbox 627 3206 887 3286; x_wconf 80' lang='grc' dir='ltr'>ἐλεύθεροι</span> <span class='ocrx_word' id='word_1_250' title='bbox 930 3208 1188 3266; x_wconf 80' lang='grc' dir='ltr'>ἀκούσατέ</span> <span class='ocrx_word' id='word_1_251' title='bbox 1241 3233 1362 3286; x_wconf 83' lang='grc' dir='ltr'>μου,</span> <span class='ocrx_word' id='word_1_252' title='bbox 1424 3213 1511 3268; x_wconf 89' lang='grc' dir='ltr'>καὶ</span> <span class='ocrx_word' id='word_1_253' title='bbox 1575 3213 1652 3288; x_wconf 79' lang='grc' dir='ltr'>μὴ</span> <span class='ocrx_word' id='word_1_254' title='bbox 1708 3213 2000 3294; x_wconf 80' lang='grc' dir='ltr'>προσέχετε</span> <span class='ocrx_word' id='word_1_255' title='bbox 2069 3220 2137 3290; x_wconf 75' lang='grc' dir='ltr'>τῇ</span> 
     </span>
    </p>
   </div>
   <div class='ocr_carea' id='block_1_36' title="bbox 478 3295 2137 3379">
    <p class='ocr_par' dir='ltr' id='par_1_36' title="bbox 478 3295 2137 3379">
     <span class='ocr_line' id='line_1_36' title="bbox 478 3295 2137 3379; baseline 0.004 -28"><span class='ocrx_word' id='word_1_256' title='bbox 478 3302 614 3373; x_wconf 81' lang='grc' dir='ltr'>κενῇ</span> <span class='ocrx_word' id='word_1_257' title='bbox 712 3295 893 3373; x_wconf 74' lang='grc' dir='ltr'>ἀπάτῃ</span> <span class='ocrx_word' id='word_1_258' title='bbox 982 3307 1075 3357; x_wconf 85' lang='grc' dir='ltr'>τοῦ</span> <span class='ocrx_word' id='word_1_259' title='bbox 1160 3300 1419 3379; x_wconf 85' lang='grc' dir='ltr'>παρόντος</span> <span class='ocrx_word' id='word_1_260' title='bbox 1504 3303 1642 3379; x_wconf 84' lang='grc' dir='ltr'>βίου,</span> <span class='ocrx_word' id='word_1_261' title='bbox 1729 3301 1864 3358; x_wconf 86' lang='grc' dir='ltr'>ἀλλά</span> <span class='ocrx_word' id='word_1_262' title='bbox 1935 3301 2137 3378; x_wconf 70' lang='grc' dir='ltr'>μᾶλλον</span> 
     </span>
    </p>
   </div>
   <div class='ocr_carea' id='block_1_37' title="bbox 482 3385 2130 3471">
    <p class='ocr_par' dir='ltr' id='par_1_37' title="bbox 482 3385 2130 3471">
     <span class='ocr_line' id='line_1_37' title="bbox 482 3385 2130 3471; baseline 0.004 -30"><span class='ocrx_word' id='word_1_263' title='bbox 482 3385 818 3465; x_wconf 79' lang='grc' dir='ltr'>προσχόντες</span> <span class='ocrx_word' id='word_1_264' title='bbox 888 3387 963 3449; x_wconf 79' lang='grc' dir='ltr'>είς</span> <span class='ocrx_word' id='word_1_265' title='bbox 1031 3388 1173 3463; x_wconf 75' lang='grc' dir='ltr'>ἡμᾶς</span> <span class='ocrx_word' id='word_1_266' title='bbox 1230 3390 1588 3468; x_wconf 80' lang='grc' dir='ltr'>κρεμαμένους</span> <span class='ocrx_word' id='word_1_267' title='bbox 1657 3390 1741 3447; x_wconf 83' lang='grc' dir='ltr'>διὰ</span> <span class='ocrx_word' id='word_1_268' title='bbox 1781 3394 1870 3448; x_wconf 86' lang='grc' dir='ltr'>τὸν</span> <span class='ocrx_word' id='word_1_269' title='bbox 1922 3394 2130 3471; x_wconf 78' lang='grc' dir='ltr'>Κύριον,</span> 
     </span>
    </p>
   </div>
   <div class='ocr_carea' id='block_1_38' title="bbox 487 3472 2135 3558">
    <p class='ocr_par' dir='ltr' id='par_1_38' title="bbox 487 3472 2135 3558">
     <span class='ocr_line' id='line_1_38' title="bbox 487 3472 2135 3558; baseline 0.004 -29"><span class='ocrx_word' id='word_1_270' title='bbox 487 3476 575 3529; x_wconf 80' lang='grc' dir='ltr'>καὶ</span> <span class='ocrx_word' id='word_1_271' title='bbox 601 3473 701 3541; x_wconf 66' lang='grc' dir='ltr'>ἤδη</span> <span class='ocrx_word' id='word_1_272' title='bbox 733 3472 1029 3549; x_wconf 81' lang='grc' dir='ltr'>μέλλοντας</span> <span class='ocrx_word' id='word_1_273' title='bbox 1085 3478 1199 3554; x_wconf 86' lang='grc'>(67)</span> <span class='ocrx_word' id='word_1_274' title='bbox 1258 3478 1494 3558; x_wconf 78' lang='grc' dir='ltr'>ἀπαίρειν</span> <span class='ocrx_word' id='word_1_275' title='bbox 1546 3479 1606 3537; x_wconf 84' lang='grc' dir='ltr'>ἐκ</span> <span class='ocrx_word' id='word_1_276' title='bbox 1645 3479 1795 3537; x_wconf 81' lang='grc' dir='ltr'>τοῦδε</span> <span class='ocrx_word' id='word_1_277' title='bbox 1823 3490 1917 3540; x_wconf 86' lang='grc' dir='ltr'>τοῦ</span> <span class='ocrx_word' id='word_1_278' title='bbox 1943 3481 2135 3556; x_wconf 87' lang='grc' dir='ltr'>σώμα-</span> 
     </span>
    </p>
   </div>
   <div class='ocr_carea' id='block_1_39' title="bbox 378 3561 2133 3646">
    <p class='ocr_par' dir='ltr' id='par_1_39' title="bbox 378 3561 2133 3646">
     <span class='ocr_line' id='line_1_39' title="bbox 378 3561 2133 3646; baseline 0.005 -30"><span class='ocrx_word' id='word_1_279' title='bbox 378 3562 383 3565; x_wconf 74' lang='grc'><em>’</em></span> <span class='ocrx_word' id='word_1_280' title='bbox 489 3583 602 3635; x_wconf 82' lang='grc' dir='ltr'>τος,</span> <span class='ocrx_word' id='word_1_281' title='bbox 658 3561 981 3628; x_wconf 76' lang='grc' dir='ltr'>ἀποτάξασθε</span> <span class='ocrx_word' id='word_1_282' title='bbox 1065 3567 1240 3629; x_wconf 83' lang='grc' dir='ltr'>πάσας</span> <span class='ocrx_word' id='word_1_283' title='bbox 1315 3568 1408 3632; x_wconf 86' lang='grc' dir='ltr'>τάς</span> <span class='ocrx_word' id='word_1_284' title='bbox 1493 3570 1754 3646; x_wconf 79' lang='grc' dir='ltr'>κοσμικὰς</span> <span class='ocrx_word' id='word_1_285' title='bbox 1838 3568 2133 3645; x_wconf 78' lang='grc' dir='ltr'>ἐπιθυμίας,</span> 
     </span>
    </p>
   </div>
   <div class='ocr_carea' id='block_1_40' title="bbox 490 3651 2135 3731">
    <p class='ocr_par' dir='ltr' id='par_1_40' title="bbox 490 3651 2135 3731">
     <span class='ocr_line' id='line_1_40' title="bbox 490 3651 2135 3731; baseline 0.004 -26"><span class='ocrx_word' id='word_1_286' title='bbox 490 3651 576 3705; x_wconf 73' lang='grc' dir='ltr'>καὶ</span> <span class='ocrx_word' id='word_1_287' title='bbox 632 3652 993 3707; x_wconf 79' lang='grc' dir='ltr'>καταπτύσατε</span> <span class='ocrx_word' id='word_1_288' title='bbox 1045 3660 1149 3710; x_wconf 89' lang='grc' dir='ltr'>τῶν</span> <span class='ocrx_word' id='word_1_289' title='bbox 1213 3652 1508 3731; x_wconf 87' lang='grc' dir='ltr'>βδελυκτῶν</span> <span class='ocrx_word' id='word_1_290' title='bbox 1566 3654 1795 3713; x_wconf 81' lang='grc' dir='ltr'>εἰδώλων</span> <span class='ocrx_word' id='word_1_291' title='bbox 1849 3657 1915 3713; x_wconf 80' lang='grc' dir='ltr'>τὰ</span> <span class='ocrx_word' id='word_1_292' title='bbox 1970 3655 2135 3713; x_wconf 63' lang='grc' dir='ltr'>σεϐά-</span> 
     </span>
    </p>
   </div>
   <div class='ocr_carea' id='block_1_41' title="bbox 487 3738 2136 3823">
    <p class='ocr_par' dir='ltr' id='par_1_41' title="bbox 487 3738 2136 3823">
     <span class='ocr_line' id='line_1_41' title="bbox 487 3738 2136 3823; baseline 0.005 -31"><span class='ocrx_word' id='word_1_293' title='bbox 487 3758 685 3813; x_wconf 81' lang='grc' dir='ltr'>σματα,</span> <span class='ocrx_word' id='word_1_294' title='bbox 747 3740 836 3794; x_wconf 87' lang='grc' dir='ltr'>καὶ</span> <span class='ocrx_word' id='word_1_295' title='bbox 912 3738 1272 3819; x_wconf 83' lang='grc' dir='ltr'>προσδράμετε</span> <span class='ocrx_word' id='word_1_296' title='bbox 1355 3750 1423 3820; x_wconf 74' lang='grc' dir='ltr'>τῇ</span> <span class='ocrx_word' id='word_1_297' title='bbox 1499 3742 1724 3820; x_wconf 86' lang='grc' dir='ltr'>ἀληθινῇ</span> <span class='ocrx_word' id='word_1_298' title='bbox 1779 3743 1992 3823; x_wconf 67' lang='grc' dir='ltr'>λατρεία</span> <span class='ocrx_word' id='word_1_299' title='bbox 2044 3752 2136 3800; x_wconf 81' lang='grc' dir='ltr'>τοῦ</span> 
     </span>
    </p>
   </div>
   <div class='ocr_carea' id='block_1_42' title="bbox 478 3823 2136 3912">
    <p class='ocr_par' dir='ltr' id='par_1_42' title="bbox 478 3823 2136 3912">
     <span class='ocr_line' id='line_1_42' title="bbox 478 3823 2136 3912; baseline 0.005 -31"><span class='ocrx_word' id='word_1_300' title='bbox 478 3823 740 3902; x_wconf 75' lang='grc' dir='ltr'>ἀψευδοῦς</span> <span class='ocrx_word' id='word_1_301' title='bbox 771 3834 902 3884; x_wconf 86' lang='grc' dir='ltr'>Θεοῦ</span> <span class='ocrx_word' id='word_1_302' title='bbox 956 3830 1132 3905; x_wconf 83' lang='grc' dir='ltr'>ἡμῶν,</span> <span class='ocrx_word' id='word_1_303' title='bbox 1196 3829 1341 3895; x_wconf 87' lang='grc' dir='ltr'>ὅπως</span> <span class='ocrx_word' id='word_1_304' title='bbox 1398 3832 1554 3897; x_wconf 67' lang='grc' dir='ltr'>αὐτός</span> <span class='ocrx_word' id='word_1_305' title='bbox 1611 3854 1668 3889; x_wconf 88' lang='grc' dir='ltr'>τε</span> <span class='ocrx_word' id='word_1_306' title='bbox 1722 3833 1814 3890; x_wconf 83' lang='grc' dir='ltr'>σὺν</span> <span class='ocrx_word' id='word_1_307' title='bbox 1869 3836 1946 3907; x_wconf 74' lang='grc' dir='ltr'>τῷ</span> <span class='ocrx_word' id='word_1_308' title='bbox 1975 3835 2136 3912; x_wconf 82' lang='grc' dir='ltr'>Πατρὶ</span> 
     </span>
    </p>
   </div>
   <div class='ocr_carea' id='block_1_43' title="bbox 481 3916 2135 4000">
    <p class='ocr_par' dir='ltr' id='par_1_43' title="bbox 481 3916 2135 4000">
     <span class='ocr_line' id='line_1_43' title="bbox 481 3916 2135 4000; baseline 0.004 -30"><span class='ocrx_word' id='word_1_309' title='bbox 481 3917 573 3971; x_wconf 82' lang='grc' dir='ltr'>καὶ</span> <span class='ocrx_word' id='word_1_310' title='bbox 604 3918 682 3989; x_wconf 80' lang='grc' dir='ltr'>τῷ</span> <span class='ocrx_word' id='word_1_311' title='bbox 711 3916 845 3994; x_wconf 81' lang='grc' dir='ltr'>ἀγίῷ</span> <span class='ocrx_word' id='word_1_312' title='bbox 874 3918 1138 3992; x_wconf 82' lang='grc' dir='ltr'>Πνεύματι</span> <span class='ocrx_word' id='word_1_313' title='bbox 1188 3918 1453 3977; x_wconf 84' lang='grc' dir='ltr'>ἐλεύσεται</span> <span class='ocrx_word' id='word_1_314' title='bbox 1510 3922 1598 3978; x_wconf 86' lang='grc' dir='ltr'>καὶ</span> <span class='ocrx_word' id='word_1_315' title='bbox 1657 3922 1825 3997; x_wconf 74' lang='grc' dir='ltr'>μονὴν</span> <span class='ocrx_word' id='word_1_316' title='bbox 1854 3920 1981 4000; x_wconf 75' lang='grc' dir='ltr'>παρ’</span> <span class='ocrx_word' id='word_1_317' title='bbox 2006 3923 2135 3996; x_wconf 76' lang='grc' dir='ltr'>ὑμῖν</span> 
     </span>
    </p>
   </div>
   <div class='ocr_carea' id='block_1_44' title="bbox 478 4002 2134 4091">
    <p class='ocr_par' dir='ltr' id='par_1_44' title="bbox 478 4002 2134 4091">
     <span class='ocr_line' id='line_1_44' title="bbox 478 4002 2134 4091; baseline 0.004 -31"><span class='ocrx_word' id='word_1_318' title='bbox 478 4005 724 4074; x_wconf 75' lang='grc' dir='ltr'>ποιήσει.</span> <span class='ocrx_word' id='word_1_319' title='bbox 780 4002 1184 4073; x_wconf 78' lang='grc' dir='ltr'>Ἀποτινάξαςθε</span> <span class='ocrx_word' id='word_1_320' title='bbox 1236 4010 1334 4077; x_wconf 80' lang='grc' dir='ltr'>τὴν</span> <span class='ocrx_word' id='word_1_321' title='bbox 1394 4010 1643 4087; x_wconf 64' lang='grc' dir='ltr'>ῥᾳθομιαν</span> <span class='ocrx_word' id='word_1_322' title='bbox 1698 4013 1785 4067; x_wconf 81' lang='grc' dir='ltr'>καὶ</span> <span class='ocrx_word' id='word_1_323' title='bbox 1841 4012 1932 4067; x_wconf 83' lang='grc' dir='ltr'>τὸν</span> <span class='ocrx_word' id='word_1_324' title='bbox 1975 4011 2134 4091; x_wconf 74' lang='grc' dir='ltr'>ζόφον</span> 
     </span>
    </p>
   </div>
   <div class='ocr_carea' id='block_1_45' title="bbox 2227 626 3865 707">
    <p class='ocr_par' dir='ltr' id='par_1_45' title="bbox 2227 626 3865 707">
     <span class='ocr_line' id='line_1_45' title="bbox 2227 626 3865 707; baseline 0.004 -20"><span class='ocrx_word' id='word_1_325' title='bbox 2227 645 2405 707; x_wconf 84' lang='lat' dir='ltr'>quam</span> <span class='ocrx_word' id='word_1_326' title='bbox 2419 626 2875 704; x_wconf 83' lang='lat' dir='ltr'>cognoscebam.</span> <span class='ocrx_word' id='word_1_327' title='bbox 2889 627 2961 690; x_wconf 89' lang='lat' dir='ltr'>Et</span> <span class='ocrx_word' id='word_1_328' title='bbox 2976 629 3102 690; x_wconf 65' lang='lat' dir='ltr'>haec</span> <span class='ocrx_word' id='word_1_329' title='bbox 3118 628 3325 691; x_wconf 91' lang='lat' dir='ltr'>dicens</span> <span class='ocrx_word' id='word_1_330' title='bbox 3345 629 3556 691; x_wconf 86' lang='lat' dir='ltr'>beatus</span> <span class='ocrx_word' id='word_1_331' title='bbox 3569 628 3865 705; x_wconf 83' lang='lat' dir='ltr'>Andreas,</span> 
     </span>
    </p>
   </div>
   <div class='ocr_carea' id='block_1_46' title="bbox 2227 716 3875 798">
    <p class='ocr_par' dir='ltr' id='par_1_46' title="bbox 2227 716 3875 798">
     <span class='ocr_line' id='line_1_46' title="bbox 2227 716 3875 798; baseline 0.002 -22"><span class='ocrx_word' id='word_1_332' title='bbox 2227 724 2388 777; x_wconf 89' lang='lat' dir='ltr'>stans</span> <span class='ocrx_word' id='word_1_333' title='bbox 2416 716 2610 778; x_wconf 89' lang='lat' dir='ltr'>adhuc</span> <span class='ocrx_word' id='word_1_334' title='bbox 2640 735 2820 797; x_wconf 86' lang='lat' dir='ltr'><strong>super</strong></span> <span class='ocrx_word' id='word_1_335' title='bbox 2853 725 3093 789; x_wconf 85' lang='lat' dir='ltr'>terram,</span> <span class='ocrx_word' id='word_1_336' title='bbox 3128 724 3188 779; x_wconf 92' lang='lat' dir='ltr'>et</span> <span class='ocrx_word' id='word_1_337' title='bbox 3232 725 3454 779; x_wconf 91' lang='lat' dir='ltr'>attente</span> <span class='ocrx_word' id='word_1_338' title='bbox 3479 717 3775 798; x_wconf 88' lang='lat' dir='ltr'>aspiciens</span> <span class='ocrx_word' id='word_1_339' title='bbox 3805 717 3875 779; x_wconf 87' lang='lat' dir='ltr'>in</span> 
     </span>
    </p>
   </div>
   <div class='ocr_carea' id='block_1_47' title="bbox 2227 805 3868 881">
    <p class='ocr_par' dir='ltr' id='par_1_47' title="bbox 2227 805 3868 881">
     <span class='ocr_line' id='line_1_47' title="bbox 2227 805 3868 881; baseline 0.001 -15"><span class='ocrx_word' id='word_1_340' title='bbox 2227 823 2487 875; x_wconf 87' lang='lat' dir='ltr'>crucem,</span> <span class='ocrx_word' id='word_1_341' title='bbox 2514 805 2778 867; x_wconf 90' lang='lat' dir='ltr'>ascendit</span> <span class='ocrx_word' id='word_1_342' title='bbox 2798 806 2857 867; x_wconf 94' lang='lat' dir='ltr'>in</span> <span class='ocrx_word' id='word_1_343' title='bbox 2882 825 3034 881; x_wconf 90' lang='lat' dir='ltr'>eam,</span> <span class='ocrx_word' id='word_1_344' title='bbox 3059 808 3323 869; x_wconf 87' lang='lat' dir='ltr'>horta-tus</span> <span class='ocrx_word' id='word_1_345' title='bbox 3368 815 3625 869; x_wconf 74' lang='lat' dir='ltr'>astantes</span> <span class='ocrx_word' id='word_1_346' title='bbox 3656 807 3868 869; x_wconf 81' lang='lat' dir='ltr'>fratres</span> 
     </span>
    </p>
   </div>
   <div class='ocr_carea' id='block_1_48' title="bbox 2226 892 3868 976">
    <p class='ocr_par' dir='ltr' id='par_1_48' title="bbox 2226 892 3868 976">
     <span class='ocr_line' id='line_1_48' title="bbox 2226 892 3868 976; baseline 0.002 -24"><span class='ocrx_word' id='word_1_347' title='bbox 2226 899 2291 953; x_wconf 91' lang='lat' dir='ltr'>ut</span> <span class='ocrx_word' id='word_1_348' title='bbox 2322 902 2605 955; x_wconf 89' lang='lat' dir='ltr'>vocarent</span> <span class='ocrx_word' id='word_1_349' title='bbox 2630 892 2870 955; x_wconf 86' lang='lat' dir='ltr'>lictores</span> <span class='ocrx_word' id='word_1_350' title='bbox 2899 894 2971 956; x_wconf 90' lang='lat' dir='ltr'>ad</span> <span class='ocrx_word' id='word_1_351' title='bbox 3003 894 3343 957; x_wconf 83' lang='lat' dir='ltr'>faciendum</span> <span class='ocrx_word' id='word_1_352' title='bbox 3374 914 3505 976; x_wconf 69' lang='lat' dir='ltr'>quae</span> <span class='ocrx_word' id='word_1_353' title='bbox 3534 895 3647 956; x_wconf 91' lang='lat' dir='ltr'>sibi</span> <span class='ocrx_word' id='word_1_354' title='bbox 3671 896 3868 974; x_wconf 89' lang='lat' dir='ltr'>impe-</span> 
     </span>
    </p>
   </div>
   <div class='ocr_carea' id='block_1_49' title="bbox 2225 981 3866 1064">
    <p class='ocr_par' dir='ltr' id='par_1_49' title="bbox 2225 981 3866 1064">
     <span class='ocr_line' id='line_1_49' title="bbox 2225 981 3866 1064; baseline 0.002 -24"><span class='ocrx_word' id='word_1_355' title='bbox 2225 987 2351 1041; x_wconf 90' lang='lat' dir='ltr'>rata</span> <span class='ocrx_word' id='word_1_356' title='bbox 2381 981 2647 1043; x_wconf 80' lang='lat' dir='ltr'>fuerant:</span> <span class='ocrx_word' id='word_1_357' title='bbox 2684 993 2850 1043; x_wconf 89' lang='lat' dir='ltr'>erant</span> <span class='ocrx_word' id='word_1_358' title='bbox 2881 983 3039 1045; x_wconf 89' lang='lat' dir='ltr'>enim</span> <span class='ocrx_word' id='word_1_359' title='bbox 3071 1003 3105 1045; x_wconf 91' lang='lat' dir='ltr'>a</span> <span class='ocrx_word' id='word_1_360' title='bbox 3134 984 3307 1064; x_wconf 66' lang='lat' dir='ltr'>longa</span> <span class='ocrx_word' id='word_1_361' title='bbox 3338 992 3579 1046; x_wconf 85' lang='lat' dir='ltr'>stantes.</span> <span class='ocrx_word' id='word_1_362' title='bbox 3614 983 3866 1056; x_wconf 87' lang='lat' dir='ltr'>Quidam</span> 
     </span>
    </p>
   </div>
   <div class='ocr_carea' id='block_1_50' title="bbox 2225 1067 3869 1152">
    <p class='ocr_par' dir='ltr' id='par_1_50' title="bbox 2225 1067 3869 1152">
     <span class='ocr_line' id='line_1_50' title="bbox 2225 1067 3869 1152; baseline 0.003 -24"><span class='ocrx_word' id='word_1_363' title='bbox 2225 1067 2551 1145; x_wconf 87' lang='lat' dir='ltr'>venientes,</span> <span class='ocrx_word' id='word_1_364' title='bbox 2581 1069 2909 1148; x_wconf 85' lang='lat' dir='ltr'>ligaverunt</span> <span class='ocrx_word' id='word_1_365' title='bbox 2931 1073 3111 1151; x_wconf 85' lang='lat' dir='ltr'>pedes</span> <span class='ocrx_word' id='word_1_366' title='bbox 3145 1074 3275 1152; x_wconf 90' lang='lat' dir='ltr'>ejus</span> <span class='ocrx_word' id='word_1_367' title='bbox 3308 1080 3555 1147; x_wconf 88' lang='lat' dir='ltr'>tantum,</span> <span class='ocrx_word' id='word_1_368' title='bbox 3589 1092 3700 1134; x_wconf 92' lang='lat' dir='ltr'>nec</span> <span class='ocrx_word' id='word_1_369' title='bbox 3726 1091 3869 1133; x_wconf 88' lang='lat' dir='ltr'>ner-</span> 
     </span>
    </p>
   </div>
   <div class='ocr_carea' id='block_1_51' title="bbox 2225 1158 3871 1241">
    <p class='ocr_par' dir='ltr' id='par_1_51' title="bbox 2225 1158 3871 1241">
     <span class='ocr_line' id='line_1_51' title="bbox 2225 1158 3871 1241; baseline 0.003 -25"><span class='ocrx_word' id='word_1_370' title='bbox 2225 1175 2328 1218; x_wconf 87' lang='lat' dir='ltr'>vos</span> <span class='ocrx_word' id='word_1_371' title='bbox 2348 1158 2588 1238; x_wconf 79' lang='lat' dir='ltr'>quidem</span> <span class='ocrx_word' id='word_1_372' title='bbox 2609 1159 3022 1237; x_wconf 71' lang='lat' dir='ltr'>przecidentes,</span> <span class='ocrx_word' id='word_1_373' title='bbox 3048 1161 3185 1241; x_wconf 85' lang='lat' dir='ltr'>quia</span> <span class='ocrx_word' id='word_1_374' title='bbox 3206 1161 3292 1223; x_wconf 91' lang='lat' dir='ltr'>sic</span> <span class='ocrx_word' id='word_1_375' title='bbox 3312 1161 3718 1241; x_wconf 70' lang='lat' dir='ltr'>prmscriptum</span> <span class='ocrx_word' id='word_1_376' title='bbox 3744 1167 3871 1221; x_wconf 87' lang='lat' dir='ltr'>erat</span> 
     </span>
    </p>
   </div>
   <div class='ocr_carea' id='block_1_52' title="bbox 2226 1246 3864 1331">
    <p class='ocr_par' dir='ltr' id='par_1_52' title="bbox 2226 1246 3864 1331">
     <span class='ocr_line' id='line_1_52' title="bbox 2226 1246 3864 1331; baseline 0.001 -22"><span class='ocrx_word' id='word_1_377' title='bbox 2226 1246 2312 1309; x_wconf 92' lang='lat' dir='ltr'>eis</span> <span class='ocrx_word' id='word_1_378' title='bbox 2341 1266 2373 1308; x_wconf 88' lang='lat' dir='ltr'>a</span> <span class='ocrx_word' id='word_1_379' title='bbox 2396 1249 2768 1327; x_wconf 86' lang='lat' dir='ltr'>proconsule.</span> <span class='ocrx_word' id='word_1_380' title='bbox 2804 1248 3029 1310; x_wconf 81' lang='lat' dir='ltr'>Exinde</span> <span class='ocrx_word' id='word_1_381' title='bbox 3050 1250 3208 1312; x_wconf 90' lang='lat' dir='ltr'>enim</span> <span class='ocrx_word' id='word_1_382' title='bbox 3235 1251 3474 1331; x_wconf 88' lang='lat' dir='ltr'>putabat</span> <span class='ocrx_word' id='word_1_383' title='bbox 3494 1250 3699 1323; x_wconf 87' lang='lat' dir='ltr'>miser,</span> <span class='ocrx_word' id='word_1_384' title='bbox 3734 1268 3864 1311; x_wconf 91' lang='lat' dir='ltr'>ma-</span> 
     </span>
    </p>
   </div>
   <div class='ocr_carea' id='block_1_53' title="bbox 2216 1336 3865 1420">
    <p class='ocr_par' dir='ltr' id='par_1_53' title="bbox 2216 1336 3865 1420">
     <span class='ocr_line' id='line_1_53' title="bbox 2216 1336 3865 1420; baseline 0.004 -25"><span class='ocrx_word' id='word_1_385' title='bbox 2216 1336 2411 1415; x_wconf 91' lang='lat' dir='ltr'>jorem</span> <span class='ocrx_word' id='word_1_386' title='bbox 2438 1337 2598 1415; x_wconf 88' lang='lat' dir='ltr'>justo</span> <span class='ocrx_word' id='word_1_387' title='bbox 2627 1337 2879 1399; x_wconf 72' lang='lat' dir='ltr'>futuram</span> <span class='ocrx_word' id='word_1_388' title='bbox 2937 1356 3195 1419; x_wconf 67' lang='lat' dir='ltr'>poenam,</span> <span class='ocrx_word' id='word_1_389' title='bbox 3252 1340 3423 1420; x_wconf 91' lang='lat' dir='ltr'>quasi</span> <span class='ocrx_word' id='word_1_390' title='bbox 3448 1339 3650 1400; x_wconf 83' lang='lat' dir='ltr'>forsan</span> <span class='ocrx_word' id='word_1_391' title='bbox 3681 1338 3865 1401; x_wconf 90' lang='lat' dir='ltr'>adve-</span> 
     </span>
    </p>
   </div>
   <div class='ocr_carea' id='block_1_54' title="bbox 2224 1426 3865 1508">
    <p class='ocr_par' dir='ltr' id='par_1_54' title="bbox 2224 1426 3865 1508">
     <span class='ocr_line' id='line_1_54' title="bbox 2224 1426 3865 1508; baseline 0.002 -23"><span class='ocrx_word' id='word_1_392' title='bbox 2224 1427 2427 1487; x_wconf 85' lang='lat' dir='ltr'>niente</span> <span class='ocrx_word' id='word_1_393' title='bbox 2458 1434 2631 1488; x_wconf 90' lang='lat' dir='ltr'>nocte</span> <span class='ocrx_word' id='word_1_394' title='bbox 2663 1445 2879 1507; x_wconf 90' lang='lat' dir='ltr'>corpus</span> <span class='ocrx_word' id='word_1_395' title='bbox 2907 1426 3093 1508; x_wconf 86' lang='lat' dir='ltr'>ipsius</span> <span class='ocrx_word' id='word_1_396' title='bbox 3122 1426 3316 1489; x_wconf 90' lang='lat' dir='ltr'>adhuc</span> <span class='ocrx_word' id='word_1_397' title='bbox 3346 1427 3667 1490; x_wconf 89' lang='lat' dir='ltr'>animatum</span> <span class='ocrx_word' id='word_1_398' title='bbox 3700 1448 3733 1488; x_wconf 89' lang='lat' dir='ltr'>a</span> <span class='ocrx_word' id='word_1_399' title='bbox 3762 1446 3865 1489; x_wconf 90' lang='lat' dir='ltr'>ca-</span> 
     </span>
    </p>
   </div>
   <div class='ocr_carea' id='block_1_55' title="bbox 2222 1512 3860 1598">
    <p class='ocr_par' dir='ltr' id='par_1_55' title="bbox 2222 1512 3860 1598">
     <span class='ocr_line' id='line_1_55' title="bbox 2222 1512 3860 1598; baseline 0.004 -25"><span class='ocrx_word' id='word_1_400' title='bbox 2222 1512 2398 1575; x_wconf 90' lang='lat' dir='ltr'>nibus</span> <span class='ocrx_word' id='word_1_401' title='bbox 2429 1523 2756 1580; x_wconf 87' lang='lat' dir='ltr'>voraretur.</span> <span class='ocrx_word' id='word_1_402' title='bbox 2798 1518 2870 1579; x_wconf 84' lang='lat' dir='ltr'>Et</span> <span class='ocrx_word' id='word_1_403' title='bbox 2899 1517 3307 1598; x_wconf 88' lang='lat' dir='ltr'>relinquentes</span> <span class='ocrx_word' id='word_1_404' title='bbox 3336 1535 3471 1579; x_wconf 91' lang='lat' dir='ltr'>eum</span> <span class='ocrx_word' id='word_1_405' title='bbox 3505 1536 3860 1598; x_wconf 90' lang='lat' dir='ltr'>suspensum</span> 
     </span>
    </p>
   </div>
   <div class='ocr_carea' id='block_1_56' title="bbox 2217 1604 3866 1669">
    <p class='ocr_par' dir='ltr' id='par_1_56' title="bbox 2217 1604 3866 1669">
     <span class='ocr_line' id='line_1_56' title="bbox 2217 1604 3866 1669; baseline 0.004 -7"><span class='ocrx_word' id='word_1_406' title='bbox 2217 1611 2593 1665; x_wconf 91' lang='lat' dir='ltr'>recesserunt</span> <span class='ocrx_word' id='word_1_407' title='bbox 2623 1604 2695 1665; x_wconf 94' lang='lat' dir='ltr'>ab</span> <span class='ocrx_word' id='word_1_408' title='bbox 2726 1623 2818 1666; x_wconf 94' lang='lat' dir='ltr'>eo.</span> <span class='ocrx_word' id='word_1_409' title='bbox 2856 1604 3137 1669; x_wconf 89' lang='lat' dir='ltr'>Videntes</span> <span class='ocrx_word' id='word_1_410' title='bbox 3185 1612 3384 1668; x_wconf 88' lang='lat' dir='ltr'>autem</span> <span class='ocrx_word' id='word_1_411' title='bbox 3416 1606 3866 1668; x_wconf 85' lang='lat' dir='ltr'>circumstantes</span> 
     </span>
    </p>
   </div>
   <div class='ocr_carea' id='block_1_57' title="bbox 2220 1690 3861 1775">
    <p class='ocr_par' dir='ltr' id='par_1_57' title="bbox 2220 1690 3861 1775">
     <span class='ocr_line' id='line_1_57' title="bbox 2220 1690 3861 1775; baseline 0.001 -23"><span class='ocrx_word' id='word_1_412' title='bbox 2220 1690 2406 1753; x_wconf 72' lang='lat' dir='ltr'>turbae</span> <span class='ocrx_word' id='word_1_413' title='bbox 2438 1691 2512 1753; x_wconf 91' lang='lat' dir='ltr'>ab</span> <span class='ocrx_word' id='word_1_414' title='bbox 2544 1711 2614 1754; x_wconf 94' lang='lat' dir='ltr'>eo</span> <span class='ocrx_word' id='word_1_415' title='bbox 2647 1692 2894 1769; x_wconf 78' lang='lat' dir='ltr'>edoctae,</span> <span class='ocrx_word' id='word_1_416' title='bbox 2915 1693 3051 1775; x_wconf 87' lang='lat' dir='ltr'>quia</span> <span class='ocrx_word' id='word_1_417' title='bbox 3080 1695 3227 1756; x_wconf 89' lang='lat' dir='ltr'>nihil</span> <span class='ocrx_word' id='word_1_418' title='bbox 3258 1695 3861 1775; x_wconf 87' lang='lat' dir='ltr'>cruciafﬁgendorum</span> 
     </span>
    </p>
   </div>
   <div class='ocr_carea' id='block_1_58' title="bbox 2221 1780 3862 1865">
    <p class='ocr_par' dir='ltr' id='par_1_58' title="bbox 2221 1780 3862 1865">
     <span class='ocr_line' id='line_1_58' title="bbox 2221 1780 3862 1865; baseline 0.002 -24"><span class='ocrx_word' id='word_1_419' title='bbox 2221 1780 2485 1843; x_wconf 88' lang='lat' dir='ltr'>fecerunt</span> <span class='ocrx_word' id='word_1_420' title='bbox 2515 1781 2595 1864; x_wconf 86' lang='lat' dir='ltr'>ei,</span> <span class='ocrx_word' id='word_1_421' title='bbox 2627 1792 3014 1861; x_wconf 84' lang='lat' dir='ltr'>speraverunt</span> <span class='ocrx_word' id='word_1_422' title='bbox 3060 1785 3266 1847; x_wconf 90' lang='lat' dir='ltr'>audire</span> <span class='ocrx_word' id='word_1_423' title='bbox 3297 1803 3502 1847; x_wconf 89' lang='lat' dir='ltr'>rursus</span> <span class='ocrx_word' id='word_1_424' title='bbox 3535 1783 3758 1865; x_wconf 90' lang='lat' dir='ltr'>aliquid</span> <span class='ocrx_word' id='word_1_425' title='bbox 3789 1783 3862 1844; x_wconf 90' lang='lat' dir='ltr'>ab</span> 
     </span>
    </p>
   </div>
   <div class='ocr_carea' id='block_1_59' title="bbox 2225 1867 3861 1952">
    <p class='ocr_par' dir='ltr' id='par_1_59' title="bbox 2225 1867 3861 1952">
     <span class='ocr_line' id='line_1_59' title="bbox 2225 1867 3861 1952; baseline 0.001 -21"><span class='ocrx_word' id='word_1_426' title='bbox 2225 1886 2318 1931; x_wconf 91' lang='lat' dir='ltr'>eo.</span> <span class='ocrx_word' id='word_1_427' title='bbox 2364 1867 2682 1932; x_wconf 87' lang='lat' dir='ltr'>Stratocles</span> <span class='ocrx_word' id='word_1_428' title='bbox 2722 1878 2917 1933; x_wconf 89' lang='lat' dir='ltr'>autem</span> <span class='ocrx_word' id='word_1_429' title='bbox 2953 1872 3219 1952; x_wconf 69' lang='lat' dir='ltr'>quaesivit</span> <span class='ocrx_word' id='word_1_430' title='bbox 3239 1872 3315 1934; x_wconf 91' lang='lat' dir='ltr'>ab</span> <span class='ocrx_word' id='word_1_431' title='bbox 3341 1892 3410 1935; x_wconf 92' lang='lat' dir='ltr'>eo</span> <span class='ocrx_word' id='word_1_432' title='bbox 3434 1873 3671 1934; x_wconf 90' lang='lat' dir='ltr'>dicens:</span> <span class='ocrx_word' id='word_1_433' title='bbox 3708 1869 3861 1943; x_wconf 87' lang='lat' dir='ltr'>Quid</span> 
     </span>
    </p>
   </div>
   <div class='ocr_carea' id='block_1_60' title="bbox 2223 1958 3864 2041">
    <p class='ocr_par' dir='ltr' id='par_1_60' title="bbox 2223 1958 3864 2041">
     <span class='ocr_line' id='line_1_60' title="bbox 2223 1958 3864 2041; baseline 0.002 -23"><span class='ocrx_word' id='word_1_434' title='bbox 2223 1965 2312 2019; x_wconf 90' lang='lat' dir='ltr'>est</span> <span class='ocrx_word' id='word_1_435' title='bbox 2341 1958 2500 2039; x_wconf 91' lang='lat' dir='ltr'>quod</span> <span class='ocrx_word' id='word_1_436' title='bbox 2531 1959 2861 2031; x_wconf 90' lang='lat' dir='ltr'>subrideas,</span> <span class='ocrx_word' id='word_1_437' title='bbox 2896 1978 3064 2021; x_wconf 88' lang='lat' dir='ltr'>serve</span> <span class='ocrx_word' id='word_1_438' title='bbox 3119 1960 3248 2037; x_wconf 89' lang='lat' dir='ltr'>Dei,</span> <span class='ocrx_word' id='word_1_439' title='bbox 3285 1963 3473 2041; x_wconf 88' lang='lat' dir='ltr'>prime</span> <span class='ocrx_word' id='word_1_440' title='bbox 3502 1969 3726 2036; x_wconf 84' lang='lat' dir='ltr'>vocate,</span> <span class='ocrx_word' id='word_1_441' title='bbox 3773 1958 3864 2021; x_wconf 82' lang='lat' dir='ltr'>vel</span> 
     </span>
    </p>
   </div>
   <div class='ocr_carea' id='block_1_61' title="bbox 2222 2047 3866 2130">
    <p class='ocr_par' dir='ltr' id='par_1_61' title="bbox 2222 2047 3866 2130">
     <span class='ocr_line' id='line_1_61' title="bbox 2222 2047 3866 2130; baseline 0 -22"><span class='ocrx_word' id='word_1_442' title='bbox 2222 2047 2362 2126; x_wconf 91' lang='lat' dir='ltr'>quid</span> <span class='ocrx_word' id='word_1_443' title='bbox 2379 2066 2484 2109; x_wconf 91' lang='lat' dir='ltr'>nos</span> <span class='ocrx_word' id='word_1_444' title='bbox 2503 2048 2707 2110; x_wconf 92' lang='lat' dir='ltr'>dolore</span> <span class='ocrx_word' id='word_1_445' title='bbox 2728 2048 2916 2111; x_wconf 78' lang='lat' dir='ltr'>afﬁcis</span> <span class='ocrx_word' id='word_1_446' title='bbox 2944 2068 3053 2130; x_wconf 81' lang='lat' dir='ltr'>per</span> <span class='ocrx_word' id='word_1_447' title='bbox 3071 2049 3327 2112; x_wconf 87' lang='lat' dir='ltr'>futuram</span> <span class='ocrx_word' id='word_1_448' title='bbox 3351 2050 3723 2112; x_wconf 84' lang='lat' dir='ltr'>orbationem</span> <span class='ocrx_word' id='word_1_449' title='bbox 3745 2047 3866 2109; x_wconf 82' lang='lat' dir='ltr'>tui?</span> 
     </span>
    </p>
   </div>
   <div class='ocr_carea' id='block_1_62' title="bbox 2221 2136 3868 2216">
    <p class='ocr_par' dir='ltr' id='par_1_62' title="bbox 2221 2136 3868 2216">
     <span class='ocr_line' id='line_1_62' title="bbox 2221 2136 3868 2216; baseline -0.001 -18"><span class='ocrx_word' id='word_1_450' title='bbox 2221 2137 2297 2198; x_wconf 87' lang='lat' dir='ltr'>Et</span> <span class='ocrx_word' id='word_1_451' title='bbox 2324 2136 2656 2216; x_wconf 89' lang='lat' dir='ltr'>apostolus:</span> <span class='ocrx_word' id='word_1_452' title='bbox 2690 2137 2819 2199; x_wconf 89' lang='lat' dir='ltr'>Non</span> <span class='ocrx_word' id='word_1_453' title='bbox 2866 2138 3099 2211; x_wconf 91' lang='lat' dir='ltr'>ridebo,</span> <span class='ocrx_word' id='word_1_454' title='bbox 3143 2138 3484 2212; x_wconf 86' lang='lat' dir='ltr'>Stratocles,</span> <span class='ocrx_word' id='word_1_455' title='bbox 3516 2137 3780 2200; x_wconf 89' lang='lat' dir='ltr'>occultas</span> <span class='ocrx_word' id='word_1_456' title='bbox 3808 2143 3868 2198; x_wconf 87' lang='lat' dir='ltr'>et</span> 
     </span>
    </p>
   </div>
   <div class='ocr_carea' id='block_1_63' title="bbox 2221 2224 3865 2306">
    <p class='ocr_par' dir='ltr' id='par_1_63' title="bbox 2221 2224 3865 2306">
     <span class='ocr_line' id='line_1_63' title="bbox 2221 2224 3865 2306; baseline 0.001 -21"><span class='ocrx_word' id='word_1_457' title='bbox 2221 2224 2464 2287; x_wconf 91' lang='lat' dir='ltr'>callidas</span> <span class='ocrx_word' id='word_1_458' title='bbox 2485 2226 2902 2306; x_wconf 87' lang='lat' dir='ltr'>cogitationum</span> <span class='ocrx_word' id='word_1_459' title='bbox 2928 2228 3186 2305; x_wconf 60' lang='lat' dir='ltr'>[Egeatis</span> <span class='ocrx_word' id='word_1_460' title='bbox 3209 2227 3492 2291; x_wconf 84' lang='lat' dir='ltr'>insidias?</span> <span class='ocrx_word' id='word_1_461' title='bbox 3533 2227 3682 2301; x_wconf 85' lang='lat' dir='ltr'>Quia</span> <span class='ocrx_word' id='word_1_462' title='bbox 3704 2227 3865 2289; x_wconf 91' lang='lat' dir='ltr'>enim</span> 
     </span>
    </p>
   </div>
   <div class='ocr_carea' id='block_1_64' title="bbox 2221 2314 3867 2398">
    <p class='ocr_par' dir='ltr' id='par_1_64' title="bbox 2221 2314 3867 2398">
     <span class='ocr_line' id='line_1_64' title="bbox 2221 2314 3867 2398; baseline 0.002 -25"><span class='ocrx_word' id='word_1_463' title='bbox 2221 2331 2338 2374; x_wconf 88' lang='lat' dir='ltr'>non</span> <span class='ocrx_word' id='word_1_464' title='bbox 2357 2314 2523 2393; x_wconf 79' lang='lat' dir='ltr'>juxta</span> <span class='ocrx_word' id='word_1_465' title='bbox 2545 2334 2811 2377; x_wconf 87' lang='lat' dir='ltr'>normam</span> <span class='ocrx_word' id='word_1_466' title='bbox 2838 2318 2999 2377; x_wconf 90' lang='lat' dir='ltr'>cruci</span> <span class='ocrx_word' id='word_1_467' title='bbox 3024 2318 3230 2378; x_wconf 84' lang='lat' dir='ltr'>afﬁxus</span> <span class='ocrx_word' id='word_1_468' title='bbox 3267 2336 3423 2398; x_wconf 89' lang='lat' dir='ltr'>sum,</span> <span class='ocrx_word' id='word_1_469' title='bbox 3457 2317 3639 2397; x_wconf 90' lang='lat' dir='ltr'>magis</span> <span class='ocrx_word' id='word_1_470' title='bbox 3669 2316 3867 2397; x_wconf 91' lang='lat' dir='ltr'>puniri</span> 
     </span>
    </p>
   </div>
   <div class='ocr_carea' id='block_1_65' title="bbox 2221 2402 3868 2485">
    <p class='ocr_par' dir='ltr' id='par_1_65' title="bbox 2221 2402 3868 2485">
     <span class='ocr_line' id='line_1_65' title="bbox 2221 2402 3868 2485; baseline 0.002 -23"><span class='ocrx_word' id='word_1_471' title='bbox 2221 2421 2329 2463; x_wconf 92' lang='lat' dir='ltr'>nos</span> <span class='ocrx_word' id='word_1_472' title='bbox 2350 2402 2690 2478; x_wconf 86' lang='lat' dir='ltr'>arbitratur,</span> <span class='ocrx_word' id='word_1_473' title='bbox 2716 2405 2996 2483; x_wconf 83' lang='lat' dir='ltr'>ignorans</span> <span class='ocrx_word' id='word_1_474' title='bbox 3016 2404 3342 2485; x_wconf 90' lang='lat' dir='ltr'>impunitos</span> <span class='ocrx_word' id='word_1_475' title='bbox 3364 2423 3605 2467; x_wconf 90' lang='lat' dir='ltr'>manere</span> <span class='ocrx_word' id='word_1_476' title='bbox 3630 2423 3738 2467; x_wconf 91' lang='lat' dir='ltr'>nos</span> <span class='ocrx_word' id='word_1_477' title='bbox 3759 2423 3868 2485; x_wconf 91' lang='lat' dir='ltr'>per</span> 
     </span>
    </p>
   </div>
   <div class='ocr_carea' id='block_1_66' title="bbox 2220 2489 3866 2574">
    <p class='ocr_par' dir='ltr' id='par_1_66' title="bbox 2220 2489 3866 2574">
     <span class='ocr_line' id='line_1_66' title="bbox 2220 2489 3866 2574; baseline 0.003 -25"><span class='ocrx_word' id='word_1_478' title='bbox 2220 2489 2595 2552; x_wconf 90' lang='lat' dir='ltr'>dilectionem</span> <span class='ocrx_word' id='word_1_479' title='bbox 2618 2492 2691 2553; x_wconf 91' lang='lat' dir='ltr'>ad</span> <span class='ocrx_word' id='word_1_480' title='bbox 2724 2492 3046 2556; x_wconf 87' lang='lat' dir='ltr'>Christum.</span> <span class='ocrx_word' id='word_1_481' title='bbox 3072 2492 3143 2554; x_wconf 90' lang='lat' dir='ltr'>Et</span> <span class='ocrx_word' id='word_1_482' title='bbox 3163 2493 3475 2573; x_wconf 89' lang='lat' dir='ltr'>respondit</span> <span class='ocrx_word' id='word_1_483' title='bbox 3493 2495 3741 2574; x_wconf 87' lang='lat' dir='ltr'>loquens</span> <span class='ocrx_word' id='word_1_484' title='bbox 3762 2512 3866 2574; x_wconf 88' lang='lat' dir='ltr'>po-</span> 
     </span>
    </p>
   </div>
   <div class='ocr_carea' id='block_1_67' title="bbox 2223 2578 3860 2660">
    <p class='ocr_par' dir='ltr' id='par_1_67' title="bbox 2223 2578 3860 2660">
     <span class='ocr_line' id='line_1_67' title="bbox 2223 2578 3860 2660; baseline 0.002 -22"><span class='ocrx_word' id='word_1_485' title='bbox 2223 2580 2401 2657; x_wconf 91' lang='lat' dir='ltr'>pulo:</span> <span class='ocrx_word' id='word_1_486' title='bbox 2463 2578 2588 2641; x_wconf 87' lang='lat' dir='ltr'>Viri</span> <span class='ocrx_word' id='word_1_487' title='bbox 2619 2581 2720 2660; x_wconf 91' lang='lat' dir='ltr'>qui</span> <span class='ocrx_word' id='word_1_488' title='bbox 2750 2580 2857 2643; x_wconf 90' lang='lat' dir='ltr'>hic</span> <span class='ocrx_word' id='word_1_489' title='bbox 2877 2581 3120 2654; x_wconf 90' lang='lat' dir='ltr'>adestis,</span> <span class='ocrx_word' id='word_1_490' title='bbox 3179 2582 3464 2644; x_wconf 88' lang='lat' dir='ltr'>mulieres</span> <span class='ocrx_word' id='word_1_491' title='bbox 3495 2591 3554 2644; x_wconf 92' lang='lat' dir='ltr'>et</span> <span class='ocrx_word' id='word_1_492' title='bbox 3584 2582 3860 2657; x_wconf 84' lang='lat' dir='ltr'>infantes,</span> 
     </span>
    </p>
   </div>
   <div class='ocr_carea' id='block_1_68' title="bbox 2222 2669 3864 2751">
    <p class='ocr_par' dir='ltr' id='par_1_68' title="bbox 2222 2669 3864 2751">
     <span class='ocr_line' id='line_1_68' title="bbox 2222 2669 3864 2751; baseline 0.001 -22"><span class='ocrx_word' id='word_1_493' title='bbox 2222 2685 2400 2730; x_wconf 91' lang='lat' dir='ltr'>senes</span> <span class='ocrx_word' id='word_1_494' title='bbox 2431 2677 2485 2729; x_wconf 93' lang='lat' dir='ltr'>et</span> <span class='ocrx_word' id='word_1_495' title='bbox 2511 2669 2787 2751; x_wconf 81' lang='lat' dir='ltr'>juvenes,</span> <span class='ocrx_word' id='word_1_496' title='bbox 2820 2669 2998 2732; x_wconf 89' lang='lat' dir='ltr'>liberi</span> <span class='ocrx_word' id='word_1_497' title='bbox 3020 2686 3077 2732; x_wconf 84' lang='lat' dir='ltr'>et</span> <span class='ocrx_word' id='word_1_498' title='bbox 3097 2670 3275 2751; x_wconf 88' lang='lat' dir='ltr'>servi,</span> <span class='ocrx_word' id='word_1_499' title='bbox 3299 2669 3497 2731; x_wconf 88' lang='lat' dir='ltr'>audite</span> <span class='ocrx_word' id='word_1_500' title='bbox 3520 2689 3637 2746; x_wconf 92' lang='lat' dir='ltr'>me,</span> <span class='ocrx_word' id='word_1_501' title='bbox 3666 2687 3864 2750; x_wconf 91' lang='lat' dir='ltr'>neque</span> 
     </span>
    </p>
   </div>
   <div class='ocr_carea' id='block_1_69' title="bbox 2220 2756 3863 2842">
    <p class='ocr_par' dir='ltr' id='par_1_69' title="bbox 2220 2756 3863 2842">
     <span class='ocr_line' id='line_1_69' title="bbox 2220 2756 3863 2842; baseline 0.002 -25"><span class='ocrx_word' id='word_1_502' title='bbox 2220 2756 2570 2819; x_wconf 76' lang='lat' dir='ltr'>adhaereatis</span> <span class='ocrx_word' id='word_1_503' title='bbox 2597 2758 2761 2820; x_wconf 87' lang='lat' dir='ltr'>inani</span> <span class='ocrx_word' id='word_1_504' title='bbox 2809 2759 3149 2840; x_wconf 86' lang='lat' dir='ltr'>deceptioni</span> <span class='ocrx_word' id='word_1_505' title='bbox 3205 2760 3515 2842; x_wconf 64' lang='lat' dir='ltr'>praeceptis</span> <span class='ocrx_word' id='word_1_506' title='bbox 3569 2760 3721 2838; x_wconf 72' lang='lat' dir='ltr'>vitae,</span> <span class='ocrx_word' id='word_1_507' title='bbox 3757 2758 3863 2822; x_wconf 90' lang='lat' dir='ltr'>sed</span> 
     </span>
    </p>
   </div>
   <div class='ocr_carea' id='block_1_70' title="bbox 2223 2845 3862 2929">
    <p class='ocr_par' dir='ltr' id='par_1_70' title="bbox 2223 2845 3862 2929">
     <span class='ocr_line' id='line_1_70' title="bbox 2223 2845 3862 2929; baseline 0.001 -22"><span class='ocrx_word' id='word_1_508' title='bbox 2223 2845 2415 2925; x_wconf 89' lang='lat' dir='ltr'>potius</span> <span class='ocrx_word' id='word_1_509' title='bbox 2427 2848 2804 2910; x_wconf 87' lang='lat' dir='ltr'>attendentes</span> <span class='ocrx_word' id='word_1_510' title='bbox 2815 2867 2922 2910; x_wconf 92' lang='lat' dir='ltr'>nos</span> <span class='ocrx_word' id='word_1_511' title='bbox 2937 2858 3180 2929; x_wconf 90' lang='lat' dir='ltr'>propter</span> <span class='ocrx_word' id='word_1_512' title='bbox 3192 2849 3505 2912; x_wconf 88' lang='lat' dir='ltr'>Dominum</span> <span class='ocrx_word' id='word_1_513' title='bbox 3518 2866 3862 2928; x_wconf 90' lang='lat' dir='ltr'>suspensos,</span> 
     </span>
    </p>
   </div>
   <div class='ocr_carea' id='block_1_71' title="bbox 2222 2936 3865 3020">
    <p class='ocr_par' dir='ltr' id='par_1_71' title="bbox 2222 2936 3865 3020">
     <span class='ocr_line' id='line_1_71' title="bbox 2222 2936 3865 3020; baseline 0.002 -26"><span class='ocrx_word' id='word_1_514' title='bbox 2222 2942 2279 2995; x_wconf 92' lang='lat' dir='ltr'>et</span> <span class='ocrx_word' id='word_1_515' title='bbox 2304 2936 2426 3015; x_wconf 88' lang='lat' dir='ltr'>jam</span> <span class='ocrx_word' id='word_1_516' title='bbox 2461 2955 2530 2999; x_wconf 88' lang='lat' dir='ltr'>ex</span> <span class='ocrx_word' id='word_1_517' title='bbox 2562 2939 2672 2999; x_wconf 87' lang='lat' dir='ltr'>hoc</span> <span class='ocrx_word' id='word_1_518' title='bbox 2703 2957 2954 3020; x_wconf 89' lang='lat' dir='ltr'>corpore</span> <span class='ocrx_word' id='word_1_519' title='bbox 2984 2940 3264 3001; x_wconf 83' lang='lat' dir='ltr'>exituros.</span> <span class='ocrx_word' id='word_1_520' title='bbox 3307 2938 3637 3000; x_wconf 88' lang='lat' dir='ltr'>Valedicite</span> <span class='ocrx_word' id='word_1_521' title='bbox 3668 2936 3865 2999; x_wconf 88' lang='lat' dir='ltr'>omni-</span> 
     </span>
    </p>
   </div>
   <div class='ocr_carea' id='block_1_72' title="bbox 2221 3023 3862 3103">
    <p class='ocr_par' dir='ltr' id='par_1_72' title="bbox 2221 3023 3862 3103">
     <span class='ocr_line' id='line_1_72' title="bbox 2221 3023 3862 3103; baseline 0.002 -19"><span class='ocrx_word' id='word_1_522' title='bbox 2221 3023 2330 3085; x_wconf 89' lang='lat' dir='ltr'>bus</span> <span class='ocrx_word' id='word_1_523' title='bbox 2362 3025 2679 3088; x_wconf 90' lang='lat' dir='ltr'>mundanis</span> <span class='ocrx_word' id='word_1_524' title='bbox 2709 3027 3047 3103; x_wconf 89' lang='lat' dir='ltr'>desideriis,</span> <span class='ocrx_word' id='word_1_525' title='bbox 3077 3036 3135 3090; x_wconf 91' lang='lat' dir='ltr'>et</span> <span class='ocrx_word' id='word_1_526' title='bbox 3163 3027 3524 3090; x_wconf 90' lang='lat' dir='ltr'>contemnite</span> <span class='ocrx_word' id='word_1_527' title='bbox 3553 3026 3862 3089; x_wconf 80' lang='lat' dir='ltr'>infandum</span> 
     </span>
    </p>
   </div>
   <div class='ocr_carea' id='block_1_73' title="bbox 2157 3111 3861 3197">
    <p class='ocr_par' dir='ltr' id='par_1_73' title="bbox 2157 3111 3861 3197">
     <span class='ocr_line' id='line_1_73' title="bbox 2157 3111 3861 3197; baseline 0.002 -24"><span class='ocrx_word' id='word_1_528' title='bbox 2157 3111 2199 3174; x_wconf 79' lang='grc' dir='ltr'>Ο</span> <span class='ocrx_word' id='word_1_529' title='bbox 2219 3111 2517 3175; x_wconf 89' lang='lat' dir='ltr'>idolorum</span> <span class='ocrx_word' id='word_1_530' title='bbox 2547 3117 2795 3197; x_wconf 87' lang='lat' dir='ltr'>cultum,</span> <span class='ocrx_word' id='word_1_531' title='bbox 2829 3125 2888 3179; x_wconf 86' lang='lat' dir='ltr'>et</span> <span class='ocrx_word' id='word_1_532' title='bbox 2920 3116 3211 3179; x_wconf 85' lang='lat' dir='ltr'>accurrite</span> <span class='ocrx_word' id='word_1_533' title='bbox 3241 3116 3315 3179; x_wconf 90' lang='lat' dir='ltr'>ad</span> <span class='ocrx_word' id='word_1_534' title='bbox 3345 3134 3541 3177; x_wconf 90' lang='lat' dir='ltr'>veram</span> <span class='ocrx_word' id='word_1_535' title='bbox 3572 3115 3861 3177; x_wconf 87' lang='lat' dir='ltr'>adoratio-</span> 
     </span>
    </p>
   </div>
   <div class='ocr_carea' id='block_1_74' title="bbox 2221 3203 3860 3286">
    <p class='ocr_par' dir='ltr' id='par_1_74' title="bbox 2221 3203 3860 3286">
     <span class='ocr_line' id='line_1_74' title="bbox 2221 3203 3860 3286; baseline 0.002 -25"><span class='ocrx_word' id='word_1_536' title='bbox 2221 3219 2358 3262; x_wconf 89' lang='lat' dir='ltr'>nem</span> <span class='ocrx_word' id='word_1_537' title='bbox 2386 3222 2506 3264; x_wconf 92' lang='lat' dir='ltr'>non</span> <span class='ocrx_word' id='word_1_538' title='bbox 2530 3204 2871 3266; x_wconf 89' lang='lat' dir='ltr'>mentientis</span> <span class='ocrx_word' id='word_1_539' title='bbox 2899 3205 3002 3268; x_wconf 91' lang='lat' dir='ltr'>Dei</span> <span class='ocrx_word' id='word_1_540' title='bbox 3027 3205 3238 3280; x_wconf 90' lang='lat' dir='ltr'>nostri,</span> <span class='ocrx_word' id='word_1_541' title='bbox 3269 3205 3551 3286; x_wconf 85' lang='lat' dir='ltr'>quoniam</span> <span class='ocrx_word' id='word_1_542' title='bbox 3582 3203 3710 3285; x_wconf 90' lang='lat' dir='ltr'>ipse</span> <span class='ocrx_word' id='word_1_543' title='bbox 3728 3223 3860 3265; x_wconf 92' lang='lat' dir='ltr'>cum</span> 
     </span>
    </p>
   </div>
   <div class='ocr_carea' id='block_1_75' title="bbox 2219 3288 3865 3374">
    <p class='ocr_par' dir='ltr' id='par_1_75' title="bbox 2219 3288 3865 3374">
     <span class='ocr_line' id='line_1_75' title="bbox 2219 3288 3865 3374; baseline 0.002 -24"><span class='ocrx_word' id='word_1_544' title='bbox 2219 3288 2392 3354; x_wconf 86' lang='lat' dir='ltr'>Patre</span> <span class='ocrx_word' id='word_1_545' title='bbox 2420 3300 2478 3353; x_wconf 89' lang='lat' dir='ltr'>et</span> <span class='ocrx_word' id='word_1_546' title='bbox 2505 3300 2709 3355; x_wconf 84' lang='lat' dir='ltr'>sancto</span> <span class='ocrx_word' id='word_1_547' title='bbox 2729 3293 2948 3374; x_wconf 78' lang='lat' dir='ltr'>Spiritu</span> <span class='ocrx_word' id='word_1_548' title='bbox 2978 3295 3195 3370; x_wconf 90' lang='lat' dir='ltr'>veniet,</span> <span class='ocrx_word' id='word_1_549' title='bbox 3231 3304 3289 3357; x_wconf 90' lang='lat' dir='ltr'>et</span> <span class='ocrx_word' id='word_1_550' title='bbox 3316 3294 3687 3355; x_wconf 90' lang='lat' dir='ltr'>mansionem</span> <span class='ocrx_word' id='word_1_551' title='bbox 3708 3292 3865 3373; x_wconf 90' lang='lat' dir='ltr'>apud</span> 
     </span>
    </p>
   </div>
   <div class='ocr_carea' id='block_1_76' title="bbox 2219 3380 3865 3446">
    <p class='ocr_par' dir='ltr' id='par_1_76' title="bbox 2219 3380 3865 3446">
     <span class='ocr_line' id='line_1_76' title="bbox 2219 3380 3865 3446; baseline 0.001 -6"><span class='ocrx_word' id='word_1_552' title='bbox 2219 3396 2326 3440; x_wconf 89' lang='lat' dir='ltr'>vos</span> <span class='ocrx_word' id='word_1_553' title='bbox 2346 3380 2543 3443; x_wconf 88' lang='lat' dir='ltr'>faciet.</span> <span class='ocrx_word' id='word_1_554' title='bbox 2576 3381 2842 3444; x_wconf 87' lang='lat' dir='ltr'>Excutite</span> <span class='ocrx_word' id='word_1_555' title='bbox 2871 3383 3202 3445; x_wconf 88' lang='lat' dir='ltr'>socordiam</span> <span class='ocrx_word' id='word_1_556' title='bbox 3235 3392 3294 3445; x_wconf 92' lang='lat' dir='ltr'>et</span> <span class='ocrx_word' id='word_1_557' title='bbox 3324 3382 3598 3446; x_wconf 89' lang='lat' dir='ltr'>tenebras</span> <span class='ocrx_word' id='word_1_558' title='bbox 3621 3382 3696 3442; x_wconf 90' lang='lat' dir='ltr'>de</span> <span class='ocrx_word' id='word_1_559' title='bbox 3728 3400 3865 3443; x_wconf 89' lang='lat' dir='ltr'>cor-</span> 
     </span>
    </p>
   </div>
   <div class='ocr_carea' id='block_1_77' title="bbox 2218 3467 3879 3545">
    <p class='ocr_par' dir='ltr' id='par_1_77' title="bbox 2218 3467 3879 3545">
     <span class='ocr_line' id='line_1_77' title="bbox 2218 3467 3879 3545; baseline 0.004 -17"><span class='ocrx_word' id='word_1_560' title='bbox 2218 3467 2393 3530; x_wconf 90' lang='lat' dir='ltr'>dibus</span> <span class='ocrx_word' id='word_1_561' title='bbox 2421 3471 2655 3545; x_wconf 88' lang='lat' dir='ltr'>vostris,</span> <span class='ocrx_word' id='word_1_562' title='bbox 2688 3477 2749 3531; x_wconf 89' lang='lat' dir='ltr'>et</span> <span class='ocrx_word' id='word_1_563' title='bbox 2802 3480 3073 3533; x_wconf 86' lang='lat' dir='ltr'>revocate</span> <span class='ocrx_word' id='word_1_564' title='bbox 3124 3472 3377 3533; x_wconf 91' lang='lat' dir='ltr'>alacrem</span> <span class='ocrx_word' id='word_1_565' title='bbox 3409 3470 3771 3545; x_wconf 87' lang='lat' dir='ltr'>virilitatem,</span> <span class='ocrx_word' id='word_1_566' title='bbox 3805 3478 3879 3535; x_wconf 81' lang='lat' dir='ltr'>et.</span> 
     </span>
    </p>
   </div>
   <div class='ocr_carea' id='block_1_78' title="bbox 2218 3555 3864 3640">
    <p class='ocr_par' dir='ltr' id='par_1_78' title="bbox 2218 3555 3864 3640">
     <span class='ocr_line' id='line_1_78' title="bbox 2218 3555 3864 3640; baseline 0.002 -25"><span class='ocrx_word' id='word_1_567' title='bbox 2218 3555 2712 3620; x_wconf 90' lang='lat' dir='ltr'>illuminationem</span> <span class='ocrx_word' id='word_1_568' title='bbox 2744 3559 2804 3619; x_wconf 89' lang='lat' dir='ltr'>in</span> <span class='ocrx_word' id='word_1_569' title='bbox 2834 3559 3172 3640; x_wconf 88' lang='lat' dir='ltr'>pectoribus</span> <span class='ocrx_word' id='word_1_570' title='bbox 3218 3559 3450 3622; x_wconf 88' lang='lat' dir='ltr'>vestris.</span> <span class='ocrx_word' id='word_1_571' title='bbox 3486 3558 3864 3638; x_wconf 79' lang='lat' dir='ltr'>Expergisci-</span> 
     </span>
    </p>
   </div>
   <div class='ocr_carea' id='block_1_79' title="bbox 2218 3645 3862 3726">
    <p class='ocr_par' dir='ltr' id='par_1_79' title="bbox 2218 3645 3862 3726">
     <span class='ocr_line' id='line_1_79' title="bbox 2218 3645 3862 3726; baseline -0.001 -20"><span class='ocrx_word' id='word_1_572' title='bbox 2218 3645 2389 3719; x_wconf 91' lang='lat' dir='ltr'>mini,</span> <span class='ocrx_word' id='word_1_573' title='bbox 2423 3655 2482 3708; x_wconf 93' lang='lat' dir='ltr'>et</span> <span class='ocrx_word' id='word_1_574' title='bbox 2507 3655 2658 3709; x_wconf 89' lang='lat' dir='ltr'>state</span> <span class='ocrx_word' id='word_1_575' title='bbox 2704 3648 2956 3709; x_wconf 88' lang='lat' dir='ltr'>succinti</span> <span class='ocrx_word' id='word_1_576' title='bbox 3014 3649 3248 3711; x_wconf 91' lang='lat' dir='ltr'>lumbos</span> <span class='ocrx_word' id='word_1_577' title='bbox 3298 3657 3522 3710; x_wconf 91' lang='lat' dir='ltr'>vestros</span> <span class='ocrx_word' id='word_1_578' title='bbox 3551 3645 3862 3726; x_wconf 67' lang='lat' dir='ltr'>inlaatitia,</span> 
     </span>
    </p>
   </div>
   <div class='ocr_carea' id='block_1_80' title="bbox 2219 3735 3867 3817">
    <p class='ocr_par' dir='ltr' id='par_1_80' title="bbox 2219 3735 3867 3817">
     <span class='ocr_line' id='line_1_80' title="bbox 2219 3735 3867 3817; baseline -0.001 -20"><span class='ocrx_word' id='word_1_579' title='bbox 2219 3742 2277 3797; x_wconf 89' lang='lat' dir='ltr'>et</span> <span class='ocrx_word' id='word_1_580' title='bbox 2306 3735 2596 3815; x_wconf 86' lang='lat' dir='ltr'>spirituali</span> <span class='ocrx_word' id='word_1_581' title='bbox 2626 3737 2810 3799; x_wconf 88' lang='lat' dir='ltr'>lorica</span> <span class='ocrx_word' id='word_1_582' title='bbox 2840 3738 3202 3801; x_wconf 87' lang='lat' dir='ltr'>circumdate</span> <span class='ocrx_word' id='word_1_583' title='bbox 3250 3745 3456 3817; x_wconf 87' lang='lat' dir='ltr'>pectus</span> <span class='ocrx_word' id='word_1_584' title='bbox 3487 3744 3766 3813; x_wconf 88' lang='lat' dir='ltr'>vestrum,</span> <span class='ocrx_word' id='word_1_585' title='bbox 3806 3748 3867 3795; x_wconf 85' lang='lat' dir='ltr'>et.</span> 
     </span>
    </p>
   </div>
   <div class='ocr_carea' id='block_1_81' title="bbox 2215 3823 3864 3909">
    <p class='ocr_par' dir='ltr' id='par_1_81' title="bbox 2215 3823 3864 3909">
     <span class='ocr_line' id='line_1_81' title="bbox 2215 3823 3864 3909; baseline 0 -26"><span class='ocrx_word' id='word_1_586' title='bbox 2215 3823 2480 3903; x_wconf 81' lang='lat' dir='ltr'>gladium</span> <span class='ocrx_word' id='word_1_587' title='bbox 2513 3825 2675 3886; x_wconf 92' lang='lat' dir='ltr'>verbi</span> <span class='ocrx_word' id='word_1_588' title='bbox 2704 3826 3085 3909; x_wconf 83' lang='lat' dir='ltr'>stringentes,</span> <span class='ocrx_word' id='word_1_589' title='bbox 3122 3826 3419 3907; x_wconf 68' lang='lat' dir='ltr'>praedicite</span> <span class='ocrx_word' id='word_1_590' title='bbox 3438 3823 3864 3886; x_wconf 90' lang='lat' dir='ltr'>carnaliadesi—</span> 
     </span>
    </p>
   </div>
   <div class='ocr_carea' id='block_1_82' title="bbox 2217 3910 3855 3995">
    <p class='ocr_par' dir='ltr' id='par_1_82' title="bbox 2217 3910 3855 3995">
     <span class='ocr_line' id='line_1_82' title="bbox 2217 3910 3855 3995; baseline -0.002 -21"><span class='ocrx_word' id='word_1_591' title='bbox 2217 3913 2384 3975; x_wconf 90' lang='lat' dir='ltr'>deria</span> <span class='ocrx_word' id='word_1_592' title='bbox 2412 3913 2486 3976; x_wconf 91' lang='lat' dir='ltr'>de</span> <span class='ocrx_word' id='word_1_593' title='bbox 2503 3914 2783 3977; x_wconf 92' lang='lat' dir='ltr'>cordibus</span> <span class='ocrx_word' id='word_1_594' title='bbox 2805 3918 3036 3992; x_wconf 90' lang='lat' dir='ltr'>vestris,</span> <span class='ocrx_word' id='word_1_595' title='bbox 3061 3926 3121 3979; x_wconf 92' lang='lat' dir='ltr'>et</span> <span class='ocrx_word' id='word_1_596' title='bbox 3150 3916 3303 3978; x_wconf 81' lang='lat' dir='ltr'>ﬁalis</span> <span class='ocrx_word' id='word_1_597' title='bbox 3334 3914 3466 3995; x_wconf 93' lang='lat' dir='ltr'>puri</span> <span class='ocrx_word' id='word_1_598' title='bbox 3496 3922 3555 3975; x_wconf 91' lang='lat' dir='ltr'>et</span> <span class='ocrx_word' id='word_1_599' title='bbox 3583 3910 3855 3994; x_wconf 90' lang='lat' dir='ltr'>perfecti.</span> 
     </span>
    </p>
   </div>
   <div class='ocr_carea' id='block_1_83' title="bbox 2216 4004 3864 4088">
    <p class='ocr_par' dir='ltr' id='par_1_83' title="bbox 2216 4004 3864 4088">
     <span class='ocr_line' id='line_1_83' title="bbox 2216 4004 3864 4088; baseline -0.001 -24"><span class='ocrx_word' id='word_1_600' title='bbox 2216 4012 2276 4064; x_wconf 90' lang='lat' dir='ltr'>et</span> <span class='ocrx_word' id='word_1_601' title='bbox 2304 4004 2434 4066; x_wconf 91' lang='lat' dir='ltr'>sine</span> <span class='ocrx_word' id='word_1_602' title='bbox 2462 4006 2725 4086; x_wconf 91' lang='lat' dir='ltr'>querela,</span> <span class='ocrx_word' id='word_1_603' title='bbox 2760 4015 2819 4069; x_wconf 93' lang='lat' dir='ltr'>et</span> <span class='ocrx_word' id='word_1_604' title='bbox 2846 4006 3410 4088; x_wconf 88' lang='lat' dir='ltr'>irreprehensibiles</span> <span class='ocrx_word' id='word_1_605' title='bbox 3439 4023 3586 4086; x_wconf 92' lang='lat' dir='ltr'>puro</span> <span class='ocrx_word' id='word_1_606' title='bbox 3611 4005 3736 4066; x_wconf 90' lang='lat' dir='ltr'>Deo</span> <span class='ocrx_word' id='word_1_607' title='bbox 3758 4021 3864 4062; x_wconf 91' lang='lat' dir='ltr'>no-</span> 
     </span>
    </p>
   </div>
   <div class='ocr_carea' id='block_1_84' title="bbox 474 4091 2133 4178">
    <p class='ocr_par' dir='ltr' id='par_1_84' title="bbox 474 4091 2133 4178">
     <span class='ocr_line' id='line_1_84' title="bbox 474 4091 2133 4178; baseline 0.004 -32"><span class='ocrx_word' id='word_1_608' title='bbox 474 4091 590 4178; x_wconf 67' lang='grc' dir='ltr'>ἀπρ</span> <span class='ocrx_word' id='word_1_609' title='bbox 647 4095 752 4148; x_wconf 86' lang='grc' dir='ltr'>τῶν</span> <span class='ocrx_word' id='word_1_610' title='bbox 805 4091 1028 4172; x_wconf 82' lang='grc' dir='ltr'>καρδιῶν</span> <span class='ocrx_word' id='word_1_611' title='bbox 1098 4097 1265 4172; x_wconf 82' lang='grc' dir='ltr'>ὑμῶν,</span> <span class='ocrx_word' id='word_1_612' title='bbox 1327 4099 1417 4155; x_wconf 85' lang='grc' dir='ltr'>καὶ</span> <span class='ocrx_word' id='word_1_613' title='bbox 1475 4095 1763 4154; x_wconf 77' lang='grc' dir='ltr'>ἀναλάϐετε</span> <span class='ocrx_word' id='word_1_614' title='bbox 1813 4098 2133 4178; x_wconf 74' lang='grc' dir='ltr'>εὖπρόθυμον</span> 
     </span>
    </p>
   </div>
   <div class='ocr_carea' id='block_1_85' title="bbox 476 4177 2131 4265">
    <p class='ocr_par' dir='ltr' id='par_1_85' title="bbox 476 4177 2131 4265">
     <span class='ocr_line' id='line_1_85' title="bbox 476 4177 2131 4265; baseline 0.004 -32"><span class='ocrx_word' id='word_1_615' title='bbox 476 4177 721 4258; x_wconf 78' lang='grc' dir='ltr'>ἀνδρείαν</span> <span class='ocrx_word' id='word_1_616' title='bbox 775 4183 866 4237; x_wconf 84' lang='grc' dir='ltr'>καὶ</span> <span class='ocrx_word' id='word_1_617' title='bbox 920 4185 1179 4261; x_wconf 75' lang='grc' dir='ltr'>φοτισμὸν</span> <span class='ocrx_word' id='word_1_618' title='bbox 1220 4184 1276 4241; x_wconf 85' lang='grc' dir='ltr'>ἐν</span> <span class='ocrx_word' id='word_1_619' title='bbox 1330 4199 1451 4249; x_wconf 76' lang='grc' dir='ltr'>ταῖς</span> <span class='ocrx_word' id='word_1_620' title='bbox 1508 4190 1715 4265; x_wconf 78' lang='grc' dir='ltr'>ψυχαῖς</span> <span class='ocrx_word' id='word_1_621' title='bbox 1772 4177 1943 4262; x_wconf 77' lang='grc' dir='ltr'>ὑμῶν.</span> <span class='ocrx_word' id='word_1_622' title='bbox 2006 4195 2131 4241; x_wconf 86' lang='grc' dir='ltr'>Διε-</span> 
     </span>
    </p>
   </div>
   <div class='ocr_carea' id='block_1_86' title="bbox 472 4267 2138 4356">
    <p class='ocr_par' dir='ltr' id='par_1_86' title="bbox 472 4267 2134 4356">
     <span class='ocr_line' id='line_1_86' title="bbox 472 4267 2134 4356; baseline 0.004 -33"><span class='ocrx_word' id='word_1_623' title='bbox 472 4267 703 4346; x_wconf 70' lang='grc' dir='ltr'>γὲρθητε</span> <span class='ocrx_word' id='word_1_624' title='bbox 759 4272 847 4327; x_wconf 85' lang='grc' dir='ltr'>καὶ</span> <span class='ocrx_word' id='word_1_625' title='bbox 902 4276 1065 4338; x_wconf 77' lang='grc' dir='ltr'>στῆτε</span> <span class='ocrx_word' id='word_1_626' title='bbox 1136 4274 1552 4353; x_wconf 79' lang='grc' dir='ltr'>περιεζωσμένοι</span> <span class='ocrx_word' id='word_1_627' title='bbox 1601 4277 1699 4339; x_wconf 69' lang='grc' dir='ltr'>τὰς</span> <span class='ocrx_word' id='word_1_628' title='bbox 1770 4277 1931 4356; x_wconf 78' lang='grc' dir='ltr'>ὀσφῦς</span> <span class='ocrx_word' id='word_1_629' title='bbox 1988 4276 2134 4350; x_wconf 80' lang='grc' dir='ltr'>ὑμῶν</span> 
     </span>
    </p>
   </div>
   <div class='ocr_carea' id='block_1_87' title="bbox 2219 4267 3864 4356">
    <p class='ocr_par' dir='ltr' id='par_1_87' title="bbox 2219 4268 3864 4352">
     <span class='ocr_line' id='line_1_87' title="bbox 2219 4268 3864 4352; baseline -0.002 -20"><span class='ocrx_word' id='word_1_630' title='bbox 2219 4271 2558 4333; x_wconf 86' lang='lat' dir='ltr'>cellentium</span> <span class='ocrx_word' id='word_1_631' title='bbox 2593 4271 2701 4336; x_wconf 93' lang='lat' dir='ltr'>Dei</span> <span class='ocrx_word' id='word_1_632' title='bbox 2758 4273 2943 4335; x_wconf 92' lang='lat' dir='ltr'>nostri</span> <span class='ocrx_word' id='word_1_633' title='bbox 2972 4273 3287 4345; x_wconf 89' lang='lat' dir='ltr'>donorum,</span> <span class='ocrx_word' id='word_1_634' title='bbox 3322 4290 3452 4352; x_wconf 62' lang='lat' dir='ltr'>qua;</span> <span class='ocrx_word' id='word_1_635' title='bbox 3484 4289 3593 4331; x_wconf 90' lang='lat' dir='ltr'>nec</span> <span class='ocrx_word' id='word_1_636' title='bbox 3625 4268 3864 4341; x_wconf 91' lang='lat' dir='ltr'>oculus,</span> 
     </span>
    </p>
   </div>
   <div class='ocr_carea' id='block_1_88' title="bbox 474 4356 2138 4458">
    <p class='ocr_par' dir='ltr' id='par_1_88' title="bbox 474 4356 2132 4458">
     <span class='ocr_line' id='line_1_88' title="bbox 474 4356 2132 4458; baseline 0.005 -47"><span class='ocrx_word' id='word_1_637' title='bbox 474 4356 536 4412; x_wconf 75' lang='grc' dir='ltr'>ἐν</span> <span class='ocrx_word' id='word_1_638' title='bbox 569 4357 925 4458; x_wconf 46' lang='grc' dir='ltr'>..εὐφροσύνῃ</span> <span class='ocrx_word' id='word_1_639' title='bbox 1009 4362 1099 4417; x_wconf 82' lang='grc' dir='ltr'>καὶ</span> <span class='ocrx_word' id='word_1_640' title='bbox 1173 4363 1267 4445; x_wconf 41' lang='lat' dir='ltr'>sui:</span> <span class='ocrx_word' id='word_1_641' title='bbox 1332 4370 1671 4439; x_wconf 84' lang='grc' dir='ltr'>πνευματικῷ</span> <span class='ocrx_word' id='word_1_642' title='bbox 1725 4365 1920 4444; x_wconf 84' lang='grc' dir='ltr'>θώρακι</span> <span class='ocrx_word' id='word_1_643' title='bbox 1977 4384 2132 4442; x_wconf 83' lang='grc' dir='ltr'>περι-</span> 
     </span>
    </p>
   </div>
   <div class='ocr_carea' id='block_1_89' title="bbox 2219 4356 3868 4458">
    <p class='ocr_par' dir='ltr' id='par_1_89' title="bbox 2222 4362 3868 4442">
     <span class='ocr_line' id='line_1_89' title="bbox 2222 4362 3868 4442; baseline -0.001 -22"><span class='ocrx_word' id='word_1_644' title='bbox 2222 4378 2329 4421; x_wconf 92' lang='lat' dir='ltr'>nec</span> <span class='ocrx_word' id='word_1_645' title='bbox 2354 4362 2537 4434; x_wconf 91' lang='lat' dir='ltr'>auris,</span> <span class='ocrx_word' id='word_1_646' title='bbox 2566 4380 2760 4442; x_wconf 90' lang='lat' dir='ltr'>neque</span> <span class='ocrx_word' id='word_1_647' title='bbox 2783 4380 2886 4424; x_wconf 93' lang='lat' dir='ltr'>cor</span> <span class='ocrx_word' id='word_1_648' title='bbox 2916 4380 3132 4442; x_wconf 86' lang='lat' dir='ltr'>capere</span> <span class='ocrx_word' id='word_1_649' title='bbox 3164 4370 3429 4442; x_wconf 88' lang='lat' dir='ltr'>possunt,</span> <span class='ocrx_word' id='word_1_650' title='bbox 3486 4378 3616 4441; x_wconf 65' lang='lat' dir='ltr'>quae</span> <span class='ocrx_word' id='word_1_651' title='bbox 3640 4376 3868 4440; x_wconf 74' lang='lat' dir='ltr'>praepa-</span> 
     </span>
    </p>
   </div>
   <div class='ocr_carea' id='block_1_90' title="bbox 475 4438 2138 4533">
    <p class='ocr_par' dir='ltr' id='par_1_90' title="bbox 475 4438 2136 4533">
     <span class='ocr_line' id='line_1_90' title="bbox 475 4438 2136 4533; baseline 0.008 -36"><span class='ocrx_word' id='word_1_652' title='bbox 475 4443 709 4526; x_wconf 69' lang='grc' dir='ltr'>φράξατε</span> <span class='ocrx_word' id='word_1_653' title='bbox 736 4449 879 4523; x_wconf 79' lang='grc' dir='ltr'>ὑμῶν</span> <span class='ocrx_word' id='word_1_654' title='bbox 922 4449 990 4504; x_wconf 73' lang='grc' dir='ltr'>τὰ</span> <span class='ocrx_word' id='word_1_655' title='bbox 1046 4448 1197 4529; x_wconf 82' lang='grc' dir='ltr'>στὲρν</span> <span class='ocrx_word' id='word_1_656' title='bbox 1313 4452 1402 4507; x_wconf 86' lang='grc' dir='ltr'>καὶ</span> <span class='ocrx_word' id='word_1_657' title='bbox 1456 4438 1556 4519; x_wconf 74' lang='grc' dir='ltr'>τὴν</span> <span class='ocrx_word' id='word_1_658' title='bbox 1614 4438 1885 4533; x_wconf 77' lang='grc' dir='ltr'>μάχαιραν</span> <span class='ocrx_word' id='word_1_659' title='bbox 1916 4460 2007 4510; x_wconf 85' lang='grc' dir='ltr'>τοῦ</span> <span class='ocrx_word' id='word_1_660' title='bbox 2048 4452 2136 4509; x_wconf 88' lang='grc' dir='ltr'>λό-</span> 
     </span>
    </p>
   </div>
   <div class='ocr_carea' id='block_1_91' title="bbox 2219 4438 3510 4533">
    <p class='ocr_par' dir='ltr' id='par_1_91' title="bbox 2220 4438 3510 4531">
     <span class='ocr_line' id='line_1_91' title="bbox 2220 4438 3510 4531; baseline -0.002 -22"><span class='ocrx_word' id='word_1_661' title='bbox 2220 4456 2425 4510; x_wconf 84' lang='lat' dir='ltr'>rantur</span> <span class='ocrx_word' id='word_1_662' title='bbox 2455 4448 2516 4510; x_wconf 94' lang='lat' dir='ltr'>in</span> <span class='ocrx_word' id='word_1_663' title='bbox 2548 4438 2899 4531; x_wconf 80' lang='lat' dir='ltr'>perpetuum</span> <span class='ocrx_word' id='word_1_664' title='bbox 2931 4438 3315 4529; x_wconf 80' lang='lat' dir='ltr'>diligentibus</span> <span class='ocrx_word' id='word_1_665' title='bbox 3347 4438 3510 4511; x_wconf 81' lang='lat' dir='ltr'>eum.</span> 
     </span>
    </p>
   </div>
   <div class='ocr_carea' id='block_1_92' title="bbox 474 4536 3871 4619">
    <p class='ocr_par' dir='ltr' id='par_1_92' title="bbox 474 4536 3871 4619">
     <span class='ocr_line' id='line_1_92' title="bbox 474 4536 3871 4619; baseline 0.001 -29"><span class='ocrx_word' id='word_1_666' title='bbox 474 4557 578 4613; x_wconf 87' lang='grc' dir='ltr'>γου</span> <span class='ocrx_word' id='word_1_667' title='bbox 608 4536 937 4611; x_wconf 74' lang='grc' dir='ltr'>σπασάμενοι</span> <span class='ocrx_word' id='word_1_668' title='bbox 974 4536 1236 4613; x_wconf 78' lang='grc' dir='ltr'>ἐκκόψατε</span> <span class='ocrx_word' id='word_1_669' title='bbox 1263 4540 1357 4603; x_wconf 83' lang='grc' dir='ltr'>τὰς</span> <span class='ocrx_word' id='word_1_670' title='bbox 1385 4541 1637 4618; x_wconf 77' lang='grc' dir='ltr'>σαρκικάς</span> <span class='ocrx_word' id='word_1_671' title='bbox 1666 4540 1938 4617; x_wconf 83' lang='grc' dir='ltr'>ἐπιθυμίας</span> <span class='ocrx_word' id='word_1_672' title='bbox 1969 4541 2074 4598; x_wconf 82' lang='grc' dir='ltr'>ἀπὸ</span> <span class='ocrx_word' id='word_1_673' title='bbox 2101 4548 2204 4598; x_wconf 88' lang='grc' dir='ltr'>τῶν</span> <span class='ocrx_word' id='word_1_674' title='bbox 2222 4538 2448 4619; x_wconf 85' lang='grc' dir='ltr'>καρδιῶν</span> <span class='ocrx_word' id='word_1_675' title='bbox 2463 4540 2633 4616; x_wconf 80' lang='grc' dir='ltr'>ὑμῶν,</span> <span class='ocrx_word' id='word_1_676' title='bbox 2666 4541 2754 4596; x_wconf 82' lang='grc' dir='ltr'>καὶ</span> <span class='ocrx_word' id='word_1_677' title='bbox 2782 4541 2982 4619; x_wconf 83' lang='grc' dir='ltr'>γίνεσθε</span> <span class='ocrx_word' id='word_1_678' title='bbox 3008 4542 3222 4619; x_wconf 80' lang='grc' dir='ltr'>καθαροὶ</span> <span class='ocrx_word' id='word_1_679' title='bbox 3250 4540 3339 4597; x_wconf 83' lang='grc' dir='ltr'>καὶ</span> <span class='ocrx_word' id='word_1_680' title='bbox 3357 4537 3574 4612; x_wconf 76' lang='grc' dir='ltr'>τέλειοι,</span> <span class='ocrx_word' id='word_1_681' title='bbox 3600 4536 3871 4612; x_wconf 78' lang='grc' dir='ltr'>ἄμεμπτοί</span> 
     </span>
    </p>
   </div>
   <div class='ocr_carea' id='block_1_93' title="bbox 477 4622 3870 4709">
    <p class='ocr_par' dir='ltr' id='par_1_93' title="bbox 477 4622 3870 4709">
     <span class='ocr_line' id='line_1_93' title="bbox 477 4622 3870 4709; baseline 0 -30"><span class='ocrx_word' id='word_1_682' title='bbox 477 4645 542 4679; x_wconf 88' lang='grc' dir='ltr'>τε</span> <span class='ocrx_word' id='word_1_683' title='bbox 570 4626 662 4680; x_wconf 83' lang='grc' dir='ltr'>καὶ</span> <span class='ocrx_word' id='word_1_684' title='bbox 689 4624 1037 4693; x_wconf 80' lang='grc' dir='ltr'>ἀνεπίληπτοι</span> <span class='ocrx_word' id='word_1_685' title='bbox 1062 4634 1138 4702; x_wconf 81' lang='grc' dir='ltr'>τῷ</span> <span class='ocrx_word' id='word_1_686' title='bbox 1168 4631 1377 4707; x_wconf 84' lang='grc' dir='ltr'>καθαρῷ</span> <span class='ocrx_word' id='word_1_687' title='bbox 1408 4635 1524 4704; x_wconf 86' lang='grc' dir='ltr'>Θεῷ</span> <span class='ocrx_word' id='word_1_688' title='bbox 1551 4630 1726 4706; x_wconf 76' lang='grc' dir='ltr'>ἡμῶν.</span> <span class='ocrx_word' id='word_1_689' title='bbox 1764 4622 2031 4709; x_wconf 73' lang='grc' dir='ltr'>Ἀγνίσοτε</span> <span class='ocrx_word' id='word_1_690' title='bbox 2062 4632 2274 4693; x_wconf 83' lang='grc' dir='ltr'>ἑαυτοὺς</span> <span class='ocrx_word' id='word_1_691' title='bbox 2314 4631 2403 4685; x_wconf 85' lang='grc' dir='ltr'>καὶ</span> <span class='ocrx_word' id='word_1_692' title='bbox 2449 4633 2550 4696; x_wconf 73' lang='grc' dir='ltr'>τῆς</span> <span class='ocrx_word' id='word_1_693' title='bbox 2607 4631 2760 4705; x_wconf 74' lang='grc' dir='ltr'>ἡμῶν</span> <span class='ocrx_word' id='word_1_694' title='bbox 2817 4628 3146 4693; x_wconf 83' lang='grc' dir='ltr'>διδασκαλίας</span> <span class='ocrx_word' id='word_1_695' title='bbox 3204 4630 3281 4704; x_wconf 77' lang='grc' dir='ltr'>μὴ</span> <span class='ocrx_word' id='word_1_696' title='bbox 3312 4628 3733 4686; x_wconf 79' lang='grc' dir='ltr'>ἐπιλανθανεσθε.</span> <span class='ocrx_word' id='word_1_697' title='bbox 3772 4626 3870 4681; x_wconf 88' lang='grc' dir='ltr'>Διά</span> 
     </span>
    </p>
   </div>
   <div class='ocr_carea' id='block_1_94' title="bbox 476 4713 3867 4799">
    <p class='ocr_par' dir='ltr' id='par_1_94' title="bbox 476 4713 3867 4799">
     <span class='ocr_line' id='line_1_94' title="bbox 476 4713 3867 4799; baseline 0 -30"><span class='ocrx_word' id='word_1_698' title='bbox 476 4723 648 4772; x_wconf 84' lang='grc' dir='ltr'>ταῦτα</span> <span class='ocrx_word' id='word_1_699' title='bbox 675 4715 773 4794; x_wconf 77' lang='grc' dir='ltr'>γὰρ</span> <span class='ocrx_word' id='word_1_700' title='bbox 804 4713 1127 4794; x_wconf 83' lang='grc' dir='ltr'>κληρονόμοι</span> <span class='ocrx_word' id='word_1_701' title='bbox 1156 4718 1438 4795; x_wconf 71' lang='grc' dir='ltr'>γενήσεσθε</span> <span class='ocrx_word' id='word_1_702' title='bbox 1465 4723 1571 4775; x_wconf 87' lang='grc' dir='ltr'>τῶν</span> <span class='ocrx_word' id='word_1_703' title='bbox 1603 4720 1739 4794; x_wconf 78' lang='grc' dir='ltr'>μήτε</span> <span class='ocrx_word' id='word_1_704' title='bbox 1768 4718 2023 4799; x_wconf 66' lang='grc' dir='ltr'>ὀφθαλμῷ</span> <span class='ocrx_word' id='word_1_705' title='bbox 2053 4721 2191 4795; x_wconf 80' lang='grc' dir='ltr'>μήτε</span> <span class='ocrx_word' id='word_1_706' title='bbox 2221 4719 2358 4795; x_wconf 76' lang='grc' dir='ltr'>ἀκοῇ</span> <span class='ocrx_word' id='word_1_707' title='bbox 2388 4719 2523 4794; x_wconf 82' lang='grc' dir='ltr'>μήτε</span> <span class='ocrx_word' id='word_1_708' title='bbox 2577 4717 2760 4797; x_wconf 76' lang='grc' dir='ltr'>καρδίᾳ</span> <span class='ocrx_word' id='word_1_709' title='bbox 2816 4718 3036 4787; x_wconf 86' lang='grc' dir='ltr'>ληπτῶν</span> <span class='ocrx_word' id='word_1_710' title='bbox 3090 4718 3406 4797; x_wconf 78' lang='grc' dir='ltr'>παναγάθων</span> <span class='ocrx_word' id='word_1_711' title='bbox 3434 4723 3526 4773; x_wconf 85' lang='grc' dir='ltr'>τοῦ</span> <span class='ocrx_word' id='word_1_712' title='bbox 3557 4722 3687 4771; x_wconf 88' lang='grc' dir='ltr'>Θεοῦ</span> <span class='ocrx_word' id='word_1_713' title='bbox 3713 4716 3867 4792; x_wconf 77' lang='grc' dir='ltr'>ἡμῶν</span> 
     </span>
    </p>
   </div>
   <div class='ocr_carea' id='block_1_95' title="bbox 474 4799 2154 4885">
    <p class='ocr_par' dir='ltr' id='par_1_95' title="bbox 474 4799 2154 4885">
     <span class='ocr_line' id='line_1_95' title="bbox 474 4799 2154 4885; baseline 0.005 -28"><span class='ocrx_word' id='word_1_714' title='bbox 474 4799 713 4883; x_wconf 85' lang='grc' dir='ltr'>δωρεῶν,</span> <span class='ocrx_word' id='word_1_715' title='bbox 745 4810 850 4860; x_wconf 92' lang='grc' dir='ltr'>τῶν</span> <span class='ocrx_word' id='word_1_716' title='bbox 878 4817 995 4868; x_wconf 77' lang='grc' dir='ltr'>τοῖς</span> <span class='ocrx_word' id='word_1_717' title='bbox 1024 4805 1300 4883; x_wconf 87' lang='grc' dir='ltr'>ἀγαπῶσιν</span> <span class='ocrx_word' id='word_1_718' title='bbox 1330 4807 1485 4863; x_wconf 79' lang='grc' dir='ltr'>αὐτὸν</span> <span class='ocrx_word' id='word_1_719' title='bbox 1515 4807 1586 4871; x_wconf 80' lang='grc' dir='ltr'>εἰς</span> <span class='ocrx_word' id='word_1_720' title='bbox 1616 4808 1696 4864; x_wconf 87' lang='grc' dir='ltr'>ἀεὶ</span> <span class='ocrx_word' id='word_1_721' title='bbox 1723 4808 2154 4885; x_wconf 79' lang='grc' dir='ltr'>ἡτοιμασμένων.</span> 
     </span>
    </p>
   </div>
   <div class='ocr_carea' id='block_1_96' title="bbox 564 4889 2138 4979">
    <p class='ocr_par' dir='ltr' id='par_1_96' title="bbox 564 4889 2134 4979">
     <span class='ocr_line' id='line_1_96' title="bbox 564 4889 2134 4979; baseline 0.003 -29"><span class='ocrx_word' id='word_1_722' title='bbox 564 4901 739 4950; x_wconf 80' lang='grc' dir='ltr'>Ταῦτα</span> <span class='ocrx_word' id='word_1_723' title='bbox 768 4889 1043 4957; x_wconf 80' lang='grc' dir='ltr'>διεξιόντος</span> <span class='ocrx_word' id='word_1_724' title='bbox 1098 4904 1191 4953; x_wconf 89' lang='grc' dir='ltr'>τοῦ</span> <span class='ocrx_word' id='word_1_725' title='bbox 1234 4894 1532 4955; x_wconf 84' lang='grc' dir='ltr'>ἀποστόλου</span> <span class='ocrx_word' id='word_1_726' title='bbox 1576 4898 1910 4978; x_wconf 74' lang='grc' dir='ltr'>νυχθῆμερον</span> <span class='ocrx_word' id='word_1_727' title='bbox 1938 4920 2134 4979; x_wconf 85' lang='grc' dir='ltr'>κρεμα-</span> 
     </span>
    </p>
   </div>
   <div class='ocr_carea' id='block_1_97' title="bbox 2219 4889 3869 4979">
    <p class='ocr_par' dir='ltr' id='par_1_97' title="bbox 2296 4891 3869 4977">
     <span class='ocr_line' id='line_1_97' title="bbox 2296 4891 3869 4977; baseline -0.001 -21"><span class='ocrx_word' id='word_1_728' title='bbox 2296 4893 2434 4956; x_wconf 67' lang='lat' dir='ltr'>Haec</span> <span class='ocrx_word' id='word_1_729' title='bbox 2462 4912 2599 4956; x_wconf 89' lang='lat' dir='ltr'>cum</span> <span class='ocrx_word' id='word_1_730' title='bbox 2662 4895 3032 4977; x_wconf 84' lang='lat' dir='ltr'>exposuisset</span> <span class='ocrx_word' id='word_1_731' title='bbox 3086 4894 3411 4975; x_wconf 90' lang='lat' dir='ltr'>apostolus,</span> <span class='ocrx_word' id='word_1_732' title='bbox 3474 4899 3649 4954; x_wconf 92' lang='lat' dir='ltr'>nocte</span> <span class='ocrx_word' id='word_1_733' title='bbox 3679 4899 3737 4953; x_wconf 92' lang='lat' dir='ltr'>et</span> <span class='ocrx_word' id='word_1_734' title='bbox 3768 4891 3869 4955; x_wconf 91' lang='lat' dir='ltr'>die</span> 
     </span>
    </p>
   </div>
   <div class='ocr_carea' id='block_1_98' title="bbox 473 4979 2138 5065">
    <p class='ocr_par' dir='ltr' id='par_1_98' title="bbox 473 4979 2132 5058">
     <span class='ocr_line' id='line_1_98' title="bbox 473 4979 2132 5058; baseline 0.004 -23"><span class='ocrx_word' id='word_1_735' title='bbox 473 4979 666 5058; x_wconf 78' lang='grc' dir='ltr'>μένου,</span> <span class='ocrx_word' id='word_1_736' title='bbox 698 4982 786 5037; x_wconf 75' lang='grc' dir='ltr'>καὶ</span> <span class='ocrx_word' id='word_1_737' title='bbox 831 4987 924 5037; x_wconf 87' lang='grc' dir='ltr'>τοῦ</span> <span class='ocrx_word' id='word_1_738' title='bbox 976 4979 1109 5041; x_wconf 89' lang='grc' dir='ltr'>λαοῦ</span> <span class='ocrx_word' id='word_1_739' title='bbox 1161 4980 1330 5051; x_wconf 75' lang='grc' dir='ltr'>ἡδέως</span> <span class='ocrx_word' id='word_1_740' title='bbox 1396 4984 1554 5041; x_wconf 77' lang='grc' dir='ltr'>αὐτοῦ</span> <span class='ocrx_word' id='word_1_741' title='bbox 1610 4984 1896 5052; x_wconf 79' lang='grc' dir='ltr'>ἀκούοντος</span> <span class='ocrx_word' id='word_1_742' title='bbox 1943 4990 2031 5044; x_wconf 84' lang='grc' dir='ltr'>καὶ</span> <span class='ocrx_word' id='word_1_743' title='bbox 2060 4989 2132 5050; x_wconf 82' lang='grc' dir='ltr'>εἰς</span> 
     </span>
    </p>
   </div>
   <div class='ocr_carea' id='block_1_99' title="bbox 2219 4979 3869 5065">
    <p class='ocr_par' dir='ltr' id='par_1_99' title="bbox 2219 4980 3869 5065">
     <span class='ocr_line' id='line_1_99' title="bbox 2219 4980 3869 5065; baseline -0.002 -21"><span class='ocrx_word' id='word_1_744' title='bbox 2219 5000 2566 5063; x_wconf 91' lang='lat' dir='ltr'>suspensus,</span> <span class='ocrx_word' id='word_1_745' title='bbox 2598 4993 2657 5045; x_wconf 94' lang='lat' dir='ltr'>et</span> <span class='ocrx_word' id='word_1_746' title='bbox 2703 4985 2952 5065; x_wconf 90' lang='lat' dir='ltr'>populus</span> <span class='ocrx_word' id='word_1_747' title='bbox 2998 5001 3134 5045; x_wconf 92' lang='lat' dir='ltr'>eum</span> <span class='ocrx_word' id='word_1_748' title='bbox 3192 4983 3459 5045; x_wconf 72' lang='lat' dir='ltr'>lzetanter</span> <span class='ocrx_word' id='word_1_749' title='bbox 3486 4980 3770 5055; x_wconf 90' lang='lat' dir='ltr'>audisset,</span> <span class='ocrx_word' id='word_1_750' title='bbox 3810 4989 3869 5041; x_wconf 93' lang='lat' dir='ltr'>et</span> 
     </span>
    </p>
   </div>
   <div class='ocr_carea' id='block_1_100' title="bbox 476 5069 2138 5153">
    <p class='ocr_par' dir='ltr' id='par_1_100' title="bbox 476 5069 2135 5153">
     <span class='ocr_line' id='line_1_100' title="bbox 476 5069 2135 5153; baseline 0.005 -28"><span class='ocrx_word' id='word_1_751' title='bbox 476 5069 761 5136; x_wconf 78' lang='grc' dir='ltr'>κατανύξιν</span> <span class='ocrx_word' id='word_1_752' title='bbox 830 5072 918 5126; x_wconf 84' lang='grc' dir='ltr'>καὶ</span> <span class='ocrx_word' id='word_1_753' title='bbox 988 5072 1245 5152; x_wconf 81' lang='grc' dir='ltr'>σύγχυσιν</span> <span class='ocrx_word' id='word_1_754' title='bbox 1303 5072 1515 5149; x_wconf 82' lang='grc' dir='ltr'>καρδίας</span> <span class='ocrx_word' id='word_1_755' title='bbox 1568 5073 1829 5153; x_wconf 62' lang='grc' dir='ltr'>ὲλθᾶντος,</span> <span class='ocrx_word' id='word_1_756' title='bbox 1902 5076 2135 5153; x_wconf 80' lang='grc' dir='ltr'>βλέπον-</span> 
     </span>
    </p>
   </div>
   <div class='ocr_carea' id='block_1_101' title="bbox 2219 5069 3864 5153">
    <p class='ocr_par' dir='ltr' id='par_1_101' title="bbox 2219 5069 3864 5152">
     <span class='ocr_line' id='line_1_101' title="bbox 2219 5069 3864 5152; baseline -0.002 -20"><span class='ocrx_word' id='word_1_757' title='bbox 2219 5071 2279 5132; x_wconf 95' lang='lat' dir='ltr'>in</span> <span class='ocrx_word' id='word_1_758' title='bbox 2312 5073 2829 5152; x_wconf 88' lang='lat' dir='ltr'>compunctionem</span> <span class='ocrx_word' id='word_1_759' title='bbox 2860 5080 2918 5134; x_wconf 91' lang='lat' dir='ltr'>et</span> <span class='ocrx_word' id='word_1_760' title='bbox 2947 5074 3006 5133; x_wconf 92' lang='lat' dir='ltr'>in</span> <span class='ocrx_word' id='word_1_761' title='bbox 3038 5071 3446 5133; x_wconf 92' lang='lat' dir='ltr'>confusionem</span> <span class='ocrx_word' id='word_1_762' title='bbox 3476 5069 3725 5150; x_wconf 89' lang='lat' dir='ltr'>spiritus</span> <span class='ocrx_word' id='word_1_763' title='bbox 3761 5088 3864 5130; x_wconf 90' lang='lat' dir='ltr'>ve-</span> 
     </span>
    </p>
   </div>
   <div class='ocr_carea' id='block_1_102' title="bbox 474 5157 2138 5242">
    <p class='ocr_par' dir='ltr' id='par_1_102' title="bbox 474 5159 2135 5242">
     <span class='ocr_line' id='line_1_102' title="bbox 474 5159 2135 5242; baseline 0.003 -26"><span class='ocrx_word' id='word_1_764' title='bbox 474 5178 571 5221; x_wconf 83' lang='grc' dir='ltr'>τες</span> <span class='ocrx_word' id='word_1_765' title='bbox 598 5159 663 5214; x_wconf 80' lang='grc' dir='ltr'>τὸ</span> <span class='ocrx_word' id='word_1_766' title='bbox 691 5170 939 5236; x_wconf 74' lang='grc' dir='ltr'>γενναῖον</span> <span class='ocrx_word' id='word_1_767' title='bbox 990 5164 1148 5219; x_wconf 75' lang='grc' dir='ltr'>αὖτοῦ</span> <span class='ocrx_word' id='word_1_768' title='bbox 1201 5166 1299 5230; x_wconf 80' lang='grc' dir='ltr'>τῆς</span> <span class='ocrx_word' id='word_1_769' title='bbox 1356 5159 1592 5241; x_wconf 90' lang='grc' dir='ltr'>ἀνδρείας</span> <span class='ocrx_word' id='word_1_770' title='bbox 1659 5166 1748 5220; x_wconf 85' lang='grc' dir='ltr'>καὶ</span> <span class='ocrx_word' id='word_1_771' title='bbox 1800 5166 1863 5221; x_wconf 81' lang='grc' dir='ltr'>τὸ</span> <span class='ocrx_word' id='word_1_772' title='bbox 1892 5165 2135 5242; x_wconf 77' lang='grc' dir='ltr'>ἀκαμπὲς</span> 
     </span>
    </p>
   </div>
   <div class='ocr_carea' id='block_1_103' title="bbox 2219 5157 3869 5242">
    <p class='ocr_par' dir='ltr' id='par_1_103' title="bbox 2219 5157 3869 5241">
     <span class='ocr_line' id='line_1_103' title="bbox 2219 5157 3869 5241; baseline -0.004 -15"><span class='ocrx_word' id='word_1_773' title='bbox 2219 5160 2427 5241; x_wconf 85' lang='lat' dir='ltr'>uisset,</span> <span class='ocrx_word' id='word_1_774' title='bbox 2460 5164 2728 5227; x_wconf 82' lang='lat' dir='ltr'>videntes</span> <span class='ocrx_word' id='word_1_775' title='bbox 2778 5178 3128 5241; x_wconf 80' lang='lat' dir='ltr'>generosam</span> <span class='ocrx_word' id='word_1_776' title='bbox 3187 5160 3317 5241; x_wconf 87' lang='lat' dir='ltr'>ejus</span> <span class='ocrx_word' id='word_1_777' title='bbox 3368 5157 3777 5220; x_wconf 86' lang='lat' dir='ltr'>fortitudinem</span> <span class='ocrx_word' id='word_1_778' title='bbox 3809 5164 3869 5220; x_wconf 90' lang='lat' dir='ltr'>et</span> 
     </span>
    </p>
   </div>
   <div class='ocr_carea' id='block_1_104' title="bbox 2215 4094 3860 4177">
    <p class='ocr_par' dir='ltr' id='par_1_104' title="bbox 2215 4094 3860 4177">
     <span class='ocr_line' id='line_1_104' title="bbox 2215 4094 3860 4177; baseline -0.001 -24"><span class='ocrx_word' id='word_1_779' title='bbox 2215 4101 2358 4155; x_wconf 90' lang='lat' dir='ltr'>stro.</span> <span class='ocrx_word' id='word_1_780' title='bbox 2394 4095 2667 4157; x_wconf 82' lang='lat' dir='ltr'>Mundate</span> <span class='ocrx_word' id='word_1_781' title='bbox 2697 4097 3107 4177; x_wconf 88' lang='lat' dir='ltr'>vosmetipsos,</span> <span class='ocrx_word' id='word_1_782' title='bbox 3139 4104 3199 4157; x_wconf 91' lang='lat' dir='ltr'>et</span> <span class='ocrx_word' id='word_1_783' title='bbox 3226 4094 3499 4157; x_wconf 89' lang='lat' dir='ltr'>doctrina</span> <span class='ocrx_word' id='word_1_784' title='bbox 3518 4102 3720 4155; x_wconf 87' lang='lat' dir='ltr'>nostra</span> <span class='ocrx_word' id='word_1_785' title='bbox 3739 4109 3860 4152; x_wconf 92' lang='lat' dir='ltr'>non</span> 
     </span>
    </p>
   </div>
   <div class='ocr_carea' id='block_1_105' title="bbox 2216 4180 3868 4263">
    <p class='ocr_par' dir='ltr' id='par_1_105' title="bbox 2216 4180 3868 4263">
     <span class='ocr_line' id='line_1_105' title="bbox 2216 4180 3868 4263; baseline -0.001 -22"><span class='ocrx_word' id='word_1_786' title='bbox 2216 4180 2397 4259; x_wconf 87' lang='lat' dir='ltr'>fugiat</span> <span class='ocrx_word' id='word_1_787' title='bbox 2419 4201 2452 4244; x_wconf 91' lang='lat' dir='ltr'>a</span> <span class='ocrx_word' id='word_1_788' title='bbox 2481 4182 2667 4245; x_wconf 88' lang='lat' dir='ltr'>vobis.</span> <span class='ocrx_word' id='word_1_789' title='bbox 2719 4183 2835 4245; x_wconf 89' lang='lat' dir='ltr'>Per</span> <span class='ocrx_word' id='word_1_790' title='bbox 2866 4185 2990 4247; x_wconf 75' lang='lat' dir='ltr'>hzec</span> <span class='ocrx_word' id='word_1_791' title='bbox 3019 4185 3177 4247; x_wconf 93' lang='lat' dir='ltr'>enim</span> <span class='ocrx_word' id='word_1_792' title='bbox 3212 4182 3375 4245; x_wconf 89' lang='lat' dir='ltr'>eritis</span> <span class='ocrx_word' id='word_1_793' title='bbox 3408 4180 3729 4263; x_wconf 90' lang='lat' dir='ltr'>participes</span> <span class='ocrx_word' id='word_1_794' title='bbox 3761 4198 3868 4241; x_wconf 84' lang='lat' dir='ltr'>ex-</span> 
     </span>
    </p>
   </div>
   <div class='ocr_carea' id='block_1_106' title="bbox 1895 5339 2420 5406">
    <p class='ocr_par' dir='ltr' id='par_1_106' title="bbox 1895 5339 2420 5406">
     <span class='ocr_line' id='line_1_106' title="bbox 1895 5339 2420 5406; baseline -0.006 -1"><span class='ocrx_word' id='word_1_795' title='bbox 1895 5339 2090 5405; x_wconf 78' lang='lat' dir='ltr'>Variae</span> <span class='ocrx_word' id='word_1_796' title='bbox 2114 5339 2420 5406; x_wconf 89' lang='lat' dir='ltr'>lectiones.</span> 
     </span>
    </p>
   </div>
   <div class='ocr_carea' id='block_1_107' title="bbox 567 5470 2138 5557">
    <p class='ocr_par' dir='ltr' id='par_1_107' title="bbox 567 5470 2135 5557">
     <span class='ocr_line' id='line_1_107' title="bbox 567 5470 2135 5557; baseline 0.004 -23"><span class='ocrx_word' id='word_1_797' title='bbox 567 5470 694 5557; x_wconf 67' lang='lat'>(62)</span> <span class='ocrx_word' id='word_1_798' title='bbox 750 5470 1170 5557; x_wconf 76' lang='lat' dir='ltr'>Exspectasses</span> <span class='ocrx_word' id='word_1_799' title='bbox 1218 5476 1554 5557; x_wconf 77' lang='grc' dir='ltr'>ᾇναπαύοντά</span> <span class='ocrx_word' id='word_1_800' title='bbox 1608 5498 1691 5539; x_wconf 84' lang='grc' dir='ltr'>σε.</span> <span class='ocrx_word' id='word_1_801' title='bbox 1749 5476 1870 5542; x_wconf 79' lang='lat' dir='ltr'>Gfr.</span> <span class='ocrx_word' id='word_1_802' title='bbox 1931 5473 2135 5542; x_wconf 73' lang='lat' dir='ltr'>tamen</span> 
     </span>
    </p>
   </div>
   <div class='ocr_carea' id='block_1_108' title="bbox 2219 5470 2684 5557">
    <p class='ocr_par' dir='ltr' id='par_1_108' title="bbox 2302 5473 2684 5557">
     <span class='ocr_line' id='line_1_108' title="bbox 2302 5473 2684 5557; baseline -0.021 -15"><span class='ocrx_word' id='word_1_803' title='bbox 2302 5478 2422 5557; x_wconf 88' lang='grc'>(65)</span> <span class='ocrx_word' id='word_1_804' title='bbox 2450 5485 2522 5534; x_wconf 89' lang='grc' dir='ltr'>Σε</span> <span class='ocrx_word' id='word_1_805' title='bbox 2550 5473 2684 5538; x_wconf 80' lang='lat' dir='ltr'>Vat.</span> 
     </span>
    </p>
   </div>
   <div class='ocr_carea' id='block_1_109' title="bbox 479 5550 2138 5656">
    <p class='ocr_par' dir='ltr' id='par_1_109' title="bbox 479 5550 1986 5656">
     <span class='ocr_line' id='line_1_109' title="bbox 479 5550 1986 5656; baseline 0.006 -44"><span class='ocrx_word' id='word_1_806' title='bbox 479 5550 1002 5656; x_wconf 42' lang='grc' dir='ltr'>ἱΠιξξὴκανξπαῦσεῖν</span> <span class='ocrx_word' id='word_1_807' title='bbox 1085 5563 1178 5615; x_wconf 83' lang='grc' dir='ltr'>τοῦ</span> <span class='ocrx_word' id='word_1_808' title='bbox 1207 5555 1376 5641; x_wconf 74' lang='grc' dir='ltr'>ὄχλου</span> <span class='ocrx_word' id='word_1_809' title='bbox 1397 5558 1578 5626; x_wconf 78' lang='grc' dir='ltr'>στάσις</span> <span class='ocrx_word' id='word_1_810' title='bbox 1610 5577 1670 5641; x_wconf 81' lang='lat' dir='ltr'>p.</span> <span class='ocrx_word' id='word_1_811' title='bbox 1703 5557 1775 5625; x_wconf 84' lang='grc'>81</span> <span class='ocrx_word' id='word_1_812' title='bbox 1810 5558 1852 5621; x_wconf 85' lang='lat' dir='ltr'>l.</span> <span class='ocrx_word' id='word_1_813' title='bbox 1885 5557 1986 5626; x_wconf 83' lang='lat'>30.</span> 
     </span>
    </p>
   </div>
   <div class='ocr_carea' id='block_1_110' title="bbox 2219 5550 2951 5656">
    <p class='ocr_par' dir='ltr' id='par_1_110' title="bbox 2305 5550 2951 5656">
     <span class='ocr_line' id='line_1_110' title="bbox 2305 5550 2951 5656; baseline 0.008 -44"><span class='ocrx_word' id='word_1_814' title='bbox 2464 5553 2792 5656; x_wconf 48' lang='grc' dir='ltr'>Σξρατοκλετ</span> <span class='ocrx_word' id='word_1_815' title='bbox 2819 5550 2951 5617; x_wconf 87' lang='lat' dir='ltr'>Vat.</span> 
     </span>
    </p>
   </div>
   <div class='ocr_carea' id='block_1_111' title="bbox 573 5631 3088 5715">
    <p class='ocr_par' dir='ltr' id='par_1_111' title="bbox 573 5631 3088 5715">
     <span class='ocr_line' id='line_1_111' title="bbox 573 5631 3088 5715; baseline 0.002 -24"><span class='ocrx_word' id='word_1_816' title='bbox 573 5632 694 5715; x_wconf 73' lang='grc'>(63)</span> <span class='ocrx_word' id='word_1_817' title='bbox 722 5634 929 5715; x_wconf 14' lang='grc' dir='ltr'>Αὒτοόςγ</span> <span class='ocrx_word' id='word_1_818' title='bbox 951 5636 1086 5700; x_wconf 85' lang='lat' dir='ltr'>Vat.</span> <span class='ocrx_word' id='word_1_819' title='bbox 1241 5631 1280 5641; x_wconf 60' lang='lat'>&quot;</span> <span class='ocrx_word' id='word_1_820' title='bbox 1611 5631 1630 5641; x_wconf 67' lang='grc'><em>’</em></span> <span class='ocrx_word' id='word_1_821' title='bbox 2303 5631 2430 5715; x_wconf 85' lang='grc'>(67)</span> <span class='ocrx_word' id='word_1_822' title='bbox 2485 5631 2606 5695; x_wconf 78' lang='grc' dir='ltr'>Ηδει</span> <span class='ocrx_word' id='word_1_823' title='bbox 2639 5634 2921 5713; x_wconf 74' lang='grc' dir='ltr'>μέλλοντες</span> <span class='ocrx_word' id='word_1_824' title='bbox 2953 5631 3088 5698; x_wconf 82' lang='lat' dir='ltr'>Vat.</span> 
     </span>
    </p>
   </div>
   <div class='ocr_carea' id='block_1_112' title="bbox 568 5713 1155 5800">
    <p class='ocr_par' dir='ltr' id='par_1_112' title="bbox 568 5713 1155 5800">
     <span class='ocr_line' id='line_1_112' title="bbox 568 5713 1155 5800; baseline 0.005 -24"><span class='ocrx_word' id='word_1_825' title='bbox 568 5713 695 5800; x_wconf 72' lang='grc' dir='ltr'>(δι)</span> <span class='ocrx_word' id='word_1_826' title='bbox 728 5714 993 5794; x_wconf 75' lang='grc' dir='ltr'>ἐμπνιον</span> <span class='ocrx_word' id='word_1_827' title='bbox 1023 5715 1155 5781; x_wconf 69' lang='grc' dir='ltr'>νει.</span> 
     </span>
    </p>
   </div>
  </div>
