4154 6410
277 369 399 436 258
1577 372 1980 440 EPIPHANII
2006 374 2356 446 MONAGHI
3540 381 3661 450 256

279 502 709 600 innelligentiae
733 506 1097 588 ﬁrmitatem,
1121 511 1181 600 et
1206 504 1372 600 verbi
1386 505 1837 600 abundantiam,
1864 510 1914 600 et

2005 514 2102 576 τῆς
2125 509 2362 600 ,διανοίας
2389 516 2478 573 καὶ
2527 516 2589 573 τὸ
2635 516 2772 575 πολὺ
2828 528 2920 580 τοῦ
2975 517 3136 599 λόγου
3177 519 3265 578 καὶ
3320 521 3384 577 τὸ
3413 517 3650 600 χρηστὸν

281 619 511 664 morum
542 597 922 687 probitatem,
959 605 1020 659 et
1047 595 1232 659 animi
1261 596 1672 678 constantiam,
1705 607 1764 659 et
1791 594 1914 676 spi-

2000 607 2092 657 τοῦ
2119 598 2273 667 ἤθους
2302 603 2481 660 καὶτὸ
2538 605 2781 669 εὒσταθές
2835 612 2934 675 τῆς
2994 594 3180 687 ψάχῆς
3237 608 3324 666 καὶ
3353 594 3650 686 τδίἓῶφρθν

277 692 430 753 ritus
460 686 857 768 prudentiam,
893 692 952 749 et
984 685 1197 748 mentis
1225 685 1627 773 stabilitatem,
1664 693 1723 748 et
1750 703 1914 764 argu-

1999 693 2094 743 τοῦ
2121 689 2420 764 πνεύματος
2478 692 2565 747 καὶ
2619 693 2680 748 τὸ
2734 691 2940 773 ἑδραῖον
2997 685 3108 754 τοῖ’)-
3134 701 3225 752 νοῦ
3282 695 3369 752 καὶ
3423 694 3485 751 τὸ
3514 685 3651 748 εἱλι-

279 764 663 843 mentationis
691 764 1120 853 sinceritatem,
1173 764 1647 854 indignati'sunt,
1681 781 1740 837 et
1771 791 1914 834 una-

2006 777 2176 855 xpw‘ab
2247 787 2339 838 τοῦ
2405 779 2686 858 λογισμοῦ,
2771 764 3231 861 ἀγανακτήσαντες
3323 779 3650 860 ὁμοθυμαδὸν

279 869 522 932 nimiter
551 865 897 929 festinantes
925 864 1224 936 abierunt?
1247 863 1319 925 ad
1354 862 1636 939 tribunal,
1669 862 1914 923 insimu-

2009 863 2316 932 σπεύδοντες
2387 868 2627 945 ἀπῄεσαν
2693 871 2766 934 εἷς
2821 873 2882 927 τὸ
2936 873 3085 948 βῆμα
3142 870 3507 934 καταϐοῶντες
3559 877 3652 929 τοῦ

277 958 469 1020 lantes
497 956 800 1036 Egeatem
833 964 894 1018 et
949 953 1258 1016 dicentes:
1321 954 1573 1016 Pravum
1594 951 1916 1032 judicium,

278 1047 620 1128 proconsul,
646 1045 798 1106 male
819 1042 1096 1117 statuisti,
1129 1041 1335 1121 inique
1360 1041 1668 1121 judicasti,
1701 1040 1922 1120 injusta

265 1127 495 1218 judicia
523 1142 644 1206 tua,
677 1134 895 1214 injuste
919 1132 1075 1209 regis
1093 1148 1328 1192 omnem
1345 1129 1652 1218 Achaiam,
1677 1127 1922 1208 indigna

275 1217 530 1289 Statuisti
561 1232 765 1286 contra
787 1221 1014 1301 justum
1047 1219 1374 1280 hominem.
1429 1217 1579 1291 Quid
1613 1218 1771 1278 enim
1805 1236 1917 1278 no-

274 1313 442 1377 cuit?
459 1313 565 1375 Vel
587 1311 724 1394 quid
748 1309 887 1372 fecit
903 1309 928 1369 Υ
951 1307 1117 1380 Quod
1139 1307 1334 1369 scelus
1351 1306 1684 1370 commisit?
1699 1305 1920 1370 Omnes

277 1419 388 1465 nos
417 1401 607 1482 laedis,
641 1408 760 1462 tota
814 1395 1019 1459 civitas
1065 1403 1489 1470 commovetur,
1525 1395 1719 1457 omnis
1749 1395 1918 1476 plebs

274 1491 565 1554 turbatur.
599 1490 688 1553 Ne
717 1486 954 1550 occidas
976 1486 1202 1566 justum
1237 1505 1254 1561 ;
1304 1484 1582 1564 daZnobis
1610 1485 1914 1546 hominem

275 1588 569 1660 sanctum,
607 1594 800 1658 neque
830 1574 1156 1636 interﬁcias
1210 1573 1514 1635 hominem
1546 1572 1913 1652 religiosum,

271 1687 307 1729 a
336 1667 567 1730 duobus
591 1683 744 1747 pene
761 1662 972 1726 diebus
993 1680 1374 1743 suspensum,
1401 1669 1459 1723 et
1473 1661 1668 1724 adhuc
1685 1661 1917 1741 spiran-

273 1768 416 1820 tem.
442 1759 573 1837 Ipse
595 1753 792 1818 cibum
818 1771 934 1813 non
961 1769 1224 1827 sumens,
1259 1768 1366 1812 nos
1392 1749 1586 1812 verbis
1607 1751 1732 1813 suis
1749 1750 1911 1812 aluit.

269 1845 342 1908 Et
370 1863 511 1908 ecce
541 1843 843 1906 credimus
894 1839 1017 1902 Deo
1075 1839 1147 1901 ab
1199 1857 1270 1901 eo
1302 1839 1641 1920 praedicato.
1674 1839 1918 1919 Depone

268 1935 519 2016 justum,
554 1940 614 1996 et
641 1948 850 1994 omnes
906 1936 1069 1991 recto
1126 1946 1368 2010 operam
1399 1927 1673 1990 dabimus
1707 1948 1722 1990 :
1758 1929 1918 1991 solve

274 2023 653 2105 prudentem,
688 2027 746 2082 et
773 2036 982 2081 omnes
1001 2021 1187 2078 Patrae
1216 2016 1404 2097 quieti
1435 2017 1696 2092 erimus;
1731 2016 1919 2079 libera

275 2112 534 2194 primum
557 2117 848 2182 vocatum,
869 2114 926 2168 et
949 2105 1142 2194 omnis
1163 2105 1388 2194 Achaia
1413 2122 1518 2186 per
1543 2113 1598 2167 te
1627 2105 1916 2168 liberabi-

275 2193 390 2265 tur.
415 2199 701 2264 Utautem
719 2196 974 2278 primum
995 2193 1218 2255 audivit
1250 2193 1546 2274 Egeates,
1579 2194 1767 2257 turbae
1797 2214 1914 2257 non

271 2290 624 2372 promisitse
640 2289 862 2366 justum
886 2282 1290 2372 absolutururn
1323 2302 1340 2359 ;
1380 2282 1486 2344 sed
1512 2282 1708 2363 potius
1737 2303 1916 2347 manu

271 2371 584 2453 annuebat
622 2383 685 2438 ut
715 2395 747 2437 e
777 2371 1055 2435 tribunali
1085 2371 1436 2433 recederent
1475 2391 1492 2447 ;
1559 2375 1722 2434 tanto
1753 2372 1914 2436 enim

273 2475 513 2548 stupore
539 2463 848 2546 perculsus
870 2469 958 2524 est
979 2460 1039 2522 in
1065 2461 1202 2536 hoc,
1233 2460 1439 2522 videns
1472 2461 1914 2526 multitudinem

269 2556 630 2630 venientem,
665 2560 728 2614 ιιὶ
759 2558 954 2613 mutus
985 2548 1309 2627 manserit;
1342 2548 1539 2612 furore
1567 2550 1780 2631 perciti
1811 2551 1917 2613 ali-

270 2645 413 2726 quid
445 2644 744 2706 audebant
774 2648 979 2702 contra
1008 2657 1146 2701 eum
1197 2638 1466 2719 exsequi,
1500 2646 1666 2700 erant
1697 2640 1916 2720 quippe

275 2739 524 2795 numero
545 2731 714 2812 quasi
739 2729 923 2791 mille.
947 2727 1272 2788 Proconsul
1296 2727 1692 2805 igituramens
1707 2729 1911 2803 factus,

273 2833 333 2885 et
352 2821 574 2886 veritus
590 2839 666 2881 ne
685 2817 825 2899 quid
858 2815 1204 2878 seditiosum
1246 2823 1565 2894 pateretur,
1599 2834 1850 2894 surgens
1884 2836 1917 2880 e

270 2909 553 2973 tribunali
583 2907 704 2969 ibat
725 2924 857 2969 cum
882 2904 1023 2985 illis,
1053 2903 1402 2984 promittens
1432 2923 1496 2966 se
1527 2903 1914 2967 liberaturum

264 3001 517 3080 justum.
555 2993 1004 3061 Prmveniebant
1033 2993 1212 3072 igitur
1267 2993 1421 3054 alter
1447 3001 1724 3070 alterum,
1758 3014 1912 3057 nun-

2012 955 2264 1033 Αἰγεάτου
2291 957 2379 1014 καὶ
2406 956 2648 1037 λέγοντες
2682 974 2699 991 ⁸
2761 961 2944 1028 Κακήν
2990 962 3158 1040 κρίσιν
3192 960 3335 1041 (68),
3368 959 3649 1036 ἀνθύπατε,

2003 1045 2180 1108 κακῶς
2237 1043 2500 1120 ἐδίκασας,
2558 1047 2794 1113 ἀνωσίως
2852 1046 3078 1128 ἔκρινας,
3138 1051 3417 1130 παράνομα
3469 1047 3538 1104 τὰ
3564 1047 3648 1104 δι-

2001 1135 2262 1215 καστήριά
2316 1159 2431 1210 σου,
2482 1135 2672 1201 ἀδίκως
2725 1135 2946 1202 διοικεϊς
3003 1141 3103 1207 τὴν
3152 1146 3326 1196 πᾶσαν
3384 1137 3644 1218 Ἀχαΐαν,

2002 1221 2222 1288 ἀναξίως
2279 1224 2536 1305 ἀπεφήνω
2586 1227 2722 1284 κατά
2775 1236 2866 1286 τοῦ
2922 1225 3118 1285 δικαίον
3173 1227 3380 1308 ἀνδρός.
3436 1227 3496 1285 Τί
3550 1227 3650 1304 γὰρ

1999 1309 2248 1379 ἠδίκησεν
2282 1333 2298 1394 ;
2351 1313 2388 1382 ἢ
2418 1315 2466 1370 τί
2495 1313 2742 1382 ἐποίησεν
2773 1334 2789 1396 ;
2849 1316 3003 1373 ποίαν
3033 1317 3290 1396 ἁμαρτίαν
3319 1315 3596 1396 εἰργάσατο
3630 1333 3647 1394 ς

1999 1403 2206 1466 Πάντας
2262 1405 2406 1478 ἡμᾶς
2481 1401 2707 1476 ἀδικεῖς,
2793 1411 2938 1462 πᾶσα
3014 1409 3049 1475 ἡ
3108 1405 3263 1470 πόλις
3328 1402 3646 1484 θορυϐεῖται,

1999 1497 2104 1555 πᾶς
2162 1493 2190 1548 6
2267 1490 2436 1568 δῆμος
2517 1494 2847 1573 ταράττεται.
2911 1498 3000 1562 Μὴ
3069 1496 3385 1572 ἀποκτείνῃς
3437 1495 3527 1550 τὸν
3583 1489 3653 1546 δί-

1997 1603 2148 1638 καιον
2181 1601 2197 1617 ·
2258 1583 2480 1662 χάρισαι
2536 1585 2672 1660 ἡμῖν
2750 1583 2908 1664 ἄνδρα
2992 1584 3134 1644 ὅσιον
3207 1588 3284 1663 μὴ
3354 1585 3410 1642 δὲ
3461 1581 3650 1658 ἀνέλῃς

1999 1668 2270 1749 ἄνθρωπον
2377 1668 2592 1746 εὐσεϐῆ,
2702 1669 2813 1730 δυσὶ
2921 1673 3114 1754 σχεδὸν
3215 1673 3437 1752 ἡμέραις
3533 1691 3654 1750 κρε-

1939 1760 2238 1855 Βμάμενον
2319 1762 2407 1855 καὶ
2489 1759 2566 1818 ἔτι
2637 1760 2952 1855 ἐμπνέοντα.
3036 1763 3204 1828 Αὐτὸς
3287 1766 3485 1842 τροφῆς
3570 1759 3647 1835 μὴ

2003 1849 2290 1928 μετασχὼν
2344 1850 2488 1924 ἡμᾶς
2557 1856 2661 1907 τῶν
2719 1848 2894 1928 λόγων
2967 1852 3124 1909 αὐτοῦ
3178 1851 3491 1932 ἐχόρτασεν.
3552 1849 3650 1907 Καὶ

2001 1935 2108 1994 ἰδοὺ
2164 1938 2479 2014 πιστεύομεν
2536 1945 2613 2013 τῷ
2682 1937 2770 1996 ὑπ’
2850 1943 3007 1999 αὐτοῦ
3079 1939 3454 2021 κηρυττομένῳ
3509 1943 3644 2012 Θεῷ.

1999 2024 2198 2084 Κάθελε
2277 2027 2368 2085 τὸν
2442 2024 2666 2109 δίκαιου,
2744 2030 2833 2086 καὶ
2919 2029 3112 2094 πάντες
3170 2028 3595 2110 φιλοσοφήσομεν
3630 2041 3646 2058 ⁶

1999 2113 2154 2173 λῦσον
2212 2117 2303 2174 τὸν
2359 2116 2623 2196 σώφρονα,
2705 2119 2793 2176 καὶ
2875 2118 2994 2176 ὅλαι
3060 2122 3113 2177 αἱ
3169 2121 3368 2200 Πάτραι
3424 2117 3652 2198 εἰρηνεύ-

1999 2225 2162 2280 σομεν
2193 2223 2210 2241 ο
2295 2204 2559 2262 ἀπόλυσον
2660 2207 2753 2264 τὸν
2853 2206 3257 2289 πρωτόκλητον,
3340 2208 3457 2289 καὶ,
3506 2212 3652 2264 πᾶσα

1998 2295 2033 2362 ἡ
2093 2291 2299 2374 Ἀχαία
2355 2293 2474 2375 (69)
2553 2294 2638 2355 διὰ
2717 2302 2809 2353 τοῦ
2887 2287 3379 2377 ἐλευθερωθήσεται.
3445 2287 3538 2360 Ὠς
3594 2294 3649 2352 δὲ

1999 2389 2184 2462 πρῶτα
2234 2385 2333 2460 μὲν
2391 2387 2723 2463 παρήκουσεν
2781 2388 2810 2443 6
2853 2389 3139 2468 Αἷγεάτης,
3199 2389 3276 2465 μὴ
3332 2386 3648 2466 ὑποσχόμε-

1999 2494 2087 2536 νος
2147 2479 2225 2547 τῷ
2269 2470 2421 2552 ὄχλῳ
2481 2471 2730 2530 ἀπολύειν
2792 2475 2883 2531 τόν
2949 2473 3172 2550 δίκαιον,
3243 2475 3380 2533 ἀλλὰ
3448 2473 3650 2551 μᾶλλον

1999 2559 2141 2618 ἔνευε
2196 2567 2264 2638 τῇ
2332 2562 2473 2641 χειρὶ
2516 2561 2820 2642 ἀναχωρεῖν
2863 2570 2956 2620 τοῦ
2999 2565 3240 2641 βήματος
3272 2581 3287 2596 ⁸
3333 2562 3648 2640 κατεπλάγη

1998 2651 2092 2729 γΞρ
2160 2656 2408 2708 τοσοῦτον
2482 2649 2565 2706 ἐπ’
2635 2650 2776 2724 αὒτῷ
2845 2651 3047 2720 πλῆθος
3103 2652 3252 2710 ἐπιὸν
3304 2654 3644 2728 θεσσάμενος,
3733 2708 3746 2718 ,

1996 2741 2084 2795 καὶ
2115 2735 2321 2818 ἄφωνος
2351 2738 2554 2814 ἔμεινεν
2587 2753 2604 2772 ⁹
2662 2743 2827 2817 θυμοῦ
2879 2740 3202 2808 πλησθέντες
3259 2741 3496 2818 ἐτόλμων
3524 2738 3650 2819 (70)

1997 2851 2046 2884 τι
2100 2829 2172 2893 εἷς
2229 2829 2384 2912 αὐτὸν
2442 2827 2841 2908 διαπράξασθαι,
2903 2829 3049 2894 ὄντες
3104 2833 3192 2889 τὸν
3251 2831 3468 2912 ἀριθμὸν
3525 2830 3650 2887 ὡσεὶ

1997 2915 2186 2996 χίλυοι,
2249 2907 2307 2975 Ὀ
2378 2917 2466 2973 οὗν
2537 2907 2828 2983 ἀνθύπατος
2901 2918 3146 2995 ἐμμανὴς
3223 2907 3504 2999 γενόμενος
3559 2918 3648 2974 καὶ

1997 3002 2200 3085 δεδιὼς,
2263 3006 2340 3081 μή
2396 3028 2448 3062 τι
2501 3008 2809 3085 νεωτερικὸν
2879 3009 3057 3074 πάθοι,
3119 3009 3348 3072 ἀναστὰς
3399 3008 3505 3064 ἀπὸ
3556 3011 3649 3062 τοῦ

270 3092 453 3150 tiante
482 3085 750 3166 apostolo
786 3093 846 3146 et
873 3083 1124 3177 reliquae
1155 3081 1524 3143 multitudini
1554 3102 1686 3164 quas
1717 3083 1914 3147 aderat

2007 3081 2247 3170 βήματος
2304 3093 2579 3172 ἐπορεύετο
2627 3081 2719 3151 σὺν
2776 3096 2982 3177 αὖτοῒς,
3049 3098 3466 3177 ὑπισχνούμενος
3517 3096 3649 3153 ἀπο-

271 3178 350 3254 ei,
383 3177 787 3258 signiﬁcantes
811 3192 988 3255 quam
1016 3173 1091 3235 ob
1122 3190 1358 3234 causam
1393 3174 1710 3254 proconsul
1741 3176 1914 3237 veni-

1999 3182 2148 3257 μύειν
2176 3183 2268 3238 τὸν
2323 3181 2542 3245 δίκαιον,
2604 3183 2930 3264 Προὲφθανον
2968 3173 3076 3243 ὀὗν
3134 3173 3294 3249 ἄλλος
3349 3187 3438 3242 τὸν
3468 3184 3645 3263 ἕτερον

270 3276 381 3330 ret.
414 3267 487 3330 Et
508 3286 642 3328 cum
663 3265 763 3327 ille
783 3263 1142 3354 advenisset,
1162 3262 1379 3354 “'aetata
1405 3271 1494 3354 est
1524 3263 1719 3354 omnis
1749 3265 1914 3327 turba

1997 3267 2422 3348 ἀπαγγέλλοντες
2466 3277 2542 3346 τῷ
2571 3262 2854 3346 ἀποστόλῳ
2909 3274 2998 3330 καὶ
3055 3280 3132 3349 τῷ
3174 3272 3346 3348 λοιπῷ
3375 3270 3527 3354 ὄχλῳ
3558 3262 3644 3347 ίτῷ

267 3355 698 3434 discipulorum
750 3371 884 3416 cum
938 3351 1280 3441 Maximilla,
1341 3359 1398 3413 et
1457 3352 1806 3433 Ephidamia
1856 3363 1914 3417 et

1995 3359 2352 3437 παρεστηκότι
2410 3362 2572 3434 αὐτῷ,
2624 3360 2911 3434 μηνύοντες
2974 3360 3104 3441 (71)
3154 3359 3221 3418 δι’
3273 3363 3337 3428 ἦν
3393 3351 3558 3418 αἷτίαν
3614 3363 3643 3417 6

269 3445 576 3509 Stratoc'e.
595 3443 856 3507 Audiens.
869 3450 1066 3504 autem
1081 3440 1285 3504 beatus
1314 3441 1582 3504 Andreas
1614 3443 1789 3524 coepit
1817 3444 1913 3505 di-

265 3552 434 3598 cere:
457 3534 504 3598 Ο
523 3553 731 3614 magna
753 3531 1034 3612 segnities
1057 3539 1116 3593 et
1135 3530 1538 3612 incredulitas,
1576 3539 1636 3593 et
1674 3533 1911 3614 simpli-

269 3625 414 3688 citas
445 3643 650 3688 eorum
684 3624 784 3703 qui
815 3641 848 3683 a
879 3639 973 3682 me
1004 3620 1193 3682 edocti
1220 3618 1387 3681 sunt!
1423 3619 1648 3692 Quanta
1680 3621 1911 3684 locutus

265 3732 456 3794 usque
479 3732 660 3786 nunc,
685 3729 804 3772 non
852 3708 1118 3789 persuasi
1150 3708 1377 3770 amicos
1426 3729 1611 3772 meos.
1647 3719 1709 3771 ut
1737 3711 1908 3790 fuge-

267 3811 404 3866 rent
434 3812 810 3865 terrenorum
842 3797 1215 3858 aﬂ‘ectionem
1252 3814 1268 3872 ;
1305 3797 1410 3859 sed
1442 3798 1635 3862 adhuc
1665 3800 1756 3862 his
1786 3800 1909 3861 vin-

265 3892 523 3966 ciuntur,
547 3897 604 3951 et
632 3889 692 3949 in
723 3887 797 3948 iis
830 3894 1093 3961 manent,
1132 3903 1244 3946 nec
1265 3886 1470 3948 volunt
1507 3887 1580 3949 ab
1617 3888 1704 3949 eis
1733 3908 1911 3969 sepa-

265 3980 418 4043 rari!
454 3978 595 4051 Quae
623 3976 754 4039 talis
785 3973 1066 4048 amicitia,
1107 3981 1164 4034 et
1187 3991 1374 4054 amor,
1400 3981 1458 4035 et
1478 3975 1734 4037 carnalis
1763 3978 1911 4038 atie-

266 4067 421 4130 ctio!
475 4066 794 4145 Quousque
820 4060 1140 4123 mundanis
1171 4068 1229 4121 et
1263 4062 1689 4142 temporalibus
1717 4065 1911 4126 adhaa-

264 4155 474 4218 rebilis
489 4158 518 4217 ‘2
540 4152 785 4226 Quando
811 4149 1050 4212 tandem
1078 4168 1207 4230 quae
1231 4167 1410 4230 supra
1430 4169 1529 4211 vos
1549 4159 1686 4213 sunt
1729 4151 1909 4214 intel-

265 4244 485 4322 ligetis,
518 4251 575 4305 et
591 4259 723 4323 quae
743 4240 860 4301 huc
884 4245 1021 4300 sunt
1043 4238 1498 4318 apprehendere
1510 4239 1906 4305 festinabitis?

1994 3447 2288 3512 ἀνθύπατος
2364 3449 2729 3528 παραγίνεται.
2805 3450 2904 3508 Καὶ
2972 3450 3158 3508 τούτου
3242 3449 3330 3508 οὖν
3413 3448 3643 3530 ἐφθακό-

1992 3557 2083 3600 τος
2143 3534 2266 3615 (7‘2)
2329 3535 2513 3616 ἔχαιρε
2568 3543 2671 3600 πᾶς
2742 3539 2770 3594 6
2839 3536 3008 3618 ὄχλος
3056 3545 3161 3596 τῶν
3217 3537 3642 3615 μαθητευθέντων

1991 3625 2104 3700 ἅμα
2160 3631 2228 3702 τῇ
2279 3623 2580 3704 Μαξιμίλλῃ
2638 3627 2726 3684 καὶ
2767 3633 2834 3704 τῇ
2893 3626 3175 3707 Ἐφιδαμίᾳ
3229 3629 3317 3684 καὶ
3374 3635 3450 3702 τῷ
3477 3635 3643 3705 Στρα-

1991 3711 2198 3774 τοκλετ.
2261 3710 2529 3796 ζΑκούσας
2599 3711 2654 3770 δὲ
2733 3717 2762 3772 6
2838 3716 3094 3795 μακάριος
3151 3713 3397 3796 Ἀνδρέας
3451 3715 3640 3796 ἤρξατο

1992 3800 2166 3880 λέγειν
2198 3821 2214 3838 ·
2261 3790 2325 3856 Ὦ
2368 3804 2403 3870 ἡ
2447 3801 2623 3869 πολλὴ
2667 3803 2857 3882 νωθρία
2899 3790 2995 3860 καῖ’
3017 3804 3256 3861 ἀπείθεια
3278 3790 3369 3860 ’καὶ
3397 3790 3638 3872 ἁπλότης

1992 3897 2099 3946 τῶν
2141 3887 2229 3946 ὑπ’
2273 3890 2400 3966 ἐμοῦ
2443 3890 2872 3967 μαθητευθέντων
2908 3898 2920 3954 l
2996 3893 3142 3950 Πόσα
3210 3895 3435 3974 εἰρηκὼς
3480 3893 3640 3974 μέχρι

1992 3986 2085 4037 τοῦ
2153 3986 2242 4035 ψῦν
2309 3980 2403 4034 οὐκ
2471 3977 2654 4035 ἔπεισα
2727 3976 2847 4058 (73)
2887 3981 3006 4044 τοὺς
3075 3979 3252 4054 ἰδίους,
3313 3995 3498 4062 φυγεῖν
3541 3987 3639 4048 τῆς

1994 4067 2346 4147 προσπαθείας
2389 4073 2496 4124 τῶν
2541 4069 2746 4145 γηίνων
2783 4086 2796 4100 ’
2844 4066 2964 4125 ἀλλ’
3009 4068 3082 4126 ἔτι
3139 4071 3342 4135 τούτοις
3412 4068 3639 4129 δέδενται

1991 4159 2078 4214 καὶ
2121 4155 2176 4212 ἐν
2219 4160 2402 4219 αὐτοῖς
2444 4154 2778 4231 ἐμμένουσιν,
2853 4157 2940 4214 καὶ
3007 4162 3067 4218 οὒ
3123 4157 3398 4235 βούλονται
3439 4160 3637 4217 τούτων

1989 4247 2309 4313 ἀποστῆναι,
2356 4245 2442 4308 Τίς
2486 4246 2520 4312 ἡ
2564 4244 2796 4312 τοσαύτη
2839 4244 2985 4326 φιλία
3043 4248 3130 4303 καὶ
3202 4250 3230 4303 6
3300 4246 3430 4328 ἔρως
3473 4249 3560 4304 καὶ
3601 4250 3636 4316 ἡ

264 4332 458 4432 Sinite.
483 4350 576 4394 me
607 4329 842 4432 tandem
875 4328 936 4388 in
966 4325 1171 4426 habitu
1201 4327 1902 4432 quemvidetisinterimi,

1995 4335 2121 4413 πρὸς
2173 4333 2271 4401 τὴν
2319 4333 2486 4412 σάρκα
2529 4333 2772 4402 συνήθεια
2805 4353 2822 4413 ;
2856 4325 2970 4398 ἕως
3015 4336 3154 4399 τίνος
3195 4325 3637 4412 τοῖςνκοσμικοῗς

262 4441 374 4485 nec
404 4421 523 4484 ullo
558 4418 730 4482 modo
764 4434 860 4477 me
909 4415 1223 4496 quisquam
1281 4414 1354 4477 ab
1385 4416 1477 4477 his
1506 4416 1755 4479 vinculis
1785 4421 1906 4481 sol-

1990 4425 2082 4480 καὶ
2149 4427 2482 4502 προσκαίροις
2525 4421 2933 4503 προσανέχετε;
2993 4424 3094 4489 ἕως
3148 4425 3278 4482 πότε
3333 4427 3530 4484 συνίετε
3572 4426 3637 4482 τὰ

262 4521 393 4575 vat:
433 4510 518 4572 sic
540 4508 698 4572 enim
731 4505 877 4568 mihi
906 4513 1068 4566 sorte
1099 4504 1261 4585 exiit,
1296 4507 1660 4585 peregrinari
1694 4526 1762 4569 ex
1793 4509 1906 4571 hoc

1995 4515 2117 4592 ὅπερ
2184 4514 2344 4591 ὑμᾶς,
2416 4511 2503 4567 καὶ
2571 4511 2638 4566 τὰ
2681 4510 2797 4568 ἐκεῖ
2850 4511 3272 4590 καταλαμϐάνειν
3316 4514 3630 4596 ἐπείγεσθε;

261 4617 538 4681 corpore,
563 4596 874 4676 etadjungi
902 4593 974 4682 ad
997 4593 1338 4668 Dominum,
1368 4595 1463 4655 cui
1485 4596 1750 4656 conﬁxus
1773 4617 1902 4658 sum

2009 4600 2176 4681 Αφετὲ
2234 4622 2300 4678 με
2342 4599 2529 4656 λοιπὸν
2571 4599 2625 4656 ἐν
2668 4600 2744 4672 τῲ
2787 4602 3032 4681 σχήματι
3075 4606 3120 4677 ᾦ
3163 4605 3317 4682 ὁρᾶτε
3359 4593 3624 4682 ἀναιρεθῆλ

262 4689 450 4763 cruci,
484 4686 642 4768 quod
674 4694 731 4747 et
761 4685 882 4745 ﬁet.
934 4681 1005 4743 Et
1055 4701 1377 4745 conversus
1407 4683 1553 4745 dixit
1580 4685 1652 4746 ad
1683 4685 1906 4765 ngea-

1995 4713 2096 4764 ναι,
2141 4691 2230 4747 καὶ
2273 4687 2532 4765 μηδαμῶς
2576 4694 2652 4744 τῶ
2691 4687 2815 4764 τῇδε
2870 4687 3076 4767 δεσμῶν
3140 4681 3351 4749 λυσάτω
3394 4691 3462 4768 μέ
3487 4681 3582 4757 τις
3617 4739 3630 4753 .

265 4788 385 4841 tem
414 4799 425 4838 :
452 4776 498 4841 Ο
528 4772 869 4856 proconsul,
893 4771 1032 4853 quid
1053 4772 1258 4834 adhuc
1281 4773 1352 4834 ad
1377 4793 1484 4840 nos
1507 4775 1718 4836 venis?
1751 4775 1900 4846 Quid

1995 4778 2123 4836 οἷτω
2190 4779 2289 4858 γὰρ
2357 4801 2446 4854 μοι
2515 4776 2870 4856 κεκλήρωται,
2947 4780 3007 4836 ἐκ.
3074 4781 3258 4839 τούτου
3325 4780 3634 4858 ἐκδημῶται

263 4885 538 4949 quaerens
569 4882 756 4944 usque
786 4861 858 4923 ad
910 4880 1020 4922 nos
1069 4861 1468 4924 discendisii?
1515 4865 1696 4943 Cujus
1728 4883 1905 4928 causa

1995 4878 2077 4928 τοῦ
2123 4868 2368 4943 σώματος
2412 4867 2498 4922 καὶ
2546 4863 2840 4942 ἐνδημῆσαι
2883 4870 3014 4946 πρὸς
3056 4870 3147 4926 τὸν
3191 4869 3401 4949 Κύριον,
3461 4873 3506 4945 ᾧ
3546 4873 3635 4926 καὶ

269 4956 498 5018 alienus
527 4961 585 5015 et
613 4952 891 5014 inimicus
921 4967 1122 5011 nos¢er
1179 4951 1468 5013 exsistens
1499 4953 1707 5015 venisti
1737 4961 1764 5017 ἲ
1795 4954 1902 5017 Vel

1995 4961 2436 5036 τυνεσταύρωμαι,
2552 4953 2681 5032 ὅπερ
2791 4953 2846 5011 δὲ
2941 4958 3028 5013 καὶ
3110 4959 3414 5035 γενήσεται,
3532 4959 3631 5016 Καὶ

266 5045 406 5125 quid
439 5062 612 5123 agere
643 5041 906 5120 cogitans
935 5037 965 5097 ?
993 5038 1146 5110 Quid
1177 5048 1461 5102 attentare
1494 5042 1695 5104 volens
1724 5042 1749 5105 ?
1779 5043 1904 5106 Sol-

1995 5033 2248 5126 στραφεὶς
2281 5045 2405 5101 εἷπε
2462 5043 2590 5121 πρὸς
2648 5044 2739 5099 τὸν
2783 5045 3046 5123 Αἰγεάτην
3080 5061 3094 5074 ⁶
3126 5033 3206 5101 -Ὦ
3257 5045 3536 5121 ἀνθύπατε,
3583 5046 3632 5102 τί

266 5152 402 5194 vere
437 5151 546 5195 nos
575 5131 648 5194 ab
701 5131 794 5191 his
850 5127 1098 5189 vinculis
1127 5133 1155 5191 ?
1211 5126 1326 5190 Sed
1377 5148 1495 5192 non
1541 5131 1732 5193 solves
1763 5151 1896 5208 nos,

1995 5133 2141 5191 πάλιν
2197 5134 2327 5212 πρὸς
2386 5134 2527 5206 ἡμᾶς
2583 5131 3003 5214 παραγέγοναςς
3081 5134 3132 5189 τί
3206 5139 3381 5206 ζητῶν
3436 5135 3629 5216 μέχρις

265 5223 563 5302 ιῖΕεθειιθε,
597 5239 708 5282 nec
757 5217 1050 5294 reduces;
1081 5235 1193 5280 nec
1222 5219 1273 5282 si
1302 5222 1496 5282 omnia
1533 5219 1686 5282 bona
1715 5228 1811 5283 tua
1845 5229 1902 5284 te

1995 5224 2137 5298 ἡμῶν
2166 5220 2505 5301 acati-51155;;
2564 5220 2702 5284 τίνος
2761 5220 2934 5280 ἕνεκεν
2990 5221 3265 5304 ἀλλότριος
3321 5225 3409 5281 καὶ
3436 5223 3628 5307 ἐχθρὸς

1673 5395 1866 5462 Variae
1893 5396 2206 5464 lectiones.

345 5561 465 5642 (68)
498 5565 652 5629 Κακῆ
677 5559 865 5642 αριστι-ς
903 5556 1042 5642 Eat.

342 5637 470 5722 (69)
498 5647 649 5722 Πᾶσα
677 5637 884 5722 ’Ᾱχαςα
903 5637 1038 5704 Vat.

343 5715 475 5808 (70)
505 5715 797 5800 Ἐτόλμουν
833 5715 968 5782 Vat.

2067 5558 2198 5640 (71)
2231 5561 2443 5629 Μηνύον
2485 5558 2620 5640 Vat_._

2131 5637 2190 5724 2)
2227 5642 2560 5724 ῌεφθακότος
2585 5637 2716 5724 _V_at,

2071 5719 2196 5805 (73)
2232 5719 2544 5800 Ἐπείσαμεν
2588 5719 2724 5785 Vat.
