4154 6416
473 416 586 488 257

1818 413 2007 484 VITA
2047 413 2110 481 S.
2157 409 2512 482 ANDRE/E.

3736 412 3858 480 258

476 559 628 632 ἡμῶν
676 555 750 614 ὢν
793 555 1120 636 προσέρχῃ;
1182 555 1217 624 ἣ
1273 556 1324 611 τί
1383 553 1508 635 (74)
1568 551 1842 633 διαπρᾶξαι
1874 551 2146 611 διανοοῦ-λ

2230 546 2598 628 :poponderis
2620 547 2923 624 daturum,
2955 546 3324 636 conﬁdemus
3354 545 3482 611 tibi.
3517 545 3657 609 Haec
3687 546 3849 610 enim

476 665 683 727 μενος;
742 645 792 701 τί
846 643 1114 719 τολμῆσαι
1169 643 1539 723 βουλόμενος,
1615 642 1766 699 λῦσαι
1823 644 1967 718 ἡμᾶς
2022 647 2129 697 τῶν

474 733 604 811 τῇδε
654 733 910 814 δεσμῶνς
957 731 1074 788 ἀλλ’
1133 735 1193 790 οὔ
1248 731 1420 796 λύσεις
1478 734 1647 809 ἡμᾶς,
1709 731 1960 810 Αἰγεάτα,
2015 727 2130 785 οῦδὲ

476 823 721 888 κατάξεις
755 840 769 854 ·
818 819 924 878 οὔδ’
997 819 1057 877 ἂν
1108 822 1282 881 πάντα
1338 821 1572 901 ῦπίσχνῃ
1629 822 1694 876 τὰ
1751 821 1818 876 σὰ
1873 817 2130 898 παρέχειν

479 914 643 993 ἡμῖν,
727 909 1119 986 πεισθησόμεθα
1203 932 1308 972 σοι.
1401 917 1575 967 Ταῦτα
1658 910 1758 988 γὰρ
1838 907 2132 987 πρόσκαιρα

478 991 636 1054 ὄντα
663 997 932 1072 συντόμως
997 997 1214 1072 ἀμμασὺ
1287 995 1409 1074 (75)
1465 997 1932 1077 ἀφανισθάσονται.
2005 991 2134 1052 Οὒδὲ

481 1086 642 1146 πάλιν
671 1088 764 1148 τὰς
819 1084 1040 1148 ἀπειλάς
1097 1108 1192 1142 σου
1245 1087 1620 1162 πτοηθήσομαι
1656 1101 1670 1116 ⁶
1732 1089 1760 1142 ὁ
1814 1086 1915 1164 γὰρ
1945 1083 2133 1164 Κύριός

487 1198 589 1252 μου
646 1175 851 1242 Ἰησοῦς
909 1176 1131 1255 Χριστὸς
1191 1174 1346 1238 αὐτός
1404 1197 1494 1250 μοι
1566 1175 1864 1256 ἐνεφάνισεν
1920 1174 2080 1230 εἰπών
2116 1193 2129 1205 ·

489 1265 769 1340 Κατάμαθε
839 1265 930 1320 τὸν
1030 1263 1312 1342 Αἰγεάτην,
1410 1265 1498 1320 καὶ
1581 1264 1659 1340 μὴ
1733 1261 1972 1343 φοϐηθῇς
2040 1259 2134 1318 ἀπ’

484 1356 667 1432 αὐτοῦ,
726 1354 769 1408 εἰ
811 1353 898 1408 καὶ
955 1348 1122 1414 δεινός
1179 1350 1289 1407 ἐστι
1347 1353 1435 1408 καὶ
1463 1350 1671 1428 λυμεὼν
1727 1353 1979 1431 ὑπάρχει,
2051 1351 2138 1406 καὶ

483 1441 676 1520 ἐχθρὸς
774 1441 1041 1514 ἀπατεὼν,
1139 1441 1226 1496 καὶ
1305 1441 1551 1520 ,φθορεὺς
1661 1439 1956 1520 μανιώδης,
2051 1437 2141 1496 καὶ

483 1530 786 1608 περίεργος,
841 1531 929 1585 καὶ
984 1528 1196 1607 φονεὺς,
1253 1529 1342 1584 καὶ
1410 1527 1594 1609 κόλαξ,
1652 1531 1740 1586 καὶ
1791 1529 2022 1609 ὀργίλος,
2053 1529 2142 1584 καὶ

483 1618 828 1697 ἀσυμπαθὴς,
882 1619 970 1673 καὶ
1037 1618 1115 1681 ἰὸς
1170 1615 1402 1672 ἀσπίδων
1462 1619 1562 1674 ὑπὸ
1609 1619 1676 1674 τὰ
1738 1618 1898 1698 χείλη
1957 1617 2136 1696 αὒτοῦ,

2214 637 2560 717 temporalia
2589 655 2722 700 cum
2753 637 2896 713 sint,
2945 636 3119 700 citius
3168 635 3449 699 deﬁcient
3479 645 3698 700 tecum.
3730 638 3854 698 Nec

2213 743 2420 787 rursus
2455 725 2630 788 minis
2660 726 2775 788 tuis
2822 725 3126 789 terrebar:
3178 725 3465 789 Dominus
3494 725 3653 788 enim
3688 743 3858 787 meus

2214 815 2384 877 Iesus
2414 815 2684 878 Christus
2739 815 3023 877 indicavit
3082 815 3226 877 mihi
3281 815 3534 878 dicens:
3595 813 3860 878 Observa

2216 902 2540 982 Egeatem,
2575 911 2736 966 etne
2767 903 3038 966 timueris
3068 904 3142 966 ab
3189 923 3284 985 eo,
3338 903 3475 966 licet
3505 903 3862 965 metuendus

2215 991 2314 1066 sit,
2349 998 2408 1054 et
2435 999 2692 1054 vastator
2743 993 3004 1069 exsistat,
3066 1001 3125 1054 et
3180 993 3419 1055 dolosus
3466 991 3769 1067 inimicus,
3803 998 3864 1052 et

2216 1087 2516 1161 stuprator
2535 1099 2802 1155 vesanus,
2837 1090 2894 1142 et
2922 1081 3174 1156 ardelio,
3207 1089 3265 1142 et
3291 1081 3542 1157 occisor,
3571 1089 3630 1142 et
3659 1081 3861 1142 adula-

2218 1177 2330 1245 tor,
2349 1181 2408 1232 et
2427 1171 2766 1247 iracundus,
2783 1179 2840 1232 et
2862 1170 3309 1252 immisericors,
3332 1178 3694 1233 etvenenum
3711 1168 3862 1250 aSpi-

2221 1255 2362 1317 dum
2391 1257 2498 1318 sub
2529 1257 2704 1320 labiis
2735 1258 2886 1338 ejus,
2920 1265 2980 1320 et
3035 1258 3283 1320 amictus
3340 1259 3470 1338 ejus
3495 1258 3662 1339 quasi
3694 1257 3865 1338 pellis

2221 1343 2368 1426 lupi,
2405 1345 2818 1408 ctbelluarum
2880 1365 3046 1408 more
3104 1347 3264 1408 ferus
3322 1347 3398 1408 sit
3427 1354 3485 1408 et
3512 1345 3860 1408 homicida:

2224 1433 2476 1513 qualiter
2505 1433 2577 1496 ab
2621 1434 2790 1496 initio
2825 1434 2934 1496 fuit
2975 1443 3142 1515 pater
3199 1436 3329 1514 ejus
3356 1437 3622 1496 Satanas.
3658 1431 3866 1495 Sciens

2224 1523 2401 1601 igitur
2429 1541 2536 1604 per
2566 1542 2700 1585 eum
2732 1523 2831 1605 qui
2881 1524 3174 1586 revocavit
3219 1542 3314 1584 me
3343 1540 3615 1584 veracem
3648 1521 3861 1594 Deum,

2224 1611 2531 1691 digrediar
2558 1630 2591 1673 a
2621 1620 2677 1673 te
2706 1612 2778 1674 ad
2796 1612 3020 1693 justum
3037 1612 3354 1692 judicium.
3387 1613 3550 1674 Bene
3571 1611 3707 1672 novi
3728 1609 3868 1692 quia

481 1678 653 1774 καὶ-ἡ
681 1678 935 1786 πριέολὴ
987 1707 1146 1764 αῦτοῦ
1187 1707 1262 1769 ὡς
1304 1705 1463 1764 λὺκου
1518 1705 1666 1788 δορὰ,
1725 1678 1812 1763 igni
1839 1678 2139 1786 θηριόγνω-ἶ

2230 1678 2537 1780 Γνὲηεθτὶε,
2597 1708 2655 1762 et
2701 1678 3180 1782 discruciaberis,
3239 1707 3297 1762 et
3353 1700 3567 1788 animis
3597 1678 3862 1773 deﬁcies,

484 1817 612 1870 μος,
642 1795 732 1850 καὶ
760 1793 1190 1872 ἀνθρωποκτόνος
1228 1811 1240 1824 ’
1290 1797 1382 1850 οἷα
1439 1791 1504 1862 δὴ
1561 1796 1649 1850 καὶ
1706 1797 1733 1851 ὁ
1764 1796 1942 1873 πατὴρ
1985 1793 2142 1850 αὐτοῦ

486 1881 540 1947 ἐξ
589 1882 768 1961 ἀρχῆς
825 1881 1082 1962 πέφυκεν,
1133 1883 1161 1938 ὁ
1225 1888 1488 1946 Σατανᾶς.
1555 1890 1841 1962 Τοιγαροῦν
1896 1884 2141 1962 ἐπιγνοὺς

493 1969 578 2028 διὰ.
616 1981 708 2030 τοῦ
754 1969 1166 2048 ἐπιστρέψαντός
1228 1993 1318 2045 μοι
1363 1969 1616 2046 ἀψευδοῦς
1672 1979 1801 2029 Θεοῦ
1859 1971 2140 2028 ἀπαλλάσ-

497 2062 651 2136 σομαί
715 2083 807 2118 σου
873 2063 1002 2139 πρὸς
1066 2061 1158 2116 τὸν
1224 2059 1423 2117 δίκαιον
1478 2063 1687 2141 κριτήν,
1752 2063 1822 2120 Εὖ
1879 2059 2005 2118 οἶδα
2061 2060 2142 2118 ὅτι

500 2149 642 2225 κόψῃ
701 2151 788 2206 καὶ
859 2149 1052 2226 ἀνιάσῃ
1106 2149 1194 2205 καὶ
1247 2149 1561 2226 ἀθυμησεις,
1624 2152 1782 2219 ἡνίκα
1839 2148 1958 2226 ὄψει
2019 2149 2140 2228 (76)

498 2240 709 2294 σεαυτὸν
781 2234 1180 2314 ἐμϐαλλόμενον
1267 2239 1340 2301 εἰς
1421 2246 1524 2319 πῦρ
1590 2245 1688 2307 τῆς
1757 2240 1999 2319 γεέννης,
2082 2239 2144 2294 τὸ

492 2325 884 2402 ἡτοιμασμένον
958 2326 1039 2382 σοί
1108 2347 1167 2382 τε
1222 2327 1310 2383 καὶ
1363 2341 1482 2392 τοῖς
1558 2330 1647 2385 σὺν
1705 2331 1786 2384 σοὶ
1843 2329 1998 2406 πατρὶ
2052 2349 2145 2386 σου

495 2414 798 2494 λατρεύουσι
823 2421 900 2489 τῷ
929 2411 1182 2490 διαϐόλῳ.
1245 2406 1303 2474 Ὀ
1360 2413 1414 2472 δὲ
1470 2417 1763 2481 ἀνθύπατος
1810 2415 1938 2483 ἔστη
1971 2416 2143 2479 ἐννεὺς

493 2505 702 2561 ἀκούων
761 2511 947 2584 ταῦτα,
1004 2505 1200 2582 τρόπον
1258 2505 1374 2560 τινὰ
1441 2504 1760 2573 ἐξεστηκὼς.
1823 2507 2008 2572 Πάσης
2057 2505 2144 2561 οῦν

491 2598 597 2659 τῆς
677 2591 884 2656 πόλεως
958 2590 1278 2676 θορυϐούσης
1342 2596 1523 2676 αὐτὸν,
1606 2605 1698 2652 τοῦ
1754 2593 2000 2652 ἀπολύειν
2055 2595 2145 2649 τὸν

494 2679 770 2761 Ἀνδρέαν,
799 2681 957 2760 φησὶν
987 2668 1144 2746 αὗτός
1175 2697 1190 2713 ⁸
1242 2668 1361 2764 ⁸0ςῄ
1390 2668 1584 2760 τολμᾷ,
1636 2685 1970 2764 προσεγγίσει
2016 2681 2142 2762 (77)

490 2770 573 2843 τῷ
602 2767 737 2842 ξύλῳ
765 2775 857 2826 τοῦ
901 2767 1053 2826 λῦσαι
1106 2771 1285 2830 αὐτόν.
1350 2762 1406 2830 Ὀ
1465 2762 1761 2836 ἀπόστολος
1803 2773 1937 2847 μετά
1964 2776 2144 2852 φωνῆς

489 2855 740 2936 μεγάλης
799 2857 1038 2921 ἀτενίσας
1096 2859 1171 2922 εἰς
1224 2861 1314 2917 τὸν
1375 2860 1590 2938 οῦρανὸν
1647 2860 1801 2916 εἶπεν
1831 2877 1847 2893 ’
1893 2859 1982 2926 Μὴ
2023 2857 2146 2914 ἐπι-

485 2946 721 3024 τρέψης,
806 2944 1067 3020 Δέσποτα,
1156 2947 1251 3024 ἐμέ
1327 2949 1418 3004 τὸν
1504 2947 1588 3005 ἐπὶ
1675 2946 1823 3013 ξύλου
1911 2947 2147 3028 ἀναρτη-

483 3036 646 3092 θέντα
699 3033 860 3090 πάλιν
943 3032 1212 3102 λυθῆναι·
1303 3037 1381 3113 μὴ
1451 3037 1858 3118 παραχωρήσῃς
1914 3037 2004 3093 τὸν
2061 3035 2145 3091 ἐπὶ

2223 1789 2458 1870 quando
2490 1789 2746 1871 teipsum
2779 1789 3007 1852 videbis
3037 1789 3466 1872 praecipitatum
3500 1787 3560 1850 in
3579 1788 3870 1868 gehennae

2222 1878 2446 1959 ignem,
2485 1879 2586 1960 qui
2614 1878 2720 1940 tibi
2751 1886 2986 1961 paratus
3018 1887 3130 1960 est,
3184 1891 3246 1940 et
3275 1877 3370 1940 his
3399 1877 3501 1959 qui
3533 1884 3728 1939 tecum
3759 1894 3866 1938 ve-

2225 1976 2508 2028 nerantur
2529 1975 2753 2047 patrem
2782 1977 2946 2029 tuum
2968 1967 3290 2030 diabolum.
3325 1965 3648 2030 Proconsul
3671 1971 3868 2026 autem

2227 2057 2387 2118 stetit
2415 2066 2682 2137 stupens,
2715 2065 2772 2118 et
2799 2061 2966 2138 quasi
3021 2064 3183 2119 extra
3238 2075 3302 2117 se
3331 2065 3551 2136 raptus.
3585 2053 3874 2117 Universa

2227 2153 2421 2207 autem
2443 2145 2672 2206 civitate
2705 2146 3097 2207 tumultuante
3128 2145 3286 2207 circa
3315 2163 3474 2220 cum,
3512 2150 3574 2204 ut
3601 2143 3870 2205 solvere-

2228 2242 2322 2295 tur
2352 2233 2644 2309 Andreas,
2680 2233 2760 2296 ait
2805 2235 2976 2313 ipse:
3027 2234 3140 2307 Qui
3194 2252 3370 2296 ausus
3400 2233 3600 2307 fuerit,
3633 2231 3876 2294 accedat

2227 2323 2298 2385 ad
2331 2323 2554 2402 lignum
2589 2331 2652 2383 ut
2699 2323 2883 2384 solvat
2933 2342 3093 2387 eum.
3151 2323 3466 2404 Apostolus
3496 2340 3628 2383 cum
3663 2337 3875 2400 magna

2225 2430 2370 2473 voce
2399 2410 2718 2474 intendens
2749 2411 2810 2472 in
2841 2411 3054 2475 ccelum
3083 2411 3201 2474 ait:
3257 2409 3344 2472 Ne
3371 2411 3554 2483 sinas,
3588 2408 3866 2478 Domine.

2229 2518 2325 2561 me
2353 2499 2414 2561 in
2448 2500 2608 2580 ligno
2638 2499 2926 2562 elevatum
2958 2519 3194 2562 rursum
3230 2499 3484 2575 eXSelvi;
3515 2520 3589 2562 ne
3618 2497 3865 2578 abjicias

2229 2607 2366 2651 eum
2414 2589 2514 2670 qui
2547 2596 2789 2670 propter
2816 2588 3157 2670 mysterium
3211 2596 3373 2650 tuum
3425 2606 3752 2669 suspensus
3781 2593 3872 2649 est

2229 2678 2299 2739 ad
2320 2677 2770 2741 similitudinem
2795 2685 2975 2741 tuam.
3000 2677 3086 2740 Ne
3109 2679 3412 2759 permittas
3441 2677 3643 2758 dejici,
3668 2679 3866 2748 Pater,

2229 2767 2366 2842 Fili,
2386 2767 2640 2849 Spiritus
2664 2775 2888 2841 sancte,
2922 2786 3026 2830 eos
3055 2767 3155 2849 qui
3185 2775 3474 2829 noverunt
3502 2763 3870 2846 magnitudi-

2229 2874 2369 2918 nem
2402 2864 2584 2934 tuam,
2619 2863 2678 2919 et
2703 2858 2806 2939 qui
2833 2856 3178 2920 desiderant
3200 2865 3282 2930 te,
3317 2863 3377 2919 et
3414 2856 3517 2937 qui
3556 2863 3760 2918 amant
3787 2862 3867 2930 te,

2232 2952 2288 3006 et
2317 2947 2416 3025 qui
2449 2946 2702 3008 credunt
2747 2946 2807 3007 in
2867 2953 2924 3008 te
2982 2965 3087 3028 per
3141 2946 3330 3027 ipsam
3361 2944 3867 3027 praedicationem.

2231 3031 2412 3096 Serva
2440 3035 2773 3098 incolumes
2802 3042 2860 3097 et
2888 3035 3179 3096 conﬁrma
3231 3052 3334 3096 eos
3363 3035 3421 3095 in
3456 3034 3596 3115 ﬁde,
3631 3042 3689 3096 et
3715 3033 3873 3094 dona

485 3129 586 3181 τοῦ
669 3132 762 3182 σοῦ
839 3124 1129 3203 μυστηρίου
1210 3125 1567 3203 κρεμασθέντα
1648 3122 1765 3181 καθ’
1855 3123 2146 3200 ὁμοιότητά

2230 3122 2628 3227 eisﬁduciam
2660 3123 2722 3227 in
2753 3132 2831 3201 te,
2867 3123 3475 3227 utlaude‘ntteverum
3489 3125 3678 3186 Deum
3695 3139 3872 3203 quem

490 3233 587 3269 σου
618 3226 635 3242 ’
697 3210 777 3288 μὴ
834 3209 996 3288 ἐάσῃς
1052 3212 1401 3288 συσταλῆναι,
1446 3213 1641 3294 Πάτερ,
1699 3212 1808 3288 Υἱὲ,
1861 3214 1950 3269 καὶ
1995 3211 2146 3292 ἅγιον

2232 3211 2373 3288 vidi,
2397 3231 2573 3294 quem
2594 3211 2809 3291 habeo,
2833 3231 3008 3294 quem
3044 3212 3250 3293 diligo,
3291 3211 3350 3272 in
3375 3231 3490 3293 quo
3518 3230 3648 3274 sum
3679 3215 3737 3274 et
3765 3229 3871 3273 ex-

498 3306 735 3376 Πνεῦμα,
827 3303 950 3365 τοὺς
1029 3300 1328 3381 ἐγνωκότας
1425 3325 1518 3362 σου
1599 3305 1661 3360 τὸ
1746 3301 1986 3382 μέγεθος,
2063 3302 2153 3358 καὶ

503 3389 833 3458 ποθήσαντᾶς
932 3411 992 3446 σε
1071 3393 1160 3448 καὶ
1257 3391 1636 3471 ἀγαπήσαντάς
1739 3412 1797 3446 σε
1881 3391 1968 3447 καὶ
2053 3413 2151 3448 πι-

506 3477 815 3542 στεύσαντας
894 3479 968 3541 εἰς
1045 3479 1105 3535 σὲ
1195 3477 1264 3535 δι’
1359 3483 1518 3539 αὐτοῦ
1596 3489 1689 3539 τοῦ
1778 3478 1904 3561 (78)
1983 3479 2154 3558 κηρύ-

510 3587 728 3643 γματος.
843 3567 1170 3648 Διαφύλαξον
1269 3569 1552 3647 ἀπήμονας
1665 3570 1754 3626 καὶ
1861 3565 2150 3646 βεϐαίωσον

507 3654 688 3720 uino-3;
733 3655 786 3713 ἐν
836 3664 906 3734 τῇ
957 3663 1027 3735 σῇ
1086 3659 1282 3735 πίστει,
1367 3661 1455 3716 καὶ
1523 3659 1744 3740 χάρισαι
1801 3661 1984 3720 αὐτοῖς
2052 3656 2152 3723 τὴν

505 3747 635 3823 πρὸς
688 3746 748 3802 σὲ
803 3745 1122 3828 παῤῥησίαν,
1181 3755 1275 3805 τοῦ
1343 3745 1570 3820 δοξάζειν
1632 3769 1692 3805 σε
1747 3748 1840 3804 τὸν
1902 3745 2152 3813 ἀληθινὸν

502 3837 660 3914 Θεὸν,
691 3836 748 3892 ὃν
774 3834 943 3913 εἶδον,
977 3838 1036 3894 ὃν
1066 3835 1204 3918 ἔχω,
1239 3839 1296 3896 ὃν
1326 3836 1487 3920 φιλῶ,
1541 3836 1592 3895 ἒν
1649 3841 1696 3913 ᾧ
1737 3837 1843 3913 εἰμὶ
1897 3837 1986 3893 καὶ
2027 3834 2153 3892 ἔσο-

499 3946 624 4000 μαι.
663 3923 816 3990 Δέξαι
875 3946 942 4002 με
997 3925 1053 3982 ὲν
1109 3928 1316 4006 εἰρήνη,
1379 3929 1453 3991 εἰς
1501 3927 1596 3992 τὰς
1655 3927 1894 3990 αἰωνίους
1928 3923 2154 3992 σκηνάς.

497 4019 681 4070 Ταῦτα
709 4010 764 4067 δὲ
818 4015 980 4071 εἰπὼν
1035 4017 1123 4074 καὶ
1178 4015 1263 4073 ἐπὶ
1317 4013 1508 4073 πλεῖον
1561 4014 1779 4082 δοξάσας
1824 4016 1916 4072 τὸν
1947 4013 2154 4093 Κύριον,

2233 3300 2698 3383 sistam.Accipe
2720 3321 2815 3364 me
2832 3301 2894 3362 in
2917 3300 3144 3382 pacein
3170 3300 3408 3363 aeternis
3452 3299 3872 3363 tabernaculis.

2232 3391 2375 3452 Haec
2405 3409 2541 3454 cum
2568 3390 2816 3453 dixisset
2842 3398 2903 3454 et
2928 3390 3184 3472 amplius
3211 3389 3508 3452 laudasset
3530 3388 3874 3463 Dominum,

2238 3479 2484 3542 tradidit
2513 3480 2808 3561 spiritum,
2841 3479 3122 3542 ﬂentibus
3172 3487 3230 3541 et
3273 3478 3478 3541 dolore
3509 3477 3877 3541 discruciatis

2237 3567 2562 3650 (omnibus)
2595 3575 2839 3650 propter
2867 3567 3192 3631 discessum
3225 3568 3375 3647 ejus.
3427 3568 3502 3630 Et
3530 3575 3664 3648 post
3689 3565 3879 3630 beata:

2235 3655 2393 3719 illius
2413 3657 2627 3720 animae
2643 3657 2887 3735 exitum,
2909 3656 3229 3722 Maximilla
3251 3656 3399 3719 nihil
3419 3656 3661 3719 omnino
3678 3665 3879 3720 astan-

2237 3753 2330 3810 tes
2347 3765 2584 3825 curans,
2602 3747 2934 3830 procedens
2953 3765 3030 3810 ex
3051 3746 3395 3828 semetipsa,
3417 3745 3880 3828 solvitreliquias

2237 3835 2398 3900 beati
2431 3845 2488 3898 et
2516 3836 2693 3919 primi
2723 3836 2913 3899 vocali
2966 3835 3216 3917 apostoli
3245 3835 3521 3913 Andreas,
3555 3842 3614 3898 et
3643 3835 3877 3898 solitam

2240 3944 2528 3989 exercens
2557 3925 2950 4006 diligentiam,
3007 3923 3277 4006 sepelivit
3327 3942 3465 3990 eum
3515 3925 3684 4005 juxta
3712 3943 3876 3988 oram

2241 4015 2444 4077 maris.
2479 4015 2590 4078 Hic
2619 4016 2848 4079 inclusa
2875 4013 3059 4090 stetit,
3086 4020 3145 4076 et
3171 4013 3392 4076 ibidem
3429 4014 3644 4076 mansit
3670 4015 3880 4095 sejun-

499 4098 776 4179 παρέδωκε
805 4103 868 4158 τὸ
914 4109 1144 4182 πνεῦμα,
1195 4103 1485 4162 κλαιόντων
1543 4105 1632 4161 καὶ
1685 4102 1992 4182 ἀνιωμένων
2031 4099 2146 4181 (79ῖ

2242 4112 2335 4167 cta
2361 4103 2433 4166 ab
2465 4103 2731 4185 lEgeate,
2795 4111 3039 4186 propter
3093 4103 3399 4166 efferatum
3427 4102 3693 4164 animum
3724 4103 3879 4182 ejus,

500 4190 590 4246 ἐπὶ
618 4191 696 4265 τῷ
737 4200 1000 4272 χωρισμῷ
1053 4196 1233 4253 αὗτοῦ.
1295 4195 1442 4254 Μετά
1503 4191 1558 4250 δὲ
1615 4194 1714 4262 τῆν
1755 4200 1847 4250 τοῦ
1905 4192 2146 4271 μακάρίοι

2242 4201 2301 4256 et
2325 4193 2585 4276 iniquam
2616 4193 3148 4257 conversationem.
3201 4191 3389 4266 Quam
3423 4192 3670 4254 multum
3702 4192 3881 4255 obse-

501 4282 663 4338 αὖτοῦ
719 4282 1016 4358 πνεύματος
1107 4282 1280 4350 ἔξοδον
1363 4286 1399 4355 ἡ
1476 4281 1775 4360 Μαξιμίλλα
1832 4279 1961 4360 μηδ’
2019 4280 2146 4343 ὅλως

2241 4301 2433 4359 crans,
2469 4290 2526 4345 et
2558 4283 2850 4365 pollicens
2881 4301 3011 4345 eam
3060 4281 3261 4344 omnia
3319 4279 3474 4344 bona
3501 4281 3563 4343 in
3595 4288 3884 4362 potestate

502 4369 822 4448 φροντίσασα
887 4372 996 4429 τῶν
1067 4373 1444 4452 παρεστώτων,
1502 4376 1827 4454 προσεθοῦσα
1899 4370 2032 4438 αὐτὴ
2091 4367 2146 4425 δι⁴

2239 4371 2600 4449 habituram,
2634 4383 2698 4435 et
2726 4371 3028 4434 dominam
3063 4371 3454 4445 incessuram,
3510 4370 3674 4431 nullo
3706 4369 3883 4432 modo

502 4459 724 4533 ἑαυτῆς,
758 4457 909 4515 ἔλυσε
957 4462 1020 4517 τὸ
1075 4460 1323 4538 λείψανον
1377 4473 1470 4523 τοῦ
1517 4462 1773 4542 μακαρίου
1829 4461 1918 4517 καὶ
1950 4480 2146 4539 πρωτο-

2244 4461 2453 4523 molire
2480 4461 2708 4523 valuit:
2761 4460 2865 4524 sed
2925 4467 3188 4549 sanctam
3251 4467 3310 4523 et
3336 4457 3658 4522 solitariam
3695 4457 3885 4549 vitam

503 4545 707 4617 κλήτου
762 4547 1061 4607 ἀποστόλου
1117 4550 1384 4632 Ἀνδρέου,
1449 4553 1536 4610 καὶ
1603 4552 1702 4619 τὴν
1761 4552 1959 4622 συνήθη
2035 4547 2154 4604 ἐπι·

504 4635 722 4712 μέλειαν
750 4648 1126 4722 προαγαγοῦσα
1154 4639 1283 4722 (80)
1339 4639 1528 4718 ὣαψεν
1575 4641 1730 4699 αὖτὸν
1765 4637 1890 4720 (81)
1931 4635 2158 4704 πλησίον

503 4730 602 4781 τοῦ
672 4712 936 4804 αἰγιαλοῦ.
975 4712 986 4718 ’
1032 4712 1187 4788 νΕνθα
1263 4712 1661 4792 ’κατάκλειστος
1731 4712 1998 4809 ὑπῆρχεν,
2074 4727 2163 4782 καὶ

504 4812 804 4892 παρέμενεν
885 4817 1063 4876 αὐτόθι
1138 4817 1515 4901 κεχωρισμένη
1592 4828 1684 4878 τοῦ
1753 4819 2008 4897 Αἰγεάτου
2079 4813 2164 4875 διὰ

501 4903 609 4970 τὴν
663 4902 895 4980 θηριώδη
953 4907 1108 4966 αὖτοῦ
1161 4911 1384 4988 γνώμην
1465 4909 1554 4966 καὶ
1616 4907 1813 4985 ἄνομον
1868 4904 2162 4967 πολιτείαν,

529 4999 611 5050 Ην
638 4993 812 5050 πολλὰ
859 4993 1158 5075 λιπαρήσας
1205 5001 1293 5056 καὶ
1347 4998 1774 5078 ὑπισχνούμενος
1830 4996 1972 5058 αὖθις
2029 4994 2164 5072 αῦτῇ

501 5087 615 5141 τῶν
645 5083 801 5141 αὐτοῦ
847 5082 965 5164 (82)
1013 5090 1226 5144 πάντων
1285 5087 1542 5167 κυριεύειν
1599 5088 1687 5143 καὶ
1745 5083 2038 5163 δεσπόζειν,
2067 5085 2164 5140 οὒ-

503 5170 692 5248 δαμῶς
723 5171 950 5248 μαλάξαι
1007 5173 1231 5256 ἴσχυσεν
1266 5191 1281 5207 ·
1343 5174 1464 5234 ἀλλ’
1522 5173 1752 5252 ἑλομένη
1807 5174 1921 5252 βίον
1970 5173 2165 5247 σεμνὸν

2243 4550 2602 4632 suscipiens,
2627 4569 2696 4612 ex
2713 4567 2915 4612 amore
2945 4547 3187 4626 Christi,
3221 4556 3499 4612 manente
3529 4565 3663 4610 cum
3692 4547 3886 4611 Maxi-

2243 4639 2407 4701 milla
2437 4639 2566 4721 ipsa
2594 4637 2968 4721 Ephidamia,
3001 4637 3131 4700 dies
3159 4636 3470 4716 transegit,
3502 4635 3767 4718 apostolo
3794 4636 3883 4698 fa-

2246 4728 2500 4810 mulans,
2534 4736 2592 4791 et
2621 4727 2964 4789 ministrans
2993 4725 3300 4802 fratribus,
3328 4743 3637 4810 quousque
3665 4743 3884 4806 supre-

2248 4835 2409 4879 mum
2441 4815 2638 4878 emisit
2664 4815 2964 4897 spiritum.
3002 4813 3146 4876 Cum
3178 4821 3379 4878 autem
3411 4811 3735 4894 subjectam
3773 4811 3889 4876 sibi

2245 4905 2410 4967 illam
2425 4905 2663 4968 efﬁcere
2688 4923 2806 4966 non
2828 4902 3118 4984 potuisset
3137 4901 3432 4982 IEgeates,
3447 4902 3697 4964 demens
3712 4909 3890 4964 nocte

2247 4992 2528 5069 surrexit,
2551 4991 2668 5055 alto
2690 4998 2977 5072 regnante
3021 4990 3282 5072 silentio,
3311 5002 3372 5053 et
3418 5009 3628 5053 omnes
3655 4989 3888 5072 fallens,

2247 5081 2510 5164 seipsum
2544 5079 2909 5164 pracipitem
2939 5079 3106 5142 dedit
3132 5079 3206 5141 ab
3237 5080 3472 5143 excelso
3503 5078 3762 5161 praetorii
3792 5079 3887 5141 sui

2247 5170 2503 5251 fastigio.
2530 5169 2600 5234 Et
2619 5169 2706 5232 sic
2732 5167 3070 5251 exspiravit,
3087 5167 3414 5234 secundum
3440 5168 3889 5251 praedictionem

1937 5330 2134 5398 Varia:
2158 5329 2467 5397 lectiones.

663 5459 771 5542 4)_
794 5471 835 5523 Ο
863 5484 914 5519 τι
941 5459 1073 5528 Vat.

643 5539 717 5686 δὲ
729 5539 1004 5634 Fortasse
1032 5545 1145 5622 ἅμα
1196 5568 1281 5605 σοι
1337 5545 1638 5633 Alteram,
1656 5543 1871 5611 medim
1910 5551 2013 5608 aut
2039 5543 2172 5611 inﬁ-

717 5631 999 5686 rmatam
1025 5643 1232 5686 vocem
1263 5645 1398 5686 esse
1418 5635 1583 5686 nuto.
1629 5637 1858 5686 Αμιιασυ
1885 5623 2022 5686 Vat.

518 5623 1232 5713 maa_§raacitatis_vocem
1263 5645 1398 5694 esse
1416 5635 1583 5713 puto.
1611 5623 1858 5708 Ἃμμασυ
1885 5623 2022 5690 Vat.

606 5703 728 5785 (76)
756 5710 932 5785 prims
975 5705 1108 5770 Vat.

604 5783 731 5874 (Z7).
753 5783 1035 5874 Fortasse
1059 5810 1432 5874 πᾳοσιγγισειι
1453 5789 1555 5874 ποι
1577 5808 1949 5874 «cmmem-

606 5864 734 5949 (78)
757 5865 950 5934 Artic.
983 5875 1078 5930 τοῦ
1103 5869 1170 5936 in
1197 5864 1422 5941 te'x'tum
1448 5864 1775 5940 introduxi.
1792 5864 1805 5870 ’
1821 5865 1956 5936 Non
1982 5873 2172 5936 exstat

2248 5483 2312 5529 ω
2333 5463 2616 5708 ῗῖὣονοι
2639 5543 2852 5608 πάντων
2881 5542 3185 5610 excidisse
3211 5542 3467 5612 videtur.

2362 5624 2464 5708 80)
2493 5633 2910 5708 Προσαγαγοῦσα
2939 5625 3072 5692 Vat.

2401 5624 2442 5691 0
2493 5633 2910 5772 Πὲρῗαγαγοῦσα
2939 5625 3072 5692 Vat.

2401 5625 2464 5871 ἐξ
2489 5725 2659 5851 ῗδτῗδ
2696 5716 2825 5854 viii.

2592 5732 2640 5785 ῳ
2679 5732 2802 5774 vat.

2327 5627 2426 5788 ἓὲξ

2334 5785 2460 5868 (82)
2490 5789 2659 5851 Αὒτοῦ
2696 5785 2825 5854 Vat.
