4154 6390
324 403 436 468 261

1645 397 2092 472 ENARRATIO
2134 399 2404 465 SYRI/E.

3599 389 3719 471 262

323 557 416 593 σον
458 535 631 591 (ὠτῶν
659 535 802 592 ἐστιν
833 537 863 592 6
891 540 1066 604 κῆπος
1097 543 1188 593 τοῦ
1233 535 1430 618 Ἰωσήφ
1471 555 1482 569 ·
1531 537 1618 594 καὶ
1671 539 1799 616 πρὸς
1845 532 1963 612 {305-

2067 538 2158 594 tus
2190 541 2279 596 est
2305 533 2582 616 Josephi:
2639 542 2698 596 et
2743 533 2816 596 ad
2849 534 3263 616 aquilonarem
3297 545 3524 618 partem
3554 539 3713 617 horti

323 623 416 700 ῥεῖν
443 631 539 680 τοῦ
595 625 774 695 κήπου
815 625 955 681 ἐστὶν
1011 625 1046 694 ἡ
1103 624 1335 706 φυλακὴ,
1401 625 1534 682 ὅπου
1589 626 1656 693 ἧν
1705 628 1732 682 6
1762 626 1984 704 Χρῖστος

1488 716 1586 772 Καὶ
1656 714 1814 791 μέσον
1883 717 1963 779 τῆς

2064 711 2278 772 rabbas
2306 731 2319 774 :
2349 721 2405 772 et
2438 712 2498 773 in
2531 712 2724 774 medio
2756 713 3011 775 carceris
3035 723 3094 776 et
3125 715 3360 776 (ixionis
3392 717 3590 779 crucis
3619 725 3714 779 est

320 711 828 789 ὖποκεκλεισμένος,
918 715 1008 771 καὶ
1099 711 1394 792 Βαραϐἕας.

319 799 590 879 φυλακῇς,
667 803 758 858 καὶ
832 808 932 869 τῆς
1002 802 1347 882 σταυρώσεώς
1404 801 1543 858 ἐστιν
1599 805 1634 870 ἡ
1690 801 1830 868 πύλη
1887 807 1978 856 τοῦ

318 890 468 967 ἀγὲοι
559 892 976 967 Κωνσταντίνου,
1062 891 1113 947 ἐν
1343 891 1623 971 εὖρέθησαν
1703 893 1751 948 οἱ
1832 901 1977 966 τρεῖς

317 979 554 1059 σταυροί.
620 981 721 1036 Καὶ
773 979 952 1036 ἐπάνω
993 985 1092 1047 τῆς
1149 979 1320 1046 πύλης
1376 980 1485 1036 ἐστὶ
1539 981 1600 1035 τὸ
1652 980 1810 1058 ἱερὸν,
1860 975 1978 1033 ἔνθα

318 1081 497 1124 κεῖται
553 1069 616 1124 τὸ
671 1069 926 1147 ποτήριον
988 1067 1119 1125 ὅπου
1179 1065 1324 1124 ἔπιεν
1378 1070 1405 1124 6
1463 1069 1686 1146 Χριστὸς
1741 1068 1803 1122 τὸ
1859 1063 1974 1130 ὅξος

321 1158 412 1212 καὶ
440 1156 536 1223 τὴν
587 1155 764 1236 χολήν
799 1173 814 1186 ⁸
863 1155 974 1214 ἔστι
1032 1155 1086 1213 δὲ
1157 1159 1230 1219 ὡς
1279 1155 1494 1237 χαλίκιν
1551 1155 1800 1236 πράσινον
1831 1150 1970 1209 ἐνδεο

320 1242 540 1319 ὂυμένον
597 1246 802 1320 ἀσίμιν,
871 1247 960 1308 Εἷς
1004 1243 1058 1301 δὲ
1115 1248 1204 1302 τὸν
1261 1247 1415 1302 αὐτὸν
1472 1245 1635 1300 τόπον
1683 1257 1859 1300 κεῖται
1915 1244 1974 1296 τὸ

315 1332 562 1391 λεκάνιον
633 1337 767 1394 ὁποῦ
829 1335 1005 1410 ἔνιψεν
1093 1339 1121 1392 6
1192 1337 1415 1414 Χριστὸς
1471 1336 1617 1422 τοὺςϋ
1647 1331 1812 1395 πόδας
1870 1336 1972 1386 τῶν

314 1426 574 1498 μαθητῶν
633 1427 814 1486 αὐτοῦ.
894 1433 1021 1481 Εστι
1063 1421 1120 1480 δὲ
1175 1425 1524 1504 μαρμάρινον,
1598 1421 1742 1480 Eva
1797 1433 1974 1476 κεῖται

313 1514 341 1567 6
366 1509 583 1592 λόγχη,
613 1513 704 1568 καὶ
746 1515 772 1568 6
802 1512 1064 1592 σπόγγος,
1097 1514 1186 1568 καὶ
1233 1514 1262 1568 6
1312 1513 1576 1587 κάλαμος,
1637 1511 1724 1566 καὶ
1767 1512 1796 1565 6
1847 1507 1974 1564 στέ-

309 1627 479 1684 φανος
538 1607 568 1661 6
627 1603 679 1670 ἐξ
736 1605 996 1684 ἀκανθῶν,
1056 1607 1145 1662 καὶ
1197 1607 1234 1674 ἡ
1316 1603 1496 1671 σιδόνη
1553 1605 1587 1671 ἡ
1645 1601 1846 1680 καθαρᾶ
1901 1600 1974 1662 εἰς

2065 622 2248 698 illius,
2283 631 2375 684 est
2401 642 2631 694 carcer,
2663 623 2764 685 ubi
2795 625 3068 688 Christus
3098 627 3334 688 clausus
3361 627 3472 690 fuit
3503 637 3560 690 et
3591 629 3709 690 Ba-

2066 807 2234 879 porta
2262 800 2379 860 divi
2412 800 2799 877 Constantini,
2833 802 2894 862 in
2945 823 3056 882 qua
3107 802 3363 865 inventa
3424 814 3562 866 sunt
3592 815 3712 868 tres

2062 907 2271 950 cruces
2303 907 2316 952 :
2351 898 2410 952 et
2437 909 2619 970 supra
2650 900 2880 971 portam
2932 901 3022 953 est
3079 893 3386 974 templum,
3426 893 3527 955 ubi
3559 913 3707 956 con—

2060 976 2249 1039 ditum
2283 987 2372 1039 est
2402 979 2700 1059 poculum,
2753 979 2812 1040 in
2845 999 2960 1060 quo
2991 979 3142 1042 bibit
3170 981 3444 1044 Christus
3472 991 3706 1046 acetum

2061 1075 2117 1127 et
2141 1068 2240 1130 l‘el.
2275 1069 2378 1128 Est
2418 1087 2558 1130 vero
2616 1069 2806 1132 instar
2863 1069 3024 1129 saxei
3082 1070 3304 1132 coloris
3333 1070 3570 1146 Veneti,
3603 1092 3705 1135 ar-

2058 1164 2231 1232 gento
2260 1157 2782 1218 circumvestitum.
2813 1157 3036 1220 Eodem
3070 1158 3130 1220 in
3161 1159 3294 1221 loco
3323 1162 3702 1224 reconditum

2059 1253 2148 1305 est
2178 1245 2544 1326 malluvium,
2576 1247 2636 1307 in
2667 1266 2783 1327 quo
2841 1247 3108 1310 Christus
3168 1251 3350 1327 pedes
3381 1249 3711 1332 discipulo-

2055 1349 2188 1393 rum
2219 1333 2433 1396 abluit:
2461 1335 2640 1415 idque
2673 1353 3072 1396 marmoreum
3103 1345 3216 1399 est.
3239 1335 3466 1398 Ibidem
3501 1339 3707 1402 lancea

2055 1421 2314 1500 reposita
2345 1435 2456 1495 est,
2493 1433 2550 1483 et
2592 1423 2862 1504 spongia,
2926 1432 2982 1485 et
3038 1425 3286 1494 arundo.
3337 1435 3395 1486 et
3425 1445 3642 1488 corona
3671 1447 3704 1490 e

2057 1510 2265 1589 spinis,
2302 1519 2361 1572 et
2391 1511 2630 1584 sindon,
2666 1531 2812 1592 pura
2845 1515 3028 1574 instar
3057 1514 3325 1575 sindonis
3353 1535 3529 1596 quam
3561 1517 3705 1578 vidit

2061 1598 2262 1660 Petrus
2291 1601 2589 1680 apostolus
2621 1601 2679 1660 in
2711 1603 2880 1682 coelo,
2943 1619 3123 1663 omne
3153 1602 3371 1664 animal
3405 1623 3701 1684 praemon-

309 1693 476 1750 τύπον
527 1699 627 1760 τῆς
658 1691 915 1769 σινδόνος,
973 1694 1040 1760 ἣν
1097 1691 1207 1750 εἶδε
1265 1692 1458 1772 Πέτρος
1515 1695 1543 1748 6
1599 1689 1892 1753 ἀπόστολος
1921 1688 1963 1744 ἐκ

2057 1696 2342 1748 strantem
2377 1706 2392 1761 ;
2429 1691 2486 1748 in
2521 1697 2684 1768 parte
2712 1690 2887 1769 cujus
2943 1707 3062 1750 una
3089 1693 3518 1766 consumenda,
3555 1701 3612 1754 et
3640 1695 3699 1754 in

313 1783 391 1854 τῷ
447 1781 652 1861 αἴροινῴ
699 1779 898 1862 ἔχουσα
951 1788 1057 1839 πᾶν
1130 1789 1264 1853 ζῶον
1335 1781 1718 1860 ἱστορισμένον,
1773 1780 1860 1842 Εἷς
1908 1778 1963 1833 τὸ

2051 1775 2233 1837 altera
2262 1796 2392 1857 quae
2423 1795 2542 1838 non
2572 1790 3096 1854 consumerentur,
3148 1788 3337 1852 erant,
3374 1798 3550 1842 omne
3579 1781 3700 1842 im-

315 1867 372 1923 ’ἐν
428 1869 586 1948 μέρος
637 1871 703 1926 τὰ
759 1869 1137 1946 δαπανώμενα,
1199 1871 1286 1926 καὶ
1357 1871 1428 1934 εἷς
1477 1871 1538 1925 τὸ
1580 1873 1633 1927 ἓν
1693 1867 1850 1946 μέρος
1904 1868 1963 1921 τὰ

2054 1865 2340 1925 mundum
2376 1873 2432 1926 et
2465 1868 2784 1945 impurum.
2838 1866 3002 1928 lianc
3057 1885 3234 1947 porro
3265 1869 3464 1930 ferunt
3492 1879 3700 1932 osten-

320 1957 403 2032 μὴ
429 1955 798 2038 δαπανώμενα,
843 1965 948 2015 πᾶν
981 1961 1180 2038 κοινὸν,
1237 1958 1272 2027 ἢ
1328 1959 1641 2038 ἀκάθαρτον,
1693 1959 1756 2024 ἢν
1787 1955 1968 2033 λέγου-

323 2067 376 2102 σι
434 2043 696 2125 δειχθῆναι
759 2049 902 2128 παρὰ
959 2047 1192 2128 Γαϐριὴλ
1249 2054 1340 2102 τοῦ
1397 2046 1758 2128 ἀρχαγγέλου,
1813 2044 1964 2112 Πλη-

323 2135 438 2190 σέον
493 2132 547 2190 δὲ
589 2139 745 2202 αὐτῆς
796 2137 910 2193 ἐστι
965 2139 1027 2194 τὸ
1084 2150 1468 2218 πατριαρχεῖον
1504 2155 1516 2166 ⁸
1589 2136 1822 2192 κάτωθεν
1876 2143 1969 2192 τοῦ

322 2225 704 2303 πατριαρχείου
790 2225 929 2282 ἐστὶν
1040 2224 1295 2293 ἐκκλησία
1409 2225 1854 2305 ἁνενθρονίαστὸς,
1934 2225 1969 2290 ἡ

315 2311 585 2387 μέλλουσα
643 2313 1050 2392 ένθρονιάζεσθαι
1105 2316 1206 2370 ὑπὸ
1259 2313 1472 2370 συνόδοδ
1530 2317 1602 2378 εἷς
1671 2315 1760 2369 τὸν
1817 2311 1974 2390 διωγ-

312 2404 416 2476 μὸν
476 2409 583 2460 τῶν
615 2410 963 2483 Σαρακηνῶν.
1019 2405 1118 2463 Καὶ
1169 2405 1240 2467 εἷς
1297 2404 1357 2460 τὸ
1389 2403 1655 2483 ἀριστερὸν
1689 2403 1846 2482 μέρος
1876 2407 1968 2457 τοῦ

310 2492 465 2569 ἁγίου
526 2494 919 2549 Κωνσταντῖνου
991 2493 1130 2548 ἐστὶν
1213 2493 1248 2560 ἡ
1324 2493 1476 2548 εἰκὼν
1529 2497 1627 2559 τῆς
1684 2490 1966 2570 ὑπεραγίας

311 2581 601 2660 Θεοτόκου,
634 2582 670 2649 ἡ
728 2579 1003 2638 κωλύουσα
1055 2581 1155 2649 τὴν
1208 2581 1354 2638 ὁσίαν
1410 2583 1612 2660 Μαρίαν
1667 2591 1760 2640 τοῦ
1790 2577 1964 2636 εἴσελ-

305 2672 421 2726 θεϊν
451 2672 527 2732 εἷς
557 2671 651 2726 τὸν
680 2672 802 2726 ναὸν
831 2675 900 2746 τῇ
951 2675 1050 2738 τῆς
1102 2661 1386 2744 ’Υψώσεως
1440 2668 1614 2748 ἡμέρᾳ
1647 2684 1661 2698 ⁶
1733 2668 1850 2726 ἔνθα
1879 2673 1968 2727 καὶ

305 2757 406 2826 τὴν
463 2759 666 2838 ἐγγύην
741 2756 954 2820 δέδωκε,
1039 2759 1137 2817 Καὶ
1211 2760 1283 2822 εἷς
1353 2760 1414 2814 τὸ
1469 2758 1736 2838 ἀριστερὸν
1809 2758 1966 2838 μέρος

302 2847 328 2903 ἐ
395 2849 410 2870 κ
509 2857 532 2866 -
563 2845 576 2866 ν
696 2848 710 2864 ι
1067 2863 1080 2876 ,
1193 2848 1242 2880 r_
1463 2848 1484 2879 λ
1540 2869 1570 2884 ρ
1603 2854 1628 2886 '-
1704 2845 1732 2870 ,ρ
1861 2847 1876 2866 \
1950 2851 1964 2867 η

331 2869 413 2903 στι
443 2869 539 2906 του
583 2857 766 2928 [too-mp
795 2850 823 2904 6
877 2848 1035 2910 οἶκος
1143 2851 1372 2904 καρωθεν
1431 2845 1486 2902 δε.
1519 2869 1633 2928 ,τοο
1675 2869 1830 2904 οικου
1860 2869 1968 2904 εστι

299 2935 656 3015 τετρακιόνιν,
691 2926 754 2993 ἐν
794 2940 840 3012 ᾧ
893 2937 1197 3006 ὑπήντησεν
1251 2937 1288 3004 ἡ
1346 2937 1469 3014 ἁγία
1516 2926 1702 3003 Ἐλένη
1759 2937 1818 2992 τὸ
1875 2935 1964 3002 ἐξ-

301 3023 442 3082 όδιον
503 3029 606 3092 τῆς
651 3025 844 3104 κόρης,
904 3027 993 3081 καὶ
1047 3027 1254 3094 θήσασα
1325 3026 1449 3088 τοὺς
1511 3037 1658 3104 τρεῖς
1715 3027 1965 3104 σταυροὺς

2051 1971 2176 2014 sam
2211 1967 2342 2015 esse
2371 1973 2404 2015 a
2437 1953 2712 2016 Gabriele
2741 1955 3122 2035 archangelo.
3159 1954 3348 2038 Prope
3379 1976 3518 2020 vero
3547 1959 3704 2021 hanc

2053 2041 2473 2122 patriarchium
2535 2043 2715 2104 situm
2771 2051 2910 2105 est:
2973 2053 3030 2106 et
3087 2045 3244 2106 infra
3274 2047 3700 2126 patriarchium

2051 2140 2136 2190 est
2158 2132 2654 2214 ecclesia,throno
2680 2131 2978 2208 destituta,
2997 2143 3201 2214 etquae
3224 2153 3354 2196 mox
3379 2137 3593 2198 throno
3606 2157 3702 2198 or-

2054 2221 2250 2282 nanda
2270 2229 2396 2282 erat
2421 2241 2454 2282 a
2474 2221 2723 2284 consilio
2745 2222 2820 2282 ob
2846 2225 3324 2303 persecutionem
3347 2227 3700 2289 Sarraceno-

2052 2325 2210 2368 rum.
2235 2307 2303 2368 Et
2323 2308 2393 2368 ad
2421 2310 2621 2370 laevam
2644 2317 2868 2390 partem
2896 2309 2968 2371 D.
2993 2311 3380 2390 Constantini,
3405 2313 3598 2392 imago
3610 2323 3701 2376 est

2055 2396 2446 2459 sanctissimae
2457 2397 2562 2458 Dei
2569 2416 2889 2478 paraa,quaa
2899 2398 3198 2478 prohibuit
3213 2399 3382 2464 beata
3391 2403 3695 2464 mlliariam

2050 2483 2284 2564 ingredi
2317 2486 2628 2565 templum,
2679 2485 3069 2548 Exaltationis
3125 2487 3322 2549 crucis
3379 2489 3478 2550 die
3501 2508 3694 2553 sacro.

2048 2571 2132 2634 Eo
2163 2573 2342 2636 etiam
2372 2574 2488 2635 loci
2518 2574 2900 2654 sponsionem
2932 2575 3097 2636 dedit
3131 2596 3144 2636 :
3201 2586 3260 2640 et
3290 2576 3361 2638 ad
3395 2575 3694 2640 sinistram

2049 2671 2276 2742 partem
2308 2663 2554 2744 Josephi
2584 2663 2799 2724 domus
2847 2672 2938 2725 est
2970 2684 2984 2726 :
3043 2672 3224 2746 atque
3269 2664 3423 2728 infra
3451 2667 3694 2729 domum

2049 2759 2139 2812 est
2199 2759 2450 2829 quatuor
2506 2751 2914 2814 columnarum
2972 2759 3285 2828 structura,
3349 2753 3450 2815 ubi
3495 2763 3698 2818 sancta

2049 2837 2275 2900 Helena
2301 2839 2462 2901 venit
2492 2838 2724 2904 obviam
2781 2839 3013 2922 puellas,
3073 2842 3243 2921 cujus
3271 2842 3448 2904 funus
3478 2844 3694 2906 eifere-

2048 2925 2259 2999 batur;
2295 2936 2354 2990 et
2382 2948 2515 2991 cum
2551 2936 2669 2991 tres
2699 2948 2910 2992 cruces
2955 2931 3350 3011 apposuisset,
3384 2932 3576 2994 locuta
3606 2942 3698 2995 est

2045 3015 2298 3094 virgoin
2330 3016 2641 3080 Dominica
2685 3036 2884 3081 cruce.
2945 3015 3092 3078 Item
3151 3017 3445 3081 orientem
3485 3037 3693 3082 versus

307 3111 571 3184 ἐλάλησεν
625 3115 662 3183 ἡ
717 3114 852 3193 κόρη
905 3116 980 3178 εἰς
1036 3115 1127 3170 τὸν
1201 3116 1521 3170 Δεσποτικὸν
1563 3114 1806 3193 σταυρόν.
1867 3117 1963 3172 Καὶ

2048 3113 2138 3170 Bst
2166 3104 2480 3167 Probatica
2511 3106 2758 3186 piscina,
2807 3105 3071 3188 quinque
3122 3106 3410 3169 ambones
3440 3108 3688 3188 habens,

308 3203 440 3280 πρὸς
488 3201 754 3271 ἀνατολὴν
810 3207 981 3262 αὐτῶν
1033 3202 1174 3260 ἐστιν
1229 3205 1266 3271 ἡ
1338 3199 1636 3282 Προϐατικὰ
1689 3201 1963 3279 κολυμϐή-

2055 3193 2154 3274 qui
2183 3193 2534 3256 dicebantur
2561 3194 2844 3275 porticus.
2899 3195 2973 3256 Et
3033 3214 3152 3257 non
3201 3199 3404 3277 procul
3463 3199 3536 3259 ab
3592 3199 3696 3261 illa

309 3292 410 3368 θρα
488 3289 688 3370 ἔχουσα
765 3290 924 3348 πέντε
989 3292 1267 3372 βήματαλ.
1314 3293 1366 3347 αἱ
1435 3289 1720 3370 λεγόμεναι
1795 3297 1966 3359 στοαί,

313 3363 419 3435 Kal
471 3363 692 3447 πλησίον
742 3379 906 3447 αὒτῆς
955 3363 1078 3436 ἐστιί
1113 3382 1180 3438 τὰ
1217 3363 1389 3460 ’Ἅγια
1439 3363 1544 3437 τῶν
1569 3363 1578 3366 1
1601 3381 1786 3460 ἁγίων,
1849 3379 1968 3440 ἔνθα

311 3472 412 3522 τοῦ
441 3471 700 3547 Ζαχαρίου
725 3471 787 3525 τὸ
829 3473 972 3547 αἷμα
1026 3469 1318 3542 πέπηκται,
1379 3470 1468 3526 καὶ
1521 3470 1550 3525 6
1605 3466 1746 3532 λίθος
1779 3471 1806 3526 6
1835 3492 1964 3550 κρε-

315 3555 583 3636 μάμενος,
649 3558 734 3614 καὶ
804 3561 833 3616 6
900 3560 1026 3623 ναὸς
1089 3567 1183 3618 τοῦ
1263 3555 1612 3634 Σολομῶντος
1677 3554 1960 3639 ἰδιότειχα.

316 3645 418 3701 Καὶ
447 3645 522 3707 εἰς
550 3645 646 3712 τὴν
698 3643 908 3716 δοτικὴν
960 3647 1158 3726 πόρταν
1201 3651 1300 3714 τῆς
1359 3647 1512 3724 ἁγίας
1567 3644 1778 3710 πόλεώς
1820 3647 1961 3704 ἐστιν

311 3733 342 3787 6
384 3733 584 3811 πύργος
629 3737 659 3790 6
716 3738 1022 3811 Δαυϊτικὸς,
1085 3737 1159 3800 εἷς
1217 3737 1274 3792 ὃν
1333 3733 1570 3792 ἐκάθισεν
1627 3733 1713 3791 ἐπί
1740 3734 1957 3811 σποδοῦ,

305 3821 394 3877 καὶ
452 3819 650 3901 ἔγραψε
705 3825 768 3880 τὸ
820 3825 1154 3904 Ψαλτήριον.
1231 3821 1409 3890 Δεξιὸν
1491 3821 1545 3878 δὲ
1603 3832 1697 3882 τοῦ
1763 3825 1960 3905 πύργου

297 3908 410 3966 ἐστὶ
479 3913 542 3968 τὸ
599 3910 970 3994 λιθόστρωτον,
1059 3911 1317 3981 ἐκκλησία
1400 3912 1562 3992 μικρὰ
1617 3911 1736 3969 ἔνθα
1789 3915 1959 3994 παρέ-

295 3996 469 4082 δωκεν
537 4002 566 4057 6
611 3999 807 4066 Ἰούδας
875 4005 967 4061 τὸν
1025 4003 1238 4082 Κύριον.
1316 4000 1494 4068 Δεξιὸν
1551 4000 1607 4058 δὲ
1677 4009 1770 4059 τοῦ
1825 4002 1964 4062 λιθο-

297 4079 540 4167 στρώτου
585 4089 726 4146 ἐστὶν
780 4093 817 4160 ἡ
859 4091 983 4170 ἁγία
1038 4079 1199 4167 Σιὼν,
1269 4093 1298 4148 6
1342 4091 1496 4155 οἶκος
1552 4096 1646 4148 τοῦ
1675 4097 1828 4154 Θεοῦ.
1863 4094 1962 4150 Καὶ

301 4177 376 4240 εἷς
405 4177 505 4244 τὴν
537 4179 781 4258 μεγάλην
833 4179 1006 4248 πύλην
1077 4181 1346 4262 ἀριστερόν
1400 4179 1542 4236 ἐστιν
1598 4182 1626 4237 6
1685 4180 1872 4262 τόπος,
1906 4183 1959 4238 ἐν

315 4267 346 4286 τ.

306 4267 354 4338 ᾧ
434 4263 653 4325 ἔλουσαν
741 4272 788 4326 οἱ
868 4269 1012 4348 ἅγιοι
1096 4267 1413 4328 Ἀπόστόλοι
1483 4269 1582 4336 τὴν
1673 4270 1957 4350 ὑπεραγίαν

2053 3292 2192 3345 sunt
2249 3283 2463 3346 Sancta
2516 3293 2884 3362 sanctorum,
2944 3283 3048 3346 ubi
3103 3285 3399 3347 Zachariae
3453 3288 3694 3366 sanguis

2051 3381 2364 3436 concretus
2391 3381 2502 3450 est,
2559 3383 2620 3436 et
2669 3373 2820 3454 lapis
2871 3390 3218 3454 suspensus.
3277 3383 3334 3436 et
3361 3373 3694 3438 Salomonis

2051 3461 2650 3544 templum,peculiari
2665 3460 3012 3524 muro.Item
3025 3461 3098 3523 ad
3111 3461 3540 3524 occidentalem
3555 3483 3692 3544 por-

2045 3557 2164 3612 tam
2195 3559 2411 3612 sanctae
2438 3551 2688 3612 civitatis
2717 3559 2801 3612 est
2851 3551 3033 3612 turris
3080 3550 3378 3627 Davidica,
3411 3551 3510 3613 ubi
3535 3571 3690 3614 con-

2047 3639 2202 3701 sedit
2246 3658 2426 3721 super
2470 3646 2694 3715 cinere,
2757 3646 2817 3702 et
2870 3639 3109 3720 scripsit
3164 3639 3568 3703 Psalterium:
3628 3641 3692 3705 in

2045 3729 2250 3791 dextra
2305 3737 2472 3810 parte
2530 3732 2730 3802 turris,
2801 3729 3200 3790 lithostrotum
3259 3737 3371 3804 est,
3436 3731 3688 3794 ecclesia

2045 3834 2243 3899 parva,
2274 3818 2378 3878 ubi
2433 3818 2616 3882 ludas
2670 3817 2990 3880 Dominum
3051 3817 3335 3898 prodidit.
3396 3821 3450 3882 A
3481 3819 3690 3882 dextra

2045 3915 2241 3968 autem
2275 3907 2592 3968 lithostroti
2637 3914 2728 3968 est
2781 3909 2845 3970 S.
2905 3905 3076 3988 Sion,
3137 3905 3350 3968 domus
3378 3907 3512 3972 Dei.
3543 3908 3689 3974 Inde

2039 3994 2104 4056 in
2132 4014 2342 4075 magna
2372 4004 2557 4077 porta,
2593 4003 2760 4076 parte
2815 3995 3080 4070 sinistra,
3141 3995 3310 4058 locus
3339 4005 3448 4074 est,
3480 3999 3542 4060 in
3573 4019 3690 4081 quo

2041 4087 2229 4146 sancti
2259 4085 2511 4165 apostoli
2541 4085 2859 4148 abluerunt
2886 4085 3322 4148 sanctissimam
3363 4086 3473 4150 Dei
3500 4089 3690 4152 Geni-

2039 4173 2248 4237 tricem
2282 4183 2414 4255 post
2468 4173 2696 4236 obitum
2751 4174 2964 4256 ipsius.
3025 4173 3255 4238 Deinde
3313 4175 3386 4238 ad
3419 4178 3686 4240 dextram

2039 4271 2489 4344 portazIpartem
2535 4271 2622 4326 est
2679 4263 3110 4344 spiramentum
3168 4265 3458 4344 gehe'nna;
3504 4267 3681 4348 ignis.

309 4357 567 4414 Θεοτόκον
597 4359 734 4432 μετὰ
789 4357 962 4425 ἔξοδον
1021 4362 1209 4426 αὐτῆς.
1271 4361 1372 4418 Καὶ
1437 4361 1510 4424 εἷς
1568 4359 1630 4414 τὸ
1657 4356 1822 4424 δεξιὸν
1852 4359 1955 4436 μέ-

2048 4355 2119 4416 Ac
2141 4354 2311 4434 juxta
2340 4354 2494 4415 hanc
2521 4359 2634 4414 stat
2663 4352 2812 4434 lapis
2839 4353 2917 4414 ad
2977 4372 3154 4434 quem
3213 4355 3411 4432 ﬂagris
3437 4356 3677 4418 cecide-

304 4465 394 4522 ρος
421 4451 522 4512 τῆς
579 4449 741 4515 αὖτῆς
784 4447 956 4516 πύλης
1027 4447 1162 4504 ἐστὶν
1219 4449 1254 4516 ἡ
1316 4447 1555 4515 ἀναπνοὴ
1606 4451 1706 4514 τῆς
1737 4447 1956 4527 γεέννης

302 4555 395 4590 του
447 4537 612 4614 mpii;
670 4539 767 4596 Καὶ
818 4536 1044 4605 πλησίον
1125 4539 1287 4604 αὐτῆς
1344 4535 1560 4593 ἵσταται
1621 4538 1649 4592 6
1691 4535 1852 4610 λίθος,
1901 4537 1955 4594 ἐν

303 4627 350 4698 ᾤ
391 4623 834 4704 ἐπραγγέλλωσαν
889 4628 980 4683 τὸν
1035 4629 1260 4706 Χριστὸν
1317 4627 1404 4682 καὶ
1449 4628 1579 4682 Θεὸν
1621 4626 1797 4702 ἡμῶν.
1856 4629 1954 4685 Καὶ

329 4713 344 4734 ν
487 4715 500 4732 ‘
576 4714 600 4736 η
842 4716 854 4738 ν
1021 4724 1046 4735 α-
1396 4714 1408 4736 Ι
1605 4717 1622 4738 \
1715 4715 1728 4733 ἴ
1813 4713 1857 4751 Ἰ.⁸

302 4733 378 4777 εις
448 4735 515 4770 τα
564 4737 693 4793 αγια
744 4718 890 4794 θδρια
957 4738 1050 4775 του
1104 4719 1469 4794 θυσιαστηριω
1527 4717 1625 4772 εἶσι
1677 4737 1744 4770 τα
1819 4739 1833 4770 ι
1845 4739 1952 4796 Lm

295 4811 392 4862 τοῦ
444 4810 690 4883 Χριστοῦ,
753 4804 874 4862 ἔνθα
928 4803 1118 4862 ’ἕστατο
1185 4806 1493 4884 κρινόμενος
1553 4805 1654 4862 ὑπὸ
1702 4803 1950 4864 Πιλάτου.

297 4894 391 4954 Εἷς
446 4893 508 4948 τὸ
563 4890 670 4950 ὂιὺν
749 4892 806 4950 δὲ
889 4893 1048 4974 μέρος
1116 4900 1209 4950 τοῦ
1271 4896 1632 4972 θυσιαστεριου
1673 4894 1736 4950 τὸ
1787 4894 1952 4972 ὑπερ-

298 4987 406 5056 ῷον
459 4981 590 5040 ὅπου
653 4980 960 5050 ἐδείπνησεν
1015 4985 1044 5040 6
1087 4985 1306 5063 Χριστὸς
1351 4983 1485 5058 μετὰ
1541 4989 1646 5038 τῶν
1705 4985 1954 5058 μαθητῶν

302 5073 480 5131 αὑτοῦ.
554 5075 654 5132 Καὶ
726 5075 801 5138 εἰς
857 5075 950 5130 τὸν
1007 5073 1163 5132 αὐτὸν
1204 5073 1364 5152 τόφον
1420 5071 1558 5130 ἐστὶν
1616 5070 1876 5151 ὲνίστορος
1925 5075 1954 5128 6

302 5165 583 5240 Φαρισαῖος
633 5163 850 5244 αὐχῶν,
895 5163 984 5218 καὶ
1038 5164 1068 5218 6
1123 5159 1370 5228 Τελώνης
1427 5166 1689 5218 ταπεινῶν
1745 5158 1950 5221 ἔαυτόν.

301 5249 393 5308 Καὶ
415 5253 488 5318 εἰς
513 5253 615 5322 τὴν
645 5253 870 5332 κόγχην
899 5254 998 5318 τῆς
1029 5249 1180 5329 ἁγίας
1205 5250 1345 5332 Σιιξον
1373 5247 1536 5327 ἤγουν
1577 5258 1670 5308 τοῦ
1712 5271 1952 5328 πραιτω-

285 5339 395 5421 ρίου
439 5343 552 5402 ἐστὶ
570 5319 581 5322 ﬁ
610 5319 954 5422 τετρακιόνιν
1011 5319 1220 5417 μικρόν.
1269 5319 1438 5397 Ἔνθα.
1477 5341 1513 5408 ἡ
1572 5319 1846 5420 ἀνθρακία,
1900 5337 1952 5396 ἐν

275 5433 322 5509 ᾧ
346 5431 496 5509 τόπῳ
520 5431 794 5515 ἠρωτήθη
825 5429 856 5484 6
886 5425 1040 5507 ἅγιος
1085 5427 1280 5508 Πέτρος
1331 5428 1474 5508 παρὰ
1513 5431 1613 5496 τῆς
1643 5424 1948 5503 παιδίσκης,

263 5521 351 5584 καί
417 5525 713 5607 ἠρνήσατο
791 5516 857 5574 ἐκ
924 5516 1098 5597 τρίτου
1150 5521 1243 5576 τὸν
1313 5519 1562 5600 Χριστὸν,
1621 5517 1710 5574 καὶ
1764 5515 1952 5582 εὐθέως

1976 4413 2027 4474 D

2040 4451 2176 4504 runt
2205 4442 2504 4507 Christum
2564 4441 2878 4503 Dominum
2937 4449 3226 4505 nostrum.
3287 4442 3360 4504 Et
3410 4445 3469 4504 in
3499 4443 3685 4506 sacris

2040 4533 2288 4614 portulis
2323 4531 2643 4594 sanctuarii
2689 4539 2828 4592 sunt
2883 4532 3109 4594 Christi
3157 4531 3419 4611 vestigia,
3451 4533 3554 4594 ubi
3581 4534 3682 4595 in-

2037 4621 2204 4698 stitit,
2239 4622 2410 4684 Pilati
2437 4619 2729 4703 judicium
2763 4619 3031 4682 subiens.
3065 4620 3114 4681 A
3143 4620 3351 4682 dextra
3380 4640 3523 4684 vero
3553 4641 3686 4684 san-

2039 4710 2252 4772 ctuarii
2283 4718 2373 4773 est
2400 4710 2799 4790 cenaculum,
2861 4709 2924 4770 in
2983 4727 3098 4790 quo
3132 4711 3386 4771 coenavit
3415 4709 3684 4774 Christus

2037 4817 2172 4861 cum
2203 4799 2509 4880 discipulis
2541 4799 2688 4862 suis.
2734 4798 2960 4860 Eodem
3017 4799 3080 4858 in
3137 4799 3268 4860 loco
3297 4799 3571 4880 depictus
3597 4809 3688 4862 est

2036 4885 2366 4949 Pharisaeus
2386 4905 2451 4950 se
2465 4887 2720 4967 jactans,
2750 4896 2808 4948 et
2842 4885 3200 4949 Publicanus
3221 4905 3287 4948 se
3315 4887 3683 4968 deprimens.

2039 4979 2332 5039 Praeterea
2359 4977 2434 5038 ad
2487 4977 2777 5039 concham
2837 4973 2896 5039 S.
2955 4975 3177 5050 Sionis,
3213 4975 3493 5038 nimirum
3523 4996 3680 5058 piae-

2039 5065 2199 5141 torii,
2236 5073 2328 5128 est
2382 5065 2964 5146 quadricolumnium
3017 5083 3284 5146 parvum,
3340 5065 3444 5126 ubi
3477 5066 3680 5144 focus,

2037 5173 2152 5235 quo
2183 5155 2245 5216 in
2275 5156 2411 5218 loco
2442 5155 2508 5217 Β.
2544 5157 2754 5216 Petrus
2791 5153 3194 5234 interrogatus
3223 5163 3315 5216 est
3338 5153 3410 5216 ab
3441 5155 3681 5232 ancilla,

2035 5261 2104 5304 ac
2162 5247 2334 5305 tertia
2382 5243 2511 5306 vice
2567 5243 2860 5306 inﬁciatus
2914 5243 3226 5323 abnegavit
3247 5241 3546 5306 Christum
3575 5265 3591 5321 ;
3622 5255 3685 5308 et

2039 5332 2349 5395 confestim
2400 5331 2592 5412 gallus
2636 5330 2911 5394 cantavit.
2955 5332 3151 5413 Atque
3212 5332 3324 5396 hoc
3377 5333 3504 5413 ipso
3555 5335 3684 5398 loco

2037 5419 2198 5484 aedes
2228 5429 2366 5484 sunt
2391 5419 2563 5484 Pilati
2613 5427 2673 5484 et
2719 5421 2908 5483 Annae
2935 5428 2995 5482 et
3031 5420 3268 5502 Caiphae
3312 5427 3371 5482 et
3411 5421 3682 5486 Caesaris.

534 5580 831 5695 ἐφώνησε.
869 5580 968 5664 Kal
991 5607 1066 5670 εἰς
1094 5607 1186 5664 τὸν
1216 5610 1342 5666 αὐτὸ
1364 5580 1714 5665 ,τόπονιὼτὶν
1744 5607 1772 5662 6
1803 5580 1958 5674 οἶκος
1985 5616 2079 5668 τοῦ
2106 5627 2164 5663 τε
2192 5605 2423 5665 Πιλάτου
2476 5606 2566 5662 καὶ
2618 5611 2712 5664 τοῦ
2741 5580 2922 5682 Ἅννα,
2953 5605 3042 5662 καὶ
3081 5614 3176 5665 τοῦ
3204 5605 3446 5687 Κα’ίάφ²›
3477 5609 3564 5667 καὶ
3593 5617 3686 5670 τοῦ

237 5712 546 5794 Καίσαρος.
