4154 6420
234 402 355 475 265

1544 396 1992 469 ENARRATIO
2033 386 2124 465 SY
2133 392 2305 466 ΗΒΕ.

3504 371 3626 452 266

229 535 539 619 Ἀνάργυροι
611 542 838 614 Κοσμᾶς
897 538 987 594 καὶ
1058 535 1350 612 Δαμιανός.
1409 509 1583 593 ’,Εστιν
1635 537 1665 592 6
1719 534 1909 600 τόπος,

1996 541 2111 598 :unt
2140 534 2501 601 sanctissimi
2530 536 2663 614 viri,
2697 532 3011 616 Anargyri,
3044 530 3290 596 Cosmas
3317 526 3630 619 etDamia-

225 625 360 686 ὅπου
418 628 737 698 ἠπήντησεν
814 624 1013 706 Ἰωσὴφ
1098 627 1190 683 τὸν
1274 624 1475 706 πατέρα
1550 624 1730 706 αὒτοῦ,
1805 627 1894 682 καὶ

226 716 625 795 προσεκύνησεν
685 715 774 773 ἐπὶ
831 716 894 773 τὸ
963 713 1123 796 ἄκρον
1180 718 1279 782 τῆς
1336 712 1523 793 ῥάϐδου
1567 716 1746 795 αὐτοῦ,
1806 716 1895 772 καὶ

226 801 449 870 ἐποίησε
509 805 607 861 τὸν
678 803 986 880 ἀσπασμόν.
1061 803 1160 860 Καὶ
1231 803 1305 866 εἷς
1358 804 1451 859 τὸν
1520 802 1678 859 αὐτὸν
1732 802 1894 860 τόπον

228 891 486 971 ἐγεύσατο
528 895 565 961 ἡ
622 892 885 972 ὑπεραγία
939 892 1197 956 Θεοτόκος
1256 891 1391 966 μετᾶ
1441 900 1536 950 τοῦ
1582 889 1782 973 Ἰωσὴφ
1810 893 1899 948 καὶ

232 989 328 1038 τοῦ
356 985 482 1041 Υἶοῦ
510 985 680 1050 αὐτῆς
729 983 802 1045 εἷς
843 983 905 1040 τὸ
950 980 1175 1061 κάστρον
1228 982 1289 1037 τὸ
1332 978 1711 1061 ἐπιλεγόμενον
1741 986 1893 1060 Φαρ-

242 1070 342 1151 μῖι,
370 1072 405 1139 ἢ
446 1069 598 1151 ἀρχῆ
626 1074 730 1137 τῆς
765 1070 1052 1149 Αίγύπτου-

328 1160 429 1217 Καὶ
479 1161 613 1238 πρὸς
678 1157 824 1216 δύσιν
893 1160 966 1223 ὡς
1037 1155 1166 1238 ἄχρι
1234 1160 1449 1235 ἡμερῶν
1518 1156 1607 1214 δύο
1657 1156 1767 1213 ἐστὶ
1835 1157 1897 1212 τὸ

244 1247 519 1323 τυμιάθιν,
589 1248 628 1315 ἢ
697 1246 867 1327 ἐξορία
934 1258 1029 1308 τοῦ
1099 1255 1349 1328 Χριστοῦ,
1421 1247 1645 1326 κάστρον
1732 1245 1894 1324 μέγα.

244 1338 348 1395 Καὶ
412 1338 542 1417 πρὸς
615 1336 761 1393 δόσιν
831 1338 988 1398 αὐτοῦ
1056 1340 1270 1416 ἡμερῶν
1331 1338 1599 1416 τεσσάρων
1655 1334 1795 1392 ἐστὶν
1862 1335 1898 1402 ἡ

240 1423 400 1489 πόλις
471 1422 863 1506 Ἀλεξάνδρεια,
921 1425 1041 1484 ἔνθα
1091 1427 1399 1484 κατάκειται
1456 1429 1484 1483 6
1536 1425 1688 1504 ἅγιος
1742 1424 1897 1504 Μάρ-

237 1534 337 1577 κος
396 1517 427 1571 6
485 1514 788 1578 ἀπόστολος
847 1517 937 1572 καὶ
991 1515 1396 1596 εὖαγγελιστής,
1455 1516 1545 1572 καὶ
1587 1512 1897 1577 Ἀθανάσιος

241 1604 272 1659 6
314 1601 510 1681 μέγας,
579 1605 671 1659 καὶ
716 1603 955 1683 Τρώϊλος
1010 1603 1181 1684 ὅσιος,
1237 1607 1326 1662 καὶ
1363 1607 1392 1662 6
1435 1604 1587 1684 ἅγιος
1643 1602 1897 1670 Ἰωάννης

242 1694 272 1748 6
303 1689 613 1773 Ἐλεήμων,
658 1693 747 1749 καὶ
795 1695 823 1749 6
872 1692 1024 1772 ἅγιος
1078 1694 1298 1774 Πέτρος,
1350 1695 1411 1750 τὸ
1439 1691 1591 1757 τέλος
1620 1697 1725 1749 τῶν
1756 1714 1898 1771 μαρ-

249 1783 444 1862 τύρων,
476 1784 567 1838 καὶ
611 1785 641 1839 6
690 1780 1057 1861 Ἀπολινάριος
1114 1786 1142 1841 6
1198 1781 1489 1863 ὄρθόδοξος,
1549 1783 1637 1840 καὶ
1693 1784 1722 1839 6
1752 1780 1898 1845 ὅσιος

254 1869 497 1935 Βιτάλιος
531 1887 546 1901 ·

257 1959 334 2022 εἰς
388 1960 545 2017 τύπον
601 1967 707 2017 τῶν
760 1959 919 2018 πέντε
974 1962 1246 2041 παρθένων
1295 1967 1401 2018 τῶν
1456 1960 1742 2042 φρονίμων.
1801 1961 1901 2019 Καὶ

259 2048 337 2111 εἷς
403 2050 494 2104 τὸν
557 2047 743 2126 λιμένα
813 2054 914 2117 τῆς
986 2048 1378 2130 Ἀλεξανδρείας
1432 2051 1678 2144 ἵσταταιν
1702 2049 1900 2128 πύργος

259 2138 293 2193 6
361 2134 643 2215 λεγόμενος
696 2139 903 2219 Φάρας,
973 2141 1037 2197 τὸ
1118 2145 1328 2220 πρῶτον
1395 2142 1590 2216 Θαῦμα,
1652 2134 1796 2196 Ἐστι
1849 2134 1905 2193 δὲ

255 2226 581 2300 κεκτημένον
660 2228 766 2285 ἀπὸ
861 2227 1012 2286 ὑέλου
1092 2230 1181 2286 καί
1274 2226 1543 2309 μολίϐδου,
1615 2226 1760 2308 ἔχων
1842 2227 1904 2282 τὸ

252 2313 391 2390 ὕψος
490 2316 792 2394 τριακοσίας
877 2315 931 2382 ἓξ
1014 2318 1285 2396 ὀργυιάς.τ
1356 2318 1454 2377 Καὶ
1549 2319 1680 2397 πρὸς
1762 2312 1905 2371 δύσιν

250 2408 352 2470 τῆς
448 2399 862 2484 Ἀλεξανδρείας,
934 2407 1007 2470 ὡς
1093 2406 1201 2462 άπὸ
1286 2404 1475 2481 μιλίων
1554 2403 1702 2462 ἐννέα
1778 2416 1904 2460 κεῖ-

251 2513 341 2547 ται
415 2493 445 2547 6
520 2491 673 2571 ἅγιος
745 2500 954 2561 Μηνᾶς.
1017 2496 1115 2553 Καὶ
1172 2492 1286 2570 μεθ’
1341 2494 1492 2574 ἕτερα
1562 2491 1701 2550 ἄλλα
1755 2491 1905 2548 ἐννέα

254 2579 408 2657 μίλια
459 2594 638 2638 κεῖται
720 2583 755 2651 ἠ
826 2584 949 2663 άγία
1017 2582 1282 2665 Θεοδώρα,
1351 2587 1387 2652 ἡ
1448 2586 1906 2663 μετονομασθεϊσα

256 2667 553 2749 Θεόδωρος,
601 2670 722 2737 ἥτις
793 2659 886 2729 καί
923 2659 1377 2754 κατηγορηθείσα.
1434 2659 1536 2732 Keil
1576 2674 1709 2753 πρὸς
1757 2672 1907 2729 νότον

251 2764 353 2826 τῆς
399 2758 794 2861 ἶΑλξξανδρείας
816 2764 1062 2861 βμερῶν
1110 2762 1182 2861 ἓξ·
1218 2764 1478 2861 κεῖται.ιὸ
1531 2761 1906 2861 ἅγιοῖμακάῖ

250 2870 363 2927 ριος
391 2850 421 2905 ό
451 2850 648 2929 μέγας,
695 2853 723 2906 6
773 2849 1075 2918 πλησιάσας
1133 2854 1226 2909 τὸν
1268 2850 1608 2932 παράδεισον.
1670 2847 1821 2930 Ἔχει
1852 2847 1908 2905 δὲ

245 2939 283 3006 ἡ
338 2938 503 2996 αὐτοῦ
574 2939 716 3015 μονὴ
769 2937 998 3004 ἆϐϐάδας
1057 2939 1264 3021 χιλίους
1320 2943 1409 2997 καὶ
1477 2939 1631 3022 χίλια
1697 2938 1903 2997 κελλία.

244 3025 398 3085 Ἐστι
455 3026 513 3083 δὲ
560 3026 914 3109 ίδιόκαστρον.
974 3032 1073 3089 Καὶ
1112 3031 1219 3087 ἀπὸ
1273 3037 1364 3087 τοῦ
1414 3030 1564 3109 ἁγίου
1614 3028 1905 3109 Μακαρίου,

254 3117 328 3179 ὣς
386 3115 496 3173 ἀπὸ
546 3118 767 3198 ἡμερῶν
842 3119 1135 3200 τεσσάρων,
1206 3121 1332 3177 εἰσὶν
1391 3122 1444 3176 αἱ
1498 3117 1763 3187 ἆποθῆκαι
1817 3123 1910 3174 τοῦ

258 3201 458 3283 Ἰωσὴφ
485 3208 537 3262 αἱ
578 3206 860 3286 τριάκοντα
908 3205 960 3273 ἕξ
990 3223 1003 3237 ⁸
1061 3210 1151 3265 καὶ
1212 3207 1273 3266 ἐκ
1323 3213 1428 3266 τῶν
1485 3207 1662 3264 ἐκεῖσε
1717 3212 1910 3287 περνᾷς

261 3294 354 3350 τὸν
421 3298 657 3371 ποταμὸν
716 3299 808 3354 τὸν
868 3298 1047 3354 Φισὼν
1117 3300 1189 3364 εἰς
1232 3297 1460 3379 γέφυραν
1514 3296 1911 3375 βασταζομένην

265 3383 373 3440 61:6
414 3382 736 3464 ὁγδοήκοντα
763 3384 1032 3467 καράϐων.
1832 3449 1836 3453 ι

356 3473 458 3530 Καὶ
510 3472 705 3531 ἐκεῖθεν
759 3476 1061 3557 εἰσέρχεσαι
1141 3477 1241 3545 τὴν
1300 3475 1543 3556 μεγάλην
1598 3473 1911 3551 Βαϐυλῶνα,

272 3561 350 3623 εἰς
372 3561 443 3646 τὸ
470 3561 723 3637 βασίλειον
772 3573 867 3623 τοῦ
924 3565 1145 3646 Φαραώ,
1208 3567 1307 3624 Καὶ
1362 3568 1494 3646 πρὸς
1523 3564 1788 3634 ἀνατολὴν
1815 3569 1914 3632 τῆς

272 3644 610 3726 Βαϐυλῶνος,
638 3654 709 3717 ὡς
758 3654 865 3711 ἀπὸ
922 3644 1113 3731 μιλίων
1172 3653 1248 3731 ἓξ,
1308 3644 1484 3712 κεῖται
1546 3657 1575 3711 6
1628 3654 1781 3734 ἅγιος
1811 3652 1915 3731 μέ-

269 3759 371 3816 τις
403 3737 667 3819 ’Λρσένιος
699 3760 715 3775 ⁸
773 3744 864 3800 καὶ
933 3742 1040 3801 ἀπὸ
1096 3742 1544 3825 ἆνατολικώτερον
1600 3743 1759 3804 αὐτοῦ
1783 3744 1917 3818 ἠμε-

262 3832 371 3907 ρῶν
439 3830 706 3910 τεσσάρων
775 3846 954 3891 κεῖται
1015 3835 1045 3890 6
1100 3832 1251 3913 ἅγιος
1309 3831 1617 3899 Ἀντώνιος.
1677 3830 1814 3890 Ἀπὸ
1861 3829 1917 3889 δὲ

257 3924 354 3976 τοῦ
407 3918 560 3999 ἁγίου
630 3918 914 3979 Ἀντωνίου
968 3924 1044 3987 ὡς
1098 3922 1206 3980 ἀπὸ
1257 3925 1473 4004 ἡμερῶν
1525 3921 1615 3980 δύο
1683 3921 1821 3979 ἐστὶν
1881 3922 1918 3989 ἡ

258 4004 482 4088 Ἐρυθρὰ
508 4008 772 4089 Θάλασσα,
831 4014 920 4069 καὶ
960 4015 990 4070 6
1046 4011 1189 4077 λίθος
1240 4012 1361 4070 ἔνθα
1412 4011 1541 4080 ’έστη
1602 4014 1631 4069 6
1661 4016 1917 4087 Μωΰσῆς,

256 4099 349 4154 καὶ
430 4099 732 4180 σφραγίζων
812 4102 911 4171 τὴν
978 4101 1269 4179 θάλασσαν,
1342 4106 1416 4167 ὡς
1490 4105 1774 4183 σχισθετσα
1847 4102 1920 4165 εἰς

261 4189 523 4262 τμήματα
589 4187 792 4274 δώδεκα
862 4193 1003 4248 κατᾶ
1069 4191 1264 4274 φυλήν,
1335 4194 1425 4250 καὶ
1482 4191 1716 4273 περάσας
1787 4191 1922 4267 μετᾶ

265 4283 363 4335 τοῦ
387 4275 517 4337 λαοῦ
542 4282 725 4343 αὐτοῦ.
758 4269 856 4338 Ἦν
898 4279 954 4337 δὲ
1009 4269 1096 4339 τὸν
1128 4269 1344 4362 πέραμα
1398 4269 1564 4359 μίλιαν
1596 4278 1723 4337 δέκα
1752 4280 1917 4343 ὀκτώ.

271 4362 462 4445 Ἕτγῦς
518 4365 573 4425 δὲ
622 4375 724 4437 τῆς
782 4374 947 4439 ain-71¢
1006 4370 1203 4452 πέτρας
1258 4370 1380 4428 ’ἔνθα
1434 4373 1462 4428 6
1504 4375 1735 4438 Μωΰσῆς
1764 4367 1919 4450 ἔστη,

1974 643 2106 689 nus.
2160 624 2264 688 Est
2291 625 2469 689 etiam
2514 626 2700 702 locus,
2734 623 2838 688 ubi
2879 620 3179 703 Josephus
3206 616 3359 702 patri
3389 615 3623 679 obviam

1974 713 2158 788 venit,
2179 714 2313 777 etin
2342 715 2525 797 virgae
2553 715 2743 798 ipsius
2772 710 3112 776 summitate
3141 709 3425 798 adoravit,
3448 724 3516 798 ac
3538 723 3630 770 sa-

1977 803 2333 867 lutationem
2352 796 2812 887 amplexumque
2833 801 3083 886 peregit.
3108 798 3234 863 Hoc
3255 797 3470 887 eodem
3493 796 3625 860 loco

1979 892 2324 956 beatissima
2352 895 2611 976 Deipara
2637 886 2837 958 cibum
2896 890 3150 973 sumpsit
3202 907 3338 953 cum
3365 886 3628 970 Josepho

1978 989 2036 1045 et
2063 982 2212 1046 Filio
2239 983 2315 1045 ad
2338 984 2670 1062 castellum,
2696 987 3105 1064 nuncupatum
3125 980 3422 1043 Pharma:
3450 984 3628 1059 atque

1977 1072 2091 1133 hoc
2120 1071 2350 1154 [Egypti
2377 1072 2614 1135 initium
2644 1080 2755 1136 est.

2059 1159 2214 1223 Hinc
2243 1161 2316 1223 ad
2348 1179 2648 1237 occasum,
2680 1161 2875 1242 spatio
2891 1157 3339 1241 propeduorum
3363 1154 3625 1231 dierum,

1983 1260 2073 1312 est.
2103 1249 2462 1327 Tamiathin,
2497 1250 2771 1313 exsilium
2790 1248 3031 1330 Christi,
3055 1246 3361 1310 castellum
3387 1244 3624 1326 ingens.

1979 1338 2127 1400 Tum
2156 1338 2231 1399 ad
2261 1339 2570 1402 occiduam
2624 1339 2755 1420 ejus
2804 1345 3055 1419 partem,
3105 1343 3356 1417 quatuor
3387 1334 3632 1397 circiter

1983 1426 2215 1489 dierum
2243 1426 2578 1503 intervallo,
2603 1428 2715 1490 sita
2739 1426 2990 1489 esturbs
3011 1424 3390 1499 Alexandria,
3420 1423 3526 1485 ubi
3538 1423 3629 1504 ja-

1981 1524 2120 1579 cent
2142 1518 2210 1579 Β.
2235 1518 2473 1580 Marcus
2495 1517 2795 1599 apostolus
2817 1529 2876 1579 et
2898 1514 3276 1597 evangelista,
3297 1521 3355 1576 et
3376 1514 3630 1577 Athana-

1981 1606 2105 1668 sius
2162 1610 2430 1685 Magnus,
2489 1626 2559 1669 ac
2643 1605 3000 1669 venerabilis
3076 1603 3335 1680 Troilus,
3394 1621 3633 1667 necnon

1979 1704 2219 1758 sanctus
2248 1695 2508 1759 Joannes
2536 1695 2848 1773 Eleemon,
2882 1705 2944 1757 et
2972 1698 3036 1759 B.
3068 1694 3279 1758 Petrus
3307 1701 3631 1777 martyrum

1980 1784 2296 1860 terminus,
2330 1792 2390 1847 et
2440 1784 2841 1866 Apollinarius
2889 1784 3274 1863 orthodoxus,
3306 1791 3366 1847 et
3391 1783 3627 1846 confes-

606 1872 693 1929 καὶ
748 1874 802 1928 αἱ
856 1859 1013 1929 πέντε
1056 1873 1301 1953 παρθένοι
1371 1872 1570 1937 αἵτινες
1619 1871 1899 1951 γεγόνασιν

1996 1891 2083 1935 sor
2109 1872 2379 1949 Vitalius,
2414 1882 2473 1937 et
2495 1859 2771 1956 quinque
2816 1873 3074 1953 virgines
3124 1859 3631 1955 quaiconforma-

1982 1970 2121 2025 runt
2145 1982 2210 2025 se
2238 1963 2311 2025 ad
2341 1982 2542 2025 mores
2570 1959 2863 2042 virginum
2894 1962 3303 2046 prudentium.
3334 1961 3529 2047 Atque
3556 1959 3633 2024 ad

1986 2059 2221 2134 portum
2239 2051 2616 2115 Alexandria;
2645 2060 2865 2115 structa
2900 2052 3080 2114 turris
3110 2061 3222 2128 est,
3257 2072 3387 2135 quae
3415 2053 3636 2115 dicitur

1987 2140 2495 2221 Pharas,primum
2509 2141 2671 2205 inter
2684 2140 3306 2205 miracula.Estautem
3316 2161 3637 2223 coagmen-

1987 2236 2105 2291 tata
2130 2230 2280 2291 vitro
2338 2238 2399 2292 et
2425 2229 2695 2311 plumbo,
2729 2230 2791 2291 in
2821 2229 3199 2293 altitudinem
3232 2238 3635 2295 trecentarum

1986 2335 2089 2379 sex
2121 2318 2418 2380 ulnarum.
2455 2318 2685 2383 Deinde
2716 2319 2789 2381 ad
2828 2318 3201 2383 occidentem
3230 2321 3631 2399 Alexandriae,
3694 2396 3697 2397 ν

1987 2415 2266 2488 tanquam
2301 2407 2509 2470 millib.
2545 2426 2781 2480 novem,
2817 2407 2963 2471 situs
3014 2418 3104 2473 est
3150 2409 3215 2472 S.
3263 2411 3491 2474 Menas.
3525 2407 3632 2474 Ul-

1988 2496 2174 2559 terius
2201 2495 2333 2558 aliis
2374 2513 2434 2559 1x
2464 2496 2616 2560 mill.
2648 2497 2907 2578 peractis
2938 2497 3177 2561 condita
3206 2503 3299 2563 est
3330 2496 3393 2563 S.
3427 2496 3633 2562 Theo-

1988 2585 2153 2661 dora,
2189 2605 2322 2668 quae
2354 2593 2582 2649 mutato
2612 2587 2858 2649 nomine
2908 2587 3069 2651 dicta
3121 2595 3213 2651 est
3255 2588 3634 2667 Theodorus,

1991 2684 2406 2739 et‘accusata.
2464 2674 2618 2736 Hinc
2698 2675 2776 2737 ad
2855 2677 3173 2740 meridiem
3230 2677 3633 2762 Alexandriae,

1990 2765 2254 2847 quinque
2284 2764 2520 2826 dierum
2551 2763 2763 2845 spatio,
2817 2772 3082 2828 remotus
3113 2773 3205 2829 est
3251 2769 3311 2830 S.
3348 2768 3637 2831 Macarius

1987 2855 2256 2930 Magnus,
2272 2853 2375 2933 qui
2389 2853 2661 2934 paradiso
2673 2854 3185 2936 appropinquavit.
3220 2855 3402 2937 Cujus
3427 2875 3640 2920 mona-

1989 2943 2239 3005 sterium
2273 2942 2516 3004 abbates
2546 2942 2711 3005 mille
2761 2944 3027 3007 continet
3072 2952 3132 3007 et
3160 2945 3324 3013 mille
3370 2946 3638 3011 cellulas.

1989 3030 2095 3093 Est
2124 3039 2320 3092 autem
2370 3050 2479 3111 per
2528 3049 2594 3093 se
2642 3032 2977 3096 castellum.
3027 3031 3178 3097 Item
3225 3052 3260 3095 a
3288 3036 3349 3097 S.
3386 3035 3642 3098 Macario

1991 3120 2234 3195 distant,
2265 3118 2482 3181 itinere
2511 3118 2745 3182 dierum
2775 3129 3047 3203 quatuor,
3080 3122 3434 3204 repositoria
3462 3140 3643 3188 xxxv:

1992 3207 2265 3290 Iosephi:
2285 3226 2355 3270 ex
2380 3207 2574 3289 iisque
2594 3208 2741 3271 locis
2757 3211 3195 3290 praetervehere
3214 3219 3383 3293 potes
3397 3212 3642 3275 ﬂuvium

1994 3295 2234 3374 Phison,
2294 3297 2368 3359 ad
2416 3305 2658 3378 pontem
2707 3298 2811 3380 qui
2856 3300 3182 3363 sustinetur
3226 3300 3301 3363 ad
3345 3301 3644 3383 octoginta

1993 3403 2263 3465 nawgns.

2075 3473 2268 3555 Atque
2287 3472 2428 3535 inde
2441 3472 2775 3554 ingrederis
2792 3475 3151 3559 Babylonem
3178 3494 3478 3559 magnam,
3497 3478 3647 3543 Pha-

1996 3562 2197 3624 raonis
2243 3562 2489 3641 regiam.
2522 3562 2612 3624 Ad
2642 3563 2936 3628 orientem
2967 3583 3107 3628 vero
3140 3567 3480 3649 Babylonis,
3515 3569 3641 3631 cir-

1998 3651 2209 3714 citervn
2234 3651 2752 3737 millib.;conditus
2772 3662 2862 3715 est
2887 3654 3299 3718 sanctissimus
3315 3656 3642 3723 Arsenius:

2002 3749 2060 3804 et
2088 3760 2123 3803 a
2152 3739 2421 3822 partibus
2447 3741 2580 3821 ejus
2597 3741 2781 3822 magis
2806 3743 3200 3808 orientalibus
3220 3752 3476 3826 quatuor
3507 3745 3643 3809 die-

2002 3848 2135 3892 rum
2162 3830 2652 3908 intervallojsitus
2680 3838 2772 3893 est
2800 3831 3008 3895 beatus
3027 3832 3344 3896 Antonius.
3372 3836 3419 3897 A
3438 3843 3647 3898 sancto

1999 3919 2258 3981 Antonio
2271 3918 2439 3980 bidui
2458 3917 2649 3981 ferme
2667 3918 2885 3982 itinere
2896 3921 3333 3985 occurritmare
3346 3924 3648 4001 Rubrum,

2001 4027 2071 4072 ac
2092 4027 2295 4071 saxum
2317 4008 2420 4070 ubi
2442 4008 2603 4071 stetit
2622 4012 2858 4090 Moyses
2879 4019 2937 4073 et
2953 4011 3116 4092 virga
3153 4012 3410 4090 signavit
3439 4031 3602 4076 mare
3629 4032 3648 4092 ;

2003 4097 2162 4179 quod
2193 4106 2421 4160 sectum
2465 4104 2555 4160 est
2603 4096 2665 4159 in
2716 4115 2807 4181 xu
2858 4104 3080 4180 partes,
3140 4119 3246 4183 pro
3275 4101 3509 4165 ratione
3537 4100 3652 4164 tri-

2002 4185 2231 4249 buum:
2287 4185 2537 4267 proinde
2582 4187 2813 4268 trajecit
2841 4206 3047 4271 aaquor
3100 4209 3235 4252 cum
3266 4192 3487 4272 populo
3515 4208 3652 4256 suo.

2002 4274 2139 4338 Fuit
2167 4277 2449 4357 trajectus
2478 4275 2581 4338 ille
2608 4293 2753 4339 xvm
2783 4276 2932 4342 mill.
2959 4279 3131 4342 Juxta
3150 4297 3357 4343 saxum
3387 4280 3560 4359 illud,
3592 4279 3658 4344 in

2004 4383 2120 4446 quo
2139 4365 2428 4446 propheta
2442 4364 2729 4440 constitit,
2756 4366 3093 4447 petroleum
3123 4368 3276 4432 ﬂuit.
3295 4367 3442 4431 Inde
3461 4386 3658 4447 egres-

268 4452 357 4530 ρεϊ
403 4458 471 4565 :6
524 4457 858 4537 πετρέλαιον.
920 4457 1172 4526 Ἐξελθὼν
1233 4458 1289 4517 δὲ
1345 4459 1522 4517 ἐκεῖσε
1580 4460 1909 4530 κατήντησαι

2005 4472 2106 4555 sus
2134 4453 2208 4516 ad
2239 4454 2457 4565 Baithu
2512 4454 2801 4565 deve'niti
2851 4456 2952 4557 ubi
3002 4457 3350 4565 interempti
3379 4467 3657 4565 sunt‘se-

269 4544 344 4607 εἷς
403 4535 636 4622 Ῥαῶοὺ,
697 4547 818 4633 ἔνθα
874 4548 1217 4629 ἀνηρήθησαν
1273 4553 1321 4607 οἱ
1378 4549 1686 4606 ἑπτακόσιοι
1742 4547 1909 4605 Πατέ-

2006 4543 2295 4625 ptingenti
2325 4546 2532 4607 Patres
2579 4561 2615 4604 a
2657 4544 2960 4610 Barbaris.
3021 4548 3090 4610 In
3147 4535 3361 4609 eodem
3390 4546 3494 4609 illo
3523 4547 3658 4609 loco

268 4654 356 4710 ρες
410 4636 516 4693 ὑπὸ
571 4643 677 4693 τῶν
748 4635 1056 4718 Βαρϐάρων.
1141 4636 1232 4697 Ἐν
1299 4638 1483 4714 ἐκείνῳ
1540 4635 1595 4694 δὲ
1651 4644 1727 4714 τῷ
1773 4637 1923 4712 τόπῳ

267 4721 381 4780 ἐστὶ
423 4725 515 4782 καὶ
560 4728 596 4794 ἡ
642 4727 941 4806 ἀκρότομος
1001 4728 1191 4809 πέτρα,
1247 4729 1314 4797 ἣν
1374 4726 1627 4793 ἐπάταξεν
1684 4730 1713 4784 6
1770 4733 1926 4784 Μωϋ-

267 4817 398 4893 σῆς,
443 4818 532 4870 καὶ
586 4814 840 4896 ἐρρύησαν
895 4815 1079 4880 ὕδατα.
1142 4819 1242 4877 Καὶ
1296 4817 1357 4875 ὲκ
1406 4825 1500 4876 τοῦ
1554 4818 1711 4874 αὖτοῦ
1760 4815 1925 4872 τόπου

269 4904 348 4966 ὣς
377 4901 484 4959 ἀπὸ
512 4905 728 4985 ἡμερῶν
770 4905 930 4963 πέντε
979 4907 1087 4965 ἐσεὶ
1140 4908 1202 4964 τὸ
1257 4913 1388 4963 Σινᾶ
1445 4902 1587 4986 ὅρος,
1644 4904 1778 4963 ὅπου
1807 4902 1928 4960 ἐλά-

270 4991 439 5061 λησεν
469 4995 497 5049 6
528 4996 657 5059 Θεὸς
686 5002 764 5072 τῷ
811 5003 1033 5075 Μωῦσῇ,
1087 4998 1177 5054 καὶ
1237 4995 1351 5054 εἶδε
1395 4997 1463 5053 τὰ
1506 4995 1716 5054 ὸπίσθια
1746 4994 1927 5056 αὐτοῦ.

275 5082 382 5140 Καὶ
446 5081 676 5152 πλησίον
742 5087 900 5143 αὖτοῦ
954 5085 1068 5143 ἐστι
1124 5088 1187 5144 τὸ
1242 5087 1620 5166 μοναστήριον,
1693 5086 1722 5140 6
1776 5081 1928 5162 ἅγιος

277 5172 466 5250 Βάθος,
516 5177 604 5232 καὶ
660 5178 690 5233 6
773 5174 914 5242 λίθος
999 5175 1121 5233 ἔνθα
1189 5173 1316 5244 ’έστη
1392 5180 1649 5248 Μωῦσῆς,
1721 5176 1930 5252 Θεωρῶν

271 5261 373 5331 τὴν
422 5263 582 5341 βάτον
611 5264 933 5342 καιομένην,
990 5266 1081 5323 καὶ
1139 5265 1216 5343 μὴ
1288 5262 1785 5346 καταφλεγομένην.
1832 5263 1932 5321 Καὶ

268 5350 493 5420 πλησίον
548 5364 646 5416 τοῦ
726 5355 1085 5435 μοναστηρίου
1160 5353 1297 5412 ἐστὶν
1381 5357 1417 5424 ἡ
1488 5355 1736 5432 κάμινος,
1811 5350 1931 5408 ἔνθα

266 5440 571 5524 ἐχώνευσαν
625 5447 689 5503 τὸ
738 5446 958 5527 χρυσίον
1018 5445 1106 5502 καὶ
1159 5446 1222 5501 τὸ
1277 5443 1545 5525 ἀργύριον,
1600 5444 1691 5501 καὶ
1745 5440 1929 5510 ἐξῆλθε

261 5533 321 5590 τὸ
360 5534 678 5617 βοόκρανον,
712 5535 789 5600 είς
843 5534 873 5592 ὃ
926 5532 1231 5594 ἐπίστευσαν
1289 5535 1364 5617 ᾡς
1420 5536 1546 5611 θεῷ.
1598 5532 1700 5590 Καὶ
1732 5531 1806 5595 είς
1836 5532 1928 5587 τὸν

258 5627 414 5687 αὐτὸν
441 5611 610 5686 τόπον
656 5611 791 5683 εἰσὶν
850 5625 897 5682 οἶ
950 5625 1107 5707 τάφοι
1152 5628 1261 5681 τῶν
1305 5611 1560 5703 Ἐϐραίων
1609 5624 1712 5680 τῶν
1738 5619 1930 5687 ἑξακό-

255 5716 381 5778 σίων
428 5715 770 5799 ὀγδοήκοντα
826 5711 1114 5796 χιλιάδων.
1174 5713 1278 5774 Καὶ
1331 5709 1561 5783 πλησίον
1617 5718 1713 5772 τοῦ
1755 5732 1932 5789 μονα-

883 5889 1140 5962 Panos.
1167 5889 1285 5961 Gn.
1312 5888 1487 5964 CXX.

2006 4641 2195 4695 exstat
2250 4650 2435 4714 rupes
2490 4640 2794 4715 peracuta,
2857 4653 2974 4716 qua
3028 4653 3313 4716 percussa
3366 4654 3403 4697 a
3434 4635 3657 4717 Moyse,

2005 4740 2175 4804 aqua;
2205 4723 2407 4785 effusa;
2436 4730 2598 4786 sunt.
2631 4722 2727 4785 Ab
2753 4723 2865 4785 hac
2887 4726 3133 4804 regione
3158 4725 3424 4806 quinque
3446 4724 3663 4788 diebus

2008 4811 2261 4874 dissidet
2289 4830 2461 4873 mons
2493 4811 2684 4888 Sinai,
2718 4811 2824 4874 ubi
2848 4815 3019 4891 ,Deus
3047 4813 3346 4876 allocutus
3377 4821 3467 4876 est
3497 4816 3661 4896 Moy-

2008 4919 2158 4980 sem,
2182 4900 2285 4981 qui
2304 4900 2451 4963 vidit
2479 4901 2811 4983 posteriora
2834 4903 2988 4982 ejus.
3012 4903 3117 4966 Ille
3143 4921 3328 4985 prope
3351 4911 3440 4966 est
3460 4921 3665 4965 mona-

2011 4990 2261 5052 sterium
2292 4992 2353 5054 S.
2387 4989 2557 5067 Bati;
2607 4990 2682 5052 ad
2740 5008 2969 5070 saxum,
3021 4992 3084 5054 in
3134 5012 3250 5074 quo
3279 5002 3441 5055 stans
3473 4998 3665 5055 Moses

2010 5080 2158 5142 vidit
2181 5078 2398 5141 rubum
2427 5078 2735 5141 ardentem
2771 5089 2829 5142 et
2884 5100 3006 5144 non
3036 5082 3438 5147 combustum.
3471 5084 3666 5164 Prope

2012 5170 2127 5233 hoc
2155 5168 2579 5231 monasterium
2610 5168 2817 5231 fornax
2849 5177 2960 5248 est,
3012 5171 3077 5233 in
3127 5191 3245 5253 qua
3298 5170 3432 5235 fuso
3464 5173 3666 5254 lique-

2011 5259 2286 5341 factoque
2341 5276 2486 5320 auro
2545 5265 2604 5320 et
2652 5266 2920 5338 argento,
2980 5260 3307 5325 ediderunt
3372 5259 3665 5323 bubulum

2013 5357 2227 5431 caput;
2250 5347 2313 5409 in
2336 5347 2517 5429 quod,
2549 5346 2731 5409 veluti
2751 5366 2996 5426 numen,
3013 5349 3418 5413 crediderunt.
3442 5349 3668 5412 Eadem

2010 5437 2076 5500 in
2103 5435 2351 5517 regione
2380 5442 2517 5497 sunt
2545 5435 2934 5499 Hebraeorum
2981 5439 3195 5503 tumuli
3248 5447 3668 5504 sexcentarum

2015 5527 2315 5607 octoginta
2333 5524 2656 5588 chiliadum
2669 5575 2684 5591 .
2708 5524 2959 5608 Propius
2974 5526 3048 5591 ad
3064 5528 3492 5593 monasterium
3526 5544 3672 5607 spe-

2014 5626 2208 5681 ctatur
2263 5615 2422 5679 scala
2475 5615 2699 5679 montis
2750 5615 2940 5695 Sinai,
3000 5636 3136 5701 qua).
3190 5618 3408 5700 gradus
3437 5627 3672 5702 septem

2012 5704 2219 5775 habet.
2264 5703 2475 5788 Ibique
2519 5705 2735 5774 visitur
2781 5713 3045 5791 antrum,
3098 5708 3164 5774 in
3213 5724 3332 5795 quo
3379 5708 3675 5795 jejunavit

3265 5887 3308 5952 9
