4154 6406
575 419 697 488 267

1876 425 2280 491 EPIPHANII
2306 425 2655 493 MONACHI

3840 432 3965 498 268

572 551 686 645 lias
713 563 874 620 vates
920 573 998 621 x1.
1051 554 1288 639 diebus,
1345 574 1482 620 cum
1535 555 1764 638 fugeret
1817 574 1852 620 e
1898 544 2168 639 conspecl

2251 557 2514 642 ὶστηρίου
2581 558 2982 640 παραλαμϐάνει
3051 565 3087 632 ἡ
3166 562 3335 622 σκάλα
3415 571 3509 622 τοῦ
3597 572 3723 621 Σινᾶ
3795 564 3951 645 ὅρους

571 644 834 712 Jesabel.
867 647 1151 710 Conditus
1179 647 1353 711 etiam
1386 654 1475 710 est
1519 646 1729 708 eodem
1761 646 1824 708 in
1854 647 2217 710 monasterio

570 733 782 800 beatus
810 736 984 801 Pater
1015 745 1073 800 et
1098 737 1309 800 doctor
1364 744 1566 799 noster
1598 735 1846 800 Climax.
1882 734 2011 798 Non
2041 736 2218 816 longe

569 825 646 890 ab
676 825 780 888 illo
811 827 1172 891 monasterio
1185 825 1516 890 celebratur
1536 825 1914 900 miraculum,
1933 826 2089 906 quod
2109 825 2213 888 Dei

559 915 734 996 jussu
762 916 976 980 factum
1010 926 1095 980 est
1117 915 1258 979 olim
1289 934 1360 978 eo
1383 914 1523 979 loci.
1559 915 1858 977 Praeterito
1887 915 2054 977 altari
2073 915 2210 998 alio,

565 1004 640 1066 ad
672 1014 932 1069 montem
983 1006 1148 1080 Sina,
1195 1006 1446 1068 duorum
1506 1002 1655 1065 mill.
1715 1003 2049 1080 intervallo,
2085 1004 2213 1068 velo

565 1092 812 1158 obduxit
827 1114 1022 1158 arcam
1045 1099 1244 1161 Moses
1260 1103 1318 1157 et
1344 1094 1564 1166 Aaron,
1588 1091 1830 1155 interim
1853 1093 1992 1154 dum
2027 1113 2212 1174 popu-

560 1178 656 1243 lus
683 1180 1069 1246 Hebrzeorum
1098 1201 1133 1244 a
1162 1186 1330 1246 Mose
1360 1182 1700 1245 duceretur.
1735 1183 1825 1244 Tu
1858 1181 1958 1262 qui
1988 1201 2023 1243 a
2050 1183 2203 1244 colle

561 1267 728 1333 Sinai
755 1272 1133 1336 abscedendo
1165 1291 1272 1353 per
1300 1278 1432 1334 octo
1480 1271 1632 1344 dies,
1683 1269 2016 1348 ingrederis
2044 1269 2206 1333 The-

557 1356 822 1443 baidem,
854 1361 958 1424 ubi
979 1363 1141 1443 jacet
1161 1361 1342 1424 abbas
1371 1364 1600 1437 Pastor,
1636 1367 1694 1421 et
1720 1359 2124 1441 frateripsius,
2148 1367 2207 1422 et

557 1447 826 1531 plerique
844 1450 947 1513 alii
974 1451 1282 1514 beatorum
1310 1453 1546 1512 Patrum
1563 1456 1652 1527 ;at
1680 1447 1984 1511 Thebaide
1997 1449 2204 1511 relicta

552 1535 706 1599 viam
730 1539 1034 1603 sexdecim
1058 1539 1290 1602 dierum
1314 1538 1582 1613 conficis,
1597 1544 1655 1600 et
1670 1537 1947 1617 relegens
1962 1537 2203 1618 vestigia

550 1625 627 1688 ad
657 1625 880 1693 Urbem
911 1637 1174 1692 sanctam
1201 1628 1544 1691 reverteris.

2299 647 2500 730 ἔχουσα
2530 649 2773 728 βαθμίδια
2824 652 2977 713 ἑπτά.
3040 654 3139 711 Καὶ
3195 653 3321 721 ἔστη
3377 655 3437 712 16
3496 653 3758 724 σπήλαιον
3816 655 3870 712 ἐν
3901 657 3955 731 ᾦ

2297 739 2606 810 ὲνήστευσεν
2660 739 2841 805 Ἠλίας
2911 744 2938 798 6
3003 744 3280 822 προφήτης
3336 744 3538 822 ἡμέρας
3584 746 3953 823 τεσσαράκον-

2296 849 2384 908 τα,
2414 827 2501 886 ὅτε
2563 828 2749 910 ἔφυγεν
2806 831 2866 888 ὲκ
2926 833 3210 910 προσώπου
3253 841 3344 891 106
3400 830 3652 892 Ἰεσάϐελ,
3713 835 3811 891 Καὶ
3868 836 3950 898 εἷς

2295 918 2357 972 16
2400 919 2526 974 αὐτὸ
2557 921 2908 999 μοναστήριον
2965 934 3138 977 κεῖται
3183 924 3210 977 6
3265 922 3317 978 ἐν
3377 922 3544 1000 ἁγίοις
3579 923 3761 1001 Πατὴρ
3789 924 3955 998 ἡμῶν

2294 1007 2383 1062 καὶ
2425 1004 2757 1089 διδάσκαλος,
2804 1013 2831 1065 6
2863 1007 3084 1085 Κλίμαξ,
3121 1011 3220 1068 Καὶ
3248 1008 3471 1077 πλησίον
3522 1017 3615 1066 106
3665 1033 3951 1087 μοναστη-

2295 1095 2406 1172 ρίου
2452 1095 2560 1153 ἐστὶ
2612 1099 2674 1154 τὸ
2727 1101 2901 1173 θαῦμα
2931 1097 3059 1178 ὅπερ
3117 1098 3324 1177 ἐγένετο
3381 1106 3450 1176 τῇ
3507 1110 3600 1158 τοῦ
3654 1108 3786 1156 Θεοῦ
3841 1123 3946 1157 κε-

2291 1181 2461 1241 λεύσει
2514 1185 2569 1242 ἐν
2627 1189 2767 1262 αὒτῷ
2832 1188 2910 1262 τῷ
2982 1188 3151 1262 τόπῳ.
3238 1187 3568 1252 Εἷσελθὸντες
3645 1187 3698 1244 δὲ
3756 1191 3942 1268 ἑτέρου

2290 1269 2474 1350 ϐωμοῦ
2501 1276 2632 1355 πρὸς
2677 1278 2738 1332 τὸ
2785 1283 2915 1332 Σινᾶ
2942 1275 3085 1356 ὅρος,
3146 1279 3219 1341 ὡς
3276 1277 3382 1334 ἀπὸ
3442 1277 3627 1352 μιλίων
3659 1275 3768 1353 δύο,
3803 1277 3942 1334 ἐκά-

2287 1359 2420 1438 λυψε
2479 1371 2707 1432 Μωῦσῆς
2781 1367 2870 1422 καὶ
2938 1363 3142 1445 Ἀαρὼν
3200 1369 3287 1422 καὶ
3343 1368 3443 1434 τὴν
3491 1364 3738 1440 κιϐωτὸν,
3787 1368 3840 1424 ἐν
3888 1372 3943 1442 ᾧ

2286 1449 2536 1532 ὡδήγησε
2595 1455 2714 1520 τοὺς
2783 1445 3074 1534 Ἐϐραίους.
3139 1453 3275 1512 Ἀπὸ
3335 1455 3389 1511 δὲ
3451 1463 3542 1512 τοῦ
3599 1462 3722 1513 Ζινᾶ
3778 1455 3935 1536 δ’ροῦς

2284 1541 2477 1608 ὁδεύεις
2527 1543 2728 1624 ἡμέρας
2783 1545 2945 1624 ὀκτὼ,
3022 1546 3109 1601 καὶ
3189 1544 3486 1624 εἰσέρχεσαι
3543 1547 3615 1610 εἷς
3661 1543 3930 1624 Θηϐαίδα,

2283 1629 2404 1689 ἔνθα
2432 1647 2608 1690 κεῖται
2662 1636 2690 1690 6
2746 1631 2909 1698 ἇϐϐἆς
2969 1635 3200 1710 Ποιμὴν,
3261 1636 3348 1690 καὶ
3405 1637 3432 1690 6
3489 1631 3709 1713 ἀδελφὸς
3741 1639 3926 1707 αὐτοῦ,

551 1716 643 1806 καὶ
671 1717 862 1778 πολλοὶ
890 1720 1058 1801 ἕτεροι
1086 1724 1194 1778 τῶν
1223 1719 1493 1797 μακαρίων
1516 1717 1604 1774 καὶ
1631 1716 1792 1797 ἁγίων
1823 1716 2067 1796 Πατέρων
2103 1738 2118 1755 ο
2151 1718 2256 1776 ἀπὸ
2287 1719 2341 1777 δὲ
2373 1719 2640 1790 Θηϐαίδος
2668 1720 2860 1786 ὑδεύεις
2887 1723 3089 1803 ἡμέρας
3124 1714 3246 1800 ις’,
3279 1725 3367 1781 καὶ
3396 1722 3555 1781 πάλιν
3586 1725 3932 1806 ὑποστρέσρεις

549 1805 625 1869 εἷς
654 1807 752 1875 τὴν
781 1807 934 1887 ἁγίαν
965 1807 1148 1871 Πόλιν.

630 1893 726 1958 Ad
756 1897 1049 1961 orientem
1065 1898 1313 1962 civitatis
1331 1904 1390 1962 te
1417 1895 1692 1960 confers:
1722 1913 1860 1959 ecce
1887 1894 1996 1958 tibi
2028 1904 2168 1959 extr:

2251 1912 2255 1955 ι
2360 1901 2459 1959 Καὶ
2531 1903 2663 1982 πρὸς
2720 1901 2982 1971 ἀνατολὴν
3030 1909 3130 1971 τῆς
3206 1903 3358 1983 ἁγίας
3416 1902 3622 1968 πόλεως
3683 1902 3781 1969 ’έξω
3822 1910 3925 1972 τῆς

549 1990 778 2072 portam
811 1997 1008 2051 erecta
1038 1996 1292 2072 quatuor
1319 1987 1732 2050 columnarum
1767 1984 1974 2056 moles,
2000 1984 2060 2047 in
2080 2004 2197 2067 qua

544 2067 894 2152 Jepbonias,
931 2067 1206 2160 correpto
1235 2076 1453 2140 feretro
1484 2082 1704 2138 sanctae
1731 2072 2022 2154 Deiparaa,
2059 2093 2192 2136 cum

547 2178 669 2224 non
702 2166 976 2228 crederet
1005 2186 1137 2231 esse
1165 2168 1414 2231 Matrem
1447 2164 1708 2240 Domini,
1750 2161 2048 2225 abscissas
2077 2162 2191 2225 sibi

544 2266 758 2315 manus
787 2256 977 2318 sensit
1000 2277 1016 2332 ;
1039 2275 1174 2318 cum
1207 2263 1407 2337 postea
1435 2253 1808 2329 credidisset,
1842 2269 2079 2314 rursum
2100 2252 2184 2315 illi

542 2354 754 2403 manus
783 2343 1033 2407 redditae
1059 2355 1218 2408 sunt.
1253 2343 1381 2406 Non
1413 2342 1616 2425 procul
1637 2341 1777 2403 inde
1798 2339 1870 2402 ad
1892 2341 2184 2403 orientem

542 2435 632 2491 est
660 2428 722 2493 S.
756 2429 1157 2513 Gethsemani,
1216 2434 1560 2515 sepulcrum
1605 2430 1674 2492 B.
1724 2430 2014 2511 Deiparae,
2049 2447 2181 2510 quae

537 2519 1028 2599 splendidissima
1052 2533 1142 2588 est
1170 2525 1444 2588 ecclesia.
1502 2525 1676 2585 Juxta
1719 2539 1895 2602 quam
1927 2539 2177 2583 venera-

535 2605 676 2697 bilis
696 2613 981 2689 spelunca
1003 2623 1113 2691 est,
1140 2632 1258 2697 quo
1296 2633 1362 2676 se
1394 2617 1706 2694 receperat
1743 2609 2013 2672 Christus
2042 2628 2177 2671 cum

535 2693 880 2779 discipulis:
915 2703 1056 2766 atin
1086 2693 1268 2785 specu
1298 2693 1549 2764 thronus
1568 2707 1658 2762 est
1679 2698 1815 2761 Filii
1845 2697 1974 2773 Dei,
2000 2716 2068 2760 ac
2098 2715 2179 2760 xu

532 2788 935 2866 apostolorum
964 2793 1116 2872 ejus,
1152 2791 1254 2854 ubi
1283 2806 1678 2854 consessurus
1694 2795 1785 2850 est
1809 2785 1882 2848 ad
1903 2787 2180 2866 judican-

533 2872 642 2936 das
669 2893 751 2940 xu
781 2878 972 2942 tribus
1001 2879 1258 2943 Israelis.
1317 2882 1502 2943 Porro
1551 2877 1622 2940 ad
1667 2876 1946 2938 verticem
1980 2875 2179 2938 throni

529 2964 856 3049 Dominici,
879 2971 1146 3033 foramen
1167 2969 1464 3053 quoddam
1487 2975 1599 3042 est,
1621 2967 1787 3046 cujus
1809 2963 2177 3047 profunditas

526 3056 793 3136 conspici
826 3077 945 3121 non
975 3059 1150 3136 valet,
1183 3077 1388 3122 verum
1447 3055 1713 3120 exoritur
1744 3073 1813 3117 ex
1845 3074 1914 3117 eo
1945 3054 2170 3118 vocife-

2277 1987 2448 2058 πόλης
2503 1987 2718 2047 ἵσταται
2774 1993 3116 2071 τετρακιόνιν,
3179 1993 3232 2048 ἐν

2277 2099 2434 2154 μενος
2464 2087 2563 2147 τὴν
2592 2078 2774 2147 κλίνην
2826 2085 2923 2148 τῆς
2975 2082 3258 2160 ὑπεραγίας
3317 2082 3600 2154 Θεοτόκου,
3652 2084 3738 2137 καὶ
3784 2081 3921 2138 ἁπι-

2273 2168 2496 2242 στήσας,
2530 2166 2611 2224 ὅτι
2656 2167 2794 2226 ἐστὶν
2841 2170 2876 2236 ἡ
2929 2176 3019 2224 τοῦ
3076 2169 3260 2247 Κυρίου
3322 2170 3533 2248 Μήτηρ,
3595 2166 3924 2237 ἐξεκόπησαν

3307 1997 3352 2067 ᾧ
3415 1990 3678 2072 Ἰεφωνίας
3735 1991 3925 2072 δραξά-

2271 2257 2322 2312 αί
2377 2268 2561 2335 χεῖρες
2622 2257 2798 2331 016105,
2888 2259 2975 2313 καὶ
3058 2259 3432 2321 πιστεύσαντος
3508 2258 3686 2338 016105,
3753 2257 3916 2314 πάλιν

2267 2343 2487 2411 ἰάθησαν
2543 2347 2594 2400 αἱ
2647 2360 2831 2426 χεῖρες
2892 2345 3068 2408 αὺτοῦ.
3136 2348 3232 2404 Καὶ
3287 2345 3513 2413 πλησίον
3568 2347 3724 2404 αὒτοῦ
3780 2349 3914 2427 πρὸς

2263 2431 2526 2502 ἀνατολήν
2585 2433 2727 2490 ἐστιν
2783 2436 2818 2502 ἡ
2905 2435 3052 2523 ἁγία),
3105 2437 3425 2516 Γεθσιμανὴ,
3508 2439 3536 2491 6
3592 2438 3754 2515 τάφος
3812 2441 3911 2502 τῆς

2260 2521 2547 2599 ὑπεραγίας
2646 2523 2926 2584 Θεοτόκου.
3027 2521 3170 2581 Ἐστι
3268 2522 3321 2580 δὲ
3435 2523 3687 2592 ἐκκλησία
3775 2527 3913 2582 πάνυ

2260 2611 2447 2688 ὡραία.
2483 2612 2580 2670 Καὶ
2628 2610 2851 2680 πλησίον
2908 2616 3072 2680 αὐτῆς
3129 2613 3238 2670 ἐστι
3297 2616 3357 2671 16
3413 2613 3562 2693 ἅγιον
3614 2613 3898 2691 σπήλαιον,

2261 2696 2381 2756 ἔνθα
2418 2700 2705 2781 κατέφυγεν
2763 2705 2790 2758 ὁ
2848 2703 3033 2781 Κύριος
3094 2704 3227 2780 μετὰ
3277 2709 3382 2760 τῶν
3434 2704 3592 2760 αὖτοῦ
3621 2708 3897 2779 μαθητῶν.

2261 2788 2362 2845 Καὶ
2391 2789 2463 2851 είς
2492 2791 2552 2846 16
2581 2789 2840 2860 σπήλαιόν
2872 2790 3010 2848 ἐστιν
3041 2793 3068 2847 ὁ
3098 2792 3275 2870 θρόνος
3332 2792 3424 2849 105
3482 2793 3602 2850 Υἱοῦ
3629 2793 3721 2849 105
3772 2795 3906 2851 Θεοῦ

2261 2878 2350 2933 καὶ
2377 2884 2484 2935 τῶν
2525 2876 2726 2936 δώδεκα
2782 2879 3090 2938 ἀποστόλων
3149 2880 3329 2955 016105,
3390 2879 3508 2938 ἔνθα
3565 2880 3746 2957 μέλλει
3776 2887 3901 2939 καθ-

2259 2964 2457 3036 έζεσθαι
2510 2969 2698 3046 κρίνων
2745 2969 2839 3032 τὰς
2895 2966 3094 3026 δώδεκα
3150 2968 3314 3049 φυλὰς
3372 2969 3464 3026 105
3512 2967 3749 3050 Ἰσραήλ.
3813 2973 3899 3034 Εἷς

2254 3053 2492 3136 κεφαλὴν
2521 3055 2575 3112 δὲ
2616 3057 2709 3115 105
2762 3055 3072 3116 δεσποτικοῦ
3121 3059 3303 3138 θρόνου
3355 3059 3462 3115 ἐστὶ
3515 3062 3654 3140 θυρὶς
3712 3062 3895 3140 μικρὰ,

521 3144 674 3207 ratio
704 3147 910 3223 multa,
963 3157 1028 3212 ut
1074 3152 1191 3212 sint
1237 3148 1337 3231 qui
1387 3147 1645 3210 audeant
1690 3144 1893 3207 dicere
1939 3143 2168 3208 animas

2253 3145 2456 3225 ἀφανὴς
2513 3149 2587 3211 εἷς
2641 3148 2701 3204 16
2753 3148 2935 3228 βάθος,
2995 3150 3081 3205 καὶ
3139 3148 3407 3230 ἐξερχεται
3459 3149 3511 3214 ἐξ
3578 3155 3743 3218 αὐτῆς
3795 3152 3895 3229 ῥυ-

522 3248 657 3295 esse
687 3253 758 3296 eo
789 3236 926 3301 loci.
950 3237 1172 3301 Eodem
1200 3230 1415 3301 in’lodo
1454 3243 1692 3298 centum
1730 3233 1976 3296 inclusae
2005 3241 2164 3309 sunt,

2251 3235 2406 3310 σμὸς,
2438 3235 2556 3303 ἤτοι
2599 3237 2835 3313 βοασμὸς
2890 3237 3078 3302 πολύς.
3141 3241 3239 3296 Καὶ
3301 3237 3550 3315 μέλλουσι
3581 3239 3776 3317 λέγειν,
3810 3240 3891 3297 ὅτι

520 3324 1023 3404 quemadmodum
1084 3335 1143 3390 et
1197 3327 1260 3390 in
1303 3323 1698 3406 Mirophoris:
1758 3338 1827 3384 ac
1881 3322 2173 3402 gubernat

515 3427 678 3507 ipsas
727 3419 964 3502 Stylites
1005 3418 1156 3483 alter
1212 3436 1320 3498 per
1371 3415 1694 3480 fenestram
1730 3429 1752 3507 :_
1808 3421 1867 3474 et
1895 3412 2169 3492 proxime

515 3500 890 3578 dextrorsum
920 3519 1011 3576 est
1040 3512 1416 3588 Manganum,
1479 3522 1683 3566 saxum
1737 3500 1799 3563 in
1830 3521 1945 3582 quo
1976 3519 2164 3564 caesus

510 3613 751 3666 sanctus
778 3603 1034 3666 Jacobus
1065 3599 1252 3660 frater
1277 3595 1408 3658 Dei.
1443 3590 1593 3656 Sunt
1628 3591 1740 3652 ista
1771 3598 1934 3652 certe
1964 3589 2163 3651 omnia

508 3693 575 3755 in
600 3694 756 3756 valle
783 3695 1221 3772 Lacrymarum.
1283 3683 1632 3762 Eodemque
1675 3679 1734 3740 in
1766 3678 1894 3772 loco
1928 3686 2159 3772 torrens

511 3791 604 3846 est
659 3783 894 3846 Cedron
932 3767 1009 3842 vet
1063 3775 1229 3839 vallis
1284 3772 1566 3852 Josaphat
1622 3776 1798 3849 atque
1858 3767 2064 3830 hortus
2095 3769 2158 3831 in

512 3889 629 3952 quo
659 3871 927 3953 proditus
954 3875 1046 3932 est
1094 3863 1399 3953 Christus_;
1459 3859 1724 3939 itemque
1755 3855 2156 3953 mons_0liva-

506 3945 639 4021 rum
661 3945 824 4022 inde
846 3963 1189 4037 assumptus
1219 3959 1328 4016 est.
1349 3949 1517 4012 Stant
1549 3954 1835 4029 praeterea
1863 3945 2157 4008 columnae

505 4047 571 4110 in
597 4048 827 4124 orbem,
858 4058 919 4109 et
965 4046 1027 4107 in
1075 4041 1274 4105 medio
1313 4056 1518 4102 mensa
1550 4057 1565 4097 :
1622 4054 1823 4097 verum
1853 4040 2016 4096 extra
2045 4055 2152 4096 co-

505 4135 766 4214 lumnas,
800 4155 919 4198 non
951 4133 1202 4197 multum
1231 4129 1406 4192 distat
1433 4124 1804 4208 impluvium,
1839 4124 2149 4186 marmori-

501 4222 618 4287 bus
642 4230 919 4288 stratum.
937 4223 1031 4288 Ad
1048 4219 1398 4283 orientalem
1414 4235 1554 4279 vero
1586 4223 1812 4296 partem
1833 4215 2146 4276 columna-

500 4331 659 4392 rum,
723 4314 889 4377 brevi
943 4311 1253 4375 intervallo
1333 4316 1424 4370 est
1498 4306 1770 4378 concha;
1829 4312 1887 4366 et
1943 4323 2150 4368 meusa

499 4403 791 4480 consistit,
825 4403 927 4465 ubi
957 4420 1191 4466 sacrum
1220 4397 1491 4462 celebrat
1521 4394 1856 4476 patriarcha
1875 4393 1972 4457 die
1995 4395 2146 4456 festo

2252 3325 2304 3380 αἱ
2331 3325 2502 3404 ψυχαί
2529 3327 2650 3387 εἶσι.
2697 3327 2796 3384 Καὶ
2851 3328 2924 3390 είς
2971 3329 3061 3384 τὸν
3120 3326 3275 3384 αὺτὸν
3331 3327 3494 3384 τόπον
3550 3329 3676 3384 εἰσὶν
3707 3330 3896 3388 ἑκατὸν

2252 3409 2575 3494 ἔγκλεισται,
2637 3415 2712 3477 ὡς
2773 3414 2857 3471 ἐπὶ
2917 3421 3021 3473 τῶν
3081 3416 3418 3496 Μυροφόρων,
3493 3417 3580 3473 καὶ
3623 3420 3893 3493 ποιμαίνει

2248 3501 2410 3567 αὐτὰς
2466 3502 2732 3571 Στηλίτης
2788 3501 2961 3584 ἕτερος
3032 3503 3116 3563 διὰ
3201 3503 3420 3584 θυρίδος,
3503 3506 3600 3565 Καὶ
3667 3506 3895 3575 πλησίον

2245 3594 2415 3651 αὐτῶν
2461 3591 2625 3660 δεξιόν
2673 3594 2783 3651 ἐστι
2842 3596 2902 3651 τὸ
2957 3595 3230 3673 μάγγανον
3286 3599 3314 3652 6
3356 3593 3517 3662 λίθος,
3577 3595 3694 3653 ἔνθα
3738 3621 3895 3656 κατε-

2240 3681 2384 3749 κόπη
2415 3685 2442 3739 6
2497 3682 2648 3762 ἅγιος
2698 3681 2946 3749 Ἰάκωϐος
2990 3687 3017 3741 6
3073 3684 3410 3766 ἀδελφόθεος.
3471 3687 3582 3743 Εἰσὶ
3639 3685 3890 3746 δὲταῦτα

2241 3771 2413 3828 πάντα
2470 3773 2542 3837 εἷς
2599 3774 2697 3842 τὴν
2766 3771 2985 3831 κοιλάδα
3059 3781 3151 3832 τοῦ
3221 3773 3588 3851 κλαυθμῶνος.
3654 3773 3742 3834 Ἐν
3810 3785 3889 3852 τῷ

2238 3859 2383 3936 αὖτῷ
2435 3861 2584 3937 τόπῳ
2641 3862 2750 3920 ἐστὶ
2805 3864 2891 3920 καὶ
2935 3865 2962 3920 6
3017 3862 3303 3944 χείμαρῤος
3347 3872 3452 3920 τῶν
3508 3862 3738 3945 Κέδρων,
3796 3868 3885 3923 καὶ

2236 3950 2272 4017 ἡ
2326 3948 2510 4014 κοιλὰς
2552 3962 2646 4011 106
2700 3949 2978 4033 Ἰωσαφὰτ,
3041 3954 3128 4009 καὶ
3188 3957 3215 4010 6
3255 3957 3430 4021 κῆπος
3487 3952 3604 4010 ἔνθα
3662 3953 3878 4034 παρεδί-

2237 4035 2357 4124 δοτο
2387 4041 2414 4095 6
2460 4041 2705 4119 Χριστός.
2767 4048 2905 4124 ⁸ξΞστι
2949 4041 3004 4098 δὲ
3061 4044 3149 4098 καὶ
3197 4045 3258 4099 16
3300 4043 3419 4124 ὅρος
3477 4044 3583 4100 τῶν
3627 4042 3876 4124 Ἐλαιῶν,

2234 4122 2353 4184 ἔνθα
2409 4115 2701 4210 ἀνελήφθη.
2767 4115 3025 4212 Ἱστανται
3069 4131 3124 4188 δὲ
3176 4115 3346 4195 κίονες
3404 4130 3742 4212 κυκλοειδὼς,
3791 4115 3879 4189 καί

2231 4215 2392 4292 μέσον
2461 4219 2712 4297 τράπεζα,
2783 4201 2998 4288 νΕξωθεν
3055 4219 3110 4277 δὲ
3163 4228 3269 4280 τῶν
3325 4223 3516 4279 κιόνων
3567 4221 3675 4278 ἐστὶ
3738 4223 3881 4301 περί-

2230 4304 2389 4364 αυλον
2446 4310 2818 4389 μαρμαρωτόν.
2882 4313 3019 4390 Πρὸς
3085 4309 3348 4378 ἀνατολὴν
3407 4309 3460 4367 δὲ
3520 4312 3626 4368 τῶν
3683 4310 3874 4367 κιόνων

2228 4395 2301 4457 ὡς
2331 4395 2436 4452 ἀπὸ
2466 4393 2823 4475 διαστήματος
2871 4398 3051 4478 ὀλίγου
3097 4399 3209 4456 ἐστὶ
3263 4401 3470 4480 κόγχη,
3529 4400 3617 4455 καὶ
3657 4397 3873 4455 ἵσταται

494 4491 911 4556 Ascensionis.
945 4492 1094 4556 Inde
1123 4507 1333 4553 rursus
1383 4484 1627 4550 circiter
1677 4482 1841 4544 mille
1871 4482 2168 4567 passibus,

2251 4483 2477 4562 ῖράπεζα,
2556 4484 2675 4544 ἔνθα
2749 4486 3046 4568 λειτουργεϊ
3131 4491 3160 4545 6
3230 4490 3568 4569 πατριάρχης
3643 4489 3716 4550 εἷς
3773 4487 3873 4554 τὴν

494 4577 663 4643 locus
691 4588 800 4662 est,
826 4580 890 4642 in
939 4599 1055 4662 quo
1087 4578 1357 4643 Christus
1386 4572 1658 4638 consedit
1687 4572 1749 4632 in
1782 4561 1942 4653 pullo
1968 4593 1982 4631 :
2020 4562 2168 4633 ibi-1

2251 4561 2429 4652 ίμέραν
2479 4579 2578 4642 τῆς
2640 4576 2828 4655 ἑορτῆς
3069 4561 3728 4655 ἈναλήψεωςξηἚκεϊθεν
3782 4576 3872 4634 οὖν

493 4666 750 4750 demque
780 4669 912 4732 olea
940 4679 1053 4745 est,
1089 4687 1123 4730 e
1178 4686 1294 4749 qua
1347 4663 1663 4747 quotannis
1691 4679 1922 4723 ramum
1953 4679 2139 4723 unum

488 4755 871 4833 abscindunt,
930 4759 1258 4841 pendentes
1288 4773 1394 4838 pro
1423 4755 1556 4836 ipso
1586 4750 1866 4834 pretium,
1902 4758 1959 4812 et
1989 4768 2138 4841 sup-

489 4845 778 4927 plicantes
833 4839 1243 4927 Hierosolyma
1299 4842 1720 4924 ingrediuntur
1774 4847 1977 4902 sancto
2039 4839 2137 4902 die

487 4935 852 5000 Palmarum.
885 4939 978 5000 Ab
1009 4938 1159 4999 oliva
1206 4937 1319 4998 ista
1369 4933 1532 4996 mille
1577 4950 1732 5014 pass.
1770 4929 1924 5012 quod
1958 4947 2137 4992 omne

488 5022 717 5087 declive
746 5036 858 5100 est,
894 5026 1161 5089 invenies
1190 5023 1564 5096 Bethaniam,
1583 5020 1873 5083 tumulum
1895 5017 2130 5082 Lazari:

485 5129 522 5174 a
545 5111 759 5176 declivi
790 5121 988 5178 autem
1020 5124 1186 5197 parte
1216 5112 1394 5178 Urbis
1443 5121 1664 5174 sanctae
1693 5125 1882 5189 usque
1909 5106 1984 5168 ad
2015 5107 2134 5168 flu-

483 5219 625 5264 men
639 5203 902 5282 Jordani,
921 5204 983 5266 in
995 5223 1110 5286 quo
1134 5203 1460 5286 baptizatus
1483 5209 1573 5264 est
1593 5199 1882 5286 Dominus
1905 5204 2130 5286 noster,

479 5299 618 5353 sunt
633 5290 781 5354 mill.
808 5309 980 5370 xxxv;
1003 5285 1190 5356 totum
1218 5285 1361 5354 vero
1384 5289 1543 5352 istud
1564 5287 1626 5350 in
1657 5285 1888 5350 declive
1917 5285 2127 5367 depri-

483 5377 687 5457 mitur,
722 5380 825 5442 ubi
857 5381 989 5444 fons
1024 5389 1113 5444 est
1141 5380 1337 5445 Meraa.
1389 5383 1583 5442 Trans
1610 5375 1932 5441 Jordanem
1962 5393 2126 5450 vero,

477 5469 672 5549 spatio
705 5470 882 5532 trium
913 5471 1157 5533 circiter
1211 5469 1361 5532 mill.
1419 5467 1720 5550 reperitur
1770 5473 2031 5539 antrum,
2064 5463 2127 5526 in

477 5573 597 5638 quo
619 5557 923 5621 habitabat
942 5558 1302 5625 Przecursor.
1324 5557 1464 5621 Erat
1483 5567 1679 5620 autem
1699 5553 1896 5618 cubile
1913 5553 2124 5635 ipsius,

473 5643 539 5710 in
569 5663 686 5730 quo
718 5647 1088 5731 quiescebat,
1121 5649 1391 5714 sedicula
1428 5667 1500 5711 ex
1523 5665 1589 5711 se
1620 5653 1781 5723 nata,
1817 5663 1888 5708 ex
1914 5643 2125 5707 eodem

473 5751 617 5805 suo
638 5736 763 5802 sive
784 5755 994 5820 specu,
1019 5745 1082 5806 et
1097 5756 1336 5807 camera
1380 5735 1616 5820 exigua.
1646 5733 1753 5801 Est
1778 5733 1956 5801 etiam
1986 5751 2123 5800 sca-

2223 4660 2382 4718 πάλιν
2411 4666 2485 4727 ὡς
2515 4665 2620 4722 ἀπὸ
2671 4665 2846 4741 μιλίου
2901 4667 3015 4731 ἑνός
3074 4667 3214 4724 ἐστιν
3272 4671 3300 4725 6
3353 4668 3537 4740 τόπος,
3573 4666 3626 4723 ἐν
3657 4669 3701 4740 ᾦ
3737 4665 3869 4721 ἐκά-

2221 4753 2361 4806 θισεν
2392 4754 2419 4807 6
2452 4756 2676 4826 Χριστὸς
2720 4755 2805 4811 ἐπὶ
2855 4766 2947 4815 106
3006 4756 3209 4816 πώλου.
3259 4759 3346 4821 Εἷς
3403 4758 3490 4812 16v
3523 4758 3676 4813 αὐτὸν
3707 4753 3867 4808 τόπον

2221 4837 2356 4896 ἐστὶν
2415 4839 2562 4899 ἐλαία
2621 4841 2673 4908 ἐξ
2727 4845 2796 4910 ἧς
2863 4843 2981 4902 κατ’
3060 4846 3296 4903 ἐνιαυτὸν
3351 4846 3605 4903 κόπτουσι
3674 4839 3868 4898 κλάδον

2218 4928 2330 5004 ἕνα,
2377 4927 2605 4995 διδόντες
2661 4934 2810 5013 ὑπὲρ¹
2847 4936 3004 4994 016106
3052 4936 3112 4991 16
3165 4935 3394 5011 τίμημα,
3469 4935 3556 4990 καὶ
3600 4953 3734 5006 μετα
3775 4928 3866 4985 λι-

2216 5024 2315 5086 τῆς
2406 5019 2736 5102 εἰσέρχονται
2793 5024 2866 5088 εἰς
2955 5025 3054 5092 τὴν
3129 5023 3283 5082 πόλιν
3361 5015 3708 5101 Ἰερουσαλὴμ
3796 5025 3864 5096 τῇ

2217 5107 2390 5188 ἡμέρᾳ
2425 5115 2495 5185 τῇ
2524 5111 2845 5192 Βαϊοφόρου.
2905 5108 3041 5169 Ἀπὸ
3098 5110 3153 5168 δὲ
3208 5117 3306 5179 τῆς
3363 5111 3540 5173 ἐλαίας
3571 5107 3861 5189 διερχόμε-

2216 5221 2294 5255 νοι
2361 5197 2534 5275 μίλιον
2592 5199 2648 5256 ἓν
2717 5202 3022 5282 κατώφορον
3079 5203 3329 5282 εὑρίσκεις
3402 5202 3499 5268 τὴν
3580 5199 3860 5274 Βηθανίαν,

2212 5288 2303 5344 τὸν
2358 5289 2521 5368 τάφον
2582 5296 2670 5346 τοῦ
2731 5292 2990 5370 Λαζάρου.
3050 5289 3185 5348 Ἀπὸ
3233 5289 3287 5346 δὲ
3343 5297 3436 5347 106
3493 5285 3861 5346 καταϐασιδίου

2211 5381 2308 5444 τῆς
2340 5377 2493 5455 ἁγίας
2536 5378 2774 5460 Πόλεως,
2819 5379 2919 5443 ἕως
2968 5389 3061 5440 τοῦ
3116 5389 3360 5456 ποταμοῦ
3418 5376 3696 5460 Ἰορδάνου,
3732 5376 3783 5434 ἐν
3815 5380 3861 5451 ᾧ

2211 5463 2498 5535 ἐϐαπτίσθη
2541 5471 2569 5524 6
2602 5457 2810 5548 Κύριος,
2870 5471 3048 5550 ἡμῶν,
3110 5471 3205 5526 εἶσὶ
3261 5467 3410 5544 μιλία
3461 5457 3565 5528 κδ’.
3599 5458 3858 5546 ’Υπάρχει

2210 5551 2264 5610 δὲ
2294 5553 2418 5614 ὅλον
2447 5557 2777 5637 κατώφορον,
2807 5556 2860 5614 ἐν
2911 5561 2957 5632 ᾦ
3011 5557 3123 5616 ἐστι
3178 5558 3265 5615 καὶ
3321 5557 3476 5635 πηγὴ
3527 5560 3625 5622 τῆς
3656 5561 3858 5632 Μερᾶς.

2210 5642 2379 5744 Πέραν
2426 5643 2482 5702 δὲ
2532 5656 2625 5707 106
2676 5643 2936 5726 Ἰορδάνου
2985 5649 3059 5711 ὡς
3115 5647 3221 5704 6116
3275 5645 3486 5744 μιλίων,
3545 5650 3698 5744 τριῶν
3747 5642 3862 5700 ἐστι

2206 5731 2502 5814 σπήλαιον,
2533 5737 2606 5802 είς
2637 5737 2668 5794 ὃ
2696 5735 2823 5811 ᾤκει
2881 5739 2910 5794 6
2967 5735 3294 5819 Πρόδρομος,
3340 5731 3483 5796 Ἐστι
3542 5733 3597 5792 δὲ
3623 5735 3660 5806 ἡ
3702 5734 3860 5801 κοίτη
