4154 6430
301 423 416 493 269

1602 430 2055 499 ENARBATIO
2095 430 2373 504 SYRIE.

3564 428 3694 500 €70

302 558 477 639 αὐτοῦ,
530 560 605 623 είς
686 559 756 627 ἣν
837 560 1137 621 ἀναπαύετο
1218 561 1494 634 πεζοῦλιον
1551 564 1827 647 αὐτοφυὲς,
1888 564 1936 621 ἐκ

2015 620 2017 626 ,
2033 559 2221 642 turigo
2236 559 2567 644 aqumintra
2580 556 2955 643 speluncam.
2975 555 3191 623 Itidem
3201 557 3365 624 intra
3382 577 3683 627 cameram

302 653 397 716 τῆς
450 650 612 734 αὐτῆς
698 650 922 730 πέτρας,
1006 649 1127 718 ἤτοι
1210 650 1496 734 σπηλαίου,
1580 655 1669 711 καὶ
1739 654 1936 733 καμάρα

2034 658 2124 712 est
2150 651 2305 713 fons.
2323 648 2386 713 in
2400 668 2517 732 quo
2535 647 2712 713 Joan.
2737 647 3080 713 Pmursor
3100 647 3458 731 baptizabat.
3492 651 3580 715 Ex
3611 669 3684 715 ea

295 737 478 816 μικρά.
512 722 660 796 νΕστι
712 735 769 795 δὲ
802 722 1004 817 ’βρόσις
1058 737 1243 804 ὕδατος
1299 722 1494 798 ἔσωθεν
1544 749 1637 800 τοῦ
1664 722 1936 811 σντιτηλάίοι)⁴

2033 744 2200 819 parte
2220 746 2310 801 est
2326 722 2610 821 oppidum
2628 738 3028 820 Capernaum,
3053 735 3157 800 ubi
3178 722 3484 801 habitabat
3505 739 3683 805 Chri-

292 826 394 881 Καὶ
423 823 570 884 ἔνδον
619 832 719 896 τῆς
768 827 1013 904 καμάρας
1070 826 1180 886 ἐστὶ
1234 830 1413 909 πηγὴ,
1476 832 1550 894 εἰς
1580 831 1647 899 ἣν
1675 829 1948 904 ἐϐάπτιζεν

289 912 319 968 6
343 912 499 991 ἅγιος
531 913 786 984 Ἰωάννης
842 918 872 973 6
930 914 1257 997 Πρόδρομος.
1320 915 1556 977 Ἐκεῖθεν
1610 917 1666 976 δὲ
1717 920 1947 1000 ὑπάρχει

288 1001 366 1066 είς
424 1005 489 1060 τὸ
547 1006 747 1085 χωρίον
805 1007 1178 1089 Καιπερναοὺμ,
1239 1007 1294 1064 ἐν
1350 1012 1397 1083 ᾧ
1450 1007 1578 1084 ᾤκει
1634 1011 1664 1067 6
1720 1010 1946 1089 Χριστός

282 1091 376 1179 καὶ
430 1076 590 1157 Θεὸς-
612 1076 790 1169 ημῶν.
866 1076 1016 1152 ἐέτι
1091 1076 1176 1150 δέ’
1203 1097 1231 1152 6
1287 1076 1443 1160 οἶκος
1467 1076 1479 1084 ⁷
1500 1103 1594 1154 τοῦ
1652 1076 1941 1179 Θεολόγου,

287 1176 411 1236 ἔνθα
467 1180 678 1259 ἐγένετο
732 1183 820 1239 καὶ
873 1188 966 1240 τοῦ
1022 1184 1415 1265 ἑκατοντάρχου
1468 1187 1531 1243 :6
1583 1186 1777 1263 θαῦμα,
1828 1176 1944 1245 ἐκεῖ

286 1265 597 1349 ἐσχάλασαν
652 1273 741 1328 καὶ
795 1272 885 1329 τὸν
953 1270 1311 1352 παραλυτικὸν
1368 1275 1502 1350 μετὰ
1559 1280 1653 1332 τοῦ
1706 1272 1943 1354 κραϐϐἀ-

283 1377 384 1415 του
411 1358 518 1416 ἀπὸ
573 1365 677 1428 τῆς
735 1359 955 1439 στέγης.
1018 1362 1116 1419 Καὶ
1170 1360 1331 1420 πάλιν
1385 1366 1460 1427 ὡς
1490 1362 1596 1420 ἀπὸ
1625 1360 1800 1439 μιλίου
1827 1363 1944 1428 ἑνὸς

278 1443 505 1503 ἵσταται
572 1448 761 1529 πέτρα,
818 1446 1018 1529 ’έχουσα
1075 1451 1241 1509 τόπον
1310 1450 1554 1531 παυροῦ,
1635 1454 1772 1510 Ενθα
1825 1450 1943 1509 ἐθε-

277 1532 517 1610 ράπευσε
573 1535 672 1603 τὴν
726 1535 1033 1615 Αἱμόρῤουν.
1093 1539 1194 1595 Καὶ
1249 1536 1411 1595 πάλιν
1466 1540 1541 1602 ὡς
1600 1538 1706 1596 ἀπὸ
1770 1538 1943 1615 μιλίου

277 1620 401 1686 ἐνὸς
460 1624 712 1703 εὑρίσκεις
795 1622 1129 1695 καστέλλιον,
1212 1624 1266 1683 ἐν
1350 1630 1397 1702 ᾧ
1477 1626 1619 1684 ἐστιν
1688 1625 1943 1695 ἐκκλησία

277 1709 520 1789 μεγάλη,
583 1713 669 1769 καὶ
736 1711 1023 1792 λεγόμενον
1085 1703 1455 1795 Ἐπτάπηγον,
1516 1714 1571 1771 ἐν
1626 1719 1673 1790 ᾧ
1722 1715 1940 1779 ἐποίησε

280 1800 342 1854 :6
397 1802 574 1874 θαῦμα
630 1807 735 1857 τῶν
790 1800 948 1857 πέντε
1022 1799 1193 1881 ἄρτων
1277 1804 1365 1859 καὶ
1420 1801 1509 1861 δύο
1563 1803 1784 1883 ἰχθύων.
1840 1805 1940 1862 Καὶ

624 1851 732 1945 ἐξτῖ
790 1851 981 1965 me.
1023 1851 1187 1970 ξιξ
1251 1851 1392 1948 εξξξν
1424 1851 2003 1973 ’έέκλξξιζλῖξθ

292 1972 432 2030 ἐστιν
479 1977 506 2031 6
565 1976 718 2040 οἶκος
774 1981 874 2043 τῆς
928 1974 1290 2055 Μαγδαληνῖκ
1365 1980 1439 2045 εἷς
1490 1982 1581 2037 τὸν
1634 1972 1798 2037 τόπον
1850 1981 1941 2039 τὸν

294 2059 609 2138 καλούμενον
680 2062 961 2144 Μαγδαλᾶ,
1046 2064 1166 2123 ἔνθα
1250 2067 1589 2148 ἐθεράπευσεν
1666 2068 1831 2136 αὐτὴν
1910 2071 1940 2126 6

302 2149 511 2230 Κύριος,
563 2151 689 2210 Ἀπὸ
742 2151 798 2209 δὲ
852 2159 960 2209 τῶν
1016 2153 1193 2211 ἐκεῖσε
1249 2155 1470 2237 εἰσέρχῃ
1524 2158 1596 2222 εἰς
1639 2155 1795 2214 πόλιν
1836 2162 1937 2225 τῆς

296 2236 591 2319 Τιϐεριάδος
623 2261 636 2276 ·
723 2239 914 2322 διέρχῃ
991 2240 1045 2298 δὲ
1129 2242 1292 2319 μέσον
1362 2236 1468 2303 τοῦ
1544 2246 1796 2327 κάστρου,
1846 2248 1935 2304 καὶ

285 2343 596 2407 περιπατεῖς
650 2329 801 2409 μιλία
854 2330 1060 2412 δεκαέξ,
1111 2334 1201 2390 καὶ
1261 2333 1512 2413 εὑρίσκεις
1570 2335 1749 2414 βρόσιν
1803 2334 1932 2393 ὕδα-

280 2438 393 2499 τος,
456 2417 512 2475 ἐν
570 2425 608 2498 ᾖ
674 2418 1081 2500 κατελήφθησαν
1148 2424 1197 2478 οἱ
1250 2421 1396 2479 ἐννέα
1455 2424 1708 2499 μαθηταί.
1783 2420 1935 2483 Ἐκεῖ

280 2505 389 2593 ἐστι
431 2510 523 2565 καὶ
552 2511 581 2565 6
608 2508 796 2583 τόπος,
860 2508 915 2564 ἐν
968 2512 1015 2584 ᾦ
1072 2506 1372 2589 ηὐλόγησεν
1428 2514 1456 2569 6
1485 2510 1817 2593 Μελχισεδὲκ
1841 2515 1933 2572 τὸν

281 2592 548 2674 Ἀϐραάμ.
609 2598 707 2655 Καὶ
760 2595 966 2677 ἀνέρχη
1020 2595 1171 2674 μίλια
1220 2596 1334 2674 δύο,
1392 2600 1481 2656 καὶ
1536 2592 1784 2680 εὑρίσκείς
1834 2602 1933 2669 τὴν

278 2686 538 2765 Ναζαρέτ.
598 2687 698 2743 Καὶ
743 2687 870 2743 ὡσεὶ
938 2684 1088 2752 τόξου
1143 2685 1278 2764 βολή
1360 2688 1501 2745 ἐστιν
1558 2691 1594 2758 ἡ
1650 2694 1810 2765 συκῆ,
1864 2690 1932 2758 ἣν

276 2773 648 2852 ἑκαηράσατο
730 2777 759 2831 6
842 2778 1093 2855 Χριστὸς,
1177 2774 1300 2834 ἔνθα
1366 2780 1395 2835 6
1477 2778 1775 2846 Ναθαναὴλ
1840 2780 1935 2836 τὸν

274 2861 545 2919 Φίλιππον
600 2863 841 2943 ἐφώνησε
893 2864 953 2920 τό
987 2879 1001 2894 ⁸
1070 2887 1099 2920 α
1175 2863 1274 2922 Ἐκ
1328 2866 1564 2947 Ναζαρὲτ
1619 2865 1828 2926 δύναταί
1880 2890 1931 2924 τι

274 2950 475 3030 ἀγαθὸν
525 2952 723 3032 dum;
802 2975 831 3008 ι
909 2949 1388 3032 Ἀνατολικώτερον
1460 2952 1515 3011 δὲ
1597 2955 1766 3014 αὐτῶν
1820 2954 1931 3013 ἐστι

271 3038 465 3097 σκάλια
492 3029 645 3116 βτμ’.
708 3029 942 3120 δΑνέρχῃ
995 3041 1085 3096 καὶ
1137 3043 1209 3105 εἰς
1265 3029 1326 3097 :6
1382 3039 1747 3100 διδασκαλεῖον
1805 3043 1858 3101 ἐν
1887 3044 1934 3118 ᾦ

2032 831 2160 887 stus
2188 833 2247 889 et
2275 829 2434 889 Deus
2463 836 2693 889 noster.
2726 825 2817 892 Ad
2846 825 2974 889 haec
3004 824 3221 889 domus
3250 824 3539 907 Theologi
3568 826 3682 889 ibi-

2029 912 2167 976 dem
2196 912 2328 992 fuit,
2359 922 2420 978 et
2447 914 2816 978 centurionis
2872 914 3278 995 miraculum;
3336 914 3682 999 ibidemque

2029 1000 2303 1066 laxarunt
2325 1003 2713 1085 paralyticum
2736 1021 2870 1068 cum
2894 1002 3137 1084 grabato
3159 1022 3196 1066 a
3218 1011 3401 1070 tecto.
3425 1002 3677 1084 Rursus,

2028 1091 2191 1153 mille
2220 1109 2406 1174 prope
2430 1110 2641 1174 passus
2700 1091 2976 1168 ulterius,
3038 1101 3242 1156 cautes
3272 1093 3516 1170 eminet,
3549 1113 3681 1176 quae.

2025 1177 2259 1259 signum
2289 1180 2485 1243 crucis
2514 1198 2860 1262 expressum
2893 1180 3097 1259 habet,
3122 1180 3225 1244 ubi
3240 1180 3530 1245 Dominus
3548 1201 3679 1245 mu-

2024 1266 2235 1331 lierem
2259 1269 2418 1332 ﬂuxu
2437 1270 2744 1350 sanguinis
2774 1270 3096 1333 cruciatam
3121 1270 3369 1335 sanavit.
3402 1269 3677 1335 Totidem

2024 1355 2229 1439 utique
2257 1356 2479 1421 abhinc
2509 1356 2811 1437 passibus,
2868 1357 3100 1421 invenis
3129 1359 3438 1422 castellum
3468 1359 3530 1420 in
3559 1378 3678 1442 quo

2025 1443 2315 1508 aedificata
2344 1454 2437 1508 est
2465 1444 2719 1508 ecclesia
2752 1463 2986 1526 magna,
3019 1445 3181 1528 quod
3211 1445 3434 1509 dicitur
3459 1444 3677 1528 Hepta-

2025 1549 2244 1613 pegum
2280 1553 2297 1615 ;
2332 1533 2451 1596 buo
2482 1532 2545 1595 in
2594 1533 2726 1596 loco
2784 1533 3055 1597 Christus
3108 1533 3297 1597 edidit
3322 1533 3676 1597 miraculum

2022 1623 2289 1702 quinque
2318 1639 2537 1703 panum
2569 1628 2629 1684 et
2658 1621 2915 1686 duorum
2946 1620 3222 1705 piscium.
3259 1625 3471 1687 Postea
3500 1622 3680 1686 milli-

2024 1707 2138 1771 bus
2167 1710 2359 1773 ferme
2415 1709 2649 1773 duobus
2705 1709 2961 1773 ecclesia
3015 1710 3283 1792 quaedam
3335 1720 3450 1790 est,
3498 1720 3676 1795 atque

2022 1796 2201 1860 etiam
2217 1797 2430 1861 domus
2442 1798 2824 1878 Magdalenae,
2843 1798 2919 1862 ad
2938 1800 3246 1880 regionem
3269 1817 3401 1882 quae
3420 1809 3670 1864 vocatur

2020 1883 2308 1967 Magdala,
2344 1886 2445 1950 ubi
2495 1886 2784 1950 Dominus
2833 1905 2965 1951 eam
3017 1888 3270 1951 sanavit.
3303 1888 3393 1951 Ab
3422 1888 3500 1952 iis
3525 1889 3676 1953 locis

2020 1974 2306 2054 migrans,
2323 1975 2662 2057 ingrederis
2686 1975 2749 2039 in
2766 1976 3051 2059 oppidum
3075 1975 3412 2040 Tiberiadis
3425 1994 3442 2055 ;
3456 1978 3676 2043 transis

2019 2080 2129 2145 per
2177 2063 2440 2128 medium
2500 2064 2774 2145 castelli;
2831 2073 2890 2127 et
2943 2063 3324 2148 progrederis
3368 2066 3673 2131 sexdecim

2019 2150 2207 2214 millia
2254 2170 2562 2234 passuum,
2607 2161 2787 2236 atque
2833 2152 3065 2216 invenis
3112 2171 3283 2236 aquas
3328 2154 3576 2232 fontem,
3607 2155 3671 2218 in

2017 2257 2136 2321 quo
2186 2241 2382 2303 relicti
2433 2241 2678 2304 fuerunt
2726 2260 2939 2305 novem
2997 2241 3304 2325 discipuli.
3360 2242 3553 2306 Locus
3581 2251 3674 2308 est

2015 2326 2266 2407 ibidem,
2299 2328 2363 2390 in
2391 2348 2510 2411 quo
2540 2329 2944 2393 Melchisedec
2973 2329 3281 2394 benedixit
3297 2331 3667 2399 Abrahamo.

2013 2417 2163 2480 Item
2187 2417 2492 2499 profectus
2520 2417 2637 2482 duo
2667 2419 2877 2494 millia,
2908 2418 3142 2501 reperis
3163 2420 3479 2485 Nazareth.
3503 2420 3576 2483 Et
3592 2421 3666 2484 ad

2013 2504 2118 2567 teli
2131 2506 2362 2586 jactum
2378 2506 2528 2569 ﬁcus
2551 2518 2665 2583 est,
2709 2507 2808 2570 cui
2846 2507 3210 2589 imprecatus
3230 2515 3320 2571 est
3342 2509 3614 2573 Christus
3644 2529 3662 2572 :

2013 2592 2117 2657 ubi
2129 2592 2456 2657 Nathanael
2468 2595 2542 2656 ad
2555 2595 2898 2677 Philippum
2924 2596 3308 2660 exclamavit:
3353 2596 3670 2680 Numquid

2011 2680 2419 2747 ewNazareth
2439 2684 2681 2765 aliquid
2700 2685 2841 2747 ι)οηὶ
2860 2701 2991 2748 esse
3009 2691 3206 2766 potest
3231 2683 3297 2748 9?
3318 2683 3570 2767 Propius
3592 2685 3667 2750 ad

2017 2770 2312 2835 orientem
2340 2773 2557 2852 gradus
2582 2779 2721 2834 sunt
2767 2771 2861 2835 bis
2907 2772 3074 2835 mille
3122 2773 3378 2838 trecenti
3405 2773 3666 2855 quadra-

2013 2859 2211 2940 ginta;
2243 2861 2497 2942 proinde
2517 2861 2792 2924 ascendis
2820 2860 2897 2923 ad
2926 2861 3197 2924 scholam
3225 2861 3285 2924 in
3317 2880 3435 2944 qua
3462 2862 3668 2926 docuit

2014 2948 2282 3012 Christus
2301 2950 2622 3031 apostolos,
2660 2950 2899 3013 dicens:
2920 2949 3057 3033 Ego
3069 2951 3224 3015 vado
3240 2958 3303 3014 et
3328 2968 3621 3016 assumar
3643 2970 3663 3030 ;

1990 3037 2309 3101 abscedite
2337 3040 2523 3101 etiam
2567 3055 2699 3117 vos,
2755 3040 2816 3101 et
2860 3039 3061 3102 docete
3102 3056 3238 3119 qua
3266 3039 3453 3102 docui
3477 3056 3579 3103 vos
3603 3039 3658 3104 ³.

278 3124 537 3184 ἐδίδασκεν
567 3130 598 3184 6
627 3132 853 3207 Χριστὸς
884 3129 1007 3193 τοὺς
1034 3128 1382 3207 ἀποστόλους,
1443 3128 1640 3209 λέγων.
1699 3148 1731 3191 (
1789 3127 1934 3210 Ἐγὼ

2015 3128 2203 3208 Prope
2225 3126 2380 3189 hanc
2412 3127 2676 3189 scholam
2697 3127 2770 3189 ad
2795 3126 3142 3210 aquilonem
3159 3133 3251 3190 est
3267 3127 3426 3191 zedes
3446 3145 3614 3191 sacra
3643 3146 3661 3194 :

544 3216 963 3297 ἀναληφθῆναι·
1058 3217 1311 3277 ἀπέλθετε
1409 3221 1498 3277 καὶ
1580 3221 1761 3301 ὑμεῖς,
1844 3222 1933 3278 καὶ

291 3299 515 3370 διδάξατε
542 3306 677 3386 ἅπερ
705 3304 907 3373 ’ἐδίδαξα
968 3308 1128 3384 ὑμᾶς,
1190 3332 1218 3365 ι
1281 3306 1515 3377 Πλησίον
1567 3306 1623 3365 δὲ
1677 3299 1769 3366 του
1796 3307 1935 3367 διδα-

293 3392 528 3452 σκαλείου
552 3398 678 3475 πρὸς
734 3394 924 3474 βοῤῥᾶν
981 3395 1121 3455 ἐστιν
1177 3395 1458 3465 ἐκκλησία.
1518 3397 1694 3456 Μέσον
1748 3395 1805 3454 δὲ
1830 3403 1931 3467 τῆς

297 3481 574 3550 ἐκκλησίας
622 3486 835 3542 ἵσταται
905 3483 1072 3560 λίθος,
1131 3488 1202 3550 εἷς
1257 3487 1315 3544 ὃν
1369 3485 1499 3555 ἔστη
1558 3489 1808 3567 Χριστὸς,
1839 3489 1927 3545 καὶ

294 3570 583 3654 ἀνελήφθη.
613 3575 825 3654 Λέγεται
854 3572 911 3631 δὲ
969 3578 997 3633 6
1048 3575 1200 3655 ἅγιος
1247 3575 1412 3641 λίθος.
1458 3578 1548 3641 Et:
1602 3576 1840 3659 κεφαλὴν
1869 3575 1926 3634 δὲ

289 3662 382 3719 τοῦ
407 3662 554 3743 ὄρους
601 3672 699 3722 τῶν
748 3665 980 3725 Ἐλαιῶν
1033 3670 1164 3747 πρὸς
1461 3668 1566 3726 ἀπὸ
1621 3668 1925 3746 διαστήμα-

285 3772 374 3816 τος
400 3752 586 3829 μιλίων
613 3752 791 3822 δεκαὲξ
818 3756 999 3813 κεῖται
1054 3758 1084 3813 6
1138 3756 1291 3837 ἅγιος
1339 3755 1597 3834 Σαμουὴλ
1651 3760 1680 3815 6
1709 3757 1875 3837 μέγας
1904 3800 1922 3819 .

279 3843 365 3899 καί
418 3846 549 3924 πρὸς
608 3843 871 3914 ἀνατολὴν
922 3855 1015 3905 τοῦ
1088 3843 1237 3925 ὅρους
1288 3848 1363 3909 ὡς
1418 3845 1526 3903 ἀπὸ
1580 3843 1756 3923 μιλίου
1812 3846 1928 3911 ἑνός

269 3931 410 3991 ἐστιν
471 3936 508 4004 ἡ
562 3936 818 4009 Βηθανία,
894 3932 1016 3991 ἔνθα
1097 3933 1385 4003 ἀνέστησεν
1460 3936 1553 3991 τὸν
1609 3935 1844 4016 Δάζάρον
1899 3937 1928 3992 6

263 4023 511 4103 Χριστός.
546 4021 1033 4103 ’Δνατολικώτερον
1088 4020 1145 4080 δὲ
1205 4029 1304 4091 τῆς
1362 4023 1622 4091 Βηθανίας
1673 4037 1849 4081 κεῖται
1899 4025 1929 4081 6

262 4112 415 4193 ἅγιος
444 4113 714 4187 Εὐθύμιος
760 4114 791 4168 6
838 4111 1032 4191 μέγας,
1092 4113 1181 4169 καὶ
1236 4113 1369 4193 πρὸς
1425 4109 1689 4180 ἀνατολὴν
1718 4115 1792 4177 ὡς
1822 4111 1928 4169 ἀπὸ

263 4203 449 4277 μιλίων
482 4198 700 4259 δώδεκα
745 4200 886 4259 ἐστὶν
917 4199 1198 4283 ἐκκλησία,
1251 4201 1306 4257 ἐν
1360 4201 1407 4276 ᾧ
1458 4200 1675 4266 καθίσας
1701 4203 1730 4258 6
1761 4198 1930 4277 Ἀδὰμ

257 4289 507 4349 ’έκλωσεν
563 4289 827 4349 ἀπέναντι
891 4300 984 4348 του
1029 4288 1366 4370 παραδείσου.
1428 4290 1660 4358 Πλησίον
1713 4287 1769 4346 δὲ
1829 4296 1929 4358 τῆς

257 4384 415 4451 αὒτῆς
443 4380 750 4448 ἐκκλησίας
779 4380 916 4438 ἐστὶν
972 4383 1002 4438 6
1066 4380 1221 4445 οἶκος
1276 4386 1372 4439 τοῦ
1427 4378 1698 4458 Ἰωακεὶμ,
1755 4401 1929 4457 μονα-

2012 3222 2187 3296 atque
2216 3214 2497 3278 inmedio
2517 3214 2678 3278 illius
2694 3223 2811 3277 stat
2830 3216 3007 3299 lapis,
3048 3216 3112 3278 in
3143 3235 3260 3299 quo
3292 3217 3456 3280 stetit
3481 3217 3661 3280 Chri-

2013 3311 2162 3381 stus,
2194 3310 2254 3366 et
2308 3314 2650 3385 assumptus
2698 3311 2827 3367 est:
2882 3303 3345 3387 nominaturque
3382 3305 3481 3368 hic
3511 3305 3662 3387 lapis

2013 3407 2206 3454 sacer.
2239 3392 2306 3454 In
2330 3391 2476 3472 jugo
2492 3404 2692 3454 autem
2720 3391 2936 3454 montis
2961 3389 3263 3455 Olivarum
3286 3391 3359 3454 ad
3390 3391 3657 3471 boream,

2009 3479 2274 3542 millibus
2302 3479 2603 3544 sexdecim
2634 3498 2937 3563 passuum,
3001 3481 3275 3545 conditus
3300 3490 3391 3544 est
3421 3491 3661 3545 sanctus

2007 3566 2248 3631 Samuel
2294 3587 2577 3649 magnus:
2638 3578 2699 3633 et
2724 3569 2797 3631 ad
2847 3568 3144 3632 orientem
3194 3569 3435 3652 montis,
3489 3571 3659 3653 quasi

2008 3657 2174 3720 mille
2203 3675 2481 3739 passuum
2509 3658 2726 3740 spatio,
2750 3659 3070 3735 Bethania,
3095 3657 3200 3721 ubi
3249 3657 3516 3723 Christus
3539 3659 3657 3723 La-

2006 3765 2208 3809 zarum
2250 3746 2523 3810 excitavit
2551 3766 2585 3809 a
2615 3747 2887 3812 mortuis.
2934 3747 3116 3810 Porro
3143 3746 3206 3809 in
3233 3747 3423 3828 magis
3453 3748 3660 3811 orien—

2010 3835 2113 3899 tali
2141 3844 2309 3917 parte
2332 3835 2637 3899 Bethaniae
2665 3836 2817 3899 ﬁxus
2846 3843 2938 3898 est
2991 3843 3233 3897 sanctus
3262 3854 3510 3917 magnus
3537 3837 3662 3899 Eu-

2009 3925 2290 4007 thymius.
2346 3923 2614 4007 Itemque
2672 3924 2745 3987 ad
2831 3926 3125 3988 orientem
3179 3923 3422 3988 circiter
3474 3926 3663 3989 millia

2010 4013 2354 4094 duodecim,
2377 4023 2469 4077 est
2485 4013 2811 4077 ecclesiain
2842 4012 2973 4076 loco
3005 4013 3107 4076 ubi
3135 4013 3454 4076 considens
3467 4014 3661 4078 Adam

2009 4103 2169 4166 ﬂevit
2198 4121 2233 4166 e
2260 4102 2506 4181 regione
2545 4102 2828 4185 paradisi.
2863 4101 3057 4184 Prope
3083 4102 3399 4165 ecclesiam
3428 4111 3520 4165 est
3544 4104 3660 4166 do-

2010 4210 2143 4254 mus
2168 4193 2460 4266 Joachim,
2497 4191 2949 4256 monasterium.
2981 4197 3180 4273 Atque
3211 4191 3285 4253 ad
3309 4190 3660 4255 orientalem

2012 4278 2361 4341 monasterii
2391 4287 2619 4360 partem
2647 4278 2891 4342 circiter
2920 4288 3171 4361 quatuor
3198 4278 3407 4356 millia,
3436 4287 3527 4343 est
3567 4279 3667 4345 Je-

2008 4368 2180 4430 richo
2205 4388 2225 4431 :
2252 4376 2313 4430 et
2331 4369 2405 4430 ad
2431 4367 2771 4449 aquilonem
2797 4367 3041 4432 Iericho
3061 4367 3305 4432 circiter
3325 4387 3428 4431 sex
3452 4368 3661 4447 millia,

254 4474 491 4551 στήριον,
556 4472 712 4550 Πρὸς
773 4468 1037 4537 ἀνατολὴν
1121 4467 1177 4526 δὲ
1259 4479 1353 4529 τοῦ
1430 4450 1785 4548 μοναστηρίου
1852 4472 1927 4535 ὡς

2015 4455 2236 4551 Edessa
2256 4456 2378 4551 sita
2406 4465 2518 4551 est,
2570 4456 3031 4551 ibiqueconditi
3060 4456 3246 4551 Cyrus
3274 4464 3335 4520 et
3372 4460 3660 4551 Joannes.

250 4544 364 4618 ἀπὸ*
408 4544 634 4639 μιλίων
698 4559 965 4640 τεσσάρων
1023 4558 1163 4616 ἐστὶν
1226 4560 1263 4627 ἡ
1322 4544 1535 4639 Ἰεριχώ
1571 4576 1586 4592 ⁶
1655 4544 1745 4616 καὶ
1798 4560 1930 4639 πρὸς

2015 4545 2189 4640 Item“
2217 4544 2292 4608 ab
2337 4546 2568 4640 oriente
2621 4546 2859 4640 Iericho
2917 4549 3083 4640 quasi
3131 4546 3325 4640 tribus
3376 4544 3663 4619 millibus,

246 4633 433 4732 βοῤῥᾶν
494 4657 620 4719 τῆς
690 4633 902 4730 Ἱεριχίὶ)
982 4651 1057 4713 ὡς
1127 4648 1234 4705 ἀπὸ
1317 4633 1509 4724 μιλίων
1583 4646 1636 4715 ἔξ
1688 4633 1853 4705 ἐστιν·
1895 4651 1932 4718 ἡ

2016 4633 2293 4732 conditus
2308 4636 2508 4732 distat.
2530 4644 2775 4732 canctus
2797 4635 3200 4732 ﬁta-resimas:
3240 4636 3408 4698 locus
3437 4644 3663 4732 estca-

240 4724 493 4820 ἑεῖδὲνσσα,
548 4742 688 4801 ἔνθα
755 4724 937 4820 κεῖται
968 4745 1145 4819 ’Κῦρος
1196 4738 1286 4795 καὶ
1344 4736 1619 4806 Ἰωάννης.
1681 4740 1818 4819 Πρὸς
1874 4735 1931 4796 δὲ

2015 4724 2380 4820 stellam.__i_43t
2394 4742 2449 4820 _a
2474 4724 2708 4820 duobus
2732 4724 2999 4820 millibus
3017 4725 3205 4820 estad
3235 4724 3660 4820 monasterium

237 4838 338 4901 τῆς
410 4810 704 4899 ἀνατολῆς
763 4834 862 4896 τῆς
924 4810 1135 4909 Ἰεριχὼ
1214 4829 1289 4891 ὡς
1359 4827 1466 4884 ἀπὸ
1523 4810 1741 4904 μιλίων.
1767 4832 1929 4907 τριῶν

2015 4811 2367 4909 venerabilis
2393 4812 2642 4877 Zosimae
2695 4812 2916 4909 magni,
2972 4810 3097 4909 ubi
3134 4812 3402 4909 sepultus
3457 4821 3579 4909 est,
3601 4821 3665 4876 et

234 4900 417 4980 κεῖται
468 4924 501 4979 6
562 4921 735 4999 ἅγιος
790 4900 1089 4997 Γεράσιμος
1134 4915 1208 4980 εἰς
1262 4900 1601 4979 καστέλλιον,
1661 4916 1763 4975 Καὶ
1800 4900 1927 4973 ’ἀπὸ

2015 4902 2174 4999 iuxta
2202 4902 2400 4984 ipsum
2427 4912 2668 4999 sanctus
2688 4904 3027 4999 Anthimus.
3051 4900 3224 4999 Et_ad
3242 4901 3659 4999 orientem“-

236 5009 433 5087 μιλίων
491 5006 593 5067 δύο
620 4989 772 5063 ’ἐστὶ
820 4989 884 5062 :6
940 4989 1292 5084 μοναστήριον
1351 5010 1445 5062 τοῦ
1501 5004 1647 5062 ὁσίου
1701 5010 1925 5081 Σωσιμᾶ

2015 4992 2203 5087 ricbo,
2236 4999 2374 5055 octo
2404 4991 2644 5087 circiter
2670 4992 2959 5087 milhhus,
3001 4998 3095 5087 est
3115 4989 3432 5087 Iordanes.
3466 4993 3658 5056 Porro

232 5079 330 5159 «ἰοῦ
386 5096 673 5179 μεγάλου,
766 5091 887 5152 ἔνθα
946 5079 1194 5168 νκεῖταιί
1235 5094 1325 5149 καὶ
1404 5091 1632 5179 πλησίον
1682 5079 1860 5152 αὐτοῦ-
1899 5100 1928 5156 δ

2015 5081 2096 5170 ibi
2122 5090 2212 5146 est
2257 5082 2597 5179 castellum_
2625 5083 2937 5179 exiguum,
2980 5080 3087 5144 ubi
3140 5079 3661 5179 ecclesia_m_agna

238 5170 403 5267 ἅγιος.
447 5170 726 5264 Ᾰνθιμος.
789 5182 893 5241 Καὶ
939 5183 1068 5262 πρὸς
1130 5179 1396 5267 ἀνατολὴν
1450 5186 1551 5250 τῆς
1611 5171 1823 5262 Ἱεριχὼ
1850 5183 1922 5245 ὡς

2015 5180 2240 5267 structa
2267 5182 2381 5250 est,
2426 5171 2500 5267 S._
2550 5172 2827 5267 Trinitati
2881 5173 3133 5267 dicata._
3159 5170 3308 5234 Item
3355 5170 3431 5267 ad
3461 5171 3652 5267 ripam

236 5260 345 5334 ἀπὸ
402 5260 614 5354 μιλίων
675 5270 823 5330 ὀκτώ
874 5260 1014 5329 ἐστιν
1056 5272 1086 5327 δ
1144 5266 1435 5349 Ἰορδάνης.
1514 5278 1642 5329 Εστι
1683 5260 1771 5326 ’δέ
1808 5268 1925 5333 ἐκεῖ

2015 5263 2172 5354 ﬂuvii
2199 5270 2291 5354 est
2319 5264 2611 5345 templum
2639 5262 2998 5354 Prodromi;
3030 5269 3090 5325 et
3118 5260 3178 5323 in
3209 5260 3441 5354 concha
3466 5260 3657 5324 eccle—

228 5347 465 5447 κάστρον
510 5364 745 5444 μικρὸν,
792 5358 923 5441 ἔχον
978 5347 1263 5447 ἐκκλησίαν
1320 5358 1585 5440 μεγάλην,
1635 5360 1737 5430 τὴν
1766 5360 1922 5447 ἀγίαν

2015 5354 2111 5418 sim
2146 5351 2901 5447 lapis_compactus_est,_in
2934 5369 3050 5447 quo
3090 5349 3252 5413 stetit
3289 5347 3652 5447 Praecursor,

227 5438 453 5534 Τριάδα.
514 5438 635 5512 Kal.
713 5438 786 5513 είς
824 5438 934 5505 τὸν
1001 5444 1243 5527 αἰγιαλὸν
1317 5438 1415 5508 τοῧ
1462 5454 1710 5524 ποταμοῦ
1779 5438 1920 5504 ἐστιν

2015 5462 2137 5509 sum
2179 5441 2483 5534 Christum
2518 5441 2883 5534 baptizavit.
2942 5446 3027 5504 Ac
3084 5448 3252 5534 trans
3307 5438 3653 5534 Iordanem,

227 5528 498 5613 ἐκκλησία
561 5548 669 5600 τοῦ
725 5534 1054 5619 Προδρόμου.
1109 5536 1211 5596 Καὶ
1263 5538 1338 5604 εἰς
1392 5537 1491 5607 τὴν
1548 5536 1762 5619 κόγχην
1818 5541 1918 5606 τῆς

2015 5543 2283 5617 tanquam
2325 5532 2402 5597 ad
2450 5531 2615 5597 mille
2671 5548 2902 5614 passus,
2934 5538 3027 5595 est
3053 5529 3342 5612 spelunca
3381 5528 3656 5610 ejusdem

311 5712 351 5768 ι
374 5714 562 5807 Joan.
597 5726 647 5789 ι,
676 5707 782 5773 46.
863 5706 900 5759 5
926 5705 1093 5786 Joan,
1124 5722 1258 5791 xlv,
1285 5705 1392 5773 28.
