4154 6426
458 412 579 499 2η
1339 430 1742 500 EPIPHANII
1781 433 2131 499 MONACHI
2175 430 2620 496 ENARBATIO
2659 430 2932 493 eram.
3720 425 3840 491 272

458 562 760 626 Prodomi.
791 562 1025 629 Deinde
1073 563 1147 627 ad
1192 570 1455 627 austrum
1507 565 1829 647 speluncae,
1863 562 2087 626 circiter

2181 563 2464 632 ἐκκλησίας
2494 564 2710 620 ”σταται
2760 566 2788 619 6
2818 562 2986 641 λίθος⁷
3048 560 3103 617 ἐν
3160 562 3205 637 ᾧ
3260 561 3392 628 ἵστη
3451 564 3479 618 6
3510 560 3841 642 Πρόδρομος,

459 651 692 717 duobus
723 653 988 717 millibus
1043 673 1342 737 passuum,
1398 655 1504 716 ubi
1545 654 1717 717 Lothi
1746 662 1878 723 stat,
1915 655 2087 715 instat

2187 652 2304 709 ἔνθα
2361 650 2610 709 ἐϐάπτισε
2663 653 2753 708 τὸν
2812 650 3057 730 Χριστόν.
3122 651 3220 707 Καὶ
3274 649 3437 727 πέραν
3498 658 3589 707 τοῦ
3639 649 3843 731 Ἰορδά-

460 742 752 804 columnae
777 743 939 819 salis,
964 752 1123 806 retro
1147 743 1467 825 aspiciens.
1494 742 1687 823 Atque
1716 742 1789 804 ad
1812 743 2087 805 orienten

2187 763 2275 797 νου
2304 743 2377 804 ὡς
2408 741 2513 798 ἀπὸ
2570 738 2744 815 μιλίου
2802 740 2916 803 ἑνός
2973 738 3082 794 ἐστι
3137 740 3199 793 τὸ
3250 737 3514 808 σπήλαιον
3575 749 3667 798 τοῦ
3699 746 3844 819 Προ-

455 829 646 912 ipsius
681 840 771 893 est
796 833 1064 895 foramen
1113 833 1390 894 emittens
1417 832 1684 903 fumum;
1718 839 1897 912 atque
1930 850 2087 908 egre-

2186 829 2401 910 δρόμου.
2462 833 2560 887 Καὶ
2616 831 2745 908 πρὸς
2805 829 2955 885 νότον
3013 834 3105 883 τοῦ
3155 826 3417 893 σπηλαίου
3476 830 3549 891 ὼς
3603 829 3709 884 ἀπὸ
3744 852 3841 903 μι-

458 916 617 982 ditur
642 938 751 983 vox
811 941 845 984 e
890 921 1205 998 foramine,
1230 948 1241 955 -
1266 921 1512 984 dicens:
1573 922 1676 982 Va;
1705 919 2001 982 Sodomis.
2038 921 2081 980 Ε

2187 920 2314 976 λίων
2369 918 2479 992 δύο,
2536 918 2749 975 ἵσταται
2808 919 2842 985 ἡ
2901 917 3032 994 γυνὴ
3102 925 3195 975 τοῦ
3252 918 3395 996 Λὼτ,
3454 916 3627 987 στήλη
3686 916 3839 993 ἁλὸς,

457 1007 614 1071 fama
642 1017 754 1091 est,
783 1010 1144 1091 spiraculum
1204 1028 1335 1073 esse
1380 1010 1545 1086 Orci,
1599 1009 1703 1071 ubi
1732 1018 1869 1071 sunt
1899 1009 2101 1071 vincti.

2188 1008 2453 1086 βλέπουσα
2506 1008 2736 1065 ὄπισθεν.
2799 1009 2898 1064 Καὶ
2965 1007 3094 1085 πρὸς
3151 1004 3413 1072 ἀνατολὴν
3474 1006 3637 1073 αὖτῆς
3698 1006 3839 1063 ἐστιν

455 1098 564 1167 ὀπὴ
609 1096 936 1179 ἐκϐάλλουσαι
963 1103 1185 1176 καπνὸν,
1218 1101 1307 1157 καὶ
1336 1098 1606 1179 ἐξέρχεται
1648 1099 1783 1179 φονὴ
1814 1100 1873 1155 ἐκ
1903 1104 2000 1166 τῆς
2028 1100 2189 1173 ὀπῆς,
2217 1097 2467 1177 λέγουσα,
2501 1097 2627 1156 Οὐαὶ
2680 1097 2746 1152 τὰ
2790 1093 3022 1171 Σοδόμα.
3071 1096 3171 1152 Καὶ
3199 1094 3407 1174 φέρεται
3438 1097 3465 1150 6
3496 1094 3655 1173 λόγος
3687 1094 3766 1152 ὅτι
3797 1098 3832 1164 ἡ

454 1186 693 1256 ἀναπνοὴ
722 1197 813 1246 τοῦ
847 1174 992 1264 ᾍδου
1022 1190 1180 1264 ἐστὶν,
1216 1190 1336 1247 ῗνθα
1366 1190 1462 1245 εἶσὶ
1491 1187 1777 1264 δεδεμένοι,

534 1278 742 1339 Postea
772 1296 807 1339 a
833 1276 1126 1359 baptismo
1157 1278 1398 1354 Christi,
1460 1277 1821 1356 longitudine
1852 1284 2103 1356 quatuor

452 1361 709 1443 dierum,
732 1365 847 1428 iter
861 1367 933 1429 ad
962 1366 1171 1429 urbem
1195 1366 1556 1440 Tiberiadis,
1580 1365 1651 1426 ad
1688 1365 1846 1426 littus
1871 1364 2100 1446 paludis

449 1470 626 1535 aqua
670 1453 961 1519 Jordanes
1009 1460 1164 1518 exit:
1224 1455 1327 1518 ubi
1376 1455 1551 1517 etiam
1609 1455 1859 1536 apostoli
1896 1454 2099 1535 piscati

446 1555 609 1606 sunt.
642 1543 695 1606 A
723 1543 1039 1606 Tiberiade
1089 1563 1229 1606 vero
1286 1544 1361 1606 ad
1421 1551 1684 1605 montem
1716 1542 1977 1623 Thabor,
2012 1550 2100 1604 est

446 1630 821 1693 intervallum
853 1633 1031 1694 unius
1059 1632 1180 1694 diei
1208 1652 1223 1693 :
1278 1639 1418 1695 sunt
1449 1639 1645 1694 autem
1677 1632 1749 1693 ad
1781 1649 2095 1692 ascensum

449 1720 670 1782 montis
694 1721 980 1799 graduum
1012 1729 1264 1802 quatuor
1311 1721 1495 1782 millia
1542 1726 1809 1782 trecenta
1839 1719 2095 1800 quadra-

446 1807 648 1887 ginta:
680 1808 882 1890 ibique
911 1818 1003 1871 est
1027 1827 1194 1872 sacra
1218 1809 1471 1872 aedicula
1497 1818 1555 1871 et
1579 1809 1822 1872 abbates
1865 1808 2097 1870 duode-

445 1896 582 1959 cim.
613 1896 882 1980 Itemque
911 1918 946 1962 a
973 1900 1125 1962 colle
1180 1899 1419 1964 Thabor
1470 1908 1560 1962 est
1606 1899 1720 1961 iter
1767 1899 1944 1960 unius
1973 1897 2093 1959 diei
2114 1924 2159 1984 Β

444 2004 634 2068 usque
663 1989 736 2051 ad
767 1988 1052 2071 oppidum
1073 2009 1373 2070 magnum,
1402 1990 1558 2071 quod
1575 1989 1636 2051 in
1658 1988 1813 2052 Cana
1839 1987 2092 2051 Galilreaa

444 2084 566 2139 est:
592 2078 652 2138 in
675 2096 789 2158 qua
810 2078 984 2140 etiam
1022 2079 1191 2142 facta;
1231 2089 1368 2141 sunt
1409 2081 1648 2160 nuptiae,
1687 2077 1791 2140 ubi
1824 2075 2090 2140 Christus

441 2183 654 2246 aquam
686 2170 742 2229 in
778 2167 971 2229 vinum
999 2169 1313 2231 convertit.
1342 2168 1447 2232 Est
1463 2167 1640 2230 etiam
1664 2166 2088 2229 monasterium

438 2253 502 2315 in
533 2274 649 2336 quo
682 2255 1030 2319 miraculum
1064 2257 1283 2320 factum
1317 2268 1428 2320 est.
2068 2252 2081 2263 ’

521 2343 751 2406 Deinde
782 2346 854 2407 ad
876 2344 1264 2409 Occidentem
1286 2346 1543 2410 Galilaeae
1573 2362 1762 2426 usque
1787 2344 1858 2407 ad
1878 2344 2087 2405 horam

438 2439 663 2494 sextam
686 2433 963 2514 pervenis
984 2435 1056 2497 ad
1083 2443 1337 2516 pratum,
1363 2435 1465 2497 ubi
1504 2434 1778 2498 recubuit
1811 2434 2084 2514 populus,

441 2528 501 2584 et
544 2520 815 2586 Christus
871 2524 1138 2606 quinque
1185 2543 1369 2606 panes
1414 2523 1737 2586 distribuit.
1802 2524 2105 2602 Praeterea

438 2617 667 2690 pratum
682 2612 751 2672 ad
768 2613 1163 2674 meditullium
1177 2613 1353 2675 situm
1370 2622 1459 2675 est
1471 2612 1705 2693 paludis
1719 2610 2085 2675 Genesareth

436 2715 507 2759 ac
538 2698 721 2760 maris
778 2700 1135 2763 Tiberiadis.
1191 2702 1283 2763 Ad
1342 2720 1619 2764 occasum
1669 2709 1866 2761 autem
1898 2698 2087 2780 ipsius

437 2786 612 2866 prati,
648 2789 1072 2850 monasterium
1091 2797 1180 2851 est
1209 2809 1279 2852 eo
1310 2790 1449 2865 loci,
1503 2788 1604 2850 ubi
1635 2788 1903 2851 Christus
1932 2788 2085 2848 allo-

438 2883 609 2937 cutus
643 2882 733 2937 est
762 2874 1227 2939 Samaritanam:
1281 2885 1340 2939 et
1367 2877 1437 2939 ad
1476 2876 1671 2957 ipsum
1707 2895 1867 2937 mare
1899 2895 2087 2956 prope

437 2961 622 3040 littus,
657 2970 748 3025 est
766 2965 1042 3041 ecclesia,
1095 2966 1195 3027 ubi
1226 2974 1342 3029 stat
1373 2965 1665 3036 Christus,
1699 2966 1801 3027 ubi
1834 2966 1999 3027 focus
2031 2972 2091 3028 et

438 3049 801 3131 pisciculus:
831 3053 1164 3134 eodemque
1188 3054 1248 3116 in
1269 3054 1401 3117 loco
1428 3058 1639 3117 Petrus
1663 3072 1824 3115 mare
1840 3054 2089 3134 pedibus

436 3139 710 3217 calcavit,
742 3160 932 3224 eoque
962 3145 1184 3207 calcato
1215 3144 1474 3226 perrexit
1506 3144 1579 3207 ad
1609 3144 1938 3208 Christum.

516 3307 747 3372 Deinde
794 3310 866 3372 ad
906 3311 1301 3389 occidentem,
1335 3313 1574 3375 circiter
1604 3314 1782 3376 unius
1811 3313 1932 3376 diei
1979 3313 2081 3375 iti-

432 3413 603 3472 nere,
628 3405 716 3459 est
736 3397 1052 3461 Nazareth:
1083 3400 1382 3483 Deinceps
1402 3419 1435 3462 a
1466 3402 1623 3464 Cana
1652 3401 1904 3464 Galilzeae
1935 3420 2080 3483 pro-

432 3484 720 3547 ﬁcisceris
735 3487 809 3548 ad
821 3496 1081 3551 sanctam
1109 3489 1314 3551 urbem
1328 3490 1775 3565 Alexandriam,
1792 3492 2083 3571 etingres-

433 3590 536 3635 sus
583 3575 906 3655 navigium,
939 3577 1047 3639 Dei
1077 3596 1189 3659 ope
1219 3578 1349 3642 abis
1405 3579 1477 3641 ad
1533 3578 1907 3657 Romaniam,
1943 3599 2077 3642 cum

433 3660 552 3723 ﬁde
581 3670 639 3723 et
690 3663 997 3727 alacritate
1044 3668 1250 3730 multa.
1307 3667 1602 3730 Caeterum
1632 3667 1697 3743 ii,
1732 3687 1983 3749 quorum
2015 3669 2076 3730 in

431 3767 644 3838 manus
661 3751 859 3815 veniet
897 3753 1183 3835 scriptum
1215 3756 1329 3817 hoc
1359 3755 1593 3817 minimi
1622 3757 1901 3819 monachi
1930 3756 2076 3838 Epi-

432 3837 660 3918 phanii,
695 3848 867 3901 orent
894 3860 1001 3921 pro
1033 3860 1130 3904 me
1161 3862 1269 3922 per
1297 3845 1618 3907 Dominum
1644 3867 1657 3905 :
1711 3865 1850 3909 nam
1886 3866 1956 3909 ex
1983 3837 2077 3910 rei

430 3925 683 4017 veritate
704 3937 870 4017 certa
892 3930 1127 4011 scripsi,
1144 3931 1457 4012 juxtaloca
1500 3953 1631 4015 quae
1662 3937 1990 4017 peragravi,
2019 3945 2078 3999 et

429 4014 560 4105 vidi
584 4016 772 4105 oculis
804 4018 983 4082 meis.
1003 4019 1115 4092 Qui
1144 4039 1282 4082 vero
1314 4021 1486 4085 aliter
1517 4014 1775 4101 enarrat,
1808 4014 2074 4105 seipsum

430 4102 675 4191 decipit,
700 4107 1005 4169 veritatem
1025 4127 1141 4170 non
1161 4110 1519 4191 percipiens.
1546 4111 1809 4175 Gratiam
1820 4102 2074 4177 Domino

427 4190 797 4285 Deohabeo,
830 4196 934 4277 qui
964 4190 1368 4261 corroboravit
1406 4218 1608 4263 servos
1637 4221 1776 4267 suos
1805 4203 1881 4265 ad
1914 4205 2075 4285 ejus-

430 4281 740 4371 modiiiter
766 4286 1235 4366 aggrediendum
1266 4281 2069 4371 etspectaculaintuendum':

429 4370 713 4462 quoniam
758 4373 957 4455 ipsum
1017 4378 1089 4440 D.
1140 4376 1213 4441 N.
1272 4370 1447 4440 decet
1492 4380 1681 4460 gloria
1708 4401 1841 4443 cum
1875 4380 2067 4462 Patre,

420 4457 711 4554 principio
762 4472 1027 4554 carente,
1083 4472 1141 4528 et
1195 4457 1526 4530 viviﬁcante
1582 4479 1786 4532 sancto
1821 4457 2066 4554 Spiritu,

2592 1278 2620 1290 αν

2264 1272 2399 1331 Ἀπὸ
2455 1271 2509 1329 δὲ
2559 1278 2656 1341 τῆς
2711 1274 3008 1349 βαπτίσεως
3068 1278 3159 1329 τοῦ
3218 1277 3443 1350 Χριστοῦ
3493 1269 3559 1327 δι’
3619 1274 3834 1353 ἡμερῶν

2180 1365 2444 1443 τεσσάρων
2516 1362 2810 1442 ἀπέρχεται
2872 1364 2944 1425 εἰς
3018 1362 3113 1429 τὴν
3193 1360 3348 1417 πόλιν
3406 1358 3704 1435 Τιϐεριάδος
3759 1366 3832 1427 εἰς

2180 1456 2269 1509 τὸν
2316 1450 2555 1529 αἰγιαλὸν
2614 1456 2710 1517 τῆς
2767 1450 2979 1526 λίμνης,
3041 1449 3156 1505 ὅθεν
3214 1447 3484 1528 ἐξέρχεται
3539 1448 3828 1529 Ἰορδάνης,

2180 1540 2299 1598 ἔνθα
2327 1542 2414 1597 καὶ
2462 1543 2508 1597 οἱ
2565 1539 2850 1596 ἀπόστολοι
2908 1538 3179 1607 ἡλίεδσαν.
3242 1536 3374 1594 Ἀπὸ
3436 1536 3490 1592 δὲ
3545 1544 3645 1604 τῆς
3675 1539 3833 1597 Τιϐε-

2181 1628 2389 1710 ριάδος..
2414 1629 2515 1693 ἕως
2572 1635 2664 1686 τοῦ
2721 1626 2870 1707 ὄρους
2930 1626 3115 1705 Θαόώρ
3157 1626 3297 1682 ἐστιν
3341 1624 3606 1702 διάστημα
3633 1629 3835 1707 ἡμέρας

2181 1724 2329 1794 μιᾶς.
2364 1693 2508 1775 ῆΕστι
2538 1715 2682 1773 δὲτὸ
2730 1714 2898 1773 ἀνάϐα
2956 1725 3048 1774 τοῦ
3104 1713 3499 1800 ὅρουςυσκαλία
3556 1737 3834 1795 τετρακισ-

2178 1806 2329 1887 χίλια
2410 1807 2683 1886 τριακόσια
2767 1807 3172 1885 τεσσαράκοντα.
3262 1787 3406 1861 ’Ἐστι
3510 1804 3564 1861 δὲ
3644 1805 3831 1887 λαύρα,

2178 1877 2398 1960 ἆξϐάδες
2430 1877 2652 1956 δώδεκα.
2684 1897 2782 1953 Καὶ
2829 1877 2939 1951 ἀπὸ.
2964 1897 3025 1951 τὸ
3082 1892 3291 1975 Θαϐὼρ,
3350 1894 3488 1951 ἐστιν
3536 1893 3654 1960 ὁδὸς
3685 1877 3830 1972 iiii;

2174 2008 2267 2064 ρας
2298 1992 2422 2061 μιᾶς
2452 1984 2552 2049 ἕως
2610 1990 2706 2052 τῆς
2763 1983 2971 2048 πόλεως
3029 1988 3127 2050 τῆς
3183 1982 3422 2062 μεγάλης
3470 1993 3566 2056 τῆς
3596 1983 3649 2039 ἐν
3684 1993 3827 2043 Κανᾶ

2171 2080 2270 2141 τῆς
2300 2073 2603 2147 Γαλιλαίας,
2637 2074 2692 2130 ἐν
2740 2078 2776 2151 ᾗ
2835 2074 3107 2153 γέγονενῤ
3167 2073 3364 2153 γάιαος²
3423 2071 3540 2129 ἔνθα
3572 2073 3820 2141 ἐποίησεν

2172 2165 2201 2218 6
2258 2165 2481 2241 Χριστὸς
2534 2144 2600 2218 τὸ.
2649 2144 2785 2242 ὕδωρ
2840 2144 3016 2224 οἶνον.
3076 2144 3219 2219 “Earl.
3274 2144 3733 2243 δὲ’μοναστήριον,
3768 2163 3823 2219 ἐν

2170 2253 2216 2324 ᾧ
2244 2251 2303 2305 τὸ
2334 2253 2506 2326 θαῦμα
2534 2250 2764 2328 ἐγένετο.

2253 2342 2353 2397 Καὶ
2381 2340 2510 2419 πρὸς
2559 2338 2700 2395 δύσιν
2756 2345 2854 2406 τῆς
2912 2336 3194 2401 Γαλιλαίας
3250 2336 3440 2415 μέχρις
3493 2336 3635 2416 ὥρας
3666 2334 3827 2404 ἕκτης

2170 2426 2386 2508 ἀπέρχῃ
2419 2429 2488 2490 εἰς
2553 2430 2614 2483 τὸ
2669 2425 2926 2508 λιϐάδιον,
2987 2426 3106 2482 ἔνθα
3169 2423 3413 2491 ἆνεκλίθη
3439 2426 3501 2517 ’,ὁ
3557 2424 3707 2499 λαὸς,
3742 2434 3828 2488 καὶ

2170 2514 2390 2572 δέδωκεν
2421 2519 2449 2570 ὁ
2508 2518 2726 2593 Χριστὸς
2784 2517 2905 2579 τοὺς
2959 2514 3114 2572 πέντε
3174 2512 3378 2592 ἄρτους.
3442 2512 3585 2570 Ἐστι
3646 2512 3699 2568 δὲ
3758 2516 3820 2569 τὸ

2170 2602 2400 2660 λιϐάδιον
2454 2604 2717 2679 ἀναμέσον
2773 2610 2871 2671 τῆς
2954 2604 3147 2679 λίμνης
3206 2602 3523 2679 Γενησαρὲτ,
3584 2604 3672 2658 καὶ
3726 2607 3826 2668 τῆς

2170 2688 2436 2757 θαλάσσης
2494 2695 2592 2757 τῆς
2660 2688 2983 2769 Τιϐεριάδος,
3048 2692 3145 2769 Καὶ
3196 2692 3325 2768 πρὸς
3382 2687 3520 2745 δύσιν
3579 2698 3671 2748 τοῦ
3724 2692 3825 2747 αὒ-

2171 2787 2263 2836 τοῦ
2317 2776 2546 2834 λιϐαδίου
2606 2778 2713 2834 ἐστὶ
2757 2768 3134 2858 μοναστήριον,
3163 2777 3245 2834 ,ἐν
3306 2779 3352 2852 ᾦ
3411 2778 3559 2852 τόπῳ
3615 2776 3821 2843 ἐλάλη-

2173 2887 2262 2921 σεν
2316 2869 2343 2921 6
2400 2868 2623 2945 Χριστὸς
2676 2872 2743 2943 τῇ
2789 2865 3121 2946 Σαμαρείτιδι
3158 2883 3170 2896 ’
3230 2868 3317 2922 καὶ
3374 2868 3445 2929 εἷς
3503 2867 3598 2933 τὴν
3661 2866 3819 2932 αὒτὴν

2170 2954 2433 3011 θάλασσαν
2509 2958 2582 3019 εἷς
2662 2958 2753 3011 τὸν
2833 2955 3069 3033 αἰγιαλόν
3155 2954 3294 3013 ἐστιν
3362 2954 3640 3035 ἐκκλησία⁷
3703 2953 3823 3010 ἔνθα

2169 3043 2385 3100 ’ίσταται
2442 3047 2470 3101 6
2526 3047 2773 3124 Χριστὸς,
2840 3046 2892 3102 ἐν
2951 3047 2996 3120 ᾧ
3059 3046 3148 3101 καὶ
3204 3047 3238 3112 ἡ
3297 3044 3569 3123 ἀνθρακιᾶ,
3628 3045 3715 3099 καὶ
3760 3045 3825 3098 τὸ

2168 3133 2413 3211 ὀψάριον.
2446 3134 2533 3197 Εἰς
2584 3131 2638 3188 δὲ
2694 3136 2783 3189 τὸν
2837 3136 2993 3193 αὒτὸν
3051 3134 3212 3190 τόπον
3270 3134 3524 3204 πεζεῦσας
3568 3135 3595 3189 6
3625 3131 3823 3211 Πέτρος

2108 3250 2149 3313 C
2168 3222 2222 3278 ἐν
2252 3220 2489 3313 θαλάσσῃ
2675 3225 2805 3302 πρὸς
2836 3224 2924 3281 τὸν
2958 3225 3199 3313 Χριστονέ

2246 3311 2344 3367 Καὶ
2369 3312 2499 3389 πρὸς
2556 3309 2697 3368 δύσιν
2755 3315 2911 3370 αὐτοῦ
2965 3314 3039 3376 ὡς
3096 3302 3298 3391 ἡμέρας
3357 3317 3482 3385 μιᾶς
3531 3308 3649 3367 ὁδόν
3680 3308 3823 3367 ἐστιν

2162 3401 2197 3468 ἡ
2260 3399 2514 3480 Ναζαρέτ,
2578 3399 2712 3457 Ἀπὸ
2770 3399 2824 3456 δὲ
2882 3408 3027 3459 Κανᾶ
3086 3407 3183 3468 τῆς
3242 3399 3523 3464 Γαλιλαίας
3578 3400 3822 3479 κατέρχῃ

2163 3491 2236 3555 εἷς
2293 3491 2390 3557 τὴν
2438 3490 2591 3568 ἁγίαν
2646 3488 2801 3548 πόλιν
2882 3488 3298 3571 Ἀλεξάνδρειαν,
3357 3492 3447 3547 καὶ
3503 3490 3819 3570 εἰσερχόμε-

2162 3604 2248 3662 νος
2306 3583 2380 3645 εἶς
2432 3580 2625 3638 πλοῖον
2679 3588 2748 3658 τῇ
2829 3593 2922 3642 τοῦ
2999 3590 3131 3640 Θεοῦ
3216 3584 3432 3660 βοηθείᾷ
3489 3580 3681 3662 ἐξέρχῃ
3740 3582 3818 3644 εἰς

2164 3660 2452 3746 Ῥωμανίαν
2509 3671 2643 3745 μετὰ
2682 3672 2926 3736 πίστεὶως
2982 3674 3069 3729 καί
3126 3673 3416 3752 προθυμίας
3477 3660 3708 3737 πολλῆς.
3771 3679 3815 3727 Ο

2160 3758 2214 3815 δὲ
2244 3759 2654 3840 ἐντυγχάνοντες
2710 3758 2835 3837 τῇ,δέ
2893 3783 2994 3836 μου
3048 3767 3116 3838 τῇ
3171 3766 3346 3841 γραφῇ
3402 3766 3494 3816 τοῦ
3524 3757 3816 3838 ἐλαχίστου

2160 3845 2466 3931 Ἐπιφανίου
2525 3860 2786 3930 μοναχοῦ,
2876 3849 3091 3931 εὔχεσθε
3174 3852 3304 3930 ὑπὲρ
3375 3848 3503 3926 ἐμοῦ
3580 3846 3664 3904 διὰ
3720 3849 3814 3904 τὸν

2161 3939 2347 4015 Κύριον
2380 3954 2393 3968 '
2456 3940 2555 4006 τὴν
2610 3940 2710 4018 γὰρ
2788 3945 2963 3996 πᾶσαν
3041 3938 3290 4009 ἀλήθειαν
3350 3937 3580 4019 ἔγραψα²
3637 3937 3814 4019 καθὼς

2156 4027 2558 4107 περιεπόλευσα,
2620 4029 2709 4084 καὶ
2766 4026 2911 4085 εἶδον
2969 4029 3179 4091 οἰκείοις
3254 4018 3575 4108 ὀφθαλμοϊςέ
3643 4018 3699 4085 Ὀ
3757 4025 3817 4082 δὲ

2158 4116 2334 4181 ἄλλως
2390 4115 2737 4195 διηγούμενος
2817 4118 3003 4174 ἑαυτὸν
3093 4124 3420 4198 φρεναπατᾷ,
3483 4117 3561 4192 μὴ
3621 4116 3816 4179 συνιεὶς

2155 4208 2254 4276 τὴν
2284 4207 2558 4279 ἀλήθειαν,
2620 4209 2781 4288 Χάρις
2838 4206 2894 4264 δὲ
2950 4214 3026 4283 τῷ
3084 4217 3200 4284 Θεῷ
3255 4216 3332 4283 τῷ
3388 4206 3813 4283 ἐνδυναμώσαντι

2154 4298 2277 4361 τοὺς
2332 4302 2490 4357 αὐτοῦ
2572 4295 2785 4361 δούλους
2870 4299 3002 4377 πρὸς
3087 4299 3187 4366 τὴν
3244 4298 3494 4365 τοιαύτην
3552 4293 3669 4353 ὁδὸν
3724 4297 3815 4352 καὶ

2156 4388 2396 4467 θεωρίαν,
2468 4385 2549 4443 ὅτι
2610 4390 2751 4461 αὖτῷ
2804 4386 2991 4466 πρέπει
3046 4388 3081 4454 ἡ
3136 4385 3258 4453 δόξα
3313 4387 3406 4443 σὺν
3459 4393 3536 4460 τῷ
3592 4385 3815 4464 ἆνάρχῳ

2154 4478 2338 4557 Πατρὶ,
2425 4478 2515 4533 καὶ
2590 4482 2836 4551 ζωοποιῷ
2917 4477 3005 4533 καὶ
3086 4476 3222 4555 ἀγίῳ
3300 4476 3591 4551 Πνεύματι,
3645 4474 3806 4549 τιμὴ,

419 4546 704 4646 honoret
748 4551 1015 4617 adoratio
1070 4573 1232 4618 nunc
1289 4564 1348 4619 et
1402 4574 1641 4639 semper
1690 4566 1750 4621 et
1795 4546 2087 4636 in'omne;

2175 4567 2240 4623 ιαὶ
2269 4546 2648 4646 προσκύνησις,
2692 4572 2779 4623 νῦν
2837 4566 2926 4622 καὶ
2981 4564 3086 4640 ἀεὶ,
3136 4546 3233 4622 ’καὶ
3287 4566 3362 4629 εἷς
3419 4564 3543 4628 τοὺς
3587 4564 3806 4625 αἰῶνας.

418 4653 635 4701 avum.
666 4638 883 4707 Amen.

2147 4652 2344 4731 Ἀμήν.
