4154 6410
327 343 445 411 2'13

1286 354 1385 416 DE
1426 354 1848 418 RELIGIONE
1888 353 2363 418 CHRISTIANA
2403 354 2782 418 LIBELLUS

3602 357 3721 424 274

353 479 3682 518 ω

1044 662 1224 770 DE
1320 658 2081 770 RELIGIONE
2170 614 3021 771 CHRISTIANA

1682 895 2374 1003 LIBELLUS

962 1154 1041 1215 Bx
1109 1149 1444 1232 Epiphanio
1512 1150 1575 1214 in
1640 1149 1915 1214 Latinum
1986 1164 2021 1208 a
2094 1145 2268 1209 Petro
2344 1147 2421 1211 de
2490 1149 2688 1212 Monte
2762 1149 3088 1215 traductus.

440 1344 665 1411 (Latina
692 1352 920 1406 tantum
943 1345 1096 1419 apud
1122 1346 1191 1405 D.
1224 1345 1479 1405 Emman.
1513 1362 1541 1403 a
1574 1344 1953 1406 Schelestrate
1979 1344 2042 1401 in
2071 1344 2213 1401 actis
2239 1342 2545 1403 Orientalis
2571 1344 2856 1412 Ecclesiae,
2890 1359 2945 1415 ι).
2983 1345 3075 1405 52.
3105 1346 3299 1406 Romae
3330 1345 3469 1405 1739
3493 1346 3613 1420 fol.)

406 1709 743 1773 Christiane
775 1712 1081 1792 religionis
1108 1732 1303 1777 veram
1359 1721 1622 1778 sanctam
1656 1730 1984 1794 puramque
2005 1715 2175 1784 Aest,
2205 1728 2384 1791 quam
2408 1716 2626 1773 nostrai
2656 1711 2987 1773 infirmitati
3014 1709 3437 1773 ascribendum
3462 1717 3571 1783 est,
3590 1730 3721 1794 qua)

332 1816 467 1860 esse
496 1798 855 1881 doctrinam,
891 1821 1068 1884 quam
1118 1804 1375 1884 plurima
1424 1802 1598 1865 nobis
1630 1802 1991 1863 documenta

337 1895 496 1965 sunt,
530 1907 659 1968 quae
681 1889 731 1949 si
760 1898 948 1966 recte,
975 1892 1023 1952 si
1048 1892 1144 1972 pie
1193 1893 1575 1955 considerare
1600 1890 1987 1963 voluerimus,

340 1974 722 2054 intelligimus
747 1981 1012 2059 profecto
1035 2000 1244 2044 omnes
1266 1982 1408 2043 alias
1446 1980 1764 2060 religiones
1786 1980 1983 2049 falsas,

346 2063 537 2135 ﬁctas,
572 2066 768 2129 inanes
784 2086 854 2129 ac
891 2071 1360 2150 superstitiosas,
1396 2072 1547 2132 hanc
1578 2088 1718 2131 vero
1753 2068 1989 2130 unicam

343 2153 605 2215 veritatis
661 2155 1115 2236 indagatricem,
1179 2160 1695 2239 inventricemque
1754 2158 1984 2219 fuisse:

332 2243 619 2323 reliquas,
655 2263 787 2325 quae
836 2254 1092 2323 terrena,
1155 2249 1503 2328 temporalia
1557 2256 1732 2328 atque
1764 2246 1993 2325 fragilia

330 2338 496 2401 sunt,
522 2331 645 2392 suis
667 2333 1153 2398 observatoribus
1184 2337 1488 2416 polliceri:
1544 2338 1694 2398 hanc
1727 2336 1991 2398 coelesti-

338 2418 454 2480 bus
477 2421 713 2481 aeternis
751 2441 821 2483 ac
853 2423 1442 2488 incommutabilibus
1465 2425 1660 2506 bonis,
1698 2433 1986 2506 perpetua

329 2509 599 2589 denique
622 2510 905 2575 felicitate
921 2514 1179 2575 cultores
1219 2534 1359 2575 suos
1390 2514 1770 2577 ornatissime
1802 2514 1985 2576 deco-

324 2617 489 2660 rare.
530 2598 748 2660 Verum
777 2602 848 2661 ad
884 2602 1059 2684 hujus
1088 2614 1303 2665 nostrae
1346 2603 1654 2684 religionis
1679 2604 1984 2666 veritatem

326 2688 673 2768 pertingere
705 2690 988 2771 cupienti,
1040 2695 1555 2774 peruecessarium
1588 2702 1677 2755 est
1726 2694 1985 2755 animam

325 2777 492 2839 vitiis
520 2795 766 2851 exuere,
798 2782 1010 2843 vestire
1066 2782 1400 2857 virtutibus,
1464 2791 1521 2843 et
1570 2791 1795 2863 sancte,
1824 2784 1985 2863 juste

321 2874 509 2946 atque
539 2865 893 2929 innocenter
919 2870 1092 2930 vitam
1124 2870 1368 2934 ducere.
1406 2872 1573 2933 Sicut
1595 2872 1753 2932 enim
1787 2872 1987 2951 lingua

2072 1821 2207 1863 cum
2241 1819 2311 1862 ex
2338 1800 2597 1881 peccatis
2622 1800 2916 1882 praecipue
2938 1800 3262 1881 proveniat,
3295 1819 3416 1861 non
3451 1800 3716 1882 profecto

2071 1889 2175 1951 red
2188 1888 2268 1949 dit
2301 1889 2370 1950 ad
2396 1890 2550 1951 hanc
2564 1889 2886 1951 sublimem
2904 1888 3212 1952 veritatem
3228 1887 3722 1951 considerandam

2071 1978 2408 2040 inferiores.
2430 1978 2710 2059 Quisquis
2731 1978 2910 2058 igitur
2945 1978 3069 2039 vult
3097 1975 3448 2040 Christianae
3472 1977 3722 2055 religio-

2074 2068 2167 2129 nis
2189 2066 2535 2146 dignitatem
2566 2076 2739 2149 atque
2770 2066 3182 2129 excellentiam
3213 2065 3725 2148 apprimeintelli-

2070 2174 2232 2234 gere,
2269 2157 2520 2237 ejusque
2548 2156 2889 2219 reconditos
2944 2158 3254 2218 thesauros
3282 2156 3524 2237 intueri,
3561 2156 3729 2237 prius

2077 2246 2308 2307 studeat
2338 2264 2503 2306 suam
2556 2264 2807 2326 purgare
2862 2245 3333 2320 conscientiam;
3385 2251 3441 2307 et
3471 2244 3726 2308 latebras

2076 2335 2289 2395 animae
2321 2351 2443 2395 sum
2472 2333 2791 2411 diligenter
2819 2334 3150 2416 inquirens,
3172 2333 3221 2395 si
3242 2333 3385 2415 quid
3405 2333 3722 2410 invenerit,

2078 2422 2233 2503 quod
2284 2425 2473 2485 Iteum
2532 2423 2746 2484 merito
2805 2428 2989 2503 possit
3046 2423 3370 2499 offendere,
3429 2422 3489 2483 id
3518 2423 3724 2503 procul

2070 2511 2332 2592 abjiciat,
2369 2528 2555 2591 seque
2585 2510 2873 2573 mundum
2905 2530 2973 2573 ac
3030 2528 3240 2593 purum
3272 2510 3720 2592 receptaculum

2070 2603 2194 2665 Deo
2226 2608 2533 2682 praeparet.
2589 2600 2663 2661 Et
2710 2601 3045 2682 quanquam
3099 2618 3209 2662 nos
3247 2601 3405 2662 velut
3445 2599 3722 2662 homines

2070 2691 2327 2771 peccatis
2385 2689 2628 2751 obnoxii
2689 2690 2890 2771 (nemo
2949 2689 3133 2763 enim,
3194 2696 3261 2750 ut
3313 2687 3506 2769 inquit
3557 2687 3724 2752 Scri-

2070 2787 2241 2859 ptura
2269 2779 2316 2854 ⁸,
2350 2778 2593 2858 gloriari
2624 2786 2819 2860 potest
2848 2779 3142 2841 mundum
3176 2795 3242 2840 se
3288 2777 3514 2840 habere
3564 2778 3719 2860 cor),

2068 2887 2344 2930 curamus
2374 2877 2573 2931 tamen
2604 2888 2781 2950 quam
2817 2868 3256 2950 maximeatque
3286 2869 3363 2930 ad
3386 2868 3443 2929 id
3478 2887 3719 2931 omnem

323 2955 592 3016 febrium
622 2957 942 3019 ardoribus
974 2960 1295 3040 praepedita
1323 2960 1438 3022 vini
1472 2960 1849 3023 dulcedinem
1882 2968 2049 3040 gu-B
2069 2958 2471 3039 impendimus
2504 2977 2750 3039 operam
2782 2967 2846 3020 ut
2875 2958 2937 3019 in
2968 2958 3180 3020 semita
3208 2955 3546 3040 divinorum
3560 2976 3723 3019 man-

325 3054 489 3105 stare
520 3064 640 3106 non
675 3055 872 3126 potest
901 3070 916 3118 ;
952 3055 1053 3108 aut
1080 3049 1293 3110 oculus
1325 3050 1859 3131 malisquibusdam
1882 3052 1987 3112 hu-

335 3134 610 3195 moribus
635 3150 960 3215 occupatus
989 3136 1313 3200 claritatem
1374 3139 1619 3200 luminis
1651 3139 1857 3219 nequit
1887 3140 1985 3201 in-

336 3224 527 3303 tueri;
562 3224 649 3284 sic
681 3224 915 3287 animus
934 3236 1314 3306 peccatorum
1347 3228 1611 3289 tenebris
1642 3228 1981 3302 ofqut-atus,

340 3319 402 3370 et
427 3311 696 3372 vitiorum
731 3313 890 3375 mole
921 3332 1245 3395 oppressus
1298 3316 1371 3377 ad
1403 3317 1861 3397 contemplanda
1891 3317 1987 3378 di-

344 3398 484 3459 vina
507 3401 777 3479 mysteria
810 3404 1147 3483 pertingere
1205 3405 1541 3467 nullatenus
1593 3414 1803 3486 potest.
1841 3408 1971 3468 Pro.

344 3496 553 3566 pterea
613 3490 758 3551 labia
820 3492 984 3553 Isaiae
1048 3495 1348 3574 propheta;
1404 3495 1631 3556 calculo
1688 3496 1763 3556 de
1820 3496 1989 3557 altari

343 3584 585 3656 sumpto
602 3581 976 3660 mundantur,
995 3590 1051 3642 et
1073 3581 1156 3642 sic
1178 3583 1247 3643 ad
1272 3584 1710 3663 praedicandum
1736 3585 1988 3646 idoneus

340 3665 634 3728 redditur.
669 3669 819 3730 Hinc
849 3670 1062 3731 factum
1096 3689 1227 3732 esse
1283 3673 1713 3745 existimamus,
1749 3686 1813 3735 ut
1841 3675 1988 3736 reli-

332 3755 529 3834 gionis
582 3770 798 3819 nostra:
860 3758 1209 3821 traditiones
1267 3761 1569 3841 plerisque
1602 3762 1989 3825 deliramenta

330 3844 668 3942 videantur,
734 3848 852 3942 qui
892 3867 1028 3942 cum
1085 3849 1306 3910 aditem
1365 3850 1520 3942 vitiis
1573 3852 1982 3931 patefecerint,

323 3933 647 3995 virtutibus
682 3936 1114 4016 prtecluserint,
1174 3938 1411 3999 stultam
1450 3933 1675 4019 'putant
1718 3959 1848 4002 esse
1879 3941 1985 4001 do-

322 4022 606 4097 ctrinam,
645 4033 949 4105 quaaarcet
979 4026 1334 4107 voluptates,
1362 4026 1598 4089 cohibet
1640 4028 1978 4103 illecebras,

324 4111 829 4174 incontinentiam
888 4113 1149 4188 damnat,
1212 4115 1507 4176 luxuriam
1566 4117 1868 4196 prohibet,
1925 4127 1985 4179 et

2070 3036 2345 3109 datorum
2377 3036 2768 3117 ambulantes.
2806 3047 3074 3108 devotam
3101 3036 3309 3108 salteni
3342 3053 3402 3109 et
3432 3046 3721 3108 humilem

2068 3137 2428 3197 voluntatem
2462 3135 2716 3197 Domino
2749 3137 3157 3198 exhibeamus.
3192 3135 3275 3197 Ac
3306 3142 3623 3217 propterea
3647 3135 3724 3197 de

2069 3224 2256 3306 ipsius
2288 3225 2548 3286 bonitate
2591 3225 3128 3306 misericordiaque
3169 3224 3401 3298 confisi,
3434 3224 3535 3305 qui
3565 3224 3627 3286 in
3657 3240 3724 3287 se

2070 3315 2437 3393 sperantium
2496 3332 2705 3394 preces
2734 3313 2993 3383 exaudit,
3034 3320 3093 3375 et
3150 3331 3255 3394 pro
3311 3312 3538 3374 viribus
3569 3312 3722 3377 bene

2072 3420 2248 3480 agere
2279 3410 2584 3482 conantes,
2643 3421 2761 3462 non
2811 3400 3066 3481 despicit
3097 3418 3113 3476 ;
3166 3400 3390 3481 aliquid
3418 3400 3494 3461 de
3523 3408 3725 3461 uestra

2072 3490 2214 3552 fitei
2247 3491 2597 3552 exce’lentia
2628 3490 2894 3552 scribere
2922 3490 3425 3571 praesumpsimus,
3452 3508 3568 3569 quo
3591 3489 3725 3550 infi-

2072 3580 2241 3641 di-les
2271 3584 2316 3640 si
2352 3580 2480 3640 fieri
2520 3587 2710 3659 petest
2740 3580 3108 3653 erndiantur,
3145 3577 3480 3659 eruditique
3509 3577 3721 3640 fideles

2074 3686 2210 3729 vero
2244 3669 2514 3729 fortiores
2543 3667 3034 3749 robustioresque
3067 3666 3423 3729 efficiantur.

2152 3756 2507 3837 Dignitatem
2562 3755 2913 3819 Christianae
2944 3757 3276 3836 religionis
3328 3775 3397 3818 ex
3426 3756 3558 3837 ipso
3591 3755 3718 3838 pri-

2071 3865 2231 3906 mum
2265 3845 2603 3908 Institutore
2660 3856 2835 3927 atque
2892 3846 3149 3908 Auctore
3206 3845 3348 3907 licet
3388 3845 3629 3920 intueri,
3663 3854 3724 3909 et

2068 3954 2202 3997 cum
2228 3954 2331 3997 ore
2363 3935 2561 3997 divino
2592 3935 2863 3999 instituta
2894 3938 2991 4008 sit,
3027 3936 3341 4015 solumque
3388 3935 3575 3996 Deum
3607 3936 3720 3996 ha-

2067 4023 2205 4085 beat
2236 4033 2537 4086 auctorem
2575 4045 2587 4088 :
2649 4025 2792 4109 quid
2854 4025 3070 4086 mirum
3102 4024 3154 4086 si
3184 4043 3398 4086 omnes
3426 4024 3572 4086 alias
3602 4025 3720 4087 do-

2067 4115 2309 4194 ctrinas,
2336 4114 2683 4195 disciplinas
2708 4121 2766 4175 et
2795 4114 3116 4193 religiones
3156 4114 3332 4193 longe
3365 4114 3665 4175 antecedit
3693 4112 3720 4177 ?

326 4219 546 4262 sensus
606 4210 838 4262 nostros
892 4202 1144 4276 ratione,
1203 4204 1417 4265 virtute
1470 4223 1538 4266 ac
1587 4205 1981 4269 sanctimonia
2063 4202 2230 4276 Quod
2267 4204 2424 4264 enim
2457 4202 2798 4283 adigniori,
2834 4203 3182 4282 sapientiori
3212 4211 3391 4284 atque
3411 4203 3716 4265 excellen-

325 4290 626 4368 regendos
645 4308 776 4352 esse
807 4299 1076 4354 testatur.
1108 4293 1259 4355 Cum
1291 4292 1452 4353 enim
1500 4294 1842 4356 hominibus
1874 4315 1974 4357 ve-
1999 4292 2199 4365 Cliuri
2232 4292 2567 4353 institutum
2625 4302 2755 4369 est;
2821 4292 2961 4369 iliis,
3025 4312 3154 4373 qua:
3209 4293 3281 4353 ad
3336 4292 3719 4354 inferioribus

330 4376 480 4438 ritas
503 4377 703 4439 divino
728 4379 1356 4455 munereinnoescat,
1392 4391 1450 4442 et
1480 4385 1674 4444 omnis
1701 4389 1917 4445 veritas
1947 4405 1980 4448 a
2061 4381 2383 4444 constituta
2412 4390 2571 4455 sunt,
2604 4382 2784 4443 debet
2805 4381 2946 4461 jure
2993 4381 3301 4442 anteferri.
3359 4383 3457 4444 Sic
3507 4399 3718 4459 regum

326 4466 557 4545 Spiritu
581 4477 787 4530 sancto
820 4469 932 4529 sit;
965 4470 1102 4529 mali
1134 4478 1332 4531 autem
1356 4480 1413 4531 et
1444 4470 1598 4533 vitiis
1623 4473 1809 4534 dediti
1841 4472 1978 4554 Spi-
2065 4474 2209 4532 scita
2241 4471 2457 4532 ducum
2490 4481 2668 4552 atque
2721 4470 3004 4531 comitum
3052 4470 3462 4531 sanctionibus
3506 4470 3718 4550 praefe-

328 4554 485 4618 ritus
517 4557 701 4619 sancti
729 4558 978 4637 gratiam
1014 4558 1233 4620 habere
1278 4579 1396 4621 non
1452 4562 1695 4641 possint,
1746 4564 1982 4625 dicente
2065 4569 2312 4635 runtur;
2367 4568 2423 4620 et
2473 4578 2603 4639 qua:
2634 4577 2667 4618 a
2723 4556 3049 4637 majoribus
3080 4555 3722 4636 excellentioribusque

330 4644 627 4707 Domino:
690 4648 889 4729 Super
917 4667 1091 4727 quem
1139 4651 1467 4729 requiescet
1498 4651 1761 4731 Spiritus
1789 4671 1977 4728 meus,

328 4736 459 4795 nisi
488 4753 674 4816 super
704 4737 995 4800 humilem
1008 4739 1345 4819 etquietum
1363 4743 1983 4805 actrementemvcrba

327 4824 508 4885 mea1
533 4824 734 4897 ?Quid
769 4827 1013 4906 mirum,
1046 4827 1094 4887 si
1128 4834 1405 4907 peccator
1434 4828 1709 4908 indignus
1741 4841 1853 4903 est,
1889 4832 1984 4901 cui

325 4911 641 4989 religionis
673 4912 1022 4975 Christianae
1053 4914 1387 4975 sublimitas
1432 4917 1733 4994 aperiatur
1762 4916 1792 4977 ?
1836 4916 1980 4978 Nam

329 5001 437 5080 qui
470 5020 534 5061 se
565 5009 747 5063 totum
802 5004 862 5063 in
910 5021 1078 5064 anno
1125 5003 1487 5085 voluptatum
1523 5006 1978 5079 mundanarum,

334 5088 497 5150 velut
527 5109 629 5152 sus
653 5091 710 5152 in
742 5091 870 5153 luto
926 5091 1237 5153 involverit
1288 5112 1356 5156 ac
1384 5093 1743 5155 demerserit
1780 5115 1795 5170 ;
1827 5114 1979 5175 quo-

334 5177 510 5239 modo
542 5181 759 5260 poterit
789 5190 904 5241 tam
955 5180 1303 5260 profundam
1355 5181 1658 5245 veritatem
1693 5192 1806 5243 tam
1842 5184 1977 5260 alta,

329 5274 571 5350 tamque
601 5277 835 5331 secreta
869 5270 1149 5350 mysteria
1204 5270 1496 5351 speculari
1528 5269 1554 5334 ?
1612 5272 1757 5345 Qum
1788 5271 1837 5331 si
1869 5274 1989 5352 ple-

329 5375 588 5437 rumque
619 5359 823 5420 minus
875 5358 1149 5420 homines
1182 5360 1509 5438 intelligant
1538 5380 1710 5443 quem
1742 5362 1981 5437 vellent,

326 5462 443 5506 non
480 5456 595 5508 tam
619 5447 862 5508 illorum
892 5445 1303 5529 profunditati,
1335 5466 1467 5530 quaa
1501 5456 1698 5510 tamen
1732 5448 1988 5511 maxima

402 5619 422 5663 ¹
455 5616 573 5693 Isa.
604 5632 774 5693 LXVI,
807 5615 871 5678 2.
959 5615 987 5659 ί
1008 5614 1181 5681 Prov.
1215 5635 1321 5695 xx,
1355 5618 1412 5683 9.

2068 4648 2508 4726 magistratibus
2540 4648 2986 4728 praecipiuntur,
3004 4647 3181 4708 veluti
3207 4645 3484 4726 digniora
3509 4644 3724 4724 majori

2068 4758 2152 4799 su:
2168 4748 2203 4797 ιι
2227 4737 2598 4799 observantia
2623 4735 3022 4816 exsequenda.
3041 4736 3191 4807 Quid
3212 4745 3408 4797 autem
3442 4733 3677 4813 dignius
3693 4739 3722 4796 ?

2067 4828 2205 4908 quid
2232 4828 2420 4908 majus
2444 4825 2474 4886 ?
2503 4826 2645 4907 quid
2675 4825 3092 4898 excellentius,
3124 4842 3300 4905 quam
3335 4822 3723 4904 professionis

2068 4935 2189 4976 suae
2215 4933 2512 4976 summum
2538 4915 2701 4975 illum
2727 4933 2795 4975 ac
2826 4913 3333 4993 sapientissimum
3365 4930 3568 4975 rerum
3586 4930 3721 4973 om-

2069 5006 2233 5066 nium
2280 5006 2556 5086 opificem
2599 5003 2785 5066 Deum
2819 5004 3041 5065 habere
3070 5011 3373 5065 auctorem
3407 5001 3432 5065 ?
3476 5000 3727 5065 Accedit

2067 5095 2205 5155 huic
2236 5095 2320 5155 rei
2354 5094 2614 5175 amplior
2648 5094 2914 5173 dignitas
2947 5110 2965 5166 ',
3024 5092 3164 5172 quia
3219 5111 3337 5153 non
3391 5109 3522 5153 eam
3554 5089 3727 5151 nobis

2067 5183 2112 5246 D
2157 5205 2223 5245 us
2259 5204 2363 5264 per
2389 5184 2654 5264 angelos,
2686 5202 2802 5246 non
2855 5201 2963 5264 per
3008 5182 3305 5257 homines,
3340 5199 3458 5244 non
3492 5198 3598 5262 per
3626 5180 3717 5241 le-

2070 5282 2256 5354 gatos,
2292 5282 2391 5334 aut
2420 5275 2680 5349 nuntios,
2715 5274 2817 5336 sed
2853 5291 2960 5354 per
3016 5271 3322 5353 proprium
3353 5269 3569 5332 Filium
3603 5268 3721 5332 sibi

2070 5371 2457 5443 coam-mum,
2487 5374 2547 5424 et
2576 5362 3140 5425 consubstantialem
3181 5359 3417 5423 tradere
3446 5358 3722 5440 dignatus

2068 5460 2179 5525 est,
2205 5469 2379 5533 quem
2403 5469 2471 5514 ex
2497 5452 2631 5516 sinu
2661 5471 2767 5514 suo
2800 5452 2959 5515 misit
2984 5451 3047 5515 in
3077 5458 3311 5515 uterum
3342 5448 3625 5532 Virginis,
3656 5456 3723 5511 ut
