4154 6416
303 433 320 450 ε.
393 386 510 450 275

1698 367 2099 437 ΕΡΙΡΗΑΝΙῙ
2127 369 2474 436 MONAGHI

3657 352 3776 421 276

392 539 464 584 ex
495 517 722 600 Spiritu
754 521 959 579 sancto
989 529 1241 576 nascens
1262 512 1477 600 homo,
1502 515 1562 570 et
1580 506 1738 569 inter
1756 503 2030 600 homines
2051 501 2328 580 Adignas
2359 521 2490 566 esse
2534 502 2842 583 judicavit.
2877 502 3028 564 Hinc
3061 499 3382 562 simulacra
3419 505 3478 558 et
3513 491 3763 556 simula-

393 594 773 684 conversans,
801 607 1062 667 humano
1092 600 1299 682 generi
1331 599 1719 662 maximorum
1752 594 2041 684 plurimo-

392 715 646 778 rumque
675 681 948 760 errorum
970 681 1234 754 tenebris
1260 687 1618 751 circumfusa
1642 681 2044 778 hac_veritatis

394 770 793 850 saluberrima
849 784 981 863 lege
1037 782 1157 843 lata
1214 778 1466 842 mirifice
1523 772 1884 863 subveniret.
1917 770 2044 863 Quo

395 875 535 957 quid
559 882 754 956 potest
782 857 936 936 esse'
946 869 1291 953 praeclarius
1310 865 1507 957 ?_quid
1520 862 1916 957 praestantius

395 947 528 1045 quis
555 947 762 1043 regum
793 980 861 1023 ac
920 947 1258 1041 principum
1313 947 1536 1018 ciVitati
1591 959 1655 1014 ut
1686 950 1900 1045 populo
1931 947 2049 1045 sibi

396 1035 666 1133 subjecto
691 1068 907 1112 munus
922 1035 1174 1130 aliquod
1208 1061 1487 1124 magnum
1518 1049 1693 1133 atque
1722 1039 1866 1133 utile
1903 1035 2046 1133 mit:

395 1123 573 1203 teret.
607 1139 787 1219 idque
841 1123 1082 1199 nemin'e
1138 1123 1442 1216 poscente,
1505 1131 1609 1192 sed
1643 1147 1712 1219 ex
1744 1126 1836 1189 sui
1864 1123 2048 1188 animi

392 1218 751 1292 liberalitate
780 1227 1042 1289 faceret:
1103 1223 1354 1287 deberet
1410 1219 1471 1281 id
1531 1218 1772 1300 quidem
1808 1222 2050 1296 propter

395 1317 684 1382 mittentis
715 1313 1173 1396 amplitudinem
1201 1309 1498 1373 excellens
1513 1305 1792 1396 judicari.
1813 1303 1982 1396 quod
1996 1302 2046 1364 si

392 1413 618 1469 tantum
653 1392 992 1486 splen-doris
1021 1410 1080 1464 et
1114 1398 1452 1462 ornamenti
1481 1397 1566 1458 illi
1597 1395 1755 1486 dono
1787 1392 2047 1454 addere-

393 1501 509 1572 tur,
544 1503 611 1558 ut
641 1483 744 1575 qui
774 1491 921 1555 illud
952 1490 1236 1565 deferret,
1260 1486 1550 1575 principis
1588 1483 1747 1546 filius
1779 1487 1957 1555 esset,
1991 1486 2050 1540 et

395 1574 1163 1665 quidem’primogenitus:
1221 1576 1372 1665 quid
1402 1574 1516 1665 _tali
1570 1588 1822 1665 munere
1842 1575 2050 1665 posset

393 1656 810 1751 dicidignius?
851 1656 994 1751 quid
1018 1668 1213 1747 majus
1234 1656 1260 1728 ‘?
1278 1663 1416 1746 quid
1447 1659 1760 1742 pretiosius
1788 1662 1814 1717 ?
1842 1656 2049 1751 Inboc

392 1760 574 1840 igitur
595 1744 778 1838 longe
837 1744 1222 1845 excellentior
1279 1744 1368 1814 est
1424 1752 1550 1813 haec
1612 1756 1816 1845 nostra
1839 1744 2047 1845 religio
2064 1784 2110 1845 Β

393 1835 524 1929 lege
553 1849 656 1910 illa
685 1835 896 1924 v'eteri,
931 1864 1062 1927 quae
1091 1842 1481 1906 Hebraeorum
1513 1835 1732 1919 populo
1762 1835 1902 1896 data
1933 1841 2042 1929 est.

393 1923 538 2000 Nam
571 1935 683 1999 etsi
713 1936 840 2013 illa,
874 1923 932 1996 et
950 1923 1090 1996 haec
1118 1939 1320 1994 nostra
1369 1929 1556 1992 Deum
1604 1933 1906 2013 auctorem
1935 1923 2048 2013 ha-

392 2025 616 2098 buerit,
638 2044 759 2086 non
777 2010 973 2086 tamen
996 2041 1104 2104 per
1123 2018 1493 2098 unigenitum
1535 2013 1644 2079 Dei
1689 2012 1903 2104 Filium
1935 2010 2046 2071 ho-

394 2113 659 2178 minibus
691 2112 906 2174 tradita
961 2099 1075 2191 est,
1137 2109 1245 2171 sed
1308 2124 1415 2188 per
1469 2106 1728 2183 Moysem
1762 2099 2044 2191 primum,

391 2201 662 2283 aliosque
687 2200 907 2264 deinde
928 2198 1002 2262 ab
1024 2188 1154 2280 ipso
1180 2196 1433 2259 Domino
1459 2193 1680 2256 electos
1700 2188 1946 2250 nuntios
1980 2205 2047 2247 ac

395 2282 750 2372 prophetas;
775 2288 876 2370 qui
907 2305 1042 2351 cum
1066 2285 1196 2368 puri
1233 2284 1509 2372 homines
1534 2287 1756 2372 essent,
1792 2282 1850 2338 et
1877 2293 2044 2372 com-

394 2365 563 2442 muni
593 2365 960 2441 inﬁrmitatis
1003 2365 1280 2438 humanae
1332 2371 1447 2452 legi
1502 2366 1781 2448 subjecti,
1816 2365 2044 2426 nullum

397 2487 470 2532 ex
503 2487 709 2531 eorum
742 2485 999 2548 persona
1020 2464 1404 2546 splendorem
1427 2458 1550 2548 illi,
1567 2475 1744 2548 quam
1768 2453 2048 2548 praedica-

395 2557 560 2639 bant,
591 2541 878 2620 doctrinae
907 2541 1118 2617 afferre
1140 2556 1481 2633 potuerunt.
1517 2545 1636 2609 Sed
1670 2553 1728 2639 e_t
1759 2551 1924 2604 vetus
1947 2541 2047 2603 illa

396 2647 499 2708 uni
531 2634 757 2708 tantum
789 2643 1030 2726 p0pulo,
1055 2641 1161 2704 uni
1180 2639 1339 2720 genti
1370 2639 1511 2726 data
1543 2641 1634 2726 est
1660 2654 1673 2694 :
1705 2634 2046 2726 hacautem

398 2752 606 2796 omnes
656 2719 900 2795 omnino
959 2719 1235 2792 homines
1294 2723 1736 2808 complectitur,
1769 2719 2047 2808 omnibus

397 2821 710 2904 providet:
748 2821 981 2884 cunctis
1010 2826 1239 2882 rectum
1298 2816 1413 2879 iter
1466 2811 1740 2904 veritatis
1763 2807 2043 2882 ostendit,

399 2899 703 2974 neminem
752 2910 991 2991 excipit,
1051 2907 1274 2970 nullam
1332 2921 1527 2984 neque
1587 2899 1798 2991 aetatis,
1854 2914 2048 2991 neque

397 2999 762 3063 conditionis
819 2984 1218 3062 differentiam
1279 2993 1525 3065 faciens,
1593 2989 1698 3052 sed
1735 3005 1945 3049 omnes
1973 2984 2048 3048 ad

2126 609 2362 654 Crorum
2421 582 2552 655 vani
2606 599 2665 653 et
2717 589 3050 654 stultissimi
3103 589 3294 650 cultus
3345 585 3416 648 ab
3449 582 3769 646 hominum

2126 681 2429 744 erroribus
2453 682 2808 755 adinventi;
2867 680 2966 762 qui
3023 697 3156 739 cum
3220 676 3522 738 hominem
3554 687 3771 762 quem-

2127 769 2282 850 piam
2351 771 2660 852 plusquam
2719 755 2908 831 Deuni
2966 768 3310 846 diligerent,
3371 782 3507 825 eum
3568 768 3627 822 et
3677 755 3772 817 vi-

2127 868 2363 921 ventem
2397 867 2455 922 et
2486 867 2781 920 mortuum
2811 857 3108 932 colebant,
3165 853 3555 926 honorabant,
3586 865 3774 909 vene-

2127 947 2432 1028 rabantur,
2465 949 2639 1030 eique
2669 951 2728 1009 in
2788 949 3021 1026 signum
3083 946 3398 1027 praecipuae
3431 935 3773 1030 dilectionis

2129 1036 2327 1099 divina
2355 1023 2648 1099 sacrificia
2679 1023 3059 1106 exhibebant,
3083 1023 3493 1112 erectumque
3523 1028 3653 1108 ejus
3681 1023 3770 1085 si-

2130 1125 2460 1188 mulacrum
2493 1144 2598 1206 pro
2633 1125 2755 1188 Deo
2807 1123 3158 1199 adorabant,
3209 1120 3561 1184 dedicabant
3589 1115 3781 1206 aedes.

2131 1215 2350 1296 templa
2377 1204 2766 1278 aediﬁcabant.
2805 1223 2866 1278 et
2895 1223 3028 1276 vota
3077 1212 3235 1274 velut
3264 1214 3385 1274 Deo
3418 1204 3767 1296 offerebant.

2129 1293 2544 1368 Crescentibus
2575 1323 2715 1367 vero
2746 1305 2805 1366 in
2839 1303 2969 1365 dies
2997 1300 3326 1374 illecebris,
3361 1293 3774 1372 demersisque

2130 1392 2316 1472 magis
2345 1409 2414 1455 ac
2463 1393 2648 1473 magis
2697 1392 3042 1455 hominibus
3083 1392 3153 1452 -in
3183 1405 3352 1453 coeno
3383 1386 3768 1473 voluptatum,

2131 1468 2273 1564 quid
2305 1483 2436 1544 ﬁeri
2467 1468 2717 1546 necesse
2774 1493 2901 1545 erat
2922 1483 2952 1543 ‘?
3009 1485 3325 1562 Postquam
3357 1485 3552 1539 autem
3585 1492 3618 1534 a
3647 1468 3774 1564 veri

2133 1560 2240 1635 Dei
2272 1572 2610 1651 cognitione
2641 1571 2997 1653 semetipsos
3032 1560 3458 1638 alienaverunt,
3492 1566 3617 1626 haec
3647 1560 3767 1620 im-

2133 1661 2324 1741 pietas
2345 1681 2520 1742 quam
2545 1661 2797 1723 maxime
2825 1669 2993 1722 aucta
3022 1668 3132 1737 est,
3166 1659 3403 1720 dicente
3429 1653 3764 1733 Scriptura:

2137 1751 2303 1813 Dum
2326 1754 2564 1814 venerit
2582 1753 2806 1832 impius
2828 1753 2888 1812 in
2901 1750 3265 1831 profundum
3278 1749 3617 1832 malorum,
3637 1756 3778 1832 cm:-

2133 1843 2344 1903 temm't
2369 1841 2419 1896 4.
2455 1839 2520 1901 In
2548 1827 2769 1902 tant-um
2795 1827 3177 1922 itaquelapsa
3193 1847 3282 1900 est
3309 1837 3567 1898 humana
3595 1827 3772 1890 fatui-

2132 1938 2240 2003 tas,
2272 1938 2337 1992 ut
2365 1931 2586 1993 nedum
2614 1931 2912 2006 homines,
2970 1929 3075 1992 sed
3130 1928 3378 2008 lapides.
3415 1933 3470 1986 et
3500 1923 3677 2001 ligna,
3714 1925 3774 1978 et

2130 2019 2364 2101 reptilia
2393 2027 2510 2081 tam
2563 2019 2862 2100 aquatilia,
2925 2037 3098 2100 quam
3162 2013 3485 2088 terrestria,
3536 2024 3772 2072 necnon

2130 2108 2562 2170 immanissima
2591 2108 2858 2188 quaedam
2892 2107 3083 2178 bruta,
3119 2105 3220 2168 sed
3257 2112 3313 2166 et
3338 2108 3595 2164 monstra
3615 2114 3771 2188 qua:-

2130 2197 2263 2258 dam
2298 2187 3028 2259 teterrimaiornatissima
3082 2195 3181 2256 illa
3240 2192 3346 2255 Dei
3375 2187 3772 2272 appellatione

2129 2285 2440 2347 nominare
2484 2304 2600 2346 non
2661 2283 3089 2347 formidaverit.
3149 2281 3266 2346 Sed
3327 2299 3436 2342 nec
3465 2279 3769 2355 hucusque

2129 2375 2443 2436 stultorum
2477 2373 2729 2455 perstitit
2757 2373 3024 2442 audacia,
3080 2371 3192 2436 Alii
3224 2371 3382 2432 enim
3415 2369 3760 2455 voluptatem

2128 2482 2196 2524 ac
2225 2453 2560 2538 libidinem,
2596 2461 2940 2541 turpissima
2961 2461 3098 2522 vitia
3123 2465 3584 2521 consecrarunt:
3616 2453 3768 2514 sicut

2129 2551 2288 2629 apud
2318 2550 2563 2632 Lybicos
2593 2549 2967 2630 Cupidinem,
3021 2557 3078 2610 et
3125 2549 3186 2609 in
3247 2548 3442 2626 Papho
3473 2545 3766 2606 Venerem

2127 2639 2288 2702 illam
2322 2639 2855 2720 impudicissimam
2889 2637 3203 2700 mulierem
3249 2641 3584 2697 veneratam
3615 2648 3767 2704 esse,

2131 2738 2318 2810 poetm
2363 2719 2537 2790 nobis
2568 2729 2962 2790 tradiderunt.
3025 2727 3175 2790 Hinc
3230 2725 3468 2786 nefandi
3499 2719 3773 2810 sacrificii

2129 2809 2300 2899 ritus,
2325 2818 2464 2879 hinc
2485 2817 2731 2880 obsceni
2761 2817 2975 2879 cultus.
3010 2823 3068 2878 et
3098 2814 3219 2876 ludi
3253 2810 3598 2894 turpissimi,
3633 2809 3772 2899 qui-

2130 2907 2240 2968 bus
2262 2897 2519 2968 humana
2541 2906 2789 2968 stultitia
2812 2905 2956 2968 deos
2981 2923 3120 2965 suos
3147 2901 3464 2983 placandos
3495 2917 3627 2960 esse
3640 2897 3773 2961 edi-

2131 3003 2222 3056 cto
2252 2994 2708 3070 constituebant,
2745 3013 2995 3075 quorum
3029 2993 3298 3054 fmtorem
3323 3009 3393 3052 ac
3423 2988 3768 3069 spurcitiam

397 3098 680 3154 aeternam
711 3088 1143 3152 beatitudinem
1179 3103 1286 3167 per
1313 3083 1596 3145 virtutum
1627 3077 1899 3167 semitam
1933 3075 2104 3147 be-G
2127 3093 2184 3146 et
2213 3084 2642 3146 obscenitatem
2675 3083 2942 3164 quisquis
3001 3081 3230 3158 legerit,
3285 3080 3478 3140 colere
3511 3077 3769 3158 profecto

397 3179 578 3259 nigne
604 3166 1439 3240 acmisericorditerinvitans.
1463 3169 1607 3259 Cum
1633 3166 1793 3259 enim
1813 3182 2041 3240 omnes,

397 3256 684 3349 utvinquit
709 3266 1027 3348 Apostolus
1053 3265 1107 3340 5,
1141 3282 1175 3324 a
1232 3261 1478 3324 veritate
1528 3256 1954 3349 declinassent,
1990 3261 2048 3315 et

397 3375 433 3420 a
462 3341 621 3419 cultu
644 3363 704 3419 et
725 3341 1064 3435 cognitione
1079 3350 1324 3416 veriDei
1342 3346 1749 3435 aberrassen‘i,
1781 3341 2048 3404 morbus-

398 3465 514 3528 que
543 3445 656 3507 iste
680 3432 890 3506 omnes
912 3449 1145 3506 teneret
1165 3439 1453 3503 obnoxios
1480 3458 1497 3512 ;
1530 3432 1808 3528 omnibus
1829 3449 2046 3493 neces-

397 3523 552 3598 saria
597 3533 709 3597 fuit
750 3532 1026 3595 salutaris
1086 3528 1408 3594 medicina.
1469 3523 1759 3588 Homines
1790 3538 2045 3601 namque

395 3641 532 3687 cum
564 3640 671 3705 per
701 3629 1006 3704 peccatum
1065 3639 1099 3683 a
1153 3618 1262 3682 Dei
1309 3613 1810 3694 contemplatione
1828 3607 2044 3705 procul

397 3699 832 3789 discessissent,
865 3729 1058 3793 neque
1088 3715 1288 3792 posset
1333 3722 1503 3768 mens
1533 3710 1733 3764 nostra
1763 3699 1882 3760 otio
1915 3707 2044 3760 tor-

396 3819 666 3884 pescere,
699 3801 771 3863 ad
792 3799 1332 3862 considerationem
1359 3802 1734 3884 terrenarum
1758 3795 2048 3884 etcorpo-

394 3875 612 3954 ralium
648 3875 726 3952 'se
773 3888 1065 3951 convertit
1098 3909 1111 3948 :
1171 3887 1378 3967 sicque
1433 3879 1717 3962 paulatim
1747 3875 2046 3967 oblivione

397 3996 599 4042 rerum
649 3977 984 4040 divinarum
1068 3964 1375 4057 corporeis
1429 3967 1731 4057 illecebris
1785 3964 2043 4057 alligata,

398 4066 716 4149 praesentia
739 4065 1116 4128 solummodo
1147 4051 1206 4126 et
1234 4059 1574 4142 corporalia
1597 4056 1836 4118 intuens
1848 4051 2047 4116 existi-

398 4146 563 4218 mare
592 4153 792 4237 erepit,
826 4153 975 4216 nihil
1028 4153 1162 4234 plus
1218 4169 1372 4227 esse,
1432 4146 2040 4237 quamintueretur:

398 4231 831 4326 quinimo'haec
861 4231 1124 4305 humana
1153 4250 1211 4303 et
1241 4256 1530 4321 corporea
1555 4235 1835 4326 sola_esse
1851 4231 2042 4312 bona;

399 4321 701 4416 oblitaque
729 4351 969 4414 prorsus
990 4350 1054 4394 se
1074 4331 1150 4393 ad
1172 4329 1499 4410 imaginem
1529 4324 1654 4388 veri
1683 4321 1788 4385 Dei
1818 4321 2044 4398 consti-

399 4430 607 4499 tutam,
633 4421 788 4484 haud
808 4420 1064 4503 amplius
1089 4419 1150 4482 in
1168 4418 1356 4482 Deum
1381 4417 1598 4499 ipsum,
1632 4431 1666 4478 a
1689 4431 1807 4503 quo
1850 4416 2048 4503 creata

398 4518 548 4587 erat,
583 4495 648 4574 se
677 4495 963 4572 intuendo
997 4516 1098 4573 aut
1147 4495 1514 4590 speculando
1547 4499 1858 4590 convertit.
1894 4495 2049 4590 Solis

399 4586 578 4680 igitur
605 4598 992 4662 sensibilibus
1048 4586 1469 4678 circumsepta,
1527 4611 1594 4654 ac
1649 4589 1816 4680 vanis
1846 4586 2049 4650 saeculi

399 4677 650 4753 deﬁnita
677 4687 979 4752 illecebris
996 4690 1184 4753 Deum
1209 4685 1272 4748 in
1301 4677 1604 4765 carporeis
1635 4677 1911 4742 sensibus
1942 4679 2050 4738 ﬁn-

397 4797 567 4860 gens,
600 4776 782 4841 rebus
812 4776 1130 4840 mundanis
1159 4796 1227 4839 ac
1258 4770 1667 4854 corporalibus
1685 4768 1803 4860 Dei
1828 4784 2049 4828 nomen

398 4857 613 4949 posuit,
640 4875 815 4948 atque
829 4885 898 4929 ea
918 4867 1044 4929 sola
1063 4865 1265 4928 colere
1285 4861 1485 4944 ccepit,
1506 4861 1566 4949 in
1598 4857 1815 4949 quibus
1844 4871 2050 4949 errore

397 4942 646 5020 seducta
706 4942 903 5019 veram
966 4953 1190 5038 putavit
1277 4942 1410 5016 esse
1468 4948 1837 5038 felicitatem.
1896 4942 2051 5005 Hinc

396 5046 621 5110 mthera
665 5053 725 5109 et
771 5063 933 5123 aera,
967 5035 1246 5126 'quaeque
1298 5041 1362 5104 in
1419 5039 1509 5104 eis
1563 5046 1722 5118 sunt,
1757 5035 2053 5126 elementa

398 5154 634 5218 quoque
663 5143 723 5199 et
753 5121 1071 5217 qualitates
1100 5121 1302 5196 rerum
1333 5127 1758 5211 corporalium,
1792 5121 2055 5218 calidita-

398 5211 519 5288 tem
536 5211 849 5288 scilicet-et
865 5222 1246 5304 frigiditatem
1279 5222 1309 5284 l
1324 5217 1708 5283 umiditatem
1735 5234 1803 5277 ac
1826 5211 2059 5304 siccita-

398 5319 518 5376 tem
540 5311 687 5376 deos
724 5299 1084 5396 appellavit;
1114 5329 1178 5376 at
1229 5323 1239 5333 '
1327 5308 1608 5393 paulatim
1639 5325 1710 5370 ex
1743 5299 2049 5396 erroribus

394 5419 635 5466 errores
662 5389 956 5466 invenien.
1001 5389 1345 5468 heminme
1373 5396 1664 5478 imagines
1710 5392 1921 5476 partim
1955 5389 2048 5452 vi-

386 5503 420 5554 v
434 5489 793 5576 entium,pa.
817 5484 1705 5574 .imjtmdefunctorumdivinis
1717 5479 2049 5547 honoribus

2128 3181 2300 3255 atque
2333 3173 2413 3234 ita
2441 3173 2716 3236 venerari
2736 3171 3042 3234 veritatem
3064 3168 3262 3241 debet,
3284 3187 3316 3228 a
3347 3186 3460 3248 qua
3493 3166 3765 3226 homines

2127 3253 2481 3328 recedentes
2505 3264 2562 3324 in
2592 3270 2810 3324 tantam
2837 3261 3207 3322 devenerunt
3225 3256 3650 3331 amentiam,ut
3669 3253 3771 3334 qui

2129 3352 2376 3413 honoris
2395 3350 2676 3430 indignus
2699 3349 2870 3411 bonis
2891 3346 3233 3410 hominibus
3257 3344 3580 3413 videretur,
3606 3362 3768 3423 eum,

2129 3440 2309 3503 veluti
2340 3461 2408 3504 ex
2439 3440 2751 3519 religione,
2785 3439 2909 3500 suis
2941 3437 3060 3499 diis
3102 3455 3204 3518 pro
3236 3434 3446 3515 majori
3479 3433 3770 3495 sacrificio

2129 3529 2498 3594 exhiberent.
2525 3534 2792 3609 Longum
2819 3528 3082 3609 profecto
3122 3525 3300 3588 nimis
3331 3532 3507 3599 esset,
3536 3531 3710 3603 atque
3740 3539 3775 3584 a

2130 3627 2328 3682 nostro
2359 3638 2605 3702 prorsus
2635 3618 2902 3680 instituto
2932 3616 3217 3689 alienum,
3267 3632 3477 3675 omnes
3504 3613 3638 3674 illos
3669 3631 3772 3673 er-

2127 3727 2294 3770 rores
2323 3700 2667 3782 recensere,
2701 3707 2761 3769 in
2792 3724 2938 3788 quos
2969 3705 3117 3786 lapsi
3174 3711 3315 3765 sunt
3343 3701 3638 3776 homines,
3673 3700 3774 3782 qui

2129 3816 2162 3859 a
2189 3800 2313 3860 veri
2342 3797 2449 3860 Dei
2479 3797 2819 3877 cognitione
2869 3803 3046 3875 atque
3093 3793 3414 3854 dilectione
3446 3810 3509 3851 se
3538 3798 3771 3852 averte-

2128 3894 2289 3949 runt.
2324 3889 2469 3950 Cum
2500 3886 2670 3948 enim
2691 3886 2820 3965 ipse
2874 3884 3032 3946 Deus
3084 3890 3334 3944 testante
3367 3878 3672 3960 Scriptura
3700 3879 3778 3939 sit

2127 3974 2240 4051 via,
2276 3977 2490 4037 veritas
2520 3983 2578 4036 et
2607 3975 2808 4036 vita3:
2871 3972 3014 4054 quid
3076 3970 3314 4041 mirum,
3369 3969 3420 4030 si
3469 3968 3552 4044 hi,
3587 3966 3688 4050 qui
3741 3987 3774 4029 a

2126 4074 2294 4127 recta
2323 4064 2417 4124 via
2443 4063 2824 4144 aberrarunt,
2857 4061 2916 4122 in
2948 4060 3145 4122 varios
3175 4058 3474 4120 anfractus
3501 4074 3768 4118 errores-

2128 4172 2243 4235 que
2264 4153 2614 4216 deciderunt
2639 4152 2664 4216 ἲ
2685 4143 2806 4216 Iter
2826 4151 2987 4214 enim
3016 4157 3248 4212 rectum
3276 4166 3453 4207 unum
3479 4154 3589 4223 est,
3615 4164 3774 4228 aquo

2130 4243 2180 4304 si
2211 4242 2345 4324 quis
2374 4243 2703 4317 deﬂexerit,
2741 4257 2988 4302 necesse
3037 4251 3128 4299 est
3160 4237 3315 4297 hunc
3345 4235 3520 4298 etiam
3562 4235 3770 4296 nolen-

2133 4340 2250 4394 tem
2286 4332 2512 4411 magnis
2542 4330 2851 4409 defatigari
2880 4326 3202 4398 laboribus,
3239 4334 3296 4386 et
3319 4343 3422 4405 per
3437 4324 3601 4388 devia
3622 4343 3778 4406 qua:-

2131 4439 2247 4503 que
2277 4429 2580 4500 vagantem
2615 4418 3025 4500 multipliciter
3053 4434 3279 4477 errare.

2211 4508 2318 4572 His
2331 4515 2416 4571 tot
2437 4508 2730 4588 tantisque
2755 4524 3024 4568 errorum
3039 4523 3106 4565 ac
3120 4503 3470 4564 delictorum
3490 4502 3773 4577 tenebris,

2133 4596 2346 4678 quibus
2379 4603 2563 4660 totum
2613 4596 2938 4658 humanum
2989 4612 3175 4672 genus
3205 4591 3603 4665 detinebatur,
3638 4597 3776 4651 tan-

2132 4687 2268 4749 dem
2301 4704 2645 4766 compassus
2669 4684 2982 4748 miserotor
3013 4691 3067 4744 et
3090 4680 3432 4742 misericors
3463 4679 3773 4754 Dominus,

2134 4793 2203 4836 eo
2227 4782 2516 4856 tempore,
2545 4793 2659 4854 quo
2678 4773 2864 4854 ipsius
2883 4768 3287 4833 inscrutabilis
3329 4767 3621 4848 sapientia
3650 4767 3778 4828 dis-

2135 4863 2351 4944 posuit,
2411 4862 2584 4924 nobis
2641 4862 2880 4924 tandem
2941 4875 3294 4922 succurrere
3352 4877 3421 4918 ac
3451 4857 3775 4918 subvenire

2136 4953 2415 5030 dignatus
2444 4960 2553 5014 est.
2589 4953 2659 5013 Et
2687 4961 2747 5012 ut
2796 4970 2866 5012 eo
2919 4949 3154 5026 dignior
3182 4954 3361 5026 atque
3393 4945 3780 5030 excellentior

2136 5025 2295 5095 esset
2350 5031 2764 5094 subventionis
2822 5025 3056 5101 modus,
3114 5046 3230 5108 quo
3272 5025 3398 5107 per
3448 5025 3780 5105 digniorem

2137 5121 2522 5184 Mediatorem
2538 5121 2732 5190 fieret,
2763 5138 2882 5181 non
2901 5117 3204 5195 angelum,
3232 5133 3350 5176 non
3373 5114 3699 5190 hominem,
3717 5123 3785 5176 ut

2137 5207 2417 5275 diximus.
2444 5209 2515 5269 ad
2541 5226 2651 5269 nos
2677 5207 2857 5282 misit,
2884 5214 2944 5267 ut
2967 5205 3061 5266 his
3082 5221 3191 5265 nos
3231 5202 3536 5264 erroribus
3558 5201 3783 5264 libera-

2135 5305 2248 5375 ret,
2281 5297 2387 5360 sed
2417 5297 2632 5360 Filium
2663 5315 2838 5359 suum
2867 5293 3267 5372 unigenitum,
3291 5309 3469 5373 quem
3491 5297 3554 5352 ut
3585 5290 3784 5352 nobis-

2131 5405 2266 5449 cum
2290 5395 2472 5469 esset,
2505 5395 2570 5448 ut
2605 5385 2918 5448 nobiscum
2943 5383 3187 5458 viveret,
3215 5379 3388 5443 nobis
3413 5380 3780 5461 loqueretur,

2130 5484 2193 5541 et
2219 5478 2373 5540 hanc
2394 5468 2834 5542 sanctissimam
2854 5475 3051 5556 legem
3072 5480 3131 5535 et
3154 5469 3486 5534 doctrinam
3517 5468 3783 5532 veritatis

387 5667 390 5670 ’
476 5673 700 5744 Silam.
730 5692 775 5759 ι,
799 5677 879 5743 25
905 5693 1073 5763 seqq.
1157 5676 1190 5729 ι
1216 5673 1391 5742 Prov.
1420 5685 1590 5750 xvm,
1621 5668 1683 5736 3.
1771 5668 1805 5722 5
1829 5667 2002 5733 Joan.
2034 5677 2159 5750 xlv,
2187 5661 2250 5726 6.
