4154 6402
225 345 348 410 ΞἿἺ

1183 346 1281 409 DE
1322 339 1742 407 RELIGIONE
1781 336 2258 404 GHRISTIANA
2299 335 2675 402 LIBELLUS

3495 333 3573 399 27

234 477 524 559 traderet,
568 498 830 562 eamque
859 478 1042 541 verbo
1081 484 1138 540 et
1171 473 1443 556 exemplo
1475 473 1878 562 confirmaret,
1899 479 1947 540 Α
1970 489 2092 562 pra:f
2135 470 2448 562 fragilitate
2497 476 2718 562 nostra,
2754 477 2813 534 et
2841 468 3115 533 humanae
3141 477 3368 534 natura;
3396 487 3613 562 corru-

242 584 424 627 carne
451 569 641 630 induit
701 559 962 631 humana
1019 567 1080 628 in
1138 574 1307 627 utero
1365 561 1658 642 virginali,
1709 559 1888 621 utsic

237 673 450 732 novus,
485 667 542 719 et
569 658 955 733 miraculose,
990 675 1059 718 ac
1095 672 1310 736 prte'er
1361 651 1630 714 ordinem
1663 657 1890 710 natura;

231 752 433 824 natus,
463 767 581 808 non
598 738 1888 827 homotantum,necDeustantum,sedDeus

230 841 291 893 et
314 833 524 910 homo,
551 856 762 898 novam
787 837 959 912 hanc,
987 835 1223 906 miram,
1252 840 1308 895 et
1331 830 1500 911 quasi
1524 834 1884 910 supernatu-

223 919 424 985 ralem
457 925 654 1004 legem
679 925 956 987 omnibus
986 921 1330 986 hominibus
1360 917 1726 1001 praedicaret,
1753 915 1888 977 illu-

229 1012 617 1096 minaretque
649 1015 986 1077 mortalium
1021 1021 1272 1080 mentes,
1301 1027 1521 1089 eosque
1541 1007 1804 1096 doceret,
1832 1011 1889 1096 et

231 1100 463 1163 relictis
494 1093 765 1166 errorum
802 1102 1062 1165 tenebris
1091 1120 1159 1163 ac
1194 1093 1886 1181 peccatorumillecebris

230 1186 523 1272 falsisque
558 1191 1008 1268 blandimentis,
1037 1195 1278 1252 virtutes
1300 1186 1887 1268 amplecterentur,et

234 1276 682 1343 deducerentur
711 1299 946 1364 quoque
996 1279 1067 1341 ad
1099 1279 1223 1340 veri
1255 1277 1362 1341 Dei
1393 1273 1818 1364 cognitionem,
1850 1289 1885 1331 a

231 1384 376 1445 quo.
413 1379 469 1430 et
499 1372 672 1452 cujus
701 1360 876 1433 causa
907 1367 1132 1432 conditi
1157 1373 1399 1446 essent;
1432 1381 1608 1452 quem
1642 1360 1883 1425 tandem

1972 560 2130 641 ptela
2149 560 2582 628 amitteremus.
2620 559 2682 621 in
2711 569 2915 623 nostra
2942 565 3098 622 esset
3129 566 3416 640 potestate
3445 559 3613 622 illam

1971 667 2078 729 per
2097 650 2230 711 haec
2245 648 2877 730 salutariaadjumenta
2895 665 3276 729 recuperare.
3309 653 3396 712 Ea
3411 658 3611 712 autem

1971 745 2106 798 sunt
2156 739 2328 801 haec:
2386 737 2736 819 baptismus,
2790 737 3158 820 paenitentia,
3221 737 3612 816 conﬁrmatio,

1973 826 2354 902 eucharistia,
2386 826 2854 901 matrimonium,
2915 827 3086 903 ordo,
3119 833 3179 890 et
3208 835 3473 890 extrema
3501 847 3617 890 un-

1972 915 2114 978 ctio.
2147 915 2371 978 Horum
2423 923 2584 978 tanta
2633 924 2724 978 est
2780 916 2887 990 vis,
2942 924 3104 978 tanta
3161 924 3440 998 potestas,
3475 915 3619 979 utsi

1970 1003 2083 1066 rite
2139 1023 2207 1067 ac
2267 1005 2530 1086 legitime
2587 1005 3100 1082 administrentur,
3159 1005 3233 1068 ab
3294 1004 3458 1067 omni
3505 1023 3618 1069 nos

1972 1093 2205 1155 valeant
2259 1094 2528 1175 quamvis
2586 1094 2788 1157 lethali
2843 1095 3090 1158 vulnere
3146 1113 3215 1156 ac
3275 1093 3616 1176 pernicioso

1970 1182 2178 1246 morbo
2207 1201 2440 1259 curare,
2473 1196 2534 1246 et
2575 1185 2990 1267 pulcherrima
3053 1185 3377 1247 valetudini
3430 1183 3614 1247 resti-

1968 1281 2154 1335 tuere.
2185 1272 2322 1336 Haec
2339 1280 2537 1336 autem
2562 1274 2766 1337 omnia
2788 1274 3190 1337 consideranti
3216 1273 3466 1356 mihi,ac
3484 1292 3617 1354 per-

1967 1380 2124 1444 saepe
2145 1363 2242 1444 pie
2262 1372 2442 1444 atque
2471 1363 2748 1444 religiose
2783 1364 2982 1426 animo
3012 1363 3358 1440 revolventi,
3382 1364 3613 1426 nullum

228 1457 542 1535 cognitum
576 1451 698 1522 toto
756 1459 960 1539 corde,
1022 1465 1143 1519 tota
1198 1465 1396 1518 mente
1452 1451 1792 1530 diligerent,
1827 1457 1885 1511 et
1963 1451 2198 1515 videtur
2228 1453 2442 1534 majus,
2476 1453 2711 1516 nullum
2744 1452 3101 1529 mirabilius,
3135 1471 3313 1535 quam
3344 1452 3615 1535 corporis

225 1555 438 1607 sancto
469 1567 539 1608 ac
572 1549 782 1610 devoto
811 1547 1100 1609 sacriﬁcio
1132 1540 1610 1622 honorarent;ei
1640 1539 1882 1600 demum
1967 1542 2345 1620 etsanguinis
2373 1542 2613 1608 Domini
2643 1551 3105 1618 sacramentum,
3135 1543 3297 1620 quod
3331 1541 3612 1604 euchari-

218 1633 455 1713 jugiter
487 1636 837 1711 servientes,
871 1635 1243 1697 ambulantes
1299 1648 1534 1712 quoque
1562 1628 1624 1689 in
1655 1626 1940 1713 semitis_
1966 1628 2137 1690 stiam
2187 1648 2467 1693 vocamus
2503 1653 2518 1693 :
2579 1631 2748 1712 cujus
2805 1629 3196 1713 speculationi
3251 1630 3483 1712 quoties
3508 1629 3612 1691 iu-

232 1706 652 1786 maiidatorum
685 1706 840 1805 ejus,
869 1725 940 1786 ad
954 1732 1234 1786 aeternam
1249 1706 1411 1783 illam
1425 1706 1878 1805 beatitudinem,
1901 1706 1947 1768 Β
1967 1716 2167 1794 tendo,
2204 1719 2377 1782 toties
2406 1721 2622 1782 mirum
2647 1706 2716 1781 in
2748 1706 2993 1782 modum
3023 1706 3400 1800 obstupesco,
3437 1725 3614 1801 atque

235 1812 567 1875 ccelestium
600 1803 834 1895 quoque
889 1812 1202 1894 spirituum
1257 1806 1624 1872 consortium
1655 1803 1879 1895 digniso
1964 1825 2087 1887 prae
2115 1815 2290 1870 tantae
2337 1809 2426 1871 rei
2485 1817 2794 1891 suavitate,
2852 1809 3119 1872 animum
3181 1815 3344 1870 extra
3373 1825 3440 1870 se
3469 1807 3613 1870 ferri

237 1899 396 1960 sime
426 1893 811 1966 vocarentur:
846 1893 948 1963 ubi
977 1900 1305 1962 secundum
1335 1893 1730 1978 Apostolumﬁ
1761 1912 1880 1954 non
1963 1915 2294 1974 cognosco:
2350 1898 2508 1979 quod
2566 1898 2904 1981 cuicunque
2953 1905 3177 1960 attente
3205 1895 3613 1960 consideranti

240 2006 355 2066 per
383 1992 678 2068 speculum
713 1993 772 2052 in
801 1991 1133 2070 aenigmate,
1168 1986 1347 2050 veluti
1400 1987 1460 2046 in
1490 1985 1604 2046 hoc
1635 1982 1876 2063 saeculo,
1965 1985 2203 2048 evenire
2251 2005 2425 2067 posse
2455 2006 2573 2050 non
2603 1988 2830 2050 dubito.
2864 1986 3008 2062 Quis
3036 1986 3198 2049 enim
3227 2005 3346 2048 non
3379 2003 3612 2050 summe

239 2076 353 2136 sed
387 2078 638 2139 revelata
667 2080 811 2142 facie
842 2079 1099 2140 divinam
1131 2078 1294 2139 illam
1327 2074 1702 2154 majestatem
1729 2089 1878 2132 con-

241 2165 702 2245 templabimur;
734 2169 795 2229 in
828 2187 943 2250 quo
975 2184 1266 2228 summam
1299 2182 1432 2227 esse
1464 2160 1724 2250 hominis
1752 2159 1880 2222 feli-

233 2253 474 2315 citalem
507 2249 973 2338 immensamque
999 2258 1376 2336 voluptatem,
1409 2270 1583 2314 nemo
1599 2249 1715 2312 nisi
1745 2267 1875 2310 ma-

225 2341 390 2402 xime
420 2344 672 2406 demens
703 2345 1076 2408 inﬁciabitur.
1139 2344 1276 2407 Haec
1333 2349 1419 2404 est
1448 2341 1629 2420 hujus
1660 2344 1880 2400 nostrae

226 2433 593 2511 evangelica:
626 2435 958 2496 traditionis
989 2452 1219 2496 summa
1251 2452 1267 2509 ;
1304 2435 1360 2493 in
1390 2431 1504 2492 hoc
1538 2428 1663 2492 sola
1688 2427 1878 2508 ipsius

1962 2074 2032 2135 ad
2043 2074 2376 2158 mirabitur,
2401 2095 2534 2139 cum
2559 2077 2724 2138 audit
2747 2075 3138 2140 substantiam
3155 2073 3612 2155 corruptibilem

1963 2166 2133 2246 panis
2164 2175 2222 2230 et
2248 2167 2369 2229 vini
2397 2168 2459 2229 in
2485 2187 2692 2232 verum
2741 2169 2975 2231 Domini
3007 2167 3196 2230 nostri
3221 2166 3359 2230 Jesu
3391 2165 3612 2229 Christi

1962 2273 2197 2335 corpus,
2231 2265 2290 2319 et
2313 2256 2664 2335 sanguinem
2691 2257 3021 2320 sacerdotis
3045 2256 3374 2319 ministerio
3408 2261 3610 2318 trans-

1961 2345 2174 2406 mutari
2203 2344 2234 2405 ?
2295 2363 2432 2406 cum
2491 2347 2668 2408 lectio
2706 2347 2810 2408 illa
2839 2346 3184 2426 evangelica
3207 2345 3333 2409 suis
3363 2343 3609 2408 auribus

1959 2433 2221 2496 intonat:
2245 2433 2388 2497 Nisi
2407 2435 2791 2498 comederitis
2819 2454 3071 2499 carnem
3090 2434 3236 2497 Filii
3263 2435 3528 2497 hominis
3547 2441 3611 2497 et

219 2520 310 2580 vis
342 2523 651 2600 pendent;
676 2524 749 2585 ad
779 2525 890 2586 hoc
921 2523 1048 2604 ejus
1079 2529 1340 2584 sunttam
1365 2526 1680 2601 praecepta,
1700 2533 1876 2596 quam
1959 2523 2891 2604 sanguinemejusbiberitis,non
2911 2525 3206 2588 habebitis
3221 2524 3412 2585 vitam
3429 2524 3610 2585 invo-

223 2609 478 2672 consilia
510 2612 818 2674 instituta:
881 2613 978 2674 hic
1036 2609 1290 2693 piissimi
1339 2616 1397 2670 et
1426 2605 1877 2696 clementissimi
1959 2613 2048 2675 bis
2067 2613 2118 2676 7,
2151 2611 2223 2674 Ει
2243 2613 2388 2675 alibi
2412 2631 2426 2677 ;
2454 2613 2647 2694 Caro,
2669 2615 2880 2696 inquit,
2912 2632 3044 2676 mea
3071 2631 3213 2677 υενε
3232 2612 3524 2690 egemus,
3550 2620 3610 2676 ει

225 2697 584 2776 legis-latoris
619 2703 801 2764 nostri
829 2702 1004 2777 ﬁnis;
1053 2702 1181 2764 haec
1208 2698 1458 2761 intentio
1487 2718 1504 2778 ;
1540 2696 1654 2758 hoc
1683 2695 1813 2776 ipse
1841 2712 1876 2754 a
1959 2704 2215 2782 sanguis
2234 2721 2404 2766 meus
2426 2721 2566 2766 vere
2594 2711 2680 2767 est
2709 2695 2920 2785 pctus;
2941 2702 3606 2785 quimandueatjmeam

222 2790 398 2852 nobis
426 2811 538 2872 per
566 2791 944 2873 Unigenitum
978 2811 1173 2868 suum,
1237 2809 1413 2872 quem
1461 2786 1533 2850 ad
1565 2786 1871 2849 ferendam
1955 2809 2226 2868 carnem,
2253 2798 2310 2854 et
2332 2792 2477 2856 bibit
2499 2811 2698 2857 meum
2713 2795 3094 2874 sanguinem,
3118 2793 3185 2856 in
3204 2811 3300 2856 me
3325 2800 3532 2856 manet
3547 2798 3608 2856 et

217 2877 373 2938 hanc:
399 2880 594 2960 legem
633 2883 814 2956 misit,
847 2882 1146 2945 instanter
1175 2886 1399 2965 monet,
1433 2879 1734 2965 hortatur,
1761 2893 1871 2965 po-
1956 2899 2064 2962 ego
2089 2883 2157 2944 in
2189 2899 2256 2944 eo
2284 2883 2336 2942 8.
2365 2885 2575 2965 Stupet
2596 2883 2859 2965 profecto
2891 2883 3186 2946 humanus
3216 2881 3472 2958 animus,
3505 2889 3601 2944 at-

217 2967 398 3028 stulat
430 2982 487 3032 et
519 2971 773 3052 requirit
800 2989 815 3046 ;
848 2981 913 3032 ut
943 2971 1041 3052 qui
1065 2963 1550 3032 creandocuncta
1579 2985 1651 3028 ex
1683 2963 1869 3026 nihilo
1955 2989 2070 3052 que
2099 2971 2173 3034 ad
2189 2971 2336 3033 tales
2351 2963 2661 3035 sermones
2685 2980 2839 3035 totus
2855 2971 3284 3048 contremiscit,
3309 2979 3606 3053 tantaeque

217 3076 384 3118 suam
416 3063 680 3123 maxime
711 3062 1197 3143 omnipotentiam
1213 3058 1494 3133 ostendit,
1519 3055 1865 3144 sapientiam
1888 3081 1930 3144 α
1954 3060 2041 3122 rei
2071 3060 2464 3124 admiratione
2493 3062 2846 3144 plerumque
2876 3069 3042 3124 extra
3073 3081 3141 3124 se
3168 3061 3378 3126 fertur.
3415 3062 3605 3125 Cum-

223 3162 364 3204 vero
395 3159 591 3210 creata
626 3158 786 3211 tanto
846 3151 1058 3212 ordine
1115 3149 1378 3230 regendo
1441 3156 1619 3228 atque
1647 3143 1867 3225 guber-

230 3236 466 3309 nando;
501 3258 606 3300 nos
635 3241 876 3303 tandem
907 3260 940 3302 a
991 3239 1249 3321 peccatis
1305 3245 1365 3298 et
1423 3233 1728 3298 erroribus
1759 3234 1868 3294 hoc

231 3326 669 3392 mirabilimodu
684 3333 992 3394 liberanda
1006 3332 1296 3394 inﬁnitam
1309 3347 1475 3392 suam
1488 3324 1864 3391 clementiam

226 3420 410 3493 atque
443 3417 901 3482 misericordiam
930 3420 1387 3482 demonstraret.

315 3501 476 3564 Nihil
509 3505 674 3585 igitur
717 3510 825 3571 hac
869 3519 1077 3572 nostra
1133 3507 1466 3572 Christiana
1496 3504 1869 3587 professione

232 3600 430 3672 potest
452 3596 962 3678 reperiridignius,
987 3599 1136 3660 nihil
1167 3595 1526 3680 praeclarius,
1558 3593 1706 3656 nihil
1735 3595 1865 3656 fru-

231 3681 530 3758 ctuosius;
560 3685 675 3749 sive
706 3687 1059 3766 legislatoris
1087 3687 1459 3768 dignitatem,
1477 3690 1600 3747 sive
1621 3683 1867 3746 institu-

225 3769 468 3848 tionem,
487 3773 740 3853 ipsarum
761 3786 820 3838 et
841 3777 1222 3840 traditionum
1247 3773 1726 3850 sanctimoniam,
1744 3773 1869 3835 sive

216 3871 458 3923 aeternae
481 3861 781 3928 felicitatis
803 3867 1077 3946 gloriam,
1119 3865 1192 3927 ad
1235 3884 1411 3946 quam
1440 3881 1740 3936 vocamur,
1773 3861 1868 3924 di-

208 3949 473 4030 ligenter
487 3953 962 4017 animadvertere
980 3954 1366 4016 voluerimus.
1380 3952 1458 4017 Ut
1468 3960 1666 4015 autem
1691 3951 1865 4032 nihil,

210 4041 371 4121 quod
397 4041 470 4101 ad
499 4043 751 4105 salutem
775 4057 1034 4106 nostram
1069 4043 1368 4125 pertinere
1388 4050 1608 4124 posset,
1634 4040 1867 4122 sapien-

215 4129 489 4191 tissimus
541 4131 841 4210 legislator
908 4134 1409 4214 praetermitteret,
1469 4130 1868 4192 sacratissima

215 4219 488 4298 quaedam
541 4231 914 4285 sacramenta
966 4221 1220 4285 instituit
1274 4229 1493 4283 nostrae
1539 4220 1867 4299 fragilitatis

1955 3168 2071 3230 que
2101 3157 2218 3211 tam
2252 3149 2548 3213 mirabilis
2573 3151 2928 3214 sacramenti
2985 3150 3325 3231 cognitione
3354 3151 3599 3213 intelle-

1951 3245 2081 3301 ctus
2137 3238 2601 3319 profunditatem
2658 3257 2888 3314 eorum,
2952 3259 3083 3322 quae
3137 3240 3199 3302 in
3258 3257 3328 3302 eo
3391 3240 3598 3317 latent,

1953 3327 2364 3407 mysteriorum
2390 3328 2640 3390 scrutari
2656 3328 2823 3390 avide
2836 3328 3021 3411 cupit,
3046 3336 3345 3392 tantorum
3357 3347 3602 3391 arcano-

1948 3434 2082 3478 rum
2114 3416 2523 3496 magnitudine
2553 3436 2794 3498 pressus
2822 3417 2885 3479 in
2914 3417 3042 3499 ipso
3073 3426 3286 3481 conatu
3316 3437 3596 3481 succum-

1951 3505 2126 3576 bens,
2154 3505 2311 3586 quod
2335 3505 2532 3568 minus
2555 3506 2816 3588 perfecte
2833 3506 3135 3587 intelligit,
3159 3509 3601 3589 quammaxime

1950 3595 2298 3678 admiratur,
2333 3596 2539 3658 dicens
2565 3615 2700 3658 cum
2721 3595 3046 3678 PrOpheta:
3072 3598 3443 3663 Memoriam
3457 3600 3602 3677 fecit

1949 3686 2327 3749 mirabilium
2344 3703 2596 3749 suorum
2617 3687 2931 3749 miseratur
2946 3695 3002 3748 et
3017 3688 3362 3750 misericors
3382 3687 3598 3750 Domi-

1950 3793 2067 3836 nus
2086 3792 2283 3837 escam
2311 3775 2475 3838 dedit
2508 3775 2865 3838 timentibus
2899 3775 3026 3837 se9.
3059 3775 3129 3838 Et
3157 3776 3422 3856 profecto
3463 3796 3600 3840 om-

1951 3883 2087 3926 nem
2120 3863 2573 3927 admirationem
2605 3865 2862 3948 excedit,
2883 3867 3084 3929 omnia
3105 3866 3605 3949 mirabiliasupe-

1949 3961 2059 4024 rat,
2086 3953 2224 4036 quia
2247 3954 2358 4016 sub
2393 3955 2612 4018 modici
2658 3955 2828 4036 panis
2860 3963 2918 4018 et
2973 3956 3097 4018 vini
3138 3957 3362 4038 specie,
3392 3976 3598 4021 verum

1950 4043 2171 4107 Christi
2201 4062 2417 4124 corpus
2459 4051 2516 4105 et
2568 4044 2806 4124 sanguis
2858 4063 2894 4106 a
2948 4044 3226 4108 ﬁdelibus
3257 4047 3599 4109 communi-

1950 4133 2139 4195 cando
2197 4133 2474 4197 sumitur.
2529 4133 2700 4196 Unde
2756 4153 2890 4196 cum
2943 4133 3283 4197 divinorum
3346 4155 3600 4219 operum

1952 4221 2416 4302 magnitudinem
2431 4222 2892 4296 considero,hoc
2903 4241 3138 4286 summe
3154 4224 3569 4290 admirandum
3581 4279 3595 4304 ,

218 4307 487 4399 remedia
543 4309 959 4399 saluberrima,
1020 4311 1238 4391 quibus
1293 4309 1476 4372 veluti
1505 4309 1861 4399 quibusdam
1892 4313 2376 4399 Dvenerandum,
2407 4319 2583 4394 atque
2613 4331 2824 4391 magno
2855 4332 2990 4375 cum
3027 4321 3286 4377 tremore
3335 4324 3598 4379 tractan-

224 4396 704 4474 medicamentis,
725 4402 941 4462 nostris
953 4410 1150 4482 posset
1176 4399 1618 4462 inﬁrmitatibus
1648 4397 1867 4460 subve-

219 4486 375 4549 nire.
407 4488 574 4550 Sicut
601 4490 759 4550 enim
793 4510 911 4552 non
940 4491 1158 4552 suﬂicit
1185 4489 1421 4552 medico
1480 4487 1727 4568 depulsa
1757 4487 1868 4548 ad-

221 4594 393 4638 versa
420 4579 757 4642 valetudine
810 4580 1025 4642 bonam
1081 4580 1389 4657 inducere,
1452 4577 1568 4640 nisi
1597 4575 1869 4640 remedia

217 4684 456 4745 quoque
511 4666 614 4729 illa
664 4667 962 4742 adhibeat,
1023 4670 1237 4750 quibus
1295 4680 1356 4730 et
1406 4667 1680 4729 valetudo
1711 4665 1869 4728 bona

214 4765 629 4838 conservetur,
662 4766 721 4819 et
743 4758 794 4819 si
823 4758 1057 4840 quando
1089 4755 1646 4831 morbusinciderit,
1662 4754 1868 4817 adver-

216 4865 322 4909 sus
353 4845 524 4908 illum
556 4847 774 4910 debitis
824 4849 1276 4913 medicamentis
1323 4848 1703 4931 provideatur
1731 4864 1745 4910 :
1779 4845 1868 4907 sic

214 4954 490 4998 summus
520 4936 620 4999 ille
649 4945 708 4999 et
737 4939 1114 5020 omnipotens
1162 4939 1341 5015 Deus,
1391 4957 1588 5021 neque
1617 4936 1864 4998 inﬁnita;

213 5025 526 5106 sapientiae
540 5045 686 5104 suae,
707 5046 901 5109 neque
920 5029 1092 5092 saluti
1115 5036 1332 5091 nostra
1369 5027 1607 5090 abunde
1627 5026 1863 5088 satisfa-

219 5122 379 5175 ctum
411 5133 542 5177 esse
569 5117 950 5194 existimavit,
981 5118 1034 5181 si
1090 5137 1198 5181 nos
1224 5125 1449 5182 tantum
1485 5135 1588 5198 per
1615 5118 1860 5196 gratiam

220 5220 389 5265 suam
419 5224 452 5266 a
481 5205 640 5268 vitiis
666 5205 740 5268 ad
787 5207 1086 5284 virtutem,
1142 5207 1216 5271 ab
1273 5207 1578 5271 erroribus
1606 5208 1679 5271 ad
1707 5208 1860 5270 viam

215 5293 480 5357 veritatis
509 5302 800 5370 vocasset,
821 5295 937 5358 nisi
970 5307 1030 5360 et
1055 5299 1327 5362 remedia
1348 5297 1701 5372 invenisset,
1724 5296 1860 5378 qui-

217 5382 324 5444 bus
364 5385 542 5448 veluti
575 5384 938 5466 quibusdam
983 5387 1362 5452 adminiculis
1416 5389 1570 5451 hanc
1602 5405 1768 5450 suam
1798 5384 1861 5446 in

215 5473 377 5538 nobis
400 5475 655 5560 gratiam
687 5492 1097 5542 servaremus:
1133 5486 1193 5541 et
1220 5486 1412 5562 quasi,
1444 5477 1679 5560 quando
1694 5475 1858 5543 illam

1949 4402 2088 4463 dum
2121 4419 2363 4464 censeo.
2394 4401 2767 4464 Admirabile
2813 4403 3112 4485 siquidem
3161 4413 3218 4466 et
3249 4406 3598 4486 praclarum

1947 4490 2056 4552 fuit
2075 4491 2227 4552 hanc
2252 4491 2461 4553 mundi
2483 4491 2818 4554 machinam
2847 4499 2930 4556 tot
2951 4492 3237 4556 caelorum
3259 4495 3595 4559 elemento-

1947 4599 2200 4663 rumque
2231 4581 2499 4662 sphaeris,
2535 4587 2623 4646 tot
2679 4581 3050 4644 diversarum
3080 4601 3283 4646 rerum
3315 4586 3598 4650 varietate

1948 4682 2221 4736 ornatum
2253 4690 2479 4749 creare,
2506 4693 2626 4738 non
2666 4674 2858 4736 solum
2889 4674 3033 4750 diei,
3066 4675 3264 4739 lunam
3295 4695 3365 4739 ac
3395 4679 3600 4742 stellas

1948 4763 2107 4824 nocti
2139 4763 2468 4844 praeﬁcere,
2503 4763 2873 4844 distinguere
2901 4771 3190 4845 tempora,
3218 4765 3504 4830 caelorum
3527 4787 3599 4832 ac

1949 4851 2213 4914 siderum
2247 4869 2456 4914 cursus
2479 4859 2794 4934 motusque
2813 4852 3160 4934 disponere,
3181 4855 3595 4921 innumerabi-

1947 4941 2026 5004 lia
2055 4941 2272 5003 deinde
2293 4941 2510 5017 avium,
2546 4942 2821 5022 piscium,
2847 4943 3344 5026 terrestriumque
3360 4946 3596 5011 anima-

1949 5030 2410 5105 lium,arborum
2434 5050 2670 5120 quoque
2685 5050 2754 5095 ac
2777 5032 3098 5109 fructuum,
3125 5041 3598 5120 caaterarumque

1947 5136 2146 5180 rerum
2170 5137 2390 5199 genera
2401 5119 2475 5182 ad
2499 5120 2811 5182 hominum
2825 5139 3022 5202 usum,
3043 5121 3202 5185 hunc
3220 5121 3282 5184 in
3308 5119 3595 5189 mundum

1947 5207 2300 5290 producere,
2327 5208 2632 5272 hominem
2654 5209 2849 5292 ipsum
2879 5209 3168 5274 demuma
3199 5213 3432 5277 caeteris
3461 5216 3593 5280 ani-

1946 5297 2242 5360 mantibus
2262 5297 2510 5361 rationis
2533 5306 2592 5362 et
2611 5298 2909 5362 sermonis
2931 5299 3216 5381 dignitate
3246 5321 3592 5372 secernere.

1944 5384 2062 5448 Sed
2081 5406 2218 5450 cum
2242 5405 2339 5450 me
2358 5387 2433 5450 ad
2465 5389 2643 5471 hujus
2660 5388 2931 5472 corporis
2959 5398 3017 5454 et
3043 5392 3354 5473 sanguinis
3383 5413 3590 5462 sacra-

1944 5483 2211 5541 mentum
2241 5485 2542 5559 converto,
2575 5478 2726 5544 nihil
2775 5479 2926 5545 mihi
2967 5480 3204 5548 videtur
3233 5482 3588 5568 mirabilius,

268 5655 350 5725 ⁸1
370 5663 512 5730 Cor.
547 5674 688 5738 xm,
729 5655 841 5734 l2;
873 5652 933 5720 Il
957 5655 1092 5736 Cor,
1125 5674 1212 5735 ιιι,
1251 5658 1347 5725 18.
1433 5659 1464 5710 7
1488 5655 1661 5726 Joan.
1693 5674 1774 5741 vt,
1805 5660 1872 5727 54

1991 5659 2027 5712 ο
2052 5657 2210 5728 Ibid.
2235 5657 2340 5740 56,
2367 5660 2470 5729 57.
2558 5661 2593 5715 ε
2621 5658 2772 5728 Psal.
2801 5675 2904 5746 cx,
2931 5661 2995 5730 4.
