4154 6396
513 388 636 460 979
1811 390 2210 461 EPIPHANII
2240 395 2583 461 MONACH]
3776 401 3903 466 280

513 528 666 594 nihil
690 526 1079 593 veneratione
1106 528 1370 609 dignius,
1402 527 1552 589 nihil
1578 526 1837 590 sanctius
1864 533 2041 609 atque
2069 528 2171 591 de-
2190 532 2237 594 A
2254 527 2495 592 Domini
2515 527 2820 592 visitantes
2835 529 3062 593 caelesti
3079 531 3296 611 pabulo
3318 532 3570 595 recreati
3598 532 3905 596 ﬁdeliores

513 619 707 684 votius
735 617 1251 700 pertractandum,
1313 616 1377 678 in
1435 635 1551 698 quo
1610 615 1853 680 Creator
1882 626 2169 680 creaturae
2252 618 2714 697 devotioresque
2767 626 3167 683 revertuntur.
3226 621 3314 685 Ad
3372 621 3525 684 hanc
3580 622 3900 685 ecclesiam

515 709 919 791 conjungitur,
949 706 1356 789 corruptibilis
1377 706 1711 769 substantia
1734 708 1791 769 in
1812 705 2168 787 incorrupti-
2254 707 2527 770 nonnulli
2562 706 3032 770 Christianorum
3067 718 3476 791 persecutores
3507 710 3900 787 accedebant,

515 799 701 863 bilem
730 797 1189 875 transfunditur,
1221 801 1301 858 'et
1357 794 1466 857 sub
1530 814 1705 877 parva
1756 796 1925 878 panis
1956 804 2011 858 et
2047 795 2166 857 vini
2248 808 2456 857 nostra
2475 795 2771 858 sacriﬁcia
2793 797 3136 873 irridentes,
3162 797 3643 862 authristianos
3670 799 3900 862 ibidem

514 888 717 969 specie
746 905 951 949 rerum
1007 886 1273 947 omnium
1330 883 1613 947 Conditor
1663 884 1815 946 mira
1843 884 2163 947 verborum
2247 885 2495 946 orationi
2527 883 2789 946 intentos
2819 885 3261 966 perturbantes,
3304 907 3453 969 quos
3495 887 3634 950 inde
3662 888 3898 951 abstra-

517 975 850 1059 prolalione
871 974 1244 1057 supponitur.
1270 973 2163 1055 Inhocsiquidemsacramento
2246 982 2372 1035 ctos
2406 971 2633 1053 magnis
2692 973 3010 1054 aliquando
3070 975 3305 1055 injuriis
3357 976 3897 1058 persequebantur.

514 1065 606 1129 vis
634 1085 703 1129 ac
733 1064 996 1147 potentia
1022 1072 1247 1126 natura;
1306 1073 1646 1145 superatur,
1705 1063 2038 1125 communis
2069 1064 2162 1125 lex

513 1154 795 1232 vincitur,
815 1153 1018 1215 divina
1034 1152 1292 1214 maxime
1319 1151 1503 1213 virtus
1534 1151 1892 1226 ostenditur,
1922 1160 1978 1213 et
1999 1152 2158 1214 aliud

513 1262 695 1307 sensu
727 1242 1114 1324 percipimus,
1148 1240 1309 1303 aliud
1328 1241 1446 1303 ﬁde
1459 1240 1705 1304 credere
1719 1241 2157 1323 compellimur.

513 1332 666 1407 Quid
701 1331 888 1407 enim,
910 1347 1135 1413 quaeso,
1165 1337 1284 1393 tam
1306 1338 1535 1393 natura:
1564 1331 1948 1407 contrarium,
1983 1350 2159 1412 quam

510 1421 845 1485 accidentia
875 1437 986 1501 per
1012 1420 1213 1502 seipsa
1232 1419 1363 1482 sine
1384 1419 1653 1500 subjecto
1675 1419 1775 1481 illa
1796 1428 2161 1482 sustentante

512 1510 849 1574 exsistere?
901 1508 1044 1572 Cum
1095 1508 1256 1570 enim
1306 1516 1530 1571 natura:
1584 1508 1981 1571 accidentium
2015 1529 2158 1587 [ro-

510 1599 708 1683 prium
737 1598 834 1675 sit,
874 1604 937 1660 ut
971 1597 1146 1660 alteri
1167 1598 1375 1672 insint,
1412 1615 1523 1659 nec
1556 1616 1661 1679 per
1689 1616 1753 1659 se
1784 1598 2009 1679 poszint
2041 1600 2161 1661 ulla

2244 1062 2498 1142 Contigit
2528 1076 2751 1143 autem,
2783 1062 2946 1125 inter
2973 1072 3221 1126 caeteros
3252 1065 3465 1128 ducem
3488 1066 3805 1147 quemdam
3826 1085 3902 1129 ac

2246 1150 2575 1231 principem
2606 1150 2938 1213 inﬁdelium
2991 1151 3320 1215 Christiani
3375 1153 3635 1215 nominis
3662 1154 3897 1217 acerri-

2247 1256 2407 1298 mum
2438 1237 2917 1318 impugnatorem
2956 1238 3115 1302 hunc
3159 1240 3219 1302 in
3253 1241 3449 1304 locum
3480 1241 3795 1313 divertere,
3830 1249 3902 1304 ut

2243 1324 2444 1387 omnia
2470 1334 2688 1388 nostrae
2716 1326 2862 1406 legis
2921 1327 3217 1391 sacriﬁcia
3270 1348 3339 1391 ac
3369 1333 3755 1394 caeremonias
3785 1350 3897 1394 ex-

2247 1413 2503 1494 ploraret
2537 1434 2553 1491 ;
2585 1415 2740 1496 quod
2769 1434 2901 1477 cum
2934 1416 3079 1478 alias
3131 1436 3310 1499 saepe,
3358 1427 3485 1480 tum
3536 1438 3606 1481 eo
3638 1420 3899 1482 maxime

2244 1502 2365 1577 die,
2425 1522 2604 1584 quem
2677 1503 2753 1566 ob
2810 1506 3130 1568 Salvatoris
3186 1508 3375 1570 nostri
3434 1510 3893 1574 sacratissimam
3950 1532 3955 1535 ·

2243 1609 2378 1653 cum
2412 1591 2721 1673 discipulis
2754 1594 2876 1655 suis
2907 1614 3136 1657 caenam
3169 1597 3314 1660 colit
3345 1606 3399 1660 et
3430 1608 3746 1661 veneratur
3788 1605 3899 1665 Ec-

509 1679 745 1751 i'atione
773 1686 1099 1749 subsistere
1133 1708 1149 1758 ;
1185 1686 1317 1768 quis
1346 1686 1461 1748 hoc
1498 1687 1864 1768 praecipuum
1895 1687 2160 1767 singula-
2244 1679 2449 1755 CleSia,
2510 1680 2573 1741 in
2632 1682 2802 1762 cuius
2860 1682 3208 1746 memoriam
3270 1703 3473 1747 verum
3523 1688 3651 1765 ejus
3679 1706 3898 1770 corpus

509 1795 695 1859 reque
721 1774 1075 1875 miraculum
1104 1793 1225 1836 non
1254 1770 2711 1877 admirabitur,.ubipostsacer-Bsanguinemque
2768 1774 3148 1854 suscipimus,
3210 1774 3283 1838 ab
3340 1777 3469 1857 ipso
3530 1778 3748 1853 edocti,
3792 1779 3896 1861 qui

510 1865 666 1928 dotis
691 1862 1203 1927 consecrationem
1225 1865 1618 1945 estquantitas
1639 1863 1789 1926 nihil
1807 1865 2157 1945 extendens,
2179 1859 2224 1877 "
2244 1878 2380 1920 cum
2408 1859 2469 1920 in
2498 1879 2669 1922 caena
2689 1870 2869 1938 esset,
2895 1879 3223 1946 omnesque
3250 1865 3576 1945 discipulos
3596 1859 3892 1948 corporis.

509 1953 848 2019 rotunditas
881 1952 1031 2014 nihil
1090 1952 1384 2015 circulare
1440 1952 1687 2034 faciens,
1745 1952 1957 2017 albedo
2004 1955 2158 2016 nihil
2244 1949 2641 2037 etisanguinis
2667 1950 2758 2012 sui
2792 1950 3215 2016 communione
3265 1954 3699 2037 participasset,
3734 1958 3897 2021 illico

510 2041 753 2105 omnino
784 2040 1144 2106 albiﬁcans?
1174 2041 1754 2104 Transsubstantiata
1784 2043 1943 2104 enim
1975 2044 2158 2104 mini-

508 2130 693 2193 sterio
723 2129 1052 2193 sacerdotis
1075 2130 1244 2211 panis
1265 2138 1324 2193 et
1341 2130 1467 2193 vini
1489 2130 1819 2193 substantia
1839 2130 1900 2191 in
1939 2132 2161 2196 Christi

509 2237 727 2301 corpus
758 2227 816 2281 et
864 2219 1238 2300 sanguinem,
1290 2227 1355 2283 ut
1409 2226 1627 2281 nostrae
1682 2220 1989 2299 religionis
2020 2240 2161 2283 vera

506 2315 682 2390 atque
742 2307 967 2370 illibata
1022 2308 1172 2369 ﬁdes
1231 2308 1510 2389 praedicat
1568 2316 1626 2370 et
1682 2309 1933 2370 affirmat
1970 2330 1985 2386 ;
2018 2310 2159 2389 quid

506 2404 806 2479 superest,
839 2397 994 2479 quod
1028 2398 1416 2479 quantitatem
1464 2406 1565 2460 aut
1612 2398 1979 2479 qualitatem,
2014 2418 2159 2479 quas

508 2485 791 2550 sensibus
822 2487 1213 2567 percipimus,
1270 2487 1331 2548 in
1388 2505 1454 2549 se
1513 2487 1708 2549 valeat
1755 2487 2061 2568 suscipere
2091 2508 2158 2549 ac

504 2575 807 2638 sustinere
828 2577 858 2638 ?
901 2573 1020 2638 Sed
1063 2586 1124 2637 et
1154 2575 1264 2638 sub
1297 2575 1563 2657 qualibet
1624 2576 1769 2638 tanti
1802 2577 2161 2639 sacramenti

510 2664 804 2746 partiCula
859 2663 1114 2746 integer,
1175 2672 1234 2726 et
1287 2673 1443 2727 totus
1497 2673 1590 2727 est
1648 2664 1968 2728 Christus:
2031 2665 2156 2743 ille,

2245 2036 2795 2116 subjunxitdicens:
2822 2040 2953 2103 Hoc
2961 2041 3146 2119 facite
3165 2044 3230 2103 in
3252 2061 3451 2105 meum
3468 2036 3901 2109 commemora—

2245 2128 2464 2188 tionem
2512 2129 2590 2192 ίο.
2653 2128 2895 2191 Astabat
2941 2139 3076 2191 ante
3125 2150 3287 2192 aram
3320 2133 3598 2194 sacerdos
3630 2136 3898 2215 singulos

2246 2233 2522 2305 monens,
2548 2226 2609 2278 ut
2636 2217 2711 2279 de
2743 2219 3005 2299 peccatis
3036 2220 3446 2300 pmnitenliam
3477 2231 3669 2300 agant,
3706 2243 3898 2305 eaque

2241 2304 2406 2381 ﬁetu,
2439 2307 2644 2369 dolore
2674 2316 2847 2387 atque
2903 2308 3127 2386 gemitu
3182 2309 3498 2384 redimant,
3555 2320 3612 2373 et
3638 2312 3707 2373 ad
3742 2304 3891 2374 tanti

2242 2396 2598 2457 sacramenti
2620 2397 3062 2477 susceptionem
3088 2401 3320 2478 seipsos
3350 2399 3888 2482 devotissimeprae-

2245 2492 2474 2563 parent,
2512 2503 2928 2567 memoresque
2959 2486 3081 2548 sint
3110 2486 3425 2548 verborum
3459 2490 3754 2569 Apostoli,
3788 2492 3895 2571 qui

2242 2572 2314 2633 ad
2340 2574 2675 2637 Corinthios
2698 2575 2989 2649 scribens,
3016 2595 3150 2636 cum
3186 2579 3444 2640 excitare
3483 2578 3661 2640 vellet
3687 2579 3891 2641 homi-

2253 2680 2394 2723 num
2427 2663 2607 2726 corda
2637 2673 2700 2725 ut
2727 2674 2848 2728 tam
2877 2664 3226 2727 admirabile
3247 2675 3682 2729 sacramentum
3717 2668 3902 2746 digne

509 2755 779 2836 inquam,
841 2761 901 2815 et
950 2771 1071 2814 non
1125 2752 1298 2829 alius,
1359 2753 1463 2835 qui
1519 2753 1581 2815 in
1637 2762 1806 2816 utero
1862 2763 2036 2817 natus
2068 2763 2165 2818 est
2249 2750 3665 2837 susciperentzProbctautem,inquit,scipsum
3688 2758 3897 2834 homo,

505 2842 800 2923 virginali,
832 2841 935 2923 qui
963 2841 1121 2904 inter
1174 2842 1450 2906 homines
1504 2842 1665 2905 visus
1696 2852 1759 2907 et
1786 2855 2164 2908 conversatus
2247 2842 2772 2923 ctsicdepaneillo
2794 2843 2953 2918 edat,
2977 2851 3037 2905 et
3057 2843 3130 2905 dc
3151 2847 3346 2906 calice
3371 2845 3535 2907 bz‘dut
3561 2867 3575 2925 ;
3603 2852 3708 2925 qui
3728 2848 3896 2909 enim

511 2940 625 3014 est,
656 2931 759 3013 qui
799 2930 860 2991 in
891 2949 1068 2992 cruce
1098 2930 1404 3012 pependit,
1459 2931 1559 3012 qui
1606 2931 1847 2994 demum
1877 2933 1948 2995 ad
1983 2936 2162 2997 coelos
2244 2934 2577 2994 manducat
2597 2941 2653 2995 et
2676 2932 3104 3009 bibitindignc,
3105 2933 3422 3010 judicium
3436 2935 3556 2997 sibi
3568 2937 3898 2999 manduca:

507 3019 1511 3102 gloriosusascendit,ille,inquam,
1530 3021 1599 3082 ad
1616 3021 1940 3084 sacerdotis
1954 3041 2158 3087 vocem
2241 3029 2301 3081 et
2322 3021 2492 3093 bibit,
2520 3040 2644 3084 non
2671 3023 3014 3103 dijudicans
3038 3040 3249 3103 corpus
3283 3023 3531 3086 Domini
3549 3025 3623 3087 “.
3660 3026 3892 3088 Audie-

507 3108 1031 3204 Patrisdexteram
1064 3128 1184 3172 non
1214 3109 1523 3204 deserens,
1587 3109 1695 3172 sub
1729 3112 1899 3192 panis
1931 3120 2152 3189 tamen,
2180 3108 2458 3204 Cbantur
2483 3110 2718 3173 interea
2748 3112 3080 3173 innumerae
3110 3111 3403 3173 orantium
3455 3131 3651 3193 voces,
3687 3124 3898 3194 pecto~

507 3216 577 3261 ac
606 3196 727 3260 vini
756 3198 959 3279 specie
1004 3199 1367 3261 continetur.
1422 3197 1561 3262 Haec
1622 3206 1739 3261 tam
1771 3199 1889 3263 alta
1920 3213 2159 3283 tamque
2190 3196 2373 3260 wrum
2406 3199 2676 3276 verbera,
2712 3201 2982 3282 planctus
3016 3219 3085 3262 ac
3134 3201 3308 3267 ﬁetus
3352 3201 3726 3284 gemitusque
3758 3222 3901 3284 per-

509 3286 710 3350 divina
730 3287 1028 3369 mysteria,
1053 3307 1185 3369 qua:
1205 3306 1444 3350 omnem
1468 3295 1693 3350 naturas
1710 3289 1826 3351 vim
1852 3300 2155 3371 superant,
2244 3287 2506 3363 maximi,
2540 3288 2641 3370 qui
2670 3308 2791 3350 non
2824 3288 3189 3351 mediocrem
3223 3289 3572 3351 delictorum
3601 3292 3901 3375 dolorem,

510 3395 750 3439 omnem
784 3377 1032 3439 humani
1056 3377 1273 3457 ingenii
1295 3378 1623 3458 potentiam
1642 3378 1976 3441 excedunt:
2026 3400 2157 3441 cum
2241 3393 2559 3457 veramque
2610 3377 2807 3447 cordis
2866 3377 3284 3439 contritionem
3347 3378 3695 3457 praeseferre
3725 3379 3903 3441 vide-

510 3485 633 3528 non
663 3465 778 3527 nisi
802 3464 898 3546 pia
916 3473 974 3527 et
992 3466 1275 3546 religiosa
1295 3486 1522 3530 mensa
1560 3468 1815 3531 terrenis
1852 3469 2162 3531 alfeclibus
2243 3463 2480 3527 bantur.
2511 3465 2570 3527 Is
2601 3465 2788 3540 enim,
2822 3484 3001 3547 quem
3060 3465 3289 3546 peccati
3319 3465 3595 3548 poenitet,
3628 3467 3907 3531 declarat

508 3564 829 3639 expurgata
898 3556 1091 3636 possit
1146 3556 1682 3638 comprehendere,
1740 3556 2013 3636 dignatus
2075 3568 2163 3621 est
2245 3554 2531 3633 profecto.
2562 3554 2847 3617 maluisse
2866 3573 2930 3615 se
2953 3574 3068 3615 non
3091 3572 3366 3632 peccare,
3392 3573 3565 3633 quam
3582 3556 3902 3634 pmnitere.

508 3647 862 3729 plerumque
890 3645 1185 3726 benignus
1217 3655 1275 3709 et
1305 3646 1652 3710 misericors
1681 3647 1967 3710 Dominus
1997 3649 2159 3710 omni
2245 3640 2370 3705 Hoc
2398 3662 2535 3704 cum
2567 3643 2825 3705 inﬁdelis
2855 3643 2956 3704 ille
2987 3650 3211 3704 attente
3239 3643 3633 3723 conspiceret,
3662 3662 3729 3705 ac
3752 3644 3901 3705 dili-

509 3735 643 3798 loco
673 3744 733 3797 et
750 3738 912 3797 omni
936 3737 1781 3817 temporenostraeinﬁrmitati
1806 3736 2171 3801 subveniens
2254 3738 2463 3809 genter
2482 3729 3904 3810 animadverteret,inmagnamincidittantorum

507 3822 846 3887 visibilibus
874 3823 1229 3906 quibusdam
1288 3825 1595 3888 miraculis
1642 3826 1987 3903 dignitatem
2023 3828 2169 3890 tanti
2256 3821 2501 3881 ﬂetuum
2535 3830 2769 3901 tamque
2806 3820 3244 3882 devotissimam
3283 3828 3518 3881 actuum
3550 3820 3903 3882 admiratio-

510 3912 872 3975 sacramenti
909 3912 1226 3975 ostendere
1253 3960 1271 3991 ,
1321 3921 1380 3976 et
1407 3914 1568 3993 quod
1600 3915 1725 3977 solo
1757 3914 2066 3978 intellectu
2098 3936 2166 3979 ac
2251 3908 2962 3990 uenuomniaquesecum
2976 3917 3255 3989 repetens
3284 3909 3769 3989 coepitjutlicare,
3800 3910 3907 3970 ha-

508 4000 630 4063 ﬁde
675 4000 1026 4082 percipitur,
1087 4001 1149 4063 id
1207 4001 1601 4064 exterioribus
1658 4021 1727 4065 ac
1777 4002 2167 4067 sensibilihus
2247 4014 2381 4057 rum
2412 4014 2617 4058 rerum
2648 3997 3087 4059 institutionem
3120 4007 3387 4059 nontam
3416 3996 3489 4057 ab
3520 3996 3893 4069 hominibus,

505 4088 690 4152 rebus
720 4089 1080 4173 patefacere,
1106 4098 1166 4152 et
1197 4108 1303 4172 per
1331 4092 1459 4153 hmo
1488 4111 1621 4173 quae
1647 4110 1829 4155 sensu
1862 4094 2166 4171 cognosci-
2249 4084 2659 4166 quamabipso
2676 4086 2800 4147 Deo
2819 4086 3905 4167 prodisse,quimaximegaudet,cum

510 4196 666 4254 mus,
700 4179 870 4260 quasi
926 4178 1140 4243 baculo
1197 4180 1453 4262 quodam
1511 4181 1625 4242 iter
1682 4182 2034 4244 ostendente
2092 4184 2162 4262 ag
2249 4173 2527 4235 homines
2548 4174 2662 4236 sibi
2688 4195 2832 4256 puro
2858 4174 3062 4249 corde,
3091 4175 3599 4237 etmundamente
3622 4174 3903 4234 devotum

510 4252 954 4330 insensibilium
1012 4252 1280 4331 notitiam
1332 4269 1565 4333 facilius
1627 4252 2161 4352 perducamur.Ex
2254 4263 2538 4325 eXltibenl
2609 4252 2983 4327 famulatum.
3044 4267 3366 4345 Postquam
3424 4282 3559 4324 νιτο
3618 4264 3907 4326 sacerdos

511 4355 717 4419 multis
741 4365 940 4420 autem
975 4358 1303 4435 miraculis,
1338 4379 1469 4441 qum
1498 4359 1570 4421 ad
1596 4360 1951 4422 relationem
1986 4362 2163 4441 hujus
2188 4391 2235 4453 Β
2254 4353 2704 4417 circumstantes
2734 4355 2806 4415 ad
2831 4355 3349 4453 con-punctionem
3371 4353 3587 4453 cordis,
3609 4353 3907 4453 dolorem-

510 4445 869 4508 sacramenti
897 4446 1120 4529 ubique
1150 4457 1426 4530 operatus
1484 4457 1576 4513 est
1632 4450 1943 4526 Dominus,
1978 4441 2397 4524 unum"que,
2458 4464 2526 4507 ac
2586 4443 2993 4525 pmnitentiam
3054 4444 3128 4505 de
3188 4442 3466 4524 peccatis,
3529 4450 3592 4502 ut
3622 4441 3717 4502 dix
3744 4460 3901 4513 mus,

516 4534 711 4596 solum
742 4535 967 4599 inferre
1018 4537 1270 4621 institui,
1318 4538 1476 4619 quod
1532 4546 1879 4602 sanctorum
1911 4539 2170 4602 virorum

516 4623 681 4687 ﬁdeli
712 4625 1001 4689 relatione
1030 4646 1237 4690 verum
1270 4646 1401 4690 esse
1430 4628 1699 4707 cognovi.

594 4712 699 4776 Est
714 4716 869 4797 apud
891 4715 1362 4799 Hierosolymam
1378 4718 1821 4799 locusquidam,
1838 4736 2012 4798 quem
2034 4718 2175 4779 ﬁde-

513 4802 605 4866 les
636 4823 849 4886 magna
905 4806 1226 4870 devotione
1269 4814 1339 4872 ac
1386 4807 1724 4889 frequentia
1778 4806 2035 4875 visitant,
2073 4806 2173 4868 ubi

518 4910 727 4956 verum
789 4895 1213 4979 Redemptoris
1271 4897 1459 4959 nostri
1531 4916 1747 4979 corpus
1805 4916 1874 4957 ex
1931 4895 2175 4975 Virgine

513 4992 888 5065 assumptum
910 4995 1043 5066 post
1070 4986 1357 5067 plurimas
1380 4986 1656 5069 injurias,
1688 4985 1935 5049 acerbas
1957 4995 2169 5047 contu-

513 5071 753 5149 melias,
786 5074 1055 5138 crudelia
1083 5075 1351 5152 vulnera,
1386 5077 1582 5140 crucis
1616 5075 1879 5157 patibulo
1914 5093 2026 5154 pro
2059 5094 2168 5134 no-

518 5172 644 5226 stra
672 5162 1089 5245 redemptione
1136 5164 1436 5242 sulIixum,
1496 5184 1567 5229 ac
1626 5172 1925 5227 mortuum
1953 5163 2172 5243 Josepb

512 5250 790 5313 manibus
821 5253 1122 5334 sepultum
1183 5273 1338 5328 esse,
1401 5254 1740 5334 evangelica
1798 5251 1968 5316 nobis
1999 5251 2177 5313 tradit

513 5340 788 5405 historia.
837 5342 962 5406 Iioc
992 5344 1056 5405 in
1088 5344 1217 5407 loco
1247 5344 1584 5409 Christiano
1642 5362 1808 5406 more
1838 5347 2173 5405 constructa

511 5437 605 5493 est
635 5430 914 5511 ecclesia,
948 5433 1008 5496 in
1041 5453 1155 5516 qua
1176 5453 1211 5497 a
1240 5443 1461 5499 nostrae
1482 5433 1789 5515 religionis
1814 5432 2167 5515 professori-

510 5517 623 5581 bus
652 5520 857 5601 dgvina
883 5522 1265 5587 celebrantur
1294 5525 1507 5608 oilicia,
1533 5527 1632 5608 qui
1655 5523 1999 5605 sepulcrum
2021 5519 2167 5584 illud

590 5697 649 5752 ιο
675 5699 821 5768 Luc.
849 5715 999 5780 mi,
1030 5701 1131 5767 19.
1215 5701 1267 5756 it
1300 5701 1326 5768 Ι
1365 5702 1508 5769 Cor.
1534 5720 1620 5785 ιι,
1650 5700 1752 5781 28,
1786 5700 1894 5765 29.

2258 4534 2512 4610 monuit,
2530 4553 2851 4596 conversus
2865 4536 2934 4595 ad
2961 4534 3142 4595 altare
3169 4535 3399 4614 reliqua
3419 4532 3529 4594 rite
3556 4539 3909 4612 prosecutus

2259 4631 2369 4699 est,
2405 4642 2473 4685 ac
2505 4623 2614 4685 sub
2673 4623 2842 4704 panis
2900 4638 2957 4686 et
3013 4623 3134 4684 vini
3193 4622 3393 4705 specie
3423 4640 3651 4683 sacrum
3686 4620 3907 4682 Christi

2256 4731 2472 4792 corpus
2503 4720 2561 4773 et
2586 4713 2933 4790 sangulnem
2966 4710 3276 4773 verborum
3307 4710 3638 4771 ministerio
3684 4728 3905 4771 conse-

2256 4801 2459 4862 cravit.
2490 4801 2616 4873 Quo
2660 4811 2899 4881 peracto
2958 4800 3015 4861 id
3069 4801 3259 4882 ipsum
3291 4800 3592 4879 ﬁdelibus,
3625 4798 3726 4879 qui
3761 4799 3907 4861 illuc

2258 4891 2388 4970 ejus
2410 4890 2499 4951 rei
2517 4908 2694 4952 causa
2713 4900 3135 4965 convenerant,
3165 4889 3529 4951 distribuere
3553 4898 3817 4950 tremens
3834 4908 3909 4951 ac

2258 4998 2504 5057 gemens
2560 4997 2735 5059 quam
2795 4980 3177 5041 άθνυιίεεὶιηθ
3245 4977 3442 5057 coepit.
3506 4975 3649 5039 Cum
3707 4987 3908 5037 autem

2257 5069 2450 5149 ipsum
2478 5076 2917 5129 sacramentum
2956 5067 3279 5130 sacerdotis
3312 5065 3586 5125 manibus
3623 5072 3906 5125 attrecta-

2262 5165 2449 5232 retur,
2479 5156 2799 5237 omniaque
2818 5157 3076 5217 inﬁdelis
3097 5155 3181 5216 illi
3204 5164 3481 5216 accurate
3520 5153 3905 5214 animadver-

2260 5254 2429 5322 teret,
2460 5246 2616 5307 sicut
2647 5246 2953 5308 Conditori
3011 5245 3279 5305 omnium
3338 5242 3592 5324 placuit:
3626 5242 3784 5303 visus
3817 5252 3909 5303 est

2261 5339 2314 5397 ei
2345 5336 2548 5398 videre
2578 5336 2916 5416 agniculum
2948 5335 3268 5418 quemdam
3330 5335 3465 5396 nive
3493 5333 3907 5396 candidiorem

2254 5426 2314 5486 in
2349 5425 2516 5488 altari
2547 5426 2853 5488 exsistere.
2887 5426 3026 5499 Quae
3058 5444 3155 5487 res
3188 5444 3323 5486 eum
3378 5443 3555 5504 supra
3581 5442 3756 5505 quam
3787 5423 3909 5484 dici

2252 5522 2351 5577 aut
2382 5514 2557 5577 condi
2608 5523 2830 5596 posset,
2874 5516 2935 5577 in
2986 5524 3290 5593 stuporem
3322 5514 3653 5577 convertit:
3688 5530 3760 5575 ex
3791 5532 3909 5592 quo
