4154 6390
364 359 466 425 281

1303 372 1402 434 DE
1439 371 1860 436 RELIGIONE
1901 370 2372 436 CHRISTIANA
2413 376 2788 440 LIBELLUS

3624 372 3745 438 282

361 495 530 576 coepit
577 503 694 557 tam
753 497 1130 592 admirandae
1190 503 1274 562 rei
1333 502 1514 564 ﬁnem
1569 504 1752 565 multo
1783 504 2215 568 avidiusAmis
2269 507 2540 572 faucibus
2596 519 2828 592 gustate
2875 512 3228 574 videbatur:
3291 518 3415 572 erat
3447 509 3740 591 siquidem

359 593 721 664 exspectare.
755 587 904 650 Cum
953 598 1148 650 autem
1207 609 1310 670 pro
1371 610 1537 654 more
1598 612 1808 655 omnes
1839 595 2009 656 ﬂexis

345 672 606 765 genibus
661 684 803 738 ante
861 677 1051 740 altare
1127 678 1553 756 consisterent,
1614 683 2010 765 ccepissetque

343 763 643 826 sacerdos
671 765 927 845 singulis
959 769 1072 830 hoc
1115 778 1552 831 sacramentum
1600 763 1958 835 distribuere
1993 795 2006 836 :

344 869 497 940 ecce
544 852 729 931 priori
764 855 1052 916 miraculo
1085 856 1244 918 aliud
1279 877 1397 918 non
1431 859 1625 920 minus
1645 861 2004 940 adjungitur.

344 937 617 1003 Intuenti
649 943 810 1004 enim
860 945 1115 1020 inﬁdeli,
1178 947 1321 1027 quid
1381 966 1415 1008 a
1471 937 1783 1011 sacerdote
1815 937 2006 1024 ﬁeret,

345 1028 545 1090 visum
578 1041 694 1104 est,
726 1034 1018 1113 quosdam
1051 1053 1256 1096 eorum
1316 1036 1415 1116 qui
1448 1038 1623 1117 hujus
1655 1041 2012 1102 sacramenti

357 1118 959 1210 suscipiendiicausa
1016 1135 1439 1198 convenerant,
1502 1127 1781 1206 quoniam
1817 1148 2010 1210 neque

357 1225 498 1268 vere
531 1209 780 1288 purgati.
802 1230 996 1291 neque
1023 1213 1282 1291 perfecte
1307 1214 1573 1276 mundati
1603 1209 2005 1294 accesserunt,

357 1314 477 1356 non
500 1296 612 1358 sub
630 1299 832 1378 specie
857 1302 1026 1379 panis
1047 1311 1100 1361 et
1117 1301 1262 1375 vini,
1288 1303 1393 1363 sed
1410 1303 1516 1364 sub
1537 1304 1784 1365 aliarum
1810 1325 2008 1367 rerum

351 1385 534 1446 variis
557 1387 994 1470 horrendisque
1021 1391 1334 1470 speciebus
1358 1393 1501 1453 illud
1528 1394 1826 1474 accipere.
1849 1394 2011 1457 Unus

344 1476 556 1566 itaque
607 1477 765 1539 visus
822 1488 912 1540 est
973 1480 1027 1540 ei
1084 1481 1365 1543 corticem
1425 1501 1757 1557 assumere,
1794 1486 1931 1566 quia
1962 1486 2012 1548 is

2092 595 2222 682 auri
2245 597 2586 678 cupiditate,
2611 610 2786 682 atque
2818 601 3208 665 immoderato
3234 599 3500 677 pecunia
3540 615 3742 659 amore

2094 681 2174 744 ita
2203 685 2495 766 alligatus,
2530 697 2591 749 ut
2621 689 2772 752 nihil
2833 701 3044 770 prazter
3074 710 3283 752 aurum
3316 689 3504 750 sitiret
3529 706 3597 746 ac
3628 687 3739 747 de-

2095 772 2406 849 sideraret,
2441 777 2596 855 quod
2631 776 2754 839 vitii
2809 798 2995 855 genus
3045 777 3437 840 idololatriam
3471 795 3588 836 non
3622 775 3738 835 im-

2099 862 2306 922 merito
2337 864 2538 926 dicere
2569 885 2904 946 possumus,
2937 864 3558 946 Apostolilestimonio
3592 883 3739 924 cou-

2095 951 2338 1026 ﬁrmati,
2398 957 2502 1031 qui
2561 957 2895 1018 avaritiam
2961 956 3259 1017 idolorum
3307 953 3746 1017 sereitutem‘iﬁ

2095 1042 2368 1121 appellet.
2413 1045 2758 1105 Postremus
2814 1064 2949 1106 vero
3009 1046 3109 1108 ille
3166 1045 3298 1120 fuit,
3361 1043 3462 1125 qui
3514 1060 3739 1104 sacram

2096 1131 2514 1193 eucharistiam
2565 1152 2598 1194 a
2657 1135 2963 1196 sacerdote
3022 1135 3320 1216 recipiens
3350 1152 3558 1212 magno
3592 1131 3740 1192 lucis

2097 1220 2418 1296 splendore
2450 1230 2568 1283 toto
2628 1242 2876 1304 corpore
2933 1225 3217 1286 illustrari
3276 1222 3582 1285 videbatur
3621 1241 3633 1280 :
3671 1239 3738 1280 ex

2095 1326 2212 1387 quo
2246 1309 2580 1388 intelligere
2615 1332 2949 1390 possumus,
3014 1315 3171 1375 hunc
3231 1311 3498 1394 purgatis
3529 1310 3742 1371 animae

2095 1415 2219 1456 suae
2248 1398 2488 1459 latebris
2531 1418 2600 1460 ac
2647 1402 2926 1462 mundata
2986 1403 3354 1464 conscientia
3397 1401 3637 1478 dignum
3672 1416 3737 1458 se

2095 1487 2453 1561 reddidisse,
2478 1490 2577 1568 qui
2607 1509 2806 1550 verum
2839 1492 3059 1552 Christi
3083 1511 3297 1572 corpus
3320 1488 3734 1566 etsanguinem

345 1564 626 1646 fortisan,
691 1578 981 1649 quantum
1039 1571 1296 1632 humano
1353 1574 1590 1652 ingenio
1639 1564 2016 1655 interpretari
2099 1584 2412 1648 sumeret;
2465 1564 2711 1639 caeteros
2751 1585 2945 1640 autem
3005 1580 3076 1641 ad
3136 1564 3373 1640 suarum
3405 1564 3735 1638 animarum

348 1674 697 1737 possumus,
750 1678 867 1720 non
927 1669 1044 1720 tam
1105 1662 1382 1722 medullae
1438 1682 1507 1724 ac
1563 1664 1787 1738 sensui,
1841 1686 2015 1747 quam
2092 1664 2384 1743 judicium
2417 1673 2474 1727 et
2516 1667 3071 1730 condemnationem
3105 1677 3220 1730 tam
3255 1664 3738 1729 excellentissimi

352 1745 562 1805 cortici
597 1754 655 1807 et
677 1748 871 1809 verbis
893 1749 1330 1831 Scripturarum
1355 1751 1685 1814 divinarum
1729 1745 2061 1835 imbiese-_
2098 1759 2454 1816 sacramenti
2511 1757 2875 1835 susceptioni
2929 1776 2992 1818 se
3049 1756 3470 1818 immiscuisse.
3531 1752 3576 1816 Ο
3609 1770 3733 1813 rem

359 1844 472 1911 rat,
509 1855 705 1916 neque
745 1848 862 1899 tam
906 1858 1060 1919 esse,
1103 1860 1276 1921 quam
1311 1841 1493 1902 videri
1526 1849 1583 1903 et
1606 1843 1863 1922 judicari
1897 1845 2002 1907 bo-
2025 1831 2070 1892 Β
2099 1851 2340 1923 stupore
2369 1852 2540 1924 atque
2571 1831 2964 1906 admiratione
2996 1846 3403 1923 dignissimam
3440 1845 3453 1904 !
3491 1847 3735 1906 Contre-

363 1940 478 1982 nus
525 1941 848 1988 curaverat.
910 1928 1076 1990 Alius
1131 1929 1280 2008 pilos
1317 1949 1384 1991 ac
1438 1931 1684 2011 capillos
1732 1933 2009 1997 dentibus

362 2021 669 2075 conterere
699 2015 1029 2092 videbatur,
1065 2019 1201 2098 quia
1231 2019 1432 2080 saeculi
1488 2021 1669 2098 hujus
1703 2020 2008 2085 illecebris

358 2119 429 2161 ac
462 2103 868 2182 voluptatibus,
908 2109 1335 2187 superﬁuaque
1385 2108 1706 2188 cupiditate
1736 2111 2010 2175 detentus

353 2188 429 2250 ad
466 2197 580 2250 tam
611 2191 822 2254 divinae
866 2195 956 2256 rei
985 2195 1463 2258 communionem
1495 2197 1770 2278 indignus
1804 2221 2007 2263 acces-

349 2290 540 2369 serat.
577 2279 651 2342 Ut
682 2283 841 2343 euim
877 2303 945 2345 ex
980 2285 1292 2365 superﬂuis
1327 2287 1569 2348 humani
1601 2289 1867 2369 corporis
1897 2293 2000 2352 hu-

352 2368 631 2431 moribus
654 2372 900 2453 capillos
932 2382 1140 2436 natura
1176 2375 1447 2456 producit
1484 2396 1552 2438 ac
1584 2368 1776 2456 pilos:
1811 2380 1896 2442 sic
1936 2399 2006 2442 ex

348 2458 541 2519 nimia
571 2477 773 2521 rerum
826 2463 1310 2544 voluptatumque
1359 2465 1788 2528 mundanarum
1821 2487 2009 2550 appe-

351 2547 545 2609 tentia
596 2548 659 2608 in
708 2549 972 2613 diversas
1031 2552 1306 2614 vitiorum
1363 2555 1572 2616 sordes
1605 2547 2009 2638 maximasque

343 2636 699 2698 divinorum
784 2640 1196 2702 mandatorum
1285 2646 1783 2722 transgressiones
1841 2636 2010 2709 mens

343 2734 559 2787 nostra
593 2726 942 2807 prolabitur,
973 2729 1208 2792 dicente
1238 2729 1366 2811 ipso
1398 2732 1650 2795 Domino
1685 2755 1698 2794 :
1735 2735 1870 2797 Non
1893 2755 2006 2814 p0-

2094 1933 2276 1994 miaco
2308 1933 2435 2013 ipso
2471 1953 2585 1994 non
2643 1951 2870 2013 parum,
2935 1953 3069 1994 cum
3118 1934 3379 1994 divinam
3415 1932 3733 2013 potentiam

2093 2021 2521 2098 animadverto,
2556 2042 2686 2102 qua:
2718 2042 2956 2084 omnem
2985 2031 3205 2084 natura:
3235 2023 3347 2083 vim
3384 2040 3452 2082 ac
3479 2028 3738 2102 potesta-

2095 2117 2212 2172 tem
2246 2111 2306 2171 in
2367 2111 2532 2172 hisce
2593 2111 2965 2174 mirabilibus
3022 2114 3202 2174 rebus
3241 2110 3494 2186 excedit,
3530 2129 3740 2172 sensus

2092 2208 2333 2280 superat
2355 2207 2412 2260 et
2434 2200 2809 2262 sensibilium
2841 2219 3040 2261 rerum
3064 2199 3484 2261 similitudines
3513 2198 3736 2259 immu-

2095 2295 2191 2348 tat.
2220 2287 2358 2349 Haec
2379 2295 2436 2348 et
2475 2287 2568 2349 his
2592 2289 2812 2350 similia
2836 2289 3069 2369 quoties
3100 2287 3368 2361 audiunt,
3404 2287 3504 2368 qui
3541 2286 3737 2366 genti-

2093 2376 2236 2436 lium
2269 2375 2703 2456 philosophiam
2737 2385 3056 2449 sectantur,
3085 2394 3336 2456 eamque
3361 2375 3550 2436 solam
3583 2392 3734 2436 cun-

2093 2465 2204 2526 ctis
2237 2465 2554 2545 praeferunt
2584 2465 2941 2546 disciplinis,
2977 2485 3084 2526 nos
3114 2465 3386 2538 irrident,
3425 2464 3730 2535 damnant,

2094 2554 2498 2616 etmaledictis
2511 2563 2687 2635 atque
2710 2554 3044 2635 opprobriis
3064 2554 3457 2627 insectantur,
3477 2559 3738 2614 nostros-

2092 2661 2206 2723 que
2237 2661 2548 2704 sermones
2580 2644 2765 2706 veluti
2814 2644 3207 2705 deliramenta
3258 2642 3528 2723 quaedam
3562 2649 3738 2722 atque

2091 2732 2290 2794 inania
2321 2732 2546 2794 ludicra
2612 2741 3022 2803 contemnunt,
3085 2751 3157 2794 ac
3214 2731 3375 2812 parvi
3432 2730 3735 2811 pendunt;

343 2817 520 2877 testis
552 2817 791 2878 servire
821 2817 939 2880 Deo
957 2820 1470 2883 etmammonw“.
1513 2821 1838 2884 Videbatur
1868 2843 2013 2903 praa-
2094 2822 2372 2902 quoniam
2406 2829 2618 2902 praeter
2648 2823 2977 2884 naturalem
3025 2821 3345 2902 potentiam
3383 2819 3533 2881 nihil
3562 2819 3732 2893 alius,

342 2912 514 2966 terea
532 2904 999 2986 tertiusquidam
1025 2908 1381 2986 nigerrimos
1402 2911 1692 2972 carbones
1711 2912 2006 2992 accipere,
2096 2909 2243 2972 nihil
2278 2911 2486 2991 majus,
2525 2919 2624 2972 aut
2680 2911 3072 2976 excellentius
3115 2910 3586 2985 considerantes,
3621 2908 3738 2968 im-

339 2993 518 3074 quasi
550 2992 604 3054 is
637 2993 899 3056 animam
932 2996 1284 3059 delictorum
1319 3000 1586 3061 tenebris
1617 3001 2004 3081 denigratam.
2095 3017 2360 3060 mensam
2405 2999 2509 3061 Dei
2559 3001 2906 3080 potentiam,
2939 3019 3069 3081 quae
3099 3008 3368 3060 naturam
3400 2998 3588 3078 ipsam
3622 3015 3733 3058 na-

342 3101 482 3144 vero
510 3101 583 3144 ac
603 3084 910 3146 salutifero
929 3087 1290 3165 paenitentiae
1306 3090 1573 3150 remedio
1598 3110 1790 3170 neque
1814 3091 2005 3152 albam
2032 3157 2066 3170 η
2094 3089 2424 3170 turaliaque
2455 3088 2654 3150 omnia
2687 3089 2907 3151 creavit
2962 3107 3030 3150 ex
3090 3087 3303 3166 nihilo,
3363 3104 3735 3168 nequaquam

350 3191 546 3253 neque
567 3174 853 3234 mundam
883 3157 1079 3238 facere
1107 3189 1396 3240 curasset.
1432 3179 1596 3241 Sicut
1637 3157 1794 3242 triim
1822 3157 2068 3244 sanctiC
2092 3157 2590 3238 animadvertunt.
2626 3177 2746 3239 Nos
2799 3196 2939 3238 vero
2998 3177 3098 3258 qui
3154 3157 3378 3238 Christi
3407 3157 3734 3239 doctrinam

356 3272 415 3324 et
431 3263 579 3344 justi
600 3264 662 3324 in
691 3265 845 3340 luce,
875 3265 962 3327 sic
981 3279 1323 3346 peccatores
1361 3279 1419 3329 et
1456 3269 1622 3350 impii
1654 3271 1712 3330 in
1748 3271 2010 3332 tenebris
2093 3265 2421 3346 sequimur,
2442 3267 2542 3346 qui
2577 3266 2692 3328 ﬁde
2725 3267 2974 3327 vivimus
2989 3275 3048 3327 et
3077 3265 3449 3344 evangelicas
3471 3263 3740 3324 traditio-

359 3352 661 3414 ambulare
691 3353 995 3417 dicuntur.
1043 3355 1258 3418 Virtuti
1309 3357 1602 3438 siquidem
1651 3379 1716 3420 ac
1748 3360 1947 3421 verita:
1961 3361 2010 3421 is
2095 3373 2200 3415 nes
2221 3361 2341 3414 toto
2373 3355 2552 3416 corde
2574 3355 3008 3435 amplectimur,
3045 3354 3333 3415 nihilDeo
3367 3352 3739 3433 impossibile

369 3441 668 3520 proprium
686 3449 793 3517 est,
829 3461 896 3505 se
921 3446 1315 3522 sequentibus
1346 3447 1547 3508 lumen
1575 3449 1894 3511 ostendere
1925 3467 1938 3512 :
1977 3469 2010 3510 e
2085 3443 2424 3523 judicamus
2459 3462 2470 3506 :
2508 3446 2650 3524 quin
2681 3445 2802 3508 imo
2858 3453 2916 3504 et
2973 3443 3066 3504 his
3126 3443 3370 3522 majora,
3408 3442 3503 3522 pia
3537 3441 3651 3502 ﬁde
3683 3449 3740 3502 et

366 3540 575 3590 contra
596 3549 722 3592 vero
744 3531 1027 3594 vitiorum
1053 3543 1230 3614 atque
1253 3555 1531 3596 errorum
1553 3537 1828 3600 homines
1853 3546 2008 3599 tene-
2095 3551 2242 3611 puro
2283 3533 2481 3594 cordis
2510 3535 2719 3594 affectu
2752 3534 3104 3594 conﬁtemur
3129 3540 3186 3591 et
3216 3531 3536 3592 credimus.
3572 3532 3738 3602 QUO-

368 3615 494 3677 bris
526 3617 1053 3698 circumfundere;
1113 3643 1245 3684 eum
1295 3623 1581 3686 Dominus
1611 3626 1816 3688 dicat;
1876 3626 2009 3706 Ego
2095 3621 2204 3682 ties
2234 3621 2390 3681 enim
2446 3623 2665 3684 mentis
2725 3631 2937 3682 nostrae
2993 3623 3181 3682 aciem
3233 3619 3305 3682 ad
3338 3619 3548 3680 divinae
3579 3618 3740 3679 illius

359 3725 494 3770 sum
522 3709 632 3770 lux
651 3711 909 3780 mundi;
942 3714 1046 3788 qui
1063 3715 1337 3792 sequitur
1367 3733 1462 3776 me
1490 3732 1609 3776 non
1643 3715 1912 3777 ambulat
1945 3719 2008 3777 in
2094 3709 2371 3790 potentiae
2392 3709 2664 3790 abyssum
2688 3710 2997 3788 erigimus,
3023 3709 3198 3770 toties
3220 3707 3442 3780 omnia,
3465 3726 3741 3788 quaecun-

353 3797 618 3858 tenebris
641 3798 719 3857 15.
753 3797 954 3876 Ignem
1007 3818 1082 3860 ex
1146 3801 1238 3862 his
1295 3801 1445 3862 alter
1504 3821 1610 3863 ore
1640 3803 2002 3885 assumebat,

349 3885 522 3965 quasi
557 3885 714 3947 illico
750 3906 854 3966 per
890 3896 1073 3948 totum
1137 3890 1264 3970 ejus
1310 3909 1529 3971 corpus
1559 3892 1812 3954 diffundi
1841 3893 2004 3954 vide-

349 3973 556 4036 batur.
589 3974 698 4036 Hic
731 3976 974 4038 forsitan
1008 3979 1202 4040 carnis
1263 3981 1534 4042 molliore
1565 3999 1632 4042 ac
1665 3981 2008 4061 turpissimo

348 4063 604 4125 luxuriae
637 4065 773 4125 vitio
826 4084 943 4126 non
1005 4066 1193 4127 solum
1251 4068 1535 4149 animam,
1593 4087 1797 4129 verum
1831 4069 2007 4130 etiam

348 4170 572 4233 corpus
611 4153 1128 4237 dehonestaverat,
1175 4175 1308 4218 cum
1353 4157 1709 4218 atroczssimi
1741 4159 2011 4220 criminis

351 4261 534 4304 causa
554 4242 738 4321 venit,
763 4251 824 4304 ut
851 4243 1045 4325 inquit
1083 4247 1438 4326 Apostolus:
1472 4246 1580 4307 Ira
1617 4247 1723 4309 Dei
1755 4249 1814 4308 in
1846 4249 2011 4326 ﬁlios

350 4331 832 4409 diﬁidentiw“;
891 4343 949 4393 et
1002 4343 1065 4394 ut
1123 4353 1308 4396 sacrae
1367 4333 1638 4396 lectionis
1669 4353 1778 4396 nos
1811 4345 2012 4396 monet

351 4419 624 4498 historia,
687 4429 914 4501 septem
977 4423 1090 4484 illae
1169 4423 1432 4485 civitates
1487 4426 1562 4484 de
1623 4425 1772 4484 coelo
1833 4425 2012 4484 misso

352 4509 706 4570 exsecrabili
760 4509 1040 4572 incendio
1096 4513 1424 4592 perierunt.
1463 4511 1624 4574 Inter
1656 4513 1763 4572 bos
1793 4512 2011 4573 exstitit

351 4597 620 4677 quidam,
638 4599 739 4678 qui
760 4601 992 4661 eineres
1017 4619 1119 4662 ore
1141 4602 1449 4682 suscipere
1480 4601 1826 4662 videbatur:
1859 4601 2015 4662 hunc

349 4687 624 4766 corporis
678 4689 930 4767 segnitie
979 4691 1318 4772 mentisque
1371 4691 1607 4752 desidia
1637 4698 2012 4770 occupatum,

350 4775 530 4837 bonis
553 4777 946 4860 virtuosisque
970 4781 1251 4860 operibus
1273 4781 1728 4862 haudquaquam
1755 4799 2010 4853 vacasse,

353 4884 675 4945 possumus
701 4867 1105 4946 interpretari.
1137 4873 1384 4933 Sextum
1417 4889 1656 4932 carnem
1694 4869 2013 4948 etquidem

353 4955 726 5016 immundam
760 4957 1084 5036 deglutisse
1106 4961 1468 5040 accepimus,
1493 4961 1808 5039 utpotequi
1833 4957 2012 5018 illici-

362 5044 442 5104 tis
475 5044 830 5106 feminarum
887 5048 1282 5129 voluptatibus
1341 5051 1680 5122 demersus,
1715 5067 2013 5127 nunquam

358 5152 471 5214 per
499 5133 916 5196 abstinentiam
951 5146 1010 5198 et
1041 5139 1466 5200 continentiam
1495 5136 1914 5217 salubremque
1941 5137 2014 5197 de

358 5223 696 5284 commissis
728 5225 1138 5305 paenitentiam
1171 5227 1286 5288 sibi
1333 5236 1752 5308 prospexerat;
1811 5225 2015 5306 sicque

357 5312 670 5374 immunda
691 5323 889 5375 mente
912 5335 982 5378 ac
1009 5317 1230 5396 polluto
1254 5337 1359 5381 ore
1390 5317 1460 5377 ad
1484 5327 1598 5380 tam
1631 5315 2013 5378 mundissimi

354 5403 713 5464 sacramenti
747 5405 1259 5486 participationem
1289 5407 1579 5468 accedere
1611 5425 2011 5487 praesumpse-

355 5500 470 5555 rat.
503 5496 644 5558 Post
673 5495 785 5557 hos
813 5495 924 5556 fuit
967 5503 1025 5557 et
1075 5497 1252 5579 alius,
1299 5497 1399 5580 qui
1429 5515 1636 5558 aurum
1668 5495 2011 5578 impurissi-

439 5675 490 5720 η
519 5676 726 5739 Matth.
760 5691 844 5750 Vl,
878 5675 978 5737 96.
1068 5676 1124 5728 *3
1153 5678 1322 5741 Joan.
1353 5693 1482 5753 VIII,
1519 5672 1614 5740 12.
1699 5679 1758 5730 ¹4
1787 5679 2011 5762 Ephes.
2043 5694 2104 5754 v,
2138 5672 2198 5738 6.

2091 3818 2207 3877 que
2237 3798 2324 3860 illi
2357 3801 2726 3879 placuerunt,
2767 3800 2893 3861 ﬁeri
2938 3817 3110 3880 posse
3143 3807 3488 3860 constanter
3518 3795 3740 3857 asseri-

2094 3907 2241 3948 mus.
2275 3889 2522 3950 Discant
2544 3890 2724 3967 igitur
2747 3890 2952 3951 ﬁdeles
2979 3888 3203 3968 cuncti,
3231 3887 3342 3948 hoc
3367 3895 3482 3947 tam
3515 3885 3742 3946 celebri

2095 3978 2379 4038 miraculo
2411 3978 2719 4051 admoniti,
2757 3997 2872 4038 non
2924 3986 3149 4038 temere
3181 3994 3371 4056 neque
3400 3972 3731 4035 inconsulte

2092 4067 2164 4128 ad
2200 4082 2316 4126 tam
2355 4067 2654 4146 purissimi
2683 4067 3037 4128 sacramenti
3067 4065 3548 4127 communionem
3581 4080 3748 4122 acce-

2093 4156 2262 4229 dere,
2298 4155 2401 4216 sed
2427 4155 2681 4236 quisque
2715 4155 2880 4235 prius
2912 4155 3174 4234 seipsum
3209 4153 3516 4234 dijudicet,
3550 4159 3607 4210 et
3646 4169 3747 4211 se-

2095 4251 2258 4305 creta
2281 4244 2478 4305 cordis
2501 4247 2594 4305 sui
2625 4244 2948 4322 diligenter
2979 4243 3243 4324 inquirat
3271 4260 3284 4305 :
3322 4260 3452 4323 quae
3483 4259 3617 4301 cum
3647 4258 3745 4300 sa-

2095 4331 2270 4394 lutari
2302 4333 2664 4412 paenitentia;
2686 4333 2954 4394 remedio
2983 4331 3341 4412 purgaverit,
3367 4348 3584 4408 magna
3611 4348 3744 4390 cum

2096 4422 2431 4484 humilitate
2463 4433 2521 4482 et
2553 4422 2892 4483 reverentia
2921 4420 3237 4484 Dominum
3271 4419 3580 4480 interioris
3607 4435 3744 4479 cor-

2033 4485 2081 4546 D
2098 4512 2189 4574 dis
2215 4510 2470 4592 hospitio
2503 4511 3116 4591 timenstremensque
3129 4509 3441 4589 suscipiat;
3467 4509 3541 4568 de
3562 4507 3749 4586 ipsius

2099 4601 2284 4678 gratia
2310 4609 2366 4662 et
2385 4600 2653 4662 bonitate
2677 4601 2958 4674 conﬁsus,
2988 4600 3088 4680 qui
3113 4600 3277 4661 solus
3308 4617 3378 4659 ex
3409 4597 3744 4675 peccatori-

2102 4690 2214 4752 bus
2245 4696 2479 4750 sanctos
2508 4689 2646 4750 facit
2677 4697 2735 4751 et
2755 4690 2973 4768 justos,
3001 4699 3058 4749 et
3086 4706 3191 4768 per
3223 4688 3568 4768 prophetam
3603 4705 3746 4764 pec-

2103 4787 2336 4841 catores
2357 4779 2696 4839 consolatus
2719 4786 2807 4838 est
2825 4777 3066 4838 dicens:
3124 4776 3192 4838 In
3215 4791 3571 4855 quacunque
3595 4774 3748 4834 liora

2100 4868 2805 4946 conversusingemueri'
2821 4875 3116 4946 peccator,
3151 4867 3420 4928 omnium
3448 4863 3748 4941 iniquita-

2105 4966 2230 5022 tum
2245 4960 2374 5030 eius
2388 4976 2512 5018 non
2525 4956 2964 5019 recordabar”.
2983 4954 3412 5030 Summaigitur
3457 4951 3673 5013 mentis
3691 4969 3752 5011 e;

2103 5047 2374 5128 corporis
2425 5046 2679 5127 puritate
2709 5051 2890 5126 atque
2948 5043 3237 5106 munditia
3273 5043 3627 5104 sumendum
3657 5046 3750 5103 est

2101 5138 2216 5199 hoc
2249 5144 2709 5203 sacramentum.
2743 5154 2876 5195 cum
2912 5135 3076 5196 illum
3109 5133 3509 5212 eamdemque
3540 5131 3745 5192 Domi-

2100 5245 2243 5287 nnm
2268 5243 2665 5300 assumamus,
2693 5224 2792 5304 qui
2821 5243 2925 5304 pro
2957 5232 3160 5285 nostra
3180 5221 3368 5284 salute
3396 5239 3469 5283 ex
3503 5218 3748 5299 Virgine

2099 5314 2290 5388 nasci,
2335 5313 2672 5394 versarique
2696 5313 2852 5375 inter
2873 5312 3168 5386 homines,
3195 5311 3296 5392 qui
3321 5310 3492 5372 cazcis
3526 5309 3742 5390 visum,

2099 5405 2328 5468 claudis
2347 5422 2639 5481 gressum,
2675 5403 2940 5464 auditum
2971 5402 3190 5477 surdis,
3225 5401 3520 5482 loquelam
3545 5399 3744 5475 mutis,

2099 5495 2400 5557 debilibus
2451 5492 2657 5566 robur,
2717 5491 2977 5554 inﬁrmis
3023 5491 3448 5565 valetudinem,
3498 5488 3747 5550 mortuis

2286 5674 2345 5726 15
2370 5671 2596 5756 Ephes.
2629 5690 2687 5755 v,
2722 5675 2782 5738 5.
2870 5670 2926 5723 *6
2955 5671 3170 5737 Ezech.
3196 5676 3402 5748 xum,
3437 5665 3536 5734 t2.
