4154 6392
380 363 499 432 283
897 359 1298 428 EPIPHANII
1338 361 1694 427 MONACHI
1737 363 1835 424 DE
1877 360 2298 425 RELIGIONE
2339 357 2814 423 CHRISTIANA
2857 357 3234 420 LIBELLUS
3641 354 3763 420 284

378 499 560 562 vitam
579 500 958 580 animamque
979 498 1277 575 restituit;
1310 498 1411 578 qui
1441 496 1504 558 in
1534 495 1728 558 crucis
1751 492 2018 584 patibulo
2042 490 2314 556 Asmatis
2339 488 2498 552 unda
2549 485 2879 584 ministerio
2931 483 3259 584 sacerdotis
3313 482 3427 584 rite
3457 482 3752 584 perfusus,

383 595 588 651 nostra
617 572 1181 670 peccata-purgavit,
1205 572 1305 669 qui
1324 572 1398 648 ab
1419 572 2018 674 inferisantiquorum
2103 598 2258 674 cum
2295 595 2479 674 supra
2528 583 2704 674 caput
2759 575 2890 674 ejus
2937 572 3223 674 columba
3277 574 3412 674 nive
3437 572 3756 674 candidior

381 662 1172 757 patrum'animas-eduxit,’
1202 662 1302 757 qui
1359 675 1530 736 tertia
1579 673 1678 736 die
1709 693 1742 735 a
1773 662 2020 734 mortuis
2101 668 2408 741 astitisset,
2443 666 2609 757 Pauli
2633 663 2879 757 secundi
2901 663 2974 757 ab
3006 662 3134 757 ipso
3177 663 3487 757 sacerdote
3516 662 3603 724 illi
3637 681 3750 757 no-

379 751 727 836 resurrexit,
760 773 824 826 ut
850 773 1041 827 morte
1098 751 1161 827 se
1216 751 1414 824 verum
1447 762 1776 836 hominem,
1810 779 2017 823 resur-
2102 775 2238 818 men
2269 754 2614 836 imponitur.
2645 752 2830 834 quue
2859 751 3177 814 admodum
3195 751 3638 813 convenienter.
3674 751 3753 814 Ut

378 853 644 916 rectione
675 873 815 916 vero
875 872 941 915 se
995 872 1196 916 verum
1251 852 1436 915 Deum
1496 852 1838 914 ostenderet
1873 870 1886 910 :
1917 851 2018 931 qui
2103 847 2260 908 enim
2293 843 2822 923 Paulusapostolus
2867 849 2998 931 post
3025 839 3751 931 innumerasChristianae

379 941 552 1004 nobis
575 962 680 1005 suo
705 943 966 1024 pretioso
997 941 1284 1014 sanguine
1298 941 1541 1021 januam
1561 939 1729 1019 regni
1760 929 2020 1001 ccelesﬁtis
2101 934 2250 1015 legis
2275 943 2747 1024 cuiictorumque
2767 931 2828 992 in
2847 930 3082 1024 Christo
3125 929 3500 1024 credentium
3532 947 3750 1024 perse-

376 1032 632 1112 aperuit,
667 1019 769 1114 qui
798 1031 1020 1094 deinde
1047 1031 1118 1092 ad
1151 1019 1331 1093 caelos
1363 1029 1651 1104 ascendit,
1688 1039 1748 1092 et
1777 1029 2016 1090 tandem
2101 1024 2395 1114 cntiones,
2421 1023 2638 1114 damna
2666 1028 2844 1114 atque
2867 1019 3139 1114 injurias,
3171 1019 3372 1114 divina
3401 1019 3586 1114 gratia
3611 1036 3749 1099 per-

377 1107 820 1201 postuniversze
859 1121 1054 1183 carnis
1096 1119 1596 1183 resurrectionem
1631 1127 1751 1179 tum
1785 1136 2015 1199 severo,
2099 1113 2390 1190 funditur,
2420 1112 2482 1174 ﬁt
2507 1130 2574 1201 ex
2599 1109 2775 1201 saulo
2802 1110 3036 1190 Paulus,
3078 1127 3148 1172 ex
3189 1109 3359 1170 hoste
3390 1107 3642 1201 amicus,
3676 1126 3752 1169 ex

377 1197 498 1270 tum
530 1209 782 1289 benigno
813 1210 973 1271 vultu
1006 1209 1189 1270 malos
1205 1228 1273 1270 ac
1293 1207 1482 1270 bonos
1505 1207 1879 1286 judicaturus
1907 1197 2017 1268 ad;
2101 1202 2514 1282 impugnatore
2545 1199 2844 1273 defensor,
2871 1219 2936 1260 ex
2964 1206 3343 1289 persecutore
3376 1197 3749 1289 praedicator;

375 1299 590 1363 veniet.
619 1285 764 1372 Quis
793 1315 992 1380 quaeso
1047 1317 1164 1360 non
1219 1285 1544 1360 formidet?
1597 1296 1728 1377 quis
1757 1315 1874 1356 non
1909 1315 2013 1376 pa-
2103 1292 2165 1350 ﬁt
2193 1289 2503 1366 religionis
2520 1297 2735 1350 nostra;
2762 1305 3054 1349 resonans
3083 1286 3340 1380 tuba,‘ﬁt
3369 1303 3468 1347 vas
3496 1285 3750 1380 electio-

377 1387 711 1469 veat?quis
743 1377 860 1450 non
913 1387 1358 1462 contremiscat,
1411 1405 1543 1448 cum
1575 1403 1781 1447 secum
1816 1386 2015 1446 consi-
2101 1383 2214 1457 nis,
2251 1391 2309 1442 et
2356 1381 2574 1445 Christi
2627 1380 2954 1456 apostolus,
3018 1388 3074 1469 et
3135 1377 3370 1440 tandem
3401 1378 3749 1469 religionem

377 1475 564 1550 derat,
599 1467 673 1538 se
702 1496 903 1539 verum
935 1475 1200 1538 omnium
1232 1479 1597 1554 Creatorem,
1632 1474 1850 1552 Regem
1884 1474 2020 1535 ρωΙὶ
2102 1479 2362 1533 nostram
2395 1469 2876 1533 constantissime
2911 1468 3258 1544 praedicans,
3315 1479 3372 1528 et
3401 1467 3622 1548 ubique
3651 1468 3748 1530 in-

377 1578 436 1627 et
457 1571 648 1639 terrae,
673 1575 756 1628 tot
778 1575 1196 1647 tan'orumque
1234 1564 1592 1626 mirabilium
1624 1563 2012 1638 Patratorem,

373 1653 641 1717 Iudicem
667 1655 924 1737 denique
946 1655 1206 1717 vivorum
1233 1663 1289 1716 et
1315 1662 1702 1715 mortuorum.
1739 1651 1849 1714 sub
1881 1671 2019 1732 spe-

2103 1560 2335 1641 trepide
2366 1560 2698 1622 defendens
2751 1559 2959 1638 capitis
3022 1558 3299 1638 martyrio
3356 1556 3623 1634 migravit
3675 1557 3750 1618 ad

2099 1648 2416 1710 Dominum
2447 1671 2459 1712 :
2485 1649 2570 1710 sic
2593 1647 2810 1710 Paulus
2841 1648 2950 1708 iste
2979 1647 3284 1708 secundus
3305 1655 3436 1726 post
3466 1645 3749 1706 innumea-

373 1741 466 1805 cie
497 1742 662 1823 panis
691 1752 751 1806 et
780 1734 888 1806 viri
936 1743 1088 1805 miro
1141 1742 1394 1823 quodam
1457 1741 1631 1804 modo
1691 1742 1959 1822 recipere
1989 1740 2196 1838 ‘?Bras
2218 1737 2402 1800 divini
2427 1736 2684 1799 nominis
2723 1734 3148 1836 blasphemias,
3182 1743 3243 1797 et
3274 1734 3748 1838 Christianorum

373 1829 516 1904 Quis
539 1841 628 1893 est
649 1840 766 1894 tam
798 1833 1037 1914 impius,
1071 1839 1187 1894 tam
1211 1832 1556 1910 sacrilegus,
1592 1843 1832 1910 tamque
1863 1830 2018 1891 salu-

371 1922 448 1981 tis
463 1938 586 1982 suae
607 1921 946 1996 immemor,
971 1920 1072 2002 qui
1098 1939 1161 1982 se
1192 1939 1308 1982 non
1343 1927 1655 2001 praeparet,
1687 1918 2019 1998 nondispo-

2105 1827 2569 1906 persecutiones,
2626 1825 2894 1905 rapinas,
2940 1823 3211 1904 injurias,
3271 1823 3488 1895 caides,
3546 1823 3746 1884 divino

2105 1933 2354 1976 munere
2384 1915 2452 1974 ad
2487 1916 2665 1976 ﬁdem
2717 1931 3040 1974 conversus
3099 1912 3281 1972 multo
3339 1912 3400 1972 in
3431 1930 3499 1973 ea
3530 1929 3748 1991 propa-

371 2016 494 2082 nat,
528 2028 646 2070 non
677 2009 918 2090 abjiciat
945 1999 1176 2088 sordes,
1200 2029 1319 2070 non
1345 1999 1614 2088 deponat
1643 2007 1920 2081 maculas,
1955 2026 2020 2069 se
2102 2003 2293 2082 ganda
2321 2011 2497 2084 atque
2527 2001 2905 2064 defendenda
2934 2001 3042 2062 fuit
3089 1999 3394 2062 ardentior
3435 2019 3610 2081 quam
3643 2001 3751 2063 fuit

374 2097 633 2178 denique
663 2106 848 2160 totum
880 2099 952 2161 ab
985 2099 1145 2161 omni
1176 2098 1624 2178 inquinamento
1658 2115 1773 2156 non
1808 2114 2020 2176 expur-
2101 2093 2160 2154 in
2191 2093 2614 2173 impugnanda.
2663 2091 2856 2154 Vitam
2895 2109 3126 2152 summa
3158 2091 3519 2169 integritate,
3553 2090 3748 2152 conti-

373 2195 492 2267 get,
523 2193 588 2247 ut
619 2187 793 2248 talem
825 2207 894 2250 ac
925 2197 1148 2250 tantum
1183 2187 1476 2268 hosPitem
1513 2205 1619 2247 suo
1650 2184 1828 2264 digne
1855 2187 2014 2246 reci-
2102 2181 2692 2243 nentiaetseveritate
2709 2179 2930 2258 exegit;
2974 2199 3190 2260 corpus
3211 2179 3480 2261 jejuniis,
3513 2179 3744 2257 vigi‘iis,

373 2274 492 2355 piat
557 2275 946 2338 habitaculo?
996 2276 1056 2340 Si
1115 2279 1246 2358 quis
1300 2275 1628 2356 principem
1689 2293 1858 2334 suum
1918 2283 2015 2334 aut
2099 2280 2156 2332 et.
2177 2271 2419 2349 ﬂagellis
2439 2272 2754 2352 castigans,
2783 2271 2946 2333 brevi
2973 2270 3174 2332 docuit
3208 2270 3458 2331 obedire
3487 2269 3736 2350 spiritui.

371 2363 551 2426 alium
580 2366 949 2446 superiorem
981 2367 1041 2428 in
1075 2366 1316 2428 domum
1349 2384 1513 2425 suam
1537 2372 1840 2425 venturam
1867 2382 2014 2444 prai-
2099 2359 2305 2424 Carnis
2329 2362 2660 2443 voluptates
2681 2371 2857 2443 atque
2892 2361 3205 2423 illecebras
3236 2379 3446 2422 omnes
3476 2367 3736 2438 contem:

368 2452 595 2517 scierit.
631 2474 830 2516 nonne
880 2456 1122 2517 domum
1171 2463 1362 2529 ornat,
1427 2453 1692 2527 mundat,
1729 2465 2015 2532 curatque
2101 2451 2247 2530 psit:
2301 2451 2552 2512 orationi
2611 2461 2668 2511 ot
2699 2451 2943 2512 lectioni
2975 2469 3278 2512 sacrarum
3307 2449 3737 2530 Scripturarum

366 2561 541 2624 quam
566 2543 796 2618 seddlo,
824 2563 898 2605 ne
927 2544 1068 2626 quid
1103 2545 1160 2605 in
1195 2562 1263 2605 ea
1293 2545 1370 2606 sit
1393 2551 1587 2621 turpe,
1610 2541 2008 2612 immundum,
2097 2557 2336 2619 semper
2367 2542 2645 2601 intentus.
2693 2540 2864 2602 Oculi
2895 2559 3166 2600 somnum
3227 2557 3295 2600 ac
3343 2538 3612 2614 corporis
3643 2555 3742 2597 re-

365 2630 748 2693 inhonestum
763 2651 832 2694 ac
861 2632 1190 2707 sordidum,
1217 2631 1372 2712 quod
1400 2629 1769 2691 advenientis
1802 2629 2010 2708 hospi-

370 2719 446 2780 tis
474 2719 680 2781 oculos
703 2729 804 2781 aut
851 2721 1115 2782 animum
1177 2720 1297 2781 ulla
1349 2719 1579 2780 ratione
1609 2718 1793 2798 possit
1817 2717 2012 2778 ollen-

369 2805 513 2868 dere
536 2806 746 2879 ‘IQuod
769 2809 818 2869 si
838 2809 1015 2870 homo
1047 2816 1349 2870 terrenum
1382 2826 1449 2868 ac
1473 2805 1780 2868 mortalem
1813 2806 2010 2866 homi-

369 2913 507 2957 nem
540 2903 924 2977 suscepturus
951 2915 1080 2958 eam
1133 2895 1496 2976 diligentiam
1543 2893 1804 2967 adhibet,
1839 2912 2012 2974 quam

369 2983 712 3064 puritatem,
748 3003 921 3065 quam
955 2986 1329 3065 munditiam,
1358 3002 1535 3064 quem
1557 2983 1811 3043 nitorem
1836 2989 2013 3062 atque

366 3080 640 3134 ornatum
671 3073 957 3134 adhibere
983 3073 1156 3134 debet
1192 3091 1359 3135 mens
1401 3074 1676 3145 liumana,
1710 3090 2007 3132 summum

365 3167 540 3240 atque
569 3161 1033 3241 omnipotentem
1067 3161 1279 3234 Deum,
1313 3159 1412 3242 qui
1445 3159 1711 3221 omnium
1744 3169 2010 3220 secreto-

367 3267 501 3309 rum
533 3255 624 3311 est
653 3248 942 3328 cognitor.
977 3250 1132 3312 intra
1179 3249 1436 3330 pectoris
1493 3249 1584 3310 sui
1632 3267 1846 3310 arcana
1877 3267 2007 3311 me-

363 3336 480 3399 rito
509 3347 858 3418 susceptura
883 3339 914 3400 ?
943 3340 1060 3401 Sed
1087 3339 1210 3418 jam
1243 3339 1402 3401 unde
1433 3338 1733 3418 paulisper
1761 3339 2011 3418 digressi

364 3445 592 3500 sumus,
619 3427 690 3489 ad
725 3427 985 3490 historiae
1006 3429 1274 3490 ordinem
1306 3427 1647 3490 redeamus.

444 3513 530 3576 Re
549 3514 748 3578 divina
768 3517 1082 3594 completa,
1107 3517 1408 3599 sacrisque
1437 3515 1556 3577 illis
1590 3515 1866 3577 omnibus
1895 3516 2008 3579 rite

363 3605 644 3684 peractis,
660 3624 792 3667 cum
809 3624 1016 3668 omnes
1040 3605 1140 3688 qui
1163 3605 1494 3667 aderantab
1513 3604 2008 3668 Ecclesiadisces-

365 3691 605 3764 sissent,
631 3694 885 3756 inﬁdelis
918 3695 1019 3757 ille
1052 3704 1345 3757 tantarum
1387 3713 1586 3755 rerum
1614 3693 2009 3756 admiratione

364 3789 694 3861 superatus,
717 3783 1085 3845 sacerdotem
1118 3783 1414 3856 convenit,
1448 3802 1704 3863 eumque
1734 3784 1925 3847 amice
1941 3803 2008 3846 ac

363 3875 706 3931 reverenter
733 3870 1079 3952 alloquitur,
1109 3881 1170 3934 et
1211 3870 1434 3946 omnia,
1468 3890 1598 3952 quae
1624 3871 1710 3932 illi
1743 3879 2008 3952 tempore

364 3956 644 4019 sacriﬁcii
671 3967 1088 4040 apparuerant,
1123 3980 1230 4022 suo
1254 3959 1463 4022 ordine
1485 3959 1765 4040 exponit;
1797 3960 2006 4040 cupie-

367 4044 468 4106 bat
497 4045 653 4107 enim
689 4047 848 4108 velut
902 4047 1116 4110 divinae
1173 4047 1446 4129 potentiaa
1502 4065 1741 4128 prorsus
1771 4046 2008 4126 ignarus

365 4133 634 4214 apprime
667 4134 1024 4216 intelligere,
1058 4137 1198 4217 quid
1231 4145 1315 4198 tot
1367 4135 1777 4198 distinctarum
1809 4154 2006 4196 rerum

367 4221 672 4303 speciesin
699 4224 908 4288 eodem
924 4223 1268 4288 sibivellent
1295 4233 1686 4295 sacramento,
1717 4242 2010 4304 quamque

2098 2627 2298 2702 quiem
2335 2629 2448 2689 nisi
2477 2629 2547 2688 ad
2604 2639 2827 2690 natura:
2885 2648 2956 2690 ac
3011 2627 3220 2689 virium
3255 2626 3744 2689 sustentationem

2097 2719 2255 2776 velut
2287 2727 2512 2796 pestem
2545 2717 3001 2798 aspernabatur,
3047 2717 3248 2778 sciens
3299 2717 3474 2777 hosce
3506 2716 3745 2795 laqueos

2098 2823 2230 2865 esse
2285 2805 2526 2878 diaboli,
2584 2806 2798 2888 quibus
2855 2807 3090 2868 irretire
3140 2814 3198 2867 et
3254 2823 3466 2886 capere
3515 2805 3744 2866 animas

2099 2893 2305 2957 soleat.
2337 2898 2638 2957 Summam
2664 2894 2940 2956 omnibus
2962 2895 3019 2955 in
3043 2894 3222 2956 rebus
3244 2893 3584 2973 gravitatem
3605 2911 3746 2954 con-

2032 3023 2072 3083 c
2095 2981 2531 3065 tinentiamque
2559 2983 2833 3055 servavit,
2872 2983 3136 3056 Divitias,
3170 3001 3315 3064 quas
3347 2982 3561 3044 multas
3591 2999 3740 3083 con-

2092 3081 2455 3150 gregaverat,
2491 3073 2772 3134 omnesin
2799 3089 3090 3154 pauperes
3110 3071 3437 3144 distribuit,
3464 3079 3522 3131 ut
3544 3070 3741 3132 nudus

2094 3166 2268 3238 atque
2299 3161 2610 3240 expeditus
2630 3161 2923 3224 Christum
2959 3161 3179 3223 nudum
3211 3180 3278 3222 ac
3316 3179 3634 3240 pauperem
3652 3159 3741 3220 fa-

2096 3248 2268 3310 cilius
2300 3259 2675 3331 sequeretur,
2707 3260 2767 3312 ut
2829 3251 2902 3312 de
2961 3251 3090 3332 ipso
3152 3249 3562 3330 propheticum
3595 3247 3741 3309 illud

2096 3356 2210 3398 non
2225 3337 2331 3399 abs
2349 3357 2413 3399 re
2428 3339 2548 3400 dici
2571 3340 2754 3410 possit
2777 3362 2788 3393 τ
2822 3340 3096 3418 Dispersi
3103 3345 3147 3417 ι,
3169 3339 3332 3400 dedit
3350 3339 3739 3418 pauperibus,

2093 3427 2397 3503 ctjusti'tia
2413 3431 2754 3504 cjusmanet
2805 3430 2866 3489 in
2907 3427 3186 3492 saeculum
3216 3426 3424 3489 ,πουΙὶ
3448 3427 3524 3488 l3.
3553 3429 3740 3487 Pecu-

2092 3514 2206 3576 niae
2219 3522 2689 3598 czeterarumque
2701 3536 2902 3579 rerum
2941 3515 3373 3577 mundanarum
3393 3514 3742 3595 cupiditates

2093 3604 2338 3664 calcavit
2385 3612 2562 3686 atque
2620 3605 2979 3686 perdomuit.
3037 3605 3246 3667 Totius
3302 3605 3564 3685 denique
3609 3603 3742 3664 vitae

2094 3699 2291 3770 partes
2313 3692 2460 3754 mira
2481 3695 2736 3774 quadam
2768 3694 3030 3757 bonitate
3058 3693 3571 3772 sanctimoniaque
3601 3709 3742 3773 per-

2092 3780 2252 3842 fecit.
2291 3780 2449 3843 Nihil
2481 3783 2540 3843 in
2575 3803 2644 3845 eo
2679 3782 3178 3864 reprehensibile,
3215 3802 3334 3844 non
3363 3800 3583 3854 sermo,
3620 3800 3741 3841 non

2091 3868 2386 3943 incessus,
2416 3889 2531 3932 non
2571 3881 2880 3952 aspectus;
2920 3871 3067 3934 nihil
3093 3872 3248 3953 quod
3273 3872 3561 3952 cujusque
3592 3889 3736 3932 ocu-

2092 3957 2182 4019 los
2215 3959 2273 4020 in
2305 3977 2368 4022 se
2396 3969 2594 4039 posset
2622 3961 2952 4024 oﬁ‘endere.
3005 3963 3348 4026 Doctrinam
3379 3978 3518 4021 vero
3548 3979 3739 4022 evan-

2092 4047 2369 4124 gelicam,
2395 4069 2568 4131 quam
2593 4059 2731 4113 ante
2761 4049 3068 4123 irridebat,
3103 4049 3440 4121 damnabat,
3476 4049 3736 4110 insecta‘

2093 4135 2288 4210 batur,
2314 4137 2546 4218 populis
2569 4138 2998 4201 ardentissime
3022 4138 3378 4220 praedicavit,
3423 4145 3597 4218 atque
3630 4155 3736 4217 pro

2095 4225 2222 4303 ejus
2245 4226 2487 4288 veritate
2519 4227 2761 4303 tuenda,
2809 4227 3068 4308 seipsum
3105 4227 3383 4306 martyrio
3411 4225 3738 4306 saepissime

367 4330 488 4393 prae
503 4330 568 4374 se
590 4313 812 4374 ferrent
828 4313 1344 4394 signiﬁcationem.
1374 4313 1522 4375 Tum
1547 4314 1824 4375 sacerdos
1849 4313 2002 4373 divi-
2024 4305 2073 4368 Ι)
2094 4312 2327 4378 obtulit.
2356 4312 2500 4377 Cum
2546 4326 2740 4378 autem
2780 4305 2917 4397 jami
2947 4317 3146 4397 plures
3174 4305 3360 4378 annos
3389 4315 3449 4376 in
3473 4305 3584 4376 hac
3615 4323 3733 4376 tam

367 4419 502 4463 nam
528 4420 766 4463 manum
791 4403 928 4464 huic
963 4403 1054 4466 rei
1092 4404 1330 4466 alfuisse
1357 4420 1742 4482 cognoscens,
1768 4401 2008 4463 videns-

369 4509 484 4570 que
514 4490 691 4571 hujus
745 4489 1008 4554 inﬁdelis
1063 4503 1322 4554 mentem
1386 4493 1596 4554 timore
1627 4491 2009 4572 simulatque

365 4579 763 4644 admiratione
792 4600 1164 4657 concussam,
1199 4581 1478 4661 coepitilli
1503 4600 1574 4644 ex
1601 4580 1790 4643 sacris
1821 4579 2008 4643 Litte-

365 4670 448 4730 ris
477 4668 734 4730 divinam
793 4669 852 4730 in
913 4671 1120 4751 primis
1177 4669 1500 4751 potentiam
1559 4669 1897 4743 ostendere,
1941 4687 2009 4729 ac

365 4757 588 4820 deinde
617 4777 724 4838 per
751 4758 984 4840 singula
1013 4760 1374 4843 discurrens,
1411 4769 1691 4841 quantum
1726 4757 2008 4839 temporis

366 4849 639 4926 angustia
687 4848 1038 4926 patiebatur,
1095 4849 1393 4913 Christum
1449 4849 1536 4911 illi
1569 4848 2006 4928 evangelizavit.

366 4935 505 5008 Quae
535 4955 668 4998 cum
699 4937 801 4999 ille
830 4946 1050 5001 attente
1098 4939 1275 5000 simul
1332 4957 1401 5000 ac
1458 4937 1668 5000 devote
1698 4937 2004 5012 audiisset,

366 5023 722 5106 adessetque
750 5027 937 5105 gratia
985 5026 1244 5104 Domini,
1305 5025 1430 5108 qui,
1492 5033 1554 5088 ut
1604 5025 1797 5104 inquit
1843 5024 2006 5087 Scri-

365 5121 538 5195 ptura
567 5115 648 5192 17,
697 5115 860 5178 solus
907 5124 1101 5198 potest
1157 5135 1257 5178 cor
1310 5114 1608 5196 lapideum
1665 5113 1858 5176 facere
1905 5132 2010 5175 cor

364 5219 669 5284 carneum,
694 5212 752 5267 et
773 5222 843 5266 ex
859 5203 1155 5285 lapidibus
1195 5203 1484 5266 suscitare
1521 5202 1675 5265 ﬁlios
1703 5201 1958 5266 Abrahae
1989 5220 2002 5265 :

364 5291 527 5354 illico
575 5291 926 5356 Christianae
975 5292 1260 5356 doctrina:
1288 5291 1563 5368 credidit,
1597 5311 1778 5374 seque
1810 5291 2006 5373 bapti-

360 5379 504 5454 zari,
528 5388 704 5463 atque
725 5381 949 5445 relictis
986 5382 1159 5444 idolis
1188 5393 1248 5444 et
1280 5381 1587 5444 erroribus
1615 5381 1770 5444 inter
1798 5382 2008 5444 ﬁdeles

367 5469 579 5533 Christi
613 5470 832 5535 milites
858 5471 1079 5535 ascribi
1128 5472 1328 5535 voluit.
1382 5471 1552 5534 Sacri
1578 5471 1777 5554 itaque
1807 5471 2002 5553 bapti-

445 5648 502 5702 ⁵7
523 5646 725 5715 Hatth.
755 5665 843 5728 in,
874 5649 934 5715 9.
1020 5650 1079 5703 ‘8
1103 5649 1258 5715 Psal.
1291 5665 1410 5726 cn,
1441 5651 1502 5716 9.

1593 5650 1651 5702 ιθ
1677 5649 1934 5734 Philipp.
1967 5651 2068 5717 23.

2091 4412 2294 4464 sancta
2354 4405 2802 4466 conversatione
2874 4405 3278 4485 transegisset,
3339 4402 3734 4483 omnibusque

2091 4500 2250 4553 esset
2279 4493 2505 4574 stupori
2561 4501 2621 4555 et
2673 4492 3076 4569 admirationi,
3137 4493 3348 4574 hisque
3379 4493 3732 4572 praesertim,

2092 4581 2192 4662 qui
2225 4582 2356 4659 ejus
2401 4581 2580 4643 vitam
2632 4590 2771 4643 ante
2829 4582 3283 4644 conversionem
3313 4587 3731 4660 cognoverant,

2095 4671 2312 4750 placuit
2339 4670 2729 4751 omnipotenti
2766 4669 2884 4732 Deo
2941 4671 3187 4733 militem
3233 4688 3406 4732 suum
3435 4669 3506 4731 ad
3533 4688 3598 4731 se
3628 4688 3730 4727 vo-

2091 4777 2250 4834 care,
2284 4767 2347 4819 ut
2376 4761 2477 4842 qui
2507 4768 2752 4822 strenue
2781 4779 2849 4823 ac
2905 4761 3156 4824 viriliter
3183 4760 3587 4838 dimicaverat,
3621 4757 3731 4820 de-

2092 4848 2214 4910 bita
2241 4848 2538 4930 reciperet
2579 4849 2875 4930 stipendia
2921 4850 3292 4913 meritorum.
3353 4847 3509 4909 Voce
3538 4848 3735 4928 itaque

2090 4937 2377 5018 angelica,
2410 4954 2526 5018 qua
2557 4937 2773 5019 saepius
2830 4937 3121 5000 consolari
3176 4937 3425 5012 solebat,
3458 4937 3588 4999 vitae
3616 4954 3736 4998 suas

2092 5027 2272 5088 ﬁnem
2303 5025 2524 5088 instare
2549 5025 2638 5087 illi
2670 5027 2998 5108 nuntiatur,
3053 5044 3168 5108 qua
3199 5045 3268 5088 ex
3299 5043 3366 5087 re
3395 5025 3470 5087 de
3499 5023 3735 5086 Domini

2089 5114 2353 5177 bonitate
2379 5113 2909 5197 misericordiaque
2961 5115 3244 5189 conﬁsus,
3301 5113 3402 5195 qui
3433 5131 3732 5195 nunquam

2090 5204 2314 5266 deserit
2343 5212 2654 5284 sperantes
2682 5205 2744 5267 in
2775 5223 2863 5286 se,
2895 5203 3309 5268 incredibilem
3351 5203 3550 5265 animo
3580 5201 3733 5264 lieti-

2092 5294 2234 5356 tiom
2257 5294 2458 5374 ccepit,
2479 5292 2625 5356 illud
2648 5293 2915 5375 Apostoli
2932 5294 3148 5377 saepius
3175 5299 3457 5374 repetens
3490 5311 3503 5354 :
3542 5293 3733 5372 Cupio

2089 5383 2359 5458 dissolvi,
2388 5393 2444 5445 et
2466 5400 2594 5446 esse
2623 5401 2756 5446 cum
2799 5383 3038 5448 Christo
3059 5383 3118 5434 *9
3171 5381 3509 5463 Intelligens
3537 5390 3733 5443 autem

2091 5473 2324 5536 nullum
2341 5473 2564 5554 gratius
2582 5471 3331 5557 acceptabiliusqueoﬁ'erri
3347 5469 3728 5544 sacriﬁcium,
