4154 6414
268 391 398 457 285
949 388 1212 456 ALEXII
1255 390 1769 490 PATRIARQHE
1811 388 2383 453 CONSTITUTION
2393 389 2479 452 ES
2521 389 2991 454 SYNODALES.
3546 392 3664 460 286

280 542 458 605 quam
497 540 596 585 cor
632 519 964 582 contritum
995 529 1054 582 et
1085 517 1484 594 humiliatum,
1524 518 1677 580 facta
1707 518 2150 598 pecca-Acaaci
2179 519 2404 597 vident,
2437 519 2603 582 surdi
2633 520 2904 597 audiunt,
2933 523 3078 583 muti
3107 524 3455 606 loquuntur,
3472 525 3666 589 claudi

277 620 472 674 torum
490 609 1268 690 confessione,peractaque
1289 607 1654 688 poenitentia,
1672 607 1935 688 seipsum
2019 608 2345 685 ambulant,
2371 610 2591 691 leprosi
2615 611 2997 687 mandantur,
3041 619 3098 674 et
3125 614 3390 675 omnium
3418 614 3663 678 morbo-

275 702 406 764 Deo
426 699 749 762 humilians
770 698 847 760 de
878 698 1229 759 admirando
1256 715 1328 758 ac
1365 696 1670 758 salutifero
1701 695 1803 756 illo
1835 713 1933 756 sa-
2018 715 2150 758 rum
2180 717 2400 778 genera
2429 699 2606 780 hujus
2635 699 2825 762 sancti
2853 699 2964 762 viri
3022 701 3249 763 meritis
3279 710 3336 764 et
3367 703 3662 766 interces-

271 797 588 852 cramento
615 787 890 869 corporis
910 795 970 849 et
991 785 1296 867 sanguinis
1333 785 1572 848 Domini
1602 785 1757 868 quod
1790 803 1937 846 con-
2019 785 2187 848 sione
2217 787 2412 850 curari
2441 789 2743 853 dicuntur.

268 879 714 941 versionissuaa
733 894 915 940 causa
944 876 1157 951 fuerat,
1199 875 1576 938 devotissime
1609 873 1934 956 participa-
2097 874 2327 948 Quanto
2381 876 2559 955 igitur
2613 877 2675 938 in
2732 877 2962 939 honore
3018 877 3380 954 habendam,
3426 881 3665 961 quantis

267 969 380 1033 vit.
430 969 668 1032 Deinde
698 986 834 1029 cum
863 985 929 1029 se
961 965 1214 1028 orationi
1245 964 1534 1043 dedisset,
1566 982 1819 1046 corpore
1846 963 1938 1024 in-
2018 965 2688 1046 eﬂ‘erendamlaudibus,
2712 967 3332 1047 quibusextollendam
3351 971 3664 1050 praeconiis

265 1067 494 1121 terram
526 1057 836 1132 inclinato,
888 1055 1086 1118 anima
1115 1058 1186 1117 ad
1247 1055 1567 1132 gloriosam
1624 1054 1934 1116 beatorum
2019 1055 2172 1116 hanc
2195 1064 2454 1116 nostram
2477 1054 2871 1118 Christianam
2903 1057 3230 1120 doctrinam
3250 1056 3608 1120 arbitramur
3637 1061 3653 1122 !

283 1148 536 1230 patriam
570 1144 998 1210 comitantibus
1045 1144 1272 1224 angelis
1317 1144 1467 1206 mira
1495 1143 1799 1206 celeritate
1827 1141 1938 1203 ad-
2021 1141 2164 1216 Quis
2183 1145 2260 1206 de
2288 1143 2477 1225 ipsius
2499 1144 2764 1221 veritate,
2791 1144 3078 1226 dignitate
3102 1153 3277 1226 atque
3308 1147 3661 1210 excellentia

293 1237 537 1301 volavit.
567 1237 834 1301 Aderant
870 1234 1140 1316 plerique
1169 1233 1356 1296 sancti
1388 1233 1518 1307 viri,
1551 1233 1652 1314 qui
1674 1231 1940 1294 referunt
2021 1231 2478 1314 dubitavit,qua3
2497 1253 2628 1295 cum
2653 1253 2951 1296 summnm
2985 1234 3172 1298 Deum
3218 1235 3420 1298 habuit
3451 1248 3658 1299 aucto-

283 1345 566 1406 magnum
603 1324 925 1406 quemdam
987 1323 1366 1403 sple-ndorem
1415 1341 1520 1404 per
1547 1322 1723 1384 unius
1754 1324 1939 1382 ferme
2024 1339 2176 1396 rem,
2227 1321 2604 1402 Unigenitum
2636 1342 2772 1386 vero
2811 1323 2996 1404 ipsius
3025 1324 3239 1388 Filium
3273 1326 3656 1390 mediatorem

271 1416 443 1478 hora:
472 1413 730 1496 spatium
761 1429 982 1491 corpus
1029 1411 1172 1472 illud
1220 1410 1542 1492 pretiosum
1575 1408 1923 1472 circumful-
2005 1410 2228 1496 sanctis
2246 1430 2312 1472 ac
2330 1410 2509 1491 justis
2530 1412 2758 1492 repleta
2795 1413 2872 1474 sit
2905 1413 3304 1490 documentis,
3338 1423 3396 1476 et
3426 1423 3654 1477 morta-

267 1505 450 1576 sisse,
476 1492 583 1565 sed
596 1510 656 1565 et
674 1519 913 1563 suavem
945 1500 1191 1562 odorem
1223 1516 1404 1580 super
1427 1507 1692 1562 aromata
1719 1505 1932 1560 cuncta
2005 1492 2100 1560 les
2131 1497 2206 1560 ab
2237 1498 2545 1561 erroribus
2575 1501 2766 1562 trahat
2795 1501 2867 1562 ad
2913 1501 3244 1574 veritatem,
3278 1521 3382 1564 eos
3411 1503 3654 1566 demum

263 1613 487 1657 omnes
533 1593 598 1654 in
629 1590 908 1654 cubiculo
960 1588 1238 1651 sensisse.
1291 1587 1401 1661 Qui
1433 1606 1572 1650 vero
1601 1585 1931 1668 sepeliendi
2014 1595 2342 1664 consortes,
2374 1587 2542 1667 regni
2584 1588 2836 1650 caelestis
2893 1589 3212 1671 participes
3258 1589 3436 1654 faciat
3467 1590 3492 1652 ?
3521 1594 3656 1672 quis

269 1702 481 1746 curam
501 1681 867 1760 habuerunt,
888 1679 948 1740 in
986 1677 1044 1739 id
1081 1677 1481 1751 censentiunt,
1514 1676 1733 1738 nudato
1763 1675 1936 1737 vesti-
2015 1694 2144 1738 eam
2179 1696 2299 1738 non
2328 1677 2741 1758 amplectetur,
2775 1696 2845 1740 ac
2873 1677 2988 1740 sibi
3008 1679 3188 1741 veluti
3217 1678 3652 1740 ornatissimam

265 1773 387 1836 bus
417 1789 696 1849 corpore,
726 1769 788 1831 in
821 1768 954 1848 ejus
993 1766 1250 1848 pectoris
1285 1765 1482 1828 medio
1515 1765 1713 1828 crucis
1735 1765 1932 1845 cujus-
2017 1766 2332 1846 quamdam
2353 1784 2632 1847 sponsam
2661 1767 3059 1829 indissolubili
3081 1765 3312 1832 vinculo
3335 1786 3453 1829 non
3478 1787 3656 1848 copu-

280 1862 426 1923 dam
460 1858 712 1939 efﬁgiem
747 1877 814 1920 ex
847 1855 1036 1938 ipsius
1067 1873 1214 1936 puro
1245 1854 1532 1934 sanguine
1555 1854 1736 1917 visam
1770 1872 1926 1928 esse,
1952 1853 2205 1917 Blabit?
2233 1853 2430 1936 Ipsum
2461 1873 2599 1917 vero
2624 1856 2994 1918 salutiferum
3028 1856 3295 1938 coaporis
3325 1866 3382 1918 et
3410 1858 3653 1937 sangui-

279 1969 466 2032 quam
496 1949 587 2010 ha:
638 1948 844 2008 litterae
903 1945 966 2006 in
1025 1943 1264 2006 modum
1323 1961 1558 2032 coronae
1585 1961 1692 2005 seu
1722 1941 1926 2004 circuli
2011 1942 2105 2004 nis
2150 1943 2390 2005 Domini
2428 1952 2864 2007 sacramentum
2918 1964 3159 2008 omnem
3201 1951 3656 2026 supereminens

281 2031 667 2103 ambiebant:
699 2038 928 2100 Paulus
956 2034 1252 2097 secundus
1273 2051 1485 2096 servus
1500 2031 1650 2096 Jesu
1670 2032 1923 2095 Christi.
2009 2032 2340 2094 naturalem
2372 2033 2694 2113 potentiam
2734 2033 2868 2115 quis
2923 2053 3042 2095 non
3088 2034 3500 2111 admirabitur,
3533 2055 3652 2097 non

288 2129 440 2202 Quae
468 2145 565 2189 res
594 2145 717 2187 cum
767 2125 948 2203 digna
988 2123 1110 2185 visa
1161 2131 1340 2198 esset,
1403 2141 1534 2202 quae
1565 2139 1670 2198 pro
1699 2123 1926 2184 honore
2012 2120 2415 2192 venerabitur,
2441 2141 2510 2184 ac
2531 2123 2788 2184 maxima
2809 2123 3006 2184 cordis
3032 2123 3284 2204 puritate
3315 2124 3651 2206 suscipien-

277 2228 466 2298 atque
496 2213 840 2279 excellentia
890 2210 1197 2290 religionis
1254 2220 1474 2273 nostra;
1504 2210 1577 2272 ad
1608 2209 1928 2272 multorum
2010 2211 2150 2272 dum
2178 2230 2296 2272 non
2332 2211 2626 2291 judicabit
2655 2211 2680 2274 ?
2717 2211 2882 2284 Quod
2915 2212 3112 2275 divina
3143 2214 3400 2294 potentia
3432 2233 3538 2295 per
3563 2233 3653 2276 sa-

274 2304 553 2368 notitiam
581 2303 942 2384 perveniret,
975 2299 1584 2379 eﬂ'ecitutgloriosum
1615 2299 1760 2361 illud
1788 2317 1925 2361 cor-
2009 2300 2272 2362 cerdotis
2319 2301 2530 2362 conﬁci
2593 2301 2990 2365 ministerium
3043 2312 3420 2364 sacrosancta
3473 2303 3654 2366 tradit

266 2414 385 2478 pus
415 2394 642 2474 aliquot
698 2391 911 2453 diebus
968 2390 1341 2452 inhumatum
1368 2389 1620 2469 jaceret.
1655 2388 1927 2478 Accessit
2008 2388 2314 2452 Ecclesia:
2343 2390 2401 2451 in
2438 2410 2555 2471 quo
2595 2389 2698 2452 Dei
2723 2390 2910 2453 Filius
2941 2392 3226 2454 Dominus
3252 2401 3454 2453 noster
3481 2395 3650 2456 Jesus

260 2477 465 2548 autem
491 2482 563 2544 ad
587 2481 646 2544 id
669 2481 975 2542 visendum
1001 2497 1212 2558 magna
1240 2479 1548 2539 hominum
1583 2477 1919 2552 multitudo,
2007 2479 2276 2540 Christus
2306 2498 2371 2541 se
2427 2479 2603 2542 talem
2663 2479 2835 2541 nobis
2893 2479 3368 2542 manducandum
3400 2480 3646 2561 praebet,

263 2574 368 2656 qui
399 2591 530 2635 rem
564 2580 681 2634 tam
710 2569 1059 2650 stupendam
1094 2569 1392 2629 intuentes
1421 2577 1924 2656 summumiatque
2006 2568 2238 2648 qualem
2277 2586 2348 2630 ex
2379 2567 2623 2648 Virgine
2657 2576 2860 2630 natum
2890 2578 2945 2630 et
2978 2569 3334 2632 conﬁtemur
3360 2580 3419 2630 et
3445 2569 3649 2631 credi-

259 2655 740 2742 omnipotentem
771 2658 957 2720 Deum
991 2658 1194 2719 multis
1224 2656 1525 2738 preconiis
1553 2655 1870 2718 laudabant
1901 2677 1914 2715 :
2004 2675 2159 2730 mus,
2192 2657 2345 2738 quod
2376 2658 2643 2739 quisquis
2672 2657 2848 2737 digne
2877 2657 3182 2738 suscipiat,
3216 2657 3521 2724 beatorum
3555 2676 3645 2719 so~

261 2752 381 2828 Qui
399 2745 1302 2829 facitmirabifiamagnasolus
1322 2743 1404 2802 20.
1432 2747 1746 2824 Postquam
1778 2762 1920 2806 vero
2002 2743 2198 2806 cietati
2257 2745 2708 2826 numerabitur;
2769 2745 2871 2827 qui
2926 2763 3066 2810 vero
3121 2746 3387 2827 indigne,
3421 2753 3649 2809 aeterno

258 2840 410 2905 tanti
445 2835 724 2900 miraculi
746 2836 1096 2914 famalonge
1115 2834 1348 2915 lateque
1388 2833 1600 2894 diﬁ‘usa
1630 2839 1741 2906 est,
1779 2851 1917 2912 pre-
2000 2833 2292 2915 supplicio
2321 2833 2931 2916 deputabitur.Deum
2955 2834 3153 2917 itaque
3185 2836 3345 2918 pium
3381 2845 3440 2898 et
3469 2835 3648 2898 mise-

252 2931 479 2993 tiosum
515 2927 662 2988 illud
685 2943 901 3005 corpus
945 2923 1278 2986 Christiano
1311 2941 1475 2985 more
1503 2921 1919 2984 ecclesiasticae
2003 2922 2298 2984 ricordem
2321 2923 2610 2986 orandum
2631 2923 2888 2986 arbitror
2911 2932 2968 2986 et
2988 2924 3210 2987 sanctis
3233 2924 3514 3005 operibus
3529 2925 3650 3006 pla-

258 3013 1004 3100 sepulturretradidemnt.
1045 3011 1232 3075 Locus
1260 3019 1454 3073 autem
1484 3011 1743 3100 sepulcri
1769 3030 1916 3092 pau-
1999 3011 2276 3100 candum,
2335 3020 2399 3073 ut
2449 3012 2631 3074 corda
2678 3021 2882 3075 nostra
2925 3031 3048 3075 suae
3099 3013 3300 3093 gratia;
3329 3014 3648 3095 splendore

259 3098 348 3171 cis
377 3105 658 3186 cognitus
717 3121 848 3164 esse
905 3102 1147 3182 dicitur,
1202 3101 1382 3182 idque
1440 3118 1511 3161 ea
1539 3099 1754 3161 factum
1787 3098 2314 3173 esseCilluminet,
2337 3108 2622 3183 actusque
2646 3110 2880 3164 nostros
2906 3102 2965 3163 in
2995 3102 3208 3166 semita
3235 3105 3646 3165 mandatorum

263 3196 513 3268 ratione,
549 3213 626 3257 ne
674 3192 1010 3254 inﬁdelium
1069 3191 1266 3251 furore
1318 3198 1494 3268 atque
1543 3190 1764 3268 impetu
1799 3196 1913 3250 tam
1999 3206 2240 3250 suorum
2273 3188 2360 3250 sic
2389 3189 2605 3270 dirigat
2661 3209 2729 3252 ac
2789 3190 3087 3272 disponat,
3149 3201 3211 3253 ut
3242 3211 3376 3254 cum
3412 3192 3582 3254 nobis
3613 3213 3647 3254 e

270 3293 565 3363 sanctum,
598 3292 712 3343 tam
746 3280 1120 3362 praeclarum,
1159 3287 1397 3357 tamque
1430 3275 1663 3356 insigne
1695 3277 1916 3338 monile
1997 3278 2117 3340 vita
2146 3278 2256 3340 hac
2288 3277 2476 3356 fragili
2518 3279 2888 3359 migrandum
2945 3279 3148 3354 fuerit,
3181 3281 3260 3342 ita
3283 3281 3461 3361 digne
3489 3281 3643 3343 istud

271 3373 542 3436 Ecclesia
571 3371 866 3454 perderet.
930 3371 1194 3446 Longum
1255 3366 1434 3428 nimis
1493 3373 1650 3454 esset
1687 3367 1915 3454 referre
1995 3366 3644 3448 admirabilesacramentumsuscipiamus,utsanctissi-

274 3452 588 3523 beneﬁcia
647 3479 772 3541 quae
854 3457 1145 3536 benignus
1203 3455 1490 3519 Dominus
1541 3452 1914 3516 visitantibus
1996 3475 2093 3517 mo
2116 3455 2198 3516 illi
2224 3455 2527 3517 beatorum
2551 3457 2865 3538 spirituum
2888 3457 3095 3536 ccetui,
3122 3459 3248 3538 ipso
3281 3477 3388 3519 nos
3419 3459 3493 3520 ad
3526 3468 3641 3520 tam

267 3550 440 3612 illam
471 3567 690 3611 sacram
733 3547 925 3611 aedem
977 3564 1083 3608 sua
1139 3543 1406 3606 bonitate
1457 3543 1746 3624 largitur;
1777 3561 1912 3605 nam
1996 3561 2204 3607 suaves
2233 3545 2437 3626 epulas
2467 3546 2750 3609 invitante
2789 3546 3090 3627 aggregari
3123 3565 3480 3609 mereamur.

347 3727 411 3780 ³ο
437 3727 595 3792 Psal.
627 3744 790 3802 un,
821 3728 920 3789 18.

267 3883 3604 3942 ὼ

1630 4115 1793 4165 ANNO
1835 4115 2043 4164 DOMINI
2084 4113 2277 4162 MXLIII

489 4291 1271 4465 ALEXII
1391 4288 2925 4463 PATRIARCH/E
3048 4294 3374 4466 GP.

1000 4594 2090 4693 CONSTITUTIONES
2181 4595 2904 4694 SYNOD.\LES

395 4804 548 4871 Vide
607 4799 883 4881 hujusce
942 4793 1292 4875 Patrologiae
1348 4793 1570 4858 Gawcze
1621 4803 1768 4858 tom.
1826 4793 2022 4870 CXIX,
2080 4793 2140 4856 in
2200 4794 2553 4858 collectione
2611 4797 3042 4860 sententiarum
3093 4796 3461 4878 synodalium

1329 4926 1797 5010 patriarcharum
1836 4926 1973 5006 (ΞΡ,
2007 4927 2122 4992 col.
2153 4926 2274 4993 743
2304 4938 2363 4993 et
2399 4927 2550 4993 1009
