4154 6390
528 331 647 397 287

1823 328 2130 393 SYMEON
2174 330 2476 394 JUNIOR.

3792 333 3915 397 288

1944 637 2107 685 ANNO
2149 636 2356 685 DOMINI
2402 639 2503 685 ML.

1057 839 2165 1010 DEMETRII

2286 839 2711 1013 SYN
2730 843 3371 1017 CELLI

1754 1144 2093 1212 CYZICENI
2145 1146 2699 1215 METROPOLITZE

769 1290 1882 1452 RESPONSIONES
1962 1338 2161 1448 DE
2237 1343 2783 1451 NUPTllS
2864 1344 3670 1454 PROHlBlTlS

1533 1540 1669 1606 Vide
1697 1541 2055 1620 Patrologiae
2085 1547 2128 1606 t.
2163 1540 2380 1618 CXIX,
2413 1544 2527 1607 col.
2559 1541 2917 1606 4098-1115

528 1670 814 1731 Libellum
842 1672 915 1732 de
939 1673 1146 1733 haresi
1175 1674 1584 1741 Jacobitarum,
1620 1690 1722 1733 seu
1754 1674 1823 1732 de
1851 1677 2026 1735 rebus
2054 1676 2357 1743 Armeniae,
2387 1692 2552 1750 quem
2583 1675 3167 1735 uouuulli.Demetrio
3200 1676 3549 1750 adjudicaut,
3589 1676 3712 1750 jam
3738 1690 3917 1750 supra

1493 1758 1755 1819 dedimus
1781 1763 1840 1819 in
1872 1763 2138 1835 Philippo
2168 1763 2451 1821 Solitario.
2487 1764 2687 1822 Videt.
2721 1763 2969 1821 CXXVII.

2268 1934 2271 1935 ,
2408 1934 2783 1937 huius

2791 1942 3869 1987 __

1956 2115 2112 2163 ANNO
2153 2118 2357 2170 DOMlNl
2400 2125 2495 2171 ιιι.

1245 2306 2157 2527 SYMEON

2308 2282 3199 2489 JUNIOR.

1955 2864 2513 2960 NOTlTlA.

1503 3053 1632 3126 (Leo
1663 3054 1906 3114 Allatius
1936 3057 2016 3115 De
2044 3058 2392 3132 Symeonum
2422 3066 2668 3138 scriptis,
2705 3082 2759 3139 p.
2796 3069 2947 3137 151.)

614 3386 782 3489 Alius
839 3406 882 3489 a_
920 3390 1319 3489 yetaphraste
1378 3402 1501 3489 est
1538 3398 1791 3489 Symeon
1861 3401 2332 3480 praefectusAab
2364 3406 2748 3469 IconoclaSIis
2796 3425 3147 3489 perpessum
3202 3407 3437 3469 venisse
3491 3406 3922 3469 Constantino-

535 3479 885 3541 monasterii
916 3478 1113 3543 Sancti
1146 3482 1454 3547 Mamantis
1487 3485 1546 3547 in
1604 3478 1962 3552 Xerocer'co.
1998 3492 2185 3566 Quid-

534 3568 674 3648 quid
728 3570 864 3632 illos
920 3573 1283 3636 confundant
1339 3578 1637 3658 Josephus
1695 3580 2100 3643 Methonensis
2131 3591 2189 3644 et

535 3659 873 3736 Gretserus,
925 3671 989 3722 ut
1045 3681 1224 3743 supra
1281 3665 1559 3729 iudicavi.
1619 3669 1842 3731 Caatera
1878 3681 2181 3750 praetereo,

535 3754 793 3828 tempus,
826 3769 941 3830 quo
970 3751 1181 3813 vixerit
1232 3755 1540 3835 praefectus
1599 3758 1797 3820 Sancti
1853 3761 2182 3832 Mamantis,

536 3844 763 3898 tantum
784 3840 1086 3901 examino.
1114 3840 1248 3903 Sive
1279 3844 1437 3904 enim
1471 3846 1740 3908 ﬂoruerit
1759 3866 1914 3908 anno
1944 3849 2018 3909 ab
2041 3849 2187 3910 orbe

534 3925 772 4018 condito
803 3928 987 4004 6200,
1035 3936 1099 3991 ut
1153 3931 1327 3992 vertit
1383 3938 1679 3996 Pontanus
1730 3937 1791 3997 in
1854 3936 2043 4016 ipsius
2075 3936 2186 4018 Sy—

536 4015 767 4076 meonis
798 4030 947 4078 orat.
989 4020 1098 4083 l3:
1160 4022 1477 4085 Diabolum
1506 4042 1634 4087 esse
1661 4015 1936 4088 nostrum
1970 4015 2190 4088 hostem

536 4105 715 4165 annis
735 4107 865 4182 jam
895 4107 1031 4187 plus
1084 4112 1281 4174 sexies
1329 4112 1498 4175 mille
1551 4114 1847 4189 ducentis,
1882 4114 1982 4195 qui
2013 4115 2192 4175 fuerit

538 4200 757 4283 nostra;
786 4195 992 4258 salutis
1014 4198 1153 4280 092,
1188 4200 1310 4261 sive
1339 4220 1494 4263 anno
1526 4203 1705 4277 0600,
1753 4204 1972 4265 Christi
2017 4203 2189 4283 1092,

537 4288 602 4342 ut
631 4281 849 4372 habent
904 4305 1111 4349 omnes
1160 4289 1398 4352 codices
1456 4292 1648 4355 ϐπ·ωοί
1711 4293 2097 4372 manuscripti
2131 4281 2192 4354 in

538 4371 745 4433 eadem
804 4373 1087 4439 Oratione
1135 4397 1457 4459 expresse:
1503 4385 1667 4445 Αὐτὸς
1815 4371 2190 4463 ἑξακισχιλίοις

536 4465 623 4519 καὶ
653 4463 967 4542 ἑξακοσίοις,
1028 4472 1117 4526 καὶ
1169 4470 1411 4529 ἐπέκεινα
1470 4474 1666 4529 τούτων
1707 4472 1861 4531 ,ἔτεσι
1920 4471 2191 4548 (impetu;

534 4550 615 4642 ἇξεὶ
666 4552 922 4630 πολέμιος
979 4564 1084 4613 τῶν
1160 4559 1449 4641 ἀνθρώπων
1526 4560 1720 4629 ἄδηλος
1771 4564 1859 4618 καὶ
1917 4563 2132 4642 κρύφιος
2170 4578 2182 4590 '

2270 3498 2488 3577 polim:
2530 3501 2626 3556 Καὶ
2678 3500 2932 3573 Συμεῶνα
2981 3500 3073 3553 τὸν
3132 3497 3476 3575 ὁμολογητὴν
3535 3500 3622 3553 καὶ
3678 3496 3928 3576 θεοφόρον

2269 3587 2397 3666 ὑπὲρ
2484 3595 2588 3642 τῶν
2702 3588 2864 3666 ἁγίων
2972 3587 3187 3642 εἰκόνων
3299 3588 3469 3664 εὕρεῒν
3548 3583 3928 3663 ἐγκεκλεισμέ-

2270 3698 2356 3731 νον
2375 3692 2385 3702 ·
2404 3675 2486 3736 Et
2507 3673 2867 3754 Symconem
2885 3676 3286 3751 confessorem
3308 3676 3599 3752 reperisse
3620 3674 3931 3735 inclusum

2268 3764 2336 3825 iu
2355 3781 2598 3825 carcere
2612 3772 2859 3843 prapler
2870 3781 3078 3825 sacras
3096 3764 3419 3841 imagines.
3439 3762 3717 3841 Nihilque
3730 3773 3931 3824 vetare

2269 3850 2620 3928 Symeonem
2655 3856 2828 3913 istum
2888 3871 2921 3912 a
2978 3850 3261 3929 Gregorio
3321 3851 3548 3912 aditum
3600 3869 3735 3912 esse
3788 3868 3926 3912 eum

2269 3940 2491 4021 ipsum,
2528 3960 2704 4021 quem
2735 3942 3077 4022 quaerimus,
3113 3960 3245 4001 cum
3297 3940 3427 4020 ipse
3459 3940 3519 4000 in
3550 3940 3833 4001 exsilium
3866 3956 3927 3999 se

2274 4030 2599 4109 projectum
2652 4048 2785 4091 esse
2839 4029 3072 4089 duobus
3128 4028 3275 4089 locis
3320 4037 3627 4102 testetur;
3688 4047 3813 4089 uno
3870 4029 3929 4087 in

2275 4118 2675 4193 Orationibus,
2707 4120 2898 4180 altero
2930 4118 2990 4179 in
3021 4116 3659 4196 Commentationibus,
3694 4115 3930 4177 tametsi

2275 4225 2508 4269 causam
2574 4216 2780 4269 taceat.
2843 4208 2926 4269 De
3005 4206 3278 4286 martyrio
3349 4226 3585 4289 quoque
3641 4205 3933 4286 Stephani

2273 4294 2539 4358 Junioris
2574 4298 2731 4378 loqui
2765 4307 3045 4377 tanquam
3079 4296 3151 4357 de
3211 4315 3276 4358 re
3333 4297 3505 4376 plane
3537 4316 3642 4357 suo
3674 4314 3801 4357 aevo
3836 4313 3929 4357 re-

2276 4387 2431 4447 centi
2460 4406 2476 4462 ;
2534 4385 2669 4447 licet
2721 4386 2881 4447 enim
2916 4385 3014 4465 qui
3048 4384 3154 4445 sub
3187 4384 3506 4448 Justitiano
3536 4384 3929 4445 Rhinotmelo

2275 4474 2502 4536 vivebat
2544 4494 2702 4536 anno
2735 4475 2969 4536 Domini
3001 4474 3142 4547 692,
3176 4473 3432 4553 potuerit
3462 4473 3653 4534 adhuc
3693 4472 3751 4533 in
3790 4471 3934 4533 vivis

2275 4583 2405 4625 esse
2446 4583 2578 4625 cum
2604 4564 2720 4626 Leo
2746 4563 2984 4625 Isaurus
3023 4562 3341 4642 imperium
3372 4562 3700 4642 occupavit,
3739 4579 3930 4622 annos

536 4639 1796 4755 Semiesnlzilleseia'centisxtumpliusannis
1812 4639 2252 4755 semperper-B
2274 4664 2404 4733 post
2436 4654 2879 4715 Bhinotmetum
2914 4639 3125 4731 viginti
3167 4652 3429 4732 quinque
3458 4672 3473 4727 ;
3524 4639 3587 4711 et
3620 4652 3669 4711 si
3698 4651 3931 4712 diutur-

534 4733 749 4822 sz'stens
780 4733 969 4796 hostis
990 4735 1311 4800 hominum
1342 4741 1584 4818 ignotus
1616 4746 1793 4821 atque
1822 4740 2103 4802 occultus.
2139 4738 2189 4799 A
2208 4733 2252 4755 "
2273 4744 2501 4804 niorem
2534 4761 2769 4822 quoque
2782 4741 2954 4801 vitam
2972 4740 3697 4820 duxisset,Conronymum
3731 4740 3927 4820 ipsum

536 4821 845 4911 Symeonis
876 4827 1266 4908 Metapbraste
1297 4836 1466 4891 astate
1526 4830 1693 4892 abest
1752 4849 1927 4911 quam
1959 4829 2180 4908 longis-

537 4910 708 4985 sime,
733 4913 834 4994 qui
856 4913 1016 4976 circa
1037 4924 1304 4997 tempora
1335 4919 1549 4981 Leonis
1578 4910 1785 4982 Basilii
1810 4921 1914 4981 lilii
1949 4928 2184 4982 :clatem

534 4999 743 5078 agebat.
771 5000 929 5065 circa
949 5022 1168 5068 annum
1214 5007 1453 5070 Domini
1501 5011 1643 5073 886.
1679 5009 1747 5072 Et
1778 5009 1977 5071 inania
2014 5008 2190 5089 plane

536 5097 831 5171 suntquae
861 5092 1213 5171 afferuntur,
1261 5096 1615 5179 Symeonem
1677 5101 1835 5161 hunc
1886 5098 2032 5177 ipsis
2069 5100 2192 5160 [co-

536 5180 967 5269 nomachorum
1003 5185 1404 5269 temporibus,
1434 5188 1526 5249 vel
1577 5195 1739 5250 certe
1787 5201 1919 5268 post
1945 5186 2075 5268 ipsa
2107 5185 2196 5246 vi-

536 5269 719 5343 xisse,
779 5268 889 5360 sub
945 5272 1145 5338 Leone
1201 5268 1461 5341 Isaurico
1518 5288 1579 5342 et
1636 5281 2045 5360 Copronymo:
2101 5276 2195 5337 vel

535 5364 699 5419 certe
722 5358 831 5421 sub
851 5366 1051 5428 Leone
1072 5368 1364 5445 Armeno,
1390 5369 1677 5432 Michaele
1697 5358 1904 5441 Balbo,
1922 5377 1981 5428 et
2005 5365 2197 5428 Theo-

537 5446 726 5540 philo,
759 5451 861 5531 qui
892 5470 1102 5518 omnes
1131 5475 1268 5519 cum
1320 5458 1681 5540 imaginibus
1730 5458 1887 5520 bella
1917 5474 2190 5538 gessere.

533 5538 753 5630 lflzeuite
782 5550 1069 5622 pmterea
1096 5553 1256 5621 sunt,
1286 5566 1418 5630 quae
1446 5538 1521 5609 ad
1578 5546 1889 5630 Symeonis
1918 5546 2182 5628 proban-

534 5629 673 5692 dam
720 5640 983 5713 aatatem,
1014 5653 1086 5698 ex
1140 5629 1491 5720 Menologiis
1548 5629 1887 5702 Graecorum
1948 5636 2047 5699 die
2102 5634 2186 5700 20

533 5722 682 5792 Nov.
716 5724 1004 5805 referunt,
1066 5726 1414 5808 Gregorium
1475 5726 1968 5811 Decapolitanum
2001 5725 2189 5791 multa

2272 4832 2562 4909 attingere
2591 4848 2783 4893 annos
2814 4839 2950 4911 post
2983 4828 3259 4889 eumdem
3299 4826 3744 4889 Rhinotmetum
3781 4846 3929 4910 qua-

2274 4920 2542 4999 draginta
2593 4938 2830 4993 novem,
2894 4923 3057 4980 certe
3117 4916 3225 4978 sub
3296 4919 3494 4979 Leone
3558 4919 3825 4979 Armeno
3879 4923 3936 4978 et

2275 5012 2481 5084 Balbo,
2542 5018 2602 5071 et
2652 5008 2987 5088 Thcophilo
3070 5010 3200 5087 ipse
3256 5014 3487 5068 aetatem
3547 5008 3927 5087 protraxisse,

2277 5098 2397 5160 nisi
2426 5098 2689 5183 insanire
2728 5098 3007 5170 velimus,
3041 5114 3158 5157 non
3191 5095 3378 5175 potuit
3405 5114 3592 5156 annos
3622 5104 3757 5174 post
3784 5094 3932 5157 Rhi-

2280 5196 2602 5250 netmetum
2625 5189 2726 5249 I37
2752 5187 3109 5267 etStephani
3132 5183 3395 5247 Junioris
3419 5185 3494 5245 ob
3520 5183 3929 5245 defensionem

2280 5295 2580 5338 sacrarum
2612 5277 2937 5356 imaginum
2972 5274 3267 5336 interfecti
3299 5273 3664 5335 meminisse.

2361 5366 2553 5440 Quare
2612 5369 2848 5448 exploso
2911 5366 3102 5447 primo
3158 5365 3272 5425 hoc
3322 5382 3571 5426 numero
3626 5364 3699 5425 ad
3762 5362 3922 5423 illum

2280 5477 2458 5539 quem
2510 5457 2749 5520 codices
2797 5454 3495 5539 Graeci’repraasentant,
3558 5450 3929 5533 apertissime

2279 5547 2712 5610 recurrendum
2745 5554 2852 5607 est.
2887 5544 3058 5605 Hunc
3114 5560 3331 5623 nempe
3390 5540 3744 5623 Symeonem
3776 5555 3927 5602 anno

2276 5636 2482 5698 mundi
2517 5635 2697 5712 6600,
2732 5632 2952 5699 Christi
2986 5629 3161 5711 1052,
3212 5631 3368 5694 infra
3398 5631 3575 5695 etiam
3608 5627 3929 5693 nonnullos

2274 5724 2447 5803 alios,
2481 5743 2559 5788 ne
2615 5733 2847 5788 temere
2896 5720 3043 5785 illud
3100 5720 3344 5780 ἂπέκεινα
3404 5722 3737 5803 projectum
3799 5732 3929 5781 esse
