  <div class='ocr_page' id='page_1' title='image "/cluster/home/n/w/nwhite01/storage/ocr_20150623/120/coo.31924054870245/155.png"; bbox 0 0 4154 6406; ppageno 0'>
   <div class='ocr_carea' id='block_1_1' title="bbox 421 359 544 427">
    <p class='ocr_par' dir='ltr' id='par_1_1' title="bbox 421 359 544 427">
     <span class='ocr_line' id='line_1_1' title="bbox 421 359 544 427; baseline 0.016 -2"><span class='ocrx_word' id='word_1_1' title='bbox 421 359 544 427; x_wconf 75' lang='lat'>295</span> 
     </span>
    </p>
   </div>
   <div class='ocr_carea' id='block_1_2' title="bbox 1778 355 2436 427">
    <p class='ocr_par' dir='ltr' id='par_1_2' title="bbox 1778 355 2436 427">
     <span class='ocr_line' id='line_1_2' title="bbox 1778 355 2436 427; baseline -0.003 0"><span class='ocrx_word' id='word_1_2' title='bbox 1778 356 2088 427; x_wconf 87' lang='lat' dir='ltr'>SYMEON</span> <span class='ocrx_word' id='word_1_3' title='bbox 2128 355 2436 427; x_wconf 79' lang='lat' dir='ltr'>JUNIOR.</span> 
     </span>
    </p>
   </div>
   <div class='ocr_carea' id='block_1_3' title="bbox 3693 346 3824 420">
    <p class='ocr_par' dir='ltr' id='par_1_3' title="bbox 3693 346 3824 420">
     <span class='ocr_line' id='line_1_3' title="bbox 3693 346 3824 420; baseline 0 0"><span class='ocrx_word' id='word_1_4' title='bbox 3693 346 3824 420; x_wconf 81' lang='lat'>296</span> 
     </span>
    </p>
   </div>
   <div class='ocr_carea' id='block_1_4' title="bbox 420 486 3821 606">
    <p class='ocr_par' dir='ltr' id='par_1_4' title="bbox 420 486 3821 606">
     <span class='ocr_line' id='line_1_4' title="bbox 420 486 3821 606; baseline -0.002 -25"><span class='ocrx_word' id='word_1_5' title='bbox 420 526 517 604; x_wconf 67' lang='grc' dir='ltr'>μὶν</span> <span class='ocrx_word' id='word_1_6' title='bbox 575 525 664 583; x_wconf 85' lang='grc' dir='ltr'>οῦν</span> <span class='ocrx_word' id='word_1_7' title='bbox 719 522 1150 603; x_wconf 79' lang='grc' dir='ltr'>ἀπολογήσασθαι</span> <span class='ocrx_word' id='word_1_8' title='bbox 1206 486 1293 582; x_wconf 69' lang='grc' dir='ltr'>καὶ</span> <span class='ocrx_word' id='word_1_9' title='bbox 1362 525 1533 582; x_wconf 69' lang='grc' dir='ltr'>εἰπεῖν</span> <span class='ocrx_word' id='word_1_10' title='bbox 1589 521 1691 580; x_wconf 81' lang='grc' dir='ltr'>²έδει</span> <span class='ocrx_word' id='word_1_11' title='bbox 1747 525 1877 604; x_wconf 74' lang='grc' dir='ltr'>πρὸς</span> <span class='ocrx_word' id='word_1_12' title='bbox 1946 527 2255 589; x_wconf 77' lang='grc' dir='ltr'>τοῖςΑπου</span> <span class='ocrx_word' id='word_1_13' title='bbox 2298 522 2393 580; x_wconf 72' lang='grc' dir='ltr'>οῦκ</span> <span class='ocrx_word' id='word_1_14' title='bbox 2434 520 2646 606; x_wconf 69' lang='grc' dir='ltr'>ἀνέϐη,</span> <span class='ocrx_word' id='word_1_15' title='bbox 2707 525 2796 589; x_wconf 89' lang='grc' dir='ltr'>Τίς</span> <span class='ocrx_word' id='word_1_16' title='bbox 2852 521 2907 580; x_wconf 74' lang='grc' dir='ltr'>δὲ</span> <span class='ocrx_word' id='word_1_17' title='bbox 2960 523 3048 580; x_wconf 79' lang='grc' dir='ltr'>καὶ</span> <span class='ocrx_word' id='word_1_18' title='bbox 3101 527 3217 587; x_wconf 90' lang='grc' dir='ltr'>πῶς</span> <span class='ocrx_word' id='word_1_19' title='bbox 3270 519 3440 593; x_wconf 73' lang='grc' dir='ltr'>ἔσται,</span> <span class='ocrx_word' id='word_1_20' title='bbox 3490 518 3580 576; x_wconf 81' lang='grc' dir='ltr'>καὶ</span> <span class='ocrx_word' id='word_1_21' title='bbox 3606 516 3749 575; x_wconf 75' lang='grc' dir='ltr'>ἔστιν</span> <span class='ocrx_word' id='word_1_22' title='bbox 3775 516 3821 585; x_wconf 72' lang='grc' dir='ltr'><strong>ἡ</strong></span> 
     </span>
    </p>
   </div>
   <div class='ocr_carea' id='block_1_5' title="bbox 418 612 1099 689">
    <p class='ocr_par' dir='ltr' id='par_1_5' title="bbox 418 612 1099 689">
     <span class='ocr_line' id='line_1_5' title="bbox 418 612 1099 689; baseline 0.003 -18"><span class='ocrx_word' id='word_1_23' title='bbox 418 612 912 689; x_wconf 80' lang='grc' dir='ltr'>ἁντιδιατιθεμένοις</span> <span class='ocrx_word' id='word_1_24' title='bbox 940 616 1099 689; x_wconf 79' lang='grc' dir='ltr'>ἡμῖν.</span> 
     </span>
    </p>
   </div>
   <div class='ocr_carea' id='block_1_6' title="bbox 497 698 2075 782">
    <p class='ocr_par' dir='ltr' id='par_1_6' title="bbox 497 698 2075 782">
     <span class='ocr_line' id='line_1_6' title="bbox 497 698 2075 782; baseline -0.004 -17"><span class='ocrx_word' id='word_1_25' title='bbox 497 700 776 764; x_wconf 76' lang='lat' dir='ltr'>XXXVII.</span> <span class='ocrx_word' id='word_1_26' title='bbox 834 703 958 782; x_wconf 82' lang='grc' dir='ltr'>Περὶ</span> <span class='ocrx_word' id='word_1_27' title='bbox 1013 708 1113 769; x_wconf 89' lang='grc' dir='ltr'>τῆς</span> <span class='ocrx_word' id='word_1_28' title='bbox 1170 698 1519 781; x_wconf 79' lang='grc' dir='ltr'>παραϐάσεως</span> <span class='ocrx_word' id='word_1_29' title='bbox 1572 704 1661 759; x_wconf 84' lang='grc' dir='ltr'>καὶ</span> <span class='ocrx_word' id='word_1_30' title='bbox 1731 700 1928 781; x_wconf 79' lang='grc' dir='ltr'>ἐξορίας</span> <span class='ocrx_word' id='word_1_31' title='bbox 1981 707 2075 759; x_wconf 93' lang='grc' dir='ltr'>τοῦ</span> 
     </span>
    </p>
   </div>
   <div class='ocr_carea' id='block_1_7' title="bbox 420 788 2072 868">
    <p class='ocr_par' dir='ltr' id='par_1_7' title="bbox 420 788 2072 868">
     <span class='ocr_line' id='line_1_7' title="bbox 420 788 2072 868; baseline -0.001 -19"><span class='ocrx_word' id='word_1_32' title='bbox 420 788 608 868; x_wconf 82' lang='grc' dir='ltr'>Ἀδάμ.</span> <span class='ocrx_word' id='word_1_33' title='bbox 666 800 726 854; x_wconf 88' lang='grc' dir='ltr'>Ρ.</span> <span class='ocrx_word' id='word_1_34' title='bbox 795 788 945 848; x_wconf 87' lang='grc' dir='ltr'>Ἐπεὶ</span> <span class='ocrx_word' id='word_1_35' title='bbox 996 789 1050 847; x_wconf 72' lang='grc' dir='ltr'>δὲ</span> <span class='ocrx_word' id='word_1_36' title='bbox 1106 793 1193 847; x_wconf 81' lang='grc' dir='ltr'>καὶ</span> <span class='ocrx_word' id='word_1_37' title='bbox 1238 791 1401 866; x_wconf 90' lang='grc' dir='ltr'>νόμον</span> <span class='ocrx_word' id='word_1_38' title='bbox 1445 790 1629 855; x_wconf 76' lang='grc' dir='ltr'>αὒτοῖς</span> <span class='ocrx_word' id='word_1_39' title='bbox 1686 788 1929 867; x_wconf 84' lang='grc' dir='ltr'>δέδωκεν,</span> <span class='ocrx_word' id='word_1_40' title='bbox 1990 790 2072 848; x_wconf 87' lang='grc' dir='ltr'>ἐν-</span> 
     </span>
    </p>
   </div>
   <div class='ocr_carea' id='block_1_8' title="bbox 417 876 1591 961">
    <p class='ocr_par' dir='ltr' id='par_1_8' title="bbox 417 876 1591 961">
     <span class='ocr_line' id='line_1_8' title="bbox 417 876 1591 961; baseline 0 -25"><span class='ocrx_word' id='word_1_41' title='bbox 417 879 727 956; x_wconf 87' lang='grc' dir='ltr'>τειλάμενος</span> <span class='ocrx_word' id='word_1_42' title='bbox 759 880 836 956; x_wconf 79' lang='grc' dir='ltr'>μῆ</span> <span class='ocrx_word' id='word_1_43' title='bbox 868 893 1061 961; x_wconf 74' lang='grc' dir='ltr'>φαγεῖν</span> <span class='ocrx_word' id='word_1_44' title='bbox 1093 880 1254 956; x_wconf 81' lang='grc' dir='ltr'>μόνου</span> <span class='ocrx_word' id='word_1_45' title='bbox 1296 889 1387 938; x_wconf 88' lang='grc' dir='ltr'>τοῦ</span> <span class='ocrx_word' id='word_1_46' title='bbox 1417 876 1591 945; x_wconf 79' lang='grc' dir='ltr'>ξύλου.</span> 
     </span>
    </p>
   </div>
   <div class='ocr_carea' id='block_1_9' title="bbox 496 965 2071 1047">
    <p class='ocr_par' dir='ltr' id='par_1_9' title="bbox 496 965 2071 1047">
     <span class='ocr_line' id='line_1_9' title="bbox 496 965 2071 1047; baseline -0.004 -16"><span class='ocrx_word' id='word_1_47' title='bbox 496 965 807 1030; x_wconf 77' lang='lat' dir='ltr'>XXXVIII.</span> <span class='ocrx_word' id='word_1_48' title='bbox 855 969 979 1047; x_wconf 84' lang='grc' dir='ltr'>Περὶ</span> <span class='ocrx_word' id='word_1_49' title='bbox 1040 973 1139 1035; x_wconf 85' lang='grc' dir='ltr'>τῆς</span> <span class='ocrx_word' id='word_1_50' title='bbox 1194 974 1287 1024; x_wconf 88' lang='grc' dir='ltr'>τοῦ</span> <span class='ocrx_word' id='word_1_51' title='bbox 1344 966 1550 1047; x_wconf 33' lang='grc' dir='ltr'>Λόγουῄ</span> <span class='ocrx_word' id='word_1_52' title='bbox 1586 967 1924 1046; x_wconf 88' lang='grc' dir='ltr'>σαρκώσεως,</span> <span class='ocrx_word' id='word_1_53' title='bbox 1983 968 2071 1025; x_wconf 83' lang='grc' dir='ltr'>καὶ</span> 
     </span>
    </p>
   </div>
   <div class='ocr_carea' id='block_1_10' title="bbox 417 1040 2065 1138">
    <p class='ocr_par' dir='ltr' id='par_1_10' title="bbox 417 1040 2065 1138">
     <span class='ocr_line' id='line_1_10' title="bbox 417 1040 2065 1138; baseline 0.001 -25"><span class='ocrx_word' id='word_1_54' title='bbox 417 1058 533 1113; x_wconf 90' lang='grc' dir='ltr'>τίνα</span> <span class='ocrx_word' id='word_1_55' title='bbox 562 1058 756 1137; x_wconf 84' lang='grc' dir='ltr'>τρόπον</span> <span class='ocrx_word' id='word_1_56' title='bbox 786 1054 851 1112; x_wconf 88' lang='grc' dir='ltr'>δι’</span> <span class='ocrx_word' id='word_1_57' title='bbox 880 1040 1024 1131; x_wconf 77' lang='grc' dir='ltr'>ἡμᾶς</span> <span class='ocrx_word' id='word_1_58' title='bbox 1056 1056 1352 1134; x_wconf 83' lang='grc' dir='ltr'>ἐσαρκώθη.</span> <span class='ocrx_word' id='word_1_59' title='bbox 1525 1040 1640 1115; x_wconf 57' lang='lat' dir='ltr'>c&#39;01::</span> <span class='ocrx_word' id='word_1_60' title='bbox 1657 1040 1721 1113; x_wconf 45' lang='grc' dir='ltr'>’δὲ</span> <span class='ocrx_word' id='word_1_61' title='bbox 1765 1060 1793 1114; x_wconf 90' lang='lat'>0</span> <span class='ocrx_word' id='word_1_62' title='bbox 1821 1040 2065 1138; x_wconf 76' lang='grc' dir='ltr'>κολοφὼν</span> 
     </span>
    </p>
   </div>
   <div class='ocr_carea' id='block_1_11' title="bbox 419 1142 1234 1223">
    <p class='ocr_par' dir='ltr' id='par_1_11' title="bbox 419 1142 1234 1223">
     <span class='ocr_line' id='line_1_11' title="bbox 419 1142 1234 1223; baseline 0.001 -24"><span class='ocrx_word' id='word_1_63' title='bbox 419 1143 702 1223; x_wconf 76' lang='grc' dir='ltr'>ἐπληρώθη</span> <span class='ocrx_word' id='word_1_64' title='bbox 731 1149 829 1211; x_wconf 87' lang='grc' dir='ltr'>τῆς</span> <span class='ocrx_word' id='word_1_65' title='bbox 863 1142 996 1222; x_wconf 76' lang='grc' dir='ltr'>ἄγαν</span> <span class='ocrx_word' id='word_1_66' title='bbox 1025 1145 1234 1207; x_wconf 84' lang='grc' dir='ltr'>κακίας.</span> 
     </span>
    </p>
   </div>
   <div class='ocr_carea' id='block_1_12' title="bbox 494 1230 2066 1310">
    <p class='ocr_par' dir='ltr' id='par_1_12' title="bbox 494 1230 2066 1310">
     <span class='ocr_line' id='line_1_12' title="bbox 494 1230 2066 1310; baseline 0.001 -21"><span class='ocrx_word' id='word_1_67' title='bbox 494 1230 748 1295; x_wconf 79' lang='lat' dir='ltr'>XXXIX.</span> <span class='ocrx_word' id='word_1_68' title='bbox 810 1239 931 1296; x_wconf 81' lang='grc' dir='ltr'>Πῶς</span> <span class='ocrx_word' id='word_1_69' title='bbox 974 1232 1116 1297; x_wconf 76' lang='grc' dir='ltr'>αὗθις</span> <span class='ocrx_word' id='word_1_70' title='bbox 1175 1235 1210 1301; x_wconf 78' lang='grc' dir='ltr'>ἡ</span> <span class='ocrx_word' id='word_1_71' title='bbox 1265 1235 1433 1296; x_wconf 78' lang='grc' dir='ltr'>κτίσις</span> <span class='ocrx_word' id='word_1_72' title='bbox 1488 1238 1633 1289; x_wconf 84' lang='grc' dir='ltr'>πᾶσα</span> <span class='ocrx_word' id='word_1_73' title='bbox 1692 1233 1872 1310; x_wconf 85' lang='grc' dir='ltr'>μέλλει</span> <span class='ocrx_word' id='word_1_74' title='bbox 1932 1234 2066 1291; x_wconf 81' lang='grc' dir='ltr'>ἀνα-</span> 
     </span>
    </p>
   </div>
   <div class='ocr_carea' id='block_1_13' title="bbox 415 1320 2067 1402">
    <p class='ocr_par' dir='ltr' id='par_1_13' title="bbox 415 1320 2067 1402">
     <span class='ocr_line' id='line_1_13' title="bbox 415 1320 2067 1402; baseline -0.001 -21"><span class='ocrx_word' id='word_1_75' title='bbox 415 1326 766 1401; x_wconf 86' lang='grc' dir='ltr'>καινισθῆναι,</span> <span class='ocrx_word' id='word_1_76' title='bbox 824 1323 911 1378; x_wconf 88' lang='grc' dir='ltr'>καὶ</span> <span class='ocrx_word' id='word_1_77' title='bbox 984 1320 1224 1401; x_wconf 82' lang='grc' dir='ltr'>γενέσθαι</span> <span class='ocrx_word' id='word_1_78' title='bbox 1276 1324 1457 1379; x_wconf 82' lang='grc' dir='ltr'>καινὸν</span> <span class='ocrx_word' id='word_1_79' title='bbox 1514 1324 1731 1402; x_wconf 71' lang='grc' dir='ltr'>οὐρανὸν</span> <span class='ocrx_word' id='word_1_80' title='bbox 1801 1326 1888 1380; x_wconf 79' lang='grc' dir='ltr'>καὶ</span> <span class='ocrx_word' id='word_1_81' title='bbox 1940 1346 2067 1380; x_wconf 87' lang='grc' dir='ltr'>και-</span> 
     </span>
    </p>
   </div>
   <div class='ocr_carea' id='block_1_14' title="bbox 417 1407 2068 1488">
    <p class='ocr_par' dir='ltr' id='par_1_14' title="bbox 417 1407 2068 1488">
     <span class='ocr_line' id='line_1_14' title="bbox 417 1407 2068 1488; baseline 0.002 -22"><span class='ocrx_word' id='word_1_82' title='bbox 417 1412 512 1478; x_wconf 83' lang='grc' dir='ltr'>νῆν</span> <span class='ocrx_word' id='word_1_83' title='bbox 540 1415 643 1488; x_wconf 88' lang='grc' dir='ltr'>γῆν</span> <span class='ocrx_word' id='word_1_84' title='bbox 672 1410 807 1466; x_wconf 74' lang='grc' dir='ltr'>κατὰ</span> <span class='ocrx_word' id='word_1_85' title='bbox 834 1411 924 1465; x_wconf 77' lang='grc' dir='ltr'>τὸν</span> <span class='ocrx_word' id='word_1_86' title='bbox 979 1412 1124 1467; x_wconf 73' lang='grc' dir='ltr'>θεῖον</span> <span class='ocrx_word' id='word_1_87' title='bbox 1188 1407 1539 1467; x_wconf 85' lang='grc' dir='ltr'>Ἀπόστολον.</span> <span class='ocrx_word' id='word_1_88' title='bbox 1606 1420 1663 1469; x_wconf 92' lang='lat' dir='ltr'>P.</span> <span class='ocrx_word' id='word_1_89' title='bbox 1728 1411 1892 1469; x_wconf 77' lang='grc' dir='ltr'>Ἀλλὰ</span> <span class='ocrx_word' id='word_1_90' title='bbox 1934 1434 2068 1468; x_wconf 89' lang='grc' dir='ltr'>σκο-</span> 
     </span>
    </p>
   </div>
   <div class='ocr_carea' id='block_1_15' title="bbox 414 1498 1655 1575">
    <p class='ocr_par' dir='ltr' id='par_1_15' title="bbox 414 1498 1655 1575">
     <span class='ocr_line' id='line_1_15' title="bbox 414 1498 1655 1575; baseline 0.001 -20"><span class='ocrx_word' id='word_1_91' title='bbox 414 1501 695 1575; x_wconf 85' lang='grc' dir='ltr'>πήσωμεν,</span> <span class='ocrx_word' id='word_1_92' title='bbox 730 1504 845 1562; x_wconf 89' lang='grc' dir='ltr'>πῶς</span> <span class='ocrx_word' id='word_1_93' title='bbox 872 1500 906 1566; x_wconf 81' lang='grc' dir='ltr'>ἡ</span> <span class='ocrx_word' id='word_1_94' title='bbox 938 1500 1104 1562; x_wconf 89' lang='grc' dir='ltr'>κτίσις</span> <span class='ocrx_word' id='word_1_95' title='bbox 1136 1498 1655 1569; x_wconf 77' lang='grc' dir='ltr'>ἀνακαινισθήσεται.</span> 
     </span>
    </p>
   </div>
   <div class='ocr_carea' id='block_1_16' title="bbox 494 1586 2061 1669">
    <p class='ocr_par' dir='ltr' id='par_1_16' title="bbox 494 1586 2061 1669">
     <span class='ocr_line' id='line_1_16' title="bbox 494 1586 2061 1669; baseline -0.017 -19"><span class='ocrx_word' id='word_1_96' title='bbox 494 1587 614 1649; x_wconf 77' lang='lat' dir='ltr'>XL.</span> <span class='ocrx_word' id='word_1_97' title='bbox 652 1588 783 1644; x_wconf 90' lang='grc' dir='ltr'>Ποία</span> <span class='ocrx_word' id='word_1_98' title='bbox 810 1586 956 1644; x_wconf 82' lang='grc' dir='ltr'>’ἐσται</span> <span class='ocrx_word' id='word_1_99' title='bbox 985 1589 1020 1655; x_wconf 75' lang='grc' dir='ltr'>ἡ</span> <span class='ocrx_word' id='word_1_100' title='bbox 1051 1587 1276 1668; x_wconf 76' lang='grc' dir='ltr'>ἐσχάται</span> <span class='ocrx_word' id='word_1_101' title='bbox 1306 1587 1623 1669; x_wconf 71' lang='grc' dir='ltr'>λαμπρότης</span> <span class='ocrx_word' id='word_1_102' title='bbox 1653 1595 1752 1656; x_wconf 74' lang='grc' dir='ltr'>τῆς</span> <span class='ocrx_word' id='word_1_103' title='bbox 1781 1590 2002 1655; x_wconf 73' lang='grc' dir='ltr'>κτίσεως</span> <span class='ocrx_word' id='word_1_104' title='bbox 2045 1607 2061 1624; x_wconf 91' lang='grc'>.</span> 
     </span>
    </p>
   </div>
   <div class='ocr_carea' id='block_1_17' title="bbox 414 1674 2063 1757">
    <p class='ocr_par' dir='ltr' id='par_1_17' title="bbox 414 1674 2063 1757">
     <span class='ocr_line' id='line_1_17' title="bbox 414 1674 2063 1757; baseline 0.001 -22"><span class='ocrx_word' id='word_1_105' title='bbox 414 1677 467 1735; x_wconf 86' lang='grc' dir='ltr'>ἐν</span> <span class='ocrx_word' id='word_1_106' title='bbox 500 1682 546 1752; x_wconf 82' lang='grc' dir='ltr'>ᾧ</span> <span class='ocrx_word' id='word_1_107' title='bbox 573 1678 661 1733; x_wconf 88' lang='grc' dir='ltr'>καὶ</span> <span class='ocrx_word' id='word_1_108' title='bbox 685 1677 803 1754; x_wconf 82' lang='grc' dir='ltr'>περὶ</span> <span class='ocrx_word' id='word_1_109' title='bbox 832 1674 1075 1754; x_wconf 81' lang='grc' dir='ltr'>ἀγγέλων</span> <span class='ocrx_word' id='word_1_110' title='bbox 1103 1678 1196 1733; x_wconf 81' lang='grc' dir='ltr'>κπὶ</span> <span class='ocrx_word' id='word_1_111' title='bbox 1227 1680 1433 1757; x_wconf 72' lang='grc' dir='ltr'>ψυχῆς.</span> <span class='ocrx_word' id='word_1_112' title='bbox 1470 1687 1529 1739; x_wconf 92' lang='grc' dir='ltr'>Ρ.</span> <span class='ocrx_word' id='word_1_113' title='bbox 1567 1681 1895 1757; x_wconf 82' lang='grc' dir='ltr'>Καθαρθεϊσα</span> <span class='ocrx_word' id='word_1_114' title='bbox 1914 1677 1968 1735; x_wconf 77' lang='grc' dir='ltr'>δὲ</span> <span class='ocrx_word' id='word_1_115' title='bbox 1992 1681 2063 1744; x_wconf 81' lang='grc' dir='ltr'>εἰς</span> 
     </span>
    </p>
   </div>
   <div class='ocr_carea' id='block_1_18' title="bbox 412 1762 1720 1848">
    <p class='ocr_par' dir='ltr' id='par_1_18' title="bbox 412 1762 1720 1848">
     <span class='ocr_line' id='line_1_18' title="bbox 412 1762 1720 1848; baseline -0.002 -24"><span class='ocrx_word' id='word_1_116' title='bbox 412 1766 604 1848; x_wconf 74' lang='grc' dir='ltr'>φθορὰν</span> <span class='ocrx_word' id='word_1_117' title='bbox 632 1765 721 1821; x_wconf 88' lang='grc' dir='ltr'>καὶ</span> <span class='ocrx_word' id='word_1_118' title='bbox 749 1762 982 1821; x_wconf 85' lang='grc' dir='ltr'>δουλείαν</span> <span class='ocrx_word' id='word_1_119' title='bbox 1011 1766 1260 1845; x_wconf 83' lang='grc' dir='ltr'>μετήχθη</span> <span class='ocrx_word' id='word_1_120' title='bbox 1284 1772 1351 1842; x_wconf 73' lang='grc' dir='ltr'>τῇ</span> <span class='ocrx_word' id='word_1_121' title='bbox 1380 1765 1720 1841; x_wconf 87' lang='grc' dir='ltr'>ματαιύτητι,</span> 
     </span>
    </p>
   </div>
   <div class='ocr_carea' id='block_1_19' title="bbox 493 1852 2064 1936">
    <p class='ocr_par' dir='ltr' id='par_1_19' title="bbox 493 1852 2064 1936">
     <span class='ocr_line' id='line_1_19' title="bbox 493 1852 2064 1936; baseline -0.002 -20"><span class='ocrx_word' id='word_1_122' title='bbox 493 1852 640 1916; x_wconf 77' lang='lat' dir='ltr'><strong>XLI.</strong></span> <span class='ocrx_word' id='word_1_123' title='bbox 688 1859 810 1917; x_wconf 93' lang='grc' dir='ltr'>Πῶς</span> <span class='ocrx_word' id='word_1_124' title='bbox 850 1854 1084 1911; x_wconf 77' lang='grc' dir='ltr'>ἐνοῦνται</span> <span class='ocrx_word' id='word_1_125' title='bbox 1139 1861 1216 1928; x_wconf 80' lang='grc' dir='ltr'>τῷ</span> <span class='ocrx_word' id='word_1_126' title='bbox 1273 1858 1483 1928; x_wconf 82' lang='grc' dir='ltr'>Χριστῷ</span> <span class='ocrx_word' id='word_1_127' title='bbox 1524 1855 1612 1911; x_wconf 81' lang='grc' dir='ltr'>καὶ</span> <span class='ocrx_word' id='word_1_128' title='bbox 1670 1856 1806 1936; x_wconf 78' lang='grc' dir='ltr'>Θεῷ,</span> <span class='ocrx_word' id='word_1_129' title='bbox 1863 1857 1953 1913; x_wconf 84' lang='grc' dir='ltr'>καὶ</span> <span class='ocrx_word' id='word_1_130' title='bbox 2008 1856 2064 1913; x_wconf 86' lang='grc' dir='ltr'>ἓν</span> 
     </span>
    </p>
   </div>
   <div class='ocr_carea' id='block_1_20' title="bbox 413 1941 2069 2026">
    <p class='ocr_par' dir='ltr' id='par_1_20' title="bbox 413 1941 2069 2026">
     <span class='ocr_line' id='line_1_20' title="bbox 413 1941 2069 2026; baseline 0.001 -25"><span class='ocrx_word' id='word_1_131' title='bbox 413 1966 649 2026; x_wconf 89' lang='grc' dir='ltr'>γινονται</span> <span class='ocrx_word' id='word_1_132' title='bbox 681 1941 798 2019; x_wconf 87' lang='grc' dir='ltr'>μετ’</span> <span class='ocrx_word' id='word_1_133' title='bbox 843 1943 999 2000; x_wconf 68' lang='grc' dir='ltr'>αὒτοῦ</span> <span class='ocrx_word' id='word_1_134' title='bbox 1054 1945 1247 2007; x_wconf 86' lang='grc' dir='ltr'>πάντες</span> <span class='ocrx_word' id='word_1_135' title='bbox 1306 1948 1351 2000; x_wconf 77' lang='grc' dir='ltr'>οἱ</span> <span class='ocrx_word' id='word_1_136' title='bbox 1399 1944 1565 2022; x_wconf 73' lang='grc' dir='ltr'>ἅγιοι.</span> <span class='ocrx_word' id='word_1_137' title='bbox 1628 1954 1684 2007; x_wconf 87' lang='grc' dir='ltr'>Ρ.</span> <span class='ocrx_word' id='word_1_138' title='bbox 1743 1943 2069 2026; x_wconf 85' lang='grc' dir='ltr'>Ἀρκούντως</span> 
     </span>
    </p>
   </div>
   <div class='ocr_carea' id='block_1_21' title="bbox 414 2031 1531 2111">
    <p class='ocr_par' dir='ltr' id='par_1_21' title="bbox 414 2031 1531 2111">
     <span class='ocr_line' id='line_1_21' title="bbox 414 2031 1531 2111; baseline -0.001 -23"><span class='ocrx_word' id='word_1_139' title='bbox 414 2032 503 2089; x_wconf 86' lang='grc' dir='ltr'>οῦν</span> <span class='ocrx_word' id='word_1_140' title='bbox 546 2032 635 2087; x_wconf 88' lang='grc' dir='ltr'>καὶ</span> <span class='ocrx_word' id='word_1_141' title='bbox 663 2033 855 2093; x_wconf 79' lang='grc' dir='ltr'>ἱκανῶς</span> <span class='ocrx_word' id='word_1_142' title='bbox 898 2031 1014 2111; x_wconf 84' lang='grc' dir='ltr'>περὶ</span> <span class='ocrx_word' id='word_1_143' title='bbox 1042 2032 1240 2087; x_wconf 87' lang='grc' dir='ltr'>τούτων</span> <span class='ocrx_word' id='word_1_144' title='bbox 1272 2032 1531 2095; x_wconf 83' lang='grc' dir='ltr'>εἰπόντες,</span> 
     </span>
    </p>
   </div>
   <div class='ocr_carea' id='block_1_22' title="bbox 493 2116 2071 2200">
    <p class='ocr_par' dir='ltr' id='par_1_22' title="bbox 493 2116 2071 2200">
     <span class='ocr_line' id='line_1_22' title="bbox 493 2116 2071 2200; baseline 0 -19"><span class='ocrx_word' id='word_1_145' title='bbox 493 2116 670 2181; x_wconf 80' lang='lat' dir='ltr'><strong>XLII.</strong></span> <span class='ocrx_word' id='word_1_146' title='bbox 700 2124 822 2181; x_wconf 90' lang='grc' dir='ltr'>Πῶς</span> <span class='ocrx_word' id='word_1_147' title='bbox 873 2117 958 2177; x_wconf 89' lang='grc' dir='ltr'>δεῖ</span> <span class='ocrx_word' id='word_1_148' title='bbox 1009 2118 1355 2200; x_wconf 70' lang='grc' dir='ltr'>πληρωθῆναι</span> <span class='ocrx_word' id='word_1_149' title='bbox 1413 2122 1506 2177; x_wconf 81' lang='grc' dir='ltr'>τὸν</span> <span class='ocrx_word' id='word_1_150' title='bbox 1562 2118 1671 2177; x_wconf 76' lang='grc' dir='ltr'>ἄνω</span> <span class='ocrx_word' id='word_1_151' title='bbox 1725 2121 1947 2198; x_wconf 84' lang='grc' dir='ltr'>κόσμον,</span> <span class='ocrx_word' id='word_1_152' title='bbox 1982 2126 2071 2182; x_wconf 83' lang='grc' dir='ltr'>καὶ</span> 
     </span>
    </p>
   </div>
   <div class='ocr_carea' id='block_1_23' title="bbox 414 2206 2064 2291">
    <p class='ocr_par' dir='ltr' id='par_1_23' title="bbox 414 2206 2064 2291">
     <span class='ocr_line' id='line_1_23' title="bbox 414 2206 2064 2291; baseline 0.002 -25"><span class='ocrx_word' id='word_1_153' title='bbox 414 2211 604 2271; x_wconf 80' lang='grc' dir='ltr'>ὁποῖός</span> <span class='ocrx_word' id='word_1_154' title='bbox 660 2207 738 2269; x_wconf 86' lang='grc' dir='ltr'>τίς</span> <span class='ocrx_word' id='word_1_155' title='bbox 794 2206 929 2288; x_wconf 85' lang='grc' dir='ltr'>ἐστι,</span> <span class='ocrx_word' id='word_1_156' title='bbox 1000 2209 1088 2264; x_wconf 83' lang='grc' dir='ltr'>καὶ</span> <span class='ocrx_word' id='word_1_157' title='bbox 1170 2210 1284 2267; x_wconf 86' lang='grc' dir='ltr'>τίνα</span> <span class='ocrx_word' id='word_1_158' title='bbox 1368 2208 1777 2288; x_wconf 74' lang='grc' dir='ltr'>πληρωθήσεται</span> <span class='ocrx_word' id='word_1_159' title='bbox 1849 2212 2064 2291; x_wconf 88' lang='grc' dir='ltr'>τρόπον.</span> 
     </span>
    </p>
   </div>
   <div class='ocr_carea' id='block_1_24' title="bbox 412 2295 2068 2380">
    <p class='ocr_par' dir='ltr' id='par_1_24' title="bbox 412 2295 2068 2380">
     <span class='ocr_line' id='line_1_24' title="bbox 412 2295 2068 2380; baseline 0.001 -24"><span class='ocrx_word' id='word_1_160' title='bbox 412 2307 471 2360; x_wconf 85' lang='lat' dir='ltr'><strong>P.</strong></span> <span class='ocrx_word' id='word_1_161' title='bbox 508 2295 674 2353; x_wconf 85' lang='grc' dir='ltr'>Ἀλλὰ</span> <span class='ocrx_word' id='word_1_162' title='bbox 730 2295 992 2353; x_wconf 86' lang='grc' dir='ltr'>πετάσατέ</span> <span class='ocrx_word' id='word_1_163' title='bbox 1048 2319 1138 2374; x_wconf 89' lang='grc' dir='ltr'>μοι</span> <span class='ocrx_word' id='word_1_164' title='bbox 1193 2298 1287 2361; x_wconf 78' lang='grc' dir='ltr'>τὰς</span> <span class='ocrx_word' id='word_1_165' title='bbox 1345 2297 1508 2361; x_wconf 68' lang='grc' dir='ltr'>ἀκοὰς</span> <span class='ocrx_word' id='word_1_166' title='bbox 1565 2301 1652 2355; x_wconf 88' lang='grc' dir='ltr'>καὶ</span> <span class='ocrx_word' id='word_1_167' title='bbox 1706 2301 1797 2357; x_wconf 82' lang='grc' dir='ltr'>τὸν</span> <span class='ocrx_word' id='word_1_168' title='bbox 1828 2301 2068 2380; x_wconf 79' lang='grc' dir='ltr'>ἡγεμόνα</span> 
     </span>
    </p>
   </div>
   <div class='ocr_carea' id='block_1_25' title="bbox 414 2409 556 2447">
    <p class='ocr_par' dir='ltr' id='par_1_25' title="bbox 414 2409 556 2447">
     <span class='ocr_line' id='line_1_25' title="bbox 414 2409 556 2447; baseline -0.007 -5"><span class='ocrx_word' id='word_1_169' title='bbox 414 2409 534 2443; x_wconf 80' lang='grc' dir='ltr'>νουν</span> <span class='ocrx_word' id='word_1_170' title='bbox 543 2435 556 2447; x_wconf 81' lang='lat'><strong>.</strong></span> 
     </span>
    </p>
   </div>
   <div class='ocr_carea' id='block_1_26' title="bbox 489 2456 2067 2556">
    <p class='ocr_par' dir='ltr' id='par_1_26' title="bbox 489 2456 2067 2556">
     <span class='ocr_line' id='line_1_26' title="bbox 489 2456 2067 2556; baseline 0 -21"><span class='ocrx_word' id='word_1_171' title='bbox 489 2471 692 2537; x_wconf 78' lang='lat' dir='ltr'><strong>XLIII.</strong></span> <span class='ocrx_word' id='word_1_172' title='bbox 760 2456 866 2533; x_wconf 48' lang='grc' dir='ltr'>Ὀτι</span> <span class='ocrx_word' id='word_1_173' title='bbox 921 2477 970 2531; x_wconf 81' lang='grc' dir='ltr'>οἱ</span> <span class='ocrx_word' id='word_1_174' title='bbox 1040 2475 1137 2550; x_wconf 79' lang='grc' dir='ltr'>μὲν</span> <span class='ocrx_word' id='word_1_175' title='bbox 1196 2475 1390 2540; x_wconf 81' lang='grc' dir='ltr'>πάντες</span> <span class='ocrx_word' id='word_1_176' title='bbox 1474 2477 1523 2532; x_wconf 78' lang='grc' dir='ltr'><strong>ὁὶ</strong></span> <span class='ocrx_word' id='word_1_177' title='bbox 1574 2477 1959 2556; x_wconf 81' lang='grc' dir='ltr'>προωρισμένοι</span> <span class='ocrx_word' id='word_1_178' title='bbox 2017 2486 2067 2540; x_wconf 73' lang='grc' dir='ltr'>οἱ</span> 
     </span>
    </p>
   </div>
   <div class='ocr_carea' id='block_1_27' title="bbox 410 2564 2066 2648">
    <p class='ocr_par' dir='ltr' id='par_1_27' title="bbox 410 2564 2066 2648">
     <span class='ocr_line' id='line_1_27' title="bbox 410 2564 2066 2648; baseline 0.002 -27"><span class='ocrx_word' id='word_1_179' title='bbox 410 2566 546 2621; x_wconf 81' lang='grc' dir='ltr'>κατὰ</span> <span class='ocrx_word' id='word_1_180' title='bbox 616 2564 799 2642; x_wconf 75' lang='grc' dir='ltr'>γενεὰν</span> <span class='ocrx_word' id='word_1_181' title='bbox 855 2565 944 2620; x_wconf 82' lang='grc' dir='ltr'>καὶ</span> <span class='ocrx_word' id='word_1_182' title='bbox 1000 2566 1186 2642; x_wconf 78' lang='grc' dir='ltr'>γενεὰν</span> <span class='ocrx_word' id='word_1_183' title='bbox 1246 2567 1599 2646; x_wconf 80' lang='grc' dir='ltr'>τεχθήσονται</span> <span class='ocrx_word' id='word_1_184' title='bbox 1656 2565 1756 2631; x_wconf 77' lang='grc' dir='ltr'>ἕως</span> <span class='ocrx_word' id='word_1_185' title='bbox 1825 2567 2066 2648; x_wconf 79' lang='grc' dir='ltr'>ἐσχάτης</span> 
     </span>
    </p>
   </div>
   <div class='ocr_carea' id='block_1_28' title="bbox 408 2652 2066 2733">
    <p class='ocr_par' dir='ltr' id='par_1_28' title="bbox 408 2652 2066 2733">
     <span class='ocr_line' id='line_1_28' title="bbox 408 2652 2066 2733; baseline 0.001 -24"><span class='ocrx_word' id='word_1_186' title='bbox 408 2654 632 2733; x_wconf 78' lang='grc' dir='ltr'>ἡμέρας,</span> <span class='ocrx_word' id='word_1_187' title='bbox 695 2653 783 2709; x_wconf 80' lang='grc' dir='ltr'>καὶ</span> <span class='ocrx_word' id='word_1_188' title='bbox 838 2652 1244 2733; x_wconf 89' lang='grc' dir='ltr'>πληρωθήσεται</span> <span class='ocrx_word' id='word_1_189' title='bbox 1299 2656 1327 2710; x_wconf 90' lang='lat'>0</span> <span class='ocrx_word' id='word_1_190' title='bbox 1397 2652 1505 2711; x_wconf 76' lang='grc' dir='ltr'>ἅνω</span> <span class='ocrx_word' id='word_1_191' title='bbox 1563 2654 1786 2731; x_wconf 85' lang='grc' dir='ltr'>κόσμος.</span> <span class='ocrx_word' id='word_1_192' title='bbox 1846 2663 1907 2714; x_wconf 88' lang='grc' dir='ltr'>Ρ.</span> <span class='ocrx_word' id='word_1_193' title='bbox 1960 2664 2066 2713; x_wconf 88' lang='grc' dir='ltr'>Τε-</span> 
     </span>
    </p>
   </div>
   <div class='ocr_carea' id='block_1_29' title="bbox 411 2740 1623 2822">
    <p class='ocr_par' dir='ltr' id='par_1_29' title="bbox 411 2740 1623 2822">
     <span class='ocr_line' id='line_1_29' title="bbox 411 2740 1623 2822; baseline 0.003 -23"><span class='ocrx_word' id='word_1_194' title='bbox 411 2746 608 2822; x_wconf 89' lang='grc' dir='ltr'>χθῆναι</span> <span class='ocrx_word' id='word_1_195' title='bbox 641 2740 723 2799; x_wconf 86' lang='grc' dir='ltr'>δεῖ</span> <span class='ocrx_word' id='word_1_196' title='bbox 751 2743 952 2806; x_wconf 81' lang='grc' dir='ltr'>πάντας</span> <span class='ocrx_word' id='word_1_197' title='bbox 982 2741 1103 2807; x_wconf 81' lang='grc' dir='ltr'>τοὺς</span> <span class='ocrx_word' id='word_1_198' title='bbox 1134 2744 1623 2822; x_wconf 78' lang='grc' dir='ltr'>προεγνωσμένους.</span> 
     </span>
    </p>
   </div>
   <div class='ocr_carea' id='block_1_30' title="bbox 490 2823 2063 2912">
    <p class='ocr_par' dir='ltr' id='par_1_30' title="bbox 490 2823 2063 2912">
     <span class='ocr_line' id='line_1_30' title="bbox 490 2823 2063 2912; baseline -0.002 -19"><span class='ocrx_word' id='word_1_199' title='bbox 490 2828 688 2893; x_wconf 79' lang='lat' dir='ltr'><strong>XLIV.</strong></span> <span class='ocrx_word' id='word_1_200' title='bbox 723 2833 810 2895; x_wconf 78' lang='grc' dir='ltr'>Είς</span> <span class='ocrx_word' id='word_1_201' title='bbox 862 2833 922 2888; x_wconf 77' lang='grc' dir='ltr'>τὸ</span> <span class='ocrx_word' id='word_1_202' title='bbox 977 2831 1136 2908; x_wconf 81' lang='grc' dir='ltr'>ῥητὸν</span> <span class='ocrx_word' id='word_1_203' title='bbox 1191 2839 1284 2888; x_wconf 89' lang='grc' dir='ltr'>τοῦ</span> <span class='ocrx_word' id='word_1_204' title='bbox 1339 2832 1659 2912; x_wconf 80' lang='grc' dir='ltr'>Εῦαγγελίου</span> <span class='ocrx_word' id='word_1_205' title='bbox 1706 2848 1721 2862; x_wconf 81' lang='grc'>⁸</span> <span class='ocrx_word' id='word_1_206' title='bbox 1786 2823 2063 2908; x_wconf 73' lang='grc' dir='ltr'>Ὠμαιώθη</span> 
     </span>
    </p>
   </div>
   <div class='ocr_carea' id='block_1_31' title="bbox 406 2919 2063 3001">
    <p class='ocr_par' dir='ltr' id='par_1_31' title="bbox 406 2919 2063 3001">
     <span class='ocr_line' id='line_1_31' title="bbox 406 2919 2063 3001; baseline 0.001 -24"><span class='ocrx_word' id='word_1_207' title='bbox 406 2921 442 2989; x_wconf 79' lang='grc' dir='ltr'>ἡ</span> <span class='ocrx_word' id='word_1_208' title='bbox 487 2920 727 2997; x_wconf 84' lang='grc' dir='ltr'>βασιλεία</span> <span class='ocrx_word' id='word_1_209' title='bbox 781 2927 888 2977; x_wconf 89' lang='grc' dir='ltr'>τῶν</span> <span class='ocrx_word' id='word_1_210' title='bbox 945 2922 1174 2999; x_wconf 71' lang='grc' dir='ltr'>οὐρανῶν</span> <span class='ocrx_word' id='word_1_211' title='bbox 1232 2919 1473 2997; x_wconf 70' lang='grc' dir='ltr'>βασιλεῖ.</span> <span class='ocrx_word' id='word_1_212' title='bbox 1536 2931 1591 2981; x_wconf 89' lang='lat' dir='ltr'>P.</span> <span class='ocrx_word' id='word_1_213' title='bbox 1642 2922 1757 3001; x_wconf 80' lang='grc' dir='ltr'>Χρὴ</span> <span class='ocrx_word' id='word_1_214' title='bbox 1816 2922 1906 2979; x_wconf 82' lang='grc' dir='ltr'>οῦν</span> <span class='ocrx_word' id='word_1_215' title='bbox 1956 2923 2063 2979; x_wconf 78' lang='grc' dir='ltr'>ἀπὸ</span> 
     </span>
    </p>
   </div>
   <div class='ocr_carea' id='block_1_32' title="bbox 405 3008 1713 3089">
    <p class='ocr_par' dir='ltr' id='par_1_32' title="bbox 405 3008 1713 3089">
     <span class='ocr_line' id='line_1_32' title="bbox 405 3008 1713 3089; baseline 0.002 -25"><span class='ocrx_word' id='word_1_216' title='bbox 405 3014 511 3065; x_wconf 90' lang='grc' dir='ltr'>τῶν</span> <span class='ocrx_word' id='word_1_217' title='bbox 542 3008 897 3089; x_wconf 72' lang='grc' dir='ltr'>εὗαγγελικῶν</span> <span class='ocrx_word' id='word_1_218' title='bbox 927 3009 1181 3086; x_wconf 85' lang='grc' dir='ltr'>ῥημάτων</span> <span class='ocrx_word' id='word_1_219' title='bbox 1209 3012 1353 3085; x_wconf 77' lang='grc' dir='ltr'>ἡμᾶς</span> <span class='ocrx_word' id='word_1_220' title='bbox 1384 3008 1713 3088; x_wconf 79' lang='grc' dir='ltr'>ἐνάρξασθαι.</span> 
     </span>
    </p>
   </div>
   <div class='ocr_carea' id='block_1_33' title="bbox 484 3094 2062 3177">
    <p class='ocr_par' dir='ltr' id='par_1_33' title="bbox 484 3094 2062 3177">
     <span class='ocr_line' id='line_1_33' title="bbox 484 3094 2062 3177; baseline -0.001 -20"><span class='ocrx_word' id='word_1_221' title='bbox 484 3094 659 3160; x_wconf 76' lang='lat' dir='ltr'><strong>XLV.</strong></span> <span class='ocrx_word' id='word_1_222' title='bbox 739 3107 832 3156; x_wconf 89' lang='grc' dir='ltr'>Οτι</span> <span class='ocrx_word' id='word_1_223' title='bbox 882 3098 971 3154; x_wconf 86' lang='grc' dir='ltr'>καὶ</span> <span class='ocrx_word' id='word_1_224' title='bbox 1012 3098 1208 3161; x_wconf 87' lang='grc' dir='ltr'>πάντες</span> <span class='ocrx_word' id='word_1_225' title='bbox 1285 3101 1332 3155; x_wconf 75' lang='grc' dir='ltr'>οἱ</span> <span class='ocrx_word' id='word_1_226' title='bbox 1408 3098 1551 3177; x_wconf 76' lang='grc' dir='ltr'>ἅγιοι</span> <span class='ocrx_word' id='word_1_227' title='bbox 1606 3100 1697 3155; x_wconf 82' lang='grc' dir='ltr'>τὸν</span> <span class='ocrx_word' id='word_1_228' title='bbox 1756 3099 1927 3177; x_wconf 87' lang='grc' dir='ltr'>Λόγον</span> <span class='ocrx_word' id='word_1_229' title='bbox 1970 3106 2062 3156; x_wconf 89' lang='grc' dir='ltr'>τοῦ</span> 
     </span>
    </p>
   </div>
   <div class='ocr_carea' id='block_1_34' title="bbox 406 3183 2060 3268">
    <p class='ocr_par' dir='ltr' id='par_1_34' title="bbox 406 3183 2060 3268">
     <span class='ocr_line' id='line_1_34' title="bbox 406 3183 2060 3268; baseline 0.001 -25"><span class='ocrx_word' id='word_1_230' title='bbox 406 3193 538 3245; x_wconf 91' lang='grc' dir='ltr'>Θεοῦ</span> <span class='ocrx_word' id='word_1_231' title='bbox 587 3185 642 3241; x_wconf 81' lang='grc' dir='ltr'>ἐν</span> <span class='ocrx_word' id='word_1_232' title='bbox 691 3188 901 3250; x_wconf 74' lang='grc' dir='ltr'>ἑαυτοῖς</span> <span class='ocrx_word' id='word_1_233' title='bbox 971 3183 1394 3261; x_wconf 78' lang='grc' dir='ltr'>συλλαμϐάνουσι</span> <span class='ocrx_word' id='word_1_234' title='bbox 1455 3193 1525 3265; x_wconf 80' lang='grc' dir='ltr'>τῇ</span> <span class='ocrx_word' id='word_1_235' title='bbox 1580 3187 1826 3261; x_wconf 88' lang='grc' dir='ltr'>Θεοτόκῳ</span> <span class='ocrx_word' id='word_1_236' title='bbox 1882 3209 2060 3268; x_wconf 86' lang='grc' dir='ltr'>παρα-</span> 
     </span>
    </p>
   </div>
   <div class='ocr_carea' id='block_1_35' title="bbox 403 3273 2057 3354">
    <p class='ocr_par' dir='ltr' id='par_1_35' title="bbox 403 3273 2057 3354">
     <span class='ocr_line' id='line_1_35' title="bbox 403 3273 2057 3354; baseline 0 -22"><span class='ocrx_word' id='word_1_237' title='bbox 403 3273 666 3346; x_wconf 89' lang='grc' dir='ltr'>πλησίως,</span> <span class='ocrx_word' id='word_1_238' title='bbox 704 3277 789 3332; x_wconf 85' lang='grc' dir='ltr'>καὶ</span> <span class='ocrx_word' id='word_1_239' title='bbox 819 3281 1070 3353; x_wconf 84' lang='grc' dir='ltr'>γεννῶσιν</span> <span class='ocrx_word' id='word_1_240' title='bbox 1100 3276 1279 3350; x_wconf 73' lang='grc' dir='ltr'>αὖτὸν,</span> <span class='ocrx_word' id='word_1_241' title='bbox 1314 3277 1400 3332; x_wconf 86' lang='grc' dir='ltr'>καὶ</span> <span class='ocrx_word' id='word_1_242' title='bbox 1443 3282 1729 3354; x_wconf 82' lang='grc' dir='ltr'>γεννῶνται</span> <span class='ocrx_word' id='word_1_243' title='bbox 1757 3273 1846 3332; x_wconf 81' lang='grc' dir='ltr'>ὑπ’</span> <span class='ocrx_word' id='word_1_244' title='bbox 1879 3276 2057 3350; x_wconf 78' lang='grc' dir='ltr'>αὐτοῦ,</span> 
     </span>
    </p>
   </div>
   <div class='ocr_carea' id='block_1_36' title="bbox 402 3362 2065 3445">
    <p class='ocr_par' dir='ltr' id='par_1_36' title="bbox 402 3362 2065 3445">
     <span class='ocr_line' id='line_1_36' title="bbox 402 3362 2065 3445; baseline 0.001 -25"><span class='ocrx_word' id='word_1_245' title='bbox 402 3364 491 3420; x_wconf 77' lang='grc' dir='ltr'>καὶ</span> <span class='ocrx_word' id='word_1_246' title='bbox 519 3369 763 3442; x_wconf 83' lang='grc' dir='ltr'>γεννᾶται</span> <span class='ocrx_word' id='word_1_247' title='bbox 811 3363 865 3419; x_wconf 86' lang='grc' dir='ltr'>ἐν</span> <span class='ocrx_word' id='word_1_248' title='bbox 907 3364 1089 3427; x_wconf 70' lang='grc' dir='ltr'>αὐτοῖς</span> <span class='ocrx_word' id='word_1_249' title='bbox 1120 3378 1134 3393; x_wconf 83' lang='grc'>⁶</span> <span class='ocrx_word' id='word_1_250' title='bbox 1168 3365 1256 3420; x_wconf 84' lang='grc' dir='ltr'>καὶ</span> <span class='ocrx_word' id='word_1_251' title='bbox 1287 3369 1401 3428; x_wconf 89' lang='grc' dir='ltr'>πῶς</span> <span class='ocrx_word' id='word_1_252' title='bbox 1429 3367 1550 3439; x_wconf 81' lang='grc' dir='ltr'>υἱοὶ,</span> <span class='ocrx_word' id='word_1_253' title='bbox 1585 3367 1673 3422; x_wconf 86' lang='grc' dir='ltr'>καὶ</span> <span class='ocrx_word' id='word_1_254' title='bbox 1703 3362 1939 3445; x_wconf 74' lang='grc' dir='ltr'>ἀδελφοὶ,</span> <span class='ocrx_word' id='word_1_255' title='bbox 1977 3367 2065 3421; x_wconf 87' lang='grc' dir='ltr'>καὶ</span> 
     </span>
    </p>
   </div>
   <div class='ocr_carea' id='block_1_37' title="bbox 405 3451 2063 3534">
    <p class='ocr_par' dir='ltr' id='par_1_37' title="bbox 405 3451 2063 3534">
     <span class='ocr_line' id='line_1_37' title="bbox 405 3451 2063 3534; baseline 0.002 -27"><span class='ocrx_word' id='word_1_256' title='bbox 405 3451 631 3532; x_wconf 81' lang='grc' dir='ltr'>μητέρες</span> <span class='ocrx_word' id='word_1_257' title='bbox 660 3452 819 3512; x_wconf 73' lang='grc' dir='ltr'>αὐτοῦ</span> <span class='ocrx_word' id='word_1_258' title='bbox 847 3453 1258 3534; x_wconf 80' lang='grc' dir='ltr'>χρηματίζουσι.</span> <span class='ocrx_word' id='word_1_259' title='bbox 1290 3461 1348 3515; x_wconf 88' lang='grc' dir='ltr'>Ρ.</span> <span class='ocrx_word' id='word_1_260' title='bbox 1383 3451 1637 3513; x_wconf 83' lang='grc' dir='ltr'>Ἐνταῦθά</span> <span class='ocrx_word' id='word_1_261' title='bbox 1670 3476 1760 3531; x_wconf 91' lang='grc' dir='ltr'>μοι</span> <span class='ocrx_word' id='word_1_262' title='bbox 1790 3457 1850 3510; x_wconf 83' lang='grc' dir='ltr'>τὸ</span> <span class='ocrx_word' id='word_1_263' title='bbox 1881 3455 2063 3512; x_wconf 86' lang='grc' dir='ltr'>καινὸν</span> 
     </span>
    </p>
   </div>
   <div class='ocr_carea' id='block_1_38' title="bbox 401 3541 1087 3621">
    <p class='ocr_par' dir='ltr' id='par_1_38' title="bbox 401 3541 1087 3621">
     <span class='ocr_line' id='line_1_38' title="bbox 401 3541 1087 3621; baseline 0.003 -25"><span class='ocrx_word' id='word_1_264' title='bbox 401 3547 494 3598; x_wconf 90' lang='grc' dir='ltr'>τοῦ</span> <span class='ocrx_word' id='word_1_265' title='bbox 539 3542 812 3617; x_wconf 78' lang='grc' dir='ltr'>νοήματος</span> <span class='ocrx_word' id='word_1_266' title='bbox 844 3561 858 3577; x_wconf 93' lang='grc'>⁸</span> <span class='ocrx_word' id='word_1_267' title='bbox 907 3541 1087 3621; x_wconf 70' lang='grc' dir='ltr'>διατίς</span> 
     </span>
    </p>
   </div>
   <div class='ocr_carea' id='block_1_39' title="bbox 483 3626 2063 3711">
    <p class='ocr_par' dir='ltr' id='par_1_39' title="bbox 483 3626 2063 3711">
     <span class='ocr_line' id='line_1_39' title="bbox 483 3626 2063 3711; baseline -0.001 -21"><span class='ocrx_word' id='word_1_268' title='bbox 483 3626 683 3694; x_wconf 76' lang='lat' dir='ltr'><strong>XLVI.</strong></span> <span class='ocrx_word' id='word_1_269' title='bbox 746 3633 834 3694; x_wconf 80' lang='grc' dir='ltr'>Εἷς</span> <span class='ocrx_word' id='word_1_270' title='bbox 890 3632 953 3688; x_wconf 85' lang='grc' dir='ltr'>τὸ</span> <span class='ocrx_word' id='word_1_271' title='bbox 1023 3631 1183 3709; x_wconf 82' lang='grc' dir='ltr'>ῥητὸν</span> <span class='ocrx_word' id='word_1_272' title='bbox 1241 3637 1333 3688; x_wconf 90' lang='grc' dir='ltr'>τοῦ</span> <span class='ocrx_word' id='word_1_273' title='bbox 1389 3630 1736 3711; x_wconf 73' lang='grc' dir='ltr'>Εὖαγγελίου,</span> <span class='ocrx_word' id='word_1_274' title='bbox 1799 3633 1898 3691; x_wconf 81' lang='grc' dir='ltr'>Καὶ</span> <span class='ocrx_word' id='word_1_275' title='bbox 1952 3631 2063 3689; x_wconf 80' lang='grc' dir='ltr'>ἁπ-</span> 
     </span>
    </p>
   </div>
   <div class='ocr_carea' id='block_1_40' title="bbox 401 3717 2062 3796">
    <p class='ocr_par' dir='ltr' id='par_1_40' title="bbox 401 3717 2062 3796">
     <span class='ocr_line' id='line_1_40' title="bbox 401 3717 2062 3796; baseline 0.002 -22"><span class='ocrx_word' id='word_1_276' title='bbox 401 3717 604 3775; x_wconf 83' lang='grc' dir='ltr'>έστειλε</span> <span class='ocrx_word' id='word_1_277' title='bbox 666 3720 788 3783; x_wconf 78' lang='grc' dir='ltr'>τοὺς</span> <span class='ocrx_word' id='word_1_278' title='bbox 844 3718 1058 3783; x_wconf 82' lang='grc' dir='ltr'>δούλους</span> <span class='ocrx_word' id='word_1_279' title='bbox 1118 3719 1274 3779; x_wconf 80' lang='grc' dir='ltr'>αῦτοῦ</span> <span class='ocrx_word' id='word_1_280' title='bbox 1317 3718 1534 3777; x_wconf 88' lang='grc' dir='ltr'>καλέσαι</span> <span class='ocrx_word' id='word_1_281' title='bbox 1592 3721 1715 3785; x_wconf 79' lang='grc' dir='ltr'>τοὺς</span> <span class='ocrx_word' id='word_1_282' title='bbox 1784 3719 2062 3796; x_wconf 88' lang='grc' dir='ltr'>κεκλημέ-</span> 
     </span>
    </p>
   </div>
   <div class='ocr_carea' id='block_1_41' title="bbox 400 3807 2061 3888">
    <p class='ocr_par' dir='ltr' id='par_1_41' title="bbox 400 3807 2061 3888">
     <span class='ocr_line' id='line_1_41' title="bbox 400 3807 2061 3888; baseline 0.001 -23"><span class='ocrx_word' id='word_1_283' title='bbox 400 3829 523 3871; x_wconf 88' lang='grc' dir='ltr'>νους</span> <span class='ocrx_word' id='word_1_284' title='bbox 552 3809 624 3871; x_wconf 77' lang='grc' dir='ltr'>εἷς</span> <span class='ocrx_word' id='word_1_285' title='bbox 648 3809 770 3872; x_wconf 80' lang='grc' dir='ltr'>τοὺς</span> <span class='ocrx_word' id='word_1_286' title='bbox 801 3809 1028 3888; x_wconf 79' lang='grc' dir='ltr'>γάμους,</span> <span class='ocrx_word' id='word_1_287' title='bbox 1081 3810 1168 3864; x_wconf 80' lang='grc' dir='ltr'>καὶ</span> <span class='ocrx_word' id='word_1_288' title='bbox 1214 3812 1310 3867; x_wconf 74' lang='grc' dir='ltr'>οὐκ</span> <span class='ocrx_word' id='word_1_289' title='bbox 1337 3807 1525 3876; x_wconf 68' lang='grc' dir='ltr'>ἤθελον</span> <span class='ocrx_word' id='word_1_290' title='bbox 1576 3808 1772 3873; x_wconf 82' lang='grc' dir='ltr'>ἐλθεῖν.</span> <span class='ocrx_word' id='word_1_291' title='bbox 1807 3819 1866 3871; x_wconf 81' lang='grc' dir='ltr'>Ρ.</span> <span class='ocrx_word' id='word_1_292' title='bbox 1898 3819 2061 3870; x_wconf 90' lang='grc' dir='ltr'>Τοῦτο</span> 
     </span>
    </p>
   </div>
   <div class='ocr_carea' id='block_1_42' title="bbox 399 3897 2061 3979">
    <p class='ocr_par' dir='ltr' id='par_1_42' title="bbox 399 3897 2061 3979">
     <span class='ocr_line' id='line_1_42' title="bbox 399 3897 2061 3979; baseline 0.003 -27"><span class='ocrx_word' id='word_1_293' title='bbox 399 3897 569 3955; x_wconf 78' lang='grc' dir='ltr'>τοίνυν</span> <span class='ocrx_word' id='word_1_294' title='bbox 629 3898 691 3954; x_wconf 82' lang='grc' dir='ltr'>τὸ</span> <span class='ocrx_word' id='word_1_295' title='bbox 746 3901 852 3954; x_wconf 87' lang='grc' dir='ltr'>τῶν</span> <span class='ocrx_word' id='word_1_296' title='bbox 922 3898 1109 3976; x_wconf 81' lang='grc' dir='ltr'>γάμων</span> <span class='ocrx_word' id='word_1_297' title='bbox 1166 3899 1478 3978; x_wconf 72' lang='grc' dir='ltr'>μυστήριον,</span> <span class='ocrx_word' id='word_1_298' title='bbox 1539 3898 1567 3954; x_wconf 89' lang='grc' dir='ltr'>ὃ</span> <span class='ocrx_word' id='word_1_299' title='bbox 1635 3903 1714 3974; x_wconf 79' lang='grc' dir='ltr'>τῷ</span> <span class='ocrx_word' id='word_1_300' title='bbox 1765 3906 2061 3979; x_wconf 82' lang='grc' dir='ltr'>Μονογενεῖ</span> 
     </span>
    </p>
   </div>
   <div class='ocr_carea' id='block_1_43' title="bbox 399 3986 579 4043">
    <p class='ocr_par' dir='ltr' id='par_1_43' title="bbox 399 3986 579 4043">
     <span class='ocr_line' id='line_1_43' title="bbox 399 3986 579 4043; baseline 0.011 -2"><span class='ocrx_word' id='word_1_301' title='bbox 399 3986 557 4042; x_wconf 74' lang='grc' dir='ltr'>αὐτοῦ</span> <span class='ocrx_word' id='word_1_302' title='bbox 566 4028 579 4043; x_wconf 94' lang='grc'>.</span> 
     </span>
    </p>
   </div>
   <div class='ocr_carea' id='block_1_44' title="bbox 488 4055 2057 4156">
    <p class='ocr_par' dir='ltr' id='par_1_44' title="bbox 488 4055 2057 4156">
     <span class='ocr_line' id='line_1_44' title="bbox 488 4055 2057 4156; baseline 0 -22"><span class='ocrx_word' id='word_1_303' title='bbox 488 4070 716 4135; x_wconf 78' lang='lat' dir='ltr'><strong>XLVII.</strong></span> <span class='ocrx_word' id='word_1_304' title='bbox 782 4055 891 4131; x_wconf 44' lang='grc' dir='ltr'>’,Οτι</span> <span class='ocrx_word' id='word_1_305' title='bbox 942 4076 1003 4132; x_wconf 89' lang='lat'>06</span> <span class='ocrx_word' id='word_1_306' title='bbox 1057 4075 1168 4156; x_wconf 77' lang='grc' dir='ltr'>χρὴ</span> <span class='ocrx_word' id='word_1_307' title='bbox 1212 4077 1314 4155; x_wconf 78' lang='grc' dir='ltr'>πρὸ</span> <span class='ocrx_word' id='word_1_308' title='bbox 1369 4081 1467 4143; x_wconf 86' lang='grc' dir='ltr'>τῆς</span> <span class='ocrx_word' id='word_1_309' title='bbox 1523 4075 1768 4155; x_wconf 79' lang='grc' dir='ltr'>ἐργασίας</span> <span class='ocrx_word' id='word_1_310' title='bbox 1828 4082 1935 4133; x_wconf 88' lang='grc' dir='ltr'>τῶν</span> <span class='ocrx_word' id='word_1_311' title='bbox 1964 4075 2057 4134; x_wconf 86' lang='grc' dir='ltr'>ἐν-</span> 
     </span>
    </p>
   </div>
   <div class='ocr_carea' id='block_1_45' title="bbox 404 4161 2057 4245">
    <p class='ocr_par' dir='ltr' id='par_1_45' title="bbox 404 4161 2057 4245">
     <span class='ocr_line' id='line_1_45' title="bbox 404 4161 2057 4245; baseline 0.002 -26"><span class='ocrx_word' id='word_1_312' title='bbox 404 4161 600 4239; x_wconf 88' lang='grc' dir='ltr'>τολῶν,</span> <span class='ocrx_word' id='word_1_313' title='bbox 668 4164 758 4220; x_wconf 82' lang='grc' dir='ltr'>καὶ</span> <span class='ocrx_word' id='word_1_314' title='bbox 811 4168 911 4230; x_wconf 88' lang='grc' dir='ltr'>τῆς</span> <span class='ocrx_word' id='word_1_315' title='bbox 968 4166 1039 4229; x_wconf 73' lang='grc' dir='ltr'>εἷς</span> <span class='ocrx_word' id='word_1_316' title='bbox 1096 4165 1289 4244; x_wconf 83' lang='grc' dir='ltr'>ἀρετὴν</span> <span class='ocrx_word' id='word_1_317' title='bbox 1346 4170 1646 4245; x_wconf 81' lang='grc' dir='ltr'>προκοπῆς,</span> <span class='ocrx_word' id='word_1_318' title='bbox 1723 4163 2057 4233; x_wconf 86' lang='grc' dir='ltr'>τελειότητος</span> 
     </span>
    </p>
   </div>
   <div class='ocr_carea' id='block_1_46' title="bbox 406 4250 2059 4335">
    <p class='ocr_par' dir='ltr' id='par_1_46' title="bbox 406 4250 2059 4335">
     <span class='ocr_line' id='line_1_46' title="bbox 406 4250 2059 4335; baseline 0.002 -27"><span class='ocrx_word' id='word_1_319' title='bbox 406 4253 473 4308; x_wconf 79' lang='grc' dir='ltr'>τὰ</span> <span class='ocrx_word' id='word_1_320' title='bbox 500 4250 836 4332; x_wconf 74' lang='grc' dir='ltr'>κεκρυμμένα</span> <span class='ocrx_word' id='word_1_321' title='bbox 883 4255 1147 4332; x_wconf 87' lang='grc' dir='ltr'>μυστήρια</span> <span class='ocrx_word' id='word_1_322' title='bbox 1198 4260 1297 4321; x_wconf 90' lang='grc' dir='ltr'>τῆς</span> <span class='ocrx_word' id='word_1_323' title='bbox 1354 4254 1620 4331; x_wconf 87' lang='grc' dir='ltr'>βασιλείας</span> <span class='ocrx_word' id='word_1_324' title='bbox 1670 4261 1774 4312; x_wconf 85' lang='grc' dir='ltr'>τῶν</span> <span class='ocrx_word' id='word_1_325' title='bbox 1826 4259 2059 4335; x_wconf 79' lang='grc' dir='ltr'>οὒρανῶν</span> 
     </span>
    </p>
   </div>
   <div class='ocr_carea' id='block_1_47' title="bbox 406 4339 2060 4424">
    <p class='ocr_par' dir='ltr' id='par_1_47' title="bbox 406 4339 2060 4424">
     <span class='ocr_line' id='line_1_47' title="bbox 406 4339 2060 4424; baseline 0.002 -28"><span class='ocrx_word' id='word_1_326' title='bbox 406 4339 617 4419; x_wconf 84' lang='grc' dir='ltr'>ἐρευνᾷν</span> <span class='ocrx_word' id='word_1_327' title='bbox 673 4347 776 4397; x_wconf 87' lang='grc' dir='ltr'>τῶν</span> <span class='ocrx_word' id='word_1_328' title='bbox 829 4341 1080 4415; x_wconf 76' lang='grc' dir='ltr'>ἀμυήτων</span> <span class='ocrx_word' id='word_1_329' title='bbox 1137 4343 1277 4417; x_wconf 85' lang='grc' dir='ltr'>τινὰ,</span> <span class='ocrx_word' id='word_1_330' title='bbox 1324 4344 1411 4399; x_wconf 85' lang='grc' dir='ltr'>καὶ</span> <span class='ocrx_word' id='word_1_331' title='bbox 1473 4342 1553 4400; x_wconf 85' lang='grc' dir='ltr'>ὅτι</span> <span class='ocrx_word' id='word_1_332' title='bbox 1610 4344 1665 4401; x_wconf 86' lang='grc' dir='ltr'>ἐν</span> <span class='ocrx_word' id='word_1_333' title='bbox 1724 4350 1792 4421; x_wconf 80' lang='grc' dir='ltr'>τῇ</span> <span class='ocrx_word' id='word_1_334' title='bbox 1849 4342 2060 4424; x_wconf 78' lang='grc' dir='ltr'>δευτέρᾳ</span> 
     </span>
    </p>
   </div>
   <div class='ocr_carea' id='block_1_48' title="bbox 2155 606 3824 688">
    <p class='ocr_par' dir='ltr' id='par_1_48' title="bbox 2155 606 3824 688">
     <span class='ocr_line' id='line_1_48' title="bbox 2155 606 3824 688; baseline -0.01 -11"><span class='ocrx_word' id='word_1_335' title='bbox 2155 612 2228 676; x_wconf 78' lang='grc' dir='ltr'>εἷς</span> <span class='ocrx_word' id='word_1_336' title='bbox 2298 613 2441 688; x_wconf 73' lang='grc' dir='ltr'>ἡμᾶς</span> <span class='ocrx_word' id='word_1_337' title='bbox 2497 621 2590 672; x_wconf 89' lang='grc' dir='ltr'>τοῦ</span> <span class='ocrx_word' id='word_1_338' title='bbox 2645 619 2776 672; x_wconf 83' lang='grc' dir='ltr'>Θεοῦ</span> <span class='ocrx_word' id='word_1_339' title='bbox 2829 610 3088 673; x_wconf 82' lang='grc' dir='ltr'>ϐασιλεία.</span> <span class='ocrx_word' id='word_1_340' title='bbox 3161 612 3249 667; x_wconf 83' lang='grc' dir='ltr'>καὶ</span> <span class='ocrx_word' id='word_1_341' title='bbox 3327 611 3406 671; x_wconf 90' lang='grc' dir='ltr'>τίς</span> <span class='ocrx_word' id='word_1_342' title='bbox 3462 610 3499 677; x_wconf 75' lang='grc' dir='ltr'><strong>ἡ</strong></span> <span class='ocrx_word' id='word_1_343' title='bbox 3565 606 3620 664; x_wconf 86' lang='grc' dir='ltr'>ἐν</span> <span class='ocrx_word' id='word_1_344' title='bbox 3674 609 3824 682; x_wconf 80' lang='grc' dir='ltr'>ἡμῖν</span> 
     </span>
    </p>
   </div>
   <div class='ocr_carea' id='block_1_49' title="bbox 2154 695 3822 782">
    <p class='ocr_par' dir='ltr' id='par_1_49' title="bbox 2154 695 3822 782">
     <span class='ocr_line' id='line_1_49' title="bbox 2154 695 3822 782; baseline -0.004 -27"><span class='ocrx_word' id='word_1_345' title='bbox 2154 700 2349 767; x_wconf 84' lang='grc' dir='ltr'>ταύτης</span> <span class='ocrx_word' id='word_1_346' title='bbox 2407 700 2692 782; x_wconf 83' lang='grc' dir='ltr'>ἐνέργεια;</span> <span class='ocrx_word' id='word_1_347' title='bbox 2766 711 2824 762; x_wconf 89' lang='lat' dir='ltr'>P.</span> <span class='ocrx_word' id='word_1_348' title='bbox 2892 698 3211 779; x_wconf 85' lang='grc' dir='ltr'>Ἐπειδήπερ</span> <span class='ocrx_word' id='word_1_349' title='bbox 3281 695 3563 777; x_wconf 76' lang='grc' dir='ltr'>διαῤῥήδην</span> <span class='ocrx_word' id='word_1_350' title='bbox 3621 697 3649 752; x_wconf 97' lang='lat'>0</span> <span class='ocrx_word' id='word_1_351' title='bbox 3706 699 3822 750; x_wconf 85' lang='grc' dir='ltr'>τῶν</span> 
     </span>
    </p>
   </div>
   <div class='ocr_carea' id='block_1_50' title="bbox 2154 784 3822 868">
    <p class='ocr_par' dir='ltr' id='par_1_50' title="bbox 2154 784 3822 868">
     <span class='ocr_line' id='line_1_50' title="bbox 2154 784 3822 868; baseline -0.004 -22"><span class='ocrx_word' id='word_1_352' title='bbox 2154 789 2403 846; x_wconf 82' lang='grc' dir='ltr'>ἁπάντων</span> <span class='ocrx_word' id='word_1_353' title='bbox 2463 791 2761 868; x_wconf 77' lang='grc' dir='ltr'>Δεσπότης,</span> <span class='ocrx_word' id='word_1_354' title='bbox 2835 791 2926 849; x_wconf 88' lang='grc' dir='ltr'>καὶ</span> <span class='ocrx_word' id='word_1_355' title='bbox 3002 790 3334 856; x_wconf 86' lang='grc' dir='ltr'>καθεκάστην</span> <span class='ocrx_word' id='word_1_356' title='bbox 3389 784 3474 842; x_wconf 82' lang='grc' dir='ltr'>διὰ</span> <span class='ocrx_word' id='word_1_357' title='bbox 3526 789 3633 842; x_wconf 90' lang='grc' dir='ltr'>τῶν</span> <span class='ocrx_word' id='word_1_358' title='bbox 3704 784 3822 842; x_wconf 83' lang='lat' dir='ltr'>E6-</span> 
     </span>
    </p>
   </div>
   <div class='ocr_carea' id='block_1_51' title="bbox 2155 877 2569 957">
    <p class='ocr_par' dir='ltr' id='par_1_51' title="bbox 2155 877 2569 957">
     <span class='ocr_line' id='line_1_51' title="bbox 2155 877 2569 957; baseline 0.012 -24"><span class='ocrx_word' id='word_1_359' title='bbox 2155 877 2416 956; x_wconf 84' lang='grc' dir='ltr'>αγγελίων</span> <span class='ocrx_word' id='word_1_360' title='bbox 2447 879 2569 957; x_wconf 78' lang='grc' dir='ltr'>βοᾷ.</span> 
     </span>
    </p>
   </div>
   <div class='ocr_carea' id='block_1_52' title="bbox 2232 963 3817 1048">
    <p class='ocr_par' dir='ltr' id='par_1_52' title="bbox 2232 963 3817 1048">
     <span class='ocr_line' id='line_1_52' title="bbox 2232 963 3817 1048; baseline -0.004 -22"><span class='ocrx_word' id='word_1_361' title='bbox 2232 967 2299 1030; x_wconf 90' lang='lat' dir='ltr'>L.</span> <span class='ocrx_word' id='word_1_362' title='bbox 2354 970 2477 1048; x_wconf 87' lang='grc' dir='ltr'>Περὶ</span> <span class='ocrx_word' id='word_1_363' title='bbox 2533 968 2809 1047; x_wconf 79' lang='grc' dir='ltr'>ἀπαθείας,</span> <span class='ocrx_word' id='word_1_364' title='bbox 2890 968 2974 1024; x_wconf 86' lang='grc' dir='ltr'>ταὶ</span> <span class='ocrx_word' id='word_1_365' title='bbox 3029 973 3136 1024; x_wconf 86' lang='grc' dir='ltr'>τῶν</span> <span class='ocrx_word' id='word_1_366' title='bbox 3191 966 3246 1023; x_wconf 87' lang='grc' dir='ltr'>ἐν</span> <span class='ocrx_word' id='word_1_367' title='bbox 3304 967 3436 1042; x_wconf 74' lang='grc' dir='ltr'>αὐτῇ</span> <span class='ocrx_word' id='word_1_368' title='bbox 3488 963 3628 1022; x_wconf 87' lang='grc' dir='ltr'>κατὰ</span> <span class='ocrx_word' id='word_1_369' title='bbox 3670 983 3817 1041; x_wconf 88' lang='grc' dir='ltr'>προ-</span> 
     </span>
    </p>
   </div>
   <div class='ocr_carea' id='block_1_53' title="bbox 2151 1051 3818 1138">
    <p class='ocr_par' dir='ltr' id='par_1_53' title="bbox 2151 1051 3818 1138">
     <span class='ocr_line' id='line_1_53' title="bbox 2151 1051 3818 1138; baseline -0.003 -26"><span class='ocrx_word' id='word_1_370' title='bbox 2151 1057 2326 1125; x_wconf 79' lang='grc' dir='ltr'>κοπῆν</span> <span class='ocrx_word' id='word_1_371' title='bbox 2359 1058 2711 1138; x_wconf 85' lang='grc' dir='ltr'>χαρισμάκων</span> <span class='ocrx_word' id='word_1_372' title='bbox 2768 1058 2857 1113; x_wconf 87' lang='grc' dir='ltr'>καὶ</span> <span class='ocrx_word' id='word_1_373' title='bbox 2911 1054 3119 1137; x_wconf 87' lang='grc' dir='ltr'>δωρεῶν</span> <span class='ocrx_word' id='word_1_374' title='bbox 3153 1075 3167 1091; x_wconf 94' lang='grc'>⁸</span> <span class='ocrx_word' id='word_1_375' title='bbox 3227 1057 3315 1113; x_wconf 81' lang='grc' dir='ltr'>καὶ</span> <span class='ocrx_word' id='word_1_376' title='bbox 3362 1056 3442 1119; x_wconf 88' lang='grc' dir='ltr'>τίς</span> <span class='ocrx_word' id='word_1_377' title='bbox 3471 1054 3507 1121; x_wconf 75' lang='grc' dir='ltr'>ἡ</span> <span class='ocrx_word' id='word_1_378' title='bbox 3538 1051 3818 1138; x_wconf 69' lang='grc' dir='ltr'>τελείωσις</span> 
     </span>
    </p>
   </div>
   <div class='ocr_carea' id='block_1_54' title="bbox 2147 1123 3819 1226">
    <p class='ocr_par' dir='ltr' id='par_1_54' title="bbox 2147 1123 3819 1226">
     <span class='ocr_line' id='line_1_54' title="bbox 2147 1123 3819 1226; baseline -0.003 -26"><span class='ocrx_word' id='word_1_379' title='bbox 2147 1149 2247 1212; x_wconf 90' lang='grc' dir='ltr'>τῆς</span> <span class='ocrx_word' id='word_1_380' title='bbox 2498 1123 2720 1226; x_wconf 63' lang='grc' dir='ltr'>Ξέριστὸν</span> <span class='ocrx_word' id='word_1_381' title='bbox 2776 1123 3139 1221; x_wconf 69' lang='grc' dir='ltr'>πνευματικῆς</span> <span class='ocrx_word' id='word_1_382' title='bbox 3195 1143 3427 1213; x_wconf 79' lang='grc' dir='ltr'>ἡλικίας,</span> <span class='ocrx_word' id='word_1_383' title='bbox 3489 1151 3549 1203; x_wconf 91' lang='lat' dir='ltr'>P.</span> <span class='ocrx_word' id='word_1_384' title='bbox 3616 1123 3819 1218; x_wconf 58' lang='grc' dir='ltr'>σΩσπερ</span> 
     </span>
    </p>
   </div>
   <div class='ocr_carea' id='block_1_55' title="bbox 2152 1228 3815 1315">
    <p class='ocr_par' dir='ltr' id='par_1_55' title="bbox 2152 1228 3815 1315">
     <span class='ocr_line' id='line_1_55' title="bbox 2152 1228 3815 1315; baseline -0.002 -27"><span class='ocrx_word' id='word_1_385' title='bbox 2152 1235 2180 1289; x_wconf 88' lang='grc' dir='ltr'>ὁ</span> <span class='ocrx_word' id='word_1_386' title='bbox 2208 1236 2286 1309; x_wconf 83' lang='grc' dir='ltr'>τῷ</span> <span class='ocrx_word' id='word_1_387' title='bbox 2314 1231 2673 1315; x_wconf 83' lang='grc' dir='ltr'>λαμπροτάτῳ</span> <span class='ocrx_word' id='word_1_388' title='bbox 2700 1233 2835 1308; x_wconf 78' lang='grc' dir='ltr'>ἡλίῳ</span> <span class='ocrx_word' id='word_1_389' title='bbox 2866 1233 3169 1306; x_wconf 84' lang='grc' dir='ltr'>ἐνατενίζειν</span> <span class='ocrx_word' id='word_1_390' title='bbox 3197 1231 3517 1311; x_wconf 88' lang='grc' dir='ltr'>βουλόμενος</span> <span class='ocrx_word' id='word_1_391' title='bbox 3546 1228 3815 1309; x_wconf 80' lang='grc' dir='ltr'>καθαροὺς</span> 
     </span>
    </p>
   </div>
   <div class='ocr_carea' id='block_1_56' title="bbox 2151 1320 3463 1385">
    <p class='ocr_par' dir='ltr' id='par_1_56' title="bbox 2151 1320 3463 1385">
     <span class='ocr_line' id='line_1_56' title="bbox 2151 1320 3463 1385; baseline -0.003 -8"><span class='ocrx_word' id='word_1_392' title='bbox 2151 1320 2374 1385; x_wconf 79' lang='grc' dir='ltr'>ὀφείλει,</span> <span class='ocrx_word' id='word_1_393' title='bbox 3460 1372 3463 1373; x_wconf 65' lang='lat'>,</span> 
     </span>
    </p>
   </div>
   <div class='ocr_carea' id='block_1_57' title="bbox 2184 1345 3813 1492">
    <p class='ocr_par' dir='ltr' id='par_1_57' title="bbox 2184 1345 3813 1492">
     <span class='ocr_line' id='line_1_57' title="bbox 2184 1345 3813 1492; baseline -0.006 -19"><span class='ocrx_word' id='word_1_394' title='bbox 2184 1345 2484 1490; x_wconf 59' lang='grc' dir='ltr'>φῗῗιΠερὶ</span> <span class='ocrx_word' id='word_1_395' title='bbox 2514 1416 2617 1468; x_wconf 90' lang='grc' dir='ltr'>τῶν</span> <span class='ocrx_word' id='word_1_396' title='bbox 2647 1410 2901 1487; x_wconf 77' lang='grc' dir='ltr'>οἰομένων</span> <span class='ocrx_word' id='word_1_397' title='bbox 2957 1412 3244 1491; x_wconf 84' lang='grc' dir='ltr'>ἆγνώστως</span> <span class='ocrx_word' id='word_1_398' title='bbox 3303 1409 3450 1492; x_wconf 78' lang='grc' dir='ltr'>ἔχειν</span> <span class='ocrx_word' id='word_1_399' title='bbox 3510 1409 3563 1467; x_wconf 86' lang='grc' dir='ltr'>ἐν</span> <span class='ocrx_word' id='word_1_400' title='bbox 3596 1407 3813 1472; x_wconf 76' lang='grc' dir='ltr'>ἑαυτοῖς</span> 
     </span>
    </p>
   </div>
   <div class='ocr_carea' id='block_1_58' title="bbox 2148 1496 3812 1579">
    <p class='ocr_par' dir='ltr' id='par_1_58' title="bbox 2148 1496 3812 1579">
     <span class='ocr_line' id='line_1_58' title="bbox 2148 1496 3812 1579; baseline -0.004 -22"><span class='ocrx_word' id='word_1_401' title='bbox 2148 1500 2210 1557; x_wconf 83' lang='lat'>10</span> <span class='ocrx_word' id='word_1_402' title='bbox 2266 1506 2478 1575; x_wconf 81' lang='grc' dir='ltr'>Πνεῦμα</span> <span class='ocrx_word' id='word_1_403' title='bbox 2546 1501 2608 1556; x_wconf 84' lang='grc' dir='ltr'>τὸ</span> <span class='ocrx_word' id='word_1_404' title='bbox 2661 1500 2835 1579; x_wconf 76' lang='grc' dir='ltr'>ἅγιον,</span> <span class='ocrx_word' id='word_1_405' title='bbox 2911 1501 2988 1577; x_wconf 79' lang='grc' dir='ltr'>μὴ</span> <span class='ocrx_word' id='word_1_406' title='bbox 3044 1500 3505 1576; x_wconf 79' lang='grc' dir='ltr'>ἐπαισθανομένων</span> <span class='ocrx_word' id='word_1_407' title='bbox 3558 1496 3614 1554; x_wconf 85' lang='grc' dir='ltr'>δὲ</span> <span class='ocrx_word' id='word_1_408' title='bbox 3676 1499 3812 1552; x_wconf 83' lang='grc' dir='ltr'>καθ-</span> 
     </span>
    </p>
   </div>
   <div class='ocr_carea' id='block_1_59' title="bbox 2150 1586 3815 1670">
    <p class='ocr_par' dir='ltr' id='par_1_59' title="bbox 2150 1586 3815 1670">
     <span class='ocr_line' id='line_1_59' title="bbox 2150 1586 3815 1670; baseline -0.004 -23"><span class='ocrx_word' id='word_1_409' title='bbox 2150 1588 2276 1647; x_wconf 91' lang='grc' dir='ltr'>όλου</span> <span class='ocrx_word' id='word_1_410' title='bbox 2305 1594 2405 1656; x_wconf 84' lang='grc' dir='ltr'>τῆς</span> <span class='ocrx_word' id='word_1_411' title='bbox 2462 1588 2723 1669; x_wconf 82' lang='grc' dir='ltr'>ἐνεργείας</span> <span class='ocrx_word' id='word_1_412' title='bbox 2784 1593 2943 1647; x_wconf 80' lang='grc' dir='ltr'>αὐτοῦ</span> <span class='ocrx_word' id='word_1_413' title='bbox 2975 1607 2991 1623; x_wconf 93' lang='grc'>⁸</span> <span class='ocrx_word' id='word_1_414' title='bbox 3065 1593 3153 1648; x_wconf 88' lang='grc' dir='ltr'>καὶ</span> <span class='ocrx_word' id='word_1_415' title='bbox 3205 1592 3323 1670; x_wconf 90' lang='grc' dir='ltr'>περὶ</span> <span class='ocrx_word' id='word_1_416' title='bbox 3379 1593 3485 1646; x_wconf 89' lang='grc' dir='ltr'>τῶν</span> <span class='ocrx_word' id='word_1_417' title='bbox 3541 1586 3815 1665; x_wconf 86' lang='grc' dir='ltr'>λεγόντων</span> 
     </span>
    </p>
   </div>
   <div class='ocr_carea' id='block_1_60' title="bbox 2149 1676 3813 1758">
    <p class='ocr_par' dir='ltr' id='par_1_60' title="bbox 2149 1676 3813 1758">
     <span class='ocr_line' id='line_1_60' title="bbox 2149 1676 3813 1758; baseline -0.002 -24"><span class='ocrx_word' id='word_1_418' title='bbox 2149 1679 2227 1755; x_wconf 83' lang='grc' dir='ltr'>μῆ</span> <span class='ocrx_word' id='word_1_419' title='bbox 2257 1676 2500 1734; x_wconf 89' lang='grc' dir='ltr'>δύνασθαί</span> <span class='ocrx_word' id='word_1_420' title='bbox 2545 1700 2663 1734; x_wconf 88' lang='grc' dir='ltr'>τινα</span> <span class='ocrx_word' id='word_1_421' title='bbox 2718 1685 2823 1736; x_wconf 91' lang='grc' dir='ltr'>τῶν</span> <span class='ocrx_word' id='word_1_422' title='bbox 2879 1679 3167 1758; x_wconf 81' lang='grc' dir='ltr'>ἀνθρώπων</span> <span class='ocrx_word' id='word_1_423' title='bbox 3225 1680 3361 1735; x_wconf 89' lang='grc' dir='ltr'>κατὰ</span> <span class='ocrx_word' id='word_1_424' title='bbox 3414 1678 3512 1746; x_wconf 80' lang='grc' dir='ltr'>τὴν</span> <span class='ocrx_word' id='word_1_425' title='bbox 3540 1682 3813 1755; x_wconf 88' lang='grc' dir='ltr'>παροῦσαν</span> 
     </span>
    </p>
   </div>
   <div class='ocr_carea' id='block_1_61' title="bbox 2150 1762 3813 1845">
    <p class='ocr_par' dir='ltr' id='par_1_61' title="bbox 2150 1762 3813 1845">
     <span class='ocr_line' id='line_1_61' title="bbox 2150 1762 3813 1845; baseline -0.01 -10"><span class='ocrx_word' id='word_1_426' title='bbox 2150 1766 2292 1839; x_wconf 66' lang='grc' dir='ltr'>ζωὴν</span> <span class='ocrx_word' id='word_1_427' title='bbox 2350 1768 2474 1845; x_wconf 74' lang='grc' dir='ltr'>δρᾷν</span> <span class='ocrx_word' id='word_1_428' title='bbox 2530 1767 2629 1830; x_wconf 76' lang='grc' dir='ltr'>τὴν</span> <span class='ocrx_word' id='word_1_429' title='bbox 2711 1765 2862 1833; x_wconf 77' lang='grc' dir='ltr'>δόξαν</span> <span class='ocrx_word' id='word_1_430' title='bbox 2932 1770 3090 1826; x_wconf 75' lang='grc' dir='ltr'>αὐτοῦ</span> <span class='ocrx_word' id='word_1_431' title='bbox 3123 1785 3137 1799; x_wconf 95' lang='grc'>⁸</span> <span class='ocrx_word' id='word_1_432' title='bbox 3227 1770 3314 1824; x_wconf 84' lang='grc' dir='ltr'>καὶ</span> <span class='ocrx_word' id='word_1_433' title='bbox 3390 1764 3654 1831; x_wconf 79' lang='grc' dir='ltr'>ἀπόδειξις</span> <span class='ocrx_word' id='word_1_434' title='bbox 3727 1762 3813 1819; x_wconf 78' lang='grc' dir='ltr'>διὰ</span> 
     </span>
    </p>
   </div>
   <div class='ocr_carea' id='block_1_62' title="bbox 2152 1853 3812 1938">
    <p class='ocr_par' dir='ltr' id='par_1_62' title="bbox 2152 1853 3812 1938">
     <span class='ocr_line' id='line_1_62' title="bbox 2152 1853 3812 1938; baseline -0.004 -25"><span class='ocrx_word' id='word_1_435' title='bbox 2152 1857 2401 1936; x_wconf 83' lang='grc' dir='ltr'>χρήσεων</span> <span class='ocrx_word' id='word_1_436' title='bbox 2431 1856 2548 1935; x_wconf 87' lang='grc' dir='ltr'>περὶ</span> <span class='ocrx_word' id='word_1_437' title='bbox 2593 1856 2779 1915; x_wconf 88' lang='grc' dir='ltr'>τούτου</span> <span class='ocrx_word' id='word_1_438' title='bbox 2810 1876 2825 1891; x_wconf 94' lang='grc'>⁸</span> <span class='ocrx_word' id='word_1_439' title='bbox 2881 1857 2969 1913; x_wconf 87' lang='grc' dir='ltr'>καὶ</span> <span class='ocrx_word' id='word_1_440' title='bbox 3027 1855 3107 1913; x_wconf 76' lang='grc' dir='ltr'>ὅτι</span> <span class='ocrx_word' id='word_1_441' title='bbox 3151 1855 3339 1938; x_wconf 80' lang='grc' dir='ltr'>φθόνος</span> <span class='ocrx_word' id='word_1_442' title='bbox 3397 1853 3561 1919; x_wconf 70' lang='grc' dir='ltr'>οὐδεὶς</span> <span class='ocrx_word' id='word_1_443' title='bbox 3610 1853 3664 1911; x_wconf 84' lang='grc' dir='ltr'>ἐν</span> <span class='ocrx_word' id='word_1_444' title='bbox 3692 1864 3812 1915; x_wconf 78' lang='grc' dir='ltr'>τοῖς</span> 
     </span>
    </p>
   </div>
   <div class='ocr_carea' id='block_1_63' title="bbox 2152 1939 3812 2024">
    <p class='ocr_par' dir='ltr' id='par_1_63' title="bbox 2152 1939 3812 2024">
     <span class='ocr_line' id='line_1_63' title="bbox 2152 1939 3812 2024; baseline -0.003 -25"><span class='ocrx_word' id='word_1_445' title='bbox 2152 1944 2344 2021; x_wconf 86' lang='grc' dir='ltr'>ἁγίοις,</span> <span class='ocrx_word' id='word_1_446' title='bbox 2405 1941 2530 2000; x_wconf 82' lang='grc' dir='ltr'>ὅταν</span> <span class='ocrx_word' id='word_1_447' title='bbox 2600 1941 2685 2001; x_wconf 82' lang='grc' dir='ltr'>διὰ</span> <span class='ocrx_word' id='word_1_448' title='bbox 2738 1944 2917 2012; x_wconf 86' lang='grc' dir='ltr'>πάσης</span> <span class='ocrx_word' id='word_1_449' title='bbox 3003 1942 3235 2011; x_wconf 77' lang='grc' dir='ltr'>σπουδῆς</span> <span class='ocrx_word' id='word_1_450' title='bbox 3305 1942 3548 2024; x_wconf 77' lang='grc' dir='ltr'>ἐναρέτου</span> <span class='ocrx_word' id='word_1_451' title='bbox 3604 1939 3812 2001; x_wconf 86' lang='grc' dir='ltr'>τούτοις</span> 
     </span>
    </p>
   </div>
   <div class='ocr_carea' id='block_1_64' title="bbox 2152 2030 3805 2112">
    <p class='ocr_par' dir='ltr' id='par_1_64' title="bbox 2152 2030 3805 2112">
     <span class='ocr_line' id='line_1_64' title="bbox 2152 2030 3805 2112; baseline -0.004 -23"><span class='ocrx_word' id='word_1_452' title='bbox 2152 2030 2536 2109; x_wconf 80' lang='grc' dir='ltr'>συνεξισώμεθα</span> <span class='ocrx_word' id='word_1_453' title='bbox 2571 2053 2586 2066; x_wconf 97' lang='grc'>⁸</span> <span class='ocrx_word' id='word_1_454' title='bbox 2645 2034 2734 2089; x_wconf 82' lang='grc' dir='ltr'>καὶ</span> <span class='ocrx_word' id='word_1_455' title='bbox 2777 2035 2915 2107; x_wconf 88' lang='grc' dir='ltr'>ποίῳ</span> <span class='ocrx_word' id='word_1_456' title='bbox 2981 2033 3161 2112; x_wconf 85' lang='grc' dir='ltr'>τρόπῳ</span> <span class='ocrx_word' id='word_1_457' title='bbox 3215 2036 3311 2112; x_wconf 83' lang='grc' dir='ltr'>ὁρᾷ</span> <span class='ocrx_word' id='word_1_458' title='bbox 3366 2054 3447 2095; x_wconf 89' lang='grc' dir='ltr'>τις</span> <span class='ocrx_word' id='word_1_459' title='bbox 3504 2031 3595 2087; x_wconf 81' lang='grc' dir='ltr'>τὸν</span> <span class='ocrx_word' id='word_1_460' title='bbox 3652 2030 3805 2100; x_wconf 82' lang='grc' dir='ltr'>Θεὸν,</span> 
     </span>
    </p>
   </div>
   <div class='ocr_carea' id='block_1_65' title="bbox 2155 2118 3813 2197">
    <p class='ocr_par' dir='ltr' id='par_1_65' title="bbox 2155 2118 3813 2197">
     <span class='ocr_line' id='line_1_65' title="bbox 2155 2118 3813 2197; baseline -0.004 -18"><span class='ocrx_word' id='word_1_461' title='bbox 2155 2119 2295 2179; x_wconf 75' lang='grc' dir='ltr'>ἔνθεν</span> <span class='ocrx_word' id='word_1_462' title='bbox 2332 2119 2434 2189; x_wconf 75' lang='grc' dir='ltr'>ἤδη</span> <span class='ocrx_word' id='word_1_463' title='bbox 2467 2135 2679 2197; x_wconf 78' lang='grc' dir='ltr'>μυεῖται</span> <span class='ocrx_word' id='word_1_464' title='bbox 2740 2123 2827 2179; x_wconf 79' lang='grc' dir='ltr'>καὶ</span> <span class='ocrx_word' id='word_1_465' title='bbox 2882 2123 2979 2190; x_wconf 78' lang='grc' dir='ltr'>τὴν</span> <span class='ocrx_word' id='word_1_466' title='bbox 3033 2121 3329 2197; x_wconf 84' lang='grc' dir='ltr'>μέλλουσαν</span> <span class='ocrx_word' id='word_1_467' title='bbox 3387 2119 3600 2187; x_wconf 86' lang='grc' dir='ltr'>δοθῆναι</span> <span class='ocrx_word' id='word_1_468' title='bbox 3649 2118 3704 2174; x_wconf 87' lang='grc' dir='ltr'>ἐν</span> <span class='ocrx_word' id='word_1_469' title='bbox 3733 2121 3813 2192; x_wconf 80' lang='grc' dir='ltr'>τῷ</span> 
     </span>
    </p>
   </div>
   <div class='ocr_carea' id='block_1_66' title="bbox 2156 2204 3807 2288">
    <p class='ocr_par' dir='ltr' id='par_1_66' title="bbox 2156 2204 3807 2288">
     <span class='ocr_line' id='line_1_66' title="bbox 2156 2204 3807 2288; baseline -0.004 -22"><span class='ocrx_word' id='word_1_470' title='bbox 2156 2208 2401 2285; x_wconf 81' lang='grc' dir='ltr'>μέλλοντι</span> <span class='ocrx_word' id='word_1_471' title='bbox 2457 2224 2575 2274; x_wconf 87' lang='grc' dir='ltr'>τοῖς</span> <span class='ocrx_word' id='word_1_472' title='bbox 2634 2211 2803 2288; x_wconf 83' lang='grc' dir='ltr'>ἁγίοις</span> <span class='ocrx_word' id='word_1_473' title='bbox 2876 2210 3190 2284; x_wconf 80' lang='grc' dir='ltr'>ἀπόλαυσιν,</span> <span class='ocrx_word' id='word_1_474' title='bbox 3236 2212 3323 2267; x_wconf 87' lang='grc' dir='ltr'>καὶ</span> <span class='ocrx_word' id='word_1_475' title='bbox 3367 2209 3447 2265; x_wconf 80' lang='grc' dir='ltr'>ὅτι</span> <span class='ocrx_word' id='word_1_476' title='bbox 3505 2206 3602 2264; x_wconf 79' lang='grc' dir='ltr'>ὅσα</span> <span class='ocrx_word' id='word_1_477' title='bbox 3658 2204 3720 2261; x_wconf 78' lang='grc' dir='ltr'>ἂν</span> <span class='ocrx_word' id='word_1_478' title='bbox 3777 2207 3807 2261; x_wconf 87' lang='lat'>0</span> 
     </span>
    </p>
   </div>
   <div class='ocr_carea' id='block_1_67' title="bbox 2149 2291 3803 2381">
    <p class='ocr_par' dir='ltr' id='par_1_67' title="bbox 2149 2291 3803 2381">
     <span class='ocr_line' id='line_1_67' title="bbox 2149 2291 3803 2381; baseline -0.004 -27"><span class='ocrx_word' id='word_1_479' title='bbox 2149 2309 2386 2362; x_wconf 80' lang='grc' dir='ltr'>τοιοῦτος</span> <span class='ocrx_word' id='word_1_480' title='bbox 2416 2296 2573 2376; x_wconf 71' lang='grc' dir='ltr'>λέγῃ,</span> <span class='ocrx_word' id='word_1_481' title='bbox 2626 2300 2662 2366; x_wconf 73' lang='grc' dir='ltr'>ἢ</span> <span class='ocrx_word' id='word_1_482' title='bbox 2719 2306 2871 2376; x_wconf 77' lang='grc' dir='ltr'>ποιῇ,</span> <span class='ocrx_word' id='word_1_483' title='bbox 2929 2299 2965 2368; x_wconf 70' lang='grc' dir='ltr'><strong>ἢ</strong></span> <span class='ocrx_word' id='word_1_484' title='bbox 3022 2300 3225 2381; x_wconf 74' lang='grc' dir='ltr'>γράφῃ,</span> <span class='ocrx_word' id='word_1_485' title='bbox 3284 2299 3382 2368; x_wconf 69' lang='grc' dir='ltr'>οῦκ</span> <span class='ocrx_word' id='word_1_486' title='bbox 3434 2297 3631 2381; x_wconf 67' lang='grc' dir='ltr'>αὐτὸς,</span> <span class='ocrx_word' id='word_1_487' title='bbox 3665 2291 3803 2349; x_wconf 84' lang='grc' dir='ltr'>ἀλλὰ</span> 
     </span>
    </p>
   </div>
   <div class='ocr_carea' id='block_1_68' title="bbox 2149 2380 3791 2467">
    <p class='ocr_par' dir='ltr' id='par_1_68' title="bbox 2149 2380 3791 2467">
     <span class='ocr_line' id='line_1_68' title="bbox 2149 2380 3791 2467; baseline -0.005 -24"><span class='ocrx_word' id='word_1_488' title='bbox 2149 2388 2208 2443; x_wconf 85' lang='grc' dir='ltr'>τὸ</span> <span class='ocrx_word' id='word_1_489' title='bbox 2238 2393 2450 2462; x_wconf 78' lang='grc' dir='ltr'>Πνεῦμα</span> <span class='ocrx_word' id='word_1_490' title='bbox 2479 2388 2539 2444; x_wconf 87' lang='grc' dir='ltr'>τὸ</span> <span class='ocrx_word' id='word_1_491' title='bbox 2582 2387 2736 2467; x_wconf 80' lang='grc' dir='ltr'>ἅγιον</span> <span class='ocrx_word' id='word_1_492' title='bbox 2792 2390 2853 2444; x_wconf 84' lang='grc' dir='ltr'>τὸ</span> <span class='ocrx_word' id='word_1_493' title='bbox 2906 2386 3098 2447; x_wconf 77' lang='grc' dir='ltr'>λαλοῦν</span> <span class='ocrx_word' id='word_1_494' title='bbox 3142 2380 3207 2444; x_wconf 88' lang='grc' dir='ltr'>ἐν</span> <span class='ocrx_word' id='word_1_495' title='bbox 3262 2388 3400 2461; x_wconf 72' lang='grc' dir='ltr'>αὐτῷ</span> <span class='ocrx_word' id='word_1_496' title='bbox 3426 2391 3585 2441; x_wconf 90' lang='grc' dir='ltr'>ταῦτα</span> <span class='ocrx_word' id='word_1_497' title='bbox 3624 2380 3791 2462; x_wconf 83' lang='grc' dir='ltr'>λέγει,</span> 
     </span>
    </p>
   </div>
   <div class='ocr_carea' id='block_1_69' title="bbox 2149 2469 3794 2556">
    <p class='ocr_par' dir='ltr' id='par_1_69' title="bbox 2149 2469 3794 2556">
     <span class='ocr_line' id='line_1_69' title="bbox 2149 2469 3794 2556; baseline -0.005 -23"><span class='ocrx_word' id='word_1_498' title='bbox 2149 2477 2238 2533; x_wconf 82' lang='grc' dir='ltr'>καὶ</span> <span class='ocrx_word' id='word_1_499' title='bbox 2288 2476 2476 2556; x_wconf 78' lang='grc' dir='ltr'>γράφει</span> <span class='ocrx_word' id='word_1_500' title='bbox 2511 2495 2527 2511; x_wconf 98' lang='grc'>⁸</span> <span class='ocrx_word' id='word_1_501' title='bbox 2608 2478 2693 2533; x_wconf 84' lang='grc' dir='ltr'>καὶ</span> <span class='ocrx_word' id='word_1_502' title='bbox 2776 2478 2805 2533; x_wconf 92' lang='lat'>0</span> <span class='ocrx_word' id='word_1_503' title='bbox 2887 2477 3008 2539; x_wconf 85' lang='grc' dir='ltr'>τοὺς</span> <span class='ocrx_word' id='word_1_504' title='bbox 3063 2475 3257 2556; x_wconf 83' lang='grc' dir='ltr'>λογοὺς</span> <span class='ocrx_word' id='word_1_505' title='bbox 3313 2481 3468 2536; x_wconf 75' lang='grc' dir='ltr'>αὐτοῦ</span> <span class='ocrx_word' id='word_1_506' title='bbox 3520 2473 3713 2528; x_wconf 76' lang='grc' dir='ltr'>ἀθετῶν</span> <span class='ocrx_word' id='word_1_507' title='bbox 3755 2469 3794 2537; x_wconf 71' lang='grc' dir='ltr'>ἢ</span> 
     </span>
    </p>
   </div>
   <div class='ocr_carea' id='block_1_70' title="bbox 2149 2559 3799 2645">
    <p class='ocr_par' dir='ltr' id='par_1_70' title="bbox 2149 2559 3799 2645">
     <span class='ocr_line' id='line_1_70' title="bbox 2149 2559 3799 2645; baseline -0.004 -24"><span class='ocrx_word' id='word_1_508' title='bbox 2149 2563 2633 2645; x_wconf 81' lang='grc' dir='ltr'>παραλογιζόμενος</span> <span class='ocrx_word' id='word_1_509' title='bbox 2691 2566 2762 2629; x_wconf 81' lang='grc' dir='ltr'>εἷς</span> <span class='ocrx_word' id='word_1_510' title='bbox 2817 2566 2879 2622; x_wconf 83' lang='lat'>10</span> <span class='ocrx_word' id='word_1_511' title='bbox 2951 2572 3163 2643; x_wconf 78' lang='grc' dir='ltr'>Πνεῦμα</span> <span class='ocrx_word' id='word_1_512' title='bbox 3204 2573 3296 2623; x_wconf 90' lang='grc' dir='ltr'>τοῦ</span> <span class='ocrx_word' id='word_1_513' title='bbox 3354 2570 3484 2623; x_wconf 90' lang='grc' dir='ltr'>Θεοῦ</span> <span class='ocrx_word' id='word_1_514' title='bbox 3539 2563 3600 2619; x_wconf 77' lang='grc' dir='ltr'>τὸ</span> <span class='ocrx_word' id='word_1_515' title='bbox 3649 2559 3799 2640; x_wconf 84' lang='grc' dir='ltr'>ἐνερ-</span> 
     </span>
    </p>
   </div>
   <div class='ocr_carea' id='block_1_71' title="bbox 2150 2651 3795 2734">
    <p class='ocr_par' dir='ltr' id='par_1_71' title="bbox 2150 2651 3795 2734">
     <span class='ocr_line' id='line_1_71' title="bbox 2150 2651 3795 2734; baseline -0.002 -24"><span class='ocrx_word' id='word_1_516' title='bbox 2150 2663 2275 2733; x_wconf 87' lang='grc' dir='ltr'>γοῦν</span> <span class='ocrx_word' id='word_1_517' title='bbox 2304 2655 2391 2710; x_wconf 83' lang='grc' dir='ltr'>καὶ</span> <span class='ocrx_word' id='word_1_518' title='bbox 2421 2653 2613 2713; x_wconf 85' lang='grc' dir='ltr'>λαλοῦν</span> <span class='ocrx_word' id='word_1_519' title='bbox 2644 2653 2698 2710; x_wconf 89' lang='grc' dir='ltr'>ἐν</span> <span class='ocrx_word' id='word_1_520' title='bbox 2756 2655 2899 2730; x_wconf 76' lang='grc' dir='ltr'>αὒτῷ</span> <span class='ocrx_word' id='word_1_521' title='bbox 2952 2654 3260 2734; x_wconf 82' lang='grc' dir='ltr'>ἁμαρτάνει,</span> <span class='ocrx_word' id='word_1_522' title='bbox 3318 2655 3405 2711; x_wconf 83' lang='grc' dir='ltr'>καὶ</span> <span class='ocrx_word' id='word_1_523' title='bbox 3460 2651 3795 2731; x_wconf 74' lang='grc' dir='ltr'>βλασφημεῖ.</span> 
     </span>
    </p>
   </div>
   <div class='ocr_carea' id='block_1_72' title="bbox 2148 2737 3802 2823">
    <p class='ocr_par' dir='ltr' id='par_1_72' title="bbox 2148 2737 3802 2823">
     <span class='ocr_line' id='line_1_72' title="bbox 2148 2737 3802 2823; baseline -0.006 -21"><span class='ocrx_word' id='word_1_524' title='bbox 2148 2751 2207 2802; x_wconf 89' lang='grc' dir='ltr'>Ρ.</span> <span class='ocrx_word' id='word_1_525' title='bbox 2266 2739 2396 2800; x_wconf 81' lang='grc' dir='ltr'>Ἰδοὺ</span> <span class='ocrx_word' id='word_1_526' title='bbox 2436 2745 2525 2800; x_wconf 86' lang='grc' dir='ltr'>καὶ</span> <span class='ocrx_word' id='word_1_527' title='bbox 2599 2741 2757 2800; x_wconf 74' lang='grc' dir='ltr'>πάλὶν</span> <span class='ocrx_word' id='word_1_528' title='bbox 2812 2742 2921 2823; x_wconf 85' lang='grc' dir='ltr'>ἐγὼ</span> <span class='ocrx_word' id='word_1_529' title='bbox 2982 2745 3114 2823; x_wconf 86' lang='grc' dir='ltr'>πρὸς</span> <span class='ocrx_word' id='word_1_530' title='bbox 3171 2744 3292 2808; x_wconf 82' lang='grc' dir='ltr'>τοὺς</span> <span class='ocrx_word' id='word_1_531' title='bbox 3349 2741 3603 2821; x_wconf 83' lang='grc' dir='ltr'>λέγοντας</span> <span class='ocrx_word' id='word_1_532' title='bbox 3650 2737 3802 2819; x_wconf 78' lang='grc' dir='ltr'>ἔχειν</span> 
     </span>
    </p>
   </div>
   <div class='ocr_carea' id='block_1_73' title="bbox 2146 2830 2854 2909">
    <p class='ocr_par' dir='ltr' id='par_1_73' title="bbox 2146 2830 2854 2909">
     <span class='ocr_line' id='line_1_73' title="bbox 2146 2830 2854 2909; baseline 0.008 -24"><span class='ocrx_word' id='word_1_533' title='bbox 2146 2830 2432 2909; x_wconf 79' lang='grc' dir='ltr'>ἁγνώστως</span> <span class='ocrx_word' id='word_1_534' title='bbox 2461 2838 2671 2908; x_wconf 86' lang='grc' dir='ltr'>Πνεῦμα</span> <span class='ocrx_word' id='word_1_535' title='bbox 2702 2839 2854 2892; x_wconf 87' lang='grc' dir='ltr'>Θεοῦ.</span> 
     </span>
    </p>
   </div>
   <div class='ocr_carea' id='block_1_74' title="bbox 2228 2916 3805 3000">
    <p class='ocr_par' dir='ltr' id='par_1_74' title="bbox 2228 2916 3805 3000">
     <span class='ocr_line' id='line_1_74' title="bbox 2228 2916 3805 3000; baseline -0.006 -19"><span class='ocrx_word' id='word_1_536' title='bbox 2228 2917 2346 2982; x_wconf 85' lang='lat' dir='ltr'><strong>LII.</strong></span> <span class='ocrx_word' id='word_1_537' title='bbox 2384 2921 2507 3000; x_wconf 87' lang='grc' dir='ltr'>Περὶ</span> <span class='ocrx_word' id='word_1_538' title='bbox 2535 2920 2788 2984; x_wconf 80' lang='grc' dir='ltr'>ἀπαθείας</span> <span class='ocrx_word' id='word_1_539' title='bbox 2842 2921 2933 2977; x_wconf 82' lang='grc' dir='ltr'>καὶ</span> <span class='ocrx_word' id='word_1_540' title='bbox 2987 2919 3232 3000; x_wconf 69' lang='grc' dir='ltr'>ἐναρέτου</span> <span class='ocrx_word' id='word_1_541' title='bbox 3279 2924 3422 2990; x_wconf 85' lang='grc' dir='ltr'>ζωῆς</span> <span class='ocrx_word' id='word_1_542' title='bbox 3457 2936 3471 2951; x_wconf 94' lang='grc'>⁸</span> <span class='ocrx_word' id='word_1_543' title='bbox 3536 2919 3625 2974; x_wconf 82' lang='grc' dir='ltr'>καὶ</span> <span class='ocrx_word' id='word_1_544' title='bbox 3653 2916 3805 2979; x_wconf 83' lang='grc' dir='ltr'>ὅπως</span> 
     </span>
    </p>
   </div>
   <div class='ocr_carea' id='block_1_75' title="bbox 2146 3005 3802 3089">
    <p class='ocr_par' dir='ltr' id='par_1_75' title="bbox 2146 3005 3802 3089">
     <span class='ocr_line' id='line_1_75' title="bbox 2146 3005 3802 3089; baseline -0.004 -23"><span class='ocrx_word' id='word_1_545' title='bbox 2146 3008 2259 3089; x_wconf 82' lang='grc' dir='ltr'>χρὴ</span> <span class='ocrx_word' id='word_1_546' title='bbox 2287 3010 2347 3064; x_wconf 82' lang='grc' dir='ltr'>τὸ</span> <span class='ocrx_word' id='word_1_547' title='bbox 2403 3010 2599 3066; x_wconf 78' lang='grc' dir='ltr'>οἰκεῖον</span> <span class='ocrx_word' id='word_1_548' title='bbox 2651 3008 2934 3067; x_wconf 82' lang='grc' dir='ltr'>ἐκκόπτεῖν</span> <span class='ocrx_word' id='word_1_549' title='bbox 2988 3008 3218 3084; x_wconf 88' lang='grc' dir='ltr'>θέλημα,</span> <span class='ocrx_word' id='word_1_550' title='bbox 3279 3010 3367 3064; x_wconf 86' lang='grc' dir='ltr'>καὶ</span> <span class='ocrx_word' id='word_1_551' title='bbox 3418 3009 3492 3072; x_wconf 85' lang='grc' dir='ltr'>εἷς</span> <span class='ocrx_word' id='word_1_552' title='bbox 3535 3006 3669 3082; x_wconf 78' lang='grc' dir='ltr'>ὕψος</span> <span class='ocrx_word' id='word_1_553' title='bbox 3701 3005 3802 3061; x_wconf 83' lang='grc' dir='ltr'>ἆν-</span> 
     </span>
    </p>
   </div>
   <div class='ocr_carea' id='block_1_76' title="bbox 2148 3094 3805 3178">
    <p class='ocr_par' dir='ltr' id='par_1_76' title="bbox 2148 3094 3805 3178">
     <span class='ocr_line' id='line_1_76' title="bbox 2148 3094 3805 3178; baseline 0.002 -25"><span class='ocrx_word' id='word_1_554' title='bbox 2148 3096 2395 3177; x_wconf 79' lang='grc' dir='ltr'>έρχεσθαι</span> <span class='ocrx_word' id='word_1_555' title='bbox 2426 3096 2785 3172; x_wconf 85' lang='grc' dir='ltr'>τελειότητος,</span> <span class='ocrx_word' id='word_1_556' title='bbox 2845 3100 2934 3155; x_wconf 87' lang='grc' dir='ltr'>καὶ</span> <span class='ocrx_word' id='word_1_557' title='bbox 2989 3099 3107 3178; x_wconf 82' lang='grc' dir='ltr'>περὶ</span> <span class='ocrx_word' id='word_1_558' title='bbox 3163 3098 3441 3178; x_wconf 75' lang='grc' dir='ltr'>συναφείας</span> <span class='ocrx_word' id='word_1_559' title='bbox 3499 3100 3630 3151; x_wconf 86' lang='grc' dir='ltr'>Θεοῦ</span> <span class='ocrx_word' id='word_1_560' title='bbox 3669 3094 3805 3172; x_wconf 85' lang='grc' dir='ltr'>πρὸς</span> 
     </span>
    </p>
   </div>
   <div class='ocr_carea' id='block_1_77' title="bbox 2147 3183 3806 3268">
    <p class='ocr_par' dir='ltr' id='par_1_77' title="bbox 2147 3183 3806 3268">
     <span class='ocr_line' id='line_1_77' title="bbox 2147 3183 3806 3268; baseline -0.003 -26"><span class='ocrx_word' id='word_1_561' title='bbox 2147 3187 2331 3266; x_wconf 74' lang='grc' dir='ltr'>ψυχὴν</span> <span class='ocrx_word' id='word_1_562' title='bbox 2403 3188 2492 3243; x_wconf 86' lang='grc' dir='ltr'>καὶ</span> <span class='ocrx_word' id='word_1_563' title='bbox 2549 3192 2732 3268; x_wconf 80' lang='grc' dir='ltr'>ψυχῆς</span> <span class='ocrx_word' id='word_1_564' title='bbox 2788 3189 2918 3268; x_wconf 78' lang='grc' dir='ltr'>πρὸς</span> <span class='ocrx_word' id='word_1_565' title='bbox 2994 3193 3172 3263; x_wconf 84' lang='grc' dir='ltr'>σῶμα,</span> <span class='ocrx_word' id='word_1_566' title='bbox 3255 3187 3344 3242; x_wconf 86' lang='grc' dir='ltr'>καὶ</span> <span class='ocrx_word' id='word_1_567' title='bbox 3401 3184 3639 3247; x_wconf 80' lang='grc' dir='ltr'>ἐνώσεως</span> <span class='ocrx_word' id='word_1_568' title='bbox 3693 3183 3806 3239; x_wconf 81' lang='grc' dir='ltr'>τῶν</span> 
     </span>
    </p>
   </div>
   <div class='ocr_carea' id='block_1_78' title="bbox 2144 3274 3805 3357">
    <p class='ocr_par' dir='ltr' id='par_1_78' title="bbox 2144 3274 3805 3357">
     <span class='ocr_line' id='line_1_78' title="bbox 2144 3274 3805 3357; baseline -0.003 -24"><span class='ocrx_word' id='word_1_569' title='bbox 2144 3281 2302 3356; x_wconf 85' lang='grc' dir='ltr'>τριῶν</span> <span class='ocrx_word' id='word_1_570' title='bbox 2375 3274 2667 3356; x_wconf 81' lang='grc' dir='ltr'>παραδόξυυ</span> <span class='ocrx_word' id='word_1_571' title='bbox 2700 3294 2718 3311; x_wconf 92' lang='grc'>⁸</span> <span class='ocrx_word' id='word_1_572' title='bbox 2802 3278 2891 3334; x_wconf 83' lang='grc' dir='ltr'>καὶ</span> <span class='ocrx_word' id='word_1_573' title='bbox 2960 3278 3089 3357; x_wconf 80' lang='grc' dir='ltr'>πρὸς</span> <span class='ocrx_word' id='word_1_574' title='bbox 3170 3276 3379 3339; x_wconf 86' lang='grc' dir='ltr'>τούτοις</span> <span class='ocrx_word' id='word_1_575' title='bbox 3435 3275 3805 3349; x_wconf 78' lang='grc' dir='ltr'>πνευματικῆς</span> 
     </span>
    </p>
   </div>
   <div class='ocr_carea' id='block_1_79' title="bbox 2143 3364 3802 3446">
    <p class='ocr_par' dir='ltr' id='par_1_79' title="bbox 2143 3364 3802 3446">
     <span class='ocr_line' id='line_1_79' title="bbox 2143 3364 3802 3446; baseline -0.003 -25"><span class='ocrx_word' id='word_1_576' title='bbox 2143 3366 2370 3446; x_wconf 73' lang='grc' dir='ltr'>ἰατρείας</span> <span class='ocrx_word' id='word_1_577' title='bbox 2407 3382 2420 3395; x_wconf 92' lang='grc'>⁸</span> <span class='ocrx_word' id='word_1_578' title='bbox 2489 3366 2577 3422; x_wconf 83' lang='grc' dir='ltr'>καὶ</span> <span class='ocrx_word' id='word_1_579' title='bbox 2638 3365 2784 3429; x_wconf 80' lang='grc' dir='ltr'>ὅπως</span> <span class='ocrx_word' id='word_1_580' title='bbox 2841 3367 2953 3446; x_wconf 71' lang='grc' dir='ltr'>χρὴ</span> <span class='ocrx_word' id='word_1_581' title='bbox 3017 3364 3317 3446; x_wconf 88' lang='grc' dir='ltr'>θεραπεύειν</span> <span class='ocrx_word' id='word_1_582' title='bbox 3372 3364 3494 3426; x_wconf 80' lang='grc' dir='ltr'>τοὺς</span> <span class='ocrx_word' id='word_1_583' title='bbox 3550 3366 3802 3441; x_wconf 76' lang='grc' dir='ltr'>ψυχικῶς</span> 
     </span>
    </p>
   </div>
   <div class='ocr_carea' id='block_1_80' title="bbox 2145 3448 3802 3528">
    <p class='ocr_par' dir='ltr' id='par_1_80' title="bbox 2145 3448 3802 3528">
     <span class='ocr_line' id='line_1_80' title="bbox 2145 3448 3802 3528; baseline 0.001 -19"><span class='ocrx_word' id='word_1_584' title='bbox 2145 3453 2512 3518; x_wconf 82' lang='grc' dir='ltr'>ἀσθενοῦντας.</span> <span class='ocrx_word' id='word_1_585' title='bbox 2573 3464 2630 3514; x_wconf 88' lang='grc' dir='ltr'>Ρ.</span> <span class='ocrx_word' id='word_1_586' title='bbox 2692 3453 2927 3517; x_wconf 84' lang='grc' dir='ltr'>Πολλοῖς</span> <span class='ocrx_word' id='word_1_587' title='bbox 2984 3467 3101 3518; x_wconf 77' lang='grc' dir='ltr'>τοῖς</span> <span class='ocrx_word' id='word_1_588' title='bbox 3167 3453 3220 3511; x_wconf 84' lang='grc' dir='ltr'>ἐν</span> <span class='ocrx_word' id='word_1_589' title='bbox 3274 3452 3461 3528; x_wconf 84' lang='grc' dir='ltr'>κόσμῳ</span> <span class='ocrx_word' id='word_1_590' title='bbox 3537 3448 3802 3511; x_wconf 82' lang='grc' dir='ltr'>πολλάκις</span> 
     </span>
    </p>
   </div>
   <div class='ocr_carea' id='block_1_81' title="bbox 2144 3538 3592 3623">
    <p class='ocr_par' dir='ltr' id='par_1_81' title="bbox 2144 3538 3592 3623">
     <span class='ocr_line' id='line_1_81' title="bbox 2144 3538 3592 3623; baseline 0.001 -24"><span class='ocrx_word' id='word_1_591' title='bbox 2144 3541 2571 3623; x_wconf 85' lang='grc' dir='ltr'>προσομιλήσας,</span> <span class='ocrx_word' id='word_1_592' title='bbox 2604 3544 2692 3599; x_wconf 89' lang='grc' dir='ltr'>καί</span> <span class='ocrx_word' id='word_1_593' title='bbox 2715 3564 2870 3600; x_wconf 88' lang='grc' dir='ltr'>τινων</span> <span class='ocrx_word' id='word_1_594' title='bbox 2902 3543 3240 3615; x_wconf 82' lang='grc' dir='ltr'>συζητήσεων</span> <span class='ocrx_word' id='word_1_595' title='bbox 3271 3538 3592 3617; x_wconf 81' lang='grc' dir='ltr'>ἁναμεταξύ.</span> 
     </span>
    </p>
   </div>
   <div class='ocr_carea' id='block_1_82' title="bbox 2225 3628 3803 3712">
    <p class='ocr_par' dir='ltr' id='par_1_82' title="bbox 2225 3628 3803 3712">
     <span class='ocr_line' id='line_1_82' title="bbox 2225 3628 3803 3712; baseline -0.004 -22"><span class='ocrx_word' id='word_1_596' title='bbox 2225 3629 2371 3694; x_wconf 84' lang='lat' dir='ltr'><strong>LIII.</strong></span> <span class='ocrx_word' id='word_1_597' title='bbox 2407 3633 2531 3712; x_wconf 88' lang='grc' dir='ltr'>Περὶ</span> <span class='ocrx_word' id='word_1_598' title='bbox 2559 3638 2662 3690; x_wconf 89' lang='grc' dir='ltr'>τῶν</span> <span class='ocrx_word' id='word_1_599' title='bbox 2704 3630 3052 3690; x_wconf 81' lang='grc' dir='ltr'>δουλευόντων</span> <span class='ocrx_word' id='word_1_600' title='bbox 3102 3636 3180 3708; x_wconf 79' lang='grc' dir='ltr'>τῷ</span> <span class='ocrx_word' id='word_1_601' title='bbox 3236 3638 3374 3706; x_wconf 86' lang='grc' dir='ltr'>Θεῷ,</span> <span class='ocrx_word' id='word_1_602' title='bbox 3428 3630 3566 3693; x_wconf 90' lang='grc' dir='ltr'>τίνες</span> <span class='ocrx_word' id='word_1_603' title='bbox 3595 3650 3653 3685; x_wconf 88' lang='grc' dir='ltr'>τε</span> <span class='ocrx_word' id='word_1_604' title='bbox 3683 3628 3803 3685; x_wconf 79' lang='grc' dir='ltr'>εἶεν</span> 
     </span>
    </p>
   </div>
   <div class='ocr_carea' id='block_1_83' title="bbox 2143 3720 3798 3796">
    <p class='ocr_par' dir='ltr' id='par_1_83' title="bbox 2143 3720 3798 3796">
     <span class='ocr_line' id='line_1_83' title="bbox 2143 3720 3798 3796; baseline -0.004 -17"><span class='ocrx_word' id='word_1_605' title='bbox 2143 3722 2233 3779; x_wconf 81' lang='grc' dir='ltr'>καὶ</span> <span class='ocrx_word' id='word_1_606' title='bbox 2263 3724 2445 3778; x_wconf 81' lang='grc' dir='ltr'>ὁποῖοι</span> <span class='ocrx_word' id='word_1_607' title='bbox 2499 3723 2588 3778; x_wconf 86' lang='grc' dir='ltr'>καὶ</span> <span class='ocrx_word' id='word_1_608' title='bbox 2642 3722 2874 3778; x_wconf 90' lang='grc' dir='ltr'>ποταποί</span> <span class='ocrx_word' id='word_1_609' title='bbox 2907 3738 2920 3752; x_wconf 95' lang='grc'>⁸</span> <span class='ocrx_word' id='word_1_610' title='bbox 2981 3722 3071 3777; x_wconf 80' lang='grc' dir='ltr'>καὶ</span> <span class='ocrx_word' id='word_1_611' title='bbox 3125 3720 3202 3785; x_wconf 92' lang='grc' dir='ltr'>τίς</span> <span class='ocrx_word' id='word_1_612' title='bbox 3260 3721 3401 3778; x_wconf 89' lang='grc' dir='ltr'>ἐστιν</span> <span class='ocrx_word' id='word_1_613' title='bbox 3442 3721 3470 3776; x_wconf 93' lang='lat'>0</span> <span class='ocrx_word' id='word_1_614' title='bbox 3500 3723 3798 3796; x_wconf 84' lang='grc' dir='ltr'>μετανοῶν,</span> 
     </span>
    </p>
   </div>
   <div class='ocr_carea' id='block_1_84' title="bbox 2142 3806 3802 3890">
    <p class='ocr_par' dir='ltr' id='par_1_84' title="bbox 2142 3806 3802 3890">
     <span class='ocr_line' id='line_1_84' title="bbox 2142 3806 3802 3890; baseline -0.003 -24"><span class='ocrx_word' id='word_1_615' title='bbox 2142 3812 2231 3867; x_wconf 85' lang='grc' dir='ltr'>καὶ</span> <span class='ocrx_word' id='word_1_616' title='bbox 2261 3810 2297 3878; x_wconf 79' lang='grc' dir='ltr'><strong>ἡ</strong></span> <span class='ocrx_word' id='word_1_617' title='bbox 2349 3809 2565 3890; x_wconf 84' lang='grc' dir='ltr'>ἐργασία</span> <span class='ocrx_word' id='word_1_618' title='bbox 2622 3813 2780 3868; x_wconf 75' lang='grc' dir='ltr'>αὐτοῦ</span> <span class='ocrx_word' id='word_1_619' title='bbox 2813 3828 2830 3845; x_wconf 95' lang='grc'>⁸</span> <span class='ocrx_word' id='word_1_620' title='bbox 2904 3811 2992 3867; x_wconf 88' lang='grc' dir='ltr'>καὶ</span> <span class='ocrx_word' id='word_1_621' title='bbox 3041 3811 3119 3873; x_wconf 91' lang='grc' dir='ltr'>τίς</span> <span class='ocrx_word' id='word_1_622' title='bbox 3176 3809 3314 3866; x_wconf 85' lang='grc' dir='ltr'>ἐστιν</span> <span class='ocrx_word' id='word_1_623' title='bbox 3371 3810 3399 3864; x_wconf 90' lang='lat'>0</span> <span class='ocrx_word' id='word_1_624' title='bbox 3439 3806 3538 3875; x_wconf 75' lang='grc' dir='ltr'>τὴν</span> <span class='ocrx_word' id='word_1_625' title='bbox 3568 3806 3802 3873; x_wconf 84' lang='grc' dir='ltr'>ἀσκητι-</span> 
     </span>
    </p>
   </div>
   <div class='ocr_carea' id='block_1_85' title="bbox 2142 3896 3809 3979">
    <p class='ocr_par' dir='ltr' id='par_1_85' title="bbox 2142 3896 3809 3979">
     <span class='ocr_line' id='line_1_85' title="bbox 2142 3896 3809 3979; baseline -0.003 -24"><span class='ocrx_word' id='word_1_626' title='bbox 2142 3900 2244 3967; x_wconf 78' lang='grc' dir='ltr'>κῆν</span> <span class='ocrx_word' id='word_1_627' title='bbox 2288 3898 2429 3970; x_wconf 74' lang='grc' dir='ltr'>ζωὴν</span> <span class='ocrx_word' id='word_1_628' title='bbox 2472 3898 2891 3979; x_wconf 85' lang='grc' dir='ltr'>μετερχόμενος,</span> <span class='ocrx_word' id='word_1_629' title='bbox 2946 3899 3035 3955; x_wconf 83' lang='grc' dir='ltr'>καὶ</span> <span class='ocrx_word' id='word_1_630' title='bbox 3092 3899 3128 3966; x_wconf 77' lang='grc' dir='ltr'><strong>ἡ</strong></span> <span class='ocrx_word' id='word_1_631' title='bbox 3173 3897 3390 3977; x_wconf 85' lang='grc' dir='ltr'>ἐργασία</span> <span class='ocrx_word' id='word_1_632' title='bbox 3440 3896 3600 3953; x_wconf 70' lang='grc' dir='ltr'>αὐτοῦ</span> <span class='ocrx_word' id='word_1_633' title='bbox 3635 3911 3650 3926; x_wconf 88' lang='grc'>⁸</span> <span class='ocrx_word' id='word_1_634' title='bbox 3716 3896 3809 3951; x_wconf 86' lang='grc' dir='ltr'>καὶ</span> 
     </span>
    </p>
   </div>
   <div class='ocr_carea' id='block_1_86' title="bbox 2145 3985 3807 4067">
    <p class='ocr_par' dir='ltr' id='par_1_86' title="bbox 2145 3985 3807 4067">
     <span class='ocr_line' id='line_1_86' title="bbox 2145 3985 3807 4067; baseline -0.004 -20"><span class='ocrx_word' id='word_1_635' title='bbox 2145 3990 2223 4053; x_wconf 86' lang='grc' dir='ltr'>τίς</span> <span class='ocrx_word' id='word_1_636' title='bbox 2259 3986 2519 4045; x_wconf 88' lang='grc' dir='ltr'>δουλεύων</span> <span class='ocrx_word' id='word_1_637' title='bbox 2552 3995 2690 4063; x_wconf 85' lang='grc' dir='ltr'>Θεῷ,</span> <span class='ocrx_word' id='word_1_638' title='bbox 2718 3990 2807 4045; x_wconf 87' lang='grc' dir='ltr'>καὶ</span> <span class='ocrx_word' id='word_1_639' title='bbox 2862 3989 2924 4044; x_wconf 77' lang='grc' dir='ltr'>τὸ</span> <span class='ocrx_word' id='word_1_640' title='bbox 2982 3986 3134 4067; x_wconf 75' lang='grc' dir='ltr'>ἔργον</span> <span class='ocrx_word' id='word_1_641' title='bbox 3193 3992 3351 4047; x_wconf 78' lang='grc' dir='ltr'>αὐτοῦ</span> <span class='ocrx_word' id='word_1_642' title='bbox 3384 4004 3401 4022; x_wconf 96' lang='grc'>⁸</span> <span class='ocrx_word' id='word_1_643' title='bbox 3462 3987 3551 4044; x_wconf 82' lang='grc' dir='ltr'>καὶ</span> <span class='ocrx_word' id='word_1_644' title='bbox 3605 3985 3694 4042; x_wconf 82' lang='grc' dir='ltr'>ἐὰν</span> <span class='ocrx_word' id='word_1_645' title='bbox 3725 3986 3807 4061; x_wconf 83' lang='grc' dir='ltr'>μῆ</span> 
     </span>
    </p>
   </div>
   <div class='ocr_carea' id='block_1_87' title="bbox 2140 4074 3808 4157">
    <p class='ocr_par' dir='ltr' id='par_1_87' title="bbox 2140 4074 3808 4157">
     <span class='ocr_line' id='line_1_87' title="bbox 2140 4074 3808 4157; baseline -0.001 -24"><span class='ocrx_word' id='word_1_646' title='bbox 2140 4079 2235 4142; x_wconf 77' lang='grc' dir='ltr'>τὰς</span> <span class='ocrx_word' id='word_1_647' title='bbox 2294 4077 2482 4157; x_wconf 77' lang='grc' dir='ltr'>ἀρετὰς</span> <span class='ocrx_word' id='word_1_648' title='bbox 2543 4077 2890 4157; x_wconf 87' lang='grc' dir='ltr'>κτησώμεθα,</span> <span class='ocrx_word' id='word_1_649' title='bbox 2970 4074 3116 4134; x_wconf 75' lang='grc' dir='ltr'>οὐδὲν</span> <span class='ocrx_word' id='word_1_650' title='bbox 3197 4079 3343 4153; x_wconf 76' lang='grc' dir='ltr'>ἡμᾶς</span> <span class='ocrx_word' id='word_1_651' title='bbox 3399 4078 3434 4145; x_wconf 80' lang='grc' dir='ltr'>ἡ</span> <span class='ocrx_word' id='word_1_652' title='bbox 3515 4074 3808 4153; x_wconf 79' lang='grc' dir='ltr'>ἀπαλλαγὴ</span> 
     </span>
    </p>
   </div>
   <div class='ocr_carea' id='block_1_88' title="bbox 2142 4163 3806 4247">
    <p class='ocr_par' dir='ltr' id='par_1_88' title="bbox 2142 4163 3806 4247">
     <span class='ocr_line' id='line_1_88' title="bbox 2142 4163 3806 4247; baseline -0.001 -24"><span class='ocrx_word' id='word_1_653' title='bbox 2142 4167 2282 4244; x_wconf 90' lang='grc' dir='ltr'>μόνη</span> <span class='ocrx_word' id='word_1_654' title='bbox 2370 4173 2476 4225; x_wconf 88' lang='grc' dir='ltr'>τῶν</span> <span class='ocrx_word' id='word_1_655' title='bbox 2553 4169 2734 4223; x_wconf 86' lang='grc' dir='ltr'>παθῶν</span> <span class='ocrx_word' id='word_1_656' title='bbox 2809 4164 3098 4247; x_wconf 76' lang='grc' dir='ltr'>ὠφελήσει,</span> <span class='ocrx_word' id='word_1_657' title='bbox 3174 4175 3231 4228; x_wconf 85' lang='grc' dir='ltr'>Ρ.</span> <span class='ocrx_word' id='word_1_658' title='bbox 3300 4164 3623 4244; x_wconf 88' lang='grc' dir='ltr'>Ἐπειδήπερ</span> <span class='ocrx_word' id='word_1_659' title='bbox 3680 4163 3806 4221; x_wconf 82' lang='grc' dir='ltr'>ὅσον</span> 
     </span>
    </p>
   </div>
   <div class='ocr_carea' id='block_1_89' title="bbox 2140 4255 3805 4335">
    <p class='ocr_par' dir='ltr' id='par_1_89' title="bbox 2140 4255 3805 4335">
     <span class='ocr_line' id='line_1_89' title="bbox 2140 4255 3805 4335; baseline -0.001 -22"><span class='ocrx_word' id='word_1_660' title='bbox 2140 4256 2247 4313; x_wconf 79' lang='grc' dir='ltr'>ἀπὸ</span> <span class='ocrx_word' id='word_1_661' title='bbox 2304 4262 2397 4312; x_wconf 90' lang='grc' dir='ltr'>τοῦ</span> <span class='ocrx_word' id='word_1_662' title='bbox 2455 4256 2593 4316; x_wconf 88' lang='grc' dir='ltr'>θείου</span> <span class='ocrx_word' id='word_1_663' title='bbox 2647 4255 3013 4333; x_wconf 83' lang='grc' dir='ltr'>βαπτίσματος</span> <span class='ocrx_word' id='word_1_664' title='bbox 3095 4256 3438 4335; x_wconf 80' lang='grc' dir='ltr'>Χριστιανοὺς</span> <span class='ocrx_word' id='word_1_665' title='bbox 3494 4256 3643 4330; x_wconf 79' lang='grc' dir='ltr'>ἡμᾶς</span> <span class='ocrx_word' id='word_1_666' title='bbox 3699 4257 3805 4312; x_wconf 80' lang='grc' dir='ltr'>αῦ-</span> 
     </span>
    </p>
   </div>
   <div class='ocr_carea' id='block_1_90' title="bbox 2140 4341 2783 4425">
    <p class='ocr_par' dir='ltr' id='par_1_90' title="bbox 2140 4341 2783 4425">
     <span class='ocr_line' id='line_1_90' title="bbox 2140 4341 2783 4425; baseline 0.003 -24"><span class='ocrx_word' id='word_1_667' title='bbox 2140 4346 2263 4409; x_wconf 79' lang='grc' dir='ltr'>τοὺς</span> <span class='ocrx_word' id='word_1_668' title='bbox 2302 4341 2427 4425; x_wconf 76' lang='grc' dir='ltr'>δίχα</span> <span class='ocrx_word' id='word_1_669' title='bbox 2456 4351 2561 4400; x_wconf 88' lang='grc' dir='ltr'>τῶν</span> <span class='ocrx_word' id='word_1_670' title='bbox 2593 4343 2783 4425; x_wconf 67' lang='grc' dir='ltr'>ἔργων.</span> 
     </span>
    </p>
   </div>
   <div class='ocr_carea' id='block_1_91' title="bbox 404 4429 3810 4533">
    <p class='ocr_par' dir='ltr' id='par_1_91' title="bbox 404 4429 3810 4533">
     <span class='ocr_line' id='line_1_91' title="bbox 404 4429 3810 4533; baseline 0 -45"><span class='ocrx_word' id='word_1_671' title='bbox 404 4440 497 4533; x_wconf 62' lang='grc' dir='ltr'>⁸Ξοῦ</span> <span class='ocrx_word' id='word_1_672' title='bbox 554 4430 740 4510; x_wconf 83' lang='grc' dir='ltr'>Κυρίου</span> <span class='ocrx_word' id='word_1_673' title='bbox 793 4429 990 4487; x_wconf 88' lang='grc' dir='ltr'>ἐλεύσει</span> <span class='ocrx_word' id='word_1_674' title='bbox 1046 4433 1242 4533; x_wconf 66' lang='grc' dir='ltr'>πάντες</span> <span class='ocrx_word' id='word_1_675' title='bbox 1298 4431 1563 4502; x_wconf 81' lang='grc' dir='ltr'>ἀλλήλους</span> <span class='ocrx_word' id='word_1_676' title='bbox 1624 4434 1958 4533; x_wconf 70' lang='grc' dir='ltr'>γνωρίζουσιν</span> <span class='ocrx_word' id='word_1_677' title='bbox 2013 4436 2161 4533; x_wconf 41' lang='grc' dir='ltr'>οἱΒ.</span> <span class='ocrx_word' id='word_1_678' title='bbox 2414 4435 2537 4533; x_wconf 74' lang='grc' dir='ltr'>Περὶ</span> <span class='ocrx_word' id='word_1_679' title='bbox 2596 4433 2811 4512; x_wconf 79' lang='grc' dir='ltr'>ἀγάπης</span> <span class='ocrx_word' id='word_1_680' title='bbox 2866 4436 2955 4493; x_wconf 80' lang='grc' dir='ltr'>καὶ</span> <span class='ocrx_word' id='word_1_681' title='bbox 3026 4438 3254 4499; x_wconf 88' lang='grc' dir='ltr'>πίστεως</span> <span class='ocrx_word' id='word_1_682' title='bbox 3291 4450 3305 4466; x_wconf 81' lang='grc'>⁸</span> <span class='ocrx_word' id='word_1_683' title='bbox 3379 4433 3469 4490; x_wconf 80' lang='grc' dir='ltr'>καὶ</span> <span class='ocrx_word' id='word_1_684' title='bbox 3523 4431 3672 4498; x_wconf 82' lang='grc' dir='ltr'>ὅπως</span> <span class='ocrx_word' id='word_1_685' title='bbox 3720 4451 3810 4496; x_wconf 86' lang='grc' dir='ltr'>τις</span> 
     </span>
    </p>
   </div>
   <div class='ocr_carea' id='block_1_92' title="bbox 403 4518 3802 4603">
    <p class='ocr_par' dir='ltr' id='par_1_92' title="bbox 403 4518 3802 4603">
     <span class='ocr_line' id='line_1_92' title="bbox 403 4518 3802 4603; baseline 0.001 -29"><span class='ocrx_word' id='word_1_686' title='bbox 403 4518 569 4598; x_wconf 73' lang='grc' dir='ltr'>ἅγιοι.</span> <span class='ocrx_word' id='word_1_687' title='bbox 616 4529 674 4577; x_wconf 86' lang='grc' dir='ltr'>Ρ.</span> <span class='ocrx_word' id='word_1_688' title='bbox 709 4526 995 4599; x_wconf 85' lang='grc' dir='ltr'>Τοιγαροῦν</span> <span class='ocrx_word' id='word_1_689' title='bbox 1042 4521 1278 4598; x_wconf 82' lang='grc' dir='ltr'>ἐάσωμεν</span> <span class='ocrx_word' id='word_1_690' title='bbox 1327 4523 1421 4586; x_wconf 84' lang='grc' dir='ltr'>τὰς</span> <span class='ocrx_word' id='word_1_691' title='bbox 1483 4523 1709 4599; x_wconf 90' lang='grc' dir='ltr'>ματαίας</span> <span class='ocrx_word' id='word_1_692' title='bbox 1735 4524 1827 4580; x_wconf 82' lang='grc' dir='ltr'>καὶ</span> <span class='ocrx_word' id='word_1_693' title='bbox 1856 4518 2387 4603; x_wconf 73' lang='grc' dir='ltr'>ἀνωφε-”ἐγκύμων</span> <span class='ocrx_word' id='word_1_694' title='bbox 2468 4522 2665 4601; x_wconf 89' lang='grc' dir='ltr'>γίνεται</span> <span class='ocrx_word' id='word_1_695' title='bbox 2728 4529 2827 4590; x_wconf 89' lang='grc' dir='ltr'>τῆς</span> <span class='ocrx_word' id='word_1_696' title='bbox 2898 4535 2991 4585; x_wconf 79' lang='grc' dir='ltr'>τοῦ</span> <span class='ocrx_word' id='word_1_697' title='bbox 3054 4531 3185 4583; x_wconf 89' lang='grc' dir='ltr'>Θεοῦ</span> <span class='ocrx_word' id='word_1_698' title='bbox 3235 4523 3478 4602; x_wconf 80' lang='grc' dir='ltr'>ἀγάπης,</span> <span class='ocrx_word' id='word_1_699' title='bbox 3537 4523 3625 4578; x_wconf 85' lang='grc' dir='ltr'>καὶ</span> <span class='ocrx_word' id='word_1_700' title='bbox 3680 4530 3802 4600; x_wconf 84' lang='grc' dir='ltr'>περὶ</span> 
     </span>
    </p>
   </div>
   <div class='ocr_carea' id='block_1_93' title="bbox 404 4606 890 4679">
    <p class='ocr_par' dir='ltr' id='par_1_93' title="bbox 404 4606 890 4679">
     <span class='ocr_line' id='line_1_93' title="bbox 404 4606 890 4679; baseline 0.002 -15"><span class='ocrx_word' id='word_1_701' title='bbox 404 4606 521 4672; x_wconf 82' lang='grc' dir='ltr'>λεῖς</span> <span class='ocrx_word' id='word_1_702' title='bbox 551 4610 890 4679; x_wconf 85' lang='grc' dir='ltr'>συζητήσεις.</span> 
     </span>
    </p>
   </div>
   <div class='ocr_carea' id='block_1_94' title="bbox 484 4695 2055 4782">
    <p class='ocr_par' dir='ltr' id='par_1_94' title="bbox 484 4695 2055 4782">
     <span class='ocr_line' id='line_1_94' title="bbox 484 4695 2055 4782; baseline 0.001 -24"><span class='ocrx_word' id='word_1_703' title='bbox 484 4695 739 4761; x_wconf 78' lang='lat' dir='ltr'><strong>XLVIII.</strong></span> <span class='ocrx_word' id='word_1_704' title='bbox 814 4702 1195 4780; x_wconf 81' lang='grc' dir='ltr'>Προτρεπτικὸς</span> <span class='ocrx_word' id='word_1_705' title='bbox 1278 4701 1340 4758; x_wconf 87' lang='grc' dir='ltr'>ἐκ</span> <span class='ocrx_word' id='word_1_706' title='bbox 1409 4702 1702 4782; x_wconf 83' lang='grc' dir='ltr'>προοιμίων</span> <span class='ocrx_word' id='word_1_707' title='bbox 1762 4705 1835 4766; x_wconf 81' lang='grc' dir='ltr'>εἶς</span> <span class='ocrx_word' id='word_1_708' title='bbox 1892 4703 2055 4780; x_wconf 89' lang='grc' dir='ltr'>μετά-</span> 
     </span>
    </p>
   </div>
   <div class='ocr_carea' id='block_1_95' title="bbox 403 4789 2055 4873">
    <p class='ocr_par' dir='ltr' id='par_1_95' title="bbox 403 4789 2055 4873">
     <span class='ocr_line' id='line_1_95' title="bbox 403 4789 2055 4873; baseline 0.003 -28"><span class='ocrx_word' id='word_1_709' title='bbox 403 4808 573 4862; x_wconf 87' lang='grc' dir='ltr'>νοιαν,</span> <span class='ocrx_word' id='word_1_710' title='bbox 631 4789 719 4845; x_wconf 80' lang='grc' dir='ltr'>καὶ</span> <span class='ocrx_word' id='word_1_711' title='bbox 776 4790 849 4853; x_wconf 81' lang='grc' dir='ltr'>είς</span> <span class='ocrx_word' id='word_1_712' title='bbox 907 4791 968 4848; x_wconf 83' lang='grc' dir='ltr'>τὸ</span> <span class='ocrx_word' id='word_1_713' title='bbox 1023 4790 1183 4869; x_wconf 83' lang='grc' dir='ltr'>ῥητὸν</span> <span class='ocrx_word' id='word_1_714' title='bbox 1225 4800 1320 4850; x_wconf 87' lang='grc' dir='ltr'>τοῦ</span> <span class='ocrx_word' id='word_1_715' title='bbox 1374 4789 1721 4866; x_wconf 84' lang='grc' dir='ltr'>Ἀποστόλου,</span> <span class='ocrx_word' id='word_1_716' title='bbox 1779 4794 1879 4857; x_wconf 69' lang='grc' dir='ltr'>Οὓς</span> <span class='ocrx_word' id='word_1_717' title='bbox 1926 4815 2055 4873; x_wconf 91' lang='grc' dir='ltr'>προ-</span> 
     </span>
    </p>
   </div>
   <div class='ocr_carea' id='block_1_96' title="bbox 403 4874 2053 4958">
    <p class='ocr_par' dir='ltr' id='par_1_96' title="bbox 403 4874 2053 4958">
     <span class='ocr_line' id='line_1_96' title="bbox 403 4874 2053 4958; baseline 0.003 -27"><span class='ocrx_word' id='word_1_718' title='bbox 403 4874 563 4953; x_wconf 85' lang='grc' dir='ltr'>έγνω,</span> <span class='ocrx_word' id='word_1_719' title='bbox 594 4877 808 4943; x_wconf 87' lang='grc' dir='ltr'>τούτους</span> <span class='ocrx_word' id='word_1_720' title='bbox 864 4879 954 4935; x_wconf 85' lang='grc' dir='ltr'>καὶ</span> <span class='ocrx_word' id='word_1_721' title='bbox 1007 4878 1292 4958; x_wconf 83' lang='grc' dir='ltr'>προώρισε,</span> <span class='ocrx_word' id='word_1_722' title='bbox 1353 4880 1441 4935; x_wconf 82' lang='grc' dir='ltr'>καὶ</span> <span class='ocrx_word' id='word_1_723' title='bbox 1498 4880 1571 4944; x_wconf 82' lang='grc' dir='ltr'>εἰς</span> <span class='ocrx_word' id='word_1_724' title='bbox 1630 4879 1697 4935; x_wconf 80' lang='grc' dir='ltr'>τὰ</span> <span class='ocrx_word' id='word_1_725' title='bbox 1748 4877 1870 4947; x_wconf 79' lang='grc' dir='ltr'>ἑξῆς</span> <span class='ocrx_word' id='word_1_726' title='bbox 1902 4897 1917 4912; x_wconf 95' lang='grc'>⁸</span> <span class='ocrx_word' id='word_1_727' title='bbox 1963 4882 2053 4937; x_wconf 86' lang='grc' dir='ltr'>καὶ</span> 
     </span>
    </p>
   </div>
   <div class='ocr_carea' id='block_1_97' title="bbox 400 4964 2051 5046">
    <p class='ocr_par' dir='ltr' id='par_1_97' title="bbox 400 4964 2051 5046">
     <span class='ocr_line' id='line_1_97' title="bbox 400 4964 2051 5046; baseline 0.003 -26"><span class='ocrx_word' id='word_1_728' title='bbox 400 4966 538 5021; x_wconf 81' lang='grc' dir='ltr'>κατὰ</span> <span class='ocrx_word' id='word_1_729' title='bbox 592 4970 695 5021; x_wconf 90' lang='grc' dir='ltr'>τῶν</span> <span class='ocrx_word' id='word_1_730' title='bbox 774 4964 1159 5046; x_wconf 78' lang='grc' dir='ltr'>στρεϐλούντων</span> <span class='ocrx_word' id='word_1_731' title='bbox 1229 4967 1354 5024; x_wconf 69' lang='grc' dir='ltr'>αὐτό</span> <span class='ocrx_word' id='word_1_732' title='bbox 1422 4989 1480 5024; x_wconf 90' lang='grc' dir='ltr'>τε</span> <span class='ocrx_word' id='word_1_733' title='bbox 1557 4969 1646 5024; x_wconf 82' lang='grc' dir='ltr'>καὶ</span> <span class='ocrx_word' id='word_1_734' title='bbox 1726 4975 1900 5025; x_wconf 78' lang='grc' dir='ltr'>πᾶσαν</span> <span class='ocrx_word' id='word_1_735' title='bbox 1954 4970 2051 5038; x_wconf 80' lang='grc' dir='ltr'>τὴν</span> 
     </span>
    </p>
   </div>
   <div class='ocr_carea' id='block_1_98' title="bbox 400 5052 2052 5137">
    <p class='ocr_par' dir='ltr' id='par_1_98' title="bbox 400 5052 2052 5137">
     <span class='ocr_line' id='line_1_98' title="bbox 400 5052 2052 5137; baseline 0.002 -26"><span class='ocrx_word' id='word_1_736' title='bbox 400 5052 541 5111; x_wconf 90' lang='grc' dir='ltr'>θείαν</span> <span class='ocrx_word' id='word_1_737' title='bbox 570 5054 804 5135; x_wconf 77' lang='grc' dir='ltr'>Γραφήν.</span> <span class='ocrx_word' id='word_1_738' title='bbox 839 5064 898 5113; x_wconf 88' lang='lat' dir='ltr'>P.</span> <span class='ocrx_word' id='word_1_739' title='bbox 931 5054 1167 5119; x_wconf 84' lang='grc' dir='ltr'>Πολλοὺς</span> <span class='ocrx_word' id='word_1_740' title='bbox 1197 5055 1405 5127; x_wconf 76' lang='grc' dir='ltr'>ἀκήκοα</span> <span class='ocrx_word' id='word_1_741' title='bbox 1434 5055 1684 5136; x_wconf 90' lang='grc' dir='ltr'>λεγοντας</span> <span class='ocrx_word' id='word_1_742' title='bbox 1713 5063 1817 5115; x_wconf 89' lang='grc' dir='ltr'>τῶν</span> <span class='ocrx_word' id='word_1_743' title='bbox 1847 5057 2052 5137; x_wconf 84' lang='grc' dir='ltr'>ἀνθρώ-</span> 
     </span>
    </p>
   </div>
   <div class='ocr_carea' id='block_1_99' title="bbox 398 5139 1741 5226">
    <p class='ocr_par' dir='ltr' id='par_1_99' title="bbox 398 5139 1741 5226">
     <span class='ocr_line' id='line_1_99' title="bbox 398 5139 1741 5226; baseline 0.004 -27"><span class='ocrx_word' id='word_1_744' title='bbox 398 5163 536 5212; x_wconf 87' lang='grc' dir='ltr'>πων,</span> <span class='ocrx_word' id='word_1_745' title='bbox 572 5139 891 5219; x_wconf 88' lang='grc' dir='ltr'>Ἐπειδήπερ</span> <span class='ocrx_word' id='word_1_746' title='bbox 914 5147 1091 5226; x_wconf 75' lang='grc' dir='ltr'>φασὶν,</span> <span class='ocrx_word' id='word_1_747' title='bbox 1125 5147 1226 5209; x_wconf 77' lang='grc' dir='ltr'>Οὓς</span> <span class='ocrx_word' id='word_1_748' title='bbox 1256 5144 1499 5226; x_wconf 86' lang='grc' dir='ltr'>προέγνω</span> <span class='ocrx_word' id='word_1_749' title='bbox 1529 5148 1557 5203; x_wconf 92' lang='lat'>0</span> <span class='ocrx_word' id='word_1_750' title='bbox 1588 5147 1741 5211; x_wconf 81' lang='grc' dir='ltr'>Θεὸς.</span> 
     </span>
    </p>
   </div>
   <div class='ocr_carea' id='block_1_100' title="bbox 478 5228 2046 5315">
    <p class='ocr_par' dir='ltr' id='par_1_100' title="bbox 478 5228 2046 5315">
     <span class='ocr_line' id='line_1_100' title="bbox 478 5228 2046 5315; baseline 0 -23"><span class='ocrx_word' id='word_1_751' title='bbox 478 5228 679 5294; x_wconf 80' lang='lat' dir='ltr'><strong>XLIX.</strong></span> <span class='ocrx_word' id='word_1_752' title='bbox 712 5234 797 5298; x_wconf 78' lang='grc' dir='ltr'>Εἰς</span> <span class='ocrx_word' id='word_1_753' title='bbox 827 5235 888 5290; x_wconf 80' lang='lat'>10</span> <span class='ocrx_word' id='word_1_754' title='bbox 916 5233 1075 5312; x_wconf 77' lang='grc' dir='ltr'>ῥητὸν</span> <span class='ocrx_word' id='word_1_755' title='bbox 1105 5245 1199 5295; x_wconf 86' lang='grc' dir='ltr'>τοῦ</span> <span class='ocrx_word' id='word_1_756' title='bbox 1240 5233 1591 5312; x_wconf 89' lang='grc' dir='ltr'>Ἀποστόλου,</span> <span class='ocrx_word' id='word_1_757' title='bbox 1647 5236 1702 5292; x_wconf 87' lang='grc' dir='ltr'>ἐν</span> <span class='ocrx_word' id='word_1_758' title='bbox 1756 5237 1802 5313; x_wconf 84' lang='grc' dir='ltr'>ᾧ</span> <span class='ocrx_word' id='word_1_759' title='bbox 1853 5235 1998 5315; x_wconf 89' lang='grc' dir='ltr'>λέγει</span> <span class='ocrx_word' id='word_1_760' title='bbox 2030 5250 2046 5267; x_wconf 90' lang='grc'>⁸</span> 
     </span>
    </p>
   </div>
   <div class='ocr_carea' id='block_1_101' title="bbox 402 5319 2051 5405">
    <p class='ocr_par' dir='ltr' id='par_1_101' title="bbox 402 5319 2051 5405">
     <span class='ocr_line' id='line_1_101' title="bbox 402 5319 2051 5405; baseline 0.001 -25"><span class='ocrx_word' id='word_1_761' title='bbox 402 5322 501 5380; x_wconf 85' lang='grc' dir='ltr'>Καὶ</span> <span class='ocrx_word' id='word_1_762' title='bbox 567 5319 714 5378; x_wconf 70' lang='grc' dir='ltr'>εἶδον</span> <span class='ocrx_word' id='word_1_763' title='bbox 766 5323 858 5380; x_wconf 80' lang='grc' dir='ltr'>τὸν</span> <span class='ocrx_word' id='word_1_764' title='bbox 928 5332 1163 5383; x_wconf 84' lang='grc' dir='ltr'>τοιοῦτον</span> <span class='ocrx_word' id='word_1_765' title='bbox 1220 5326 1293 5389; x_wconf 85' lang='grc' dir='ltr'>εἷς</span> <span class='ocrx_word' id='word_1_766' title='bbox 1363 5324 1533 5405; x_wconf 86' lang='grc' dir='ltr'>τρίτον</span> <span class='ocrx_word' id='word_1_767' title='bbox 1602 5326 1816 5405; x_wconf 70' lang='grc' dir='ltr'>οὐρανὸν</span> <span class='ocrx_word' id='word_1_768' title='bbox 1874 5327 2051 5405; x_wconf 87' lang='grc' dir='ltr'>ἁρπα-</span> 
     </span>
    </p>
   </div>
   <div class='ocr_carea' id='block_1_102' title="bbox 396 5406 2048 5493">
    <p class='ocr_par' dir='ltr' id='par_1_102' title="bbox 396 5406 2048 5493">
     <span class='ocr_line' id='line_1_102' title="bbox 396 5406 2048 5493; baseline 0.004 -29"><span class='ocrx_word' id='word_1_769' title='bbox 396 5406 577 5487; x_wconf 74' lang='grc' dir='ltr'>γέντα,</span> <span class='ocrx_word' id='word_1_770' title='bbox 611 5410 700 5465; x_wconf 82' lang='grc' dir='ltr'>καὶ</span> <span class='ocrx_word' id='word_1_771' title='bbox 754 5410 1049 5469; x_wconf 79' lang='grc' dir='ltr'>ἀκούσαντα</span> <span class='ocrx_word' id='word_1_772' title='bbox 1097 5409 1294 5491; x_wconf 75' lang='grc' dir='ltr'>ἅῤῥητα</span> <span class='ocrx_word' id='word_1_773' title='bbox 1344 5413 1580 5493; x_wconf 85' lang='grc' dir='ltr'>ῥήματα,</span> <span class='ocrx_word' id='word_1_774' title='bbox 1638 5414 1672 5469; x_wconf 83' lang='grc' dir='ltr'><strong>ἃ</strong></span> <span class='ocrx_word' id='word_1_775' title='bbox 1728 5414 1824 5471; x_wconf 71' lang='grc' dir='ltr'>οῦκ</span> <span class='ocrx_word' id='word_1_776' title='bbox 1852 5411 2048 5479; x_wconf 78' lang='grc' dir='ltr'>ἔξεστιν</span> 
     </span>
    </p>
   </div>
   <div class='ocr_carea' id='block_1_103' title="bbox 393 5495 2047 5575">
    <p class='ocr_par' dir='ltr' id='par_1_103' title="bbox 393 5495 2047 5575">
     <span class='ocr_line' id='line_1_103' title="bbox 393 5495 2047 5575; baseline 0.006 -23"><span class='ocrx_word' id='word_1_777' title='bbox 393 5495 651 5575; x_wconf 82' lang='grc' dir='ltr'>ἀνθρώπῳ</span> <span class='ocrx_word' id='word_1_778' title='bbox 690 5496 921 5562; x_wconf 82' lang='grc' dir='ltr'>ἀκούειν.</span> <span class='ocrx_word' id='word_1_779' title='bbox 970 5502 1030 5559; x_wconf 88' lang='grc' dir='ltr'>Τί</span> <span class='ocrx_word' id='word_1_780' title='bbox 1084 5503 1171 5558; x_wconf 83' lang='grc' dir='ltr'>οῦν</span> <span class='ocrx_word' id='word_1_781' title='bbox 1232 5502 1360 5560; x_wconf 76' lang='grc' dir='ltr'>εἰσιν</span> <span class='ocrx_word' id='word_1_782' title='bbox 1416 5502 1451 5557; x_wconf 82' lang='grc' dir='ltr'>ἃ</span> <span class='ocrx_word' id='word_1_783' title='bbox 1506 5501 1735 5573; x_wconf 77' lang='grc' dir='ltr'>ἀκήκοεν</span> <span class='ocrx_word' id='word_1_784' title='bbox 1783 5504 1811 5558; x_wconf 94' lang='lat'>0</span> <span class='ocrx_word' id='word_1_785' title='bbox 1838 5500 2047 5566; x_wconf 86' lang='grc' dir='ltr'>Παῦλος</span> 
     </span>
    </p>
   </div>
   <div class='ocr_carea' id='block_1_104' title="bbox 396 5581 2049 5673">
    <p class='ocr_par' dir='ltr' id='par_1_104' title="bbox 396 5581 2049 5673">
     <span class='ocr_line' id='line_1_104' title="bbox 396 5581 2049 5673; baseline -0.012 -16"><span class='ocrx_word' id='word_1_786' title='bbox 396 5581 596 5673; x_wconf 61' lang='grc' dir='ltr'>ἄρῥητα</span> <span class='ocrx_word' id='word_1_787' title='bbox 656 5586 917 5669; x_wconf 69' lang='grc' dir='ltr'>ῥήματα,</span> <span class='ocrx_word' id='word_1_788' title='bbox 977 5590 1103 5647; x_wconf 83' lang='grc' dir='ltr'>Τίνὰ</span> <span class='ocrx_word' id='word_1_789' title='bbox 1156 5587 1211 5646; x_wconf 80' lang='grc' dir='ltr'>δὲ</span> <span class='ocrx_word' id='word_1_790' title='bbox 1266 5591 1334 5647; x_wconf 78' lang='grc' dir='ltr'>τὰ</span> <span class='ocrx_word' id='word_1_791' title='bbox 1379 5588 1551 5669; x_wconf 78' lang='grc' dir='ltr'>ἀγαθὰ</span> <span class='ocrx_word' id='word_1_792' title='bbox 1580 5590 1614 5648; x_wconf 80' lang='grc' dir='ltr'>ἃ</span> <span class='ocrx_word' id='word_1_793' title='bbox 1656 5589 1922 5673; x_wconf 76' lang='grc' dir='ltr'>ὀφθαλμὸς</span> <span class='ocrx_word' id='word_1_794' title='bbox 1953 5594 2049 5650; x_wconf 63' lang='grc' dir='ltr'>οὐκ</span> 
     </span>
    </p>
   </div>
   <div class='ocr_carea' id='block_1_105' title="bbox 396 5672 2045 5760">
    <p class='ocr_par' dir='ltr' id='par_1_105' title="bbox 396 5672 2045 5760">
     <span class='ocr_line' id='line_1_105' title="bbox 396 5672 2045 5760; baseline 0.005 -31"><span class='ocrx_word' id='word_1_795' title='bbox 396 5672 564 5750; x_wconf 72' lang='grc' dir='ltr'>εἶδεν,</span> <span class='ocrx_word' id='word_1_796' title='bbox 597 5676 686 5732; x_wconf 82' lang='grc' dir='ltr'>καὶ</span> <span class='ocrx_word' id='word_1_797' title='bbox 728 5675 817 5741; x_wconf 83' lang='grc' dir='ltr'>οῦς</span> <span class='ocrx_word' id='word_1_798' title='bbox 870 5680 966 5737; x_wconf 73' lang='grc' dir='ltr'>οὐκ</span> <span class='ocrx_word' id='word_1_799' title='bbox 1013 5675 1228 5759; x_wconf 72' lang='grc' dir='ltr'>ἤκουσε,</span> <span class='ocrx_word' id='word_1_800' title='bbox 1287 5678 1375 5736; x_wconf 83' lang='grc' dir='ltr'>καὶ</span> <span class='ocrx_word' id='word_1_801' title='bbox 1432 5678 1516 5736; x_wconf 83' lang='grc' dir='ltr'>ἐπὶ</span> <span class='ocrx_word' id='word_1_802' title='bbox 1568 5672 1783 5759; x_wconf 84' lang='grc' dir='ltr'>καρδίας</span> <span class='ocrx_word' id='word_1_803' title='bbox 1838 5679 2045 5760; x_wconf 79' lang='grc' dir='ltr'>ἀνθρώ-</span> 
     </span>
    </p>
   </div>
   <div class='ocr_carea' id='block_1_106' title="bbox 2138 4609 3807 4694">
    <p class='ocr_par' dir='ltr' id='par_1_106' title="bbox 2138 4609 3807 4694">
     <span class='ocr_line' id='line_1_106' title="bbox 2138 4609 3807 4694; baseline -0.002 -28"><span class='ocrx_word' id='word_1_804' title='bbox 2138 4609 2457 4687; x_wconf 83' lang='grc' dir='ltr'>ἐλλάμψεως</span> <span class='ocrx_word' id='word_1_805' title='bbox 2513 4612 2601 4667; x_wconf 86' lang='grc' dir='ltr'>καὶ</span> <span class='ocrx_word' id='word_1_806' title='bbox 2657 4613 2873 4692; x_wconf 88' lang='grc' dir='ltr'>θεωρίας</span> <span class='ocrx_word' id='word_1_807' title='bbox 2929 4615 3131 4694; x_wconf 74' lang='grc' dir='ltr'>φωτὸς,</span> <span class='ocrx_word' id='word_1_808' title='bbox 3190 4613 3279 4668; x_wconf 85' lang='grc' dir='ltr'>καὶ</span> <span class='ocrx_word' id='word_1_809' title='bbox 3358 4613 3620 4685; x_wconf 83' lang='grc' dir='ltr'>μυστικῆς</span> <span class='ocrx_word' id='word_1_810' title='bbox 3678 4610 3807 4683; x_wconf 81' lang='grc' dir='ltr'>ὁμι-</span> 
     </span>
    </p>
   </div>
   <div class='ocr_carea' id='block_1_107' title="bbox 2137 4698 3800 4778">
    <p class='ocr_par' dir='ltr' id='par_1_107' title="bbox 2137 4698 3800 4778">
     <span class='ocr_line' id='line_1_107' title="bbox 2137 4698 3800 4778; baseline -0.006 -15"><span class='ocrx_word' id='word_1_811' title='bbox 2137 4698 2254 4763; x_wconf 81' lang='grc' dir='ltr'>λίας</span> <span class='ocrx_word' id='word_1_812' title='bbox 2284 4706 2376 4757; x_wconf 75' lang='grc' dir='ltr'>τοῦ</span> <span class='ocrx_word' id='word_1_813' title='bbox 2428 4700 2756 4777; x_wconf 77' lang='grc' dir='ltr'>Πνεύματος.</span> <span class='ocrx_word' id='word_1_814' title='bbox 2821 4711 2877 4761; x_wconf 90' lang='grc' dir='ltr'>Ρ.</span> <span class='ocrx_word' id='word_1_815' title='bbox 2940 4705 3000 4761; x_wconf 80' lang='grc' dir='ltr'>Εἰ</span> <span class='ocrx_word' id='word_1_816' title='bbox 3058 4701 3208 4758; x_wconf 81' lang='grc' dir='ltr'>δοκεῖ</span> <span class='ocrx_word' id='word_1_817' title='bbox 3259 4700 3454 4778; x_wconf 89' lang='grc' dir='ltr'>τοίνυν,</span> <span class='ocrx_word' id='word_1_818' title='bbox 3483 4698 3800 4775; x_wconf 79' lang='grc' dir='ltr'>ἀκούσωμεν</span> 
     </span>
    </p>
   </div>
   <div class='ocr_carea' id='block_1_108' title="bbox 2135 4788 3805 4871">
    <p class='ocr_par' dir='ltr' id='par_1_108' title="bbox 2135 4788 3805 4871">
     <span class='ocr_line' id='line_1_108' title="bbox 2135 4788 3805 4871; baseline 0.001 -25"><span class='ocrx_word' id='word_1_819' title='bbox 2135 4796 2229 4846; x_wconf 92' lang='grc' dir='ltr'>τοῦ</span> <span class='ocrx_word' id='word_1_820' title='bbox 2287 4794 2541 4870; x_wconf 87' lang='grc' dir='ltr'>Σωτῆρος</span> <span class='ocrx_word' id='word_1_821' title='bbox 2617 4791 2773 4867; x_wconf 76' lang='grc' dir='ltr'>ἡμῶν</span> <span class='ocrx_word' id='word_1_822' title='bbox 2844 4798 2974 4849; x_wconf 91' lang='grc' dir='ltr'>Θεοῦ</span> <span class='ocrx_word' id='word_1_823' title='bbox 3054 4788 3336 4871; x_wconf 82' lang='grc' dir='ltr'>διαῤῥήδην</span> <span class='ocrx_word' id='word_1_824' title='bbox 3391 4789 3648 4866; x_wconf 85' lang='grc' dir='ltr'>βοῶντος,</span> <span class='ocrx_word' id='word_1_825' title='bbox 3710 4790 3805 4847; x_wconf 85' lang='grc' dir='ltr'>καὶ</span> 
     </span>
    </p>
   </div>
   <div class='ocr_carea' id='block_1_109' title="bbox 2135 4876 2408 4958">
    <p class='ocr_par' dir='ltr' id='par_1_109' title="bbox 2135 4876 2408 4958">
     <span class='ocr_line' id='line_1_109' title="bbox 2135 4876 2408 4958; baseline 0.015 -23"><span class='ocrx_word' id='word_1_826' title='bbox 2135 4876 2408 4958; x_wconf 84' lang='grc' dir='ltr'>λέγοντος.</span> 
     </span>
    </p>
   </div>
   <div class='ocr_carea' id='block_1_110' title="bbox 2217 4965 3796 5048">
    <p class='ocr_par' dir='ltr' id='par_1_110' title="bbox 2217 4965 3796 5048">
     <span class='ocr_line' id='line_1_110' title="bbox 2217 4965 3796 5048; baseline -0.001 -18"><span class='ocrx_word' id='word_1_827' title='bbox 2217 4965 2332 5030; x_wconf 76' lang='lat' dir='ltr'>LV.</span> <span class='ocrx_word' id='word_1_828' title='bbox 2367 4969 2492 5048; x_wconf 83' lang='grc' dir='ltr'>Περὶ</span> <span class='ocrx_word' id='word_1_829' title='bbox 2519 4968 2767 5048; x_wconf 87' lang='grc' dir='ltr'>γνώσεως</span> <span class='ocrx_word' id='word_1_830' title='bbox 2822 4968 3079 5038; x_wconf 82' lang='grc' dir='ltr'>ἀληθινῆς</span> <span class='ocrx_word' id='word_1_831' title='bbox 3113 4985 3128 5000; x_wconf 86' lang='grc'><strong>⁹</strong></span> <span class='ocrx_word' id='word_1_832' title='bbox 3174 4969 3263 5027; x_wconf 82' lang='grc' dir='ltr'>καὶ</span> <span class='ocrx_word' id='word_1_833' title='bbox 3318 4967 3400 5027; x_wconf 80' lang='grc' dir='ltr'>ὅτι</span> <span class='ocrx_word' id='word_1_834' title='bbox 3455 4968 3490 5036; x_wconf 81' lang='grc' dir='ltr'><strong>ἡ</strong></span> <span class='ocrx_word' id='word_1_835' title='bbox 3536 4977 3631 5026; x_wconf 87' lang='grc' dir='ltr'>τοῦ</span> <span class='ocrx_word' id='word_1_836' title='bbox 3660 4974 3796 5028; x_wconf 90' lang='grc' dir='ltr'>Θεοῦ</span> 
     </span>
    </p>
   </div>
   <div class='ocr_carea' id='block_1_111' title="bbox 2134 5056 3794 5137">
    <p class='ocr_par' dir='ltr' id='par_1_111' title="bbox 2134 5056 3794 5137">
     <span class='ocr_line' id='line_1_111' title="bbox 2134 5056 3794 5137; baseline 0 -23"><span class='ocrx_word' id='word_1_837' title='bbox 2134 5064 2328 5137; x_wconf 86' lang='grc' dir='ltr'>γνῶσις</span> <span class='ocrx_word' id='word_1_838' title='bbox 2389 5060 2482 5115; x_wconf 79' lang='grc' dir='ltr'>οὒκ</span> <span class='ocrx_word' id='word_1_839' title='bbox 2540 5057 2601 5114; x_wconf 85' lang='grc' dir='ltr'>ἐκ</span> <span class='ocrx_word' id='word_1_840' title='bbox 2664 5060 3016 5136; x_wconf 85' lang='grc' dir='ltr'>μαθημάτων,</span> <span class='ocrx_word' id='word_1_841' title='bbox 3090 5056 3209 5115; x_wconf 79' lang='grc' dir='ltr'>ἀλλ’</span> <span class='ocrx_word' id='word_1_842' title='bbox 3289 5056 3349 5115; x_wconf 87' lang='grc' dir='ltr'>ἐκ</span> <span class='ocrx_word' id='word_1_843' title='bbox 3430 5058 3794 5137; x_wconf 88' lang='grc' dir='ltr'>καθαρότητος</span> 
     </span>
    </p>
   </div>
   <div class='ocr_carea' id='block_1_112' title="bbox 2132 5144 3788 5228">
    <p class='ocr_par' dir='ltr' id='par_1_112' title="bbox 2132 5144 3788 5228">
     <span class='ocr_line' id='line_1_112' title="bbox 2132 5144 3788 5228; baseline 0.001 -27"><span class='ocrx_word' id='word_1_844' title='bbox 2132 5146 2222 5202; x_wconf 85' lang='grc' dir='ltr'>καὶ</span> <span class='ocrx_word' id='word_1_845' title='bbox 2295 5150 2393 5213; x_wconf 87' lang='grc' dir='ltr'>τῆς</span> <span class='ocrx_word' id='word_1_846' title='bbox 2470 5144 2663 5205; x_wconf 75' lang='grc' dir='ltr'>ἄνωθεν</span> <span class='ocrx_word' id='word_1_847' title='bbox 2726 5148 2945 5228; x_wconf 80' lang='grc' dir='ltr'>χάριτος</span> <span class='ocrx_word' id='word_1_848' title='bbox 3022 5147 3309 5227; x_wconf 87' lang='grc' dir='ltr'>ἐπιγίνεται</span> <span class='ocrx_word' id='word_1_849' title='bbox 3364 5149 3444 5221; x_wconf 81' lang='grc' dir='ltr'>τῷ</span> <span class='ocrx_word' id='word_1_850' title='bbox 3499 5144 3788 5227; x_wconf 84' lang='grc' dir='ltr'>σπουδαίῳ,</span> 
     </span>
    </p>
   </div>
   <div class='ocr_carea' id='block_1_113' title="bbox 2135 5232 3794 5318">
    <p class='ocr_par' dir='ltr' id='par_1_113' title="bbox 2135 5232 3794 5318">
     <span class='ocr_line' id='line_1_113' title="bbox 2135 5232 3794 5318; baseline -0.001 -26"><span class='ocrx_word' id='word_1_851' title='bbox 2135 5234 2238 5292; x_wconf 84' lang='grc' dir='ltr'>Καὶ</span> <span class='ocrx_word' id='word_1_852' title='bbox 2265 5232 2346 5291; x_wconf 78' lang='grc' dir='ltr'>ὅτι</span> <span class='ocrx_word' id='word_1_853' title='bbox 2377 5234 2617 5315; x_wconf 82' lang='grc' dir='ltr'>χαλεπὸν</span> <span class='ocrx_word' id='word_1_854' title='bbox 2671 5237 2731 5293; x_wconf 85' lang='grc' dir='ltr'>τὸ</span> <span class='ocrx_word' id='word_1_855' title='bbox 2787 5238 2979 5318; x_wconf 89' lang='grc' dir='ltr'>κρίνειν</span> <span class='ocrx_word' id='word_1_856' title='bbox 3014 5256 3028 5273; x_wconf 94' lang='grc'>⁸</span> <span class='ocrx_word' id='word_1_857' title='bbox 3089 5238 3178 5294; x_wconf 79' lang='grc' dir='ltr'>καὶ</span> <span class='ocrx_word' id='word_1_858' title='bbox 3237 5234 3463 5316; x_wconf 77' lang='grc' dir='ltr'>ἔλεγχος</span> <span class='ocrx_word' id='word_1_859' title='bbox 3523 5239 3630 5294; x_wconf 78' lang='grc' dir='ltr'>τῶν</span> <span class='ocrx_word' id='word_1_860' title='bbox 3675 5235 3794 5291; x_wconf 77' lang='grc' dir='ltr'>οἷο-</span> 
     </span>
    </p>
   </div>
   <div class='ocr_carea' id='block_1_114' title="bbox 2136 5322 3787 5407">
    <p class='ocr_par' dir='ltr' id='par_1_114' title="bbox 2136 5322 3787 5407">
     <span class='ocr_line' id='line_1_114' title="bbox 2136 5322 3787 5407; baseline 0.001 -28"><span class='ocrx_word' id='word_1_861' title='bbox 2136 5322 2310 5400; x_wconf 87' lang='grc' dir='ltr'>μένων</span> <span class='ocrx_word' id='word_1_862' title='bbox 2354 5322 2537 5382; x_wconf 80' lang='grc' dir='ltr'>εἰδέναι</span> <span class='ocrx_word' id='word_1_863' title='bbox 2586 5326 2653 5385; x_wconf 77' lang='grc' dir='ltr'>τὰ</span> <span class='ocrx_word' id='word_1_864' title='bbox 2707 5330 2799 5385; x_wconf 82' lang='grc' dir='ltr'>τοῦ</span> <span class='ocrx_word' id='word_1_865' title='bbox 2855 5327 3158 5403; x_wconf 89' lang='grc' dir='ltr'>Πνεύματος</span> <span class='ocrx_word' id='word_1_866' title='bbox 3203 5326 3372 5407; x_wconf 83' lang='grc' dir='ltr'>χωρὶς</span> <span class='ocrx_word' id='word_1_867' title='bbox 3415 5324 3733 5400; x_wconf 73' lang='grc' dir='ltr'>,Πνεύματος</span> <span class='ocrx_word' id='word_1_868' title='bbox 3768 5339 3787 5355; x_wconf 90' lang='grc'>⁸</span> 
     </span>
    </p>
   </div>
   <div class='ocr_carea' id='block_1_115' title="bbox 2131 5412 3800 5494">
    <p class='ocr_par' dir='ltr' id='par_1_115' title="bbox 2131 5412 3800 5494">
     <span class='ocr_line' id='line_1_115' title="bbox 2131 5412 3800 5494; baseline 0 -26"><span class='ocrx_word' id='word_1_869' title='bbox 2131 5419 2188 5477; x_wconf 80' lang='grc' dir='ltr'>ἐν</span> <span class='ocrx_word' id='word_1_870' title='bbox 2216 5412 2263 5488; x_wconf 80' lang='grc' dir='ltr'>ᾧ</span> <span class='ocrx_word' id='word_1_871' title='bbox 2314 5414 2402 5469; x_wconf 87' lang='grc' dir='ltr'>καὶ</span> <span class='ocrx_word' id='word_1_872' title='bbox 2458 5415 2575 5494; x_wconf 87' lang='grc' dir='ltr'>περὶ</span> <span class='ocrx_word' id='word_1_873' title='bbox 2634 5419 2734 5482; x_wconf 86' lang='grc' dir='ltr'>τῆς</span> <span class='ocrx_word' id='word_1_874' title='bbox 2791 5422 2883 5472; x_wconf 86' lang='grc' dir='ltr'>τοῦ</span> <span class='ocrx_word' id='word_1_875' title='bbox 2951 5416 3257 5490; x_wconf 85' lang='grc' dir='ltr'>Πνεύματος</span> <span class='ocrx_word' id='word_1_876' title='bbox 3318 5413 3652 5491; x_wconf 88' lang='grc' dir='ltr'>ἁγιωσύνης.</span> <span class='ocrx_word' id='word_1_877' title='bbox 3716 5419 3800 5468; x_wconf 79' lang='grc' dir='ltr'>Κα</span> 
     </span>
    </p>
   </div>
   <div class='ocr_carea' id='block_1_116' title="bbox 2131 5500 3793 5582">
    <p class='ocr_par' dir='ltr' id='par_1_116' title="bbox 2131 5500 3793 5582">
     <span class='ocr_line' id='line_1_116' title="bbox 2131 5500 3793 5582; baseline -0.001 -23"><span class='ocrx_word' id='word_1_878' title='bbox 2131 5514 2249 5560; x_wconf 89' lang='grc' dir='ltr'>οῖον</span> <span class='ocrx_word' id='word_1_879' title='bbox 2280 5500 2476 5581; x_wconf 78' lang='grc' dir='ltr'>ἀγαθόν</span> <span class='ocrx_word' id='word_1_880' title='bbox 2520 5503 2661 5560; x_wconf 88' lang='grc' dir='ltr'>ἐστιν</span> <span class='ocrx_word' id='word_1_881' title='bbox 2701 5506 2734 5573; x_wconf 82' lang='grc' dir='ltr'>ἡ</span> <span class='ocrx_word' id='word_1_882' title='bbox 2796 5505 2996 5582; x_wconf 89' lang='grc' dir='ltr'>πίστις,</span> <span class='ocrx_word' id='word_1_883' title='bbox 3058 5505 3146 5562; x_wconf 85' lang='grc' dir='ltr'>καὶ</span> <span class='ocrx_word' id='word_1_884' title='bbox 3198 5506 3277 5567; x_wconf 81' lang='grc' dir='ltr'>τίς</span> <span class='ocrx_word' id='word_1_885' title='bbox 3335 5505 3363 5559; x_wconf 92' lang='lat'>0</span> <span class='ocrx_word' id='word_1_886' title='bbox 3418 5505 3615 5569; x_wconf 86' lang='grc' dir='ltr'>ταύτης</span> <span class='ocrx_word' id='word_1_887' title='bbox 3666 5521 3793 5581; x_wconf 88' lang='grc' dir='ltr'>καρ-</span> 
     </span>
    </p>
   </div>
   <div class='ocr_carea' id='block_1_117' title="bbox 2130 5590 3789 5673">
    <p class='ocr_par' dir='ltr' id='par_1_117' title="bbox 2130 5590 3789 5673">
     <span class='ocr_line' id='line_1_117' title="bbox 2130 5590 3789 5673; baseline -0.001 -24"><span class='ocrx_word' id='word_1_888' title='bbox 2130 5592 2255 5673; x_wconf 77' lang='grc' dir='ltr'>πὸς,</span> <span class='ocrx_word' id='word_1_889' title='bbox 2311 5592 2400 5649; x_wconf 79' lang='grc' dir='ltr'>καὶ</span> <span class='ocrx_word' id='word_1_890' title='bbox 2455 5590 2602 5658; x_wconf 81' lang='grc' dir='ltr'>ὅπως</span> <span class='ocrx_word' id='word_1_891' title='bbox 2646 5592 2917 5660; x_wconf 72' lang='grc' dir='ltr'>αὐξάνεται</span> <span class='ocrx_word' id='word_1_892' title='bbox 2955 5611 2971 5626; x_wconf 94' lang='grc'>⁸</span> <span class='ocrx_word' id='word_1_893' title='bbox 3026 5596 3115 5652; x_wconf 84' lang='grc' dir='ltr'>καὶ</span> <span class='ocrx_word' id='word_1_894' title='bbox 3172 5593 3253 5650; x_wconf 84' lang='grc' dir='ltr'>ὅτι</span> <span class='ocrx_word' id='word_1_895' title='bbox 3310 5594 3359 5650; x_wconf 78' lang='grc' dir='ltr'>οἱ</span> <span class='ocrx_word' id='word_1_896' title='bbox 3408 5592 3499 5649; x_wconf 82' lang='grc' dir='ltr'>τὸν</span> <span class='ocrx_word' id='word_1_897' title='bbox 3529 5592 3789 5671; x_wconf 78' lang='grc' dir='ltr'>θησαυρὸν</span> 
     </span>
    </p>
   </div>
   <div class='ocr_carea' id='block_1_118' title="bbox 2130 5676 3789 5763">
    <p class='ocr_par' dir='ltr' id='par_1_118' title="bbox 2130 5676 3789 5763">
     <span class='ocr_line' id='line_1_118' title="bbox 2130 5676 3789 5763; baseline 0 -27"><span class='ocrx_word' id='word_1_898' title='bbox 2130 5679 2185 5739; x_wconf 87' lang='grc' dir='ltr'>ἐν</span> <span class='ocrx_word' id='word_1_899' title='bbox 2215 5680 2429 5745; x_wconf 76' lang='grc' dir='ltr'>ἑαυτοῖς</span> <span class='ocrx_word' id='word_1_900' title='bbox 2480 5680 2780 5763; x_wconf 81' lang='grc' dir='ltr'>ἐσχηκότες</span> <span class='ocrx_word' id='word_1_901' title='bbox 2832 5693 2930 5744; x_wconf 84' lang='grc' dir='ltr'>κοῦ</span> <span class='ocrx_word' id='word_1_902' title='bbox 2987 5683 3318 5762; x_wconf 86' lang='grc' dir='ltr'>Πνεύματος,</span> <span class='ocrx_word' id='word_1_903' title='bbox 3375 5681 3469 5740; x_wconf 80' lang='grc' dir='ltr'>καὶ</span> <span class='ocrx_word' id='word_1_904' title='bbox 3520 5679 3576 5738; x_wconf 85' lang='grc' dir='ltr'>ἐν</span> <span class='ocrx_word' id='word_1_905' title='bbox 3603 5676 3789 5745; x_wconf 69' lang='grc' dir='ltr'>ἄλλοις</span> 
     </span>
    </p>
   </div>
  </div>
