4160 6420
509 417 620 487 311

1882 415 2189 480 SYMEON
2230 416 2531 480 JUNIOR.

3786 407 3913 474 312

508 574 714 621 omnes
743 573 890 619 suas
911 560 1126 638 partes
1151 559 1402 626 sanctae,
1446 553 1638 614 multo
1668 551 1871 613 minus
1919 550 2398 629 aliquidAtinos
2429 549 2635 631 edens,
2667 549 2739 612 ab
2782 549 3142 632 imperatore
3186 556 3247 611 et
3293 565 3504 628 magno
3549 543 3904 638 Domestico

505 646 870 728 humanum,
885 654 938 708 et
955 664 992 708 a
1004 643 1338 723 majoribus
1354 641 1817 722 diligentissime
1824 647 2156 720 patratum,

507 735 878 815 acceptabile
897 736 1016 797 Deo
1028 733 1392 807 ostendetur,
1408 737 1462 794 et
1477 729 1822 792 hominibus
1833 729 2157 804 laudabile,

494 826 668 908 quod
693 825 998 905 sapientia
1017 829 1074 884 et
1095 839 1374 901 suprema
1398 819 1514 882 Dei
1540 819 1884 899 cognitione
1917 819 2160 882 laudem

506 916 629 978 sibi
648 915 1023 994 adiunctam,
1066 918 1122 974 et
1156 910 1540 992 splendorem
1570 926 1694 971 non
1733 909 1977 972 habent.
2011 909 2161 972 Haec

507 1005 704 1087 igitur
720 1011 1076 1085 preptereos
1089 1006 1192 1080 qui
1207 1002 1277 1062 in
1293 999 1451 1061 bona
1475 997 1870 1073 invehuntur,
1885 999 2158 1061 obsiden-

507 1102 725 1176 turque
745 1093 1106 1160 invidentia.
1133 1088 1560 1152 incredulitate
1585 1094 1639 1150 et
1675 1090 2080 1167 ignoratione,
2119 1106 2156 1150 a

505 1190 684 1247 nonis
697 1184 1013 1264 proposita
1037 1187 1179 1242 sunt
1204 1179 1432 1241 divinis
1459 1176 1746 1239 laudibus
1767 1184 1822 1240 et
1850 1177 2157 1240 amor-ibus

499 1277 911 1352 praeceptoris,
939 1278 1006 1333 ut
1035 1270 1143 1350 qui
1161 1269 1354 1346 primo
1384 1267 1595 1328 statim
1630 1285 1922 1347 aggressa
1941 1268 2008 1330 in
2029 1267 2157 1330 haec

504 1362 885 1442 offenderint,
902 1362 1116 1442 seipsis
1133 1357 1411 1421 meliores
1431 1356 1762 1436 aliquando
1784 1358 2070 1431 evadant,
2097 1365 2158 1420 et

501 1452 805 1514 invidiam
843 1468 915 1513 ac
947 1449 1326 1512 calumniam
1376 1446 1696 1528 repellant,
1741 1446 2157 1527 exlollantque

502 1540 807 1615 laudibus,
831 1550 899 1602 ul
913 1545 1212 1620 poterunt,
1238 1556 1372 1599 eum
1395 1541 1504 1618 qui
1523 1538 1781 1610 actione,
1805 1553 2076 1600 sermone
2099 1545 2155 1600 et

498 1630 907 1710 speculatione
933 1629 1123 1691 Deum
1172 1627 1562 1707 gloriﬁcavit,
1604 1643 1944 1707 nomenque
1970 1646 2155 1708 supra

500 1737 676 1782 omne
704 1738 921 1782 nomen
960 1721 1027 1781 in
1059 1720 1186 1781 suis
1224 1715 1510 1779 membris
1546 1716 1992 1795 sanctiﬁcavit;
2047 1724 2152 1782 aut

503 1815 798 1890 tanquam
827 1811 1127 1871 bonarum
1154 1823 1358 1868 rerum
1366 1806 1592 1884 jejuni,
1626 1811 1682 1868 et
1696 1812 1940 1885 penitus
1955 1807 2150 1870 subli-

2243 639 2521 720 ampliter
2549 631 3064 719 accipitur,carus
3110 639 3229 700 illis
3259 657 3328 700 ac
3373 638 3641 699 intimus.
3681 635 3791 697 Hic
3820 631 3901 695 ad

2242 730 2557 809 quemdam
2573 748 2640 790 ex
2655 729 2750 803 iis,
2770 727 3263 810 quiHesychastae
3274 728 3574 802 dicuntur,
3592 725 3905 808 profectus

2243 817 2484 878 modum
2500 817 2629 880 vitae
2659 817 2958 894 solitariae,
2986 836 3056 880 ac
3075 826 3367 898 praecepta
3389 815 3745 878 obedientize
3779 832 3899 874 au-

2242 905 2423 970 divit:
2456 918 2582 969 tum
2615 927 2731 988 quo
2765 915 2932 988 pacto
2967 907 3418 988 proﬁciscentes
3463 905 3710 967 solitarii
3740 921 3897 984 pau-

2243 995 2402 1056 latim
2436 1005 2495 1057 et
2525 997 2838 1078 tranquille
2889 996 3328 1077 precationibus
3355 995 3592 1062 intenti,
3625 995 3899 1056 exsulta-

2244 1084 2401 1146 tione
2453 1086 2658 1157 animi,
2719 1094 2777 1147 et
2827 1086 3027 1147 divina
3070 1085 3324 1167 quadam
3368 1083 3900 1166 inexplicabilique

2240 1175 2534 1254 voluptate
2564 1176 3018 1256 perfundantur,
3053 1185 3111 1238 et
3140 1175 3328 1238 oculis
3349 1173 3656 1256 corporeis
3686 1173 3898 1235 lumen

2243 1282 2308 1325 se
2342 1265 2807 1344 circumtulgens
2835 1265 3148 1348 aspiciant.
3176 1265 3238 1327 Id
3264 1265 3516 1328 audiens
3543 1264 3897 1328 Barlaamus

2241 1355 2438 1415 statim
2469 1355 2765 1418 solitarios
2795 1356 3078 1418 insectari
3105 1378 3120 1433 ;
3151 1357 3534 1435 impostores,
3577 1353 3894 1418 Massalia-

2240 1462 2370 1518 nos,
2401 1445 2961 1526 Omphalopsychos,
2987 1465 3404 1523 germanorum
3437 1444 3890 1522 Ecclesiaadog-

2240 1542 2457 1594 matum
2493 1543 2890 1616 corruptores,
2925 1544 2982 1598 et
3011 1536 3306 1598 similibus
3333 1535 3464 1597 aliis
3483 1534 3642 1598 notis
3666 1554 3894 1596 nuncu-

2235 1640 2400 1701 pare,
2435 1641 2759 1705 eorumque
2790 1625 3307 1701 consuetudinem,
3343 1635 3620 1706 tanquam
3653 1624 3752 1704 qui
3785 1642 3887 1684 se-

2236 1710 2523 1774 ducerent
2549 1724 2607 1775 et
2635 1713 3089 1790 seducerentur,
3119 1715 3462 1795 fugiendum
3495 1733 3629 1776 esse
3653 1713 3889 1795 publice

2237 1799 2633 1864 disseminare
2659 1822 2672 1866 :
2705 1803 2934 1866 animas
2965 1804 3125 1866 enim
3146 1803 3262 1866 sibi
3289 1803 3363 1864 ob
3388 1803 3688 1884 pietatem,
3711 1822 3889 1884 quam

500 1904 693 1960 mium
713 1898 1202 1976 speculationum
1237 1897 1554 1974 incapaces
1596 1902 1851 1974 prapter
1881 1897 2360 1968 inniitamel‘tB
2389 1909 2454 1952 se
2503 1891 2774 1954 ferebant
2820 1894 3218 1966 concreditas,
3278 1893 3536 1954 maxima
3580 1893 3891 1972 religionis

502 1987 633 2051 illis
645 1988 998 2059 ruditatem,
1025 1986 1101 2048 ab
1119 1988 1248 2066 ipsa
1266 1983 1649 2065 aggressione
1661 1993 1716 2048 et
1731 1987 1946 2048 horum
1969 1989 2154 2068 scrip-

503 2085 706 2140 torum
729 2079 981 2139 curiosae
1019 2075 1419 2152 indagatione
1439 2071 1803 2136 abstineant.
1847 2075 1998 2148 Quin
2035 2080 2151 2139 imo

506 2166 821 2249 publicatis
843 2165 1017 2227 etiam
1037 2161 1416 2227 Orationibus
1441 2162 1710 2243 opposita
1734 2161 2008 2244 Magistro
2040 2167 2153 2228 cri-

502 2256 668 2318 mina
689 2255 931 2317 abluere
947 2252 1400 2328 contenderunt,
1435 2261 1870 2333 oppugnatores
1895 2274 2014 2317 non
2036 2256 2150 2319 alio

499 2365 674 2428 quam
742 2346 1363 2425 Hagiocategororum
1415 2342 1658 2405 nomine
1715 2361 2146 2426 nuncupantes,

499 2437 667 2519 quasi
694 2435 794 2518 qui
822 2434 1172 2516 Symeonem
1207 2432 1526 2512 incusaret,
1562 2433 1936 2497 sanctitatem
1959 2436 2148 2515 ipsam

500 2527 942 2590 criminaretur.
963 2524 1084 2587 Sub
1107 2525 1221 2586 hoc
1241 2523 1406 2584 titulo
1437 2520 1777 2585 Orationem
1802 2523 1958 2587 idem
1981 2527 2152 2590 Nice-

499 2626 588 2680 tas
609 2615 830 2680 edidit:
863 2614 1108 2672 Πιπτέτω
1131 2614 1339 2695 φθόνος,
1373 2615 1402 2668 ὁ
1426 2626 1542 2675 τοῖς
1563 2611 1754 2678 καλοῖς
1778 2623 2039 2697 νεμεσῶν,
2063 2620 2151 2675 καὶ

497 2709 776 2783 ὑμνείσθω,
808 2708 896 2762 καὶ
927 2704 1259 2783 εὐφημείσθω
1302 2705 1330 2758 ὁ
1359 2700 1536 2777 ὕμνων
1567 2704 1655 2783 καὶ
1685 2703 1964 2781 ἐγκωμίων
2006 2730 2148 2764 παν-

498 2782 655 2853 τόξων
685 2795 826 2860 ἄξιος
851 2795 1094 2869 Συμεὼν,
1117 2793 1252 2848 καθᾶ
1279 2792 1365 2847 καὶ
1396 2791 1449 2846 ἐν
1469 2799 1546 2865 τῷ
1580 2782 2040 2875 Ἀγιοκκτηγόρων
2064 2797 2151 2854 λό-

499 2907 582 2963 γῳ
611 2885 745 2959 μετὰ
777 2884 1026 2962 χρήσεων
1057 2884 1208 2960 ἱερῶν
1233 2878 1554 2959 πλατύτερον
1584 2880 1856 2957 ἐξεθέμεθα
1889 2899 1902 2913 ·
1959 2883 2151 2947 Abeat

497 2974 864 3052 invidentia,
913 2987 1046 3050 qua
1085 2986 1322 3049 semper
1367 2967 1549 3031 bonos
1577 2969 1722 3034 edit.
1755 2974 2070 3038 Laudetur
2097 2993 2153 3046 et

496 3065 648 3125 satis
668 3062 892 3141 faustis
931 3059 1175 3122 vocibus
1206 3057 1563 3132 extollatur,
1617 3062 1725 3140 qui
1770 3061 2052 3128 laudibus
2097 3077 2152 3130 et

497 3151 840 3232 omnigenis
863 3149 1150 3212 encomiis
1185 3147 1412 3225 dignus
1444 3147 1825 3229 estSymeon,
1857 3155 2148 3232 quemad-

494 3240 739 3302 modum
767 3239 1054 3301 adversus
1075 3235 1586 3316 Hagiocategoros
1606 3237 1894 3302 Oratione
1918 3250 2150 3306 sancto-

495 3347 633 3394 rum
661 3325 1117 3392 auctoritatibus
1144 3325 1425 3390 adductis
1443 3328 1642 3406 fusius
1671 3329 2142 3410 explicavimus.

575 3506 719 3572 Cum
754 3506 940 3569 turbae
959 3524 1077 3567 non
1099 3504 1476 3586 quiescerent
1493 3503 1746 3587 Symeon
1770 3509 1829 3570 in
1845 3509 2139 3590 judicium

491 3607 754 3672 vocatus,
777 3605 840 3660 et
861 3596 923 3658 in
956 3595 1250 3657 sententia
1270 3595 1597 3675 persistens
1628 3598 2059 3663 condemnatur
2082 3603 2144 3665 in

490 3705 818 3762 carcerem,
853 3704 972 3748 non
1003 3692 1244 3766 propter
1275 3684 1454 3746 [idem
1489 3693 1547 3746 et
1576 3685 1650 3747 ob
1683 3686 1958 3751 defensus
1989 3691 2141 3754 ima-

488 3777 687 3856 gines,
713 3793 859 3858 quas
890 3785 1012 3836 tum
1043 3774 1242 3837 nullus
1292 3775 1690 3855 oppugnabat,
1748 3786 1805 3839 et
1833 3779 2142 3843 ardentem

487 3867 618 3946 ejus
645 3866 862 3936 zelum,
894 3883 1012 3942 quo
1055 3864 1450 3926 effervescens
1504 3865 1728 3926 solutos
1766 3865 2144 3948 imperatoris

2235 1979 2425 2055 clade,
2463 1981 2812 2060 perdebant.
2869 1982 2973 2045 His
3005 1982 3286 2044 commoti
3315 1981 3891 2044 Thessalonicenses

2235 2070 2507 2151 solitarii,
2533 2071 2889 2134 intermissis
2911 2073 3120 2134 amicis
3152 2071 3440 2152 rogabant
3471 2080 3535 2134 ut
3557 2073 3693 2134 talia
3723 2071 3897 2152 loqui

2233 2160 2515 2222 adversus
2546 2161 2935 2243 Hesychaslas
2984 2162 3340 2239 desisteret;
3375 2181 3487 2224 nec
3517 2163 3695 2224 unius
3736 2161 3889 2223 male

2234 2249 2362 2311 sani
2390 2249 2778 2312 instructione
2811 2253 3076 2332 projecte
3106 2261 3366 2314 sanctam
3417 2253 3676 2334 quietem
3710 2252 3887 2313 inva-

2235 2337 2423 2412 deret,
2450 2347 2506 2399 et
2530 2338 2859 2400 maledictis
2882 2341 3309 2420 proscinderet.
3339 2343 3466 2403 Hoc
3483 2340 3706 2402 lumine
3730 2341 3878 2401 mul-

2236 2435 2324 2488 tos
2383 2429 2814 2508 persecutionis
2864 2431 3272 2511 temporibus;
3325 2440 3586 2493 sanctum
3639 2446 3877 2511 quoque

2232 2516 2555 2579 Antonium
2589 2525 2793 2579 contra
2821 2517 3121 2581 daemones
3176 2519 3238 2580 in
3265 2522 3393 2582 acie
3422 2528 3697 2593 stantem,
3729 2537 3874 2580 con-

2233 2610 2474 2668 vestitos
2504 2606 2731 2668 fuisse:
2796 2625 2969 2688 posse
3028 2608 3158 2670 ﬁeri
3217 2611 3275 2672 in
3324 2609 3512 2672 oculis
3568 2613 3883 2690 corporeis

2232 2696 2526 2776 quispiam
2553 2696 2816 2758 divinum
2841 2697 3246 2762 etincreatum
3264 2700 3491 2762 Lumen
3516 2705 3886 2784 contemple-

2234 2784 2684 2879 t_ur._In‘monte
2716 2785 2996 2879 Thabore
3036 2787 3312 2879 homines
3342 2799 3398 2852 et
3428 2793 3624 2858 adhuc
3653 2797 3884 2879 imper-

2233 2873 2392 2950 fecti,
2425 2875 2884 2955 circumt'ulgens
2917 2876 3101 2958 ipsos,
3162 2897 3231 2940 ac
3279 2878 3610 2947 increatum
3654 2873 3882 2954 Luinen

2235 2964 2436 3026 videre
2469 2975 2785 3044 potuerunt
2819 2987 2832 3029 :
2868 2985 2984 3027 non
3017 2985 3148 3028 esse
3179 2968 3418 3045 mirum,
3446 2973 3494 3033 si
3517 2983 3880 3043 nuncsancti

2234 3072 2493 3136 superne
2513 3075 2546 3116 a
2571 3058 2691 3119 Deo
2725 3055 3049 3130 collustrati
3072 3055 3346 3120 dicantur
3366 3061 3477 3123 hoc
3494 3065 3722 3130 Lumen
3744 3089 3879 3132 cer-

2233 3165 2398 3244 nere.
2434 3146 2620 3244 Dictis
2649 3145 2994 3244 Dai‘laamus
3035 3164 3098 3207 se
3124 3148 3454 3244 “continere
3498 3173 3614 3216 non
3666 3161 3880 3244 potuit,

2169 3218 2210 3281 (ἶ
2232 3235 2338 3296 sed
2369 3234 2714 3327 exclamavit
2737 3252 2749 3298 :
2787 3233 2851 3297 Si
2872 3235 3100 3327 Lumen
3121 3233 3266 3298 illud
3287 3257 3480 3327 neque
3500 3259 3595 3305 res

2229 3341 2426 3404 neque
2456 3324 2566 3388 Dei
2597 3332 2806 3385 natura
2835 3331 2947 3404 est,
2979 3326 3171 3386 Deum
3201 3324 3359 3386 enim
3395 3347 3569 3393 nemo
3600 3333 3742 3397 vidit
3773 3324 3886 3400 un-

2227 3431 2426 3494 quam,
2450 3431 2552 3476 vos
2569 3412 2799 3475 duobus
2821 3412 2932 3474 diis
2948 3412 3207 3495 servitis,
3227 3417 3330 3476 uni
3345 3418 3586 3498 quidem
3606 3426 3885 3491 oumium

2227 3503 2586 3585 fabricatori,
2621 3523 2797 3585 quem
2827 3511 2885 3565 et
2915 3504 3402 3585 inaspectabilem
3433 3530 3640 3574 omnes
3681 3519 3884 3580 conﬁ-

2229 3599 2446 3670 tentur,
2481 3595 2651 3655 alteri
2679 3595 2789 3656 sub
2846 3601 3150 3674 aspectum
3205 3594 3460 3674 cadenti,
3505 3613 3562 3662 et
3609 3604 3888 3673 increato

2227 3683 2486 3745 Lumini.
2523 3683 2680 3745 Nihil
2713 3702 2778 3747 se
2809 3701 2842 3744 a
2871 3682 3071 3744 divina
3120 3685 3378 3747 essentia
3426 3687 3750 3771 diversum,
3807 3718 3890 3764 ac

2227 3771 2572 3854 discrepans
2594 3773 2923 3836 increatum
2947 3771 3244 3855 arbitrari,
3270 3795 3451 3856 quare
3471 3778 3616 3860 ipsis
3646 3783 3852 3846 διθεΐαν

2223 3839 2480 3956 duorum
2506 3863 2759 3956 deorum
2775 3863 3002 3925 cultum
3028 3839 3267 3925 crimini
3287 3839 3615 3933 itabat.'Si_c

485 3972 682 4016 mores
713 3952 1140 4033 licentiamque
1184 3950 1434 4013 liberius
1463 3953 1760 4015 accusarit
1806 3956 1964 4037 quod
1998 3977 2141 4022 sane
2223 3950 2367 4012 lium
2402 3952 2703 4032 navigans,
2727 3953 2987 4033 ﬁsusque
3016 3972 3140 4014 suae
3167 3972 3378 4030 causai,
3405 3950 3884 4039 synodum‘con-

484 4061 789 4123 nunquam
818 4041 974 4123 ipse,
1006 4059 1140 4102 cum
1182 4041 1442 4103 carceris
1469 4044 1829 4120 meminerit,
1856 4047 2136 4110 tacuisset
2220 4043 2451 4136 gregari
2479 4043 2658 4103 instat
2693 4061 2706 4105 :
2740 4040 3012 4103 Monachi
3056 4041 3623 4136 Thessalonicenses
3666 4055 3737 4115 ad
3763 4056 3885 4136 ju-

483 4132 640 4214 quod
677 4132 749 4194 ad
780 4132 1236 4213 gloriamipsius
1261 4140 1319 4194 et
1341 4132 1630 4196 universae
1645 4133 1930 4198 Ecclesiae
1949 4145 2136 4202 verte-
2220 4128 2440 4190 (“Cium
2471 4139 2858 4193 accersuntur
2885 4148 2898 4193 ε
2934 4141 2993 4193 el
3024 4150 3156 4193 cum
3183 4131 3509 4213 imperator
3535 4139 3669 4202 lites
3697 4128 3883 4207 coin-

480 4227 668 4282 retur.
731 4219 1084 4284 Theodorus
1137 4219 1366 4282 Studita
1422 4239 1530 4301 sua
1587 4223 1782 4299 exilia,
1819 4226 2129 4306 supplicia,

481 4327 875 4387 carceresque
897 4328 1396 4385 commemorans,
1422 4329 1656 4373 causam
1683 4312 1756 4373 ob
1779 4332 1952 4395 quam
1972 4315 2132 4377 simi-

478 4397 558 4461 lia
587 4398 789 4479 subiit,
824 4417 941 4460 non
972 4398 1212 4460 reticuit
1240 4416 1255 4461 :
1290 4418 1366 4460 ne
1397 4400 1540 4481 quid
1598 4401 1788 4464 dicam
1822 4403 1895 4464 de
1942 4406 2125 4468 Atha-

478 4488 669 4564 nasio,
702 4488 1141 4568 Chrysostomo,
1169 4489 1396 4552 Joanne
1428 4488 1620 4553 Vecco
1652 4500 1708 4553 et
1737 4492 1890 4556 aliis.
1948 4493 2122 4557 Fate-

478 4585 575 4638 tur
606 4595 903 4657 carceres,
959 4596 1195 4640 causam
1252 4587 1407 4641 tacet
1455 4579 1516 4642 in
1562 4589 1720 4642 tanto
1769 4582 2126 4664 scriptorum

475 4685 749 4735 numero.
784 4685 904 4728 non
933 4666 1246 4729 laudabilis
1276 4687 1453 4730 causa
1484 4676 1592 4732 est.
1636 4669 1960 4752 Suspectus
2004 4672 2132 4753 ipse

475 4755 552 4818 de
582 4755 812 4818 scelere
841 4763 951 4819 est.
986 4755 1171 4829 Quem
1224 4757 1405 4838 ﬁnem
1458 4776 1736 4820 carceres
1789 4760 2124 4837 habuerint,

474 4845 617 4906 mihi
638 4863 757 4906 non
786 4844 969 4926 liquet
990 4844 1510 4926 ;subsequentium
1530 4847 1918 4910 nihilominus
1939 4849 2129 4931 scrip-

471 4940 665 4996 torum
695 4933 999 4996 Silentium
1029 4933 1252 4996 indicio
1293 4944 1406 5016 est,
1439 4935 1598 4998 illius
1631 4938 1946 5019 Opiniones
1975 4958 2125 5002 con-

470 5021 803 5099 demnatas,
863 5024 924 5085 in
983 5022 1236 5086 obscuro
1292 5044 1361 5087 ac
1418 5025 1662 5089 latebris
1703 5028 2006 5107 neglectas
2027 5029 2125 5110 ja-

469 5111 684 5174 cuisse.
720 5110 838 5176 Sed
868 5131 1019 5174 novo
1049 5132 1197 5176 nova
1227 5133 1468 5196 semper
1515 5115 1862 5179 audentiam
1907 5118 2059 5180 fastu
2093 5137 2126 5181 e

470 5200 732 5264 tenebris
759 5209 964 5277 erutae,
993 5201 1150 5265 inter
1168 5204 1385 5266 Montis
1405 5205 1543 5266 Athi
1567 5206 1890 5269 monachos
1917 5215 2124 5270 aucto-

467 5288 710 5352 ritatem
741 5288 1148 5365 obtinuerunt,
1193 5293 1388 5355 donec
1435 5294 1800 5376 Barlaamus,
1835 5305 1899 5357 ut
1927 5304 2128 5358 narrat

469 5377 934 5460 Cantacuzenus,
968 5378 1189 5442 Histor.
1225 5381 1306 5443 lib
1328 5399 1395 5457 n,
1420 5401 1454 5444 c
1478 5383 1749 5446 Calabria
1769 5387 2118 5462 Monachus,

467 5475 641 5531 acuto
671 5467 762 5530 vir
790 5467 1026 5548 ingenio
1058 5478 1117 5533 et
1147 5470 1504 5554 perspicaci,
1539 5482 1595 5534 et
1617 5473 1816 5553 lingua
1846 5474 2119 5537 disertis-

465 5555 678 5637 simus,
695 5575 764 5619 ex
773 5565 896 5620 tera
910 5557 1137 5639 pbiloso
1145 5559 1394 5640 phorum
1407 5611 1422 5637 ,
1437 5571 1756 5644 nostraque
1769 5575 2113 5627 sanctorum

463 5644 703 5708 Patrum
753 5647 1027 5710 doctrina
1059 5647 1349 5731 imbutus,
1392 5649 1878 5715 Thessalonicam
1928 5653 2112 5717 adve-

464 5732 660 5814 nians,
692 5742 751 5800 et
778 5735 966 5801 multa
982 5735 1044 5801 in
1060 5737 1373 5819 religionis
1411 5741 1648 5822 negotio
1679 5742 1964 5808 adversus
1996 5743 2111 5807 La-

2218 4237 2440 4298 ponere
2475 4221 2789 4297 niteretur,
2827 4228 2885 4284 et
2912 4221 3402 4287 altercationibus
3455 4230 3693 4292 modum
3738 4235 3885 4300 ﬁeri

2215 4306 2573 4393 hortaretur,
2596 4311 2900 4374 Barlaamo
2928 4311 3084 4373 haud
3111 4313 3477 4392 quiescente,
3512 4321 3735 4399 synodo
3766 4344 3887 4389 ne-

2211 4397 2437 4474 gotium
2461 4401 2872 4493 committitur.
2900 4400 3362 4493 Praesidentibus
3392 4397 3590 4487 itaque
3613 4428 3688 4471 tm
3697 4431 3886 4493 pera-

2213 4493 2352 4580 tore
2371 4495 2428 4548 et
2451 4489 2786 4568 patriarcha
2818 4507 3053 4550 necnon
3083 4490 3342 4580 reliquis
3368 4489 3880 4580 episcopis—pro-

2210 4575 2448 4669 cetibus
2488 4587 2547 4641 et
2575 4578 2954 4642 senatoribus
2980 4578 3380 4643 assidentibus
3424 4583 3483 4645 in
3518 4575 3734 4669 templo
3764 4593 3880 4654 di-

2217 4664 2366 4727 vinae
2396 4665 2714 4748 Sapientiae
2758 4669 3016 4749 synodus
3064 4671 3312 4749 cogitur.
3350 4664 3657 4738 Barlaamo
3685 4681 3882 4748 veluti

2212 4760 2395 4845 actori
2430 4757 2654 4837 primus
2684 4757 2928 4819 dicendi
2951 4757 3117 4818 locus
3134 4758 3308 4821 datus
3328 4771 3438 4838 est,
3465 4764 3564 4845 qui
3595 4766 3875 4836 libellum

2212 4843 2286 4904 de
2315 4844 2388 4936 iis
2418 4844 2595 4936 rebus
2627 4845 2894 4909 Patribus
2928 4847 3196 4928 porrigit,
3229 4849 3302 4910 ad
3325 4869 3451 4912 rem
3483 4843 3872 4936 “prepositam

2208 4934 2389 5030 verba
2417 4935 2656 5016 adjecit,
2713 4937 2950 5030 tandem
3001 4939 3323 5001 monachos
3368 4934 3713 5008 criminatus
3744 4959 3869 5030 est,

2208 5023 2365 5103 quod
2399 5043 2594 5106 neque
2627 5025 3029 5107 precationem
3061 5045 3236 5107 quam
3270 5047 3335 5091 se
3365 5031 3674 5097 celebrare
3704 5023 3878 5102 dice;

2213 5120 2370 5208 rent,
2405 5113 2629 5196 absque
2660 5115 2896 5208 deiectu
2929 5123 2987 5177 et
3024 5115 3452 5208 convenienter
3483 5125 3820 5202 proferrent
3850 5153 3868 5208 ;

2209 5201 2316 5262 sed
2349 5212 2620 5300 egentem
2653 5204 3308 5300 additamento,_idque
3338 5207 3465 5289 ipse
3514 5201 3869 5300 adjiciebat,

2210 5291 2438 5372 utquod
2455 5295 2715 5369 deesset,
2736 5293 3063 5375 suppleret.
3093 5293 3205 5356 Pro
3226 5300 3531 5361 monachis
3551 5291 3874 5381 respondit.

2207 5381 2494 5458 Palamas,
2531 5393 2590 5444 et
2639 5392 3001 5458 sanctorum,
3056 5393 3114 5446 et
3170 5386 3482 5465 theologia:
3522 5391 3866 5471 peritorum

2204 5471 2515 5534 hominum
2535 5474 2725 5537 etlatis
2743 5474 3104 5566 contrarium
3127 5477 3448 5540 astruebat.
3475 5479 3868 5566 Docebatque

2202 5561 2403 5624 lumen
2423 5563 2484 5624 in
2508 5563 2768 5640 Thabor,
2794 5584 2910 5646 quo
2935 5564 3210 5647 discipuli
3231 5566 3504 5631 illustrati
3527 5580 3684 5646 sunt,
3721 5561 3865 5638 esse

2199 5653 2446 5731 gloriam
2466 5655 2571 5718 Dei
2592 5653 2880 5736 principio
2905 5667 3202 5720 carentem
3229 5666 3289 5719 et
3312 5661 3674 5741 majestatem
3695 5664 3857 5743 ejus,

2199 5751 2258 5807 et
2280 5743 2483 5809 lumen
2505 5743 2837 5808 Divinitatis
2858 5756 2914 5810 et
2937 5745 3256 5825 Deitatem,
3306 5757 3364 5812 et
3387 5751 3652 5817 naturale
3673 5761 3859 5818 aeter-
