4160 6444
382 372 504 441 at:
1906 376 2255 443 NOTITIA.
2313 465 2320 469 _
3667 370 3788 439 314

395 529 654 594 numque
671 511 780 577 Dei
804 512 1036 588 lumen,
1063 520 1123 577 et
1147 531 1536 597 quacumque
1556 511 1669 576 alia
1688 531 1723 575 a
1745 510 2041 590 theologis
2060 508 2110 572 A
2131 526 2264 571 esse
2293 508 2369 572 de
2398 507 2677 591 dogmate
2702 509 2778 573 ob
2799 509 3174 592 prasentiam
3205 508 3501 592 imperita
3520 506 3793 597 multitue

393 603 470 665 de
493 602 591 663 illo
612 602 1242 686 dicuntur;deinceps
1264 596 1658 666 concludebat
1677 610 1961 665 aternum
1989 609 2048 665 et
2129 596 2309 670 dinis,
2345 606 2465 661 tum
2500 618 2575 662 ne
2627 600 2938 681 theologia
2988 599 3269 679 mysteria
3319 598 3580 681 profanis
3628 596 3792 686 vulgi

389 692 664 754 naturale
694 692 798 754 Dei
832 712 952 754 non
981 713 1114 756 esse
1144 685 1474 768 conditum,
1510 712 1621 756 nec
1643 694 1773 773 ejus
1796 692 2042 773 gloriam
2128 686 2372 751 auribus
2403 688 2841 769 ingererentur,
2880 699 3004 752 tum
3036 708 3112 752 ne
3142 689 3410 751 Palamas
3431 696 3638 750 contra
3671 685 3765 747 dis

385 788 447 842 et
479 782 877 859 majestatem,
911 801 1024 844 nec
1052 782 1338 864 quidquid
1386 783 1525 845 illud
1581 781 1781 843 lumen
1810 803 1840 842 a
1875 782 2049 843 theo-
2132 784 2375 856 putante
2406 777 2720 840 Barlaamo
2751 778 3116 860 blasphema
3146 776 3434 839 doctrina
3465 773 3789 837 convince-

382 870 541 949 logis
573 889 707 932 esse
738 871 1135 950 pradicatur;
1171 881 1293 934 tum
1320 872 1570 934 Tomum
1602 891 1634 932 a
1660 870 1966 933 monachis
1989 870 2049 932 in
2130 874 2298 927 retur
2332 884 2345 929 :
2378 877 2435 928 ct
2463 868 2836 930 Barlaamnm
2861 868 3325 930 condemnatum
3351 885 3469 928 non
3489 864 3644 946 quod
3671 882 3791 925 non

386 960 546 1022 Atho
580 959 846 1021 habitant
872 959 983 1022 bus
1013 961 1408 1042 compositum
1462 979 1762 1041 promens,
1809 978 1875 1021 se
1914 979 2047 1021 cum
2133 954 2379 1017 sentiret
2401 974 2469 1017 ea
2493 976 2625 1037 qua
2646 956 2933 1033 Palamas,
2959 957 3062 1019 sed
3097 976 3166 1019 ex
3189 956 3321 1019 aliis
3343 954 3530 1035 ipsius
3554 952 3790 1042 scriptis

390 1047 617 1111 sanctis
643 1052 1004 1121 consentire,
1039 1041 1195 1112 dicta
1244 1069 1384 1111 vero
1431 1048 1725 1113 Barlaami
1777 1062 2052 1129 perversa
2133 1043 2562 1108 malevolentia
2617 1057 2678 1109 et
2710 1047 3072 1126 pertinacia,
3128 1055 3186 1108 et
3237 1046 3298 1106 in
3349 1043 3556 1126 primis
3584 1041 3786 1121 gloria

395 1137 669 1217 dogmata
701 1157 834 1200 esse
867 1140 1257 1201 monstrabat.
1294 1138 1439 1201 Cum
1476 1147 1605 1218 post
1655 1138 1889 1216 longam
1920 1137 2049 1199 dis-
2132 1131 2491 1213 cupiditatis,
2555 1137 2876 1200 convictus.
2939 1136 3271 1199 Audiatur:
3338 1144 3502 1194 Τοῦτο
3573 1131 3629 1189 δὲ
3697 1132 3787 1187 καὶ

398 1226 762 1307 putationem
797 1227 1044 1289 victoria
1091 1229 1164 1289 ad
1221 1227 1572 1307 Gregorium
1625 1235 1683 1288 et
1725 1228 2043 1289 monachos

2130 1222 2222 1279 Ἵνα
2253 1225 2328 1299 μὴ
2360 1222 2504 1290 δίκας
2535 1226 2733 1287 ἀτόπου
2784 1226 3029 1305 γλώττης
3059 1230 3146 1284 καὶ
3179 1227 3399 1305 γνώμης
3430 1223 3659 1286 διδόντος
3692 1227 3784 1278 τοῦ

393 1315 730 1385 inclinaret,
758 1316 1103 1379 Barlaamus
1134 1318 1364 1388 videns,
1399 1336 1518 1379 non
1549 1315 1929 1396 eﬂ‘ugiturum
1955 1335 2042 1393 se,

2130 1311 2406 1393 Βαρλειὰμ,
2480 1313 2625 1380 δίκαις
2694 1317 3013 1398 βλασφήμου
3068 1339 3126 1373 τε
3185 1318 3273 1373 καὶ
3328 1316 3541 1393 ἀκαίρου
3595 1309 3783 1369 θεολο-

389 1405 534 1487 quiu
565 1406 1045 1470 maledicentiam
1078 1426 1243 1469 suam
1285 1415 1344 1471 et
1375 1406 1791 1468 scurrilitatem
1828 1410 2041 1488 lueret,

384 1496 457 1554 ad
491 1516 776 1574 magnum
825 1496 1217 1559 domesticum
1263 1497 1494 1559 accedit
1535 1496 1607 1558 ab
1656 1516 1724 1558 eo
1778 1495 2046 1574 flagitans

382 1585 677 1645 auxilium
712 1586 1141 1661 etconsilium,
1192 1606 1309 1668 quo
1339 1586 1749 1648 imminentem
1811 1604 2043 1665 partam

383 1675 691 1736 evaderet.
727 1674 965 1754 Magnus
986 1675 1348 1738 domesticus
1378 1676 1572 1739 olﬁcia
1601 1693 1707 1736 sua
1752 1674 2041 1754 promisit,

2312 1401 2337 1423 ν
2371 1402 2391 1423 Ὗ
2642 1413 2665 1423 ν
2806 1409 2819 1423 ι
2887 1410 2899 1423 ο
2970 1414 3013 1423 νο
3051 1405 3071 1423 \
3169 1413 3193 1422 αν
3367 1404 3380 1423 ν
3486 1406 3536 1423 *Δ
3682 1400 3694 1423 9
3742 1399 3780 1423 ςὲ

2127 1401 2244 1478 γίας
2303 1401 2480 1484 ὀζολων
2535 1413 2672 1487 φκνῇ
2737 1409 2824 1464 καὶ
2882 1410 2910 1464 ὁ
2968 1405 3249 1481 Παλχμᾶς,
3323 1404 3596 1460 κάντεῦθεν
3672 1401 3786 1455 ἀντὶ

2126 1494 2225 1556 τῆς
2256 1490 2619 1570 ἁρμοττούσης
2677 1510 2793 1560 τοῖς
2846 1497 3149 1576 πράγμασιν
3209 1495 3421 1573 εὶρήνης
3477 1493 3564 1547 καὶ
3622 1489 3778 1545 εὔτα-

2127 1576 2256 1651 ξίπς,
2332 1580 2546 1662 θόρυϐος
2625 1583 2842 1663 γένηταιι
2911 1588 2999 1642 καὶ
3072 1584 3398 1663 ἀτέκμαρτος
3467 1581 3727 1660 σύγχυσις
3762 1592 3775 1606 ⁸

2127 1666 2243 1725 ὅθεν
2273 1672 2337 1729 τὰ
2363 1677 2460 1739 τῆς
2509 1675 2676 1754 εὐχῆς
2721 1677 2793 1738 εἰς
2847 1675 3006 1751 μέσον
3064 1674 3259 1731 ἐτίθετο
3293 1689 3305 1702 ⁶
3366 1673 3431 1729 τὰ
3462 1668 3518 1726 δὲ
3549 1675 3645 1736 τῆς
3675 1673 3779 1723 τῶν

386 1763 785 1844 hortaturque
814 1782 889 1825 ne
920 1774 1292 1845 exspectaret
1336 1773 1528 1827 atrum
1587 1764 1902 1838 calculum,
1938 1762 2043 1825 sed

2132 1758 2516 1818 Μασσκλιεκνῶν
2570 1764 2816 1844 αἱρέσεως
2872 1765 2958 1822 ἐπὶ
3024 1764 3229 1827 τούτοις
3286 1761 3620 1841 ἐγκλήματι,
3682 1755 3780 1812 ὅσκ

394 1851 591 1932 potius
603 1852 868 1933 priorem
889 1853 1018 1936 ipse
1040 1853 1358 1934 inscitiam,
1380 1862 1436 1916 et
1452 1854 1710 1934 agnitam
1738 1852 2042 1916 veritatem

2130 1849 2265 1936 am
2293 1857 2383 1907 τοῦ
2412 1850 2640 1928 Παλαιμὰ
2681 1855 3035 1936 προ-Βιτεείνετο⁷
3086 1854 3355 1932 ὑπέρθεσιν
3404 1852 3477 1913 εἷς
3525 1846 3780 1927 βραχείας

396 1941 593 2021 palam
619 1934 931 2017 fateretur,
956 1942 1348 2005 assentirctur
1389 1962 1524 2004 cum
1556 1942 1798 2017 sanctis,
1834 1951 1896 2004 et
1924 1942 2043 2003 ini-

2131 1934 2293 2019 ἔσχον
2317 1939 2519 2020 ἡμέρας
2546 1958 2559 1971 ⁸
2620 1946 2708 2001 καὶ
2736 1946 2780 2001 εἰ
2810 1948 2887 2022 μὴ
2917 1948 2945 2002 ὁ
2974 1934 3066 2005 τοῦ
3096 1942 3356 2022 βασιλέως
3404 1940 3586 1997 εἵπετο
3616 1935 3781 1993 κατό-

400 2030 655 2092 micitias
673 2050 798 2093 cum
825 2033 1132 2093 monachis
1158 2040 1424 2113 poneret,
1443 2032 1529 2093 sic
1552 2031 1845 2092 innocuus
1868 2032 2042 2092 vitam

395 2130 621 2197 ageret,
654 2121 956 2182 monachis
985 2121 1238 2197 amicus,
1284 2121 1384 2203 qui
1414 2140 1530 2183 non
1566 2120 1851 2183 conviciis
1881 2120 1943 2199 in,
1981 2139 2047 2182 se

393 2208 618 2280 etl‘nsis,
650 2209 751 2269 sed
789 2210 1157 2290 perversitati
1190 2209 1924 2287 doctrinaccclesiastica
1943 2228 2045 2271 re-

385 2295 694 2360 sisterent.
729 2299 1081 2362 Al'tirmabat
1111 2299 1455 2363 Barlaamus
1507 2298 1794 2381 optimum
1844 2298 1956 2361 sibi
1982 2298 2041 2361 id

381 2385 582 2448 videri
601 2386 915 2450 consilium
942 2407 957 2452 :
992 2387 1205 2450 ti'nere
1231 2398 1452 2462 tamen,
1481 2407 1554 2451 ne
1576 2387 2045 2470 postconfessio-

381 2493 527 2536 nem
557 2475 759 2557 aliqua
788 2479 1139 2541 multaretur
1161 2478 1510 2559 ignominia,
1538 2497 1669 2539 cum
1700 2477 1961 2558 probatis
1985 2484 2042 2538 et

380 2566 651 2647 receptis
674 2567 1047 2647 dogmatibus
1068 2587 1133 2630 se
1154 2569 1500 2650 opposuerit
1525 2588 1540 2643 ;
1568 2566 1816 2648 proinde
1837 2566 2047 2643 sitalia

382 2673 672 2737 passurus
701 2664 878 2731 esset,
916 2656 1129 2719 melius
1160 2657 1397 2719 silentio
1416 2657 1620 2720 tulisse
1636 2655 1956 2737 judicium,
1982 2663 2045 2717 ut

381 2754 448 2807 et
480 2748 543 2805 in
578 2752 883 2825 posterum
916 2745 1030 2807 sibi
1060 2745 1274 2809 factam
1319 2746 1602 2827 injuriam
1653 2754 1711 2807 et
1745 2745 2041 2825 judicium

380 2833 577 2915 possit
602 2852 910 2898 revocare.
945 2833 1088 2898 Cum
1124 2854 1370 2914 magnus
1419 2828 1784 2896 domesticus
1812 2834 2042 2912 {mone-

373 2932 494 2994 ret,
532 2941 612 2985 ne
642 2924 787 3004 quid
819 2924 1112 3005 ejusmodi
1144 2943 1211 2987 se
1254 2933 1543 3007 prasente
1595 2930 1909 2997 metueret,
1943 2922 2045 2984 ille

376 3011 625 3076 medius
654 3020 817 3073 stans
862 3013 1218 3093 praeteritam
1249 3012 1647 3093 ignorantiam
1698 3011 2039 3085 conﬁtetur,

2128 2049 2220 2082 πιν
2248 2027 2497 2110 αἰφνίδιος
2552 2033 2797 2114 θάνατος,
2857 2033 2997 2116 ταχὺ
3046 2036 3106 2092 τὸ
3158 2033 3322 2112 πέρας
3369 2026 3663 2104 ἐλάμϐανον
3719 2023 3782 2079 ἂν

2129 2120 2181 2174 αἱ
2210 2120 2368 2179 αὐτοῦ
2415 2120 2630 2202 σφοδραὶ
2679 2127 2815 2181 κατὰ
2856 2131 2955 2193 τῆς
3010 2125 3254 2205 αἱρέσεως
3304 2128 3403 2189 τῆς
3464 2117 3780 2193 Παλαμικῆς

2127 2206 2460 2287 ἐπαγγελίαι.
2495 2212 2632 2291 Λέγο
2680 2212 2745 2279 δὴ
2787 2216 2884 2283 τὴν
2943 2215 3176 2291 ἐκτομὴν
3238 2217 3423 2282 αὐτῆς,
3484 2206 3782 2286 μελλούσης

2128 2294 2203 2354 ἔτι
2256 2299 2491 2377 φύεσθαι.
2552 2305 2650 2361 Καὶ
2701 2304 2793 2361 ἵνκ
2849 2306 2943 2361 τὰν
3001 2305 3147 2379 μέσῳ
3201 2300 3461 2379 συντέμω,
3510 2298 3587 2374 μὴ
3646 2318 3781 2375 συγ-

2124 2390 2372 2467 χορηθεὶς
2442 2392 2470 2446 ὁ
2540 2390 2794 2472 Βχρλαὰμ
2848 2391 3119 2458 ἀποδεῖξαι
3175 2393 3242 2448 τὰ
3295 2386 3683 2469 προτεινόμενά
3734 2386 3783 2440 οἱ

2126 2483 2230 2533 τῶν
2297 2476 2615 2559 θεολογικῶν
2714 2481 3090 2560 ἐγκλημάτων,
3167 2479 3234 2537 δι’
3314 2477 3479 2558 ἅσπερ
3551 2475 3782 2556 ἔφθημεν

2127 2568 2397 2646 εἰρηκότες
2473 2571 2667 2646 αἰτίας,
2739 2572 2790 2638 ἐξ
2828 2572 3052 2652 »ἑτέρων
3122 2571 3282 2627 αὒτοῦ
3353 2566 3783 2647 συγγραμμάτων

2124 2659 2355 2733 ἡττήθη,
2415 2662 2503 2717 καὶ
2562 2660 2885 2743 ἀπηλέγχθη
2938 2660 3392 2741 κακογνωμοσύνῃ
3461 2659 3551 2714 καὶ
3617 2658 3783 2714 αὐθαι-

2125 2744 2204 2820 δίᾳ
2234 2750 2472 2813 σύνοικος
2529 2750 2627 2825 ὢν,
2686 2753 2774 2808 καὶ
2820 2750 2972 2819 δόξης
3021 2748 3294 2826 δημώδους
3338 2749 3393 2812 ἐς
3441 2748 3507 2805 τὰ
3556 2743 3787 2821 μάλιστα

2126 2835 2371 2916 ἐραστής
2385 2834 2533 2901 Tum
2545 2857 2624 2902 ne
2636 2857 2773 2903 cum
2786 2839 3079 2902 Barlaum
3089 2858 3153 2901 us
3171 2840 3388 2919 ineptae
3404 2833 3785 2917 loquacitatis

2126 2932 2185 2988 et
2202 2929 2426 2991 mentis
2443 2947 2651 3009 partas
2664 2930 2868 3008 lueret,
2894 2929 3177 2993 Palamas
3202 2927 3559 3009 blasphemas
3584 2930 3640 2988 et
3664 2925 3783 2985 im-

2123 3025 2405 3095 portunae
2426 3019 2742 3100 theologia
2768 3039 2910 3083 reus
2936 3037 3063 3084 esse
3085 3020 3425 3083 videretur:
3453 3021 3628 3095 atque
3644 3012 3785 3074 inde

378 3100 455 3163 ob
492 3101 680 3162 stulte
708 3099 863 3191 dicta
895 3101 1126 3165 veniam
1171 3103 1341 3184 petit,
1372 3120 1462 3177 se,
1496 3119 1636 3191 cum,
1661 3100 1807 3191 alios
1839 3118 2041 3191 errare
2063 3105 2105 3168 (ι
2126 3110 2252 3169 loco
2273 3109 2464 3186 pacis,
2487 3099 2667 3187 quam
2680 3129 2774 3172 res
2790 3110 3349 3191 ﬂagitabantatque
3365 3107 3505 3171 boni
3525 3104 3781 3178 ordinis,

383 3191 753 3269 opinaretur,
787 3189 860 3252 ad
893 3210 1099 3254 eorum
1130 3210 1395 3255 errorem
1428 3190 1867 3252 emendandum
1900 3189 2042 3250 dili-

390 3279 646 3356 gentiam
678 3278 1029 3343 adhibuisse
1060 3300 1075 3342 :
1112 3299 1271 3343 nunc
1322 3280 1473 3342 nihil
1520 3278 1593 3340 ab
1626 3278 1699 3339 iis
1729 3277 2043 3359 dissidere,

396 3374 456 3430 et
482 3368 544 3428 in
571 3367 848 3431 Thabore
880 3370 1083 3432 lumen
1113 3369 1363 3451 gloriam
1397 3368 1499 3430 Dei
1526 3366 1805 3447 principii
1840 3385 2048 3447 exper-

400 3464 547 3531 tem,
572 3466 627 3520 et
645 3467 927 3521 aternum
952 3479 1083 3523 esse
1109 3460 1311 3522 lumen
1325 3459 1576 3521 credere
1597 3475 1686 3538 se,
1710 3466 1886 3537 atque
1907 3474 2048 3518 con—

400 3545 584 3608 fiteri.
613 3545 771 3611 Nunc
805 3547 1128 3628 Gregorius
1157 3568 1291 3611 cum
1326 3555 1485 3631 cata
1529 3564 1636 3607 suo
1672 3547 2044 3609 Barlaamum

398 3635 931 3716 complexiveniam
958 3637 1274 3718 prateritis
1293 3636 1613 3708 dederunt,
1629 3631 1869 3714 Deoque
1883 3632 2044 3713 pacis

394 3731 452 3787 et
470 3727 802 3790 concordia
825 3727 1045 3807 gratias
1084 3736 1356 3806 egerunt.
1387 3727 1458 3789 Et
1478 3725 1589 3786 hac
1610 3723 1841 3784 ratione
1864 3741 2044 3802 syno-

388 3812 503 3876 dus
534 3813 780 3878 dimissa
811 3825 922 3881 est.
953 3816 1299 3880 Barlaamus
1323 3834 1438 3877 non
1462 3814 1562 3876 diu
1596 3820 1745 3894 post,
1781 3812 2042 3891 impera-

388 3910 519 3964 tore
576 3902 879 3980 defuncto,
936 3904 1133 3966 denuo
1192 3904 1357 3966 litem
1403 3901 1587 3976 novit,
1648 3917 1705 3963 et
1748 3898 2042 3981 judicium

385 3992 561 4055 valde
616 3995 991 4058 claudicasse
1048 3994 1359 4058 clamitans
1408 3993 1470 4055 in
1519 3991 1746 4055 Italiam
1795 3988 2040 4068 aufugit.

2126 3195 2419 3259 tumultus
2429 3201 2702 3275 etingens
2713 3198 2990 3279 confusio
3003 3198 3566 3261 oriretur.Primum
3580 3196 3785 3275 itaque

2125 3287 2389 3348 crimina
2404 3289 2776 3367 precationis
2808 3287 3333 3369 proponebantur.
3365 3285 3517 3362 Qua:
3539 3301 3684 3347 vero
3706 3282 3785 3345 ad

2128 3373 2561 3437 Massulianam
2576 3377 2850 3440 haresim
2862 3385 2939 3451 ,et
2953 3394 3086 3458 qua:
3097 3376 3226 3439 alia
3242 3384 3453 3438 contra
3462 3374 3784 3437 Palamam

2126 3463 2560 3542 efferebantur,
2620 3467 3034 3546 pertinebunt,
3068 3469 3137 3528 in
3162 3482 3388 3545 paucos
3434 3465 3563 3526 dies
3588 3461 3787 3525 dilata

2125 3559 2299 3627 sunt;
2322 3560 2374 3615 et
2388 3555 2509 3616 nisi
2520 3572 2663 3617 mox
2676 3556 3025 3636 imperatori
3044 3573 3203 3618 mors
3217 3562 3528 3617 consecuta
3542 3554 3781 3632 fuisset,

2126 3640 2408 3704 celeriter
2425 3642 2802 3707 vehementes
2827 3647 2887 3707 in
2912 3643 3295 3708 Palamieam
3316 3644 3599 3706 haeresim
3625 3642 3782 3704 ueli-

2127 3734 2383 3793 totiones
2415 3731 2704 3796 absolutae
2731 3743 2925 3796 essent
2948 3757 2961 3798 :
2990 3736 3103 3797 hoc
3120 3741 3230 3810 est,
3251 3751 3320 3796 ea
3348 3750 3478 3813 qua
3497 3733 3784 3812 futurum

2125 3831 2259 3882 erat
2281 3829 2350 3883 ut
2372 3830 2718 3902 augeretur,
2743 3825 3083 3904 exstirpata
3108 3832 3235 3887 tum
3258 3825 3494 3903 fuisset.
3518 3822 3599 3884 Et
3621 3831 3686 3883 ut
3708 3837 3783 3883 ea

2121 3927 2255 3990 qua
2274 3915 2772 3994 intercesserunt,
2803 3915 3099 3989 omittam,
3133 3932 3270 3976 cum
3300 3914 3637 3976 Bartuamo
3662 3930 3786 3975 non

2126 4001 2574 4081 concederetur,
2606 4019 2755 4081 quas
2784 4002 2855 4065 ob
2884 4022 3098 4066 causas
3128 4004 3426 4078 diximus,
3464 4002 3788 4079 theologica

386 4080 716 4174 Gregorius
727 4092 931 4174 postea
948 4093 1342 4174 cognomento
1361 4080 1734 4174 Acyndynus,
1755 4076 2043 4141 Barlaami

2128 4090 2391 4152 crimina
2407 4076 2848 4166 demonstrare,
2866 4110 2944 4156 ea:
2963 4093 3103 4156 aliis
3118 4098 3246 4173 ejus
3256 4076 3501 4174 scriptis
3516 4076 3789 4170 comper-

385 4171 567 4252 longo
600 4173 884 4249 temporis
906 4174 1094 4255 spatio
1126 4171 1477 4254 discipulus,
1511 4171 1717 4232 eadem
1774 4177 2041 4262 conatus,

2130 4182 2227 4240 tus
2247 4184 2357 4253 est,
2389 4178 2907 4244 etmalevolentiaz
2938 4186 2999 4244 et
3027 4171 3395 4262 pertinacia,
3414 4185 3547 4243 etin
3571 4181 3787 4261 primis

384 4262 451 4324 in
475 4263 649 4342 plena
681 4264 906 4346 synodo
934 4264 996 4327 in
1020 4265 1231 4327 eodem
1264 4263 1484 4345 templo
1509 4268 1712 4324 coacta
1740 4259 1812 4321 ab
1846 4257 2042 4321 omni-
2126 4267 2447 4347 popularis
2462 4266 2673 4347 gloria
2690 4257 3387 4350 cupiditate-damnatus
3433 4257 3620 4333 Causa
3645 4287 3785 4345 ergo

385 4353 499 4417 bus
530 4354 989 4432 condemnatur,
1032 4363 1090 4418 et
1134 4364 1341 4418 contra
1387 4352 1761 4441 Barlaamum
1795 4350 2097 4441 ejusque_
2126 4353 2417 4416 Barlaami
2448 4355 2558 4417 fuit
2580 4358 3019 4436 maledicentia,
3054 4369 3109 4421 et
3143 4378 3361 4441 procax
3382 4362 3439 4422 in
3464 4357 3786 4419 monachos

384 4452 741 4517 sectatores,
789 4450 855 4507 ut
906 4443 1220 4507 hareticos
1261 4442 1378 4506 nisi
1425 4440 1869 4522 resipiscerent,
1913 4436 3788 4529 lataDaggressio;Palama,blasphemaetimportunatheolo-

320 4542 327 4546 ’
387 4542 481 4598 est
512 4533 830 4610 sententia,
883 4542 942 4596 et
988 4533 1061 4596 ab
1104 4534 1569 4597 orthodoxorum
1622 4527 2045 4618 communione
2126 4533 2221 4613 gia
2248 4532 2401 4595 Vera
2426 4554 2601 4616 porro
2622 4527 3373 4618 narrarenobisGreguram
3394 4539 3582 4600 habeo
3601 4535 3786 4598 exTo.

388 4639 645 4705 uterque
669 4633 1033 4706 segregatus,
1067 4633 1126 4685 et
1153 4624 1203 4686 si
1237 4623 1370 4704 quis
1398 4621 1548 4683 alius
1569 4619 1643 4683 de
1672 4627 1886 4710 catero
1910 4617 2046 4710 talia
2128 4642 2223 4685 mo
2249 4625 2491 4687 Joannis
2511 4627 2885 4707 patriarcha,
2908 4630 3007 4709 qui
3028 4617 3251 4710 synodo
3285 4627 3547 4690 interluit
3577 4634 3791 4707 agente

387 4715 645 4776 auderet
673 4721 732 4773 et
761 4705 1028 4787 l’alama,
1061 4713 1338 4793 aliisque,
1375 4710 1546 4787 quasi
1598 4708 1751 4770 male
1792 4707 1868 4767 de
1896 4705 2045 4767 ι’θΙί-
2129 4712 2203 4774 de
2227 4713 2343 4775 alio
2365 4705 2578 4789 Tomio,
2605 4735 2782 4797 quem
2802 4705 3138 4781 nos—Graec
3161 4726 3218 4778 et
3243 4719 3447 4781 Latino
3464 4705 3784 4787 edidimus,
3884 4748 3893 4757 ’

390 4802 572 4885 gione
601 4802 1001 4864 sentientibus
1028 4802 1259 4864 crimen
1277 4800 1545 4878 inferret,
1570 4805 1630 4859 cl
1651 4797 1899 4885 Tomum
1941 4811 2045 4885 pro

386 4883 578 4953 veleri
606 4890 964 4971 synodorum
998 4910 1163 4954 more
1194 4887 1587 4971 compositum
1622 4885 1716 4948 cui
1746 4883 2041 4965 subscrip-

389 4978 825 5045 seratJoaunes
848 4981 1183 5062 patriarcha
1205 4988 1265 5042 et
1285 4990 1405 5041 tum
1421 4985 1744 5059 prasentes
1758 4973 2046 5054 episcopi,

390 5072 495 5137 alii
526 5079 730 5153 postea
751 5070 921 5133 multi
944 5070 1244 5152 prioribus
1272 5069 1498 5132 assensi
1540 5065 2043 5144 subscripserunt,

390 5163 652 5229 Palama
680 5170 739 5223 et
768 5160 1148 5223 consortibus
1178 5160 1329 5242 ejus,
1364 5178 1481 5239 quo
1510 5175 1574 5219 se
1622 5153 2040 5228 defenderent,

390 5252 790 5318 tradiderunt.
826 5252 902 5314 Et.
943 5251 1068 5313 hac
1115 5249 1358 5331 quidem
1410 5248 1854 5311 Cantacuzenus
1908 5261 2044 5322 pro-

386 5343 590 5419 lixius,
648 5360 780 5424 qua
834 5340 1023 5420 magis
1050 5339 1350 5402 succincte
1392 5336 1608 5419 repetit
1662 5334 1723 5396 in
1755 5331 2049 5395 Proamio

390 5434 548 5515 quod
609 5431 905 5515 praponit
962 5430 1087 5493 suis
1144 5425 1715 5492 contradictionibus
1764 5424 2050 5515 adversus

386 5506 933 5587 Hieromonachum
965 5519 1332 5582 Procborum
1368 5517 1727 5599 Ujdonium,
1761 5506 2045 5603 Demetrii

382 5612 654 5693 fratrem,
689 5611 766 5675 de
794 5610 1025 5673 lumine
1053 5606 1381 5671 Thaborio.

467 5699 778 5786 Gregoras,
803 5699 913 5764 lib.
937 5715 1003 5764 ιι.
1030 5697 1207 5763 refer’
1227 5697 1289 5764 in
1318 5714 1389 5761 ea
1416 5697 1637 5785 synodo
1667 5693 1814 5761 nihil
1843 5700 2039 5764 actum

2133 4803 2217 4864 De
2233 4805 2620 4897 consensione
2638 4806 3354 4897 Ecclesia'Oecidentolis
3375 4812 3550 4884 atque
3572 4803 3790 4868 Orien-

2131 4894 2293 4954 talis.
2333 4891 2438 4954 lib.
2477 4910 2542 4968 II,
2575 4912 2708 4974 cap.
2745 4896 2817 4958 17
2855 4916 2868 4958 ε
2905 4881 3049 4953 ’Ἐστι
3072 4897 3169 4972 μὲν
3186 4896 3292 4952 ἀπὸ
3321 4903 3413 4952 τοῦ
3430 4881 3604 4968 ἸἮμου
3627 4916 3788 4950 ita-:1-

2131 4982 2312 5062 φπνὲς,
2372 4989 2448 5057 τῷ
2504 4984 2580 5059 μὴ
2637 4986 2768 5064 πρὸς
2821 4984 3112 5065 ἀπέχθειαν
3165 4986 3357 5065 κρίνειν
3417 4983 3672 5056 ἐθέλοντι,
3707 4986 3781 5045 ὡς

2130 5070 2215 5127 ἐπὶ
2246 5071 2429 5146 μόνοις
2476 5087 2593 5137 to”:
2644 5071 2754 5132 δυσὶ
2802 5073 3104 5155 κεφκλκίοις
3165 5074 3374 5153 ἐγένετο
3428 5075 3462 5142 ἡ
3501 5074 3669 5153 κρίσις
3700 5073 3789 5128 καί

2125 5161 2160 5229 ἡ
2189 5160 2473 5241 ἀπόφασις,
2527 5166 2604 5237 τῷ
2652 5164 2769 5243 περὶ
2808 5173 2900 5223 τοῦ
2948 5164 3002 5220 ἐν
3048 5168 3126 5239 τῷ
3175 5162 3426 5244 Θκςωρίῳ
3479 5163 3623 5242 λέγω
3649 5162 3786 5219 θείου

2131 5251 2331 5330 φωτὸς,
2406 5252 2494 5308 καὶ
2563 5258 2640 5324 τῷ
2710 5254 2825 5333 περὶ
2895 5258 2993 5321 τῆς
3065 5253 3257 5335 εὐχῆς,
3329 5256 3403 5318 ὡς
3473 5251 3786 5327 δηλώσομεν

2131 5338 2411 5418 προϊόντες
2446 5360 2461 5375 ο
2506 5341 2596 5397 καὶ
2625 5338 2710 5398 ἐπ’
2758 5344 2941 5405 αὐτοῖς
2994 5356 3111 5405 τοῖς
3156 5340 3266 5398 δυσὶ
3313 5339 3618 5423 κεφαλκίοις
3649 5361 3784 5396 κατ-

2132 5424 2402 5508 εδικάσθη,
2463 5430 2551 5487 καὶ
2604 5430 2921 5512 ἀπεπέμφθη
2981 5434 3009 5488 ὁ
3066 5429 3337 5511 Βαρλαᾶμ,
3390 5432 3477 5488 xxi
3527 5432 3587 5488 τὸ
3626 5429 3680 5486 ἐν
3710 5437 3787 5504 τῷ

2130 5517 2292 5592 Τόμῳ
2387 5518 2529 5576 τεθὲν
2627 5527 2720 5577 τοῦ
2788 5520 3049 5595 ἐπιτιμίου
3117 5521 3283 5600 Βάρος
3359 5520 3445 5577 ἐπὶ
3509 5516 3784 5600 δεφενδεύ-

2126 5626 2206 5661 σει
2265 5612 2369 5663 τῶν
2428 5604 2517 5664 δύο
2571 5609 2769 5666 τούτων
2826 5607 2978 5666 ἕνεκα
3034 5609 3211 5685 μόνων
3256 5608 3554 5691 κεφαλαίων
3606 5606 3783 5679 ἐτέθη,

2131 5692 2352 5758 Palam
2366 5704 2452 5759 est
2467 5714 2546 5760 ea:
2557 5699 2687 5781 ipso
2708 5698 2906 5773 Temo,
2919 5698 3046 5761 nisi
3059 5699 3194 5785 quis
3203 5715 3280 5765 ea:
3289 5698 3594 5762 individia
3605 5703 3790 5789 atque
