4160 6378
385 358 497 428 317

1520 350 1782 420 JACOBI
1822 352 1974 418 PON
1979 351 2140 419 TAN
2142 353 2171 416 Ι
2212 350 2642 419 PREFATIO.

3664 346 3785 414 318

387 507 489 555 nos
514 487 684 571 apud
708 504 831 562 eos,
856 487 966 570 qui
1010 483 1392 566 Hesychasta
1425 483 1822 559 dicebantur,
1850 483 2107 547 velutiA
2208 483 2358 548 Hinc
2391 483 2870 549 concludendum
2903 505 3122 550 censeo
3154 495 3326 551 caute
3362 486 3584 569 scripta
3613 486 3780 566 ejus-

386 582 451 643 in
469 581 720 641 arcanis
768 578 1020 641 haeresis
1060 573 1594 638 insusurrabatur.
1630 572 1806 650 Quod
1834 576 2041 654 palam

378 670 456 733 si'
487 687 567 731 ex
591 666 687 730 his
716 685 859 748 quae
885 665 1154 748 Symeon
1179 664 1429 746 quidam
1453 664 1824 726 monasterio
1848 664 2040 726 Xero-

377 761 542 821 rerci
563 756 915 838 praefectus,
936 773 1104 834 quem
1129 763 1183 818 et
1208 752 1857 835 thealogumjuniorem
1878 752 2043 814 simi-

375 846 530 909 lium
564 854 777 926 mystae
802 851 858 907 et
887 843 1231 924 mystagogi
1275 844 1746 923 inscripserunt,
1800 842 1863 902 in
1893 841 2043 903 aiiis

372 937 647 1017 scriptis,
659 938 788 996 suis
803 932 992 995 multa
1008 930 1354 1013 blusphema
1363 934 1743 1011 profanaque
1757 929 2014 994 tradidit
2025 976 2042 1005 ,

375 1028 489 1089 sed
511 1025 902 1106 potissimum
931 1024 996 1085 in
1027 1039 1206 1102 opere
1241 1021 1327 1083 De
1365 1022 1689 1083 sobrietate
1738 1028 1794 1082 et
1838 1026 2042 1082 atten—

382 1116 549 1177 tione
575 1112 701 1174 [nec
734 1112 956 1173 habet:
994 1128 1023 1169 ‹
1081 1110 1228 1173 Sede
1276 1110 1341 1171 in
1390 1126 1511 1171 uno
1557 1106 1804 1187 angulo,
1843 1132 1871 1163 η
1924 1115 2040 1168 etc.

384 1201 536 1265 Hinc
561 1198 817 1281 Symeon
874 1198 985 1261 iste
1030 1197 1281 1277 singulis
1331 1197 1558 1279 paginis
1606 1195 1822 1278 saepius
1870 1203 1927 1257 et
1970 1193 2042 1256 ad

388 1308 670 1354 nauseam
700 1288 961 1351 inculcat
1017 1286 1490 1349 illuminaiiones
1536 1284 1788 1365 divinas,
1835 1285 2040 1346 lumen

382 1379 675 1455 divinum,
700 1377 949 1440 uniones
972 1376 1229 1452 divinas,
1262 1376 1513 1438 uniones
1536 1374 1883 1437 essentiales
1902 1392 2036 1436 cum

2126 575 2288 637 modi
2312 577 2601 639 versanda
2622 597 2775 654 esse,
2805 596 2879 639 ne
2904 596 3155 651 veneno,
3184 579 3339 659 quod
3366 579 3476 641 sub
3503 578 3618 640 illis
3641 577 3784 637 latet

2126 664 2552 727 nocentissima
2578 667 2810 741 hausto,
2836 666 2946 728 sub
2972 667 3177 747 specie
3212 668 3444 749 pietatis
3473 667 3783 746 cultusque

2125 753 2333 828 divini,
2368 753 2428 815 in
2463 756 2754 835 pessimus
2787 756 3067 831 haareses,
3104 765 3162 817 et
3199 776 3331 837 quae
3361 754 3682 817 difﬁculter
3709 771 3779 813 ex

2124 846 2322 904 animo
2354 844 2523 904 avelli
2558 853 2827 924 possunt,
2878 844 3136 907 lectores
3182 845 3586 926 prolabantur,
3620 839 3778 924 quod

2127 931 2493 1012 temporibus
2526 932 2799 1007 Palamze,
2826 934 3081 995 maximo
3106 934 3414 1011 reiigion'is
3437 952 3557 995 suae
3586 930 3777 993 detri-

2127 1029 2326 1082 mento
2348 1022 2623 1083 universa
2640 1021 2981 1085 Graecorum
2994 1021 3261 1085 Ecclesia
3279 1031 3522 1103 experta
3535 1028 3780 1095 est,non

2127 1118 2241 1172 tan!
2258 1130 2355 1171 um
2376 1111 2530 1191 quod
2555 1111 2784 1173 similes
2808 1112 3068 1174 haereses
3090 1112 3248 1174 inter
3263 1131 3364 1174 eos
3381 1111 3773 1193 potissimum,

2127 1199 2230 1280 qui
2260 1198 2510 1260 aliorum
2546 1201 2824 1262 ductores
2865 1209 3035 1262 erant
3084 1201 3156 1263 ad
3211 1201 3511 1281 pietatem,
3565 1198 3779 1281 pedem

2122 1289 2392 1359 ﬁxerant,
2428 1288 2532 1350 sed
2565 1308 2681 1370 quo
2713 1288 2772 1349 in
2807 1298 3006 1370 partes
3039 1308 3105 1352 ac
3162 1291 3452 1352 factiones
3503 1289 3784 1351 distracta

2122 1378 2181 1439 in
2214 1376 2490 1439 inanibus
2536 1378 3041 1453 contentionibus,
3092 1388 3149 1441 et
3195 1381 3368 1461 plane
3417 1380 3596 1440 nullis
3645 1384 3777 1439 astu

382 1474 531 1545 Deo,
565 1477 626 1530 et
652 1476 932 1529 sexcenta
982 1466 1096 1528 alia
1148 1466 1389 1528 similia.
1426 1464 1544 1528 Sed
1577 1464 1711 1545 quis
1744 1465 1844 1526 illa
1872 1483 2041 1544 aequo
2126 1467 2437 1548 plusquam
2468 1466 2767 1529 diabolica
2800 1468 2992 1529 studia
3034 1488 3140 1530 sua
3188 1470 3389 1531 omnia
3436 1468 3778 1540 conferens,

376 1559 586 1623 animo
643 1558 811 1633 feret,
876 1564 939 1617 ut
989 1555 1221 1650 reliqua
1259 1554 1496 1616 silentio
1545 1553 1860 1650 involvam,
1913 1569 2044 1633 quae
2126 1575 2321 1619 veram
2355 1564 2414 1619 et
2444 1575 2476 1617 a
2508 1556 2781 1620 Patribus
2810 1564 3120 1636 acceptam
3148 1557 3422 1620 derebus
3444 1557 3659 1619 divinis
3677 1556 3779 1617 do-

380 1648 683 1712 habentur
710 1655 862 1711 orat.
896 1648 972 1705 9.7
1010 1663 1023 1707 ;
1057 1633 1242 1705 ’ξι-τοὺ
1291 1646 1553 1721 θαύματος
1582 1644 1596 1703 l
1650 1642 1731 1699 ὅτι
1775 1641 2043 1722 ἅνθρωπος

2129 1646 2377 1707 ctrinam
2412 1645 2777 1725 perdiderat.
2812 1646 2885 1707 Et
2917 1633 3132 1706 mirum
3167 1664 3311 1708 sane
3364 1657 3454 1708 est
3496 1646 3652 1707 inter
3694 1650 3782 1704 tot.

385 1740 592 1797 ἑνοῦται
623 1744 993 1811 πνευματικῶς
1018 1737 1106 1792 καὶ
1128 1740 1471 1814 σωματικῶς,
1503 1732 1655 1812 εἴπερ
1678 1731 1736 1789 οὗ
1761 1733 2044 1812 χωρίζεται

2129 1733 2398 1807 dissidia,
2430 1742 2489 1796 et
2509 1734 2794 1795 mentium
2823 1731 3152 1795 obstinatas
3174 1733 3544 1813 agitationes,
3569 1734 3648 1793 ita
3679 1730 3780 1810 Sy-

388 1838 483 1888 τοῦ
511 1837 598 1886 νοῦ
625 1827 659 1893 ἡ
690 1826 870 1906 ψυχὴ,
922 1822 1039 1880 οὗόὶ
1084 1829 1182 1891 τῆς
1237 1828 1421 1904 ψυχῆς
1471 1824 1532 1879 τὸ
1578 1829 1760 1897 σῶμα,
1809 1819 1947 1876 ἀλλὰ
1976 1825 2043 1896 τῇ

2129 1822 2359 1886 meonis
2387 1822 2564 1902 hujus
2593 1821 2763 1884 famae
2811 1821 3110 1903 pravisum
3142 1821 3346 1893 fuisse,
3383 1831 3444 1884 ut
3472 1822 3784 1884 videantur

396 1914 652 1979 ονῖισιωδῶς
682 1915 866 1971 ἑνώσει
898 1916 1095 1992 γίνεται
1142 1913 1554 1993 τρισυπόστατος
1601 1912 1739 1968 κατὰ
1767 1911 1926 1990 χάριν
1954 1911 2043 1966 καὶ

2129 1929 2249 1973 suae
2269 1911 2578 1973 sententiae
2600 1918 2906 1972 auctorem
2926 1909 3252 1987 ignorasse.
3277 1930 3455 1991 quem
3478 1926 3780 1991 nunquam

393 2008 430 2063 ὁ
458 2004 717 2084 ἄνθρωπος
748 2004 833 2067 εἷς
864 2003 1001 2060 θέσει
1037 2004 1190 2075 Θεὸς,
1244 2002 1304 2059 ἐκ
1349 2001 1595 2077 σώματος
1627 2003 1714 2058 καὶ
1743 2005 1928 2080 ψυχῆς
1959 1999 2043 2055 καὶ

2129 1999 2199 2062 de
2228 2000 2473 2062 nomine
2507 1999 2633 2062 fere
2658 2008 2894 2061 norunt.
2934 1999 3004 2061 Et
3039 2018 3175 2061 cum
3212 1999 3373 2061 illius
3425 1998 3644 2062 mentio
3666 2015 3777 2059 ne-

399 2096 557 2174 οὗπερ
587 2092 862 2174 μετείληφε
890 2092 1029 2149 Θείου
1060 2092 1389 2168 Πνεύιιατος,
1432 2092 1517 2147 καὶ
1559 2088 1863 2170 πληροῦται·
1883 2111 2042 2157 τηνι-

2129 2089 2388 2153 cessario
2407 2088 2759 2151 inculcanda
2783 2097 2893 2162 est,
2920 2087 3095 2150 tacito
3121 2088 3392 2161 nomine,
3418 2088 3606 2150 titulis
3645 2086 3779 2149 aiiis

392 2195 559 2243 καῦτα
607 2186 664 2242 τὸ
725 2182 1002 2263 εἰρημένον
1057 2183 1159 2241 ὑπὸ
1215 2188 1305 2238 τοῦ
1330 2182 1602 2261 προφήτου
1661 2177 1849 2260 Ana-C3,
1902 2176 2045 2257 Ἐγὼ

2129 2178 2314 2241 virum
2348 2178 2668 2255 indicasse,
2701 2180 2934 2258 nulline?
2965 2180 3042 2242 τίς
3073 2185 3180 2235 τιῦν
3227 2178 3499 2260 μεγάλων,
3547 2187 3612 2240 ut
3638 2178 3785 2257 qui-

385 2276 523 2331 εἶπα
550 2275 669 2331 Θεοί
695 2262 837 2353 ἐστε,
865 2273 955 2329 καὶ
984 2273 1082 2328 υἱοὶ
1115 2262 1363 2348 Ὑψίστου
1403 2273 1597 2335 πάντες
1631 2286 1645 2299 ⁸
1698 2267 1815 2327 κατ’
1869 2269 2045 2325 εἰκόνα

2129 2268 2267 2330 rlam
2286 2285 2362 2329 ea:
2391 2268 2817 2346 oirismagnis,
2845 2267 2920 2328 de
2935 2284 3006 2329 eo
3022 2285 3360 2329 sermonem
3386 2267 3615 2329 habens
3637 2264 3782 2326 dicit

381 2361 618 2443 δηλαδὴ,
671 2364 758 2419 καὶ
802 2359 920 2418 καθ’
977 2361 1231 2437 ὁμοίωσιν
1289 2369 1383 2420 τοῦ
1438 2351 1707 2436 Ἱίξλστου,
1740 2360 2045 2438 γεννήματα

2129 2358 2373 2422 Palama
2426 2356 2486 2418 in
2543 2357 2580 2417 2
2630 2365 2778 2420 orat.
2831 2375 2978 2438 quas
3032 2356 3161 2438 ipse
3195 2357 3498 2438 inscripsit
3529 2357 3781 2436 Πατέρες,

378 2457 505 2512 θεῖα
560 2451 621 2509 ἐκ
668 2459 759 2508 τοῦ
808 2451 943 2510 θείου
998 2450 1300 2526 Πνειεματος
1335 2470 1353 2489 ⁸
1402 2448 1458 2513 Ο
1487 2451 1651 2511 mira
1682 2449 1822 2510 res!
1874 2448 2045 2509 homo

2129 2447 2370 2510 Patres.
2396 2445 2656 2527 Epistola
2679 2446 2751 2507 ad
2783 2450 3043 2521 Menam,
3077 2450 3125 2503 οἱ
3157 2447 3490 2523 μεμυημένοι
3525 2446 3781 2508 initiati.

378 2540 512 2605 Deo
563 2537 1000 2622 epiritualiter,
1052 2539 1580 2619 eorporaliterque
1631 2539 1893 2599 unitur:
1955 2540 2044 2597 si-
2130 2536 2270 2598 alibi
2303 2536 2582 2616 θεολόγοι,
2626 2534 2898 2613 Tneolagi
2949 2534 3417 2615 Cantacuzenus,
3464 2548 3522 2596 et
3566 2532 3790 2596 similia

375 2630 635 2711 quidem
665 2629 877 2691 animo
899 2645 1019 2689 non
1049 2647 1085 2687 a
1110 2636 1328 2704 mente,
1362 2644 1470 2690 nec
1497 2626 1572 2689 ab
1597 2627 1811 2689 anima
1830 2642 2048 2707 corpus
2131 2628 2372 2690 Factum
2402 2633 2601 2687 autem
2633 2624 2691 2685 id
2718 2623 3015 2697 existimo,
3064 2642 3140 2686 ne
3183 2625 3427 2686 nomine
3462 2623 3573 2685 viri
3618 2623 3781 2684 indi-

375 2718 760 2800 sejungitur,
791 2724 848 2779 et
875 2717 1107 2779 unione
1151 2716 1466 2779 essentiali
1512 2716 1699 2779 etiam
1729 2715 1907 2777 homo
1934 2731 2050 2795 per
2131 2723 2283 2789 cato,
2317 2713 2530 2796 quibus
2561 2713 2867 2789 intererat,
2921 2714 3197 2776 homines
3227 2713 3411 2776 libros
3444 2713 3603 2775 illius
3633 2731 3781 2774 con-

376 2811 649 2891 gratiam
676 2808 756 2869 sit
785 2808 982 2870 trium
1010 2807 1410 2887 hypostaseon
1438 2823 1597 2867 unus
1630 2822 1738 2886 per
1766 2804 2046 2885 adoptio-
2127 2806 2437 2887 quirerent
2467 2813 2524 2867 et
2556 2805 2986 2880 examinarent,
3024 2812 3082 2867 et
3112 2823 3249 2867 cum
3284 2824 3403 2867 non
3437 2805 3664 2880 omnia,
3697 2805 3788 2867 uti

374 2916 523 2962 nem
550 2897 740 2977 Deus,
764 2912 842 2958 ex
869 2912 1116 2976 corpore
1132 2894 1409 2958 videlicet
1433 2901 1491 2957 et
1512 2896 1745 2967 anima,
1774 2900 1852 2970 et,
1876 2896 2047 2971 cuius
2129 2913 2237 2976 par
2268 2903 2414 2969 erat,
2450 2895 2719 2958 nuntiata
2743 2894 2814 2957 ad
2850 2913 3119 2956 normam
3172 2912 3325 2956 verae
3373 2893 3658 2957 doctrinre
3689 2892 3783 2955 di-

376 2991 583 3068 ]actus
615 2993 703 3049 est
729 2985 1060 3066 particeps,
1088 2985 1296 3047 divino
1324 2985 1563 3065 Spiritu
1582 2988 1889 3059 constans,
1923 2985 2044 3045 im-
2129 2992 2278 3046 ctata
2311 2983 2669 3064 reperirent,
2705 2983 3192 3060 criminarentur,
3227 2989 3429 3045 coacta
3458 2983 3637 3045 etiam
3681 3000 3781 3062 sy-

376 3076 704 3159 pleturque
732 3084 860 3136 tum
911 3073 1071 3137 illud
1121 3073 1377 3136 Davidis
1424 3072 1741 3154 Prophetas
1774 3092 1793 3133 :
1831 3092 1861 3133 ‹
1911 3072 2045 3149 Ego
2131 3080 2310 3147 nodo,
2337 3084 2400 3134 ut
2422 3083 2713 3148 sueverat,
2745 3074 3238 3149 condemnarent,
3266 3091 3381 3154 qua
3403 3081 3606 3154 postea
3635 3090 3783 3134 con-

382 3165 687 3256 dixi,ydii
742 3167 913 3256 estis,
965 3169 1044 3256 et
1073 3162 1494 3256 ﬁliiEa'celsi
1536 3180 1785 3256 omnes;
1832 3185 1870 3256 χ
1929 3160 2513 3256 ﬁliicdemnatione
2533 3162 2658 3256 ipsi
2688 3182 2926 3244 quoque
2971 3160 3291 3256 in_crimen
3321 3162 3785 3256 adducerentur,

386 3254 634 3318 Excelsi
658 3252 993 3316 secundum
1021 3253 1355 3335 imaginem
1388 3252 1663 3315 videlicet
1681 3251 2046 3313 similitudi-
2074 3250 2109 3256 '
2137 3260 2416 3333 tanquam
2448 3251 2547 3332 qui
2579 3252 2727 3313 alias
2751 3270 2858 3333 per
2875 3251 3165 3333 synodum
3199 3250 3594 3314 condemnata
3622 3260 3790 3312 tene-

390 3340 2051 3424 nemqueAltissimidivinaprogeniese.:divinoSpiritu.
2136 3348 2272 3402 rent
2300 3359 2370 3403 ac
2400 3340 2817 3404 defenderent.

1178 3664 1614 3767 JACOBI
1696 3662 2249 3760 PONTANI
2326 3662 3001 3759 PR/EFATIO

1331 3870 1514 3957 (Opp.
1548 3872 1862 3957 Symeonis
1890 3870 2178 3954 Junioris,
2210 3869 2581 3953 Ingoldstad.
2617 3870 2832 3953 1603.]

471 4199 708 4263 Titulus
736 4201 1075 4265 orationum
1119 4210 1209 4267 est
1238 4202 1347 4267 iste
1380 4223 1395 4268 :
1429 4215 1533 4265 Τοῦ
1562 4204 1616 4261 ἐν
1647 4205 1815 4283 ἁγίοις
1844 4203 2045 4283 Ila-:92);

2129 4198 2319 4280 positi
2328 4196 2688 4259 monasterii
2703 4202 2899 4260 sancti
2907 4204 2965 4259 et
2978 4198 3188 4279 magni
3197 4196 3499 4277 martyris
3515 4198 3789 4258 Maman-

380 4294 544 4369 ἡμῶν
578 4293 799 4367 Συμεὼν
826 4301 919 4351 τοῦ
942 4293 1078 4353 Νέου
1106 4294 1389 4374 Θεολόγου,
1410 4294 1554 4363 sive,
1579 4290 2045 4355 uthabetinscri-

2133 4289 2210 4350 tis
2227 4306 2290 4349 in
2311 4286 2654 4367 Xylorerco.
2677 4285 2762 4348 De
2785 4293 2991 4350 sancto
3013 4285 3305 4349 Mamante
3328 4292 3585 4374 martyre
3605 4290 3788 4363 agunt

384 4382 511 4469 ptio
532 4378 690 4441 libro
715 4379 1048 4443 divinorum
1071 4372 1423 4464 hymnorum
1452 4383 1709 4464 praeﬁxa,
1729 4393 1832 4442 Τοῦ
1852 4382 1969 4439 νέου
1994 4382 2046 4438 ἐν
2068 4408 2118 4469 D
2137 4376 2343 4469 Latina
2378 4375 2788 4469 Martyrologia
2813 4378 2904 4469 Δ17
2958 4376 3057 4437 die
3088 4375 3379 4469 Augusti,
3439 4372 3782 4469 Graecorum

384 4468 665 4547 θεολόγοις
710 4469 1062 4552 πρεσϐυτέρου
1118 4475 1206 4529 καὶ
1252 4473 1549 4552 ἡγουμένου
1606 4478 1704 4540 τῆς
1758 4477 1926 4548 μονῆς
1955 4478 2048 4527 τοῦ

389 4557 543 4636 ἁγίου
556 4557 1024 4640 μεγαλομάρτυρος
1050 4561 1333 4637 Μάμαντος
1350 4567 1447 4629 τῆς
1460 4560 1817 4641 Ξυλοκέρ·εου,
1838 4559 2052 4623 Sancti

391 4648 613 4708 Patris
667 4649 897 4710 nostris
948 4646 1270 4728 Symeonis
1332 4648 1525 4730 (vulgo
1599 4648 1896 4712 Simeonis
1945 4665 2051 4729 per

385 4736 542 4807 ἰῶτα,
578 4753 698 4796 non
731 4754 836 4815 per
854 4735 1061 4813 ὑψιλόν)
1082 4739 1359 4799 Jumoris
1384 4736 1694 4817 Theoloyi,
1726 4736 1813 4798 sic
1837 4734 2048 4817 appel-

388 4823 545 4885 latus
572 4825 831 4900 videtur,
865 4833 928 4887 ut
959 4835 1380 4890 secerneretur
1407 4842 1440 4888 a
1470 4826 1752 4907 Gregorio
1788 4826 2048 4889 Nazian-

389 4931 563 4988 zeno,
599 4913 702 4995 qui
731 4914 1026 4996 Theologi
1054 4934 1274 4978 nomen
1300 4916 1458 4997 apud
1491 4915 1728 4980 Graecos
1750 4915 2042 4978 obtinuit:

391 5002 549 5084 quod
576 5002 717 5084 quia
749 5011 809 5064 et
845 5004 1115 5065 Simeoni
1155 5013 1359 5067 nostra
1391 5005 1589 5067 datum
1624 5016 1736 5080 est,
1771 5003 1907 5067 ideo
1938 5023 2047 5065 vox

390 5098 491 5160 τῆς
543 5094 663 5153 νέου
730 5092 942 5173 usitato
1004 5091 1346 5157 Graecorum
1402 5113 1567 5156 more
1617 5093 1920 5172 adjicitur,
1972 5112 2047 5155 ne

433 5181 548 5255 uis,
579 5180 785 5264 audito
808 5182 1079 5264 sineulla
1094 5183 1433 5264 adjectione
1464 5183 1752 5263 Theologi
1780 5184 2045 5257 nomine,

443 5262 747 5341 regorium
806 5260 1241 5325 Nazianzenum
1288 5266 1488 5328 animo
1537 5260 1914 5344 conciperet;
1962 5263 2050 5325 sic

391 5348 732 5431 Stephanus
760 5353 789 5408 ὸ
821 5351 963 5428 νέος,
994 5355 1239 5427 Junior,
1265 5363 1489 5435 martyr
1508 5353 1618 5415 sub
1643 5355 2045 5434 Copronymo,

388 5439 459 5502 ad
476 5440 925 5502 distinctionem
946 5442 1391 5525 protomartyris
1404 5442 1691 5525 Stephani
1712 5467 1726 5517 ;
1748 5442 1833 5505 sic
1854 5444 2051 5507 Theo—

389 5530 593 5593 dosius
622 5534 652 5588 ὸ
693 5531 836 5603 νέος,
884 5528 1337 5593 Valentinianus
1382 5536 1410 5590 ὁ
1459 5534 1600 5614 νέος,
1657 5540 1934 5614 respectu
1977 5530 2050 5592 ad

388 5618 658 5701 ejusdem
681 5618 951 5683 nominis
967 5628 1379 5685 antecessores
1400 5639 1414 5687 :
1445 5621 1801 5705 Presbyteri
1821 5628 1879 5686 et
1893 5637 2052 5706 pra:-

2133 4465 2467 4539 Menologia
2494 4466 2533 4527 2
2564 4463 2953 4546 Septembris.
3003 4465 3447 4530 Celeberrimus
3479 4462 3585 4523 fuit
3626 4460 3783 4542 apud

2132 4557 2391 4625 Graecos,
2427 4562 2489 4615 ut
2518 4554 2705 4636 liquet
2746 4571 2881 4618 cum
2908 4553 3170 4627 aliunde,
3226 4563 3349 4615 tum
3397 4571 3465 4613 ex
3518 4550 3790 4613 oratione

2132 4663 2250 4727 qua
2282 4651 2596 4725 martyrem
2632 4643 2788 4705 hunc
2815 4652 3052 4704 sanctus
3078 4640 3329 4703 Basilius
3353 4640 3675 4701 exornavit.
3704 4641 3788 4700 De

2132 4734 2343 4797 eodem
2382 4752 2497 4795 non
2533 4752 2718 4812 pauca
2745 4741 2983 4794 sanctus
3014 4730 3335 4809 Gregorius
3356 4727 3781 4801 Nazianzenus,

2131 4830 2280 4887 orat.
2312 4821 2373 4883 in
2405 4820 2624 4883 Novam
2655 4821 3046 4883 Dominicam.
3098 4817 3372 4883 Meminit
3415 4827 3473 4879 et
3519 4817 3787 4880 Miscella

2130 4912 2375 4975 historia
2408 4911 2726 4991 aliquoties
2774 4908 3046 4989 martyris
3087 4908 3311 4981 Mamre,
3348 4906 3406 4966 in
3440 4906 3598 4967 hunc
3627 4906 3786 4966 enim

2133 5002 2373 5064 modum
2408 5000 2658 5061 inﬂectit
2688 5012 2893 5064 auctor
2923 4998 3021 5060 ille
3046 5015 3262 5058 nomen
3285 4996 3464 5075 hujus
3493 4994 3785 5075 martyris.

2131 5091 2195 5154 In
2227 5091 2398 5171 cujus
2428 5090 2718 5151 honorem
2762 5089 3047 5170 templum
3077 5094 3133 5147 et
3169 5084 3594 5147 monasterium
3628 5085 3789 5147 Con-

2133 5177 2519 5257 stantinopoli
2549 5176 2813 5239 condidit
2847 5179 3281 5239 Pharasmanes
3316 5172 3439 5253 (qui
3471 5171 3580 5233 sub
3609 5171 3796 5235 Justi-

2134 5268 2311 5330 niano
2340 5265 2668 5346 imperialis
2697 5265 2955 5329 cubiculi
3006 5264 3321 5345 praefectus
3353 5261 3486 5334 fuit,
3527 5268 3590 5322 ut
3633 5261 3789 5323 scri-

2134 5359 2221 5422 bit
2241 5357 2635 5436 Nicephorus,
2661 5355 2765 5418 lib.
2802 5372 2968 5436 xvm,
2994 5372 3123 5432 cap.
3149 5353 3295 5427 441,
3326 5368 3518 5432 prape
3546 5367 3792 5413 murum

2133 5448 2234 5510 cui.
2262 5444 2626 5526 Xylocercus
2650 5461 2863 5506 nomen
2883 5451 2992 5507 est.
3023 5442 3091 5504 Et
3116 5442 3294 5522 hujus
3318 5438 3663 5502 monasterii
3683 5440 3797 5503 fuit

2137 5535 2237 5598 hic
2265 5542 2470 5595 noster
2497 5534 2751 5614 Symeon
2784 5534 3036 5595 antistes
3059 5540 3115 5593 et
3147 5530 3475 5613 presbyter.
3503 5530 3626 5592 Nec
3649 5548 3785 5591 mu-

2134 5643 2239 5689 rus
2269 5630 2497 5685 tantum
2531 5621 2868 5706 Ξυλόκερκος
2908 5620 3242 5706 appellatus
3270 5626 3402 5695 est;
3438 5616 3542 5680 sed
3575 5625 3634 5681 et
3663 5618 3792 5701 ejus
