4160 6418
315 367 433 436 319

1605 359 1984 429 SYMEONIS
2022 363 2392 428 JUNIORIS.

3583 361 3704 432 320

312 500 427 565 loci
459 509 647 582 porta,
680 516 752 562 ea
780 497 856 561 de
885 514 1083 571 causa,
1139 500 1206 560 ut
1242 503 1405 560 notat
1437 503 1646 587 auctor
1675 494 1957 558 Pandect.
1982 497 2031 558 A
2049 502 2277 580 Cilicia,
2305 504 2475 586 cujus
2493 503 2764 566 meminit
2789 503 3050 568 Pratum
3069 505 3412 582 spirituale,
3441 525 3571 587 cap.
3593 506 3694 570 57.

319 593 492 654 Ture.
522 591 678 652 Hist.
708 609 728 650 :
761 588 932 664 Quod
977 587 1244 668 artiﬁces
1261 593 1507 668 portam
1532 585 1704 648 illam
1727 592 1962 646 struen-

313 689 420 752 tes.
457 699 686 764 magna
723 682 790 742 in
830 679 1230 759 fundamento
1269 695 1442 758 aqum
1475 681 1717 756 reperta
1755 675 1955 756 copia,

312 775 497 854 tignis
513 770 803 852 plurimis
826 786 898 831 ac
942 767 1102 848 palis
1151 769 1216 830 in
1266 785 1430 848 aqua
1469 765 1694 846 deﬁxis
1729 764 1962 844 lapides

312 864 651 942 iniecerint,
675 867 852 938 atque
865 859 949 920 ita
973 858 1215 920 demum
1235 857 1479 936 cedi/icit
1491 855 1962 934 fundamentum

311 955 558 1036 firmum
599 949 922 1031 eﬁ'ecerint.
966 946 1153 1009 Hodie
1184 946 1522 1008 nominatur
1546 942 1964 1036 Hagiobazari

309 1032 506 1126 portu,
515 1055 812 1123 perquam
821 1041 1053 1103 scilicet
1065 1039 1498 1116 ingrediuntur
1517 1035 1728 1126 urbem
1741 1032 1964 1126 Hegio-

314 1121 606 1196 baaaritte
637 1121 807 1194 trans
828 1136 1033 1193 sinum
1082 1127 1424 1190 habitantes
1447 1143 1479 1188 e
1506 1125 1757 1206 regione
1784 1121 1964 1201 hujus

307 1229 498 1304 ρον-τω
533 1221 764 1284 Nomen
787 1217 1204 1299 Hagiobaaari
1222 1215 1528 1296 signiﬁcat
1551 1213 1644 1277 vel
1661 1213 1856 1275 sancti
1869 1209 1961 1273 rel

311 1321 587 1374 sanctum
610 1311 968 1390 emporium.
999 1309 1071 1369 Et
1100 1304 1803 1387 EmporiipoceSymeon
1821 1318 1962 1382 quo-

313 1418 429 1482 que
465 1400 756 1480 Magister
793 1415 928 1460 cum
968 1395 1110 1458 aliis
1142 1395 1368 1459 Graecis
1397 1393 1596 1482 utitur
1623 1409 1742 1474 pro
1771 1391 1962 1482 nullis

266 1507 272 1514 '
313 1479 518 1551 clauso
557 1479 774 1568 portis,
827 1491 936 1548 aut
972 1484 1160 1546 nullis
1195 1484 1392 1546 cincto
1426 1481 1623 1544 muris
1651 1479 1955 1560 oppidulo.

310 1577 524 1640 Sancti
535 1575 737 1656 potius
748 1574 1087 1637 existimem
1099 1574 1141 1632 d
1148 1574 1418 1634 icendum
1431 1569 1964 1650 emporium,utiu--

309 1665 622 1746 telligatur
652 1663 991 1741 emporium
1015 1664 1232 1724 Sancti
1265 1661 1610 1738 Mamantis,
1645 1660 1806 1738 quod
1821 1656 1966 1719 olim

310 1754 754 1818 monasterium
796 1753 1054 1830 insigne,
1109 1750 1416 1830 palatium
1449 1748 1789 1830 Augustale
1818 1746 1963 1810 cele-

2042 590 2186 653 Nam
2220 601 2427 655 noster
2455 593 2566 655 iste
2617 612 2734 654 non
2769 593 2877 656 fuit
2925 593 3198 675 Stylites;
3229 602 3288 656 et
3319 603 3439 658 tres
3473 597 3563 658 isti
3595 593 3696 658 Si-

2045 699 2291 746 meones
2303 683 2721 746 vixeruntante
2740 692 3011 764 tempora
3035 685 3428 746 Iconomacha
3451 707 3466 756 ;
3492 691 3698 746 noster

2043 771 2132 832 vel
2163 771 2224 832 in
2256 772 2425 852 ipsis,
2457 773 2548 834 vel
2573 779 2732 836 certe
2767 781 2897 853 post
2919 772 3066 852 ipsa.
3103 771 3246 834 Nam
3281 772 3568 854 Stephani
3589 773 3698 838 Ju-

2046 859 2294 922 niorisa
2346 863 2718 943 Capronymo
2767 863 2842 924 ob
2893 861 3301 926 defensionem
3354 873 3692 924 sanctarum

2045 949 2374 1026 imaginum’
2391 951 2710 1028 interfecti,
2737 951 3029 1012 meminit.
3053 951 3195 1024 Quae
3217 971 3358 1031 ergo
3379 951 3699 1032 ejusmtas?

2043 1037 2333 1120 Equidem
2378 1041 2486 1102 sub
2539 1040 2925 1102 lcouoclastis
2974 1041 3440 1121 imperatoribus
3482 1041 3700 1104 vixisse

2045 1146 2180 1190 eum
2214 1129 2489 1191 arbitrari
2537 1130 2670 1211 quis
2716 1145 2960 1210 posset;
3009 1131 3120 1191 sub
3164 1133 3387 1206 Leone,
3427 1131 3696 1212 inquam,

2041 1216 2304 1280 Isaurico
2338 1227 2395 1281 et
2425 1221 2797 1300 Copronymo
2824 1237 2840 1293 ;
2867 1221 2954 1280 vel
2989 1227 3153 1282 certe
3185 1221 3292 1282 sub
3344 1221 3543 1284 Leone
3575 1226 3695 1286 Ar-

2046 1326 2243 1374 meno.
2279 1309 2568 1372 Michaele
2600 1309 2782 1373 Balbo
2819 1318 2875 1370 et
2931 1309 3286 1389 TheOphilo,
3339 1309 3439 1391 qui
3488 1330 3698 1374 omnes

2043 1415 2176 1458 cum
2210 1397 2570 1478 imaginibus
2601 1398 2757 1460 bella
2797 1405 3128 1478 gesserunt.
3183 1398 3308 1461 Hoc
3339 1401 3696 1463 confirmare

2048 1484 2186 1548 licet
2207 1486 2392 1567 ipsius
2423 1487 2730 1568 Symeonis
2762 1487 3126 1564 testimonio,
3162 1488 3262 1569 qui
3301 1489 3571 1551 oratione
3591 1507 3698 1554 xul

2048 1573 2164 1636 ait:
2195 1575 2516 1638 Diabolum
2535 1594 2658 1638 esse
2677 1585 2954 1638 nostrum
2983 1577 3208 1638 hostem
3229 1580 3543 1658 annisjam
3563 1578 3702 1659 plus

2045 1669 2244 1726 sexies
2315 1665 2483 1727 mille
2534 1665 2857 1741 ducentis,
2930 1667 3350 1746 supputatione
3421 1667 3702 1732 videlicet

2048 1752 2414 1828 Graecorum,
2466 1756 2542 1815 ab
2595 1753 2738 1816 orbe
2789 1753 3049 1816 condito.
3104 1755 3172 1816 Et
3226 1774 3301 1816 ne
3353 1756 3488 1836 quis
3527 1776 3702 1819 men-

261 1889 265 1893 ~
313 1844 641 1908 berrimum
662 1843 728 1904 in
745 1842 1042 1914 historiis,
1065 1848 1304 1920 pontem
1329 1839 1587 1928 denique
1603 1855 1737 1928 non
1767 1837 1966 1928 minus
1987 1912 2028 1928 ﬂ
2049 1839 2188 1901 dum
2220 1841 2282 1902 iu
2312 1861 2592 1904 numeros
2633 1843 2951 1924 irrepsisse
2982 1844 3298 1916 existimet,
3339 1845 3493 1906 scire
3518 1867 3702 1928 opor-

311 1932 572 1998 nobilem
595 1931 804 1996 Sancti
829 1912 1156 1992 Mam-antis
1178 1912 1568 2008 appellatum,
1595 1925 1825 1989 habuit.
1856 1912 2030 1988 HicB
2054 1934 2157 2008 tet,
2200 1947 2517 1992 numerum
2550 1931 2707 1992 hunc
2749 1912 2806 1994 in
2855 1931 3058 1995 Grmco
3103 1912 3313 1994 codice
3355 1953 3471 1995 non
3507 1912 3702 1999 notari

313 2025 477 2086 enim
502 2020 818 2100 eﬂ'undunt
838 2036 898 2081 se
923 2020 990 2082 in
1009 2025 1344 2080 extremum
1375 2017 1746 2078 Ceratimum
1766 2017 1969 2078 sinum

313 2112 564 2177 celebres
593 2109 689 2172 illi
717 2109 935 2190 priscis
977 2105 1216 2188 ﬂuviali
1249 2107 1508 2186 Cydaris
1553 2113 1609 2168 et
1645 2107 1964 2186 Barbyses,

311 2219 477 2265 nunc
508 2198 818 2262 .llachlena
851 2206 905 2260 et
941 2196 1363 2275 Cltarlariron,
1414 2200 1541 2276 qui,
1591 2195 1833 2275 quidem
1882 2194 1962 2257 ad

315 2291 603 2356 Sanctum
627 2286 997 2350 Mamantem
1027 2292 1206 2365 ponte
1221 2287 1608 2363 junguntur.
1641 2282 1959 2362 Hagioba-

311 2381 698 2443 zariotarum
726 2394 846 2439 vos;
889 2375 1126 2438 denotat
1167 2373 1392 2437 incolas
1435 2373 1695 2454 emporii
1739 2374 1962 2436 Sancti

310 2469 643 2534 Mamantis
696 2466 834 2529 Haec
865 2465 988 2527 ille.

392 2559 525 2623 Fuit
555 2558 801 2638 insuper
827 2554 980 2636 apud
1012 2563 1280 2616 sanctum
1325 2553 1680 2616 Mamantem
1711 2551 1964 2614 celebris

315 2647 781 2730 Hippodromus,
814 2645 873 2706 in
909 2663 1025 2725 quo
1041 2642 1446 2724 Copronymus
1467 2643 1768 2705 Andream
1793 2641 1964 2723 Caly-

315 2739 480 2802 biten
515 2736 866 2799 monachum
911 2733 1150 2808 occidit,
1205 2743 1268 2794 ut
1317 2733 1469 2796 libro
1519 2749 1637 2795 xxu
1687 2732 1966 2796 Miscellae

317 2826 588 2890 traditur.
627 2829 706 2888 De
759 2830 936 2906 ponte
983 2821 1054 2884 ad
1087 2819 1368 2884 Sanctum
1426 2821 1778 2884 Mamantem
1835 2821 1966 2883 vxde

317 2917 563 2983 Suidam
595 2913 774 2976 verbo
799 2915 1000 2990 μάμπς,
1031 2918 1089 2972 et
1111 2911 1389 2990 Origines
1411 2910 1977 2991 Constantinopoli-

327 3017 506 3074 tanas
539 3005 682 3069 Cod.
717 3005 795 3064 Μ.
825 3001 1056 3084 Scripta
1077 3001 1206 3081 ejus
1232 3019 1388 3062 nunc
1414 3001 1666 3082 primum
1695 3000 1755 3062 in
1779 3001 1969 3063 lucem

320 3097 726 3180 proferuntur,
760 3111 1009 3180 quorum
1070 3089 1546 3180 meminit‘etiam
1581 3091 1838 3180 epitome
1875 3090 1972 3153 bi-

325 3283 448 3338 tres
461 3273 634 3336 nobis
651 3271 834 3334 cudit.
859 3269 1004 3332 Nam
1018 3271 1271 3349 Symeon
1293 3267 1620 3349 presbyter,
1640 3277 1698 3330 et
1713 3267 1966 3349 Symeon

319 3363 552 3442 Junior,
578 3380 708 3435 seu,
727 3359 1070 3441 utEpitome
1088 3357 1368 3438 loquitur,
1391 3357 1962 3438 Novus-Theologus,

323 3462 382 3516 et
407 3451 656 3534 Symeon
695 3447 980 3513 Xeroceri
1023 3447 1324 3530 princeps,
1355 3456 1492 3510 sunt
1539 3467 1690 3509 unus
1721 3456 1778 3510 et
1807 3447 1966 3510 idem

326 3542 606 3624 Symeon,
651 3539 768 3602 nisi
797 3538 952 3621 quod
983 3539 1184 3619 inepte
1215 3545 1380 3600 vocat
1430 3536 1754 3600 Xerocerci
1791 3539 1974 3624 prin:

323 3619 540 3712 cipem,
602 3629 703 3712 qui
759 3619 1058 3691 vocandus
1112 3635 1238 3689 erat
1293 3627 1539 3689 antistes
1595 3646 1700 3688 seu
1763 3619 1975 3694 :raesul

329 3722 394 3783 S.
447 3719 760 3785 Mamantis
803 3717 875 3780 ad
923 3716 1344 3797 leocercum.
1397 3715 1518 3778 Etsi
1566 3716 1724 3777 enim
1782 3725 1980 3778 uoster

324 3811 502 3874 etiam
550 3809 734 3871 codex
791 3806 971 3869 habet
1023 3812 1122 3874 τῆς
1175 3805 1540 3886 Ξηροκέρκου,
1601 3824 1720 3867 non
1781 3812 1979 3867 tamen

323 3899 558 3976 dubito,
593 3897 738 3980 quin
769 3896 1084 3975 legendum
1121 3893 1196 3955 sit
1227 3894 1586 3975 Ξυλοκέρκηυ.

403 3985 590 4049 Porro
643 3993 852 4068 praeter
900 3991 1288 4046 monumenta
1338 3983 1442 4044 illa
1478 3982 1808 4064 Symeonis,
1844 4001 1974 4062 quae

2051 2017 2206 2078 notis
2259 2019 2705 2098 muneralibus,
2757 2020 2865 2082 sed
2927 2021 3175 2100 integris
3239 2021 3435 2084 verbis
3482 2025 3704 2088 diserte

2051 2107 2367 2188 perscribi.
3245 2167 3248 2170 Α

2124 2195 2259 2256 lniit
2281 2205 2481 2259 autem
2512 2202 2632 2262 Leo
2658 2199 2954 2262 Isauricus
2979 2200 3296 2282 imperium
3314 2220 3470 2264 anno
3491 2203 3698 2266 mundi

2043 2285 2267 2346 conditi
2297 2291 2486 2349 sexies
2526 2289 2844 2350 millesimo
2875 2289 3284 2352 ducentesimo
3327 2308 3502 2371 nono,
3540 2301 3685 2354 teste

2043 2375 2338 2438 Cedreno.
2368 2377 2594 2439 Deinde
2637 2379 2697 2439 in
2738 2380 3089 2460 Menolugiis
3121 2380 3458 2443 Graecorum
3487 2380 3580 2443 die
3612 2382 3688 2445 20

2043 2462 2395 2525 Novembris
2451 2466 2726 2533 refertur.
2805 2467 3152 2547 Gregorium
3207 2471 3686 2550 Decapolitanum

2047 2553 2229 2613 multa
2249 2553 2323 2613 ab
2350 2555 2728 2617 lconoclastis
2753 2575 3124 2638 perpessum,
3153 2559 3386 2620 venisse
3411 2563 3703 2621 Constan-

2048 2640 2364 2720 tinopolin.
2421 2647 2519 2702 Καὶ
2569 2653 2824 2722 Συμεῶνα
2869 2649 2960 2704 τὸν
3009 2647 3352 2726 ὁμολογητὴν
3389 2651 3476 2705 xxi
3505 2649 3700 2730 θεοφό-

2048 2752 2136 2810 po»
2165 2731 2292 2810 ὑπὲρ
2322 2739 2426 2788 τῶν
2458 2735 2618 2812 ἁγίων
2650 2735 2864 2793 εἰκόνων
2897 2739 3066 2816 εόρεϊν
3100 2736 3536 2816 ἐγκεκλεισμένον
3567 2753 3580 2768 ’
3619 2737 3702 2800 Et

2055 2816 2410 2896 Symeonem
2465 2823 2861 2900 confessorem
2924 2825 3214 2904 reperisse
3271 2827 3579 2888 inclusum
3639 2831 3706 2888 in

2055 2924 2308 2971 carcere
2332 2919 2584 2990 propter
2604 2928 2810 2976 sacras
2839 2915 3158 2993 imagines.
3195 2913 3346 2986 Quid
3373 2923 3568 2976 autem
3601 2933 3706 2976 ve-
3784 2985 3790 2990 ,

2059 3003 2136 3056 tat
2167 2995 2520 3078 Symeonem
2554 3001 2730 3062 istum
2755 3021 2788 3063 ει
2819 3001 3102 3081 Gregorio
3143 3003 3366 3064 aditum
3401 3021 3536 3066 esse
3567 3022 3706 3066 eum

2055 3085 2272 3166 ipsum,
2303 3107 2480 3170 quem
2512 3091 2858 3174 quaerimus,
2883 3111 3016 3153 cum
3060 3093 3188 3172 ipse
3220 3091 3279 3153 in
3322 3093 3599 3156 exsilium
3635 3111 3702 3154 se

217 3232 220 3236 η
321 3175 633 3249 bliolheca:
651 3179 1052 3246 Gesnerianze.
1085 3177 1202 3240 Sed
1250 3177 1402 3240 male
1433 3197 1500 3240 ex
1530 3198 1644 3239 uno
1681 3177 1970 3258 Symeone
1991 3190 2032 3252 ο
2056 3177 2387 3257 projectum
2420 3199 2552 3242 esse
2575 3181 2808 3244 duobus
2841 3183 2987 3245 locis
3013 3175 3282 3256 testetur,
3309 3202 3427 3244 uno
3460 3185 3520 3246 in
3555 3203 3696 3246 ora-

2053 3266 2352 3350 tionibus;
2415 3270 2711 3351 altero,in
2759 3272 3408 3336 commentationibus:
3457 3273 3698 3336 tametsi

2051 3373 2288 3419 causam
2323 3367 2494 3421 tacet.
2531 3363 2615 3421 De
2648 3361 2925 3442 martyrio
2979 3380 3212 3442 qunque
3261 3361 3551 3443 Stephani
3591 3365 3698 3443 ju-

2050 3444 2238 3508 nioris
2270 3447 2428 3530 loqui
2459 3447 2713 3519 videtur,
2747 3457 3028 3531 tanquam
3052 3449 3128 3512 de
3149 3468 3214 3512 re
3233 3468 3339 3514 suo
3370 3469 3492 3513 aevo
3526 3451 3701 3534 plane

2060 3537 2308 3598 recenti.

2140 3629 2280 3688 llaec
2311 3635 2366 3689 et
2397 3627 2454 3688 id
2488 3647 2676 3707 genus
2709 3628 2818 3690 alii
2840 3627 3359 3690 verisimilitudine
3385 3648 3504 3691 non
3535 3647 3704 3692 care-

2063 3724 2230 3792 rent;
2263 3715 2312 3778 si
2335 3716 2394 3778 in
2432 3720 2634 3780 Graaco
2667 3718 2875 3780 codice
2913 3717 3195 3782 δικκοσῖοις
3247 3737 3364 3780 non
3414 3719 3706 3785 ἐξικοσίοις

2065 3824 2342 3885 expresse
2373 3806 2657 3888 scriptum
2705 3815 2883 3882 esset,
2917 3808 3072 3872 αὒτὸς
3113 3807 3168 3864 δὲ
3197 3807 3578 3889 ἑξακισχιλίοις
3619 3809 3708 3866 καὶ

2063 3895 2350 3960 ἑξακοσίοις
2403 3900 2492 3954 καὶ
2544 3897 2785 3956 ἐπέκεινκ
2839 3899 3036 3954 τούτων
3105 3897 3242 3954 ἔτεσι
3301 3895 3570 3972 διαμείνας
3628 3897 3710 3954 ἀεὶ

2062 3983 2318 4060 πολέμιος
2331 3991 2435 4042 τῶν
2449 3987 2736 4064 ἀνθρώπων
2765 3985 2961 4054 ἄδηλος
2981 3988 3069 4043 κκὶ
3084 3987 3328 4067 πρύφιος,
3348 3993 3466 4048 etc.
3490 3985 3712 4049 Sexies

323 4093 481 4138 nunc
537 4073 600 4136 in
659 4075 853 4135 lucem
912 4079 1166 4147 exeunt,
1228 4081 1654 4133 commemorat
1701 4068 1974 4150 Epitome
2059 4072 2225 4135 mille
2255 4076 2578 4147 sexcentis,
2613 4081 2668 4137 et
2698 4093 2766 4137 eo
2798 4073 3064 4154 amplius
3105 4076 3306 4138 annis.
3333 4075 3534 4156 Longe
3573 4093 3713 4153 ergo

325 4171 505 4229 besn.
545 4163 766 4226 librum
799 4163 880 4224 De
908 4162 1206 4242 oratione,
1251 4162 1376 4224 sive
1419 4160 1492 4223 de
1548 4161 1741 4224 tribus
1779 4159 1975 4221 modis
2052 4163 2258 4241 junior
2285 4172 2372 4224 est
2398 4163 2508 4224 iste
2541 4161 2794 4244 Symeon
2828 4184 2844 4239 ;
2894 4173 3154 4245 aetasque
3212 4163 3369 4226 illius
3414 4164 3475 4226 in
3513 4165 3708 4244 impe-

324 4253 548 4316 orandi
577 4303 593 4327 ,
627 4271 806 4332 quem
856 4251 917 4312 in
969 4250 1265 4313 Bavaricis
1313 4248 1621 4311 codicibus
1647 4268 1762 4310 non
1794 4267 1972 4328 repe-
2056 4251 2210 4312 rium
2243 4253 2484 4315 Joannis
2512 4269 2612 4314 aut
2637 4251 2926 4314 Manuelis
2951 4253 3243 4314 Comneni
3269 4252 3515 4329 incidit;
3539 4253 3711 4334 cujus

325 4342 536 4404 rimus.
571 4341 650 4404 Ex
687 4340 978 4422 capitibus
1016 4341 1289 4422 practicis
1311 4347 1369 4402 et
1419 4339 1768 4418 theologicis
1811 4337 1977 4420 ponit
2057 4349 2286 4403 exstant
2319 4341 2545 4422 aliquot
2577 4342 2844 4412 nivellze,
2881 4359 3129 4422 quarum
3179 4360 3297 4403 una
3351 4341 3438 4404 De
3489 4345 3711 4404 volun-

328 4431 735 4494 tantummodo
771 4438 1030 4506 centum,
1067 4439 1125 4492 et
1154 4430 1226 4491 ad
1258 4430 1408 4507 huic,
1438 4428 1552 4491 alia
1583 4427 1783 4507 viginti
1807 4427 1977 4507 quin-

329 4541 468 4602 que.
501 4521 619 4585 Sed
641 4520 1101 4584 instructissima
1130 4521 1409 4582 Boiorum
1441 4518 1727 4600 principis
1756 4518 1977 4580 Biblio-

329 4611 505 4673 theca
533 4611 707 4689 longe
736 4611 928 4692 plura,
969 4620 1036 4673 ut
1065 4609 1250 4684 vides,
1308 4608 1480 4670 nobis
1532 4605 1970 4688 suppeditavit:

331 4719 465 4783 quas
508 4701 569 4762 in
621 4701 828 4764 codice
879 4701 993 4763 104
1051 4698 1244 4760 tribus
1301 4698 1482 4760 titulis
1515 4696 1974 4775 distinguuntur.

328 4795 376 4856 Ι,
411 4799 512 4850 Τοῦ
542 4791 684 4850 ὁσίου
717 4793 920 4871 [ἰατρὸς
968 4793 1123 4866 ἡμῶν
1167 4791 1384 4865 Συμεὼν
1433 4797 1524 4846 τοῦ
1555 4787 1687 4846 Νέου
1719 4785 1979 4864 Θεολόγου

329 4880 626 4960 ἡγουμένου
659 4885 825 4956 μονῆς
856 4891 948 4940 τοῦ
979 4871 1158 4958 Ἃγῖου
1187 4880 1472 4956 Μάμαντος
1517 4882 1614 4944 τῆς
1643 4876 1982 4955 Ξηροκέρκου

331 4957 594 5052 κέφάλαιοι
623 4971 887 5050 πρακτικὰ
916 4973 1003 5027 καὶ
1027 4957 1306 5048 θὲολογικὰ
1331 4957 1435 5048 ρκ’.
1575 4963 1844 5047 Κεφάλαικ
1893 4974 1984 5023 τοῦ

333 5059 492 5116 αὐτοῦ
521 5059 788 5138 γνωστικὰ
816 5061 905 5116 καὶ
949 5060 1064 5139 περὶ
1112 5057 1379 5136 θεολογίας
1427 5045 1526 5114 κε’.
1571 5058 1630 5116 3.
1684 5064 1786 5114 Τοῦ
1829 5059 1985 5113 αὺτοῦ

331 5135 593 5227 mapalium
621 5147 900 5226 Θεολογικὰ
927 5135 1305 5227 aziwma-stata
1335 5135 1438 5224 ρβ’.

413 5235 496 5297 De
530 5245 795 5316 tempore
825 5255 940 5316 quo
965 5233 1215 5316 Symeon
1253 5235 1364 5296 iste
1385 5233 1609 5309 ﬂoruit,
1641 5250 1833 5294 meam
1866 5250 1984 5292 mn

337 5342 468 5404 qum
499 5331 624 5385 cert
647 5347 685 5399 ι,
719 5325 820 5386 sed
850 5343 980 5405 quae
1027 5323 1410 5405 probabiliter
1439 5329 1739 5402 comperta
1770 5319 1983 5382 habeo.

337 5413 427 5476 Ac
460 5414 517 5473 in
551 5413 758 5494 primis
777 5432 851 5475 ne
875 5413 1493 5496 monendumquidem
1527 5411 1804 5492 arbitror,
1829 5411 1986 5472 hunc

338 5497 692 5584 Symeonem
717 5511 980 5564 nostrum
1015 5503 1312 5574 diversum
1341 5522 1472 5566 esse
1495 5522 1529 5564 a
1553 5501 1844 5583 Symeone
1865 5499 1990 5582 Sty-

335 5593 438 5662 lita
455 5596 692 5656 seniore
719 5615 736 5672 ;
767 5595 936 5674 cuius
959 5593 1134 5656 vitam
1157 5594 1562 5659 Theudoretus
1585 5593 1792 5656 litteris
1815 5611 1987 5654 man-

335 5681 530 5759 davit;
563 5681 707 5744 item
766 5701 802 5744 a
849 5683 1140 5764 Symeone
1183 5685 1386 5767 Stylita
1425 5683 1690 5766 juniore,
1741 5682 1842 5764 qui
1875 5681 1983 5744 sub

335 5770 568 5844 lustino
599 5771 832 5839 minore
867 5772 1099 5838 ﬂoruit:
1136 5773 1274 5837 item
1306 5793 1342 5838 a
1371 5771 1662 5858 Symeone
1691 5771 1894 5855 Stylite
1927 5773 1987 5834 in

2065 4433 2243 4494 tariis
2284 4432 2618 4506 homicidis,
2671 4432 2828 4493 edita
2878 4440 2936 4494 et
2967 4431 3264 4512 publicata
3309 4440 3397 4493 est
3447 4431 3518 4494 ab
3567 4431 3715 4494 orbe

2064 4521 2300 4583 condito
2332 4523 2526 4584 sexies
2556 4521 2873 4584 millesimo
2905 4522 3342 4583 sexcentesimo
3395 4529 3712 4602 septuage-

2061 4610 2212 4672 simo
2244 4620 2474 4692 quarto,
2508 4621 2572 4674 ut
2603 4621 2660 4674 et
2708 4611 2824 4672 alia
2867 4611 3136 4691 ejusdem
3186 4605 3562 4692 imperaturis
3597 4619 3718 4692 Περὶ

2059 4699 2318 4781 δικφόρων
2349 4702 2668 4774 ὑποθέσεων,
2704 4701 2787 4762 De
2816 4701 3070 4762 dibersis
3103 4708 3304 4762 causis
3333 4721 3402 4761 ac
3429 4701 3709 4780 negotiis.

2067 4789 2201 4852 lniit
2229 4797 2425 4850 autem
2457 4789 2691 4852 Manuel
2745 4788 3066 4870 imperium
3100 4808 3256 4850 anno
3283 4789 3503 4853 Christi
3535 4787 3716 4863 1143,

2067 4877 2114 4938 si
2146 4897 2262 4938 non
2295 4878 2441 4939 fallit
2473 4877 2814 4959 Onuphrius
2843 4877 2904 4939 in
2957 4878 3289 4955 Chrnnico;
3338 4878 3494 4958 quod
3529 4895 3720 4940 annos

2070 4965 2308 5040 triginta
2334 4977 2466 5028 octu
2492 4965 2952 5041 administravit,
2987 4965 3176 5028 tribus
3209 4967 3512 5029 mensibus
3543 4965 3718 5028 dem-

2069 5063 2209 5138 ptis,
2246 5065 2396 5120 teste
2429 5057 2654 5132 Niccta,
2689 5058 2792 5120 lib.
2822 5077 2900 5120 vu
2935 5057 3026 5121 De
3055 5057 3232 5120 rebus
3263 5055 3718 5133 Mauuelis,sub

2067 5147 2271 5208 ﬁnem.
2307 5147 2462 5226 Ergo
2516 5145 2765 5228 Symeon
2820 5147 2929 5208 iste
2981 5145 3423 5209 Comnenorum
3467 5144 3720 5226 imperio

2065 5235 2311 5299 Joannis
2335 5243 2432 5297 aut
2453 5235 2743 5298 Manuelis
2767 5234 2986 5312 ﬂoruit,
3015 5235 3240 5316 hasque
3267 5235 3566 5297 orationes
3589 5253 3728 5295 con-

2067 5325 2327 5406 scripsit.
2363 5323 2556 5398 Quare
2592 5323 2946 5404 corrigenda
2987 5333 3124 5385 sunt
3155 5342 3224 5385 ea
3255 5343 3386 5405 quae
3417 5323 3478 5385 in
3509 5323 3722 5386 Adno-

2069 5417 2288 5476 tatione
2317 5415 2388 5476 ad
2425 5413 2752 5476 orationem
2805 5413 3040 5475 tertiam
3097 5413 3169 5475 de
3199 5423 3371 5476 atate
3415 5411 3726 5495 Symeonis

2072 5506 2227 5567 dicta
2255 5511 2413 5581 sunt,
2448 5502 2874 5565 convenienter
2909 5503 3115 5584 primae
3146 5502 3436 5584 opinioni,
3471 5521 3598 5584 quae
3631 5510 3722 5563 ta-

2074 5613 2209 5656 men
2267 5593 2409 5674 ruit,
2470 5593 2518 5654 si
2575 5611 2690 5654 non
2748 5591 3060 5667 δικκοσίοις,
3116 5593 3222 5654 sed
3267 5593 3554 5660 ἑξακοσίοις
3590 5609 3721 5654 cum

2071 5683 2272 5748 (Σινωοο
2307 5681 2515 5744 codice
2572 5681 2860 5762 legamus,
2911 5687 2974 5743 ut
3021 5700 3166 5744 sane
3213 5683 3414 5762 legere
3444 5688 3717 5764 oportet;

2071 5791 2206 5837 cum
2236 5771 2603 5854 Scripturam
2633 5771 2787 5834 hanc
2817 5770 3002 5836 codex
3034 5771 3352 5836 manifeste
3380 5787 3725 5854 reprwsen-
