4160 6410
418 377 526 446 321

1922 383 2204 452 ORATIO
2244 387 2297 452 Ι.

3706 380 3827 450 322

427 524 533 583 tet.
562 516 634 581 Et
657 518 936 601 quamvis
948 519 1070 599 jam
1102 525 1227 581 tum
1264 517 1532 582 schisma
1549 521 1956 585 Cratcanicum
1978 541 2084 586 ex-
2102 537 2150 599 Α
2168 508 2304 586 rere
2332 522 2486 585 volet
2513 538 2823 584 sermones
2844 519 3132 583 asceticos
3160 518 3351 582 Esaiae
3370 516 3622 601 abbatis,
3644 517 3818 582 Joan-

420 610 687 687 stitisset,
713 611 919 673 omnia
942 619 1141 672 tamen
1162 610 1294 673 loca
1313 610 1529 692 qnibus
1551 613 1807 694 Symeou
1833 634 2073 696 proces-

415 700 607 762 sionis
650 702 842 763 sancti
898 701 1124 782 Spiritu
1175 701 1471 777 meminit,
1505 721 1540 764 a
1571 703 1726 765 bono
1754 704 1981 767 lectore
2011 704 2074 766 in

414 789 643 853 bonum
663 810 911 855 sensum
931 791 1122 872 accipi
1146 799 1412 872 possunt,
1444 800 1505 853 ut
1549 801 1605 854 et
1625 792 1739 855 alia
1768 794 2073 875 pleraque,

409 880 487 942 ad
521 901 777 963 quorum
811 881 1098 944 nonnulla
1145 882 1660 944 alnotatiunculas
1700 884 2072 964 adjecimus;

412 969 533 1030 alia
562 971 782 1031 eruditi
814 970 1055 1032 lectoris
1103 970 1345 1032 candori
1399 971 1805 1052 permisimus.
1844 972 2076 1035 Etenim

417 1078 534 1120 non
565 1060 745 1121 modo
779 1060 837 1121 in
874 1060 986 1121 hoc
1027 1058 1321 1140 Symeone
1359 1067 1589 1136 nostro,
1623 1061 1729 1123 sed
1761 1070 1820 1123 et
1853 1062 1911 1123 in
1946 1062 2078 1124 aliis

421 1166 536 1209 non
567 1148 774 1229 paucis
794 1148 1140 1210 monasticis
1165 1157 1223 1210 et
1246 1150 1522 1211 asceticis
1546 1149 1940 1230 scriptoribus
1967 1170 2076 1213 oc-

420 1247 664 1300 currunt
689 1239 965 1320 quaedam
998 1238 1344 1300 duriuscule
1380 1239 1563 1319 dicta,
1596 1258 1727 1319 quae
1758 1240 1897 1302 lima
1920 1241 2081 1321 judi-

423 1327 507 1389 cis
535 1337 775 1408 egeant.
830 1330 987 1390 Vera
1020 1346 1120 1391 me
1149 1328 1312 1410 loqui
1341 1328 1643 1405 fatebitur,
1693 1330 1791 1411 qui
1825 1350 2076 1412 percur-

2159 612 2251 673 ni:
2282 612 2550 686 Climaci,
2589 609 2789 688 Marci,
2821 609 2939 672 Nili
2986 617 3048 673 et
3104 609 3378 674 aliorum.
3433 608 3688 671 Tantum
3741 609 3818 671 de

2157 700 2455 781 Symeone
2486 700 2840 764 habuimus:
2875 701 2948 764 ad
2998 717 3177 782 quem
3208 699 3386 788 etiam
3436 699 3693 788 scriptus
3723 705 3820 762 est

2156 791 2501 855 scholastici
2531 791 2691 853 illius
2713 790 3016 869 Dialogus,
3050 808 3228 870 quem
3262 787 3535 869 reperies
3567 796 3696 869 post
3721 807 3819 850 ca-

2161 881 2278 962 pita
2292 880 2557 956 moralia,
2584 900 2714 961 qua;
2740 880 2887 941 nihil
2913 880 3072 941 aliud
3098 888 3254 949 sunt,
3285 898 3461 960 quam
3484 878 3817 960 aphorismi

2159 970 2422 1052 quidam,
2461 974 2787 1052 brevesque
2818 970 3131 1032 sen'entize
3159 969 3233 1031 ad
3264 970 3438 1031 vitam
3491 977 3654 1031 recte
3709 969 3807 1031 in-

2160 1060 2517 1121 stituendam
2548 1059 3047 1141 accommodatae;
3083 1059 3418 1139 cujusmodi
3459 1059 3652 1140 capita
3684 1058 3811 1122 edi-

2160 1149 2372 1210 derunt
2404 1168 2537 1210 cum
2587 1149 2707 1215 alii.
2768 1157 2889 1209 tum
2940 1150 3173 1211 Marcus
3222 1147 3435 1211 Asceta
3483 1154 3542 1211 et
3572 1156 3813 1211 sanctus

2163 1237 2349 1313 Nilus,
2383 1257 2513 1320 quin
2547 1247 2800 1300 exstant.

980 1758 2106 1932 SYMEONIS
2222 1757 3260 1930 JUNIORIS

933 2065 1350 2131 PREPOSITI
1386 2065 1852 2131 MONASTERII
1894 2066 2168 2131 SANCTI
2214 2066 2605 2131 MAIIANTIS
2651 2068 2751 2131 AD
2793 2065 3248 2135 XYLOCERCU
3289 2071 3305 2128 Ι

1529 2253 2249 2350 ORATIONES
2340 2253 2728 2346 XXXIII

970 2574 1253 2642 ORATIO
1300 2577 1530 2642 PRIMA

1036 2675 1434 2722 ARGUMENTUM
1446 2712 1452 2717 .

414 2736 948 2812 Quemadmodum
968 2736 1145 2801 homo
1160 2743 1448 2820 paradiso
1460 2738 1832 2815 exturbatus,
1857 2747 2078 2804 verita-

502 2825 646 2902 tem,
671 2835 806 2902 qua:
826 2822 1178 2902 estverbum
1196 2820 1332 2902 Dei,
1354 2822 1709 2901 perdiderit.
1740 2824 1826 2881 De
1838 2830 2076 2899 peccato

494 2897 812 2981 diabotiet
833 2898 1082 2961 Adami.
1107 2901 1189 2963 Ab
1210 2897 1341 2981 ipso
1354 2897 1745 2981 conceptione
1764 2897 2072 2965 hominem

493 2978 824 3063 quemlibet
871 2997 1000 3063 esse
1041 2978 1458 3063 peccatorem:
1510 2978 1718 3062 etquo
1759 2989 1940 3062 pacto
1969 3001 2073 3063 per

496 3061 874 3142 baptismum
944 3061 1015 3142 in,
1084 3061 1325 3142 Spiritu
1399 3061 1624 3124 sancto
1664 3061 2069 3142 regeneretur.

498 3138 799 3215 Queenam
837 3140 1017 3202 multi
1043 3138 1234 3221 reges,
1267 3150 1323 3205 et
1345 3144 1652 3221 prophetae
1678 3138 1816 3206 ante
1845 3144 2075 3207 Christi

499 3228 773 3300 tempora
793 3222 1264 3300 concupiverint.
1288 3222 1664 3286 Christianos
1675 3225 1940 3286 nondum
1958 3227 2074 3287 ini-

508 3302 620 3363 tiat
639 3318 728 3381 os,
753 3300 1157 3384 dolentesgue,
1206 3311 1266 3364 et
1284 3313 1535 3383 peccata
1575 3321 1685 3365 sua
1710 3306 2067 3384 conﬁtentes.

514 3385 808 3463 canonicis
832 3382 1113 3457 vinculis,
1143 3401 1214 3445 ac
1224 3382 1419 3463 poenis
1440 3386 1698 3447 minime
1713 3382 1950 3462 subiici,
1977 3387 2080 3449 sed

517 3460 654 3546 ﬁdei
675 3463 986 3546 mysteriis
1020 3460 1275 3546 erudiri,
1324 3472 1380 3528 et
1413 3472 1503 3546 ita
1535 3466 1778 3527 demum
1823 3460 2079 3529 initiari

521 3541 744 3625 debere.
809 3541 1310 3625 Uu-umquemque
1380 3545 1799 3608 Christianum
1870 3546 2078 3609 divina

520 3623 930 3686 immutatione
942 3623 1233 3704 indigere,
1254 3629 1317 3688 in
1333 3643 1452 3707 qua
1461 3626 1747 3707 perfertio
1759 3630 2072 3691 consistat.

505 3730 763 3793 Adamus
792 3739 1103 3812 postquam
1141 3731 1377 3795 diabolo
1434 3733 1682 3794 mentito
1733 3734 1909 3795 ﬁdem
1964 3736 2076 3795 ha-

422 3819 572 3893 buit,
606 3826 825 3881 etcum
857 3838 928 3880 ea
971 3819 1089 3881 ﬁde
1139 3821 1212 3881 de
1266 3822 1423 3900 ligno
1473 3821 1740 3884 scientiae
1791 3824 2074 3906 comedit,

422 3909 733 3973 veritatem
781 3908 1019 3983 amisit;
1065 3930 1241 3990 quam
1298 3912 1517 3972 deinde
1568 3920 1774 3973 natura
1823 3912 2136 4007 humanae

418 3999 524 4062 diu
556 4004 924 4079 multumque
963 3998 1390 4079 investigatam,
1416 3999 1685 4061 invenire
1717 4019 1834 4061 non
1866 4001 2076 4081 potuit.

422 4088 793 4150 Testimonio
844 4096 983 4148 sunt
1031 4107 1236 4149 omnes
1285 4087 1529 4152 Graeciae
1577 4089 1899 4169 sapientes,
1940 4090 2080 4151 dum

428 4185 649 4239 tantam
681 4178 1073 4239 humanarum
1122 4178 1469 4258 opinionum
1514 4178 1937 4254 diversitatem,
1978 4198 2082 4260 per

425 4268 619 4331 varias
644 4266 993 4348 disciplinas
1039 4267 1131 4328 via
1177 4287 1246 4330 ac
1296 4269 1526 4330 ratione
1571 4268 1814 4330 traditas
1865 4269 2079 4349 praeci-

429 4375 666 4439 pueque
699 4357 1048 4436 permultas
1079 4375 1144 4418 ac
1193 4358 1397 4437 longas
1439 4358 1513 4418 de
1560 4357 1774 4419 virtute
1827 4371 1884 4418 et
1941 4358 2083 4420 vitio

426 4446 883 4528 disputationes,
917 4463 1063 4525 quas
1092 4446 1484 4527 reliquerunt,
1534 4447 1608 4508 ad
1641 4446 2083 4527 simplicitatem

427 4542 489 4598 et
514 4534 938 4601 rectitudinem
967 4534 1261 4616 redigere,
1286 4544 1798 4616 congruenterque
1819 4535 1879 4597 in
1902 4555 2085 4597 unum

427 4629 844 4703 coagmentare
901 4630 960 4684 et
1028 4625 1436 4703 constringere
1510 4627 1930 4702 nequiverunt.
1985 4624 2087 4686 Est

2094 2664 2255 2725 Bsus
2285 2661 2635 2725 necessitate
2665 2653 3007 2745 complexus
3047 2672 3157 2739 est,
3192 2664 3253 2726 in
3286 2683 3417 2727 eam
3451 2682 3684 2743 poenam
3718 2664 3817 2726 in-

2158 2754 2361 2833 currit,
2399 2760 2463 2813 ut
2493 2753 2798 2815 veritatem
2858 2762 3162 2816 scrutetur
3212 2754 3312 2815 ille
3365 2754 3630 2835 quidem,
3688 2755 3821 2835 ejus

2158 2849 2353 2903 tamen
2387 2861 2632 2921 compos
2663 2861 2780 2903 non
2815 2843 3045 2915 evadat,
3072 2853 3486 2924 persequatur,
3521 2861 3632 2905 nec
3664 2862 3824 2905 com-

2159 2930 2510 3011 prehendat.
2563 2930 2794 2992 Etenim
2843 2951 2973 3012 quze
3017 2931 3132 2993 ﬁde
3190 2930 3504 2994 mendacio
3554 2931 3823 2995 adhibita

2160 3020 2349 3081 oculis
2373 3019 2589 3081 nostris
2613 3027 2815 3101 erepta
2854 3021 2983 3096 fuit,
3013 3020 3127 3083 ﬁde
3152 3021 3385 3083 veritati
3417 3020 3815 3096 commodata,

2157 3127 2396 3170 rursum
2454 3110 2752 3170 invenitur
2806 3128 2874 3171 ac
2929 3110 3283 3172 restituitur.
3344 3108 3450 3172 Ille
3507 3110 3818 3172 mendacio

2159 3205 2363 3279 aperto
2392 3197 2825 3278 manifestoque
2882 3197 3188 3260 credidit:
3252 3217 3361 3259 nos
3416 3216 3697 3276 magnum
3749 3215 3819 3258 ac

2160 3287 2540 3348 manifestum
2570 3293 2913 3366 mysterium
2938 3288 2979 3367 ί,
3033 3289 3219 3349 Deum
3249 3286 3527 3348 videlicet
3556 3287 3818 3347 humano

2162 3395 2411 3459 corpore
2468 3376 2765 3450 indutum,
2827 3377 3150 3438 credimus.
3202 3375 3353 3438 Illud
3419 3384 3661 3457 propter
3709 3374 3821 3437 Dei

2161 3466 2504 3527 mandatum
2534 3471 2664 3526 erat
2710 3464 3113 3528 incredibile:
3167 3466 3280 3527 hoc
3331 3472 3574 3545 propter
3623 3466 3817 3527 Deum

2159 3574 2268 3616 nos
2291 3555 2689 3635 alloquentem
2717 3554 2986 3616 redditur
3007 3554 3312 3617 credibile.
3342 3554 3487 3615 [llud
3523 3554 3815 3616 creditum

2160 3643 2603 3724 deprehensum
2653 3651 2743 3705 est
2800 3643 3012 3705 falsum
3066 3644 3436 3724 (credentem
3484 3644 3705 3724 quippe
3757 3644 3819 3705 in

2161 3733 2405 3795 exitium
2424 3750 2490 3793 ac
2504 3743 2761 3794 mortem
2786 3732 3265 3813 praecipitavit?»
3284 3734 3394 3793 hoc
3418 3731 3827 3794 creditumve-

2160 3822 2302 3883 ritas
2317 3821 2699 3900 comperitur,
2718 3822 3017 3902 siquidem
3034 3842 3170 3884 eum
3191 3821 3292 3903 qui
3308 3821 3617 3883 mendacio
3639 3820 3818 3883 ﬁdem

2160 3912 2658 3981 commodaverat,
2693 3910 2766 3973 ab
2798 3911 2975 3973 exitio
2998 3932 3068 3974 ac
3092 3920 3282 3973 morte
3306 3920 3564 3986 revocat,
3601 3929 3818 3991 pecca-

2165 4010 2287 4063 tum
2313 4002 2439 4082 ejus
2458 4002 2695 4074 tollens,
2720 4001 2894 4083 eique
2916 4009 2981 4063 ut
2998 4002 3152 4064 bene
3166 4021 3233 4065 ac
3247 4003 3415 4064 beate
3432 4001 3509 4062 sit
3526 4001 3818 4079 largiens:

2166 4099 2223 4153 et
2245 4109 2315 4152 ex
2350 4093 2464 4152 tine
2489 4098 2833 4171 utrumque,
2884 4090 3262 4154 mendacium
3292 4098 3430 4172 puta
3458 4092 3817 4173 veritasque,

2171 4178 2952 4268 perspicitur.Unum_igitur
2970 4190 3305 4261 peccatum,
3344 4188 3402 4241 et
3431 4199 3547 4242 una
3562 4180 3815 4268 justitia.

2251 4269 2400 4330 Vide
2418 4267 2556 4349 quid
2581 4268 2875 4346 diabolus,
2900 4270 3215 4331 considera
3235 4268 3376 4350 quid
3400 4269 3660 4331 Adamus
3686 4288 3824 4349 pec-

2167 4357 2409 4432 caverit,
2444 4367 2640 4419 etnon
2674 4357 2859 4432 aliud,
2904 4377 3080 4439 quam
3113 4359 3329 4420 suimet
3358 4358 3818 4420 admirationem

2166 4446 2623 4528 superbiamque
2648 4446 2937 4509 invenies.
2965 4446 3189 4510 Verum
3212 4447 3296 4508 illi
3324 4447 3400 4508 ob
3427 4447 3817 4509 excellentem

2166 4537 2376 4616 gloriae
2407 4537 2873 4615 magnitudinem
2921 4536 3003 4599 ita
3039 4556 3105 4599 se
3135 4544 3470 4617 gesserunt.
3504 4535 3627 4597 Nec
3657 4535 3818 4598 enim

2171 4646 2237 4689 ex
2270 4626 2603 4688 humilitate
2631 4626 2877 4705 gloriam
2920 4627 3119 4707 adepti
3158 4646 3224 4688 se
3276 4626 3614 4689 extulerunt
3646 4643 3660 4688 :
3712 4626 3819 4688 sed

426 4722 625 4776 autem
658 4713 874 4774 veritas
922 4710 1182 4774 Verbum
1236 4713 1366 4788 Dei,
1427 4714 1549 4775 sive
1600 4714 1787 4793 gratia
1834 4712 2076 4790 Christi,
2163 4736 2299 4779 cum
2331 4716 2724 4777 humilitatem
2764 4717 3022 4777 necdum
3063 4723 3512 4796 cognoscerent,
3549 4723 3609 4777 et
3636 4733 3817 4777 secu-

425 4822 562 4885 quae
590 4801 931 4882 complures
960 4801 1116 4876 illas,
1151 4812 1208 4865 et
1239 4803 1395 4865 inter
1422 4821 1486 4865 se
1518 4811 1870 4883 pugnantes,
1905 4812 2082 4884 atque
2165 4813 2354 4867 turam
2386 4822 2418 4866 e
2442 4824 2583 4867 casu
2606 4804 2871 4883 ipsorum
2903 4805 3373 4866 humiliationem
3406 4803 3822 4883 ignominiam-

423 4891 773 4973 implicitas,
808 4899 865 4951 et
896 4898 1187 4953 tortuosas
1233 4912 1303 4954 ex
1358 4892 1669 4954 hominum
1699 4892 2077 4972 cogitationi-
2162 4913 2278 4975 que
2300 4893 2670 4973 ignorarent,
2695 4893 2921 4955 idcirco
2946 4895 3091 4955 nihil
3117 4912 3248 4956 eam
3270 4901 3623 4969 metuentes,
3651 4910 3822 4955 eous-

422 4980 562 5055 bus,
588 4978 1007 5041 ratiocination
1034 4980 1260 5063 hosque
1293 4982 1589 5063 profectas
1612 4982 1928 5043 verborum
1961 4982 2079 5043 dis-
2164 5003 2280 5065 que
2311 4984 2525 5046 eﬁ‘erre
2555 5001 2619 5045 se
2652 5002 2769 5044 non
2811 4983 3177 5047 dubitarunt.
3214 4983 3636 5047 Animadverte
3667 5002 3816 5045 con-

423 5068 801 5143 sertatioues,
838 5087 954 5130 una
984 5083 1044 5131 et
1075 5070 1303 5133 directa
1342 5071 1739 5152 simplicitate,
1777 5070 1938 5133 velut
1966 5090 2076 5132 na-
2162 5086 2278 5148 ira,
2320 5073 2616 5154 quomodo
2652 5072 3010 5153 justiﬁcatus
3032 5073 3105 5136 sit
3127 5073 3322 5137 Jesus.
3353 5076 3503 5136 Cum
3537 5075 3692 5136 Deus
3717 5090 3817 5134 es-

423 5160 624 5233 turali,
685 5159 931 5239 paciﬁca
978 5168 1035 5219 et
1115 5161 1432 5243 tranquilla
1479 5158 1904 5240 conjunctione
1979 5160 2078 5221 in-
2161 5171 2271 5236 set,
2310 5181 2495 5243 usque
2541 5162 2614 5223 ad
2672 5175 2928 5224 mortem
2977 5164 3398 5237 voluntariam,
3450 5172 3512 5224 et
3565 5173 3817 5225 mortem

424 5249 862 5331 comprehensa
893 5249 1149 5329 potentia
1177 5269 1283 5311 sua
1311 5251 1663 5330 composuit,
1699 5250 2082 5331 reliquosque
2100 5244 2358 5312 Dcrucis
2393 5250 2573 5332 (quod
2597 5260 2723 5312 erat
2742 5251 3170 5316 sceleratorum
3194 5251 3572 5333 supplicium)
3604 5258 3821 5313 semet-

422 5338 831 5403 doctrinarum
867 5356 1175 5400 sermones
1204 5339 1274 5401 ad
1329 5359 1517 5402 unum
1567 5358 1779 5401 omnes
1832 5340 2082 5416 otiosos,
2164 5343 2360 5422 ipsum
2396 5341 2798 5406 humiliavit5.
2832 5340 3026 5404 Unum
3076 5362 3216 5422 ergo
3250 5351 3581 5424 peccatum,
3616 5340 3820 5404 inﬂata

425 5428 628 5494 irritos
656 5436 713 5489 et
744 5427 986 5489 inutiles
1012 5428 1473 5504 demonstravit;
1521 5448 1656 5490 cum
1688 5446 1855 5490 more
1886 5448 2082 5491 caeco-
2166 5430 2239 5492 de
2266 5449 2330 5493 se
2361 5431 2586 5513 opinio,
2620 5439 2679 5493 et
2708 5451 2825 5493 una
2864 5433 3117 5512 justitia,
3169 5439 3437 5494 extrema
3481 5431 3811 5495 humilitas.

424 5538 562 5583 rum
594 5519 910 5600 palpando,
943 5519 1274 5593 veritatem,
1307 5518 1380 5582 ab
1403 5519 1591 5581 oculis
1615 5517 1831 5580 nostris
1863 5518 2083 5581 merito

422 5619 739 5684 remotam,
761 5609 1154 5690 inquirentes,
1180 5628 1303 5672 non
1315 5609 1549 5671 valeant
1570 5607 1863 5690 reperire.
1892 5608 2082 5673 Simul

423 5718 493 5764 ac
524 5698 683 5762 enim
714 5699 896 5761 homo
917 5697 1298 5762 mendacium
1328 5709 1560 5783 sponte,
1595 5717 1664 5761 ac
1686 5698 1848 5761 nulla
1867 5697 2085 5781 impul-

2165 5518 2333 5581 Nunc
2362 5529 2556 5581 autem
2588 5520 2723 5601 quis
2763 5521 3049 5601 seipsum,
3102 5522 3217 5583 nisi
3260 5518 3585 5582 admodum
3621 5521 3818 5582 fatuus

2168 5609 2430 5671 exaltet?
2459 5610 2649 5672 Nemo
2679 5610 2839 5672 cnim
2865 5611 2923 5672 in
2957 5612 3067 5673 hac
3089 5611 3207 5673 vita
3226 5610 3281 5671 vi
3311 5609 3510 5672 divina
3540 5609 3819 5690 praeditus

2167 5706 2279 5780 est,
2311 5704 2374 5762 ut
2405 5716 2700 5761 summam
2730 5699 2844 5763 sibi
2895 5700 3146 5780 gloriam
3176 5706 3514 5782 comparet:
3551 5716 3664 5763 nec
3690 5697 3815 5780 ille,

507 5897 530 5943 ι
556 5896 583 5962 1
612 5895 770 5962 Tim.
805 5912 893 5975 ιιι,
933 5894 1027 5963 16.
1113 5894 1142 5942 ³
1171 5896 1325 5962 Gen.
1361 5913 1446 5979 Ill,
1478 5897 1539 5962 6.
1623 5896 1657 5949 3
1683 5893 1944 5980 Philipp.
1978 5911 2045 5977 ιι,
2076 5895 2139 5982 ’7,
2163 5896 2224 5961 8.
