4160 6378
255 344 374 437 δὶξ

1772 352 2055 422 ORATIO
2097 356 2148 419 Ι.

3546 351 3669 420 326

259 491 360 581 qui
385 490 779 572 gloriﬁcatus,
812 495 1216 559 sanctiﬁcatus
1245 505 1376 574 est;
1409 499 1540 561 sine
1573 498 1916 561 sanctiﬁca-
1941 493 1987 555 A
2005 497 2361 572 minabitur,
2387 514 2511 560 non
2530 499 2691 561 enim
2711 498 2856 561 estis
2880 497 2992 560 sub
3022 496 3172 576 lege,
3208 498 3313 561 sed
3330 498 3439 561 sub
3458 501 3667 581 gratia

260 580 419 671 tione
453 581 639 645 Deum
675 603 856 646 nemo
885 584 1132 647 videbit.
1167 587 1436 651 Tottatur
1463 591 1707 671 impius,
1730 608 1805 652 ne
1836 592 1920 652 vi-

254 669 396 733 deat
420 673 688 755 gloriam
722 672 973 736 Domini
989 676 1021 725 8
1043 726 1057 739 .
1091 674 1234 748 Quis
1258 677 1546 759 etimpius
1568 681 1597 740 ?
1619 669 1923 759 Superbus

253 759 487 841 utique,
522 771 581 824 et
612 770 843 826 tantum
876 765 1091 846 impius
1113 776 1400 847 quantum
1430 768 1725 848 superbus
1781 767 1921 841 Quis

253 848 505 911 humilis
534 849 769 914 corde?
798 873 914 915 non
939 854 1223 934 prudens,
1252 876 1369 918 non
1394 858 1656 938 sapiens,
1687 877 1804 919 non
1837 859 1924 918 in-

253 938 565 1016 telligens,
584 959 702 1002 non
715 944 1073 1023 versipetlis,
1099 962 1215 1007 non
1230 963 1264 1008 a
1286 950 1608 1028 semetipso
1624 948 1833 1009 doctus
1853 965 1924 1008 ac

250 1028 501 1105 sciens;
534 1029 640 1091 sed
682 1049 817 1093 cum
852 1030 1073 1112 Spiritu
1108 1040 1311 1096 sancto
1357 1036 1827 1111 communicaris,
1863 1036 1922 1096 in

252 1135 375 1207 quo
406 1117 721 1198 prudentia
752 1128 812 1183 et
844 1120 1158 1202 sapientia,
1182 1134 1241 1185 et
1271 1123 1691 1207 intelligentia,
1726 1125 1924 1188 erudi-

259 1203 347 1266 tio
377 1223 445 1266 ac
473 1207 725 1271 scientia
755 1209 815 1271 in
869 1210 996 1291 ipso
1047 1221 1324 1291 purgatas,
1358 1233 1428 1275 ac
1459 1203 1729 1287 viventis,
1768 1212 1922 1275 Deo-

263 1311 386 1375 que
415 1296 701 1376 placentis
731 1299 1076 1364 animos.0b
1107 1302 1164 1363 id
1192 1302 1352 1364 enim
1368 1302 1631 1366 Verbum
1658 1303 1925 1365 acFilius

264 1382 375 1475 Dei
408 1386 711 1449 hominem
754 1388 969 1465 induit,
1004 1409 1072 1453 ac
1120 1402 1370 1454 mortem
1420 1393 1687 1475 pertulit,
1740 1412 1924 1473 seque

264 1472 466 1564 ipsum
497 1495 608 1564 pro
640 1486 760 1538 toto
791 1498 1013 1556 genere
1043 1481 1303 1543 humano
1327 1472 1636 1544 liberanda
1669 1472 1923 1564 pretium

260 1561 455 1653 dedit.
493 1563 716 1629 Verum
748 1568 1052 1630 enimvero
1086 1590 1190 1650 pro
1224 1570 1357 1653 piis,
1386 1571 1485 1653 qui
1515 1561 1692 1633 antea
1713 1572 1929 1633 obdor-

264 1652 589 1735 miverant,
626 1674 902 1736 magnum
933 1668 991 1720 et
1023 1668 1357 1738 augustum,
1386 1652 1454 1723 ac
1487 1670 1798 1742 propterea
1824 1679 1925 1723 re-

2008 588 2235 651 Christi
2264 588 2309 636 Η
2350 630 2363 644 .
2393 585 2521 648 Nisi
2552 587 2710 649 enim
2752 586 3109 667 rejecissent
3141 587 3388 667 gratiam
3418 588 3659 666 Christi,

2003 696 2180 759 quam
2213 685 2636 755 cognoverant,
2682 696 2801 738 non
2824 695 2928 739 eos
2953 675 3054 737 illa
3081 695 3328 757 peccare
3354 678 3664 758 permisis-

2006 775 2122 830 set.
2155 771 2225 831 Et
2258 767 2370 847 ipsi
2402 776 2595 829 semet
2621 784 2755 831 reos
2784 767 3055 828 fecerunt
3091 767 3398 846 sanguinis
3420 768 3659 844 Christi,

2008 858 2116 937 qui
2143 858 2489 920 amandavit
2525 858 2951 919 conscientiam
2999 854 3246 918 illorum
3277 858 3353 919 ab
3383 858 3666 937 aperibus

2004 948 2283 1019 mortuis,
2301 947 2380 1009 ad
2389 947 2675 1008 servient!
2682 965 2779 1007 um
2810 947 2924 1007 Deo
2936 952 3070 1007 vivo
3096 954 3151 1008 et
3174 964 3318 1008 vero
3336 947 3423 1024 19;
3444 949 3668 1010 denuo-

2005 1054 2119 1131 que
2153 1054 2260 1116 per
2291 1035 2525 1096 labores
2555 1054 2792 1115 nempe,
2845 1035 3114 1107 sudores,
3157 1036 3435 1112 gemitus,
3462 1039 3661 1119 lacry-

2011 1123 2134 1186 mas
2160 1126 2469 1186 emundari
2495 1125 2739 1190 debent,
2768 1123 3041 1184 utdicant
3062 1123 3212 1184 Deo:
3259 1123 3400 1188 Vide
3415 1128 3667 1190 humili-

2007 1220 2195 1275 tatem
2223 1222 2280 1274 et
2310 1214 2573 1274 laborem
2591 1230 2816 1284 meum,
2851 1221 2902 1273 et
2928 1211 3170 1273 dimitte
3198 1215 3404 1277 omnia
3419 1224 3669 1295 peccata

2005 1320 2140 1365 mea
2162 1303 2219 1352 15
2244 1347 2257 1362 .
2292 1301 2588 1365 Remissio
2618 1311 2814 1362 autem
2866 1300 3127 1381 perfecta
3177 1320 3414 1365 rursum
3465 1306 3668 1386 gratiae

2008 1390 2381 1471 participatio
2423 1399 2532 1463 est,
2571 1407 2687 1451 non
2730 1389 2886 1469 quod
2940 1389 3096 1451 Deus
3147 1390 3668 1472 defatigationibus

2008 1498 2076 1540 ac
2110 1478 2411 1540 laboribus
2437 1478 2775 1559 pmniteutis
2802 1479 3097 1556 indigeat:
3126 1481 3230 1540 sed
3273 1500 3347 1542 ne
3376 1483 3669 1561 paenitens

2010 1568 2222 1629 divinae
2270 1567 2471 1646 gratiae
2518 1568 2667 1628 citra
2714 1566 2975 1628 laborem
3029 1569 3472 1647 reconciliatus,
3508 1592 3663 1649 eam,

2010 1657 2095 1717 uti
2126 1658 2309 1738 prius,
2362 1663 2725 1731 contemnat,
2782 1656 3073 1737 tertiaque
3127 1659 3474 1738 purgatione
3519 1682 3669 1743 opus

264 1742 756 1841 pulsae-nescium
788 1749 1148 1812 sacriﬁcium
1181 1750 1367 1813 factus
1387 1768 1501 1831 est,
1533 1751 1772 1832 quando
1797 1759 1928 1831 post

2024 1746 2264 1818 habens,
2285 1744 2659 1826 reprobetur‘,
2686 1752 2746 1806 et
2768 1744 2830 1805 in
2853 1744 3049 1823 ignem
3062 1749 3492 1827 sempiternum
3523 1742 3668 1831 pur-

270 1832 489 1894 Adami
521 1834 746 1915 lapsum
771 1838 1071 1917 justorum
1122 1840 1319 1902 nullus
1368 1840 1624 1921 adipisci
1675 1841 1928 1903 salutem
1952 1832 1996 1841 ”
2015 1836 2242 1914 gandus
2268 1836 2644 1916 conjiciatur,
2671 1835 2930 1916 quicum
2957 1854 3198 1917 semper
3222 1846 3380 1917 urat,
3415 1859 3670 1921 purgare

276 1921 493 2000 potuit,
512 1925 801 2012 omnibus
825 1939 1069 2007 peccato
1103 1930 1277 2008 primi
1312 1931 1595 2012 parentis,
1632 1930 1934 2012 mortique

275 2026 351 2101 ac
383 2010 688 2089 perditioni
707 2016 994 2097 subjectis
1022 2040 1035 2078 :
1062 2020 1217 2100 quod
1246 2010 1421 2083 nemo
1444 2028 1721 2091 exstaret,
1751 2010 1929 2101 quem

284 2097 564 2190 ﬂammea
582 2101 673 2164 illa
692 2107 995 2187 romphaea
1015 2097 1508 2189 paradisicustos,
1530 2097 1932 2190 postejectum

283 2186 426 2279 inde
453 2192 875 2279 protoplasmm
902 2186 1073 2258 facile
1090 2196 1451 2273 admitteret,
1485 2186 1679 2279 quoin
1707 2186 1933 2278 impol-

280 2276 419 2347 luta,
457 2289 516 2341 et
547 2278 619 2341 ab
641 2283 804 2344 omni
827 2283 1046 2348 delicto
1075 2286 1311 2359 munda,
1336 2296 1392 2348 et
1417 2276 1621 2349 sancta
1655 2276 1933 2348 taberna-

272 2366 407 2427 cula
428 2367 653 2433 intrare
674 2379 733 2433 et
759 2371 819 2433 in
845 2374 1078 2437 Sanctis
1120 2384 1461 2439 sanctorum
1483 2376 1650 2438 atriis
1699 2395 1933 2457 perma-

269 2474 419 2517 nere
443 2468 643 2537 posset
674 2460 1000 2542 (quoniam,
1029 2474 1092 2527 ut
1109 2465 1286 2528 etiam
1309 2466 1630 2547 Apostolus
1653 2468 1753 2537 ait,
1793 2485 1934 2529 cor-

270 2547 481 2637 ruptio
494 2549 1000 2629 incorruptionem
1016 2574 1139 2618 non
1148 2556 1587 2633 hwreditabitD)
1603 2557 1939 2637 oportebat-

269 2634 872 2721 queincorruptibile
894 2642 999 2705 Dei
1028 2644 1290 2707 Verbum
1327 2646 1385 2706 in
1424 2666 1603 2708 carne
1636 2634 1737 2707 sua
1773 2665 1935 2707 mor-

270 2724 374 2818 tali
407 2724 607 2818 oblato
627 2731 922 2793 sacriﬁcio
936 2733 1132 2814 justos
1170 2753 1203 2796 a
1227 2737 1609 2818 corruptione
1643 2737 1930 2798 eximere.

275 2809 445 2905 Haud
479 2817 643 2878 enim
678 2818 737 2879 in
785 2809 1024 2884 illorum
1068 2831 1359 2905 potestate
1412 2809 1562 2899 erat,
1608 2825 1681 2886 ad
1730 2825 1933 2887 incor-

273 2903 620 2995 ruptionem
655 2907 815 2969 illam
842 2903 1180 2987 instaurari,
1209 2913 1268 2974 ἱ.)
1298 2933 1415 2995 qua
1456 2914 1735 2995 princeps
1756 2916 1935 2978 homo

276 2991 744 3085 efﬁctusfuerat,
772 3006 830 3060 et
846 3018 913 3061 ex
937 3020 1054 3083 qua
1075 2991 1413 3065 exciderat:
1448 3003 1554 3066 sed
1567 3004 1639 3065 ad
1669 2991 1937 3085 magnam

281 3080 459 3158 hanc,
495 3094 554 3146 et
584 3084 646 3147 in
684 3087 915 3165 judicio
944 3080 1012 3152 ac
1033 3092 1264 3172 justitia
1314 3106 1647 3173 susceptam
1697 3080 1941 3155 oecono-

289 3174 469 3241 miam
501 3177 830 3258 spectabat.
868 3180 941 3242 At
985 3200 1120 3244 vero
1165 3202 1273 3265 pro
1305 3183 1378 3244 iis
1407 3185 1510 3265 qui
1543 3191 1747 3266 postea
1775 3184 1939 3246 vixe-

292 3272 451 3355 runt,
486 3273 607 3355 tum
638 3268 1024 3338 sacriﬁcium.
1062 3280 1181 3335 tum
1205 3273 1547 3335 communio
1571 3273 1940 3355 appellatur;

299 3351 442 3449 quia
458 3354 690 3449 scilicet
701 3376 817 3449 per
829 3361 1229 3442 sumptionem
1250 3380 1314 3424 se
1336 3381 1468 3425 cum
1495 3351 1767 3425 sumente
1788 3382 1949 3425 com-

304 3446 540 3533 miscet,
571 3451 630 3504 et
656 3446 753 3509 illa
780 3451 1200 3515 commistione
1236 3452 1578 3533 unioneque
1608 3452 1681 3515 de
1711 3452 1944 3532 integro

306 3528 700 3627 eum-format,
734 3538 1088 3621 unitumque
1107 3528 1511 3623 inexplicabili
1532 3541 1743 3602 virtute
1765 3528 1946 3603 artifi-

309 3616 397 3677 cis
424 3616 735 3685 divinitatis
763 3646 886 3689 suse
913 3616 1009 3689 ad'
1031 3616 1416 3712 semetipsum
1448 3631 1712 3711 adducit,
1752 3638 1813 3692 ut
1842 3650 1943 3693 se-

307 3722 442 3767 cum
468 3727 557 3802 ge:
574 3730 745 3777 mane
770 3718 1083 3782 coaiescat.
1137 3719 1646 3793 Quemadmodum
1677 3729 1735 3782 et
1763 3721 1942 3802 ignis,

305 3799 534 3891 tametsi
555 3820 589 3862 a
617 3807 969 3885 corporibus
992 3828 1055 3870 se
1072 3806 1416 3873 durioribus
1440 3820 1771 3891 susceptus,
1790 3799 1946 3873 con-

288 3887 607 3968 junctioae
636 3892 766 3973 ipsa
796 3897 991 3976 ignem
1050 3899 1205 3971 facit,
1259 3919 1372 3962 nec
1421 3887 1635 3962 eorum
1677 3910 1944 3963 naturam

294 3985 547 4043 evertit:
583 3982 978 4050 nihilominus
1005 3990 1265 4070 quandiu
1316 4008 1451 4051 cum
1504 3989 1642 4069 igne
1673 3990 1948 4070 copulata

296 4075 460 4160 sunt,
494 4071 673 4133 etiam
704 4073 834 4154 ipsa
860 4077 1012 4156 ignis
1041 4088 1198 4141 sunt.
1235 4080 1428 4160 Atque
1479 4080 1592 4141 hoc
1640 4087 1756 4154 est,
1790 4080 1947 4160 quod

295 4156 442 4221 olim
474 4162 641 4223 multi
675 4167 999 4248 praplietre,
1030 4185 1204 4247 reges
1233 4177 1291 4229 et
1330 4156 1476 4249 justi
1508 4156 1943 4249 desiderarunt,

299 4264 437 4338 cum
468 4265 575 4313 eos
606 4253 1002 4332 praeviderent
1026 4258 1082 4308 10
1102 4310 1118 4336 ,
1151 4258 1252 4338 qui
1283 4276 1420 4319 caro
1452 4256 1527 4319 de
1558 4276 1737 4320 carne
1770 4256 1954 4320 Verbi

300 4337 414 4401 Dei
444 4346 501 4400 et
530 4358 596 4401 os
626 4360 698 4404 es
728 4345 963 4407 ossibus
1007 4348 1136 4427 ejus
1175 4337 1367 4408 futuri
1416 4356 1636 4424 essent,
1686 4366 1871 4429 seque
1919 4366 1955 4409 a

303 4435 465 4518 tanto
494 4429 650 4494 bono
680 4438 981 4515 sejunctas
1013 4438 1429 4518 intelligerent.

386 4517 761 4610 Quapropter
780 4517 1466 4609 instructis,eteruditis,
1493 4529 1807 4610 magnique
1833 4548 1955 4610 my-

308 4609 475 4698 sterii
504 4610 965 4678 Christianitatis
1010 4618 1407 4698 cognitionem
1441 4609 1799 4687 consecutis,
1831 4609 1955 4679 ini-

308 4697 582 4789 tiatisque
613 4703 913 4781 ﬁdelibus,
946 4708 997 4769 si
1028 4697 1231 4787 postea
1263 4726 1368 4789 pro
1398 4708 1656 4770 humana
1685 4707 1957 4770 imbecilo

300 4784 492 4863 litate,
529 4799 587 4851 et
609 4793 747 4873 quia
767 4795 961 4857 adhuc
980 4784 1219 4875 pulvere
1242 4784 1707 4868 circumdantur,
1746 4796 1803 4856 in
1832 4795 1957 4857 cul-

300 4895 435 4958 pam
464 4878 807 4957 inciderint,
840 4883 996 4947 bona
1051 4886 1163 4947 erit
1195 4885 1492 4949 medicina
1520 4884 1868 4965 spiritualis,
1902 4883 1954 4945 si

302 4985 436 5029 eam
490 4972 912 5035 conlitentibus
944 4973 1309 5055 injiciantur
1366 4974 1598 5036 vincula
1641 4973 1952 5049 canonica,

1964 3145 2006 3207 Ο

2018 1943 2137 1985 non
2170 1933 2360 2005 potest
2393 1944 2572 2006 quem
2604 1925 2746 1987 urit.

2094 2012 2225 2077 Jam
2251 2034 2388 2077 vero
2416 2033 2635 2077 arcana
2657 2013 3008 2076 Christianae
3020 2014 3330 2096 religionis
3352 2017 3673 2099 ignoranti-

2016 2100 2126 2163 bus
2156 2102 2321 2169 (sunt
2366 2108 2553 2171 enim.
2599 2112 2757 2175 sunt,
2812 2104 3077 2185 inquam,
3130 2106 3329 2185 plures
3379 2109 3670 2189 baptismo

2016 2191 2214 2255 affecti
2240 2192 2507 2273 quidem,
2543 2206 2601 2253 et
2634 2201 2953 2273 propterea
2982 2193 3267 2275 indigitati
3302 2196 3662 2265 Christiani:

2017 2278 2121 2340 sed
2155 2281 2390 2360 penitus
2422 2281 2581 2343 nulla
2612 2281 2910 2343 catechesi
2943 2282 3152 2344 imbuti
3179 2293 3237 2346 et
3260 2284 3506 2365 indocti,
3532 2299 3591 2350 et
3612 2300 3677 2352 ut

2018 2366 2277 2429 breviter
2304 2369 2522 2445 dicam,
2558 2370 2812 2450 profani,
2868 2390 2937 2433 ac
2990 2372 3169 2432 rudes
3201 2374 3376 2453 hujus
3407 2378 3680 2456 praeclari

2023 2457 2307 2537 mysterii)
2334 2458 2567 2532 talibus,
2622 2458 2888 2540 inquam,
2942 2469 3185 2540 peccata
3232 2480 3361 2537 sua,
3415 2474 3547 2543 post
3576 2485 3676 2527 sa-

2020 2564 2184 2607 crum
2204 2547 2559 2629 baptismum
2581 2557 2939 2629 perpetrata,
2958 2549 3402 2627 conﬁtentibus,
3420 2572 3606 2616 nexus
3620 2564 3679 2617 et

2018 2637 2235 2699 auxilia
2282 2639 2514 2701 medica
2562 2641 2782 2701 nudam
2836 2640 3145 2701 utilitatem
3196 2642 3472 2704 afferunt.
3530 2644 3681 2716 Quia

2019 2728 2178 2789 enim
2216 2729 2562 2809 mysterium
2585 2729 2799 2793 Christi
2826 2730 3124 2804 nesciunt,
3152 2732 3254 2793 sed
3282 2731 3677 2812 spiritualium

2019 2816 2384 2878 vinculorum
2411 2818 2996 2901 medicaminumque
3013 2838 3252 2881 sensum
3272 2832 3327 2884 et
3343 2821 3679 2903 intelligen-

2022 2907 2162 2968 tiam
2189 2908 2413 2970 habere
2432 2928 2687 2990 unquam
2721 2918 3020 2990 poterunt.
3060 2912 3285 2972 Etcum
3314 2931 3428 2973 non
3465 2913 3684 2975 intelli-

2024 3007 2233 3076 gentes
2254 3018 2304 3061 Ol
2326 2998 2643 3068 ediderint.
2670 2999 2800 3061 sine
2826 2999 3131 3062 intellectu
3158 3010 3553 3081 peccaverunt
3578 3022 3591 3067 :
3620 3012 3683 3066 et

2025 3088 2164 3168 quia
2183 3088 2312 3150 sine
2334 3090 2561 3151 ratione
2586 3098 2997 3171 peccaverunt,
3026 3089 3424 3170 spiritualem,
3459 3102 3518 3155 et
3550 3113 3682 3174 quas

2025 3176 2225 3238 animo
2257 3181 2541 3251 cernitur,
2596 3179 2953 3240 medicinam
3000 3198 3325 3256 agnoscere
3374 3202 3490 3243 non
3537 3202 3680 3263 pos-

2027 3276 2183 3329 sunt.
2213 3266 2612 3340 Quamobrem
2636 3269 2935 3347 quomodo
2950 3268 3228 3347 mysteria
3244 3270 3686 3334 Cliristianismi

2027 3357 2374 3438 scientibus,
2408 3358 2816 3438 memoriaque
2845 3357 3207 3431 tenentibus,
3250 3377 3354 3439 pro
3401 3378 3685 3423 mensura

2028 3447 2405 3527 cognitionis,
2445 3460 2504 3509 et
2535 3447 2718 3508 errati
2747 3447 3023 3528 vinculis,
3064 3447 3385 3524 medicina,
3420 3450 3681 3528 ustione,

2027 3537 2370 3612 afﬂictione,
2407 3546 2463 3599 et
2494 3555 2703 3619 pmna;
2735 3536 2821 3598 sic
2851 3555 3057 3598 eorum
3089 3536 3359 3613 rudibus,
3390 3538 3684 3600 nondum-

2027 3648 2146 3710 que
2176 3627 2481 3703 institutis,
2510 3626 2905 3708 institutione,
2930 3627 3073 3701 ﬁde,
3099 3636 3157 3689 et
3184 3629 3536 3703 initiatione,
3564 3649 3685 3692 non

2031 3717 2285 3779 vinculis
2316 3735 2465 3798 opus
2494 3725 2603 3779 est.
2656 3715 2899 3779 Vincire
2955 3716 3111 3778 enim
3165 3725 3225 3779 et
3272 3737 3470 3800 urere,
3524 3720 3683 3800 quod

2030 3827 2209 3870 sensu
2242 3815 2425 3882 caret,
2458 3806 2826 3877 absurdum;
2861 3815 2921 3868 et
2979 3807 3347 3869 curationem
3392 3809 3688 3872 adhibere

2030 3906 2289 3973 mortuo,
2322 3897 2589 3977 ineptum
2617 3896 2919 3976 negotium
2959 3915 3027 3958 ac
3058 3897 3281 3959 fatuum
3315 3906 3426 3959 est.
3467 3900 3688 3960 Verum

2028 3991 2366 4069 quicunque
2387 3989 2453 4049 in
2470 3987 2599 4068 tege
2617 3993 3035 4067 peccaverunt,
3063 3987 3176 4048 hoc
3198 3996 3309 4058 est,
3329 4006 3465 4049 cum
3492 3987 3693 4065 cogni-x

2032 4079 2217 4158 tione,
2243 4095 2352 4156 per
2374 4077 2558 4156 legem
2579 4076 3014 4153 iudicabuntur
3034 4076 3121 4152 Η,
3152 4077 3225 4138 ad
3260 4094 3566 4138 sacrorum
3595 4094 3694 4139 ca-

2031 4186 2253 4229 nonum
2286 4184 2554 4227 normam
2586 4183 2654 4227 ac
2687 4164 3094 4246 praescriptum
3147 4164 3447 4229 videlicet.
3481 4164 3557 4227 At
3586 4175 3694 4247 qui

2033 4259 2162 4320 sine
2190 4256 2326 4336 lege
2352 4264 2779 4336 peccaverunt,
2798 4255 3039 4329 hocest,
3065 4273 3136 4317 ea
3157 4272 3273 4317 non
3286 4255 3546 4334 cognita,
3563 4257 3696 4318 sine

2037 4344 2355 4426 legeetiam
2385 4343 2683 4425 peribunt,
2704 4343 2918 4405 frustra
2943 4342 3228 4405 nimirum
3253 4344 3693 4421 ignorationem

1974 4443 2025 4504 D
2042 4444 2412 4517 excusantes,
2436 4451 2570 4494 cum
2593 4451 2625 4494 a
2648 4431 2900 4493 Domino
2924 4434 3145 4494 dictum
3168 4435 3246 4494 sit
3267 4453 3281 4493 :
3323 4432 3698 4495 Praedicabi-

2038 4533 2140 4589 tur
2156 4523 2561 4604 Evangelium
2583 4521 2693 4583 hoc
2714 4528 2780 4583 in
2794 4530 2910 4584 toto
2932 4524 3179 4603 mundo,
3205 4524 3700 4586 intestiuionium

2038 4616 2313 4679 omnibus
2342 4612 2625 4694 gentibus
2645 4612 2739 4671 45.
2774 4609 3057 4692 Sequitur
3082 4612 3241 4689 hinc,
3269 4612 3317 4672 si
3337 4622 3543 4692 gentes
3577 4630 3697 4673 ma-

2039 4713 2139 4768 net
2166 4702 2607 4782 condemnatio,
2642 4701 2826 4762 multo
2874 4701 3059 4781 magis
3090 4721 3194 4763 eos
3227 4706 3694 4763 condemnatum

2037 4794 2135 4870 iri,
2164 4793 2263 4874 qui
2293 4793 2352 4853 in
2373 4791 2567 4853 medio
2595 4790 2816 4852 Chrisni
2843 4789 3131 4853 Ecclesiae
3161 4792 3487 4872 primorum
3527 4788 3702 4852 rudi-

2039 4893 2374 4944 mentorum
2403 4879 2688 4960 imperiti,
2714 4887 2771 4941 et
2800 4880 2862 4940 in
2897 4880 3226 4942 rationibus
3256 4880 3473 4943 divinae
3504 4881 3690 4962 pieta-

2040 4972 2117 5036 tis
2152 4971 2415 5052 hospites
2431 4988 2498 5030 ac
2533 4969 2831 5049 peregrini
2855 4970 3174 5031 Christiani
3196 4976 3528 5043 versantur,
3555 4987 3697 5031 con-

308 5055 525 5137 quibus
554 5061 782 5140 peccati
813 5062 1060 5124 nexibus
1105 5064 1499 5139 exsolvantur,
1557 5072 1615 5124 et
1643 5064 1960 5144 pharmaca
2047 5069 2371 5142 temptores
2395 5058 2727 5121 admirandi
2753 5058 2928 5138 hujus
2953 5060 3154 5139 cperis
3177 5059 3359 5123 Verbi
3383 5059 3512 5132 Dei,
3535 5059 3709 5137 cujus

310 5146 590 5235 salutaria
621 5151 1018 5233 applicentur,
1076 5152 1562 5235 quandoquidem
1605 5152 1822 5235 quibus
1853 5153 1965 5213 de-
2049 5170 2226 5215 causa
2253 5147 2531 5211 humanis
2582 5166 2644 5209 se
2674 5149 2922 5211 artubus
2969 5150 3343 5224 convestivit,
3374 5168 3509 5211 cum
3542 5147 3703 5210 Deus

311 5234 868 5305 bentinitiamentis
883 5234 1122 5319 exculti,
1159 5245 1432 5306 virtutem
1462 5234 1681 5307 Christi
1708 5249 1970 5323 gustave-

314 5336 473 5404 runt,
507 5330 605 5393 cui
654 5332 867 5409 ﬁdere,
921 5341 979 5395 et
1027 5345 1332 5415 peccatum
1384 5352 1594 5396 cavere
1637 5334 1972 5429 oportebat,

306 5421 952 5505 juxtailludApostoli:
990 5423 1314 5487 Peccatum
1344 5425 1505 5487 enim
1536 5425 1701 5487 vobis
1736 5442 1860 5487 non
1875 5421 1979 5489 do'.

392 5625 426 5676 3
452 5621 571 5688 Isa.
598 5638 766 5700 XXVI,
802 5620 905 5697 10,
936 5638 1058 5684 sec.
1096 5619 1265 5685 LXX.

317 5706 372 5761 ιδ
397 5706 557 5772 Psal.
588 5721 760 5783 xxxv,
794 5703 899 5769 18.

1351 5620 1385 5672 9
1412 5620 1435 5683 Ι
1466 5618 1599 5684 Cor.
1633 5637 1736 5695 xv,
1773 5618 1870 5685 50.

985 5701 1044 5754 14
1061 5700 1233 5767 Rom.
1267 5717 1334 5778 ιι,
1366 5702 1464 5766 t2.

1958 5620 2016 5672 to
2047 5622 2185 5683 Luc.
2227 5634 2287 5691 x,
2317 5614 2419 5680 24.

1551 5701 1605 5745 1⁵
1630 5700 1831 5767 Matth.
1862 5718 2027 5781 niv,
2068 5707 2165 5765 14.

2054 5249 2238 5317 esset,
2293 5237 2844 5317 contumelioseque
2889 5246 3224 5312 tractatum,
3280 5246 3340 5301 et
3386 5257 3506 5300 non
3533 5255 3709 5301 secus

2056 5349 2231 5413 quam
2269 5347 2376 5409 pro
2406 5327 2734 5389 sceleribus
2771 5327 2895 5389 suis
2926 5327 3056 5390 neci
3086 5328 3354 5390 deditum
3390 5336 3503 5391 est.
3538 5324 3709 5399 Quod

2060 5434 2260 5485 autem
2293 5417 2559 5481 nonnulli
2590 5417 2666 5479 de
2694 5417 2956 5498 profanis
2996 5417 3209 5480 istisin
3253 5420 3470 5480 throno
3501 5414 3713 5500 gloriae

2506 5615 2558 5667 ¹¹
2602 5616 2779 5680 Rom.
2813 5630 2895 5693 v1,
2950 5615 3048 5680 14.
3134 5613 3187 5659 η
3232 5613 3421 5680 Hebr.
3469 5629 3553 5689 Ix,
3616 5614 3710 5675 14.
