4160 6436
435 371 552 443 327

1731 383 2124 455 SYMEONIS
2163 385 2537 455 IUNIORIS.

3720 390 3847 461 328

430 520 601 601 regni
628 519 848 583 Christi
878 521 1181 604 sedentes,
1224 541 1356 605 quae
1385 522 1493 603 ipsi
1547 541 1667 585 non
1719 523 2082 600 didicerunt,
2109 516 2580 597 Apraescribere.
2616 517 2729 592 Qui
2760 518 2920 581 enim
2952 517 3083 582 ﬁeri
3121 527 3311 601 potest
3363 530 3429 585 ut
3473 523 3649 587 tellus
3696 523 3828 606 spi-

430 611 580 674 alios
637 609 874 685 docent,
938 630 1044 693 pro
1090 612 1371 693 patientia
1401 611 1530 688 Βιιί,
1583 612 1703 674 imo
1750 630 1889 674 vero
1938 612 2087 674 iram
2174 607 2265 666 nis
2295 625 2363 668 ac
2392 606 2629 670 tribulis
2662 607 2837 687 plena
2868 626 3083 689 purum
3113 608 3399 673 frumenti
3423 630 3633 675 semen
3664 614 3832 675 acci-

429 719 698 780 magnam
724 709 783 763 et
810 700 1262 764 derelictionem
1298 722 1314 779 ;
1348 702 1628 784 quoniam
1661 701 1940 765 illusores
1971 702 2083 763 do-

430 790 753 863 minantur,
787 797 846 851 et
880 790 1093 864 dolosi,
1138 800 1192 852 et
1234 790 1634 871 impudentes,
1689 799 1747 852 et
1777 799 1839 851 ut
1872 789 2083 851 malam

428 879 854 942 conscientiam
910 880 1222 955 habentes,
1260 880 1577 942 increduli.
1615 880 1863 942 Maxime
1893 879 1993 960 qui
2022 877 2084 939 in

426 968 604 1031 idolis
634 968 757 1029 suis
786 968 1142 1046 gloriantur,
1172 971 1238 1032 in
1263 970 1451 1032 doctis
1472 969 1771 1050 videlicet,
1801 969 2082 1031 Immanis

426 1060 740 1139 sapientiae
760 1057 975 1131 verbis,
1001 1077 1251 1137 quorum
1276 1058 1459 1136 gratia
1477 1058 1549 1120 ab
1572 1058 1939 1120 auditoribus
1956 1056 2080 1119 suis

425 1165 591 1228 atque
625 1146 884 1227 profanis
916 1147 1087 1208 laude
1118 1156 1176 1209 et
1204 1147 1599 1210 admiratione
1630 1147 1970 1209 afﬁciuntur
1988 1145 2074 1211 ίϐ.

504 1236 733 1297 Bonum
766 1242 854 1297 est
884 1235 940 1296 in
975 1235 1273 1298 Christum
1324 1235 1597 1311 credere,
1636 1234 1917 1316 quoniam
1947 1234 2079 1298 sine

422 1324 540 1387 ﬁde
563 1324 623 1386 in
655 1324 849 1405 ipsum
869 1343 985 1386 non
1004 1332 1094 1386 est
1110 1333 1173 1386 ut
1201 1324 1332 1406 quis
1364 1325 1622 1388 salvetur
1637 1325 1692 1374 17
1715 1369 1729 1386 .
1755 1323 2074 1388 Verumta-

422 1432 559 1476 men
575 1413 750 1475 etiam
773 1412 1039 1475 veritatis
1060 1413 1326 1478 notitiam
1350 1432 1664 1494 capessere
1692 1431 1937 1476 necesse
1956 1418 2071 1475 est.

417 1504 650 1566 Bonum
685 1509 774 1563 est
794 1502 1098 1566 veritatem
1122 1503 1345 1584 doceri,
1380 1503 1680 1584 siquidem
1707 1511 1766 1565 et
1794 1521 2064 1564 necessa-

414 1592 570 1654 rium
606 1609 620 1654 :
655 1592 798 1672 quin
832 1600 891 1652 et
920 1591 1269 1673 baptismate
1290 1592 1527 1654 lustrari
1558 1592 1619 1654 in
1642 1592 1884 1654 nomine
1913 1591 2064 1652 vivi-

417 1681 544 1744 ﬁca:
570 1680 898 1751 Trinitatis,
919 1680 1195 1743 utanima
1217 1682 1396 1742 vitam
1417 1681 1801 1763 adipiscatur.
1837 1681 2069 1743 Bonum

415 1784 507 1833 est
533 1770 816 1851 baptizari
843 1788 857 1833 :
896 1771 999 1832 sed
1028 1771 1285 1852 mysticae
1307 1772 1481 1854 hujus
1502 1772 1656 1849 vitae,
1683 1771 1807 1834 sive
1831 1770 2073 1833 luminis

414 1860 741 1942 spiritualis
758 1860 934 1921 etiam
953 1860 1152 1921 animo
1171 1878 1409 1922 sensum
1429 1879 1646 1942 capere
1664 1867 1901 1939 oportet
1927 1880 1941 1923 :
1963 1859 2075 1922 Bo-

414 1966 557 2009 num
590 1956 681 2010 est
708 1966 951 2009 sensum
982 1947 1172 2023 illum,
1218 1949 1317 2030 qui
1351 1953 1703 2010 iu‘mentem
1735 1948 1914 2023 cadit,
1948 1946 2071 2010 sive

414 2036 911 2099 illuminationem
929 2055 1322 2115 cognoscere:
1342 2039 1444 2101 sed
1472 2058 1655 2120 opera
1670 2056 1907 2119 quoque
1920 2036 2069 2099 lucis

414 2130 827 2207 requiruntur.
861 2124 971 2198 Qui
995 2144 1247 2208 namque
1270 2147 1417 2208 pure
1434 2137 1490 2189 et
1510 2126 1909 2208 liquidissime
1932 2144 2067 2188 cer-

415 2215 523 2297 nit,
556 2234 692 2278 cum
722 2215 896 2278 etiam
930 2234 1115 2295 opera
1147 2217 1251 2279 Dei
1282 2217 1477 2280 facere
1508 2217 1805 2280 convenit.
1832 2217 2062 2278 Bonum

415 2316 504 2368 est
534 2304 682 2367 lucis
711 2322 893 2385 opera
914 2304 1130 2386 facere,
1157 2306 1259 2367 sed
1283 2306 1674 2369 humilitatem
1710 2313 1769 2368 et
1794 2324 2066 2368 mansue«

412 2399 680 2460 tudinem
712 2397 932 2461 Christi
962 2398 1210 2461 induere
1241 2402 1489 2478 insuper
1516 2401 1689 2464 decet
1723 2422 1736 2464 :
1773 2413 1834 2463 ut
1868 2399 1969 2482 qui
2000 2399 2061 2460 in

409 2487 707 2551 Christum
740 2488 952 2562 eredit,
990 2487 1206 2552 Christi
1248 2491 1650 2553 characterem
1706 2500 1762 2551 et
1807 2489 2063 2568 insignia

404 2577 576 2652 ferat,
615 2586 672 2640 et
700 2578 776 2641 ad
808 2585 1072 2639 naturam
1097 2579 1300 2641 mitem
1326 2586 1506 2660 atque
1524 2579 1811 2641 humilem
1845 2579 2061 2641 immu-

403 2676 581 2743 tatus,
614 2668 674 2728 in
707 2686 957 2746 regnum
1006 2669 1297 2730 caelorum
1345 2671 1416 2731 ad
1453 2668 1664 2748 gaudia
1698 2667 1936 2730 Domini
1967 2668 2059 2730 sui

402 2758 747 2838 recipiatur.
781 2760 1067 2820 Caeterum
1100 2758 1201 2838 qui
1224 2759 1338 2820 hoc
1370 2759 1582 2821 ordine
1612 2758 1762 2818 viam
1797 2756 1905 2819 Dei
1936 2775 2060 2818 am-

400 2844 625 2925 bulant,
659 2846 706 2906 si
741 2845 801 2906 in
832 2864 902 2907 ea
933 2865 1039 2925 pro
1074 2847 1322 2908 naturali
1370 2847 1713 2909 conditione
1757 2846 2050 2907 moriendi

401 2934 714 3016 praepediti
742 2933 984 3010 fuerint,
1009 2952 1042 2994 a
1070 2933 1481 2997 misericordia
1502 2935 1566 2997 Al
1579 2934 1791 2995 tissimi
1822 2953 1938 2995 non
1959 2952 2053 2995 re-

398 3023 714 3104 pellentur,
750 3040 860 3083 nec
890 3021 961 3084 ab
993 3023 1236 3085 introitu
1267 3023 1435 3102 regni
1465 3022 1725 3086 caelestis
1753 3022 2049 3085 arcebun-

394 3119 513 3175 tur.
545 3110 670 3175 Hoc
701 3111 912 3173 itinere
947 3111 1048 3192 qui
1078 3118 1196 3173 non
1229 3111 1539 3191 incedunt,
1567 3130 1773 3175 eorum
1814 3119 1871 3174 et
1904 3112 2051 3175 ﬁdes

397 3208 455 3264 et
483 3200 820 3283 progressio
849 3201 1044 3263 inanis
1075 3214 1186 3263 est.

1032 3287 1306 3353 ORATIO
1340 3289 1413 3354 Il.

995 3370 1430 3435 Annuusnruu.

391 3460 714 3527 Hominem
722 3462 943 3542 priuso
958 3459 1595 3542 Christopersanctum
1612 3460 1910 3541 baptisma
1921 3478 2050 3524 cor-

473 3544 777 3619 roborari,
799 3560 867 3604 ac
883 3551 1017 3604 tum
1034 3543 1274 3604 demum
1294 3542 1599 3604 mandatis
1626 3547 1755 3616 eius
1778 3542 2047 3605 deditum

469 3640 594 3685 esse
617 3631 916 3703 oportere.
933 3623 1089 3684 Eam
1115 3624 1310 3685 inesse
1330 3624 1393 3684 in
1407 3631 1615 3703 sancto
1633 3622 1880 3686 lavacro
1896 3628 2041 3698 vim,

470 3710 537 3784 ut
548 3702 659 3764 aut
668 3705 727 3764 in
736 3704 880 3784 ﬂexi
884 3702 1050 3782 biles,
1071 3708 1176 3765 aut
1188 3720 1340 3782 pene
1352 3705 1372 3763 ἱ
1378 3702 1627 3784 nﬂexibi
1632 3703 1715 3765 les
1731 3704 1812 3765 ad
1825 3706 2045 3784 impro—

469 3781 715 3865 bitatem
740 3783 953 3865 reddat
982 3781 1326 3865 :quomod0_
1346 3791 1401 3845 et
1417 3781 1689 3865 alterum
1714 3781 2040 3865 baptisma,

466 3863 626 3941 quod
643 3880 752 3944 per
771 3862 1049 3925 divinum
1069 3871 1124 3944 et
1147 3862 1489 3944 angelicum
1510 3862 2035 3944 habitum—confer;

466 3951 590 4014 tur.
617 3942 878 4014 Quinam
898 3960 1044 4005 vere
1066 3943 1133 4004 in.
1159 3942 1469 4005 Christum
1489 3943 1808 4006 credidisse
1828 3942 2037 4006 dicen-

466 4024 554 4086 di.
583 4021 808 4106 Quales
823 4040 1136 4085 sacrorum
1163 4024 1456 4106 ministri,
1488 4024 1854 4106 sacerdotes,
1878 4026 2041 4106 epis-

465 4109 622 4184 copi,
649 4104 1123 4182 animarumque
1145 4105 1418 4166 doctores
1439 4105 1858 4183 requirantur.

463 4191 574 4264 Qui
605 4191 865 4273 cuipiam
895 4192 1062 4267 dicit,
1100 4193 1212 4254 hoc
1243 4192 1356 4267 fac,
1391 4200 1448 4254 et
1498 4193 1642 4253 illud
1694 4212 1770 4255 ne
1802 4193 2035 4270 feceris,

382 4279 558 4362 plane
587 4280 671 4343 sic
702 4281 871 4352 dicit,
905 4300 973 4344 ac
999 4280 1190 4357 siille,
1215 4281 1310 4343 cui
1342 4280 1631 4363 praecipit,
1665 4282 1861 4345 facere
1895 4302 2038 4364 pos-

378 4370 458 4431 sit
484 4380 583 4432 aut
613 4370 907 4433 omittere.
945 4370 1055 4444 Qui
1088 4389 1224 4432 vero
1247 4372 1334 4433 sic
1364 4370 1509 4432 dicit
1530 4372 1611 4447 ei,
1640 4372 1744 4453 qui
1777 4391 1895 4434 non
1928 4392 2039 4453 po-

2069 3166 2111 3228 C

2173 695 2313 774 piat,
2347 704 2404 757 et
2431 695 2687 777 idipsum
2710 715 2916 759 semen
2942 717 3059 761 non
3092 700 3418 763 suﬁ'ocetur
3435 701 3466 763 ?
3494 700 3687 775 Quare
3705 706 3832 765 fru-

2168 797 2328 846 ctum
2360 804 2662 866 nunquam
2704 787 2986 863 referent,
3010 788 3110 869 qui
3132 797 3336 852 contra
3355 800 3651 864 naturam,
3679 810 3832 854 con-

2169 882 2375 955 traque
2406 875 2700 951 ordinem,
2734 879 3217 940 commoditatem
3278 882 3525 943 rationis
3553 881 3826 943 inﬁrmos

2161 962 2357 1025 adhuc
2379 964 2805 1044 aggrediuntur
2829 967 3088 1029 :ratione
3106 968 3268 1030 enim
3289 979 3347 1031 et
3365 971 3649 1051 producta
3662 979 3825 1046 sunt,

2162 1062 2221 1113 et
2252 1054 2655 1131 continentur,
2689 1063 2747 1118 et
2778 1056 2851 1117 ad
2902 1056 3082 1118 ﬁnem
3135 1060 3547 1140 perducuntur
3595 1060 3823 1124 omnia.

2161 1140 2304 1204 Nam
2336 1143 2600 1207 divinum
2633 1146 2857 1208 Christi
2911 1145 3203 1227 baptisma
3243 1150 3506 1211 nondum
3560 1150 3822 1230 ablutos,

2161 1238 2439 1295 etcereos
2464 1233 2524 1294 in
2548 1233 2755 1296 vitium
2791 1235 2977 1313 ﬂecti,
3024 1237 3435 1300 elﬁcacitatem
3469 1238 3666 1318 habet,
3692 1241 3819 1318 jam

2160 1318 2310 1382 lotos
2340 1341 2374 1383 a
2396 1330 2636 1403 peccato
2663 1322 2913 1385 invictos
2962 1336 3260 1406 praestare.
3298 1328 3400 1388 Sin
3437 1328 3660 1409 minus,
3693 1328 3820 1388 sal-

2159 1415 2278 1497 tem
2301 1428 2435 1473 cum
2459 1429 2524 1472 se
2547 1410 2833 1475 obtulerit
2856 1414 3109 1481 occasio.
3138 1414 3209 1476 ad
3236 1415 3291 1476 id
3325 1415 3621 1490 difficiles,
3653 1417 3816 1497 quod

2145 1496 2276 1577 ejus
2305 1499 2422 1560 vim
2455 1500 2892 1582 potentiamque
2920 1502 3202 1565 declarat.
3253 1505 3340 1567 Ad
3393 1496 3813 1567 virtutem’au-

2151 1594 2268 1650 tem
2320 1589 2815 1672 honestatemque
2864 1592 3178 1672 proclives,
3238 1604 3513 1676 tanquam
3561 1597 3813 1675 angelos

2150 1682 2424 1757 potentes
2441 1679 2685 1751 virtute,
2718 1681 3011 1755 facientes
3036 1681 3402 1745 voluntatem
3434 1684 3545 1746 Dei
3564 1683 3641 1743 21.
3672 1683 3813 1747 Ideo

2156 1767 2424 1829 Christus
2453 1776 2895 1831 sacrosanctum
2931 1770 3277 1850 sanguinem
3315 1792 3485 1833 suum
3520 1775 3815 1835 credenti-

2096 1834 2267 1917 Bbus
2293 1856 2352 1917 in
2385 1855 2551 1918 illum
2585 1856 2833 1936 largitus
2864 1866 2976 1938 est,
3011 1834 3073 1920 ut
3107 1879 3211 1940 per
3251 1862 3378 1940 ejus
3408 1865 3809 1943 sumptiunem

2154 1944 2874 2027 communicationemque
2905 1946 3112 2010 ﬁdeles
3143 1949 3357 2011 divinae
3390 1951 3550 2030 prius
3583 1963 3808 2015 natura:

2151 2042 2458 2097 consortes
2489 2035 2684 2099 effecti
2717 2035 2849 2115 (Dei
2879 2036 3037 2098 enim
3068 2038 3306 2117 sanguis
3337 2050 3446 2115 est}
3482 2060 3590 2102 ceu
3622 2042 3805 2103 divini

2150 2120 2483 2204 divinaeque
2512 2124 2741 2186 virtutis
2784 2124 2908 2204 jam
2957 2127 3211 2187 assecuti
3262 2127 3464 2199 robur,
3497 2129 3669 2190 etiam
3703 2150 3799 2190 se-

2148 2212 2409 2274 cundum
2440 2214 2759 2293 perfectam
2783 2213 3004 2278 Christi
3038 2214 3227 2293 legem
3263 2216 3389 2277 vitae
3412 2219 3671 2281 rationes
3702 2224 3804 2282 iu-

2143 2301 2386 2363 stituant
2415 2320 2429 2366 :
2463 2311 2527 2364 ut
2559 2310 2825 2381 potentes
2855 2301 3067 2364 virtute
3101 2306 3461 2369 voluntatem
3512 2308 3638 2388 ejus
3688 2327 3801 2373 ex-

2144 2398 2484 2471 sequentes.
2512 2394 2597 2455 De
2614 2399 2829 2454 caetero
2847 2391 3095 2474 quisque
3118 2393 3406 2468 ﬁdelium,
3421 2404 3479 2457 et
3497 2395 3799 2463 Christum

2144 2480 2553 2572 conﬁtentium
2585 2481 2739 2562 apud
2767 2500 2832 2543 se
2856 2488 3092 2560 cogitet,
3121 2483 3171 2544 si
3194 2484 3307 2547 hoc
3330 2484 3540 2549 robore
3560 2497 3790 2572 septus,

2144 2568 2359 2633 Christi
2390 2570 2621 2651 legibus
2681 2590 2889 2651 parere
2918 2573 3229 2652 spreverit,
3283 2593 3418 2635 cum
3465 2574 3536 2637 iis
3579 2568 3796 2658 parere

2143 2668 2339 2740 queat,
2369 2679 2478 2723 nec
2500 2661 2701 2735 vitam,
2736 2669 2793 2723 et
2824 2680 3022 2724 mores
3061 2662 3132 2724 ad
3167 2663 3277 2727 Dei
3309 2672 3512 2726 nutum
3546 2685 3801 2749 compo-

2143 2750 2349 2826 suerit,
2382 2769 2447 2812 se
2479 2751 2776 2814 Christum
2811 2753 3142 2835 negavisse,
3177 2762 3235 2816 et
3270 2773 3338 2816 ex
3368 2754 3634 2835 Apostoli
3664 2777 3805 2821 sen-

2137 2840 2320 2901 tentia
2346 2839 2721 2902 conculcasse
2754 2841 2976 2903 Filium
3023 2841 3166 2918 Dei,
3199 2849 3672 2928 sanguinemque
3700 2857 3795 2913 te-

2134 2930 2422 2991 stamenti
2449 2929 2745 3008 pollutum
2774 2930 3020 2994 duxisse
3041 2931 3095 2974 ξε
3115 2976 3131 2992 .

2214 3017 2382 3090 Quod
2405 3018 2477 3094 si,
2503 3018 2672 3099 aquis
2694 3019 3053 3082 salutaribus
3078 3020 3320 3102 expiati,
3341 3020 3644 3105 divinique
3659 3042 3785 3086 cor-

2135 3109 2296 3188 poris
2315 3115 2373 3169 et
2390 3108 2693 3188 sanguinis
2717 3109 3035 3190 participes
3056 3110 3218 3184 facti,
3240 3111 3506 3174 nondum
3522 3122 3789 3194 potentes

2133 3204 2272 3258 sunt
2299 3197 2509 3262 virtute
2539 3197 2613 3259 ad
2652 3198 3075 3278 perﬁciendam
3102 3199 3205 3261 Dei
3240 3200 3605 3265 voluntatem
3636 3224 3652 3278 ;
3682 3204 3795 3264 sed

2130 3287 2201 3350 ad
2227 3286 2363 3350 vitia
2393 3294 2450 3349 et
2483 3295 2724 3368 peccata
2752 3287 2946 3351 adhuc
2975 3288 3148 3351 facile
3172 3298 3502 3365 moventur,
3534 3293 3791 3372 perinde

2133 3395 2203 3439 ac
2251 3376 2499 3439 mortuis
2545 3396 2697 3457 aqua
2739 3376 2859 3439 illis
2908 3377 3223 3458 superfusa
3271 3386 3408 3442 est:
3461 3382 3789 3444 etiamnum

2133 3466 2353 3548 quippe
2383 3468 2442 3528 in
2474 3465 2772 3530 Christum
2820 3486 2938 3529 non
2970 3467 3381 3532 crediderunt.
3414 3468 3607 3550 Atque
3638 3489 3793 3552 opus

2130 3567 2212 3619 est
2251 3556 2660 3636 hujuscemodi
2693 3557 2967 3619 homines
2998 3556 3069 3618 ad
3117 3558 3428 3639 episc0pos
3474 3566 3532 3620 et
3579 3578 3791 3624 sacer-

2130 3645 2298 3707 dotes
2328 3646 2512 3719 adire,
2547 3644 2687 3706 ﬁdei
2744 3645 3056 3707 formulam
3092 3646 3357 3721 edoceri,
3394 3648 3454 3708 in
3486 3646 3790 3712 Christum

2126 3734 2400 3814 credere,
2427 3743 2548 3795 tuto
2570 3743 2744 3795 antea
2776 3734 3156 3797 fundamento
3176 3735 3385 3816 posito,
3416 3737 3788 3817 paenitentia,

2125 3821 2393 3903 inquam,
2431 3822 2609 3901 hujus
2637 3823 2936 3897 amentiae,
2974 3834 3031 3885 et
3060 3824 3441 3904 impositione
3477 3846 3785 3900 manuum,

2125 3913 2523 3992 unctioneque
2554 3912 2707 3972 sacri
2733 3910 3131 3974 charismatis.
3172 3915 3245 3975 Et
3273 3932 3408 3975 cum
3441 3914 3559 3976 illis
3588 3915 3787 3978 Evan-

2121 4001 2336 4079 geltum
2353 3999 2603 4079 justitize
2619 4001 2945 4062 revelatum
2965 4001 3163 4083 fuerit,
3184 4021 3520 4085 novumque
3540 4023 3786 4068 sensum

2120 4089 2514 4165 intelligibilis
2545 4090 2758 4150 Christi
2793 4090 2997 4169 gratia;
3030 4092 3355 4166 hauserint,
3392 4111 3525 4173 quae
3554 4094 3789 4157 animas

2123 4196 2328 4239 eorum
2363 4177 2640 4256 tetigerit,
2672 4178 2807 4239 etin
2842 4179 2987 4259 ipsis
3015 4199 3120 4241 cor
3141 4184 3459 4243 contritum
3489 4200 3557 4243 ac
3589 4183 3759 4246 humi

2121 4266 2328 4329 lialum
2388 4275 2573 4347 creat,
2634 4275 2979 4347 castumque
3035 4268 3139 4331 Dei
3199 4270 3472 4331 timorem
3529 4270 3788 4334 aediﬁcat

2126 4355 2277 4436 (haec
2311 4374 2565 4436 namque
2597 4354 2951 4416 Christianis
2998 4357 3110 4418 viae
3159 4356 3329 4419 bonae
3374 4358 3449 4419 ad
3497 4358 3669 4419 vitam
3703 4378 3784 4421 ex

377 4466 511 4536 test,
546 4478 746 4521 nonne
777 4443 993 4521 frustra
1023 4460 1218 4523 dicit?
1267 4459 1559 4522 Dominus
1596 4443 1692 4522 ait
1722 4443 2032 4542 discipulis

2137 4443 2340 4507 3hristi
2365 4444 2701 4542 praescripto
2723 4444 3058 4542 agitandam
3088 4447 3413 4527 primordia
3436 4453 3620 4523 sunt),
3651 4454 3781 4510 tum

376 4549 500 4611 suis
525 4567 544 4611 :
574 4550 809 4612 Euntes
827 4550 1032 4613 docete
1051 4567 1258 4612 omnes
1278 4556 1503 4630 gentes,
1531 4550 1911 4631 baptizantes
1941 4569 2035 4614 eos

376 4644 443 4701 in
466 4641 716 4701 nomine
742 4638 971 4716 Patris,
997 4646 1057 4701 et
1079 4638 1246 4714 Filii,
1270 4645 1328 4702 et
1355 4637 1624 4719 Spiritus
1641 4641 1842 4703 sancti
1855 4640 1914 4690 18
1943 4640 2029 4700 19.

371 4727 465 4790 En
492 4727 838 4808 expurgatio
886 4738 945 4791 et
993 4728 1178 4790 virtus
1228 4728 1379 4790 sacri
1428 4728 1799 4809 baptismatis
1842 4728 2033 4811 primo

366 4816 497 4879 loco
523 4817 919 4880 constituitur.
942 4817 1092 4890 Quid
1116 4826 1319 4898 postea
1338 4816 1368 4877 ?
1391 4817 1686 4881 Docentes
1707 4837 1805 4881 eos
1823 4838 2034 4882 serva-

370 4924 439 4968 re
462 4908 672 4969 omnia
696 4924 828 4986 quae
858 4909 1150 4970 mandavi
1166 4907 1335 4970 vobis
1355 4907 1413 4959 Ω0
1439 4955 1454 4969 .
1485 4906 1836 4989 Quicunque
1856 4909 2034 4988 igitur

367 4997 479 5057 hoc
508 4995 726 5058 robore
745 5003 881 5058 ante
912 4998 1296 5060 conﬁrmatus
1326 5016 1445 5059 non
1478 5009 1591 5072 est,
1632 4997 1692 5057 in
1737 4998 2029 5061 mandatis

364 5082 473 5151 Dei
502 5084 889 5147 observandis
920 5086 1219 5149 incassum
1252 5086 1523 5165 laborat;
1557 5086 1903 5167 quicunque
1927 5087 2027 5150 illa

367 5174 597 5235 homini
630 5182 922 5256 praecepta
952 5176 1070 5251 dat,
1096 5193 1203 5256 pro
1224 5194 1379 5237 caeco
1407 5185 1464 5237 et
1489 5175 1704 5237 stolido
1736 5176 2028 5238 habeatur

365 5261 507 5324 licet
537 5281 551 5324 :
589 5263 829 5344 quando
863 5263 1025 5343 prius
1055 5264 1307 5343 gratiam
1358 5263 1605 5338 Christi,
1659 5282 1790 5345 quae
1823 5274 2025 5328 mente

365 5352 712 5433 percipitur,
748 5361 805 5413 et
835 5361 1065 5433 purgat,
1099 5354 1359 5415 animam
1395 5352 1729 5434 suscipere,
1762 5354 2024 5435 indeque

364 5459 494 5502 eam
522 5442 863 5504 conﬁrmari
886 5460 984 5503 res
998 5443 1275 5523 postulat,
1301 5452 1477 5526 atque
1499 5442 1580 5505 ita
1597 5443 1836 5505 demum
1864 5444 2027 5524 leges

443 5620 503 5671 ¹6
530 5622 558 5685 Ι
585 5624 822 5703 ϐοιδηῃ,
858 5625 958 5686 13.
1043 5625 1099 5675 17
1130 5624 1312 5691 Aebr.
1347 5642 1427 5703 χι,
1456 5626 1515 5689 6.

364 5719 429 5785 x,
462 5703 561 5771 29.
646 5703 706 5757 π
736 5702 788 5766 ΙΙ
818 5706 981 5769 Petr.
1018 5722 1058 5784 ι,
1092 5707 1154 5772 4.

2117 4553 2353 4615 quoque
2384 4534 2759 4594 immaculato
2782 4533 2912 4612 ejus
2953 4552 3226 4615 corpore,
3251 4544 3309 4597 et
3328 4537 3618 4617 sanguine
3648 4556 3787 4617 per-

2119 4622 2417 4703 cipiendo,
2447 4620 2656 4681 merito
2680 4621 2843 4698 digni
2871 4632 3268 4687 cenSeantur:
3306 4633 3368 4685 ut
3398 4644 3533 4686 cum
3565 4625 3786 4690 divina:

2118 4720 2344 4772 natura
2374 4718 2680 4773 consortes
2698 4708 2756 4758 εὖ
2776 4758 2791 4785 ,
2829 4717 2886 4770 et
2918 4711 3273 4773 sanctiﬁcati
3302 4714 3624 4790 evaserint,
3657 4734 3783 4778 non

2118 4799 2205 4861 eis
2236 4807 2564 4879 peccatum,
2610 4798 2908 4878 quomodo
2956 4803 3228 4877 antehac,
3293 4802 3659 4868 dominelnr.
3711 4804 3782 4868 In

2114 4891 2226 4950 hoc
2259 4887 2419 4950 enim
2450 4887 2836 4948 sanctiﬁcatio
2880 4886 2991 4949 sita
3023 4898 3130 4959 est,
3196 4899 3258 4951 ut
3303 4891 3658 4955 Christianis
3703 4895 3780 4955 ad

2113 4978 2443 5041 faciendam
2477 4976 2836 5038 voluntatem
2866 4976 2974 5040 Dei
3005 4988 3213 5058 potens
3258 4981 3472 5042 virtute
3501 4980 3625 5062 ﬁat,
3658 5001 3782 5063 quo

2112 5068 2532 5131 corroboratus
2562 5073 2620 5126 et
2645 5066 2838 5127 ﬁdelis
2870 5067 3243 5131 Christianus
3271 5069 3645 5146 nominetur,
3675 5073 3781 5153 qui

2109 5157 2327 5220 Christi
2352 5155 2601 5236 gratiam
2633 5156 2990 5238 susceperit,
3029 5163 3087 5217 et
3138 5159 3235 5221 cui
3283 5158 3427 5221 ﬁdes
3458 5159 3775 5238 habeatur,

2108 5248 2330 5330 quique
2358 5247 2418 5307 in
2449 5245 2675 5327 Spiritu
2698 5256 2903 5307 sancto
2925 5247 3292 5310 curriculum
3325 5248 3457 5310 vita:
3486 5267 3608 5311 sua:
3640 5269 3779 5311 mo-

2109 5339 2374 5400 deretur.
2396 5338 2480 5398 lta
2499 5353 2658 5397 enim
2676 5354 2795 5396 non
2814 5336 2986 5397 aliter
3006 5338 3350 5417 quempiam
3368 5337 3777 5401 Christianum

2111 5426 2264 5502 ﬁeri,
2299 5434 2361 5490 et
2390 5443 2523 5487 esse
2552 5428 2747 5487 datur.
2778 5424 2950 5488 Prior
2975 5443 3113 5488 vero
3138 5427 3240 5489 ille
3265 5427 3546 5507 gravibus
3576 5430 3779 5509 pcenis

1607 5626 1687 5692 43.
1712 5629 1770 5681 49
1798 5625 2005 5697 Matth.
2034 5642 2244 5711 xxvm,
2272 5624 2373 5690 19.
2456 5623 2521 5677 30
2545 5621 2700 5686 Ibid.
2725 5621 2829 5686 20.
2913 5622 2969 5675 ii
2993 5622 3150 5690 Psal.
3177 5638 3279 5703 cn,
3306 5621 3407 5686 20.
3496 5621 3560 5674 22
3579 5620 3769 5693 Hebr.
