4160 6398
204 375 318 445 329
1657 378 1946 444 ORATIO
1988 380 2103 443 III.
3473 363 3597 436 330

202 524 258 577 et
275 515 885 579 animadversionibus
907 523 1151 596 peccata
1175 514 1437 576 admissa
1465 529 1854 594 compensare
1871 517 1920 578 A
1940 513 2184 594 quidam
2206 517 2308 574 aut
2339 507 2601 572 ministri
2637 503 3047 596 ecclesiastici,
3081 511 3187 596 aut
3215 503 3590 596 sacerdotes,

201 605 396 678 debet,
431 612 490 669 et
521 607 816 686 lacrymas
865 594 938 666 ad
973 603 1252 685 baptismi
1277 603 1514 666 fontem.
1532 621 1854 684 exaequan—
1939 611 2039 665 aut
2069 600 2354 684 episcopi,
2379 608 2440 662 et
2466 597 2804 660 animarum
2831 595 3104 686 magistri
3133 595 3370 686 sint,_et
3397 594 3596 686 veniat

196 693 332 755 dum
367 683 745 771 fundere,—ac
776 695 964 755 Deum
1023 683 1196 755 orare
1240 701 1543 773 prieterea,
1577 699 1643 752 ut
1669 683 1857 770 usque
1939 694 2046 771 fex
2066 683 2179 755 iraa
2204 689 2593 769 Deigbsuper
2626 704 2756 768 nos,
2795 684 2846 747 si
2886 703 3006 747 non
3033 684 3111 746 sit
3152 684 3254 766 qui
3271 683 3594 773 imperitos

196 784 268 844 ad
292 785 474 846 ﬁdem
499 783 826 848 curationis
840 792 1069 844 aetatem
1088 772 1307 862 degere
1332 782 1446 843 sibi
1472 772 1852 855 concedatur,
1939 781 2207 843 instituat
2236 788 2294 842 et
2323 777 2578 848 erudiat,
2612 773 3121 856 divinissimaque,
3178 781 3238 836 et
3265 772 3596 837 humanum

198 892 270 933 ne
302 883 443 936 ante
469 875 842 937 sanationem
898 871 1180 953 abreptus
1240 880 1297 933 et
1330 871 1641 932 damnatus
1670 869 1732 929 in
1761 887 1859 948 ge-
1941 878 2174 951 captum
2193 867 2500 951 superanti
2523 867 2759 930 ﬁctione
2779 866 3052 943 reﬁngat.
3085 862 3250 925 Hanc
3281 862 3443 953 enim
3460 863 3594 927 cui-

194 962 412 1042 henna,
449 983 558 1044 pro
594 984 664 1026 eo
725 982 794 1024 ac
852 961 1089 1037 meruit,
1156 967 1467 1022 torreatur.
1520 958 1664 1031 Quis
1695 957 1856 1019 enim

197 1053 513 1133 przestabit,
546 1053 751 1114 tandiu
802 1071 938 1113 cum
967 1058 1228 1126 curetur,
1265 1050 1390 1112 fore
1419 1048 1796 1129 superstitem
1827 1047 1857 1108 ἱ)

276 1143 385 1204 Hic
411 1143 644 1204 vincula
667 1161 816 1222 opus
863 1149 1020 1217 sunt,
1060 1141 1153 1202 bic
1185 1137 1852 1212 excommunicationes,

199 1230 296 1292 hic
319 1232 612 1294 diuturnae
632 1230 1109 1311 lacrymationes,
1136 1229 1234 1291 hic
1261 1227 1742 1308 genuﬁexiones,
1766 1244 1858 1288 ra-

201 1339 437 1402 rasque,
474 1331 530 1384 et
559 1322 652 1382 vix
695 1320 911 1401 aliquis
971 1339 1104 1382 cum
1166 1318 1444 1380 ﬁdelibus
1475 1334 1853 1396 congressus.

202 1410 283 1472 Ac
320 1413 428 1473 tale
475 1411 719 1492 quidem
739 1409 1036 1489 judicium
1076 1408 1232 1470 haud
1269 1407 1552 1488 injustam
1587 1419 1708 1468 eSI.
1740 1405 1858 1468 Cur

201 1501 355 1562 enim
377 1499 478 1580 qui
509 1499 774 1562 divinum
807 1497 1152 1578 mysterium
1187 1496 1488 1576 cognovit,
1523 1502 1581 1556 et
1599 1493 1852 1575 accepit,

199 1610 312 1651 non
343 1591 495 1652 cavit
523 1589 548 1652 ?
585 1590 836 1672 Lapsum
900 1589 1058 1649 hunc
1117 1587 1330 1649 Adami
1361 1586 1528 1664 lapsu
1560 1584 1855 1646 minorem

198 1679 388 1741 dicere
412 1699 530 1741 non
554 1687 771 1759 potest.
798 1677 906 1740 Ille
930 1676 1177 1750 etenim,
1225 1676 1276 1737 si
1315 1678 1504 1738 Deum
1534 1693 1668 1736 esse
1699 1673 1761 1734 in
1792 1691 1856 1735 se

207 1769 484 1850 novisset,
518 1767 595 1830 de
621 1768 814 1829 fructu
843 1764 1341 1848 praevaricationis
1387 1782 1504 1826 non
1536 1769 1849 1842 gustasset.

1940 978 2115 1040 quam
2155 959 2245 1022 fas
2293 958 2409 1021 nisi
2440 957 2607 1038 prius
2636 964 2864 1019 naturae
2889 954 3104 1016 divinae
3132 952 3418 1030 consorti,
3451 953 3595 1036 Spi-

1937 1048 2087 1110 ritus
2117 1048 2305 1110 sancti
2334 1046 2701 1123 cathedram,
2733 1051 2800 1106 ut
2828 1044 2909 1106 ita
2937 1043 3157 1125 dicam,
3192 1043 3595 1124 magistralem

1939 1137 2346 1200 conscendere
2375 1159 2388 1196 :
2426 1135 2647 1218 alioqui
2674 1134 2784 1197 Dei
2812 1133 3096 1196 adversus
3124 1151 3190 1195 se
3218 1133 3371 1195 iram
3400 1133 3600 1196 conci-

1939 1226 2106 1289 tabit.
2130 1227 2253 1290 Hac
2268 1245 2487 1308 nempe
2502 1225 2578 1288 de
2598 1241 2778 1288 causa
2798 1223 2970 1286 multi
2988 1222 3050 1285 in
3066 1222 3250 1288 verbo
3271 1223 3594 1304 sapientes,

1938 1317 2045 1379 alii
2075 1318 2318 1380 haeresis
2365 1323 2636 1378 auctores
2691 1334 2760 1378 ac
2815 1311 3000 1376 duces
3053 1312 3458 1393 exstiterunt;
3493 1312 3600 1375 alii

1941 1406 2358 1469 hmreticorum
2410 1403 2794 1467 sermonibus
2847 1401 3006 1484 capti
3077 1409 3238 1466 sunt.
3300 1402 3595 1466 Caeterum

1940 1496 2219 1576 quoniam
2275 1492 2778 1576 quemadmodum
2854 1511 2890 1554 a
2959 1490 3159 1554 divino
3213 1490 3592 1574 baptismate,

1938 1584 2098 1646 velut
2126 1585 2188 1646 in
2218 1583 2529 1666 principiis
2575 1580 2877 1646 informati
2929 1587 3152 1658 essent,
3198 1600 3318 1644 non
3347 1581 3592 1647 intelle-

1937 1682 2173 1747 xerunt,
2206 1673 2467 1754 ingressi
2498 1671 2663 1755 prius
2694 1689 2802 1753 per
2855 1670 3262 1752 paenitentiam
3294 1679 3353 1734 et
3380 1672 3593 1754 cogni-

1939 1763 2183 1842 tionem,
2199 1772 2263 1825 ut
2287 1762 2756 1846 supradiximus,
2779 1760 3195 1824 intercedente
3209 1761 3592 1843 impositione

208 1857 278 1920 Et
305 1825 634 1939 quanquam
668 1825 935 1938 seipsum
967 1875 1084 1917 non
1114 1862 1284 1916 norat
1339 1825 1698 1936 priusfcum
1732 1855 1851 1915 Deo
1875 1825 2219 1916 Bmanuum
2246 1825 2640 1935 per‘arbitros
2696 1859 2756 1913 et
2810 1869 3153 1913 oeconomos
3179 1825 3382 1931 magni
3411 1853 3591 1934 hujus

214 1947 557 2027 privaretur,
591 1956 780 2008 tamen
814 1953 1022 2026 postea
1074 1945 1135 2006 in
1181 1944 1390 2006 habitu
1420 1943 1712 2022 cognovit.
1746 1942 1854 2004 Ast
1936 1944 2224 2025 mysterii,
2256 1951 2315 2005 et
2344 1960 2529 2005 sacrae
2552 1940 2816 2004 scientia;
2838 1939 3088 2022 peritos,
3106 1939 3590 2006 informationem

214 2037 312 2098 hic
345 2055 446 2116 per
473 2045 726 2098 sanctum
763 2035 1059 2116 baptisma
1089 2033 1385 2098 Christum
1411 2053 1445 2095 a
1467 2051 1530 2094 se
1553 2031 1852 2111 cognitum
1934 2032 2008 2095 ab
2040 2033 2235 2108 initio,
2263 2032 2647 2114 speciemque
2677 2049 2746 2093 ac
2793 2029 3042 2092 formam
3077 2029 3499 2112 spiritualium,
3534 2040 3595 2096 et

217 2127 406 2186 nudus
433 2125 717 2194 induerat,
779 2133 844 2185 ut
901 2123 1189 2204 scriptum
1249 2128 1338 2184 est
1393 2121 1467 2183 ab
1515 2121 1846 2202 Apostolo:
1936 2124 2324 2200 mysticorum
2354 2121 2662 2184 habituum
2716 2138 2958 2182 suorum
3009 2131 3598 2202 consequantur;ut

217 2215 572 2292 Quicunque
590 2215 650 2275 in
669 2212 910 2275 Christo
924 2211 1217 2292 baptizati
1239 2211 1403 2286 estis,
1426 2209 1850 2273 Christumin-
1936 2213 2296 2290 conﬁrmati,
2324 2221 2390 2274 ut
2406 2230 2581 2274 vmea
2599 2210 2709 2274 Dei
2733 2209 3028 2286 laborent,
3044 2227 3120 2272 ne
3132 2209 3280 2273 ﬁdes
3297 2212 3590 2293 ipsorum,

206 2303 498 2364 duxistis“.
519 2301 726 2364 Omnis
748 2300 910 2362 enim
947 2301 1162 2362 mentis
1193 2312 1253 2362 et
1283 2299 1518 2362 consilii
1553 2298 1851 2380 particeps
1936 2313 1994 2366 et
2041 2303 2415 2366 confessione
2469 2303 2640 2364 irrita
2668 2299 2764 2377 sit,
2797 2309 2856 2362 et
2885 2298 3155 2362 Christus
3185 2301 3593 2384 nequidquam

197 2391 407 2466 anima,
435 2409 512 2453 ex
548 2391 680 2472 ipso
713 2390 1008 2471 baptismo
1037 2389 1256 2453 Christi
1286 2391 1532 2469 gratiam
1566 2387 1851 2468 consequi
1934 2394 2197 2456 creditus
2227 2401 2286 2457 et
2315 2391 2618 2467 adoratus,
2650 2390 2800 2452 nihil
2859 2390 2948 2453 eis
3005 2391 3214 2471 prosit.
3246 2391 3373 2454 Nec
3403 2391 3588 2470 enim,

194 2481 547 2558 intelligitur
576 2498 589 2543 :
618 2481 813 2541 statim
839 2480 1060 2560 quippe
1081 2479 1440 2554 Christusin
1459 2477 1847 2540 eaformatur.
1934 2492 1998 2545 ut
2020 2483 2309 2566 quispiam
2335 2483 2586 2545 fortasse
2608 2480 2846 2556 dixerit,
2871 2479 3031 2542 Deus
3048 2481 3228 2542 homo
3270 2490 3442 2545 natus
3475 2490 3588 2562 est,

199 2572 372 2632 Porro
405 2571 480 2632 ab
517 2569 847 2630 infantibus
905 2568 1234 2649 baptizatis.
1271 2567 1552 2648 baptismi
1583 2566 1850 2629 sanctiﬁ-

197 2664 341 2720 catio
365 2669 617 2740 propter
637 2657 1031 2738 ignorantiam
1071 2677 1190 2718 non
1217 2658 1512 2733 sentitur;
1546 2665 1635 2718 est
1663 2655 1850 2736 siqui-

195 2748 322 2809 dem
351 2749 789 2811 intellectualis
821 2748 1203 2811 sensus.Jam
1222 2767 1358 2808 vero
1389 2745 1670 2827 paulatim
1705 2753 1849 2807 tem-

195 2856 334 2918 pore
365 2839 768 2920 procedente,
815 2837 878 2897 ﬁt
911 2837 1085 2898 etiam
1132 2837 1489 2898 immutatio.
1524 2839 1600 2898 Et
1625 2835 1684 2896 in
1718 2834 1850 2896 aliis

191 2927 421 3006 quidem
448 2945 707 3008 prorsus
726 2925 1115 3003 exstinguitur
1141 2944 1154 2988 :
1186 2924 1246 2986 in
1277 2923 1409 2986 aliis
1424 2923 1664 3004 quidam
1693 2922 1850 3002 igni-

192 3016 304 3078 culi
326 3025 600 3090 maneut,
627 3019 961 3095 iterumque
985 3033 1093 3095 per
1120 3013 1324 3094 ﬁdem,
1348 3012 1779 3074 institutionem
1796 3019 1852 3074 et

1935 2581 1998 2635 ut
2028 2574 2110 2635 ita
2140 2571 2496 2653 simpliciter
2523 2574 2683 2634 Deus
2739 2571 2918 2632 homo
2971 2569 3344 2648 crederetur,
3379 2572 3593 2654 illique

1935 2663 2198 2725 adoratio
2230 2660 2613 2724 adhiberetur
2645 2680 2658 2720 :
2719 2677 2925 2722 verum
2985 2666 3048 2722 ut
3096 2678 3205 2722 nos
3234 2660 3448 2724 divinat
3477 2680 3591 2726 na-

1935 2760 2082 2814 turae
2104 2759 2412 2814 consortes
2427 2748 3038 2831 ﬁeremus,sicutipse
3061 2756 3291 2813 naturae
3315 2750 3592 2815 humanae

1931 2849 2270 2906 consortem
2300 2859 2364 2902 se
2394 2839 2652 2918 fecisset,
2687 2846 3233 2920 cognoscerentque
3255 2839 3456 2922 adepti
3476 2842 3592 2906 hoc

1935 2931 2301 2994 consortium
2327 2928 2597 3010 mysterii
2651 2927 2794 3004 vim,
2857 2935 2918 2990 et
2972 2928 3188 3009 gratias
3218 2937 3484 3009 agerent.
3518 2934 3593 2995 Et

1933 3028 2220 3103 quotquot
2248 3019 2428 3099 hujus
2458 3017 3089 3098 consortiignarisunt,
3117 3036 3186 3080 ac
3207 3017 3284 3081 de
3307 3037 3377 3082 eo
3401 3017 3592 3101 probe

203 3123 357 3183 spem
390 3125 607 3184 magna
636 3106 766 3166 haec
799 3104 1213 3167 misericordia
1258 3102 1627 3165 accenditur-
1661 3100 1728 3163 In
1760 3101 1850 3162 his
1871 3121 1912 3183 α
1927 3100 2223 3191 judicent,
2254 3109 2316 3170 hi
2349 3115 2486 3170 sunt
2540 3107 2717 3170 amici
2765 3108 3013 3190 Christi,
3047 3107 3142 3170 his
3172 3100 3463 3172 creditum
3499 3116 3592 3173 est

211 3211 450 3274 namque
483 3197 586 3277 qui
635 3203 1024 3277 speraverant
1071 3202 1128 3256 et
1181 3193 1592 3267 crediderunt,
1626 3191 1850 3254 sensim

212 3281 399 3357 ignem
419 3285 580 3346 illum
605 3285 951 3360 exsuscitat,
977 3281 1853 3362 eorumqueintelligentizema-

215 3369 711 3437 nifestat.Deinde
751 3393 885 3436 cum
919 3373 1131 3453 gaudio
1163 3371 1472 3434 titionibus
1503 3369 1852 3432 humilitatis

213 3477 282 3519 ac
314 3462 706 3525 misericordia
759 3463 1073 3542 subjectis,
1137 3463 1374 3523 ﬂamma
1420 3459 1656 3533 emicat,
1694 3459 1847 3522 vici-

212 3566 438 3630 nosque
467 3551 739 3615 illustrat:
774 3553 959 3628 illius,
995 3551 1132 3632 quia
1161 3569 1281 3612 non
1304 3569 1372 3613 ex
1413 3548 1609 3626 nobis,
1645 3549 1748 3610 sed
1777 3568 1847 3611 ex

213 3640 333 3699 Deo
363 3651 446 3702 est
475 3642 874 3705 misericordia
906 3665 921 3714 ;
975 3643 1172 3722 hujus,
1204 3641 1343 3722 quia
1373 3639 1846 3701 misericordiam

213 3741 602 3808 consecutum,
634 3733 806 3812 plane
830 3731 1283 3794 misericordem
1303 3748 1435 3792 esse
1464 3729 1660 3790 decet.
1680 3727 1848 3800 Quod

205 3817 258 3878 si
273 3821 366 3898 qui
392 3823 532 3884 itam
557 3822 746 3884 altero
768 3821 1060 3902 baptismo
1085 3837 1192 3901 per
1217 3817 1549 3898 angelicum
1585 3816 1848 3879 habitum

198 3920 453 3992 accepto,
488 3911 636 3994 quid
667 3912 1033 3992 acciperent,
1067 3930 1185 3972 non
1226 3908 1659 3983 intellexsrunt,
1692 3906 1848 3968 divi-

192 4019 324 4062 nam
344 4008 402 4062 et
423 4000 910 4081 omnipotentum
935 3999 1122 4062 sancti
1145 3998 1399 4080 Spiritus
1426 3997 1703 4059 virtutem
1728 4016 1849 4058 non

193 4089 567 4172 participant,
605 4090 796 4170 gratia
829 4109 900 4152 ea
956 4089 1232 4151 similiter
1285 4087 1576 4164 avolante,
1627 4094 1850 4166 atquae

190 4199 290 4261 per
319 4200 483 4261 aqua:
515 4180 882 4261 baptismum
915 4180 1125 4241 collata
1177 4187 1301 4242 est:
1357 4185 1416 4239 et
1446 4184 1692 4258 propter
1723 4184 1850 4236 stu-

190 4288 385 4350 porem
418 4271 623 4331 adhuc
654 4270 728 4330 ad
765 4269 985 4331 malum
1018 4269 1189 4350 proni
1233 4275 1371 4329 sunt
1394 4279 1460 4328 ut
1490 4265 1695 4347 prius;
1729 4265 1855 4326 ina.

189 4360 274 4419 nis
303 4369 387 4420 est
415 4377 636 4421 eorum
669 4358 843 4433 ﬁdes,
877 4375 1214 4438 vanumque
1256 4356 1587 4418 secundum
1618 4372 1854 4435 quoque

194 4446 492 4526 baptisma,
530 4466 675 4511 cum
709 4466 921 4508 sensus
980 4445 1346 4528 expertibus,
1385 4453 1443 4507 et
1473 4447 1724 4506 mortuis
1754 4445 1852 4504 in-

192 4536 456 4599 dumenta
477 4556 659 4600 sacra
698 4537 818 4598 sint
847 4537 1148 4618 imposita.
1183 4534 1315 4599 Una
1343 4544 1430 4598 est
1462 4533 1620 4596 enim
1645 4532 1850 4595 salutis

194 4627 403 4703 notitia,
439 4628 588 4708 quia
622 4634 684 4688 et
732 4626 945 4688 veritas
1002 4645 1184 4686 unum
1239 4631 1348 4699 est,
1411 4623 1598 4685 menti
1631 4622 1844 4684 intelli-

188 4715 357 4798 genti,
394 4727 453 4779 et
484 4715 854 4795 intelligenti
889 4715 1101 4776 animae
1133 4713 1370 4775 donatie
1403 4731 1509 4794 per
1539 4712 1717 4773 ﬁdem
1754 4731 1848 4773 su-

187 4824 375 4883 pernae
430 4807 650 4887 gratia:
700 4804 1062 4865 sanctissimi
1117 4802 1370 4883 Spiritus
1428 4800 1846 4862 intellectualis

180 4896 449 4974 cognitio.
501 4897 848 4974 Dignantur
879 4895 1040 4955 enim
1072 4893 1173 4953 tali
1205 4892 1408 4972 gratia,
1445 4890 1546 4970 qui
1574 4890 1637 4950 in
1669 4889 1847 4952 Chri-

180 4991 355 5061 stum,
381 5005 518 5048 cum
542 4984 1016 5064 baptizarentur,
1052 4981 1460 5061 crediderunt,
1502 4977 1849 5058 aliiquidem

178 5083 238 5132 ut
268 5075 526 5156 etsigna
563 5074 822 5149 faciant;
881 5069 1122 5151 plurimi
1146 5078 1210 5132 ut
1260 5070 1332 5132 ad
1365 5069 1586 5130 malum
1641 5068 1851 5128 immo—

181 5160 344 5239 biles,
381 5167 456 5226 ad
486 5166 721 5226 bonum
755 5171 965 5224 contra
1009 5159 1320 5243 perfaciles
1354 5163 1752 5240 perseverent,
1791 5167 1852 5218 et

177 5251 453 5334 quidquid
491 5254 625 5316 Deo
658 5254 874 5334 placet,
913 5251 970 5313 id
1004 5252 1065 5312 in
1120 5249 1238 5311 vita
1285 5249 1540 5330 impigre
1571 5255 1628 5309 et
1659 5246 1852 5308 exsul-

174 5340 417 5402 tabundi
447 5350 914 5404 consectentur.
944 5340 1056 5403 Hic
1091 5357 1302 5401 eorum
1331 5337 1479 5401 ordo
1516 5344 1627 5414 est,
1657 5338 1753 5417 qui
1785 5335 1848 5396 in

179 5425 471 5492 Christum
506 5430 932 5494 crediderunt.

262 5517 375 5582 Sed
396 5520 752 5600 videndum,
773 5539 851 5583 ne
872 5517 1109 5602 quando
1139 5524 1357 5601 preter
1385 5533 1546 5580 nunc
1573 5513 1850 5579 ordinem

1936 3202 2047 3262 hoc
2084 3199 2452 3280 mysterium,
2488 3204 2547 3259 et
2577 3197 2639 3259 hi
2687 3197 2863 3260 vitam
2915 3197 3136 3261 Christi
3165 3198 3588 3266 imitabantur.

1934 3288 2046 3362 Qui
2077 3298 2274 3350 autem
2307 3288 2437 3368 ejus
2469 3293 2697 3349 natura:
2754 3286 3096 3369 participes,
3129 3287 3254 3350 sive
3285 3296 3592 3353 consortes

1935 3377 2078 3441 faeti
2107 3385 2282 3452 sunt;
2314 3384 2414 3438 aut
2443 3394 2581 3437 cum
2613 3375 2748 3437 facti
2780 3384 3003 3453 essent,
3035 3395 3162 3439 rem
3214 3376 3586 3458 ignorarunt,

1933 3468 1974 3530 ii
1990 3470 2191 3530 hostes
2204 3466 2334 3546 ejus
2350 3473 2515 3527 sunt:
2541 3485 2556 3525 :
2586 3473 2901 3547 propterea
2924 3467 3082 3548 quod
3105 3468 3301 3530 omnis
3318 3467 3421 3550 qui
3450 3487 3588 3531 cum

1933 3565 2142 3620 natura
2161 3555 2360 3616 divina
2400 3552 2551 3615 nihil
2595 3573 2914 3618 commune
2950 3555 3149 3630 habet,
3184 3557 3442 3618 carnalis
3472 3563 3584 3633 est,

1932 3655 1991 3709 et
2010 3647 2132 3708 Deo
2151 3647 2384 3725 placere
2409 3662 2528 3706 non
2547 3650 2740 3724 potest
2764 3662 2777 3707 :
2818 3645 3172 3709 Prudentia
3193 3651 3357 3708 enim
3379 3648 3592 3710 carnis

1932 3735 2186 3799 inimica
2211 3740 2296 3797 est
2317 3733 2442 3796 Deo
2463 3732 2547 3806 26,
2574 3741 2630 3794 et
2652 3751 2820 3810 caro,
2848 3741 2911 3797 et
2927 3738 3179 3815 sanguis
3197 3752 3451 3816 regnum
3476 3734 3596 3798 Dei

1931 3844 2051 3889 non
2062 3822 2478 3905 possidebunt.
2507 3821 2644 3885 Non
2673 3825 2836 3886 enim
2853 3827 3165 3906 corruptio
3183 3826 3595 3907 incorruptio-

1931 3933 2067 3978 nem
2089 3911 2611 3995 possidebit97;sed
2624 3912 3158 3996 audietaliquando
3179 3936 3192 3975 :
3211 3914 3420 3979 Etiam
3433 3915 3596 3997 quod

1933 4005 2173 4069 videtur
2190 4003 2432 4080 habere,
2459 4005 2780 4082 auferetur
2792 4004 2867 4067 ab
2881 4022 2974 4068 eo.
3015 4007 3112 4068 Ha
3121 4005 3283 4069 benti
3294 4011 3461 4069 enim
3474 4006 3596 4070 da-

1935 4093 2122 4170 bitur,
2138 4100 2193 4157 et
2209 4093 2544 4156 abundabit
2559 4092 2644 4169 28,
2671 4101 2914 4174 propter
2941 4093 3188 4174 gratiam
3211 4094 3594 4178 immensam,

1933 4183 2365 4258 inexhaustam,
2404 4181 3011 4262 superabundantem,
3048 4191 3106 4246 et
3153 4202 3286 4264 quae
3317 4183 3592 4248 imminui

1938 4279 2115 4352 atque
2145 4270 2417 4333 consumi
2445 4289 2564 4332 non
2597 4279 2811 4351 potest.
2867 4273 3019 4336 Nam
3051 4291 3342 4353 ponamus
3375 4291 3591 4354 quem-

1939 4361 2097 4442 piam
2120 4361 2284 4422 mille
2319 4378 2509 4421 annos
2543 4360 2764 4438 vivere,
2797 4379 2867 4422 ac
2897 4380 3004 4442 per
3029 4361 3273 4424 totidem
3306 4381 3496 4426 annos
3532 4362 3596 4424 in

1936 4451 2065 4513 dies
2087 4450 2352 4529 singulos
2370 4449 2568 4513 divina
2587 4450 2775 4532 gratia
2814 4451 3116 4533 perfundi,
3154 4469 3290 4514 eum
3323 4469 3467 4515 sane
3495 4451 3598 4513 illa

1935 4559 2115 4622 supra
2145 4540 2448 4603 Christum
2485 4541 2924 4621 quodammodo
2965 4540 3202 4618 locabit,
3237 4560 3370 4604 cum
3401 4548 3596 4605 totum

1931 4630 2178 4711 impleat
2197 4629 2516 4711 (siquidem
2540 4629 2670 4711 ipse
2699 4638 2870 4694 aetate
2894 4639 2952 4693 et
2977 4630 3164 4710 gratia
3192 4629 3594 4713 proﬁciebat),

1932 4719 2062 4800 ipsa
2111 4729 2309 4781 tamen
2371 4719 2553 4797 salva,
2617 4720 2886 4802 nihilque
2942 4720 3256 4783 imminuta
3306 4720 3596 4802 manebit,

1930 4808 2359 4871 Verumtamen
2375 4827 2492 4870 uon
2506 4816 2594 4870 est
2609 4827 2854 4890 prorsus
2872 4808 3598 4889 necessarium,paulatim

1933 4917 2063 4961 eam
2085 4899 2404 4980 inundare,
2431 4907 2534 4959 aut
2560 4899 2772 4976 minui,
2808 4906 2868 4962 et
2902 4899 3183 4981 paulatim
3216 4898 3598 4961 deﬁcientem

1931 5007 2183 5052 vacuum
2216 4987 2462 5050 omnino
2521 4989 2736 5051 desere
2797 5008 2934 5051 eum
2986 4989 3088 5070 qui
3145 4987 3251 5049 illa
3282 4987 3595 5069 spoliatur,

1935 5089 2156 5140 etcum
2187 5077 2356 5158 quasi
2387 5075 2542 5137 clam
2573 5077 2910 5154 recesserit,
2961 5077 3079 5159 ipsi
3105 5077 3288 5157 hujus
3319 5093 3598 5140 recessus

1936 5185 2178 5230 sensum
2207 5184 2330 5230 non
2360 5165 2728 5248 relinquere.

2467 5257 2834 5326 ORATIO
2899 5259 3052 5325 III.

2545 5371 2971 5420 ARGUMENTUH.

1935 5434 2169 5511 Quw,ei
2178 5436 2461 5520 guotsint
2471 5437 2705 5520 diuina:
2717 5438 3092 5520 cognitionis
3106 5450 3336 5516 genera
3347 5482 3363 5499 .
3373 5435 3605 5520 Cogno-

2011 5517 2302 5581 scendum
2341 5517 2502 5599 quod
2537 5517 2704 5582 Deus
2742 5517 2869 5599 sii;
2923 5520 3076 5601 quid
3104 5523 3309 5582 autem
3334 5517 3441 5598 sit,
3471 5533 3601 5583 non

251 5701 318 5757 ’³4
343 5704 544 5772 Galat.
577 5721 668 5786 ιιι,
699 5706 804 5772 27.
887 5705 953 5760 25
977 5705 1140 5772 Psal.
1171 5719 1378 5786 vam,
1410 5702 1510 5768 25.
1596 5699 1659 5756 εδ
1685 5700 1850 5769 Rom.

1936 5701 2114 5780 (11,7.
2195 5700 2479 5773 mmor.
2508 5715 2610 5788 xv,
2637 5705 2742 5775 so.
2825 5701 3418 5785 98Matth.nn,27.

462 5844 730 5915 Panem.
755 5839 938 5916 CXX.

3270 5839 3348 5909 11
