4160 6424
555 382 681 503 ἐπ
734 520 741 526 ι
1861 438 2247 507 SYMEONIS
2285 443 2663 509 IUNIORIS.
3847 451 3952 521 332

635 573 1062 665 scrutandum.
1095 571 1517 665 Christianum
1543 572 1806 665 credere,
1832 581 1894 665 et
1916 574 2209 665 baptismo
2230 576 2642 659 Aintelligitur
2669 597 2805 642 eum
2836 597 2905 645 ex
2935 579 3108 646 Patre
3136 583 3588 665 procedentem,
3624 587 3807 650 etiam
3819 589 3949 653 Filii

635 651 1133 759 Ῠρζτξξξρθζιῇᾗ
1159 655 1598 759 ,ᾆξαξξιξζό
1616 651 2212 759 ξίεέςξζξνξξιξςξηυξξ
2302 651 2591 747 Spiritum
2623 687 2778 746 esse,
2810 671 3035 734 unione
3065 651 3506 738 etdiscretione
3527 651 3946 759 inexplicabili.

637 740 694 815 et
721 735 856 814 quis
884 735 1133 815 dicatur
1162 735 1423 815 quidem,
1452 752 1565 797 nec
1609 740 1711 797 sit.
1762 736 1878 811 Qui
1901 739 2063 799 enim
2092 754 2216 799 non

635 811 791 892 facit
817 811 1191 896 uoluntatem
1207 813 1473 896 iChrt’in,
1505 832 1774 878 eumnon
1787 833 1912 896 esse
1923 816 2214 879 christia-

635 911 807 957 num.
841 894 1154 976 Improbos
1184 894 1568 959 Christianos
1586 896 1845 976 perditis
1858 895 2096 960 Iudaeis
2117 898 2216 960 de-

571 1006 576 1009 -
636 976 884 1038 imbres
914 975 1244 1040 habendos.

633 1080 828 1146 Deum
862 1081 1267 1164 cognoscendi
1298 1100 1540 1164 genera,
1572 1084 1598 1124 τ’
1603 1101 1710 1146 seu
1763 1082 1924 1145 modi
1955 1084 2216 1166 quinque

556 1180 718 1236 sunt.
744 1172 1000 1250 Primus,
1047 1173 1203 1255 quod
1235 1172 1571 1235 Deusnihil
1603 1173 1679 1234 sit
1707 1191 1915 1236 eorum
1948 1173 2214 1235 omnium

561 1280 936 1344 quaecunque
968 1271 1069 1325 aut
1099 1261 1208 1324 sub
1239 1269 1564 1343 aspectum,
1600 1269 1699 1324 aut
1728 1281 2096 1336 sermonem,
2119 1277 2218 1330 aut

555 1348 1011 1430 intelligentiam
1035 1350 1458 1431 subjiciuntur.
1483 1349 1674 1432 Alter,
1693 1349 1848 1432 quod
1872 1350 1922 1412 si
1941 1351 2082 1432 quid
2099 1363 2210 1428 est,

553 1439 714 1520 quod
745 1438 836 1502 vel
859 1447 1103 1521 aspectu
1131 1439 1444 1515 sentiatur,
1473 1439 1563 1500 vel
1593 1439 1864 1502 oratione
1908 1439 2210 1521 exprima-
2297 1442 2606 1518 tantopere
2663 1437 2863 1501 diﬂ‘ert
2890 1459 2925 1501 a
2953 1459 3092 1502 vase
3143 1442 3335 1518 ﬁctili,
3372 1444 3468 1505 cui
3504 1445 3835 1508 substantia
3863 1446 3937 1507 si-

549 1535 668 1616 tur,
707 1530 798 1593 vel
832 1537 1034 1592 mente
1064 1529 1477 1592 tantummodo
1539 1529 2105 1611 comprehendatur,
2135 1529 2208 1592 ab
2294 1523 2600 1616 milisest,
2633 1535 3004 1610 quantopere
3033 1531 3190 1593 Deus
3214 1531 3288 1592 ab
3321 1532 3566 1595 homine
3594 1534 3939 1616 discrepat?

544 1615 678 1699 ipso
705 1618 806 1696 sit,
842 1639 978 1682 cum
1008 1639 1175 1700 prius
1232 1639 1350 1682 nou
1402 1619 1716 1682 exstiterit.
1749 1618 2008 1695 Tertius,
2051 1620 2208 1700 quod
2293 1613 2352 1674 Si
2380 1614 2537 1675 enim
2564 1613 2720 1677 Deus
2744 1617 2893 1678 nihil
2911 1617 3160 1680 istorum
3185 1628 3295 1701 est,
3327 1639 3457 1700 quae
3479 1613 3930 1694 autcernuntur.

544 1705 675 1770 hac
703 1709 926 1785 omnia,
965 1709 1185 1771 nullius
1232 1729 1440 1771 eorum
1494 1708 1754 1788 indigus,
1809 1708 2072 1771 bonitate
2104 1728 2208 1771 sua
2293 1711 2392 1762 aut
2422 1704 2826 1793 nominantur,
2864 1715 2964 1768 aut
3019 1708 3378 1786 cogitantur,
3417 1711 3762 1793 quicunque
3788 1712 3934 1774 illius

546 1813 581 1858 e
612 1797 800 1860 nihilo
832 1802 1255 1880 procreaverit,
1286 1808 1350 1861 ut
1386 1798 1574 1880 ipsius
1603 1797 1791 1878 gloria
1817 1797 2012 1879 patius
2040 1797 2204 1860 frue-
2292 1792 2932 1880 essentiamindagare,
2953 1797 3272 1858 aulanimo
3295 1792 3932 1880 perciperedésiderat,

543 1896 776 1964 rentur,
811 1879 874 1949 in
904 1888 1156 1970 ipsoque
1190 1879 1610 1950 subsisterent.
1653 1886 1926 1996 Quartus,
1963 1895 2020 1948 et
2048 1886 2203 1968 quod
2224 1935 2268 1996 Β
2290 1879 2340 1940 is
2380 1881 2577 1982 minus
2605 1901 2791 1996 'quai‘n
2824 1893 2976 1984 testa
3005 1886 3254 1947 rationis
3272 1897 3378 1996 Iest
3422 1879 3743 1972 particeps.
3779 1889 3934 1963 Quod

547 1993 684 2038 cum
717 1975 912 2040 bonus
935 1978 1035 2054 sit,
1095 1995 1276 2040 omne
1334 1978 1493 2058 quod
1546 1977 1766 2038 bonum
1802 1984 1860 2037 et
1889 1975 2204 2037 honestum
2224 1970 2268 1996 ”
2289 1988 2425 2030 cum
2456 1970 2542 2034 ita
2570 1972 2667 2049 sit,
2695 1972 2934 2036 silentio
2987 1977 3361 2038 venerandus
3393 1985 3448 2040 et
3481 1970 3822 2042 adorandus
3853 1985 3939 2040 est

547 2074 658 2141 est,
681 2065 741 2128 id
764 2067 922 2148 velit,
958 2075 1017 2129 et
1053 2086 1291 2130 omnem
1325 2066 1674 2148 pravitatem
1700 2064 2205 2145 vitiositatemque
2287 2077 2444 2122 unus
2474 2059 2653 2138 Deus,
2689 2081 2865 2143 quem
2887 2082 3062 2125 nemo
3084 2065 3392 2127 hominum
3412 2067 3580 2142 vidit,
3607 2087 3719 2130 nec
3741 2069 3932 2130 videre

546 2155 764 2220 oderit.
796 2155 1072 2233 Quintus,
1099 2157 1253 2239 quod
1276 2157 1337 2218 in
1360 2159 1489 2239 ipso
1519 2157 1714 2218 omnis
1743 2153 2202 2227 administratio,
2289 2157 2502 2229 potest,
2539 2159 2595 2212 et
2651 2152 3019 2214 credendum
3076 2153 3138 2214 in
3201 2156 3452 2232 Patrem,
3523 2166 3582 2219 et
3611 2157 3848 2238 Filium,
3884 2166 3937 2219 et

545 2245 994 2309 etvitavirtutis
1036 2266 1279 2328 compos
1322 2265 1391 2309 ac
1443 2246 1641 2309 divina
1690 2244 1949 2308 feliciter
1979 2243 2204 2304 institui
2286 2240 2574 2319 Spiritum
2609 2249 2905 2318 sanctum,
2961 2262 3139 2306 unam
3199 2252 3492 2322 naturam,
3547 2254 3603 2309 et
3665 2256 3781 2308 tres
3811 2263 3937 2328 pro-

541 2335 773 2416 possit;
805 2356 923 2399 non
957 2337 1153 2419 aliter,
1187 2337 1302 2399 nisi
1335 2336 1498 2398 illius
1520 2335 1575 2400 vi
1616 2355 1687 2400 ac
1713 2342 2002 2418 potestate
2027 2333 2201 2412 adju-
2287 2330 2569 2409 prietates
2591 2331 3006 2412 hyposlaticas,
3035 2341 3093 2394 et
3122 2351 3400 2413 magnum
3423 2337 3766 2398 oeconomiae
3798 2353 3932 2417 my-

539 2433 738 2501 vante,
798 2444 929 2508 quae
985 2444 1228 2490 sensum
1315 2426 1649 2502 oculorum,
1709 2424 2199 2504 intellectumque
2284 2419 2556 2497 sterium,
2591 2420 2750 2501 quod
2782 2419 3043 2483 Verbum
3105 2421 3235 2505 Dei,
3290 2431 3351 2484 et
3407 2424 3607 2501 Filius,
3672 2425 3729 2486 in
3761 2424 3932 2486 Patre

538 2512 796 2594 fugiens,
830 2515 1248 2597 complectitur
1276 2513 2194 2597 omnia,etprtecellitomnibus,
2283 2509 2518 2585 genitus
2542 2518 2602 2572 ct
2633 2509 2984 2587 subsistens,
3037 2511 3110 2572 ab
3159 2513 3372 2575 eodem
3427 2533 3544 2575 non
3597 2525 3926 2596 separatus,

541 2603 814 2686 nullique
865 2604 982 2667 nisi
1012 2606 1348 2668 castissime
1379 2625 1446 2668 se
1475 2604 1776 2667 invocanti
1807 2603 2196 2684 opitulantur.
2283 2599 2599 2690 conclusus
2643 2600 2819 2690 luerit
2848 2609 3020 2690 utero
3053 2599 3270 2666 Mariae.
3304 2613 3445 2666 ante
3480 2613 3712 2685 partum
3737 2613 3932 2690 etpost

618 2691 722 2767 Esi
753 2712 927 2774 porro
985 2693 1296 2772 Divinitas,
1357 2701 1644 2775 quantum
1694 2693 1954 2754 humana
2002 2691 2201 2770 lingua
2281 2696 2513 2768 qartum
2549 2688 2813 2768 virginis,
2867 2689 3173 2771 factusque
3222 2694 3297 2754 sit
3346 2712 3507 2768 caro,
3542 2695 3798 2756 humana
3820 2688 3930 2756 ina-

542 2781 869 2866 enuntiari,
905 2791 1312 2865 quantumque
1341 2784 1698 2864 metaphora
1726 2781 1980 2862 quadam
2001 2779 2078 2842 ab
2110 2797 2200 2841 es-
2282 2785 2411 2866 tura
2437 2778 2697 2857 perfecte
2718 2777 2779 2839 in
2802 2780 3000 2860 seipso
3025 2789 3322 2862 suscepta,
3352 2784 3756 2866 manseritque
3779 2783 3927 2845 Deus

541 2872 758 2947 sentia,
791 2865 860 2934 et.
889 2882 1096 2935 natura
1151 2874 1327 2935 ducta
1381 2869 1639 2933 indicari
1691 2878 1904 2951 potest,
1959 2887 2077 2930 una
2109 2888 2201 2930 es-
2283 2865 2694 2941 immutabilis,
2730 2877 2789 2930 et
2820 2877 2988 2930 natus
3049 2871 3125 2931 sit
3181 2890 3248 2932 ex
3310 2889 3380 2933 ea
3438 2865 3838 2950 homo,iunus
3863 2873 3920 2933 in

549 2961 746 3023 sentia
767 2969 826 3025 et
847 2969 1053 3024 natura
1077 2960 1596 3043 superessentialis
1614 2968 1671 3021 et
1697 2957 2199 3040 supernaturalts;
2283 2955 2515 3017 duabus
2545 2957 2771 3018 naturis
2798 2957 3098 3038 perfectis,
3135 2968 3195 3022 et
3225 2959 3318 3021 bis
3350 2959 3499 3022 citra
3525 2962 3913 3024 confusionem

543 3055 671 3112 tres
744 3058 941 3112 autem
999 3051 1365 3132 hypostases,
1397 3049 1522 3112 sive
1587 3047 2009 3124 subsistentiae,
2087 3046 2202 3108 alia
2285 3045 2609 3124 permistis,
2665 3064 2733 3107 ac
2792 3045 2924 3108 sine
2985 3045 3278 3109 divisione
3334 3049 3541 3111 unitis.
3594 3049 3733 3113 Item
3767 3047 3912 3131 quod

546 3147 726 3220 atque
747 3139 864 3202 alia
884 3141 1064 3202 unius
1081 3139 1345 3216 unitatis,
1372 3137 1981 3219 etrursumtripartito
1995 3135 2204 3198 discri-
2282 3140 2518 3216 sponte,
2551 3152 2618 3195 ac
2639 3133 2834 3196 libens
2848 3142 3141 3197 tormenta
3156 3154 3386 3219 passus,
3404 3146 3616 3219 sponte
3647 3138 3717 3201 ab
3735 3136 3920 3200 homi-

546 3228 711 3292 mine
734 3229 937 3292 divisae
957 3229 1221 3306 unitatis,
1251 3229 1736 3292 etdiscriminum
1763 3230 2062 3289 unitorum
2090 3244 2103 3289 :
2139 3233 2203 3288 ut
2222 3254 2264 3316 ρ
2288 3221 2438 3284 cidis
2459 3222 2833 3294 interfectus,
2861 3232 3071 3304 Sponte
3099 3225 3388 3316 sepultus,
3407 3227 3639 3290 Deitate
3668 3228 3796 3308 ejus
3823 3245 3924 3289 ne-

541 3316 675 3400 ipsa
698 3319 987 3383 Divinitas
1011 3339 1129 3382 non
1151 3317 2198 3400 situnum,nequetria,sedetunum,
2231 3313 2263 3316 τ
2286 3330 2584 3394 quaquam
2621 3331 2729 3395 per
2756 3322 3011 3375 mortem
3033 3333 3145 3376 nec
3167 3313 3239 3376 ab
3262 3315 3486 3398 anima,
3506 3335 3621 3380 nec
3641 3333 3928 3399 acorpore

539 3415 600 3470 et
628 3408 742 3471 tria
767 3408 830 3471 in
862 3408 1076 3472 eodem
1112 3429 1125 3473 :
1160 3418 1224 3472 ut
1281 3428 1480 3492 neque
1537 3428 1725 3471 unum
1781 3425 1888 3489 per
1919 3405 2202 3468 unionem
2285 3420 2392 3467 suo
2423 3402 2578 3484 quod
2630 3413 2993 3486 susceperat,
3055 3405 3345 3485 sejuncta.
3407 3407 3638 3470 Deinde
3670 3417 3735 3471 et
3766 3407 3930 3472 tertia

539 3497 956 3575 confundatur,
1000 3518 1196 3582 neque
1226 3500 1340 3563 tria
1396 3516 1504 3582 per
1550 3497 1994 3561 distinctionem
2027 3513 2203 3576 sepa-
2289 3492 2386 3556 die
2414 3493 2716 3556 redivrvus
2745 3493 2817 3556 ab
2848 3494 3058 3556 inferis
3087 3495 3327 3570 exstitit,
3376 3505 3435 3558 et
3466 3505 3598 3578 post
3626 3497 3762 3560 dies
3790 3515 3928 3579 qua—

537 3596 771 3651 rentur.
803 3588 1003 3652 Deitas
1053 3608 1311 3671 namque
1361 3608 1497 3652 cum
1557 3587 1634 3651 sit
1663 3583 2207 3670 superessentialis,
2293 3583 2596 3664 dragenos
2626 3593 2690 3646 ut
2717 3584 2892 3647 homo
2917 3583 2980 3645 in
3009 3584 3226 3647 cmlum
3245 3595 3604 3667 assumptus,
3630 3587 3693 3648 in
3725 3589 3932 3650 throno

541 3678 717 3740 etiam
752 3685 810 3741 et
830 3678 956 3740 sola
981 3687 1072 3740 est
1092 3677 1488 3740 immutabilis
1510 3674 1978 3749 etinvariabilis;
2003 3681 2211 3754 estque
2291 3671 2615 3735 divinitatis
2641 3691 2766 3735 suae
2795 3692 2928 3735 cum
2959 3692 3138 3737 carne
3167 3693 3274 3737 sua
3303 3676 3592 3750 considet,
3624 3676 3930 3739 laudibus-

538 3773 820 3848 tanquam
852 3784 1043 3841 mens,
1073 3766 1365 3829 rationem
1399 3775 1458 3828 et
1485 3766 1760 3846 spiritum
1797 3764 2027 3826 habens
2059 3762 2204 3824 dici-
2291 3781 2429 3844 que,
2463 3781 2597 3824 cum
2617 3761 2787 3825 Patre
2820 3781 2951 3845 suo,
2985 3771 3044 3825 et
3062 3772 3266 3825 sancto
3293 3764 3515 3846 Spiritu
3544 3765 3617 3828 ab
3645 3765 3936 3829 universis

539 3861 753 3936 turque
782 3858 983 3930 Pater,
1017 3854 1154 3917 Filii
1212 3855 1387 3918 Pater
1439 3855 1560 3936 (qui
1617 3863 1705 3916 est
1735 3853 1901 3934 quasi
1933 3851 2105 3932 ratio)
2144 3858 2202 3913 et
2283 3851 2616 3915 caelestium
2643 3852 2956 3915 ordinibus
2992 3853 3350 3917 celebratur.
3376 3854 3449 3916 Et
3477 3856 3604 3917 haec
3628 3856 3784 3919 facta
3812 3874 3934 3918 esse

540 3943 867 4025 productor
890 3942 1144 4024 Spiritus
1169 3943 1276 4026 (2),
1298 3943 1953 4026 quemadmodumitem
1970 3940 2202 4020 genitor
2283 3942 2676 4017 credendum,
2701 3950 2767 4004 ut
2784 3941 3007 4023 Spiritu
3029 3951 3256 4016 sancto,
3298 3962 3416 4025 quo
3446 3944 3713 4007 Adamus
3747 3954 3933 4028 proto-

535 4032 810 4097 rationis.
837 4031 906 4093 Et
931 4051 1066 4094 cum
1089 4032 1265 4096 Pater
1287 4037 1444 4098 Deus
1467 4033 1830 4107 nominatur,
1864 4031 2038 4094 simul
2062 4050 2197 4093 cum
2284 4033 2509 4114 plastus
2540 4031 2959 4113 praevaricator
3015 4050 3225 4094 exutus
3283 4051 3352 4095 ac
3406 4035 3662 4097 nudatus
3717 4035 3929 4110 fuerat,

537 4119 714 4198 Filio,
761 4139 830 4183 ac
872 4119 1098 4202 Spiritu
1144 4122 1518 4204 intelligitur.
1553 4121 1759 4196 Qando
1789 4131 1990 4186 autem
2017 4120 2203 4183 Filius
2287 4138 2396 4203 per
2423 4121 2720 4184 Christum
2755 4119 2977 4202 ipsum,
3011 4122 3112 4203 qui
3167 4121 3228 4183 in
3271 4123 3551 4184 eumdem
3595 4123 3928 4200 crederent,

537 4210 885 4274 nominatur
937 4210 1121 4287 Deus,
1181 4213 1542 4292 intelligitur
1598 4211 1818 4274 Filium
1880 4228 2015 4274 esse
2070 4209 2203 4277 Dei.
2287 4208 2703 4282 induerentur,
2731 4217 2788 4271 et
2808 4209 3277 4291 participesfacti
3304 4209 3556 4292 Spiritus
3577 4214 3793 4291 sancti,
3817 4222 3931 4276 tum

539 4297 787 4371 Quando
819 4300 1060 4363 demum
1093 4300 1349 4383 Spiritus
1378 4308 1618 4364 sanctus
1649 4300 1986 4383 appellatur
2012 4297 2205 4379 Deus,
2290 4297 2491 4359 divina
2519 4297 2796 4360 mandata
2824 4316 2931 4380 per
2960 4299 3130 4362 illum
3187 4299 3445 4383 operari,
3476 4308 3541 4364 ut
3571 4301 3715 4365 olim
3747 4300 3932 4366 sancti

2299 808 2468 872 Scire
2525 810 2706 903 igitur
2764 814 2955 876 solum
3011 824 3268 898 oportet,
3327 818 3513 880 Deum
3568 839 3750 884 esse:
3811 822 3944 903 quid

2298 907 2496 961 autem
2528 901 2626 983 sit,
2657 902 3038 986 investigare,
3073 925 3191 968 non
3224 907 3400 970 modo
3422 901 3943 985 temerarium—sed

2301 986 2482 1050 etiam
2514 991 2904 1054 vehementer
2933 995 3172 1056 stultum
3201 1005 3311 1059 est.
3350 997 3594 1076 Figulus
3625 999 3787 1060 enim
3819 1018 3943 1063 vasa

2300 1093 2334 1137 e
2374 1077 2500 1172 iuto
2532 1079 2874 1172 ﬁngens,_et
2926 1101 2993 1144 ea
3021 1102 3089 1145 ex
3120 1085 3352 1161 eadem,
3389 1106 3503 1168 qua
3533 1087 3664 1168 ipse
3696 1098 3938 1172 constat,

2300 1165 2630 1231 substantia
2661 1171 2760 1247 (de
2792 1170 2912 1233 luto
2943 1172 3164 1254 quippe
3195 1183 3254 1236 et
3283 1165 3615 1256 ipse—ﬁctus
3651 1178 3768 1258 est)
3798 1165 3940 1239 nun;

2301 1274 2476 1348 quam
2503 1277 2626 1340 vas,
2659 1260 2815 1341 quod
2879 1262 3004 1322 suis
3063 1263 3338 1326 manibus
3396 1266 3752 1348 etformavit,
3784 1286 3852 1329 se
3874 1268 3940 1330 de

2297 1344 2426 1425 ipso
2458 1349 2688 1412 artifice
2746 1369 2850 1411 suo
2909 1351 3126 1432 alloqui
3183 1352 3428 1414 audivit.
3482 1357 3610 1418 Jam
3658 1356 3710 1417 si
3739 1344 3941 1436 figulus

770 4472 868 4554 Καὶ
918 4472 1128 4553 λέγεται
1189 4474 1373 4554 Πατὴρ
1428 4475 1550 4554 Υνῖοὖ
1606 4481 1699 4531 τοῦ
1751 4472 1947 4554 Λόγου)
2008 4471 2054 4526 ὢ
2108 4473 2197 4529 καὶ

2290 4467 2389 4554 sub
2419 4467 2712 4554 Michaele
2740 4467 3108 4554 imperatore
3164 4469 3844 4554 Constantinopolimno,
3879 4478 3934 4534 et

536 4548 828 4633 πρόϐὸλεὺς
885 4548 1005 4633 1:06-
1036 4548 1365 4631 Hvebpatoc,
1439 4553 1721 4633 ᾧσπερκοη
1779 4548 2050 4632 γεζρνήτωρ
2105 4561 2196 4609 τοῦ

2290 4548 2522 4612 Nicolao
2555 4548 2578 4610 I
2610 4548 2888 4633 pontifice
2908 4552 3222 4633 ARomano,
3282 4551 3528 4633 Photius
3558 4548 3782 4616 contra
3813 4553 3931 4615 Ro-

535 4629 732 4716 Λὸγοξδ.
765 4632 952 4716 Paulo
998 4643 1132 4716 post
1161 4629 1184 4697 :—
1259 4629 1396 4694 Οτάν
1451 4632 1505 4690 δὲ
1561 4629 1884 4710 ἀξιομάζηὲχι
1933 4634 1994 4716 τὸ
2025 4629 2196 4716 ilva?)-

2290 4648 2513 4716 manam
2545 4629 2876 4716 Ecclesiam
2907 4629 3154 4716 brachia
3213 4633 3458 4716 tendere
3516 4632 3798 4716 instituit,
3833 4633 3931 4716 qui

538 4733 613 4787 μα
642 4714 704 4767 τὸ
751 4712 903 4790 ἅγιον
963 4710 1092 4779 Θὶὸς
1148 4729 1351 4773 νοεῖται
1409 4717 1482 4778 ὡς
1537 4736 1597 4772 εκ
1650 4721 1741 4770 τοῦ
1790 4715 2006 4794 Πατρὸςᾼ
2024 4711 2194 4770 ἐκπο-

2290 4712 2433 4794 inter
2462 4711 2920 4794 caeteras__lab_es,
2974 4713 3190 4794 quibus
3245 4712 3532 4794 Graeciam
3563 4714 3796 4786 infecit,
3845 4710 3929 4775 {rel

539 4791 820 4877 peudusvov
848 4798 969 4877 Δκοιᾉὶ
1045 4806 1136 4854 τοῦ
1193 4800 1314 4877 Υἱρῦ
1371 4796 1584 4877 Πνεόμᾳ
1641 4790 1915 4874 ὑπάρχονζ
1972 4790 2199 4877 Quibus

2290 4790 2477 4877 potius
2510 4791 2792 4877 perdidit,
2825 4790 3011 4877 hang
3035 4794 3214 4877 etiam
3267 4795 3347 4877 de
3373 4793 3597 4877 Spiritu
3627 4804 3840 4877 sancto
3863 4813 3928 4877 ea

537 4870 740 4933 verbis
770 4871 959 4956 videri
989 4885 1186 4956 posset
1245 4875 1446 4938 favere
1503 4870 2000 4956 Simeon':errori
2031 4874 2195 4956 Grae-
2283 4870 2408 4932 Solo
2435 4870 2606 4956 Patre
2637 4870 2932 4936 Orientali
2955 4873 3241 4956 Ecclesiae
3261 4870 3544 4956 paﬂiricuit,
3591 4875 3928 4940 incredibili

539 4954 886 5036 commtde
943 4951 1332 5036 processione
1389 4959 1576 5036 sancti
1635 4953 1895 5036 Spiritus
1948 4970 2018 5014 ex
2070 4955 2200 5016 solo
2285 4951 2969 5036 iotanimarumstrage.
3003 4953 3127 5017 Nec
3156 4954 3301 5017 dicit
3330 4954 3572 5018 Simeon
3604 4964 3804 5019 noster
3835 4963 3930 5019 aut

534 5035 734 5119 Patre.
766 5031 883 5097 Sed
910 5030 1032 5119 n'on
1064 5045 1153 5098 est
1195 5055 1303 5119 cur
1331 5037 1463 5119 quis
1512 5030 1850 5119 Simeonem
1873 5035 2044 5119 hunc
2076 5044 2200 5097 tra-
2284 5030 2402 5119 hic,
2427 5032 2680 5119 autalibi
2706 5030 2989 5119 Spiritum
3021 5044 3295 5119 sanctum
3321 5055 3388 5098 ex
3413 5037 3548 5119 solo_
3578 5041 3751 5100 Patre
3783 5057 3926 5119 pro-

535 5111 678 5201 hat:
715 5131 850 5201 cum
878 5117 1038 5178 enim
1063 5117 1282 5201 vixerit
1310 5111 1368 5178 ei
1425 5117 1698 5201 tioruerit
1726 5116 2197 5201 sub_impera_to-
2283 5112 2652 5201 cedere;_sed
2678 5111 3802 5201 ex;Patre.UtergoChristusJoan.xv,
3825 5117 3922 5190 26,

534 5194 706 5279 ribus
736 5193 1152 5261 Iconomachis
1179 5198 1382 5261 Leone
1439 5196 1664 5273 Isauro,
1721 5205 1780 5258 et
1809 5192 2195 5279 Constantino
2278 5192 2397 5279 illis
2439 5193 2683 5279 verbis;
2725 5193 2877 5258 Cum
2933 5192 3580 5279 venerit'l’aracletus,
3614 5192 3800 5278 quem'
3821 5214 3925 5279 ego

538 5275 934 5366 Copronymo,
968 5287 1033 5340 ut
1061 5296 1166 5340 suo
1198 5279 1330 5366 loco
1361 5287 1664 5366 ostensum
1700 5297 1717 5366 ;_
1752 5296 1871 5366 non
1919 5284 2007 5339 est
2035 5277 2192 5366 quod
2277 5275 2515 5366 mittam
2546 5275 2779 5366 vobisut
2823 5277 3390 5366 Patre,_Spir_i_t_z_tm
3422 5275 3725 5366 veritatis,
3758 5275 3924 5366 quia

537 5357 678 5441 quis
702 5356 1024 5440 existimet,
1059 5377 1196 5441 cum
1255 5359 1393 5438 ejus
1450 5357 1752 5441 opinionis
1775 5358 1989 5441 fuisse,
2023 5358 2194 5436 cujus
2279 5356 2773 5441 Putreprocedit,
2800 5356 3588 5441 noniexclus'itFilium,hoc
3617 5368 3728 5439 est,
3762 5356 3924 5441 ἑθὶρτ

535 5433 716 5497 hodie
747 5447 886 5523 sunt
904 5433 1102 5523 _G_raaci
1135 5460 1149 5502 :
1186 5433 1323 5523 cum
1381 5457 1452 5523 ea
1490 5433 1640 5523 'post
1669 5440 1916 5523 multum
1947 5433 2187 5523 demum
2276 5452 2432 5523 sum,
2464 5433 2545 5523 ita
2576 5454 2688 5498 nec
2719 5438 2947 5523 antiqui
2976 5439 3321 5523 scripmres,
3374 5433 3475 5523 qui
3498 5441 3616 5523 hac
3639 5433 3922 5523 loquendi

536 5460 716 5497 110018
747 5460 886 5499 sunt
916 5460 1102 5502 ureae!
1135 5460 1149 5502 Σ
1186 5460 1323 5502 cum
1381 5460 1452 5501 ea
1509 5460 1640 5519 ροει
1669 5460 1916 5501 multum
1947 5460 2187 5499 uernum
2276 5460 2432 5511 sum,
2464 5460 2545 5497 lla
2576 5460 2688 5498 nec
2719 5460 2947 5520 anthm
2976 5460 3321 5521 scriptores,
3417 5461 3475 5502 ω
3506 5460 3616 5504 nac
3639 5460 3920 5523 loquendi

536 5532 726 5583 annos
757 5519 867 5580 sub
901 5520 1116 5601 Photio
1165 5520 1502 5601 patriarcha
1531 5519 2188 5601 Constantinopolitano
2270 5460 3920 5601 formulautunturmxcluduntFiliumflVidecardinalem

537 5603 699 5681 nata,
733 5606 792 5681 et
824 5598 1209 5681 pertinaciter
1237 5600 1484 5664 defundi
1513 5609 1706 5681 coepta
1733 5601 1830 5664 sit.
1862 5599 2028 5662 Fecit
2051 5598 2189 5680 qui-

537 5673 848 5759 dem__olini
885 5678 1321 5759 Theodoretus,
1355 5699 1491 5743 cum
1537 5673 1729 5743 adhuc
1757 5700 1791 5742 a
1820 5673 2192 5744 Nestorianis

537 5757 803 5842 partibus
833 5768 1038 5842 staret,
1102 5757 1558 5842 hujus'erroris'
1611 5761 1842 5824 semina
1870 5761 1933 5822 in
1962 5761 2189 5824 refuta-

534 5837 702 5901 tione
747 5837 1415 5925 Anatbematismorum
1456 5842 1648 5925 sancti
1692 5842 1904 5925 _Cyrilli
1960 5861 2091 5925 cap.
2125 5842 2186 5918 9,

534 5925 738 6000 aperte
768 5920 1064 6002 scribens,
1114 5941 1150 5985 a
1202 5924 1329 5987 solo
1379 5921 1553 5986 Patre
1602 5920 1889 6002 Spiritum
1919 5920 2188 5987 sanctum

534 6015 669 6066 esse
704 6020 718 6064 :
770 6009 1031 6071 attamen
1084 6003 1352 6088 sepultus
1398 6002 1591 6087 jacuit
1641 6002 1743 6068 hic
1771 6021 1967 6085 error,
1996 6004 2190 6068 donec

2274 5597 2730 5686 Deliarminum,
2751 5597 2913 5686 lib._tt
2927 5601 3011 5686 De
3031 5601 3297 5686 Christo,
3318 5603 3648 5684 praesertim
3671 5621 3802 5686 cap.
3817 5604 3918 5664 27.

2273 5675 2348 5738 Et
2376 5677 2552 5759 hujus
2606 5679 3004 5761 adnotationis
3059 5675 3348 5747 lectorem
3404 5675 3920 5746 memorem'esse

2273 5765 2530 5857 oportet,
2579 5778 2714 5857 cum
2761 5762 2836 5824 ad
2891 5761 3222 5857 orationam
3261 5762 3569 5856 decimam
3601 5765 3916 5857 quintam;

2274 5839 2625 5982 similesqtip
2668 5840 2832 5906 locos
2881 5843 2957 5907 de
3010 5843 3398 5926 processionb
3425 5839 3642 5920 .sancti
3669 5839 3920 5931 Spiritus

2274 5937 2585 5982 nervenen
2619 5967 2634 5982 .

2271 5937 2634 6002 pervenerit.
