4160 6388
300 378 423 446 333

1775 383 2061 449 ORATIO
2099 385 2214 450 III.

3577 394 3698 464 334

288 528 411 590 per
434 510 635 589 ﬁdem,
666 518 797 575 tum
829 509 1135 577 diabolum
1162 531 1231 616 ac
1249 604 1266 616 _
1282 513 1598 616 daemonas.
1614 514 1955 616 inaspecta-
1976 514 2027 577 A
2044 518 2376 616 redemptio
2396 518 2424 581 ?
2445 517 2728 616 Christus
2740 523 2904 616 enim
2925 521 3044 616 Dei
3054 526 3255 591 virtus
3265 532 3325 593 et
3340 530 3453 596 Dei
3461 534 3696 616 sapien-

286 597 450 663 biles
508 601 817 668 debellare
875 613 1137 684 possent.
1196 604 1443 687 Absque
1502 604 1724 687 Spiritu
1753 612 1955 667 sancto
2039 607 2125 669 tia
2159 597 2263 671 35f
2292 610 2460 673 Patet
2487 608 2666 690 igitur
2693 630 2830 675 eum
2862 613 3004 678 huic
3032 634 3152 680 non
3187 597 3687 691 communicasse.

283 689 455 751 enim
484 710 596 754 nec
643 694 911 774 peccatis
936 712 1168 772 vacare,
1203 713 1319 757 nec
1346 703 1695 776 potestatem
1727 694 1953 756 daemo-

278 798 429 841 num
458 782 781 844 adversum
816 801 946 858 nos,
980 784 1257 867 viresque
1285 785 1583 866 repellere
1612 802 1951 865 possumus.

278 871 585 951 Baptizari
615 891 857 955 quoque
885 883 1116 955 oportet
1144 875 1207 937 in
1237 874 1527 938 Trinitate
1556 873 1952 937 consubstan-

2039 692 2239 794 Virtus
2251 698 2411 794 enim
2422 698 2639 763 Christi
2653 700 2871 794 duplex
2896 709 2989 769 est
3006 706 3393 772 credentibus
3414 733 3427 771 :
3453 714 3690 794 quando

2038 786 2275 878 etipse,
2310 788 2454 852 licet
2510 793 2840 854 secundum
2900 794 3211 876 hypotasin
3262 818 3438 878 unus,
3469 786 3689 868 tamen

2036 872 2254 956 duplex
2291 889 2399 942 est.
2426 878 2498 941 Et
2531 888 2621 971 Aut
2673 872 3025 946 substantia
3060 894 3330 951 nostrum
3362 872 3598 971 similis,
3633 903 3694 958 et

282 959 441 1034 tiali,
477 982 655 1041 quam
692 970 755 1024 et
815 963 1138 1047 credimus,
1200 974 1373 1047 prout
1428 964 1718 1065 Dominus
1749 973 1954 1027 noster
2033 977 2489 1065 generenoster
2516 969 2726 1065 frater.
2757 971 3040 1065 cordibus
3070 976 3287 1040 nostris
3316 979 3487 1061 prius
3517 959 3687 1065 ejus-

287 1049 435 1113 Jesu
464 1050 735 1114 Christus
788 1052 1120 1135 imperavit,
1180 1074 1314 1117 cum
1367 1054 1652 1137 apostolis
1680 1054 1764 1117 ita
1793 1073 1949 1137 prae-

287 1139 484 1219 cepit:
506 1141 742 1204 Euntes
764 1143 966 1207 docete
978 1161 1181 1207 omnes
1200 1146 1822 1226 gentes,baptizantes
1850 1163 1951 1209 eos

285 1229 355 1290 in
387 1233 627 1293 nomine
660 1230 893 1305 Patris,
918 1233 1166 1315 et,Filii,
1203 1241 1261 1298 et
1282 1232 1554 1315 Spiritus
1584 1236 1800 1312 sancti,
1835 1235 1947 1298 do:

282 1328 506 1395 centes,
541 1338 641 1382 eos
694 1339 943 1385 servare
989 1325 1195 1386 omnia
1248 1341 1622 1405 quaecunque
1651 1325 1947 1388 mandavi

281 1408 557 1472 vobisﬁ.
596 1411 738 1482 Quae
797 1412 848 1471 si
909 1430 1237 1490 servemus,
1298 1422 1558 1475 nostram
1609 1432 1747 1493 erga
1776 1413 1942 1476 illum

275 1498 1153 1584 charitatemdemonstramus,
1178 1512 1237 1565 et
1258 1503 1361 1584 qui
1386 1503 1448 1564 in
1473 1522 1543 1565 ea
1572 1522 1938 1581 maneamus,

272 1586 448 1666 digni
472 1588 767 1650 habemur
793 1613 808 1665 ;
834 1589 986 1652 sicut
1023 1592 1343 1672 scriptum:
1378 1591 1455 1655 Si
1483 1593 1778 1656 mandata
1810 1611 1945 1656 mea

272 1682 676 1741 servaverilis
693 1679 1015 1744 manebitis
1045 1681 1455 1763 inﬂilectione
1481 1700 1658 1746 mea:
1704 1685 1857 1746 sicut
1884 1691 1943 1747 et

278 1783 385 1844 ego
410 1766 616 1830 Putris
644 1771 764 1829 mei
794 1776 1095 1852 prazcepta
1124 1774 1388 1847 servavi,
1413 1779 1469 1835 et
1495 1790 1702 1835 moneo
1732 1773 1796 1835 in
1816 1775 1941 1854 ejus

284 1854 606 1919 dilectione
642 1859 727 1918 30.
787 1857 850 1921 Si
880 1879 996 1922 non
1029 1879 1354 1937 servemus,
1389 1861 1559 1925 illum
1592 1881 1711 1924 non
1741 1881 1943 1925 amare

287 1945 731 2011 convincimur:
755 1947 882 2011 Rui
904 1953 1062 2013 enim
1086 1970 1207 2014 non
1235 1952 1438 2035 diligit
1457 1970 1572 2033 me,
1599 1951 1794 2035 inquit
1819 1956 1940 2016 Do-

288 2030 517 2107 minus,
540 2052 837 2101 sermones
870 2057 1036 2102 meos
1068 2059 1189 2103 non
1222 2030 1423 2105 servat
1458 2041 1539 2102 51.
1560 2030 1643 2103 Ἐι
1669 2030 1885 2103 iterum
1921 2059 1935 2104 :

428 2121 1081 2214 babetmandalamea,
1120 2139 1175 2193 et
1212 2137 1411 2195 servat
1444 2149 1537 2205 eu,
1585 2131 1694 2194 ille
1724 2134 1940 2214 estqui

277 2209 493 2289 diligit
534 2231 623 2276 me
638 2214 1130 2300 59.,Quopropter
1159 2220 1258 2301 qui
1290 2220 1349 2281 in
1386 2221 1684 2284 Christum
1720 2209 1931 2299 credit,

270 2316 395 2359 non
426 2300 609 2365 habet
637 2304 799 2368 aliud
831 2306 1017 2387 prius,
1080 2300 1198 2390 quo
1251 2309 1431 2372 fidem
1461 2329 1626 2373 suam
1659 2312 1936 2376 ostendat

265 2406 337 2482 ac
366 2391 616 2482 probet,
653 2394 768 2456 nisi
798 2396 937 2477 quia
995 2398 1163 2478 fugit,
1225 2418 1356 2481 quae
1384 2399 1487 2462 ille
1520 2400 1843 2482 prohibuit.
1878 2410 1936 2465 et

264 2476 409 2540 facit
439 2500 576 2561 quze
601 2483 807 2562 jussit.

352 2570 723 2634 Praeclarum
754 2584 843 2637 est
872 2576 931 2638 in
992 2579 1288 2642 Christum
1351 2580 1600 2642 credere
1631 2601 1649 2639 :
1684 2582 1791 2644 sed
1819 2600 1931 2643 ne-

266 2676 442 2721 cesse
474 2670 566 2723 est
597 2663 773 2725 etiam
807 2666 1040 2730 Christo
1072 2668 1342 2731 credere.
1389 2669 1533 2731 Nam
1566 2669 1670 2750 qui
1699 2671 1930 2734 Christo

268 2752 649 2841 nonAcredit.
684 2754 747 2814 in
777 2754 1074 2819 Christum
1132 2758 1433 2821 credendo
1493 2760 1641 2821 nihil
1675 2760 1927 2841 proﬁcit.

267 2838 538 2925 Credere
597 2842 840 2922 quidem
899 2845 960 2905 in
1018 2844 1315 2909 Christum
1369 2838 1690 2925 debemus,
1755 2857 1820 2912 ut
1867 2850 1930 2912 in

261 2924 487 3006 Deum,
522 2932 1092 2998 consubstantialem
1126 2936 1246 2999 Deo
1303 2939 1588 3020 et;,Patri,
1622 2938 1925 3001 hominem

2033 1054 2268 1154 cemodi
2298 1063 2510 1154 statum
2541 1058 2821 1154 largitur,
2870 1063 3104 1141 qualem
3158 1054 3375 1131 habeat
3401 1054 3635 1154 oporIet
3666 1092 3681 1139 :

2030 1141 2132 1222 qui
2159 1144 2399 1237 proprie
2427 1146 2606 1208 homo
2638 1156 2750 1212 est.
2783 1148 3002 1213 Secum
3051 1153 3272 1237 quippe
3303 1141 3685 1226 communio-

2029 1249 2169 1293 nem
2202 1232 2546 1313 habentem,
2582 1239 2931 1318 pmnitentia
2959 1232 3278 1309 contritum
3312 1255 3370 1311 et
3397 1249 3685 1316 humilia-

2031 1326 2178 1398 tum,
2214 1321 2502 1412 sobrium,
2558 1337 2984 1408 compunctum
3034 1330 3172 1396 facit
3217 1343 3302 1412 ut,
3336 1355 3472 1401 cum
3505 1340 3684 1405 talem

2029 1409 2321 1504 effecerit,
2381 1413 2812 1504 supplicantem
2870 1436 2992 1481 non
3045 1409 3381 1504 despiciat:
3440 1428 3596 1492 sicut
3625 1438 3687 1494 et

2029 1498 2426 1597 Pmpheta‘ait
2442 1521 2456 1567 :
2475 1504 2593 1597 Cor
2620 1512 2948 1597 contritum
2977 1515 3035 1573 et
3060 1498 3472 1595 humiliatum,
3487 1518 3679 1597 Deus,

2024 1605 2150 1650 non
2178 1589 2469 1671 despicies
2497 1591 2582 1653 36.
2643 1592 2756 1667 Qui
2812 1595 2974 1659 enim
3031 1600 3095 1662 in
3124 1603 3304 1668 corde
3335 1589 3590 1674 contrito
3622 1589 3682 1674 et

2026 1676 2339 1768 humiliato
2372 1700 2488 1744 non
2523 1683 2688 1764 petit,
2724 1683 3071 1768 despicitur.

2105 1766 2219 1865 Ubi
2240 1768 2457 1833 deinde
2477 1766 2851 1865 Christianus
2864 1776 3047 1841 talem
3068 1797 3136 1842 se
3158 1782 3504 1865 praebuerit,
3537 1796 3679 1855 tunc

2025 1858 2243 1958 oranti,
2267 1860 2617 1958 petentique
2652 1861 2922 1928 Christus
2964 1866 3142 1931 etiam
3158 1858 3424 1938 Virtutes
3445 1858 3625 1943 donat
3656 1898 3674 1958 ;

2023 1947 2243 2037 quippe
2274 1954 2357 2029 uti
2371 1951 2497 2030 jam
2539 1951 2744 2015 mitem
2776 1964 2837 2018 et
2867 1965 3135 2037 paratum
3165 1960 3370 2026 doceri
3401 1966 3522 2031 vias
3550 1947 3675 2032 Do;

2024 2036 2173 2098 mini
2198 2038 2262 2088 37
2297 2039 2429 2119 (soli
2462 2058 2718 2124 namque
2773 2036 2948 2108 mites
2980 2065 3080 2139 eas
3110 2048 3444 2139 docentur),
3476 2059 3675 2125 reddit

2023 2143 2160 2188 eum
2220 2137 2471 2219 castum,
2538 2138 2998 2215 temperantem,
3047 2138 3281 2219 justum
3336 2137 3555 2210 fortem
3610 2150 3677 2213 in

2021 2216 2465 2300 tentationihus,
2500 2238 2703 2284 rerum
2735 2216 3076 2288 divinarum
3130 2231 3408 2312 peritum,
3444 2237 3678 2302 miseri-

2018 2306 2158 2367 cord
2168 2326 2260 2368 em
2275 2357 2290 2383 ,
2308 2308 2506 2371 aliena
2526 2309 2910 2377 incommoda
2923 2306 3305 2400 sentientem,
3319 2306 3671 2407 humanum,

2019 2393 2252 2496 hon‘u‘m‘
2272 2395 2692 2496 Christianum,
2751 2393 3666 2496 Christi,insignia'portantem,

2016 2501 2084 2576 ac
2109 2485 2378 2576 ﬁdelem.
2411 2486 2687 2552 Creditur
2736 2491 2897 2554 enim
2949 2493 3038 2556 illi
3094 2485 3281 2576 gratia
3306 2485 3675 2570 sanctissimi

2016 2572 2271 2669 Spiritus
2304 2579 2490 2669 ejus,_
2504 2598 2612 2660 per
2660 2599 2862 2661 quam,
2895 2591 2954 2645 et
2982 2587 3042 2647 in
3074 2572 3194 2668 qua
3219 2589 3333 2653 ista
3360 2595 3673 2669 acquisivit

2015 2666 2072 2742 (a
2102 2665 2228 2728 solo
2255 2667 2433 2764 enim
2456 2665 2579 2764 Deo
2627 2668 2875 2764 virtutes
2903 2665 3247 2740 hominibus
3272 2665 3668 2764 suppeditan-

2015 2759 2156 2830 tur),
2184 2756 2367 2837 ﬁtque
2386 2756 2600 2819 similis
2625 2755 2781 2821 Patri
2807 2779 2915 2823 suo
2956 2765 3205 2840 caelesti,
3243 2755 3406 2834 sicut.
3425 2781 3483 2836 et
3509 2775 3666 2840 divi-

2015 2859 2128 2905 nus
2159 2845 2459 2942 apostolus
2495 2845 2760 2942 Joannes
2788 2848 3127 2942 Theologus
3158 2853 3353 2939 inquit
3382 2880 3397 2922 :
3433 2861 3666 2942 Filioii,

1975 3011 1978 3015 ,
2012 2935 2287 2997 nondum
2309 2938 2760 3035 apparuitquid
2780 2941 3033 3035 erimus.
3060 2935 3671 3035 Scimusenim,quod

262 3026 472 3080 natum
506 3030 752 3102 propter
784 3043 916 3098 nos,
948 3033 1015 3089 ut
1044 3027 1703 3108 dictuméest.;Credere
1731 3037 1928 3091 autem
1952 3103 1988 3118 η
2011 3027 2795 3118 οανηραρρᾳζᾳξνὶιζείῖηὶιεε
2810 3030 2913 3093 illi
2928 3033 3245 3113 ενὶηηιδδδ,
3269 3038 3327 3101 id
3358 3051 3473 3118 est,
3496 3026 3668 3106 Chri-

265 3105 352 3167 illi
382 3108 567 3171 etiam
601 3111 665 3173 in
696 3111 975 3176 omnibus
1025 3134 1158 3195 quae
1189 3103 1440 3180 loc—utus-
1471 3125 1581 3193 est,
1616 3137 1834 3199 nempe
1864 3119 1926 3212 in
1949 3103 1989 3166 CI
2011 3118 2104 3212 ξιξ)
2139 3113 2470 3212 DeO_,IFil_io
2526 3114 2994 3212 Deilﬁegnum
3052 3125 3336 3190 caelorum
3367 3131 3664 3212 siquidem

272 3192 449 3260 bonis
478 3218 546 3261 ac
577 3202 840 3281 praemiis
871 3223 1002 3285 quae
1048 3192 1377 3287 pollicitus,
1441 3214 1499 3269 et
1526 3192 1589 3270 in
1620 3192 1928 3290 suppliciis

274 3302 407 3364 qua:
436 3292 827 3354 comminatus
875 3302 985 3357 est.
1045 3294 1277 3357 Etenim
1334 3306 1643 3379 martyres,
1705 3298 1807 3379 qui
1863 3298 1925 3360 in

276 3390 415 3435 eum
432 3379 830 3452 crediderunt.
848 3402 985 3445 cum
998 3385 1385 3449 credidissent
1405 3388 1657 3451 dicenti:
1691 3391 1812 3463 Qui
1830 3406 1927 3452 me

272 3469 610 3543 negaverit,
624 3474 852 3549 negabo
872 3473 1046 3535 illum
1071 3477 1336 3539 vicissim
1354 3479 1562 3558 :etqui
1579 3495 1927 3559 persevera-

277 3556 437 3617 verit
450 3562 698 3636 usquein
712 3562 921 3641 ﬁnem,
940 3565 1039 3627 hic
1053 3564 1379 3629 salvuserit
1396 3556 1484 3641 35,
1507 3556 1642 3629 ideo
1659 3567 1732 3629 ad
1757 3586 1921 3629 mor-

282 3648 402 3704 tem
466 3664 644 3727 usque
696 3652 1103 3717 cruciamenta
1177 3656 1604 3719 sustinuerunt.
1665 3656 1928 3740 Alioqui,

275 3733 446 3823 cedo,
475 3738 575 3816 qui
598 3737 768 3800 vitam
810 3742 1222 3823 projecissent,
1254 3744 1303 3807 si
1325 3751 1381 3808 in
1404 3748 1499 3809 his
1525 3746 1580 3810 ei
1598 3747 1775 3810 ﬁdem
1806 3733 1928 3809 non

265 3821 667 3889 habuissent?
720 3829 792 3891 Et
815 3821 1027 3894 omnes
1056 3835 1158 3915 qui
1187 3821 1321 3897 cum
1353 3837 1745 3900 sanctimonia
1775 3846 1919 3900 mta-

266 3919 385 4009 tem
406 3924 675 4009 egerunt
704 3936 870 3980 suam
901 3921 977 3983 ob
1031 3923 1230 3987 divina
1262 3925 1357 3987 illa
1393 3926 1704 4008 promissa,
1744 3927 1920 4009 polli-

256 4002 721 4087 citationesque,
757 4017 816 4071 et
873 4010 1063 4074 minas
1116 4033 1185 4077 ac
1239 4002 1522 4093 terrores,
1581 4002 1921 4080 ita's'ancte

254 4091 861 4185 justequevixerunt.
895 4099 1005 4173 Qui
1033 4112 1232 4167 autem
1275 4105 1337 4167 in
1373 4091 1671 4170 Christum
1703 4108 1915 4185 credit,

260 4199 447 4264 seque
480 4184 658 4249 etiam
691 4187 779 4249 illi
828 4190 1075 4255 credere
1124 4195 1458 4276 proﬁtetur,
1494 4216 1691 4279 neque
1722 4184 1918 4261 tamen

259 4272 333 4367 ab
365 4273 663 4367 improbis
700 4277 888 4367 factis
944 4272 1225 4360 declinat,
1290 4272 1488 4367 neque
1536 4272 1610 4349 ad
1638 4287 1915 4350 virtutem

259 4359 579 4459 incumbit,
612 4364 875 4459 inﬁdelis
908 4379 1016 4447 est,
1052 4373 1351 4436 Christum
1384 4359 1576 4456 negat,
1606 4395 1721 4458 per
1745 4396 1914 4459 proe-

263 4454 709 4517 oaricationem
722 4455 871 4537 legis
892 4440 1074 4523 Deum
1094 4440 1500 4541 inhonorans,
1520 4440 1915 4548 utapud‘Apo-
1936 4440 1987 4502 D

267 4542 483 4603 stolum
517 4544 874 4623 legimus“.
937 4547 1104 4622 Quod
1163 4556 1211 4613 si
1271 4554 1545 4630 afﬁrmet,
1579 4542 1835 4618 credere
1857 4574 1921 4618 se

266 4630 506 4726 quidem
526 4633 785 4726 Christo,
829 4640 1064 4720 quando
1101 4643 1343 4724 quidem
1388 4652 1445 4707 et
1471 4645 1532 4707 in
1557 4645 1748 4726 ipsum
1783 4664 1920 4707 cre-

262 4720 381 4815 dat,
416 4723 478 4815 in
492 4724 810 4789 virtutibus
827 4736 1022 4790 autem
1039 4720 1369 4815 elaborare,
1386 4734 1495 4797 hoc
1508 4720 1616 4813 est,
1646 4734 1923 4797 mandata

259 4813 389 4890 ejus
413 4812 733 4879 observare
775 4837 900 4899 prae
936 4820 1278 4886 inﬁrmitate
1316 4812 1433 4885 non
1469 4842 1663 4903 posse,
1699 4823 1918 4887 menti-

258 4908 395 4966 tur:
430 4908 635 4995 omnia
663 4925 925 4988 namque
961 4912 1242 4991 apostolis
1277 4933 1310 4975 a
1348 4914 1581 4978 Christo
1610 4913 1735 4977 Deo
1767 4933 1919 4995 prae-

259 5000 452 5086 cepta,
489 4994 664 5086 nobis
693 4996 973 5060 similiter
1023 5010 1318 5084 praecepta
1369 5012 1528 5081 sunt,
1560 5023 1748 5086 eaque
1770 4994 1920 5065 idum

260 5080 322 5143 in
355 5083 468 5146 hac
499 5085 613 5146 vita
637 5080 1099 5167 commoremur,
1162 5080 1399 5157 servare
1429 5080 1670 5176 quidem
1704 5112 1918 5175 possu-

264 5190 441 5250 mus;
477 5175 582 5237 sed
613 5176 753 5256 quia
797 5178 1088 5242 charitate
1138 5181 1200 5243 in
1255 5175 1556 5246 Christum
1587 5184 1922 5246 imbecilles

261 5278 491 5340 sumus,
518 5264 820 5328 nolumus.
845 5265 1139 5340 Quorsum
1162 5271 1323 5333 enim
1349 5273 1576 5355 alioqui
1608 5273 1791 5336 verba
1818 5272 1922 5335 illa

260 5350 527 5444 Apostoli
556 5354 634 5416 de
692 5355 900 5419 Chisto
963 5359 1381 5439 pertinebant:
1440 5350 1565 5440 Qui
1602 5363 1807 5444 factus
1833 5368 1921 5426 est

257 5439 432 5505 nobis
448 5448 759 5525 sapientia
777 5462 815 5508 α
827 5446 976 5525 Deo,
996 5456 1056 5511 et
1056 5451 1093 5529 j
1099 5451 1339 5530 ustitia,
1353 5458 1409 5517 et
1419 5439 1846 5535 sanctiﬁcatio,
1861 5457 1920 5516 et

328 5621 387 5711 i9
413 5623 1110 5711 Mat-thtng11hl8A-20.
1196 5630 1453 5711 30.10am.
1489 5649 1587 5711 xv,
1623 5631 1722 5698 10.
1803 5634 1860 5686 51
1890 5631 2225 5711 Joan,fx1v,
2259 5629 2360 5697 24.
2445 5629 2506 5685 39
2532 5627 2700 5711 Ibid.
2740 5632 2841 5697 21.
2926 5637 2992 5691 58

244 5702 307 5755 ³³
325 5702 506 5770 Rom.
530 5723 598 5770 ιι.
622 5706 727 5772 23.
814 5702 872 5751 35
890 5706 917 5771 Ι
935 5706 1071 5776 Cor.
1098 5726 1140 5789 Ι,
1171 5708 1394 5779 24-30.
1477 5702 1706 5784 33Psal.
1730 5733 1793 5794 L,
1822 5718 1917 5780 19.

237 5783 334 5853 23.
422 5787 488 5842 4ο
522 5787 722 5853 Galat.
759 5803 846 5853 Π.
879 5788 978 5853 10.
1066 5791 1119 5843 ﬂ
1150 5790 1354 5853 Matth.
1388 5812 1494 5853 vn-
1526 5794 1631 5853 21.
1715 5796 1777 5853 43
1800 5796 1917 5853 ,Ιοω

1738 6073 1976 6107 mw

2010 3199 2158 3262 tales
2198 3202 2477 3300 admittit,
2511 3204 2612 3285 qui
2640 3204 2776 3268 Filii
2804 3207 2916 3271 Dei
2945 3209 3400 3300 similitudinem
3429 3199 3657 3300 éerant,

2011 3308 2185 3371 quam
2218 3291 2459 3373 quidem
2493 3305 2903 3360 consummata
2956 3298 3065 3364 Dei
3119 3291 3532 3373 mandatorum
3563 3291 3666 3374 oh;

2009 3381 2259 3442 servatio
2291 3382 2592 3464 conciliat,
2654 3392 2712 3447 et
2769 3404 2840 3449 ea
2899 3386 3030 3469 ipsa
3082 3409 3154 3454 ex
3205 3395 3494 3461 charitate
3523 3418 3663 3481 erga

2008 3469 2305 3533 Christum
2327 3472 2760 3564 proﬁciscitur:
2809 3476 2924 3552 Qui
2953 3480 3170 3562 diligit
3196 3502 3310 3564 me,
3343 3486 3425 3550 ait
3451 3469 3664 3553 Domi-

2006 3577 2141 3642 nus,
2165 3562 2456 3654 mandata
2480 3581 2612 3654 mea
2630 3566 2896 3654 servabit
2922 3567 3006 3629 39.
3040 3570 3116 3633 Et
3141 3572 3243 3654 qui
3273 3562 3465 3638 servat
3486 3596 3662 3642 man-

2016 3649 2150 3711 data
2178 3648 2419 3744 Christi,
2441 3652 2582 3744 ejus
2609 3652 3063 3721 similitudinem
3106 3648 3496 3744 adipiscitur:
3529 3667 3657 3732 for-

2011 3748 2205 3839 matur
2244 3740 2407 3802 enim
2529 3761 2600 3805 eo
2648 3744 2940 3826 Christus,
2965 3749 3134 3829 juxta
3159 3740 3309 3817 illud
3334 3755 3605 3839 Apostoli
3641 3778 3657 3825 :

2004 3828 2246 3922 Fz'lioli,
2263 3847 2414 3922 quos
2425 3832 2650 3922 iterum
2653 3842 2956 3916 parturio,
2971 3828 3160 3905 donec
3172 3828 3474 3922 formetur
3487 3850 3663 3914 Chri-

2003 3926 2143 4020 stus.
2184 3921 2249 3982 in
2296 3919 2460 4020 vobis
2483 3921 2566 3982 40.
2598 3921 2726 4020 Nisi
2756 3925 2916 4020 enim
2946 3927 3010 3991 in
3040 3919 3363 3998 christiano
3392 3938 3663 4020 quolibet

2005 4007 2273 4072 Christus
2299 4009 2585 4100 formatus
2615 4012 2977 4098 invenietur,
3008 4038 3260 4100 regnum
3290 4007 3579 4092 caelorum
3601 4029 3660 4095 ei

2000 4114 2124 4160 non
2154 4097 2405 4179 patebit.

2081 4190 2284 4270 Itaque
2306 4208 2482 4289 nemo
2507 4189 2889 4289 Christianus
2909 4208 3100 4263 semet
3128 4200 3410 4289 decipiat,
3442 4217 3657 4289 putans

2001 4296 2066 4340 se
2097 4287 2325 4381 partem
2355 4279 2577 4381 habere
2598 4302 2734 4381 cum
2753 4284 3011 4365 Christo,
3036 4289 3178 4353 dum
3200 4279 3318 4356 no'n
3340 4279 3652 4381 obtempe-

2005 4369 2511 4462 thhristozNon
2528 4374 2690 4438 enim
2701 4380 2900 4442 omnis
2915 4382 3023 4461 qui
3034 4382 3366 4462 dicitmihi,
3392 4369 3657 4455 Domine

2007 4458 2288 4558 Domine,
2309 4459 2569 4524 intrabit
2584 4464 2652 4525 in
2668 4458 3245 4547 regnum—caelorum:
3265 4458 3373 4536 sed
3391 4480 3498 4554 qui
3502 4477 3661 4558 facit

2002 4546 2371 4637 voluntatem
2374 4551 2605 4626 ,‘Patris
2634 4546 2756 4617 mei
2775 4559 2882 4637 qui
2909 4560 2977 4621 in
2997 4560 3162 4624 cretis
3185 4570 3276 4627 est
3300 4564 3379 4625 41.
3397 4546 3658 4631 Εειίἰιν-

2005 4654 2174 4698 sum:
2196 4636 2334 4719 Ego
2350 4639 2631 4732 descendi
2649 4643 2724 4706 de
2739 4636 2913 4724 caelo,
2939 4667 3065 4712 non
3093 4657 3162 4715 ut
3187 4655 3419 4732 faciam
3446 4657 3663 4722 volun-

2006 4732 2184 4830 tatem
2196 4730 2547 4830 meamtsed
2557 4734 2687 4808 ejus
2699 4736 2809 4814 qui
2828 4738 2999 4830 misit
3024 4756 3121 4803 me
3135 4730 3354 4830 Patris
3371 4745 3450 4807 42.
3483 4748 3663 4830 Atqui

2003 4814 2198 4914 Patris
2223 4825 2278 4878 et
2302 4817 2435 4914 Filii
2452 4820 2729 4914 voluntas
2757 4825 2966 4889 eadem
2992 4836 3100 4891 est.
3124 4828 3187 4894 Si
3210 4851 3349 4914 ergo
3370 4814 3661 4902 Domitius

2003 4903 2135 4995 ipse
2156 4904 2283 4969 haec
2304 4906 2588 4990 loquitur,
2616 4930 2731 4992 quo
2767 4923 2937 4995 pacto
2960 4917 3024 4980 in
3062 4903 3414 4988 Christianis
3444 4944 3648 4991 nume-

2003 4994 2382 5093 rabitur_qui
2439 5017 2608 5093 suam
2665 5001 3020 5068 voluntatem
3099 5008 3260 5093 facit,
3320 5021 3380 5076 et
3439 5014 3662 5081 Christi

2004 5087 2171 5190 quasi
2214 5084 2371 5149 limis
2428 5089 2616 5190 oculis
2641 5092 2933 5190 .aspicit?
2971 5102 3102 5190 AAut
3130 5084 3259 5183 qua,
3276 5105 3520 5169 tandem
3550 5126 3659 5190 spe

2003 5173 2302 5277 Christum
2327 5195 2461 5239 esse
2482 5180 2804 5279 Dominum
2839 5173 3199 5279 conﬁtetur?
3232 5191 3396 5273 Quis,
3429 5173 3654 5279 quaeso,

2003 5267 2098 5328 cui
2130 5264 2333 5343 servit,
2365 5268 2751 5367 eumfatnetur
2798 5291 2931 5339 esse
2987 5264 3308 5344 Dominum
3366 5264 3562 5367 suum,
3599 5264 3660 5352 et

2002 5353 2199 5417 eidem
2227 5373 2346 5417 non
2377 5356 2624 5421 obedit?
2651 5362 2994 5441 iDazmones
3041 5367 3276 5435 Christo
3323 5392 3445 5439 non
3473 5353 3656 5442 obse-

2002 5454 2284 5536 quuntur,
2320 5446 2712 5516 nihilominus
2740 5471 2878 5519 eum
2906 5460 3289 5545 conﬁtentur,
3348 5475 3410 5531 et
3436 5478 3659 5536 norunt

3019 5637 3222 5738 Matth
3262 5660 3367 5738 si-
3393 5651 3494 5738 22.
3547 5654 3654 5724 23.

2003 5711 2068 5819 1:7.
2073 5710 2233 5819 Ρξεὲι.
2258 5728 2417 5794 xxiv,
2444 5712 2505 5792 1,
2527 5709 2591 5786 ὅ,
2668 5712 2973 5811 .381J9an,
2992 5736 3084 5811 ω,
3113 5722 3177 5799 2.
3261 5709 3506 5803 39,1033.

422 5787 488 5842 4ί)
522 5787 722 5858 Galat.
759 5803 846 5869 ιγ,
879 5788 978 5855 10.
1066 5787 1132 5843 μ’
1150 5790 1354 5862 Matth.
1388 5812 1494 5879 vn,
1526 5794 1631 5861 21.
1715 5787 1976 5869 B'Joan.
2006 5807 2090 5876 γι,
2121 5791 2225 5863 38.

2023 6006 2056 6027 -ι

2020 6102 2135 6113 .....
2222 6050 2260 6115 δέ
2442 6116 2443 6119 η
2660 6063 2738 6107 ’κοιλ
