4160 6400
503 443 624 509 335

1795 434 2182 506 SYMEONIS
2221 437 2596 508 JUNIORIS.

3799 447 3920 516 336

502 580 694 644 Deum
708 595 872 642 esse:
902 575 1070 639 aiunt
1086 574 1278 639 enim:
1309 573 1884 655 Novimustequisis
1912 575 2225 639 sanctusA
2248 579 2475 637 tantum
2527 576 2802 655 credunt,
2837 576 2922 642 sic
2968 578 3252 660 operibus
3283 580 3462 645 ﬁdem
3490 600 3654 645 suam
3689 591 3914 646 testan-

502 670 623 735 Ποῖ
651 669 734 734 43,
797 665 917 736 Sed
974 664 1254 748 quoniam
1323 664 1691 740 defecerunt,
1753 665 2000 746 jamque
2055 681 2166 728 nec
2249 671 2362 736 tur,
2399 667 2497 746 qui
2529 666 2728 729 verbis
2758 687 2888 729 eam
2922 669 3330 744 conﬁtentur;
3379 672 3659 751 quoniam
3697 673 3916 736 timent

499 761 706 824 volunt
773 776 888 820 nec
963 762 1233 837 possunt,
1321 753 1510 832 hunc,
1599 753 1917 816 Dominum
1989 772 2163 816 suum

501 849 859 934 appellare;
931 845 1108 908 etiam
1194 845 1325 926 ejus
1401 843 1692 934 voluntati
1749 843 2164 925 obtemperare

500 933 835 1023 nequeunt.
930 935 1105 1023 Solus
1195 933 1372 1015 igitur
1433 933 1562 1023 ille
1647 934 1987 1023 censendus
2075 941 2164 994 est

498 1022 896 1103 Christianus,
929 1023 1031 1107 qui
1060 1022 1359 1088 Christum
1395 1022 1572 1085 simul
1614 1022 1932 1087 Dominum
1987 1040 2158 1084 suum

499 1120 838 1192 conﬁtetur,
891 1113 1070 1177 simul
1128 1112 1322 1175 eidem
1372 1110 1765 1175 obseeundat.
1829 1110 1936 1184 Qui
1999 1111 2157 1173 enim

498 1211 699 1286 habet,
755 1217 815 1273 et
871 1203 1191 1267 conﬁtetur
1247 1202 1550 1264 Christum
1607 1201 1926 1263 Dominum
1957 1219 2154 1275 suum,

495 1301 711 1364 virtute
739 1291 1272 1378 cognominationis
1303 1310 1337 1353 a
1395 1289 1616 1353 Christi
1674 1289 1915 1352 nomine
1945 1289 2160 1351 conﬁr-

498 1397 713 1464 matur,
745 1393 812 1450 ut
856 1403 922 1446 se
986 1380 1060 1445 ad
1117 1380 1426 1444 arbitrium
1492 1381 1623 1460 ejus
1679 1380 2158 1460 voluntatemque

493 1473 928 1543 accommodet.
959 1470 1024 1536 Si
1071 1489 1193 1532 non
1251 1471 1659 1546 conﬁrmatur,
1721 1476 1848 1533 tum
1882 1487 2016 1529 eum
2052 1486 2156 1531 ore

494 1578 671 1633 tenus
700 1563 997 1632 Christum
1042 1560 1352 1636 conﬁtere,
1413 1559 1598 1623 corde
1626 1567 1824 1623 autem
1876 1559 2050 1639 longe
2082 1556 2154 1619 ab

494 1677 568 1723 eo
590 1657 811 1719 distare
833 1660 1065 1715 certum
1095 1649 1279 1712 est“.
1305 1648 1465 1712 Fieri
1492 1648 1787 1730 siquidem
1801 1664 1916 1712 non
1941 1655 2154 1727 potest,

2247 751 2460 831 Deum,
2499 775 2674 837 quem
2708 758 3090 820 conﬁtentur.

2329 841 2567 906 Timere
2593 855 2787 908 autem
2813 847 3019 919 Deum,
3043 847 3205 910 aliud
3237 847 3385 910 nihil
3409 857 3520 928 est,
3545 869 3724 931 quam
3762 849 3913 912 nihil

2244 931 2502 1013 improbi
2536 934 2819 998 facinoris
2879 937 3278 1013 committere,
3342 958 3478 1000 cum
3513 959 3690 1003 nemo
3725 940 3909 1004 videt.

2247 1021 2416 1083 Multi
2445 1023 2665 1104 quippe
2696 1033 2938 1106 prOpter
2967 1025 3241 1088 timorem
3294 1027 3627 1102 hominum,
3664 1037 3912 1110 propter

2244 1110 2558 1190 pudorem,
2595 1121 2836 1193 propter
2863 1114 3109 1193 gratiam
3169 1134 3202 1177 a
3257 1115 3482 1196 ﬂagitio
3517 1125 3909 1199 temperant;

2242 1199 2400 1279 quod
2424 1201 2679 1280 proinde
2703 1211 2814 1277 est,
2844 1221 2914 1265 ac
2949 1203 2998 1264 si
3032 1213 3468 1284 perpetrarent.
3505 1204 3910 1278 Quemadmo-

2240 1288 2381 1349 dum
2428 1308 2498 1351 ex
2542 1291 2728 1353 altera
2779 1299 2967 1373 parte,
3019 1293 3152 1374 quis
3201 1294 3396 1356 causis
3424 1296 3732 1370 commoti,
3771 1296 3903 1358 lau-

2240 1376 2436 1468 dabile
2466 1379 2772 1460 quidpiam
2807 1389 3106 1462 praestant,
3169 1382 3382 1445 eodem
3415 1382 3542 1446 loco
3588 1392 3754 1461 sunt,
3789 1405 3903 1468 quo

2239 1466 2342 1547 qui
2371 1486 2490 1529 non
2524 1476 2828 1549 praestant,
2889 1479 3206 1552 propterea
3264 1473 3420 1553 quod
3471 1466 3903 1556 quicunquein

2238 1567 2403 1620 recte
2422 1558 2592 1620 factis
2610 1559 2922 1621 hominum
2952 1561 3212 1623 favorem
3238 1561 3626 1645 plausumque
3645 1583 3902 1645 aucupa-

2239 1653 2358 1734 tur,
2389 1655 2489 1709 aut
2515 1667 2583 1709 ex
2603 1647 2722 1710 alio
2743 1649 3000 1730 quodam
3043 1649 3257 1712 affectu
3302 1670 3371 1712 ea
3397 1654 3666 1734 suscipit,
3699 1671 3903 1734 repro-

490 1757 558 1813 ut
588 1745 690 1828 qui
719 1740 1062 1806 medullitus
1089 1738 1388 1803 Christum
1445 1738 1766 1802 Dominum
1799 1756 1971 1800 suum
2003 1755 2140 1798 con-
2173 1786 2217 1847 Β
2241 1733 2366 1837 ἣιιε⁸
2385 1745 2474 1837 est
2503 1737 2661 1838 apud
2689 1740 2897 1847 laeum.
2927 1736 3150 1840 Verum
3173 1738 3233 1799 in
3257 1739 3425 1802 omni
3454 1759 3663 1847 ppere,
3692 1741 3898 1847 ver‘ho,

493 1824 717 1910 ﬁtetur,
765 1851 887 1895 non
943 1828 1123 1894 etiam
1185 1829 1317 1909 ejus
1373 1827 1652 1890 voluntati
1710 1845 1918 1908 parere
1949 1833 2147 1908 queat.
2173 1824 2595 1905 “cogitatione
2626 1827 2677 1887 is
2709 1826 2844 1888 ﬁnis
2876 1827 3214 1908 propositus
3271 1847 3404 1892 esse
3435 1830 3637 1906 debet,
3676 1840 3744 1892 ut
3772 1830 3894 1894 Deo

492 1922 880 2005 Magnitudini
905 1918 1065 1983 enim
1090 1916 1230 1980 ﬁdei
1261 1916 1580 1980 alacritatis
1603 1916 1678 1979 ad
1714 1915 2152 1998 exsequendam

491 2014 602 2082 Dei
629 2013 990 2076 voluntatem
1012 2007 1454 2070 incrementum
1486 2006 1835 2088 respondet.
1868 2005 2020 2085 Ergo
2051 2006 2150 2088 qui

493 2105 772 2175 mandata
820 2098 1082 2182 conﬁcit,
1141 2099 1470 2162 secundum
1535 2097 1980 2180 proportionem
2010 2096 2150 2159 obe-

493 2194 736 2261 dientia‘a
783 2209 932 2258 suae.
990 2188 1233 2251 modum
1299 2205 1373 2252 ac
1436 2205 1777 2251 mensuram
1834 2185 1975 2248 ﬁdei
2031 2204 2152 2248 suae

2237 1913 2494 1994 placeas,
2530 1915 2819 1997 illumque
2841 1918 3118 1995 honores,
3148 1919 3898 1984 convenientersententize

2234 2006 2573 2084 apostolicae
2593 2027 2606 2065 :
2629 2005 2773 2068 Sive
2792 2008 3125 2084 comeditis,
3148 2013 3273 2071 sive
3293 2011 3468 2072 aliud
3491 2011 3643 2090 quid
3653 2011 3890 2089 facitis,

2234 2095 2442 2156 omnia
2471 2095 2552 2157 ad
2580 2094 2847 2176 gloriam
2875 2097 2989 2157 Dei
3028 2098 3211 2176 facile
3241 2099 3320 2159 51.
3368 2097 3537 2172 Quod
3567 2100 3616 2162 si
3646 2100 3893 2163 verbum

2234 2182 2351 2245 hoc
2374 2201 2578 2246 verum
2609 2203 2678 2246 ac
2702 2201 2934 2247 certum
2958 2199 3069 2262 est,
3099 2185 3254 2248 sicut
3281 2196 3373 2249 est
3422 2188 3604 2270 (regis
3641 2189 3804 2252 enim
3835 2198 3891 2252 et

489 2288 884 2349 demonstrat.
917 2279 967 2342 E
999 2276 1321 2352 contrario,
1385 2276 1487 2358 qui
1547 2276 1823 2340 mandata
1874 2275 2143 2356 negligit,
2221 2272 2469 2352 judicis,
2495 2274 2965 2338 etDominiJesu
2987 2275 3412 2357 omnipotentis
3456 2287 3583 2354 est),
3618 2298 3836 2360 nempe
3869 2301 3882 2341 :

489 2397 596 2461 pro
612 2367 1744 2461 portione,cessatienis,_omissionisve,
1771 2376 2145 2461 quantopere

488 2455 553 2530 in
579 2455 697 2532 ﬁde
729 2460 1046 2541 claudicet,
1095 2457 1380 2536 ostendit,
1440 2466 1501 2520 et
1557 2475 1664 2539 pro
1711 2455 2146 2519 incredulitatis

489 2574 614 2623 suae
643 2552 818 2616 modo
871 2549 1076 2633 gratiae
1131 2547 1564 2610 detrimentum
1621 2546 1860 2628 accipit.
1909 2545 2050 2607 Nam
2087 2555 2148 2606 ut

488 2647 622 2711 sine
649 2643 884 2712 Christo
932 2639 1156 2704 Christi
1211 2640 1575 2702 voluntatem
1637 2637 1842 2712 facias,
1874 2637 2028 2698 haud
2060 2644 2149 2698 est

489 2735 799 2820 possibile,
830 2731 894 2796 id
919 2729 1080 2813 quod
1109 2729 1365 2820 ipsemet
1386 2733 1670 2820 testatur:
1708 2728 1896 2820 Quia,
1929 2725 2140 2820 inquit,

487 2814 624 2891 Sine
655 2842 748 2887 me
779 2821 939 2886 nihil
967 2819 1212 2902 potestis
1267 2819 1472 2896 facere
1499 2817 1582 2879 45.
1643 2817 1768 2879 lam
1800 2815 1900 2897 qui
1931 2814 2146 2878 Chriin

489 2917 853 2981 voluntatem
884 2928 1004 2971 non
1034 2907 1194 2983 facit,
1246 2906 1474 2988 absque
1504 2905 1758 2986 lChristo
1792 2914 1902 2986 est,
1937 2924 2048 2967 nec
2077 2924 2148 2968 ex

492 3023 564 3070 eo
612 3001 769 3086 quod
826 2997 1126 3063 Christum
1185 2997 1524 3086 conﬁtetur,
1580 2993 1770 3086 ullam
1828 2992 2145 3086 utilitatem

490 3082 708 3177 capiet.
784 3086 1020 3152 Etenim
1080 3085 1380 3177 Christum
1449 3083 1744 3158 conﬁteri,
1805 3091 1864 3146 et
1914 3082 2145 3177 Christo

490 3170 761 3262 obedire,
787 3194 1121 3262 quanquam
1149 3175 1268 3237 duo
1288 3173 1584 3251 videntur,
1610 3181 1806 3265 tamen
1849 3192 1968 3236 non
2001 3170 2142 3265 duo,
2168 3202 2211 3265 ρ

490 3271 594 3336 sed
621 3260 1120 3349 unumﬁquiddam
1168 3273 1357 3327 sunt:
1419 3281 1530 3326 nec
1591 3261 1753 3326 enim
1803 3279 1988 3326 unum
2019 3260 2149 3324 sine

490 3362 679 3427 altero
707 3364 958 3432 constat,
1008 3353 1247 3417 tametsi
1301 3353 1645 3434 ignorantes
1703 3353 1944 3434 quidam
1977 3351 2150 3414 aliter

490 3451 773 3519 sentiant.
835 3444 994 3509 Audi
1045 3442 1418 3526 apostolum:
1468 3442 1644 3506 Fides
1692 3443 1824 3504 sine
1876 3440 2151 3522 operibus

489 3548 726 3606 mortua
753 3537 925 3602 estin
944 3531 1361 3614 semetipsa-43.
1391 3530 1462 3594 Et
1481 3530 1800 3595 Dominum
1827 3551 1848 3592 :
1874 3531 2037 3606 Quid
2054 3547 2152 3593 me

485 3626 1028 3710 vocatis,Domine,
1043 3622 1746 3700 Domine,etnonfacitis
1759 3620 2101 3702 quaedico“
2121 3618 2154 3680 ‘?

495 3723 921 3792 Amen,amen,
945 3713 1077 3775 dico
1099 3710 1287 3783 vobis,
1313 3711 1508 3773 omnis
1527 3713 1633 3790 qui
1647 3711 1797 3788 facit
1811 3719 2150 3790 peccatum,

483 3828 609 3874 non
621 3799 1300 3874 estservusChristi,sed
1308 3797 1940 3878 peccat‘iw'wﬁervus
1950 3808 2147 3862 autem

485 3893 721 3981 peccati
777 3891 839 3952 in
872 3886 1188 3981 domo_I_)_ei
1219 3895 1277 3949 et
1305 3885 1494 3949 Patris
1526 3905 1768 3981 m_a_n_ere
1803 3905 1921 3948 non
1953 3895 2148 3981 potest

481 3976 547 4050 in
569 3995 860 4049 aeternum
883 4001 896 4044 :
923 3978 1028 4040 sed
1051 3977 1262 4053 Filius,
1287 3984 1344 4038 et
1369 3976 1759 4058 queijilius
1791 3997 1826 4039 a
1863 3977 2145 4040 servitute

480 4071 718 4158 peccati
751 4065 1127 4158 liberaverit.
1180 4065 1358 4158 Atqui
1415 4065 1628 4158 domus
1671 4065 1794 4158 _Dei
1847 4074 1906 4128 et
1935 4067 2145 4158 Patris,

2227 2363 2366 2425 Nisi
2381 2362 2783 2428 abundaverit
2791 2366 3035 2445 justitia
3049 2375 3252 2428 vestra
3277 2366 3606 2447 plusquam
3637 2369 3887 2433 Scriba-

2229 2467 2370 2512 rum
2391 2453 2946 2530 et;Pharisworum,
2966 2457 3416 2519 nonintrabitis
3426 2460 3487 2519 in
3509 2475 3764 2538 regnum
3777 2477 3887 2522 c03-

2233 2538 2429 2602 lorum
2453 2541 2534 2614 53,
2559 2541 2700 2622 quid
2727 2561 2905 2623 supra
2942 2541 3182 2606 Scrihas
3213 2551 3272 2604 et
3299 2543 3628 2607 Pharisaeos
3657 2547 3885 2626 praemii

2229 2629 2643 2709 reportabunt,
2679 2631 2781 2712 qui
2821 2632 3113 2712 injustitia
3142 2631 3575 2696 abundaverit?
3632 2634 3692 2698 Si
3722 2637 3877 2698 enim

2230 2718 2338 2808 illi,
2359 2738 2492 2780 cum
2520 2730 2722 2784 essent
2759 2730 2922 2783 extra
2953 2722 3225 2802 gratiam,
3263 2724 3496 2803 justitia
3526 2734 3697 2787 erant
3727 2746 3877 2808 prie-

2228 2807 2364 2896 diti,
2388 2816 2446 2870 et
2465 2809 2565 2888 qui
2588 2810 2908 2892 Christum,
2931 2814 3046 2874 hoc
3065 2820 3154 2874 est
3177 2814 3366 2876 Deum
3390 2807 3738 2889 induerunt,
3763 2835 3869 2896 po-

2231 2895 2346 2958 tius
2374 2897 2662 2978 injustitia
2717 2901 3006 2962 cumulati
3057 2901 3299 2978 fuerint,
3337 2922 3475 2963 num
3509 2903 3670 2984 quia
3694 2895 3867 2983 regna

2230 2985 2514 3050 caelorum
2528 2989 2692 3053 velut
2710 2990 3399 3074 exsulatumxmittantur,
3416 2991 3740 3072 dignissimi
3753 3010 3863 3054 non

2231 3083 2408 3139 erunt
2431 3083 2460 3141 ?

2855 3157 3132 3225 ORATIO
3162 3159 3262 3226 IV.

2789 3241 3317 3306 Aneuunnruu.

2233 3319 2358 3407 Qui
2367 3323 2540 3407 petit,
2561 3322 2836 3407 nesciens
2857 3324 3005 3407 quid
3021 3330 3205 3407 petat,
3232 3340 3370 3386 eum
3389 3324 3630 3402 frustra
3653 3330 3876 3407 petere.

2317 3402 2550 3488 Quodsi
2577 3403 2767 3488 etia_m
2796 3405 2910 3488 scit
2945 3402 3098 3488 quid
3116 3410 3314 3488 petat,
3337 3421 3448 3488 nec
3470 3402 3680 3488 tamen
3709 3407 3880 3488 prius

2313 3484 2540 3563 accepit
2560 3484 2717 3563 quod
2737 3485 2910 3563 petit,
2929 3485 2993 3546 id
3026 3485 3082 3546 ei
3104 3484 3260 3547 nihil
3277 3484 3574 3563 prodesse.
3602 3484 3780 3562 Quod
3807 3487 3883 3548 sit

2315 3581 2564 3644 regnum
2588 3563 2896 3645 caelorum,
2919 3570 2978 3628 et
3007 3583 3134 3645 qua
3171 3567 3411 3629 ratione
3451 3564 3794 3630 Christiani
3823 3565 3883 3628 id

2317 3643 2661 3728 acquirunt.
2687 3643 2837 3728 Quis
2859 3647 2937 3708 sit
2955 3643 3457 3728 malus(dcemo_n)
3481 3653 3538 3709 et
3573 3665 3692 3728 quo
3709 3655 3883 3728 pacto

2318 3725 2396 3788 ab
2417 3725 2546 3803 eius
2563 3727 2706 3810 iugo
2736 3725 2987 3789 liberari
3009 3727 3330 3810 possimus.
3357 3725 3666 3801 Quomodo
3689 3725 3749 3792 et
3771 3745 3883 3810 per

2312 3805 2721 3889 qumtandem
2735 3823 2926 3889 _opera_
2947 3805 3155 3889 anima
3174 3815 3477 3889 resurgat.

2267 3951 2270 3954 _
2309 3884 2588 3968 Plerique
2611 3884 2954 3970 Christiani,
2977 3887 3188 3969 partim
3213 3887 3314 3970 qui
3346 3884 3506 3950 cultu
3553 3888 3884 3952 monastico

2227 3973 2536 4048 incedunt,
2576 3975 2788 4057 partim
2822 3977 2923 4058 qui
2953 3977 3015 4039 in
3044 3976 3160 4038 vita
3184 3976 3488 4039 mundana
3517 3979 3720 4059 pietati
3747 3980 3883 4042 dant

2231 4081 2499 4146 operam,
2533 4064 2899 4145 spiritualem
2951 4084 3086 4130 sese
3131 4066 3388 4128 fructum
3417 4067 3730 4149 percipere
3761 4067 3884 4150 opi-

477 4155 730 4244 regnum
759 4165 849 4221 est
880 4159 1034 4238 ejus.
1069 4155 1133 4219 Si
1191 4155 1324 4237 quis
1382 4174 1524 4236 ergo
1555 4155 1914 4218 christianus
1944 4157 2149 4238 appel-
2232 4161 2484 4244 nantur,
2505 4173 2638 4216 cum
2668 4155 2978 4219 Davidicos
2999 4156 3286 4238 psalmos,
3311 4164 3370 4218 et
3390 4156 3620 4239 reliqua
3649 4157 3881 4220 cantica

479 4243 634 4318 latius
657 4250 837 4318 dicit:
865 4247 1171 4311 Conﬁteor
1204 4245 1528 4317 Christum,
1555 4253 1612 4308 et
1633 4245 1692 4307 in
1717 4245 1913 4327 ipsum
1935 4246 2142 4329 credo,
2229 4243 2562 4309 cecinerint
2591 4251 2816 4307 tantum
2849 4247 3006 4328 quod
3060 4265 3131 4309 ea
3189 4246 3581 4327 decantarint,
3615 4255 3676 4308 et
3711 4267 3777 4311 se
3805 4248 3882 4310 ita

479 4352 540 4409 et
569 4344 631 4406 in
661 4344 775 4405 hac
811 4338 938 4401 sola
996 4336 1374 4400 confessione
1425 4334 1937 4398 christianismum
1968 4353 2140 4398 suum
2225 4333 2559 4410 gloriﬁcare
2585 4333 2773 4398 Deum
2802 4336 3151 4417 opinantur;
3179 4336 3522 4400 nescientes
3546 4355 3612 4399 se
3635 4337 3878 4401 etillum

477 4431 805 4510 constituit,
839 4445 1024 4509 seque
1079 4426 1190 4489 hac
1218 4425 1315 4488 via
1344 4443 1596 4516 regnum
1628 4424 1849 4516 Christi
1892 4444 2137 4488 assecu-
2154 4454 2206 4516 D
2228 4420 2627 4501 exacerbare;
2653 4431 2722 4516 et
2752 4433 3144 4516 praeterquam
3197 4424 3355 4508 quod
3391 4424 3625 4516 nullum
3659 4445 3878 4488 conse-

477 4531 676 4586 turum
706 4519 1048 4596 arbitratur,
1070 4515 1334 4598 seipsum
1379 4515 1632 4579 seducit.
1676 4512 1942 4587 Quonam
1976 4512 2194 4578 enim_
2221 4518 2488 4598 quuntur
2513 4513 3013 4592 emolumentum,
3046 4514 3224 4578 etiam
3246 4534 3366 4578 non
3389 4515 3504 4578 levi
3537 4523 3778 4597 peccato
3811 4534 3879 4578 ex

477 4612 658 4674 modo
688 4607 1051 4673 christianus
1098 4597 1234 4681 erit,
1285 4605 1388 4686 qui
1434 4603 1504 4666 in
1563 4603 1827 4682 singulos
1857 4603 2008 4679 dies,
2043 4605 2134 4668 vel
2218 4597 2333 4662 hoc
2359 4599 2905 4680 obstringi.0mnis
2929 4604 3088 4666 enim
3130 4623 3327 4666 sermo
3374 4623 3496 4667 non
3526 4603 3881 4685 simpliciter

474 4701 671 4783 potius
701 4701 764 4762 in
795 4697 1059 4778 singulas
1080 4696 1260 4758 horas
1293 4694 1592 4759 Christum
1627 4692 1910 4783 operibus
1937 4703 2134 4774 negat,
2222 4690 2588 4783 sermo,_sed
2621 4691 2874 4783 alicujus
2893 4693 3192 4756 reisermo
3217 4692 3708 4783 est.Namrsiquis
3740 4713 3880 4757 esu-

474 4778 650 4872 quem
676 4789 861 4853 Deum
887 4805 1023 4848 esse
1052 4786 1253 4850 verbis
1278 4787 1590 4847 conlitetur
1609 4789 1638 4847 ?
1667 4782 1756 4845 En
1785 4784 2134 4864 Apostolum
2220 4778 2299 4872 rit
2329 4787 2387 4840 et
2416 4779 2562 4856 sitit,
2602 4789 2660 4842 et
2708 4782 2913 4872 nudus
2970 4791 3078 4860 est,
3141 4784 3193 4845 si
3247 4782 3544 4872 rogaverit
3571 4802 3787 4864 panem
3823 4792 3881 4847 et

468 4868 802 4942 dicentem:
827 4877 1019 4939 Deum
1036 4877 1404 4957 conﬁtentur
1418 4891 1484 4936 se
1507 4890 1702 4954 nosse,
1731 4874 1914 4950 factis
1932 4881 2137 4937 autem
2219 4868 2446 4944 vinum,
2483 4879 2544 4930 et
2571 4870 3018 4948 vestimentum,
3047 4891 3189 4935 num
3237 4873 3293 4934 ei
3331 4870 3474 4935 satis
3505 4879 3595 4932 est
3627 4880 3874 4949 tantum,

471 4963 1498 5051 negantabominati,inm'edibiles,
1519 4971 1573 5026 et
1593 4962 1672 5024 ad
1688 4979 2022 5051 omneopus
2043 4963 2137 5025 bo.
2221 4959 2398 5051 modo
2420 4958 2581 5040 loqui
2609 4981 2624 5038 ;
2651 4978 2748 5034 an,
2783 4959 2833 5022 si
2864 4962 3395 5043 nihilgobtinuerit,
3430 4961 3558 5042 ipse
3589 4962 3878 5043 quemad-

473 5045 622 5118 nu'm
645 5054 893 5139 reprobi
906 5053 990 5118 50.
1033 5053 1179 5116 Nam
1211 5053 1314 5135 qui
1343 5056 1509 5134 jussa
1531 5050 1756 5114 Christi
1787 5052 2134 5134 contemnit,
2221 5045 2466 5139 modum
2500 5055 2674 5110 antea
2697 5051 2926 5139 esurit,
2981 5051 3148 5129 sitiit,
3199 5053 3393 5114 nudus
3451 5057 3657 5139 est,met
3685 5068 3880 5113 sermo

473 5145 524 5207 is
555 5164 630 5207 ne
660 5135 962 5208 eiistimet
1014 5162 1080 5206 se
1137 5163 1256 5206 non
1315 5143 1491 5205 etiam
1525 5142 1640 5202 hoc
1669 5139 1797 5222 ipso
1831 5139 2133 5203 Christum
2218 5135 2274 5198 ei
2306 5135 2452 5198 nihil
2484 5137 2786 5201 contulit?
2834 5138 2997 5205 Idem
3051 5140 3112 5202 in
3144 5141 3392 5204 canticis
3422 5138 3703 5202 omnibus
3733 5159 3877 5203 usu-

472 5252 716 5314 negare.
743 5233 988 5307 Quoties
1029 5233 1190 5294 enim
1236 5231 1515 5294 mandata
1555 5228 1775 5294 Christi
1803 5229 2002 5306 violat,
2035 5238 2128 5292 to-
2214 5223 2398 5287 venit.
2434 5224 2575 5298 Quae
2607 5228 2768 5289 enim
2819 5231 3178 5310 psalluntur,
3238 5238 3340 5292 aut
3368 5227 3692 5312 petitiones
3722 5236 3875 5302 sunt,

473 5322 585 5385 ties
606 5324 884 5386 eumdem
905 5329 1268 5403 negatzute
1297 5321 1552 5397 diverso,
1596 5319 1697 5402 qui
1735 5318 1966 5399 legibus
1999 5320 2128 5400 ejus
2209 5322 2311 5404 aut
2336 5315 2658 5396 gratiarum
2715 5319 2982 5384 actiones
3039 5339 3270 5400 eorum,
3331 5319 3455 5404 qui,
3513 5337 3646 5402 quae
3673 5325 3878 5401 petunt

471 5410 698 5488 obedit,
729 5413 979 5493 singulis
1000 5411 1335 5474 actionibus
1382 5409 1740 5473 obedientiae
1771 5408 1931 5471 illius
1962 5409 2132 5474 Chri-
2210 5403 2551 5488 impetrant.
2577 5407 2690 5482 Qui
2714 5409 2897 5492 igitur
2929 5412 3076 5476 dicit
3104 5416 3268 5479 Deo:
3304 5403 3604 5476 Adveniat
3624 5427 3877 5492 regnum

473 5507 632 5562 stum
656 5500 1001 5566 conﬁtetur.
1026 5499 1173 5573 Quis
1207 5508 1274 5562 ut
1309 5499 1479 5563 t‘actis
1517 5506 1758 5579 negant,
1800 5500 1900 5579 qui
1928 5496 2133 5561 verbis
2215 5507 2409 5573 tuum,
2434 5495 2551 5560 nisi
2577 5498 2825 5564 modum
2855 5501 3028 5583 regni
3057 5500 3380 5580 dedicerit,
3434 5499 3733 5583 quomodo
3763 5498 3872 5562 ad-

549 5659 812 5744 fMarc.
831 5674 876 5744 ξ,
899 5660 1023 5744 Ἡ,
1062 5662 1152 5744 -α
1167 5663 1281 5728 Isa.
1299 5675 1472 5744 nni,
1495 5661 1635 5744 t3.)
1678 5659 1928 5744 “Joan.
1944 5661 2131 5744 “,5.

2252 5660 2414 5726 Blac.
2438 5659 2626 5740 11320.
2709 5660 3164 5744 ηιυωωδ.
3249 5662 3600 5729 “Jun.
3623 5657 3877 5741 “11,34.

471 5741 534 5804 eo
553 5709 881 5825 ᾗῖῖῖζῖὁῖ
902 5709 1032 5794 ’ἵει
1061 5709 1640 5821 ιῗέἒῖὲἓῖῇἶωὲς
1667 5709 1986 5820 ᾖιῖἶιῖῗῦζ
1999 5709 2102 5809 ab".
