4160 6386
231 300 355 370 337

1728 309 2012 376 ORATIO
2055 314 2170 378 IV.

3544 314 3678 416 333,

241 464 484 557 veniet?
513 467 626 532 Sin
656 468 905 532 modum
935 471 1178 553 quidem
1223 471 1534 552 intelligat,
1567 470 1727 553 quod
1755 470 1984 536 venitA
2006 472 2234 535 ceret“.
2261 473 2373 537 Et:
2396 475 2439 535 A
2463 491 2584 555 quo
2597 476 2742 556 quis
2777 475 2971 539 victus
3009 482 3119 557 est,
3145 476 3328 553 huius
3366 483 3431 539 et
3457 491 3670 539 servus

247 554 386 635 ipse
413 564 613 619 autem
647 559 752 640 qui
811 577 1064 640 regnum
1123 561 1391 636 advocat,
1449 559 1677 623 idcirco
1712 578 1926 643 preces

249 645 548 727 concipit,
577 648 633 710 ei
694 649 1001 730 subjectus
1055 671 1173 713 non
1227 661 1339 733 est,
1389 651 1528 733 quid
1577 651 1725 712 lucri
1752 670 1823 713 ex
1853 669 1924 713 eo

249 736 416 816 quod
451 736 599 799 dicit
631 756 646 801 :
682 740 990 803 Adveniet
1019 759 1274 822 regnum
1305 749 1503 810 tuum.
1522 740 1823 803 referret?
1844 739 1927 804 ait

251 824 421 886 enim
450 827 745 890 Dominus
776 830 835 890 in
869 829 1184 911 Evangelio
1220 850 1234 891 :
1271 830 1708 893 Pa'ititentz'am
1737 832 1921 910 agite,

247 931 376 994 app
385 921 780 996 rogu’nquavit
801 921 965 982 enim
981 937 1233 1000 regnum
1249 921 1624 983 calamitati-3.
1647 919 1773 993 Quo
1785 937 1924 998 ergo

252 1001 366 1092 qui
401 1005 602 1066 omnia
631 1025 699 1068 ex
735 1007 926 1071 nihilo
960 1009 1252 1090 producit,
1307 1008 1527 1091 quique
1555 1008 1765 1092 implet
1794 1027 1926 1070 om-

259 1088 392 1161 nia,
426 1100 487 1154 et
522 1101 609 1154 est
642 1095 891 1177 ubique,
931 1088 990 1158 et
1015 1096 1170 1177 regit
1217 1088 1799 1178 omnia—Deus,vquo,
1832 1094 1931 1157 in-

2007 571 2090 625 est
2113 563 2196 626 55.
2231 562 2744 636 Quemadmodum
2762 563 2923 628 enim
2943 562 3101 626 ﬁlius
3123 563 3548 626 omnissimilis
3573 571 3672 626 est

2012 651 2161 731 patri
2192 652 2374 731 (ﬁlius
2401 652 2622 734 quippe
2672 673 2792 717 non
2828 653 2942 716 nisi
2999 673 3068 716 ex
3117 660 3326 716 natura
3357 653 3541 736 patris
3573 654 3668 721 sui

2007 740 2285 822 exsistit),
2321 742 2409 804 sic
2439 749 2499 804 et
2555 741 2958 806 Christianum
3023 742 3214 807 Patris
3271 742 3388 818 sui,
3422 741 3661 818 Christi,

2006 827 2248 909 inquam
2283 830 2765 909 similitudinem,
2801 851 2908 915 per
2936 833 3182 896 virtutes
3214 831 3492 915 Spiritus,
3545 851 3666 893 non

2007 917 2461 983 similitudinem
2493 920 2655 995 mali,
2691 941 2800 1003 per
2849 924 3098 986 affectus
3153 921 3383 1004 peccati
3412 919 3668 984 induere

2014 1026 2163 1086 opus
2193 1017 2301 1068 cst.
2328 1007 2524 1081 Quare
2548 1009 2812 1092 tyrannis
2854 1011 3016 1074 illius
3057 1012 3218 1088 mali,
3251 1011 3668 1092 cognoscenda

2015 1102 2126 1174 est,
2162 1104 2218 1155 et
2246 1113 2360 1177 qua
2392 1097 2620 1161 vafritie
2666 1118 2734 1160 ac
2781 1099 2916 1163 dolo
2974 1119 3104 1164 eam
3162 1107 3437 1163 exerceat
3477 1119 3494 1178 ;
3550 1117 3668 1181 qua

259 1195 471 1267 quam,
497 1181 620 1259 ille,
650 1192 708 1245 et
733 1203 985 1265 regnum
1012 1185 1142 1266 ejus
1165 1205 1322 1248 nunc
1364 1185 1689 1248 abierunt?
1720 1184 1935 1267 Utique

258 1266 386 1366 nisi
413 1272 758 1366 recessisset
789 1281 849 1366 et
905 1292 1076 1366 nunc
1125 1275 1427 1366 rediisset,
1484 1295 1602 1366 non
1633 1275 1932 1366 dixisset:
2016 1275 2469 1366 gnumiChristi,
2534 1278 2778 1360 ejusque
2838 1287 3122 1362 percepta
3170 1279 3379 1342 notitia
3404 1278 3664 1360 idipsum

260 1353 570 1450 Quoniam
587 1353 1926 1446 appropinquavit.Nonjrecessitiille,sedlipsi
2010 1364 2072 1426 in
2095 1365 2343 1428 veritate
2373 1353 2656 1431 advenire
2681 1353 2746 1430 et
2773 1387 2807 1430 a
2835 1353 3228 1450 cupiditatum
3262 1353 3521 1448 laqueis,
3546 1384 3669 1430 ma-

257 1463 373 1541 nos
388 1448 463 1516 ab
485 1469 558 1541 eo
599 1451 991 1534 abrupimus:
1024 1453 1100 1518 ab
1141 1453 1270 1536 ipso
1313 1454 1475 1518 enim
1511 1456 1738 1518 Adamo
1769 1474 1922 1518 con-
2008 1453 2167 1535 lique
2190 1453 2472 1518 servitute
2494 1458 2785 1541 expediri,
2820 1448 3228 1540 vindicarique
3245 1457 3664 1521 desiderimus.

251 1533 381 1628 dito
414 1538 595 1602 nobis
623 1533 982 1622 conjunctus
1034 1533 1184 1607 erat;
1232 1543 1341 1616 Qui
1375 1553 1684 1628 postquam
1715 1543 1924 1607 fraude
2007 1533 2536 1608 Verumeuimvero
2569 1533 2655 1608 illi
2695 1533 2979 1611 duntaxat
3031 1533 3282 1628 regnum
3342 1546 3452 1612 Dei
3482 1545 3665 1608 adve-

2015 1183 2158 1246 item
2193 1184 2282 1245 via
2302 1187 2620 1250 evertenda
2648 1207 2719 1252 ac
2745 1188 3107 1252 destruenda
3152 1191 3252 1266 sit,
3285 1198 3348 1252 ut
3376 1185 3534 1252 docti
3561 1207 3665 1251 re-

245 1623 728 1706 circumventus,
776 1633 1008 1695 scelere
1056 1651 1121 1696 se
1171 1623 1472 1714 obligavit,
1504 1623 1754 1714 regnum
1790 1633 1920 1710 Dei,

252 1716 414 1793 quod
456 1728 548 1778 est
575 1719 844 1800 Spiritus
874 1729 1142 1799 sanctus,
1195 1743 1228 1784 ει
1277 1723 1452 1786 nobis
1482 1724 1778 1786 seclusum
1813 1731 1921 1789 est.

263 1811 484 1901 :N'equit
519 1812 676 1875 enim
714 1817 875 1879 Deus
907 1815 1098 1879 bonus
1154 1825 1210 1880 et
1258 1825 1497 1882 sanctus
1529 1837 1662 1881 cum
1693 1819 1927 1901 impro-

264 1895 456 1962 bitate
485 1902 704 1966 habere
733 1907 1187 1971 commercium.
1251 1907 1435 1970 Porro
1491 1927 1623 1970 cum
1679 1895 1801 1989 ipsi
1822 1927 1930 1990 per

271 2006 389 2050 nos
411 1991 481 2051 ad
506 1990 829 2056 bonitatem
854 1995 1095 2074 regredi
1123 2016 1238 2059 non
1257 1999 1588 2060 valeremus
1612 1999 1924 2078 (quemad-

277 2078 524 2141 modum
561 2090 616 2143 et
643 2102 871 2164 pannus
901 2084 1084 2168 lacer,
1146 2085 1269 2149 luto
1317 2095 1376 2149 et
1406 2086 1718 2168 putredine
1746 2087 1931 2150 ﬁnda-

272 2174 394 2258 tus,
427 2188 459 2230 a
488 2181 694 2249 semet,
727 2180 787 2236 et
821 2173 957 2238 sine
1011 2192 1163 2257 aqua
1218 2175 1380 2238 ablui
1409 2195 1528 2238 non
1561 2183 1795 2258 potest),
1827 2177 1926 2240 id-

268 2254 434 2318 circo
465 2259 596 2349 ipse
629 2279 872 2325 rursum
903 2254 1087 2340 venit,
1121 2264 1223 2346 qui
1253 2284 1363 2328 nos
1392 2254 1930 2349 valet,'abluere,ut

263 2363 375 2406 nos
401 2347 659 2436 primum
694 2369 869 2432 aqua.
904 2351 1132 2434 Spiritu
1162 2361 1367 2416 sancto
1393 2353 1570 2416 mista
1602 2372 1671 2416 ac
1702 2347 1926 2436 tempe-

257 2441 391 2494 rata
426 2434 580 2497 lavet
611 2459 628 2500 :
659 2439 879 2502 deinde
930 2441 1184 2504 mundus
1240 2443 1369 2524 ipse
1400 2461 1585 2524 super
1614 2434 1930 2508 munda—tos

260 2533 475 2602 regnet
501 2535 600 2587 :ut
621 2547 803 2608 super
834 2549 942 2592 nos
989 2549 1271 2611 regnans,
1307 2550 1415 2613 per
1443 2549 1553 2594 nos
1588 2532 1929 2596 voluntates

260 2631 400 2674 suas
429 2613 493 2676 in
525 2635 677 2697 opus
698 2617 978 2682 deducat.
1001 2619 1306 2683 Nisienim
1348 2619 1478 2702 ipse
1513 2621 1834 2702 imperium
1863 2622 1924 2686 in

264 2720 376 2791 nos
402 2713 634 2776 teneat,
660 2724 696 2766 a
722 2706 896 2769 nobis
916 2709 1049 2770 ﬁeri
1070 2709 1229 2791 quod
1252 2709 1416 2771 illum
1463 2709 1740 2787 delectet,
1773 2730 1926 2774 neu-

263 2790 496 2881 tiquam
555 2801 776 2876 potest.
831 2790 1124 2870 Quocirca
1199 2799 1538 2880 quicunque
1588 2815 1696 2863 suo
1745 2817 1931 2881 regno

262 2879 425 2944 Deus
453 2883 621 2964 prius
648 2904 770 2947 non
819 2886 951 2962 fuit,
1011 2906 1121 2950 nec
1173 2879 1504 2951 secundum
1561 2879 1929 2952 intellectum

263 2971 471 3049 sentit,
507 2971 702 3036 Deum
736 2975 796 3036 in
830 2976 960 3057 ipso
1018 2978 1581 3039 voluntatem‘suam
1615 2997 1725 3059 per
1754 2977 1930 3041 Chri-

2013 1631 2120 1711 nit,
2154 1632 2255 1712 qui
2285 1632 2478 1714 ipsum
2512 1646 2918 1714 cognoverunt
2949 1655 2963 1701 :
3000 1645 3062 1701 et
3091 1636 3153 1698 in
3183 1635 3400 1719 quibus
3429 1642 3665 1715 regnat,

1950 1740 2116 1827 Beos
2147 1723 2494 1827 angelorum
2523 1726 2680 1787 cives
2711 1725 2930 1788 reddit.
2967 1727 3119 1791 Nam
3153 1745 3232 1827 ex.
3254 1723 3668 1827 inpbedientia

2015 1810 2191 1890 primi
2225 1810 2484 1874 hominis
2514 1831 2702 1892 genus
2732 1815 3057 1878 humanum
3117 1812 3435 1877 maledicto
3465 1812 3671 1875 devin-

2010 1907 2166 1960 ctum
2200 1909 2328 1961 est:
2389 1902 2774 1965 maledictum
2833 1915 3158 1967 consecuta
3215 1911 3308 1966 est
3335 1902 3663 1984 corruptio,

2009 1989 2452 2070 corruptionem
2485 1993 2718 2075 excepit
2775 1993 3056 2056 interitio.
3120 1992 3360 2067 Contra,
3425 2009 3494 2053 ex
3527 1989 3668 2052 obe-

2011 2077 2789 2161 dientiasecundihominis,
2817 2081 3036 2145 Christi
3065 2082 3366 2158 videlicet,
3397 2078 3668 2163 pervenit

2009 2167 2079 2228 ad
2106 2187 2212 2229 nos
2237 2170 2686 2247 henedictio,ex
2727 2169 3561 2250 benedictioneincorruptio,
3595 2187 3668 2231 ex

2009 2258 2456 2338 incorruptione
2481 2262 2914 2340 immortalitas,
2951 2282 3023 2326 ex
3055 2262 3502 2325 immortalitate
3519 2260 3662 2335 vita,

2011 2357 2068 2410 et
2097 2357 2158 2410 ut
2188 2350 2352 2424 olim,
2387 2351 2502 2413 vita
2533 2371 2601 2414 ex
2637 2355 2783 2416 Deo.
2817 2352 2928 2416 Ubi
2962 2352 3124 2415 enim
3181 2359 3273 2415 est
3302 2351 3486 2432 Deus,
3521 2349 3665 2412 inde

2011 2437 2283 2500 diabolus
2305 2457 2374 2502 ac
2397 2439 2971 2522 daemonesfugiunt.
3008 2441 3092 2504 Ita
3114 2439 3385 2504 liberatio
3417 2458 3453 2501 a
3480 2437 3660 2515 malo,

2011 2537 2068 2591 et
2100 2547 2134 2589 a
2160 2528 2529 2591 daemonibus
2557 2531 2710 2612 ejus,
2743 2530 3197 2614 redemptioque
3237 2527 3447 2609 generi
3474 2527 3668 2590 homi-

2007 2635 2152 2680 num
2177 2637 2284 2699 per
2308 2617 2602 2682 Christum
2628 2627 2792 2701 parta
2814 2629 2904 2683 est
2930 2640 2947 2698 ;
2972 2628 3110 2682 ante
3133 2637 3309 2702 quam
3328 2616 3663 2681 libertatem

2015 2726 2190 2770 nemo
2211 2727 2276 2770 se
2297 2709 2604 2771 hominem
2627 2709 2949 2773 existimet.
2983 2709 3197 2775 Melius
3227 2707 3390 2773 enim
3421 2715 3570 2784 erat,
3606 2705 3663 2770 ei

2014 2796 2062 2858 si
2097 2804 2268 2859 natus
2299 2817 2420 2860 non
2453 2797 2681 2863 fuisset.

2096 2889 2280 2950 Porro
2302 2887 2418 2950 duo
2443 2896 2581 2950 sunt
2603 2891 2661 2951 in
2683 2888 2775 2951 his
2788 2889 2890 2971 qui
2911 2887 3056 2970 quid
3096 2893 3299 2970 petant
3327 2885 3606 2949 nesciunt
3644 2905 3659 2946 :

2016 2976 2348 3057 ignorantia
2403 2986 2462 3040 et
2505 2987 2733 3060 stupor.
2795 2978 2866 3041 Et
2918 2978 3198 3057 ignorans
3249 2975 3490 3060 quidem
3524 2974 3662 3057 quid

263 3067 417 3150 stum
453 3063 723 3144 explere,
791 3064 1009 3127 frustra
1064 3066 1438 3148 defatigatur,
1496 3057 1715 3130 frustra
1741 3067 1878 3130 vivit
1911 3089 1924 3132 :
1952 3057 2169 3128 Cdicat
2199 3086 2316 3128 non
2350 3067 2550 3131 videt:
2585 3057 2857 3149 stupidus
2877 3067 3020 3150 quid
3045 3075 3236 3148 roget,
3268 3057 3482 3129 nescit.
3522 3063 3671 3138 Quis

270 3147 616 3238 impostoris
645 3173 896 3234 regnum
948 3154 1273 3219 etiamnum
1328 3147 1568 3236 patitur,
1603 3175 1712 3218 nec
1740 3157 1931 3219 anim-
2010 3165 2205 3218 autem
2242 3156 2522 3238 princeps
2552 3147 3027 3221 misericordiam
3078 3147 3326 3238 petenti,
3379 3161 3440 3218 et
3470 3161 3668 3218 tamen

273 3236 542 3327 advertit.
601 3241 838 3305 Etenim
895 3243 1011 3306 nisi
1067 3245 1265 3306 anima
1318 3245 1681 3326 intelligens,
1761 3247 1931 3327 regni
2014 3236 2258 3326 quaeilli
2315 3236 2624 3327 praestatur
2682 3236 3155 3309 misericordiam
3215 3243 3534 3326 ignoranti,
3567 3249 3670 3306 aut

278 3325 416 3407 Dei,
449 3349 564 3409 quo
597 3341 866 3396 contacta
897 3342 1006 3411 est,
1057 3353 1297 3396 sensum
1349 3325 1813 3398 intellectualem
1840 3325 1934 3398 ac-
2013 3325 2133 3398 n0n
2164 3325 2520 3415 intelligenti
2551 3336 2710 3417 quod
2740 3335 2916 3417 dicat,
2981 3335 3184 3415 largiri
3212 3325 3384 3412 solet,
3417 3351 3550 3414 quae
3579 3331 3668 3394 la-

281 3417 540 3506 ceperit,
570 3422 768 3484 salutis
823 3423 987 3485 nulla
1033 3442 1174 3502 Spes
1229 3422 1605 3504 relinquitur.
1642 3427 1930 3488 Caeterum
2016 3423 2129 3485 biis
2161 3431 2386 3486 tantum
2420 3424 2793 3506 simpliciter,
2821 3433 2880 3486 et
2908 3423 3077 3506 quasi
3103 3443 3170 3487 ex
3199 3423 3326 3488 sola
3354 3427 3669 3485 consuetu-

278 3505 520 3568 ratione
545 3517 794 3573 utentem
821 3513 1083 3574 animam
1113 3529 1243 3595 qua;
1273 3522 1578 3595 regnatur,
1614 3513 1936 3577 divinitatis
2019 3512 2180 3586 dine,
2217 3521 2278 3573 ut
2309 3505 2660 3594 :es'gsonans,
2720 3520 2820 3575 aut
2873 3505 3204 3594 cymbalum
3237 3508 3500 3573 tinniens
3531 3526 3671 3590 pro-

283 3598 588 3686 regnantis
616 3597 904 3664 beneficia
933 3612 990 3665 et
1020 3604 1209 3664 sancti
1259 3601 1519 3683 Spiritus
1546 3603 1934 3686 multiplicem
2021 3599 2172 3662 mit?
2203 3601 2452 3684 Propter
2473 3603 2853 3683 hociregnum
2876 3601 3121 3678 diaboli,
3156 3610 3218 3664 et
3248 3607 3509 3683 potestas
3541 3600 3673 3678 ejus

283 3684 652 3749 eﬂicientiam
683 3689 1021 3770 intelligere
1070 3699 1327 3773 oportet,
1390 3684 1766 3770 charitatem,
1800 3711 1938 3773 gau-
2018 3691 2330 3752 adversum
2363 3691 2729 3754 Christianos
2783 3689 3091 3753 invalescit
3143 3708 3214 3752 ac
3243 3687 3561 3751 stabilitur.
3601 3687 3673 3748 Et

280 3773 472 3858 dium,
523 3796 758 3859 pacem,
817 3781 1353 3862 longanimitatem,
1417 3790 1476 3844 et
1531 3794 1768 3846 caetera.
1822 3781 1937 3846 Ubi
2017 3779 2158 3840 hinc
2184 3787 2305 3840 tum
2337 3779 2786 3862 monachi,tum
2808 3780 3122 3842 saeculares
3145 3778 3455 3841 christiani
3489 3795 3665 3840 meu-

274 3882 536 3947 namque
563 3867 724 3930 Deus
751 3889 854 3932 rex
887 3879 996 3952 est,
1046 3871 1129 3934 ibi
1181 3869 1418 3932 diabolo
1475 3889 1593 3932 non
1627 3871 1931 3936 servitur:
2020 3868 2217 3942 daces,
2255 3869 2551 3950 maledici,
2595 3869 3032 3945 criminatores,
3094 3867 3345 3950 perjuri,
3394 3865 3666 3948 zelotypi,

271 3955 376 4016 sed
406 3975 590 4020 omne
622 3960 1023 4023 ministerium
1056 3961 1127 4022 ad
1162 3963 1350 4024 Deum
1383 3959 1711 4023 confertur.
2018 3955 2224 4030 invidi,
2271 3958 2526 4039 queruli,
2570 3958 2958 4040 detractores,
2990 3963 3147 4020 avari
3178 3965 3470 4040 raptores,
3504 3955 3671 4037 inju-

359 4042 620 4108 Rursum
653 4049 755 4130 qui
786 4048 972 4111 Deum
1004 4051 1084 4111 ita
1119 4057 1475 4130 precantur:
1513 4049 1734 4112 Libera
1763 4066 1876 4113 nos
1899 4066 1937 4112 (ι
2018 4045 2093 4107 sti
2117 4047 2457 4127 hypocritae,
2481 4047 2809 4130 fornicarii,
2836 4047 3116 4120 adulteri,
3136 4047 3362 4120 lascivi,
3388 4044 3672 4127 improbi,

275 4136 465 4206 malo,
497 4136 612 4199 nisi
645 4139 778 4220 quis
807 4139 883 4201 sit
911 4139 1014 4202 ille
1044 4140 1258 4215 malus,
1315 4151 1374 4199 et
1404 4137 1705 4217 quomodo
1736 4138 1933 4221 possi-
2019 4136 2286 4215 superbi,
2332 4137 2623 4220 legirupae
2655 4137 3057 4201 inveniuntur.
3095 4137 3166 4200 Et
3194 4139 3321 4200 haec
3351 4136 3469 4199 dici
3498 4143 3676 4218 atque

279 4222 538 4286 deantur
563 4245 598 4288 a
627 4229 804 4303 malo,
839 4235 901 4292 et
957 4249 1088 4310 quae
1143 4230 1276 4309 ejus
1330 4226 1588 4308 vincula,
1625 4246 1755 4308 qua:
1796 4227 1939 4290 item
2024 4243 2154 4286 esse
2185 4225 2502 4288 Christiani
2559 4227 2907 4308 gloriantur,
2974 4227 3228 4310 populus
3257 4226 3490 4307 stultus,
3522 4223 3672 4287 insi-

278 4311 413 4392 ejus
471 4314 534 4411 in
591 4317 934 4411 subjugatos
994 4327 1284 4411 potestas,
1354 4317 1763 4411 cognoverint,
1823 4337 1938 4398 quo
1958 4314 2213 4411 Dpiens,
2241 4315 2918 4411 inobed_iens,ingratus,
2944 4317 3078 4411 sine
3101 4315 3676 4398 aﬂ‘ectione,absque

282 4411 453 4481 pacto
484 4403 644 4467 Deus
698 4406 833 4469 illos
885 4407 1161 4470 liberabit
1187 4407 1217 4467 ?
1248 4405 1417 4480 Quod
1450 4406 1500 4467 si
1532 4407 1657 4468 haec
1687 4425 1790 4468 eos
1819 4425 1938 4468 non
1958 4403 1997 4411 ”
2023 4405 2435 4477 fotdere,‘osor
2457 4406 2788 4480 hominum,
2815 4424 2919 4468 oso
2936 4406 3208 4483 fratrum,
3246 4423 3385 4468 osor
3415 4413 3673 4486 patrum,

286 4489 494 4573 latent,
538 4514 648 4558 nec
698 4503 898 4559 tamen
954 4516 988 4559 ει
1037 4497 1194 4558 malo
1223 4495 1456 4558 liberati
1488 4504 1646 4576 sunt,
1682 4495 1940 4559 clamare
2023 4512 2160 4554 osor
2194 4493 2539 4565 liberorum,
2575 4513 2713 4556 osor
2739 4495 3092 4573 amicorum,
3119 4498 3241 4560 Deo
3279 4494 3537 4557 odibilis.
3573 4492 3677 4557 Va;

284 4579 554 4667 assidue:
583 4582 700 4647 Sed
723 4585 920 4648 libera
941 4604 1049 4647 nos
1073 4605 1107 4648 a
1129 4583 1768 4667 malo,quid!prodest?
1816 4589 1938 4646 Ma—
2024 4582 2239 4644 talibus
2269 4602 2404 4644 cum
2442 4583 2526 4646 Do
2559 4584 2764 4646 laudes
2823 4585 3146 4646 concinunt
3183 4607 3199 4662 ;
3259 4604 3343 4648 va;
3368 4603 3502 4647 cum
3533 4583 3678 4645 dant

287 4665 375 4730 lus
408 4670 572 4732 enim
628 4681 738 4747 est,
788 4673 890 4755 qui
949 4675 1008 4736 in
1069 4665 1361 4736 naturam,
1397 4673 1718 4735 humanam
1749 4673 1940 4753 legem
2024 4672 2472 4754 eleemosynas;
2507 4693 2587 4736 vae
2613 4693 2746 4736 cum
2771 4673 2927 4736 dona
2946 4674 3068 4736 Deo
3089 4676 3345 4737 offerunt
3379 4696 3392 4738 :
3424 4693 3508 4736 vae
3538 4691 3674 4736 cum

286 4759 514 4838 peccati
537 4760 1160 4842 implicuitdiabolus:
1195 4781 1372 4844 quem
1394 4762 1655 4843 quandiu
1686 4763 1938 4824 actioni—
2026 4761 2210 4822 Deum
2245 4763 2494 4824 adorant
2527 4781 2543 4838 ;
2591 4781 2678 4826 vae
2712 4764 2850 4825 dum
2884 4781 3095 4845 preces
3125 4766 3195 4826 ad
3225 4783 3362 4826 eum
3393 4764 3669 4826 fundunt.

284 4845 462 4908 nibus
493 4867 626 4910 cum
678 4851 1058 4933 improbitate
1112 4850 1448 4932 conjunctis
1499 4851 1774 4933 colimus,
1823 4869 1939 4913 non
2027 4852 2261 4914 Etenim
2284 4854 2734 4933 viwimpiorum
2759 4853 3191 4916 abominabiles
3214 4871 3424 4916 eorum
3449 4851 3670 4935 0:056,

286 4945 378 4998 est
408 4955 545 5018 pars
575 4949 776 5002 nostro
827 4942 929 5004 ille
982 4941 1196 5017 bonus,
1259 4960 1370 5005 nec
1426 4939 1533 5002 Dei
1565 4957 1749 5019 regno
1779 4940 1941 5019 digni
2028 4949 2086 5002 et
2111 4940 2368 5020 precatio
2388 4941 2661 5003 iracundi
2690 4960 2758 5004 ac
2781 4941 3074 5019 malevoli,
3099 4943 3246 5005 odor
3275 4942 3664 5006 deterrimus:

288 5043 522 5102 Sumus,
553 5029 739 5111 utqui
770 5030 965 5112 ipsum
1016 5030 1159 5093 falso
1216 5028 1408 5092 Deum
1456 5028 1808 5111 Patremque
1840 5049 1944 5091 no-
2026 5031 2405 5111 elvemosyna
2435 5030 2680 5114 superbi
2710 5032 3116 5094 holocaustum
3157 5033 3346 5108 canis,
3395 5040 3455 5096 et
3484 5035 3674 5096 bene-

291 5117 608 5193 minemus,
641 5139 779 5182 cum
811 5119 1111 5182 diabolum
1147 5120 1501 5202 principem,
1525 5127 1583 5182 et
1607 5129 1858 5200 patrem,
1886 5127 1944 5180 et
2029 5120 2265 5182 ﬁcenlia
2292 5120 2622 5198 libidincsi,
2660 5139 2895 5185 merces
2925 5121 3298 5186 meretricis:
3349 5123 3510 5186 avari
3538 5141 3675 5185 mu-

289 5205 624 5283 dominum,
655 5228 727 5272 ac
756 5210 934 5272 deum
962 5209 1308 5284 habeamus,
1345 5210 1516 5290 cujus
1547 5217 1604 5270 et
1634 5209 1942 5271 characte-
2029 5229 2161 5280 n..s,
2196 5211 2555 5272 sacrificium
2604 5212 3003 5286 immundum,
3055 5222 3113 5275 et
3170 5212 3411 5294 sanguis
3440 5212 3674 5275 suillus.

289 5317 418 5360 rem
441 5299 500 5360 in
526 5299 699 5362 nobis
715 5317 1022 5382 peropera
1062 5299 1191 5386 vitae
1227 5298 1754 5378 nostrmzferimus,
1788 5296 1943 5362 sicut
2025 5298 2135 5363 Sed
2163 5300 2322 5360 enim
2359 5299 2704 5381 iterrogabit
2734 5301 3029 5384 quispiam
3073 5302 3350 5378 fortasse,
3394 5301 3537 5386 quid
3568 5301 3679 5382 igi-

283 5386 504 5452 Judaeis
531 5389 754 5453 alicubi
813 5387 1020 5471 objicit
1069 5385 1357 5449 Dominus
1392 5408 1405 5447 :
1473 5386 1587 5449 Vos
1635 5404 1727 5476 ex,
1760 5392 1942 5467 patre
2024 5389 2228 5451 turisti
2253 5389 2517 5452 faciant?
2543 5389 2804 5474 Quisque
2827 5410 3057 5470 eorum,
3085 5392 3245 5476 quod
3275 5385 3443 5455 illum
3477 5394 3675 5458 decet.

282 5477 517 5544 diabolo
543 5483 712 5557 estis,
745 5487 804 5544 et
827 5477 1131 5543 desideria
1155 5479 1355 5560 patris
1382 5477 1600 5540 vestris
1626 5475 1810 5540 vuttz‘s
1835 5478 1939 5557 fa-
2023 5477 2134 5551 Qui
2164 5478 2576 5559 indignitatem
2625 5499 2795 5546 suam
2851 5475 3246 5566 perspexerit,
3297 5501 3433 5546 cum
3468 5499 3676 5548 sacer-

356 5654 421 5707 53
444 5655 611 5722 Matt.
636 5669 731 5736 ιιι,
761 5657 826 5718 2.
911 5649 978 5704 δι
999 5645 1175 5715 Joan.
1202 5664 1334 5729 vin,
1364 5647 1468 5714 44.
1549 5643 1695 5712 55.11
1724 5643 1883 5712 Petr.
1915 5663 1927 5713 ι

2019 5647 2118 5716 19.
2205 5649 2271 5702 56
2298 5647 2471 5714 Prov.
2502 5665 2606 5734 xv,
2637 5647 2701 5716 8.
