4160 6406
506 324 628 440 sse

1799 372 2182 443 SYMEONIS
2220 374 2591 443 IUNIORIS.

3794 372 3925 439 340

504 504 645 569 dote
687 520 1068 591 congressus,
1127 505 1422 574 rationem
1476 508 1741 573 veritatis
1782 510 2374 592 ed'ocebitur,AIpse
2437 510 2597 573 enim
2646 508 2839 573 adhuc
2895 510 3052 573 inter
3108 515 3376 571 mortuos
3432 515 3726 583 versatur,
3797 525 3923 569 nec

506 605 800 678 quatenus
831 600 889 663 ei
914 599 1299 681 Evangelium
1343 598 1590 681 justitiaz
1630 599 1952 662 revelatum
1983 601 2162 665 fuerit
2241 601 2439 664 hausit
2465 620 2499 662 a
2527 603 2650 664 Deo
2681 619 2902 675 rorem,
2948 599 3049 681 qui
3093 598 3484 677 intelligentia
3517 597 3915 681 perspicitur,

508 692 569 747 et
596 692 739 750 tunc
794 697 997 771 aptum
1055 696 1115 753 et
1170 688 1537 752 conveniens
1597 687 1900 753 Chistiano
1930 690 2160 753 homini

503 774 640 839 vita;
666 776 1002 842 institutum
1034 787 1327 863 capesset.

588 864 953 934 Discendum
990 878 1260 950 estiergo
1295 870 1479 951 prius,
1513 868 1657 951 quid
1689 870 1765 931 sit
1798 887 1811 932 :
1851 869 2064 933 Gloria
2094 874 2161 932 in

507 957 829 1023 altissimis
856 960 1008 1041 Deo,
1042 968 1104 1024 et
1133 962 1199 1023 in
1258 966 1419 1023 terra
1468 978 1593 1039 pace
1620 960 1964 1023 hominibus
1996 959 2164 1023 bonae

508 1044 938 1113 voluntatis57.
975 1048 1119 1123 Qua;
1172 1048 1247 1110 sit
1274 1047 1431 1110 bona
1460 1047 1754 1111 voluntas.
1791 1047 1943 1121 Quid
1970 1048 2159 1110 illud:

507 1133 668 1198 Deus
690 1135 1015 1215 Dominus,
1039 1144 1097 1202 et
1120 1137 1325 1201 illuxit
1341 1136 1608 1201 it0bi858.
1634 1136 1785 1210 Quid
1810 1137 1984 1199 illud:
2013 1137 2158 1200 illu-

508 1240 663 1289 cere.
716 1226 1093 1292 Christianus
1139 1227 1299 1290 enim
1345 1226 1616 1307 quilibet,
1666 1226 1768 1308 qui
1810 1226 1999 1289 Deum
2033 1227 2166 1306 ejus

503 1312 689 1392 jussis
718 1314 1076 1392 factitandis,
1132 1316 1554 1397 mandatisque
1604 1314 2015 1379 custodiendis
2045 1334 2165 1376 non

507 1400 822 1480 gloriﬁcat,
858 1406 1007 1469 nihil
1057 1404 1131 1468 ab
1183 1406 1259 1468 iis
1316 1405 1513 1481 distat,
1568 1405 1669 1487 qui
1724 1405 1785 1467 in
1821 1408 2012 1469 Deum
2043 1423 2163 1466 non

509 1491 786 1570 credunt,
820 1495 936 1557 nisi
964 1495 1145 1566 etiam
1177 1494 1409 1565 {iisdem
1460 1494 1725 1557 deterior
1758 1502 1847 1557 est
1881 1513 1894 1557 :
1958 1494 2034 1558 Si
2061 1512 2165 1575 ego

503 1580 693 1643 Pater
711 1601 870 1662 sum,
894 1585 1109 1667 inquit,
1133 1584 1241 1648 ubi
1257 1590 1344 1649 est
1362 1584 1556 1647 honor
1566 1603 1736 1649 meus
1763 1584 1790 1647 .9
1806 1592 1862 1648 et
1879 1594 1936 1648 si
1958 1586 2165 1646 Domi-

502 1686 623 1731 nus
647 1690 805 1749 sum,
839 1674 947 1738 ubi
975 1681 1064 1739 est
1096 1676 1281 1737 timor
1305 1692 1471 1737 meus
1498 1674 1562 1727 59
1588 1673 1619 1735 ?
1676 1674 1905 1738 Placuit
1964 1681 2163 1737 autem

505 1756 633 1821 Deo
657 1766 715 1821 et
731 1762 893 1824 Patri
913 1764 1235 1825 humanam
1273 1770 1567 1838 naturam,
1593 1782 1724 1846 quae
1752 1783 1787 1826 a
1815 1763 1929 1826 vita
1961 1763 2161 1825 divina

506 1864 615 1929 per
643 1859 950 1930 peccatum
982 1852 1332 1933 desciverat,
1394 1870 1715 1934 secumque
1747 1853 2159 1916 ininimicitias

508 1947 880 2023 susceperat,
913 1959 1022 2022 per
1050 1940 1520 2005 incarnationem
1576 1942 1714 2005 Filii
1744 1942 1859 2005 sibi
1888 1941 2160 2005 reconsi-

504 2024 677 2102 liare,
713 2046 966 2111 eamque
995 2049 1129 2093 cum
1180 2030 1381 2094 divina
1435 2030 1555 2092 vita
1606 2031 1821 2094 denuo‘
1855 2032 2159 2113 copulare,

506 2121 575 2177 ut
604 2114 747 2179 item
764 2117 1083 2200 Apostolus
1106 2120 1345 2183 scribit:
1366 2119 1699 2202 Justiﬁcati
1712 2140 1823 2203 per
1836 2122 2019 2201 [idem
2038 2123 2163 2182 Do-

506 2206 662 2267 mini
678 2210 910 2272 nostris
929 2213 1077 2273 Jesu
1098 2210 1330 2273 Christi
1334 2228 1543 2292 pacem
1566 2210 1858 2275 habemus
1876 2212 1961 2274 ad
1971 2211 2165 2274 Deum

497 2310 605 2375 per
622 2301 1147 2363 conversationem
1167 2302 1237 2362 in
1258 2298 1590 2363 ChristoGO.
1609 2300 1745 2381 Ipse
1758 2302 1919 2364 enim
1931 2306 2015 2364 est
2033 2318 2163 2381 paa:

502 2390 853 2469 nostra,qui
861 2388 1283 2472 fecitutraque
1296 2398 1570 2467 unum,et
1584 2391 1851 2453 medium
1864 2386 2164 2472 parietem

507 2477 793 2539 maceria:
803 2477 1000 2553 solvit,
1025 2480 1389 2543 inimicitias
1405 2481 1472 2543 in
1491 2498 1671 2544 carne
1684 2499 1795 2543 sua
1806 2480 1887 2556 61,
1920 2489 1973 2542 et
1998 2481 2163 2559 paci-

505 2563 713 2645 ﬁcavit
725 2584 834 2647 per
859 2571 1218 2647 sanguinem
1236 2571 1438 2634 crucis
1467 2588 1591 2634 sua:
1624 2588 1733 2653 per
1754 2572 2164 2650 semetipsum,

510 2659 641 2716 sive
655 2673 790 2735 qua:
809 2658 879 2719 in
906 2660 1107 2737 terris,
1135 2660 1263 2722 sive
1293 2670 1439 2740 quael
1461 2661 1529 2723 in
1557 2661 1736 2733 cretis?
1750 2666 1918 2723 sunt.
1950 2659 2032 2722 Et
2059 2676 2169 2720 nos

513 2760 652 2807 cum
665 2762 924 2810 essemus
933 2750 996 2810 al
1002 2750 1142 2828 iquo
1158 2749 1330 2811 modo
1346 2750 1632 2824 alienati,
1661 2750 1968 2829 ctjnimici
1987 2765 2171 2811 sensu

514 2833 583 2895 in
596 2836 876 2915 operibus
894 2836 1094 2913 malis,
1105 2855 1269 2901 nunc
1280 2838 1695 2902 reconciliavit
1711 2841 1777 2902 in
1788 2855 2032 2920 corpore
2042 2855 2172 2901 car-

512 2922 617 2985 nis
643 2941 772 2987 suae
795 2943 912 3006 per
949 2934 1238 3003 mortem,
1266 2934 1323 2991 et
1369 2929 1651 2992 exhibuit
1679 2948 1787 2992 nos
1812 2934 2075 3004 sanctos,
2115 2932 2172 2990 et

508 3014 963 3091 immaculatos,
997 3022 1053 3079 et
1081 3016 1646 3099 irreprehensibiles
1673 3036 1881 3082 coram
1912 3020 2040 3099 ipso
2063 3035 2085 3079 :
2113 3017 2172 3078 si

2245 698 2303 753 et
2336 692 2581 752 mortuis
2613 687 2931 752 sanitatem
2956 689 3249 771 impertit.
3290 688 3508 751 Christi
3546 689 3778 769 quippe
3809 705 3917 747 re-

2244 782 2533 845 surrectio
2565 789 2623 843 et
2651 780 2860 860 gloria,
2898 788 3122 856 nostra,
3169 779 3270 861 qui
3303 780 3520 860 sepulti
3550 779 3706 841 infra
3732 779 3920 858 jace-

2245 890 2398 945 mus,
2425 870 2785 933 resurrectio
2810 879 2920 949 est,
2942 889 3073 950 quae
3094 887 3202 950 per
3240 868 3748 931 resurrectionem
3779 867 3919 946 ejus

2244 963 2307 1023 in
2337 961 2513 1023 nobis
2569 962 2654 1033 ﬁt,
2707 960 3063 1035 ostenditur,
3128 967 3187 1020 et
3242 968 3507 1040 apparet,
3570 966 3635 1019 ut
3692 965 3793 1019 est
3853 956 3917 1016 in

2248 1049 2623 1114 sanctissimo
2641 1049 3052 1129 responsorio,
3077 1046 3232 1129 quod
3267 1067 3370 1109 ore
3402 1056 3605 1112 nostro
3635 1044 3916 1127 quotidie

2247 1139 2686 1221 depromimus;
2743 1140 2970 1201 Christi
3020 1139 3517 1200 resurrectionem
3574 1135 3912 1215 speculati,

2248 1230 2569 1292 adoremus
2596 1236 2872 1291 sanctum
2906 1229 3235 1290 Dominum
3264 1231 3468 1290 Jesum
3485 1226 3799 1290 Christum
3811 1228 3920 1303 qui

2247 1318 2440 1382 solum
2462 1320 2631 1381 omni
2649 1326 2885 1398 peccato
2908 1324 3103 1380 vacat.
3131 1316 3235 1379 Ille
3266 1317 3425 1378 enim
3446 1335 3581 1380 cum
3596 1332 3914 1395 nunquam

2247 1415 2555 1490 peccatum
2587 1407 2771 1468 ullum
2806 1405 3134 1480 admiserit,
3188 1414 3253 1467 ut
3307 1406 3592 1487 scriptum
3644 1412 3762 1478 est,
3801 1422 3915 1464 nec

2246 1498 2426 1561 ullam
2484 1496 2688 1577 gloriae
2743 1515 2865 1558 suae
2946 1495 3421 1558 immutationem
3476 1492 3912 1576 quoquomodo

2247 1605 2482 1668 passus,
2517 1586 2618 1668 qui
2647 1592 2921 1664 resurget
2968 1585 3307 1667 aliquando,
3363 1591 3423 1647 et
3450 1583 3908 1666 gloriﬁcabitur,

2247 1678 2348 1759 qui
2378 1694 2555 1757 supra
2585 1676 2849 1747 modum,
2888 1682 2945 1736 et
2975 1694 3155 1755 supra
3201 1694 3438 1736 omnem
3469 1674 3903 1755 principatum,

2249 1775 2307 1828 et
2328 1772 2675 1847 potestatem
2707 1764 3070 1843 gloriﬁcatus
3103 1772 3213 1846 est,
3249 1772 3308 1825 et
3337 1762 3586 1825 manet?
3637 1761 3761 1824 Sed
3798 1778 3904 1821 re-

2245 1855 2558 1927 surrectio,
2596 1862 2654 1916 et
2682 1854 2871 1932 gloria
2916 1852 3157 1927 Christi,
3220 1861 3421 1915 nostra
3473 1861 3562 1915 est
3592 1852 3807 1931 gloria,
3847 1856 3913 1910 ut

2246 1945 2527 2020 diximus,
2560 1964 2691 2026 qua:
2722 1963 2828 2026 per
2876 1943 3383 2006 resurrectionem
3417 1942 3651 2004 scilicet
3679 1943 3819 2020 ejus
3850 1940 3911 2000 in

2246 2035 2422 2098 nobis
2454 2036 2539 2118 ﬁt,
2573 2043 2630 2096 et
2665 2034 2726 2096 in
2758 2033 2930 2095 nobis
2987 2033 3378 2114 conspicitur.
3412 2032 3563 2105 Quia
3593 2033 3756 2093 enim
3794 2049 3906 2092 no-

2248 2132 2370 2188 stra
2418 2124 2604 2187 semel
2645 2122 2987 2203 assumpsit,
3023 2142 3153 2204 quae
3184 2123 3243 2183 in
3275 2122 3449 2183 nobis
3481 2122 3610 2200 ipse
3640 2119 3806 2195 facit,
3842 2137 3910 2180 ea

2247 2214 2363 2277 sibi
2392 2214 2659 2276 ascribit.
2691 2212 2763 2275 Et
2792 2212 3293 2294 quemadmodum
3355 2212 3486 2292 ipse
3515 2209 3813 2283 Christus,
3849 2218 3910 2271 et

2245 2304 2404 2368 Deus
2453 2314 2657 2366 noster
2698 2302 2758 2363 in
2793 2320 2973 2364 cruce
3031 2319 3378 2382 suspensus,
3440 2318 3575 2362 cum
3602 2299 3664 2359 in
3699 2298 3903 2378 seipso

2247 2401 2492 2477 peccata
2521 2393 2729 2454 mundi
2758 2391 2924 2453 cruci
2948 2391 3248 2465 aliixisset,
3285 2398 3653 2470 mortemque
3686 2397 3898 2465 gusta-

2247 2476 2451 2560 visset,
2486 2483 2632 2545 etin
2680 2482 2887 2544 inﬁma
2943 2480 3165 2543 inferni
3219 2479 3647 2555 descendisset,
3682 2476 3905 2538 deinde

2250 2592 2485 2637 rursum
2519 2571 2859 2649 exstitisset,
2894 2571 2955 2633 in
3003 2571 3447 2633 immaculatum
3479 2587 3699 2648 corpus
3729 2585 3899 2627 suum

2250 2662 2517 2737 revertit,
2550 2681 2583 2723 a
2611 2680 2751 2742 quo,
2788 2680 2923 2723 cum
2976 2679 3047 2722 eo
3104 2660 3499 2722 descenderet
3528 2674 3898 2738 nequaquam

2253 2755 2572 2817 dissociata
2605 2759 2694 2813 est
2723 2752 2852 2832 ejus
2883 2750 3180 2821 divinitas,
3243 2749 3557 2830 statimque
3588 2767 3621 2809 a
3654 2744 3899 2808 mortuis

2251 2842 2620 2916 resurrexit;
2653 2860 2722 2903 ac
2752 2841 2970 2905 deinde
3002 2859 3136 2903 cum
3170 2839 3382 2900 virtute
3415 2847 3472 2899 et
3504 2837 3690 2917 gloria
3719 2835 3894 2896 multa

2252 2934 2316 2996 in
2342 2934 2555 2997 coelum
2588 2931 2859 2993 ascendit
2893 2949 2906 2993 :
2970 2930 3055 2993 sic
3114 2948 3259 2991 sane
3322 2937 3380 2989 et
3435 2947 3596 2989 nunc
3621 2925 3782 2987 nobis
3812 2921 3886 2981 de

2254 3024 2475 3087 mundo
2504 3020 2973 3103 egredientibus,
3009 3028 3067 3082 et
3122 3019 3450 3080 imitatione
3482 3017 3724 3098 quadam
3755 3029 3886 3093 pas-

514 3109 735 3217 tamenL
750 3107 1123 3217 permanetis
1146 3108 1214 3168 in
1256 3107 1376 3217 fide
1422 3108 1693 3217 fundati,
1728 3114 1784 3211 et
1812 3107 2077 3217 stabiles,
2113 3113 2169 3169 et

2255 3114 2439 3177 sionis
2470 3114 2597 3193 ejus
2628 3112 3011 3193 poenitentiae,
3064 3117 3123 3171 et
3165 3107 3517 3172 humilitatis
3548 3120 3893 3168 monumen-

511 3191 846 3283 immobiles
865 3196 1357 3278 aspeEvangelii
1376 3197 1823 3278 quodaudistis,
1843 3197 2004 3279 quod
2013 3191 2231 3277 prae-u
2254 3214 2379 3267 tum
2410 3191 2705 3283 quoddam
2738 3199 3151 3274 subeuntibus,
3205 3199 3333 3280 ipse
3366 3199 3439 3260 de
3469 3198 3616 3260 coelo
3652 3197 3898 3257 descen-

511 3281 778 3345 dicatum
794 3291 882 3346 est
896 3286 1375 3349 omnicreaturae
1392 3305 1528 3369 quae
1548 3286 1658 3350 sub
1695 3287 1833 3351 caelo
1854 3293 1966 3362 est,
1999 3287 2174 3367 cujus

512 3372 713 3452 factus
740 3390 876 3436 sum
905 3392 1014 3456 ego
1061 3374 1295 3438 Paulus
1324 3379 1610 3441 minister
1652 3377 1736 3438 62.
1796 3376 2173 3441 Christianus

516 3461 699 3538 enim,
716 3463 942 3545 quiper
964 3466 1499 3545 transgressionem
1531 3469 1943 3532 mandatorum
1974 3465 2171 3529 Evan-

512 3551 659 3634 gelii
688 3553 926 3617 Christo
957 3555 1205 3631 resistit,
1243 3564 1302 3619 et
1356 3576 1491 3620 cum
1548 3557 1671 3621 Deo
1733 3557 1957 3621 bellum
1990 3554 2165 3637 gerit,

2255 3296 2427 3369 dens,
2461 3311 2676 3373 corpus
2705 3297 2976 3357 nostrum
3022 3309 3131 3352 ceu
3180 3289 3518 3370 sepulcrum
3549 3285 3898 3364 ingreditur,

2254 3385 2579 3462 unitusque
2608 3381 2922 3445 animabus
2969 3377 3213 3454 nostris,
3269 3378 3700 3441 convenienter
3752 3390 3847 3435 eas
3874 3388 3904 3431 a

2258 3482 2450 3537 morte
2482 3473 2749 3537 suscitat.

2331 3563 2716 3629 Resurrectio
2746 3569 2941 3625 autem
2990 3561 3225 3636 animae,
3289 3566 3379 3621 est
3432 3557 3594 3619 illius
3624 3573 3767 3616 cum
3798 3551 3909 3612 vita

514 3640 1059 3737 _sib_imet,ac_Deo
1114 3646 1397 3710 inimicus
1452 3658 1546 3710 est
1602 3656 1661 3710 et
1690 3667 1825 3711 cum
1857 3663 2169 3737 eopaceﬂl
2214 3654 2614 3737 \conjunctio.
2679 3651 2841 3715 Sicut
2897 3652 3054 3713 enim
3116 3668 3332 3730 corpus
3403 3652 3726 3719 mortuum,
3796 3637 3908 3703 nisi

513 3729 740 3795 habere
750 3733 1095 3815 neutiquam
1112 3742 1327 3815 potest.
1344 3737 1621 3819 Eousque
1634 3737 1926 3820 siquidem
1941 3733 2172 3797 inimici

514 3826 690 3902 atque
746 3822 951 3885 hostes
997 3822 1107 3886 Dei
1159 3842 1389 3900 sumus,
1460 3826 1694 3890 etiamsi
1746 3826 2013 3888 ﬁdelium
2062 3842 2174 3885 nos

514 3910 913 4011 appellatione
939 3912 1227 3989 velemus,
1260 3915 2169 4011 qupusquefpassionibusigno-

518 4000 719 4062 miniae
748 4000 973 4064 servire
1022 4003 1541 4085 concupiscimus:
1590 4007 1918 4087 Apparuit,
1955 4003 2170 4084 inquit,

515 4090 725 4169 gratia
744 4088 862 4153 Dei
877 4097 934 4154 et
951 4091 1280 4157 Saluatoris
1300 4098 1493 4157 nostri
1512 4095 1790 4158 omnibus
1805 4092 2171 4174 hominibus,

512 4178 798 4243 erudiens
813 4197 945 4258 nos,
965 4187 1032 4245 ut
1048 4180 1421 4262 abnegantes
1436 4186 1890 4265 impietatemet
1910 4181 2171 4247 swcula-

517 4269 620 4332 ria
635 4267 941 4333 desideria
974 4274 1095 4353 pie,
1138 4272 1355 4350 sobrie,
1393 4281 1451 4335 et
1476 4276 1641 4355 juste
1676 4280 1953 4337 vivamus
1974 4275 2043 4335 in
2064 4274 2176 4335 hoc

519 4358 740 4422 saeculo
758 4358 846 4421 65.
866 4358 1051 4441 Igitur
1067 4361 1298 4443 quinon
1312 4362 1579 4445 pievivit,
1596 4363 1815 4446 impius
1837 4371 1950 4427 est.
1977 4363 2055 4426 Et
2082 4362 2185 4442 qui

2256 3733 2517 3808 animam
2534 3742 2828 3805 viventem
2848 3743 2907 3802 in
2928 3760 2993 3802 se
3014 3739 3286 3821 recipiat,
3324 3744 3383 3799 et
3418 3754 3554 3797 cum
3590 3753 3661 3796 ea
3688 3733 3910 3811 absque

2258 3833 2538 3896 mistione
2570 3832 2911 3905 misceatur,
2961 3848 3080 3891 non
3138 3827 3377 3902 dicitur,
3432 3844 3543 3886 nec
3575 3822 3693 3885 dici
3720 3826 3914 3903 potest

2256 3923 2506 3987 vivere:
2559 3921 2645 3983 sic
2688 3939 2800 3982 nec
2850 3920 3047 3981 anima
3105 3918 3233 3981 sola
3290 3934 3397 3996 per
3426 3914 3683 3992 seipsam
3716 3913 3910 3972 vivere

2258 4019 2479 4092 potest,
2514 4008 2628 4069 nisi
2663 4008 2839 4069 modo
2896 4007 3151 4088 quodam
3194 4002 3624 4085 inexplicabili,
3652 4001 3912 4078 citraque

2256 4098 2668 4161 confusionem
2701 4116 2833 4159 cum
2866 4100 3010 4178 Deo,
3047 4095 3150 4174 qui
3206 4112 3346 4156 vere
3405 4092 3522 4154 vita
3552 4098 3780 4152 aeterna
3805 4095 3908 4178 est,

2257 4188 2654 4263 consocietur,
2682 4173 3025 4262 et,uniatur.
3060 4184 3234 4248 Unita
3253 4191 3447 4246 autem
3479 4179 3625 4255 Deo,
3666 4198 3803 4240 mox
3837 4173 3907 4248 ei,

2263 4279 2365 4361 qui
2395 4279 2476 4340 ita
2503 4297 2636 4340 cum
2665 4277 2902 4340 Christo
2959 4274 3309 4349 resurrexit,
3345 4270 3614 4352 mysticae
3643 4282 3915 4361 resurre-

2268 4357 2481 4432 ctionis
2514 4387 2634 4430 sua:
2663 4367 2909 4446 gloriam
2961 4365 3250 4428 cernendi
3297 4361 3633 4425 facultatem
3667 4357 3910 4440 praebet.

525 4447 883 4553 n9n.s°br_i,e
911 4468 981 4553 ἓξ)
1008 4451 1171 4553 lus“?
1199 4453 1375 4553 νίίδξη
1406 4445 1692 4530 "admit;
1719 4453 1971 4553 mgnum
2016 4452 2420 4553 3b8§lDHinc
2450 4445 2743 4520 dicimus:
2798 4458 2959 4520 Deus
3009 4458 3324 4529 Dominus,
3369 4457 3427 4513 et
3482 4450 3692 4553 illuxit
3714 4445 3909 4549 nobis.

522 4544 591 4600 ut
621 4538 677 4600 ei
706 4539 895 4618 gratia
921 4539 1034 4603 Dei
1088 4541 1360 4605 salutaris
1417 4550 1721 4624 appareat.
1781 4541 1853 4604 Et
1882 4538 2245 4623 quomodou
2268 4554 2341 4614 Et
2366 4548 2695 4610 secundum
2726 4546 3128 4624 signiﬁcantes
3148 4544 3487 4615 adventum,
3514 4538 3861 4617 subjicimus
3896 4551 3908 4593 :

519 4627 620 4691 hic
642 4629 1116 4694 Christianorum
1138 4633 1348 4695 ordine
1376 4639 1433 4696 et
1451 4633 1582 4695 loco
1605 4631 2180 4711 censeatur‘llngre-

523 4717 696 4783 diens
722 4738 864 4785 vero
896 4723 1188 4805 templum
1220 4723 1479 4799 Domini,
1514 4723 1657 4806 quid
1695 4722 1897 4787 dicet?
1955 4722 2175 4803 gratias

521 4817 676 4889 aget,
703 4829 780 4873 an
827 4819 988 4893 petet
1017 4813 1043 4875 ’ἰ
1088 4811 1151 4877 Si
1180 4814 1355 4890 illud,
1392 4823 1585 4877 semet
1614 4813 1784 4891 fallit,
1819 4820 2022 4891 utpote
2056 4832 2177 4874 non

521 4897 775 4976 habens,
811 4920 947 4965 cum
979 4922 1098 4965 non
1146 4903 1469 4986 acceperit,
1518 4912 1581 4966 et
1610 4904 2009 4986 nequidquam
2039 4921 2177 4982 gra-

521 4987 637 5053 tias
663 5008 867 5070 agens.
905 4991 969 5056 Si
996 4994 1133 5069 hoc,
1189 5014 1306 5077 qua
1338 4994 1626 5073 petitione
1646 4993 1677 5055 ‘?
1705 5014 1880 5076 quam
1914 5014 2033 5056 non
2064 5013 2179 5055 no-

524 5078 634 5159 vit,
655 5087 713 5143 et
732 5099 906 5163 quam
930 5082 1206 5163 ignorat?
1227 5084 1389 5147 Talis
1412 5084 1631 5147 nullius
1656 5084 1850 5166 pretii,
1905 5092 1964 5148 et
1995 5083 2183 5146 inuti-

527 5168 605 5232 lis
658 5178 769 5250 est,
840 5179 1118 5255 tanquam
1202 5174 1572 5251 incredulus,
1664 5181 1722 5236 et
1778 5182 2069 5255 mortuus,
2129 5182 2188 5235 et

529 5260 777 5323 atheus:
812 5262 1179 5330 incredulus.
1215 5264 1497 5346 quoniam
1541 5264 1755 5329 Christi
1786 5262 2184 5326 resurrectio-

529 5367 669 5414 nem
712 5371 833 5415 non
863 5355 1149 5439 suscepit,
1184 5373 1564 5436 summopere
1598 5355 1921 5437 mentiens,
1954 5373 2090 5416 cum
2120 5354 2181 5414 in

528 5441 761 5506 cantico
777 5443 950 5509 dicit:
969 5445 1212 5510 Christi
1228 5447 1741 5510 resurrectionem
1751 5445 2048 5528 speculati
2065 5451 2181 5506 etc.

2265 4638 2630 4702 Benedictus
2660 4638 2768 4717 qui
2797 4637 2957 4698 venit
2986 4636 3052 4697 in
3082 4633 3327 4696 nomine
3377 4630 3622 4695 Domini
3636 4628 3735 4717 64.
3757 4624 3913 4688 Hanc

2261 4716 2769 4790 resurrectionem
2794 4723 2894 4806 qui
2912 4722 3139 4804 liquido
3162 4741 3278 4784 non
3304 4720 3447 4782 vidit
3469 4721 3701 4800 (utpote
3724 4716 3909 4806 incre-

2264 4816 2461 4889 dulus,
2493 4814 2710 4895 impius
2740 4804 2827 4875 ac
2858 4819 3172 4889 mortuus),
3228 4829 3339 4872 nec
3391 4808 3693 4871 Christum
3718 4804 3912 4868 Jesum

2262 4912 2329 4967 ut
2376 4911 2672 4977 sanctum,
2710 4921 2779 4964 nc
2821 4901 3139 4963 Dominum
3173 4898 3422 4961 adorare
3456 4904 3650 4975 potest
3685 4915 3699 4954 :
3737 4895 3913 4955 Nemo

2266 4994 2453 5067 enim,
2482 4992 2695 5073 inquit,
2712 4998 2911 5072 potest
2928 4991 3168 5053 dicere:
3200 4988 3490 5051 Dominus
3506 4984 3703 5058 Jesus,
3720 4981 3842 5045 nisi
3856 4980 3913 5073 in

2266 5084 2504 5165 Spiritu
2524 5069 2727 5146 sancto
2767 5080 2851 5144 65.
2890 5079 2960 5141 Et
2995 5078 3175 5140 alibi:
3212 5077 3481 5156 Spiritus
3527 5081 3611 5137 est
3647 5074 3825 5141 Deus,
3846 5069 3914 5165 et

2269 5158 2375 5254 qui
2402 5172 2667 5235 adorant
2696 5190 2855 5247 eum,
2904 5172 2972 5231 in
3016 5169 3239 5250 spiritu
3291 5174 3348 5229 et
3398 5166 3659 5227 veritate
3687 5158 3915 5254 oportet

2268 5247 2652 5339 adora-M66;
2686 5263 2801 5323 hoc
2832 5267 2943 5340 est,
2978 5247 3292 5338 in‘Spiritu
3342 5262 3568 5329 sancto,
3604 5262 3661 5316 et
3689 5254 3748 5315 in
3782 5247 3910 5340 uni:

2267 5351 2470 5434 genito
2504 5333 2647 5433 ejus
2683 5350 2856 5414 Filio.
2916 5333 3027 5413 Hic
3082 5333 3277 5410 autem
3334 5344 3596 5407 infidelis
3653 5352 3763 5419 est,
3818 5333 3911 5420 qui

2266 5442 2446 5505 ﬁdem
2478 5460 2585 5524 per
2613 5459 2795 5523 opera
2824 5459 2943 5502 non
2976 5437 3261 5515 ostendit,
3280 5435 3520 5517 quando
3546 5434 3693 5522 ﬁdes
3711 5445 3909 5495 secun-

530 5611 843 5695 55714116.
875 5614 1072 5695 11,714.
1156 5618 1222 5670 58
1251 5617 1406 5682 Psal.
1441 5633 1622 5695 cxvu,
1650 5615 1757 5682 27.
1840 5598 1905 5671 39
1927 5614 2169 5680 Malae.)

2255 5614 2291 5679 5.
2374 5611 2632 5695 (illitam.
2662 5628 2721 5690 v,
2756 5613 2816 5675 1.
2900 5608 3203 5695 61_Ephes.
3235 5623 3301 5685 11,
3336 5607 3435 5670 14.
3520 5604 3586 5655 62
3613 5603 3831 5670 Coloss.
3864 5612 3903 5671 ι,

528 5692 739 5763 9οο23.
823 5694 891 5749 63
915 5689 1036 5761 Tit.
1058 5689 1134 5777 in,
1168 5697 1268 5764 42.
1350 5699 1417 5751 ϐι
1444 5689 1617 5764 Matt;
1638 5716 1759 5779 XXI,
1791 5698 1855 5763 9.
1941 5697 2007 5751 65
2032 5695 2060 5761 Ι
2088 5697 2169 5763 Co

2258 5711 2364 5774 xu,
2397 5694 2455 5759 3.
2542 5693 2608 5745 66
2634 5696 2803 5757 Joan.
2837 5708 2921 5770 Iv,
2952 5689 3056 5755 24.
3960 5720 3971 5725 -
