4160 6404
511 288 634 416 34ἐ
1806 338 2159 407 SYMEONIt

2244 340 2596 406 IUNIORIS.
3799 344 3917 408 344

511 500 649 548 cum
677 479 957 558 afﬁrmet,
989 474 1355 560 improbitati
1400 493 1470 539 ac
1525 473 1867 558 petulantiae
1895 473 2168 535 nuntium
2189 475 2505 544 Acandus,
2529 482 2593 536 ut
2609 493 2711 538 eos
2731 473 2963 538 Satanae
3003 478 3192 538 tradat
3232 478 3296 538 in
3342 477 3646 539 interitum
3675 476 3909 548 carnis,

507 573 822 639 remittere
851 590 918 634 se
972 570 1148 653 plane
1207 587 1327 630 non
1386 585 1586 649 posse,
1647 565 1710 628 ni
1754 573 1890 654 ante
1921 583 1955 626 e
1985 562 2170 654 rebus
2252 582 2366 654 quo
2398 564 2640 654 spiritus
2669 565 2935 626 salvetur
2983 564 3044 626 in
3094 566 3192 627 die
3247 567 3504 629 Domini.
3539 566 3685 639 Quid
3725 584 3910 654 porro

510 661 919 747 spurcissimis
969 651 1302 722 satietatem
1363 656 1628 738 ceperit:
1689 653 2063 747 potissimum
2117 651 2168 712 si
2251 653 2370 747 vult
2396 651 2787 747 tradiSatanaa
2827 654 2894 747 in_
2937 654 3243 747 interitum
3286 654 3528 717 carnis?
3557 663 3616 716 ut
3650 652 3908 724 morbis,

509 742 956 818 immaculatum
989 748 1209 814 Christi
1263 765 1501 829 corpus,
1563 765 1630 808 ac
1662 746 1986 827 pretiosum
2020 759 2161 803 san-
2250 749 2308 804 et
2335 742 2755 818 incommodis,
2781 755 2835 805 et
2863 743 3190 824 doloribus,
3220 752 3278 806 et
3301 745 3506 824 plagis,
3542 754 3598 806 et
3626 743 3905 805 vulneri—

509 843 752 926 guinem
783 858 1020 904 sumere
1051 858 1171 901 non
1201 835 1578 926 dubitaverit.
1705 922 1716 926 Α
1835 921 1847 926 _
2245 830 2535 926 buspene
2564 832 3130 926 i—mmedicabilibus,
3185 841 3241 896 et
3271 835 3471 914 variis,
3501 842 3676 915 atque
3708 834 3908 895 omni-

591 931 696 997 Vae
724 941 848 993 tum
881 929 939 993 ei
971 928 1072 1011 qui
1101 925 1452 1009 porrexerit,
1484 934 1613 988 tum
1665 922 1722 985 ei
1752 921 1852 1003 qui
1885 937 2158 1000 sumpse-
2244 922 2412 1000 genis
2443 923 2945 984 invaletudinibus
2977 940 3194 1004 corpus
3237 925 3503 1003 jactetur
3533 943 3601 984 ac
3632 923 3912 984 lancine-

505 1026 606 1088 rit.
642 1024 818 1096 Huic,
851 1021 989 1102 quia
1018 1037 1133 1100 quo
1191 1017 1416 1097 majore
1476 1035 1610 1078 cum
1642 1011 2022 1094 improbitate
2040 1030 2155 1102 _su~
2243 1019 2358 1093 tur,
2391 1013 2890 1092 quemadmodum
2921 1013 3192 1075 diabolus
3219 1013 3330 1076 Job
3367 1014 3661 1094 percussit
3691 1014 3898 1074 ult-ere

509 1113 640 1183 mit.
666 1130 738 1174 eo
760 1100 946 1190 magis
970 1115 1208 1190 propter
1227 1104 1712 1186 imprudentiam,
1758 1111 1814 1164 et
1844 1100 2152 1164 audaciam
2240 1103 2525 1182 pessimo,
2575 1119 2607 1163 a
2657 1102 2906 1181 pedibus
2933 1121 3118 1183 usque
3150 1103 3221 1164 ad
3257 1105 3539 1165 verticem
3577 1126 3590 1162 :
3654 1112 3723 1164 ut
3759 1124 3902 1183 pro-

507 1201 817 1266 diabolicaa
845 1189 1117 1280 potestati
1172 1195 1509 1276 subjicitur,
1569 1193 1892 1256 derelictus
1943 1210 1976 1251 a
2008 1190 2150 1280 Deo,
2239 1198 2368 1280 pter
2427 1189 2848 1252 contritionem
2907 1193 3174 1271 corporis
3231 1210 3566 1273 quanquam
3600 1193 3774 1254 inviti
3805 1214 3904 1256 sa-

507 1293 660 1355 sicut
683 1291 745 1352 in
768 1279 934 1352 sacro
958 1285 1276 1365 Evangelia
1309 1285 1595 1366 scriptum
1619 1283 1871 1362 legimus
1897 1279 2150 1360 deluda,
2239 1279 2422 1360 piant,
2457 1288 2513 1340 et
2565 1281 2723 1362 quod
2781 1280 2912 1342 sani
2960 1281 3334 1361 refugerunt,
3398 1290 3522 1342 tum
3547 1283 3895 1360 gemitibus,

507 1400 642 1445 cum
675 1378 964 1444 Dominus
993 1377 1055 1440 in
1087 1394 1255 1438 coena
1284 1375 1385 1438 illa
1409 1374 1610 1436 divina
1632 1372 1957 1434 buccellam
1981 1370 2160 1431 intin-
2242 1369 2626 1450 cruciatuque
2657 1379 2962 1450 praestent.
2997 1370 3154 1432 Deus
3185 1371 3344 1433 enim
3360 1375 3557 1433 anima
3591 1382 3903 1452 peccante,

504 1478 658 1533 ctam
691 1469 746 1531 ei
777 1465 1158 1549 porrexisset,
1194 1465 1416 1545 illeque
1445 1462 1799 1544 accepisset,
1833 1459 2028 1522 statim
2058 1458 2159 1520 Sa-
2241 1477 2457 1539 corpus
2489 1460 2561 1549 ad
2587 1479 2819 1549 poenam
2844 1469 3031 1524 vocat.
3074 1460 3419 1523 Sanctitudo
3457 1471 3655 1523 autem
3689 1463 3904 1526 divinae

502 1566 700 1623 tanam
759 1547 821 1620 in
875 1575 1013 1619 eum
1076 1554 1411 1618 intravisse.
1473 1553 1588 1627 Illi,
1651 1551 1791 1633 quia
1839 1549 2158 1630 purissimo
2242 1547 2682 1609 communionis
2713 1559 2957 1630 peccata
3016 1550 3400 1630 dispellendi,
3459 1551 3798 1632 animaeque
3828 1553 3899 1615 ab

501 1640 2154 1731 corpore,etsanguineDominidignatusest,hominem,
2241 1635 2578 1712 affectione,
2614 1638 2987 1731 etimpulsu
3039 1641 3112 1701 ad
3166 1659 3238 1702 ea
3303 1641 3624 1719 purgandae
3683 1643 3801 1704 vim
3836 1663 3900 1706 ac

502 1727 744 1820 qui—nec
763 1727 1308 1841 pedemintemplo
1334 1734 1463 1813 ejus
1489 1751 1713 1841 potuere
1750 1730 1965 1832 dignus
2137 1746 2149 1790 :
2180 1733 2596 1841 Bpotestatem
2627 1727 2879 1841 validam
2939 1729 3136 1791 habet.
3202 1729 3269 1791 Et
3319 1731 3473 1792 sicut
3520 1730 3580 1791 in
3614 1751 3733 1793 uno
3767 1752 3903 1795 vase

501 1814 745 1909 quicum
765 1814 956 1888 etiam
1015 1823 1216 1887 cibum
1273 1814 1502 1904 capere,
1544 1819 1884 1884 Christiano
1915 1817 2159 1880 cuilibet
2181 1814 2418 1909 “ignis,
2447 1824 2505 1877 et
2527 1835 2680 1897 aqua
2703 1816 2879 1909 simul
2925 1837 3056 1880 esse
3087 1828 3428 1896 nequeunt:
3464 1821 3545 1880 ita
3575 1840 3688 1882 nec
3720 1842 3898 1882 mun-

499 1903 1118 1979 interdictumest15i
1143 1913 1282 1994 quis
1304 1903 1490 1993 enim,
1515 1909 2160 1991 aitApostolus,frater
2244 1903 2556 1994 dissimum
2595 1905 2813 1970 Christi
2843 1927 3084 1989 corpus,
3121 1916 3179 1970 et
3209 1908 3556 1971 detestabile
3591 1920 3898 1990 peccatum

499 1997 885 2071 nominatur,
919 2001 977 2058 et
1007 2001 1094 2058 est
1122 1993 1228 2056 aut
1253 1995 1615 2071 fornicator.
1647 2000 1749 2054 aut
1772 2007 2022 2080 auarus,
2057 1995 2163 2080 aut
2243 1993 2304 2053 in
2335 2012 2451 2055 uno
2483 1994 2817 2077 eodemque
2851 1997 3200 2060 christiano.
3235 1997 3400 2070 Quod
3437 1998 3486 2058 si
3520 2017 3727 2062 amore
3756 2021 3895 2080 pec-

498 2085 856 2168 maledicus,
877 2092 984 2148 aut
1006 2079 2162 2170 ebriosus,autrapaxmumhuiusmodi
2245 2083 2418 2144 candi
2481 2084 2772 2161 irretitus,
2826 2085 2964 2146 dum
3028 2093 3292 2148 sanctam
3353 2086 3572 2149 Christi
3631 2079 3897 2170 carnem,

497 2194 609 2241 nec
638 2175 840 2239 cibum
872 2191 1108 2237 sumere
1131 2173 1218 2238 70.
1252 2172 1464 2235 Viden‘
1495 2171 1792 2253 quomodo
1823 2187 1934 2230 nec
1974 2168 2156 2260 frater
2237 2173 2739 2256 impollutumque
2770 2176 3125 2253 sanguinem
3188 2178 3523 2260 participat,
3585 2180 3747 2244 illico
3780 2168 3894 2242 non

498 2271 612 2338 θεῖ,
645 2263 760 2326 niSi
795 2264 922 2325 8010
954 2261 1197 2325 nomine
1226 2261 1257 2323 Ἰ
1318 2272 1378 2322 ﬁt
1409 2261 1752 2324 damnatum
1786 2277 1915 2320 esse
1949 2257 2154 2338 prodi-
2238 2264 2465 2341 interit,
2500 2264 2581 2326 ibi
2613 2273 2809 2328 tamen
2842 2257 3210 2338 reconditur,
3242 2269 3346 2329 ubi
3369 2257 3592 2330 vermis
3622 2288 3748 2332 non
3773 2291 3893 2333 mo-

498 2361 716 2436 torem,
742 2352 1038 2434 siquidem
1054 2351 1359 2414 hominem
1380 2350 1975 2432 peccandotanquam
2005 2346 2158 2437 avia
2240 2355 2428 2428 ritur,
2461 2363 2518 2416 ει
2551 2356 2709 2434 ignis
2739 2374 2861 2417 non
2888 2359 3308 2437 exstinguitur
3357 2359 3440 2421 75_
3498 2357 3892 2430 Quamobrem

497 2443 946 2524 deﬂectentem,
982 2449 1042 2504 et
1089 2442 1491 2516 aberrantem,
1543 2439 1870 2520 perfectum
1903 2436 2156 2499 Deiini-
2241 2443 2292 2505 si
2337 2443 2470 2504 talis
2526 2443 2588 2504 in
2666 2465 2904 2507 omnem
2995 2436 3387 2508 agtémitatem
3460 2464 3594 2509 cum
3657 2449 3889 2512 diabolo

497 2533 720 2596 micum
752 2531 1036 2596 reddidit.
1067 2529 1185 2594 Sed
1208 2531 1344 2592 talis
1373 2529 1606 2612 placide
1638 2527 1961 2608 rogandus,
1996 2528 2152 2618 futu-
2236 2528 2433 2612 ignem
2471 2533 2738 2613 perferre
2771 2545 2982 2617 potest,
3045 2536 3346 2617 intrepide
3406 2537 3746 2618 participet.
3786 2539 3884 2603 Sin

495 2641 822 2704 rarumque
853 2629 912 2684 et
974 2620 1354 2683 horribilium
1406 2637 1711 2701 pinnarum
1745 2616 2156 2699 peccatoribus
2239 2630 2458 2693 autem,
2481 2623 2790 2704 expeditei
2822 2625 2895 2686 ad
2931 2616 3166 2705 tempus
3198 2616 3229 2686 e
3262 2616 3431 2687 sacra
3462 2629 3884 2690 communione

502 2712 881 2776 decretarum
910 2709 1311 2790 redingranda
1335 2708 1425 2770 illi
1450 2707 1768 2797 memoria,
1799 2714 1857 2766 et
1887 2725 2154 2797 commo-
2239 2710 2452 2786 arceri,
2486 2719 2546 2772 et
2600 2714 2911 2792 poenitere,
2974 2713 3116 2775 item
3173 2714 3519 2794 aliquandiu
3579 2715 3884 2797 indulgere

503 2800 918 2875 nefaciendus,
950 2806 1050 2862 aut
1077 2799 1264 2861 instar
1319 2796 1464 2859 caeci
1523 2815 1701 2857 manu
1731 2796 2040 2886 ducendus
2071 2802 2161 2856 est
2240 2799 2536 2880 lacrymis,
2566 2802 2843 2882 quodque
2891 2803 2963 2864 ad
3022 2822 3086 2864 se
3143 2804 3378 2878 attinet,
3442 2805 3657 2867 sudare
3688 2796 3881 2886 paulu-

508 2892 678 2974 (nam
711 2890 901 2953 oculis
924 2888 1162 2950 orbatos
1186 2907 1303 2950 non
1329 2887 1630 2968 punimus,
1655 2885 1760 2948 sed
1785 2903 1962 2948 manu
1995 2885 2160 2946 duci-
2243 2889 2390 2965 lum,
2426 2889 2661 2952 frenare
2689 2892 3082 2973 aliquantum,
3117 2911 3184 2955 ac
3214 2893 3470 2955 domitas
3501 2885 3712 2956 habere
3742 2895 3874 2955 libi-

508 2982 684 3060 mus),
721 2988 820 3042 aut
846 2987 911 3041 ut
938 2979 1189 3040 demens
1217 2976 1617 3050 miserandus,
1649 2983 1714 3038 ut
1745 2975 1847 3056 qui
1876 2974 2161 3036 adiabolo
2188 3051 2222 3063 Α
2245 2977 2438 3051 dines,
2474 2997 2542 3040 ac
2577 2987 2698 3040 tum
2729 2980 2967 3042 demum
2994 2983 3156 3043 nullo
3182 2983 3431 3063 periculi
3457 2995 3873 3046 metucommu-

499 3051 750 3134 vexetur
780 3089 897 3151 quo
929 3067 1173 3131 auribus
1201 3067 1316 3128 sibi
1372 3086 1406 3128 a
1462 3065 1716 3128 Domino
1763 3051 1885 3127 Deo
1915 3065 2158 3146 apertis,
2183 3051 2224 3112 ί]
2247 3067 2470 3142 nicare,
2504 3069 2575 3129 ad
2605 3070 3029 3150 expellendum
3062 3051 3520 3145 introgressum,
3558 3073 3877 3153 tirannyee-

505 3159 879 3242 impietatem
911 3175 1078 3219 suam
1107 3156 1427 3237 aliquando
1459 3163 1802 3236 cognoscat,
1827 3153 2163 3235 iterumque
2244 3175 2361 3237 que
2392 3157 2464 3218 ad
2491 3158 2814 3234 lasciviam,
2849 3161 3113 3242 aliasque
3161 3161 3534 3240 impuritates
3565 3163 3886 3222 sollicitan-

501 3267 613 3331 per
641 3247 1050 3331 paenitentiam
1081 3246 1154 3308 ad
1186 3245 1453 3308 fidelium
1491 3247 1761 3308 ordinem
1776 3252 2158 3323 aggregetur.

499 3337 664 3402 Talis
696 3336 855 3402 enim
888 3337 951 3399 in
1002 3335 1369 3418 impietatem
1427 3336 1568 3416 ruit,
1629 3333 1731 3415 qui
1782 3333 1832 3394 si
1865 3333 2159 3396 Christum

499 3436 704 3492 sancte
735 3427 1043 3504 coluisset,
1077 3433 1136 3488 et
1189 3425 1378 3488 Deum
1440 3443 1572 3486 esse
1629 3422 2026 3502 cognovisset,
2060 3423 2161 3503 qui

500 3537 622 3582 non
651 3518 774 3581 vult
805 3516 1205 3598 iniquitatem,
1231 3514 1398 3595 juxta
1447 3513 1631 3576 illud:
1684 3511 1824 3575 Non
1859 3512 2163 3575 habitabit

500 3611 680 3688 iuxta
701 3616 759 3672 te
781 3607 1112 3688 malignus,
1135 3623 1325 3686 neque
1341 3601 1789 3686 permanebunt
1810 3602 2007 3680 iniqui
2023 3610 2164 3664 ante

502 3697 710 3761 oculos
727 3703 857 3760 tuos
870 3697 925 3746 7i
937 3745 951 3760 .
976 3695 1076 3756 Et:
1101 3694 1216 3756 Odi
1223 3694 1561 3757 tDo-minus
1578 3709 1780 3754 omnes
1790 3695 1896 3771 qui
1909 3709 2161 3772 operan-

504 3795 608 3849 tur
633 3787 1028 3867 iniquitatem
1040 3781 1128 3858 72,
1153 3800 1371 3863 pavore
1394 3801 1462 3843 ac
1486 3789 1646 3843 metu
1688 3799 1752 3842 se
1783 3781 2163 3866 contrahens,

495 3893 714 3957 corpus
793 3874 924 3954 ejus
981 3871 1327 3952 contingere
1386 3870 1700 3950 noluisset,
1763 3887 1840 3930 ne
1895 3870 2162 3949 angelica

493 3963 846 4045 rhomphaea
875 3979 1202 4043 percussus
1232 3959 1525 4022 interiret.

492 4044 1013 4116 verumenimvero
1071 4049 1212 4132 quia
1261 4049 1441 4130 hujus
1497 4047 1736 4130 generis
1794 4066 1914 4110 non
1988 4044 2160 4129 pauci

499 4145 564 4207 in
591 4141 838 4217 mundo,
876 4158 1075 4203 coram
1105 4138 1449 4202 hominibus
1480 4137 1906 4201 erubescentes
1967 4137 2161 4219 (nimi-

495 4251 630 4297 rum
661 4250 739 4294 ne
789 4228 1018 4310 indigni
1047 4228 1382 4308 videantur)
1416 4227 1616 4289 divina
1653 4227 2007 4309 participare
2041 4246 2160 4288 non

499 4321 904 4386 reformidant
933 4338 1086 4400 quos
1116 4318 1168 4380 si
1198 4318 1336 4398 quis
1366 4317 1438 4380 ab
1467 4336 1538 4380 ea
1566 4317 1810 4379 audacia
1839 4317 2156 4393 deterreat,

2246 3254 2367 3308 tem
2392 3244 2699 3308 Satanam.
2724 3248 2955 3310 Etenim
2983 3250 3082 3331 qui
3110 3251 3383 3332 turpibus
3413 3251 3598 3312 rebus
3630 3253 3892 3332 impense

2246 3335 2596 3412 delectatur,
2645 3339 2802 3399 haud
2865 3358 2970 3420 per
3026 3359 3089 3401 se
3148 3341 3207 3401 id
3251 3340 3412 3410 facit,
3473 3341 3577 3401 sed
3637 3341 3711 3402 ab
3769 3342 3891 3422 ipso

2244 3423 2480 3486 diabolo
2508 3426 2822 3508 impulsus,
2856 3429 2955 3489 cui
3006 3429 3078 3490 ab
3140 3430 3270 3510 ipso
3331 3433 3651 3504 inescatus,
3686 3433 3895 3492 ostium

2243 3515 2541 3595 appetitus
2573 3517 2665 3578 sui
2721 3518 3036 3598 voluptarii
3097 3520 3405 3592 reseravit,
3465 3527 3527 3579 ut
3558 3520 3699 3581 inde
3725 3528 3898 3601 caput

2247 3622 2418 3666 suum
2447 3605 2760 3685 proferret'
2813 3606 2883 3667 Et
2914 3627 3073 3670 nunc
3103 3608 3326 3670 sensim
3361 3609 3686 3687 ingressus,
3725 3611 3896 3690 plane

2246 3702 2311 3754 ut
2339 3713 2520 3775 super
2547 3695 2831 3757 lectulum
2871 3697 3068 3758 cordis
3095 3697 3338 3759 recubat
3373 3718 3386 3758 :
3426 3697 3674 3778 perinde
3707 3708 3774 3760 ut
3803 3697 3899 3779 qui

2248 3782 2673 3846 adaamonibus
2707 3785 3021 3864 agitantur,
3057 3806 3214 3867 smpe
3245 3807 3379 3848 cum
3411 3790 3710 3863 voluptate
3744 3799 3896 3850 ster-

2250 3891 2354 3934 cus
2385 3874 2686 3937 devorant.
2721 3874 2888 3946 Quod
2934 3877 3190 3954 cogitare
3221 3894 3422 3936 secum
3475 3876 3680 3947 debet,
3717 3894 3892 3958 quem

2246 3971 2489 4043 propter
2519 3965 2762 4025 multam
2790 3965 2896 4026 Dei
2929 3964 3427 4041 misericordiam,
3461 3965 3891 4028 visitationem-

2245 4071 2360 4132 que
2403 4071 2651 4132 serpens
2681 4053 2958 4134 antiquus
2989 4056 3075 4115 vel
3135 4054 3376 4135 paulum
3408 4073 3620 4136 sapere
3655 4057 3894 4136 patitur,

2246 4149 2304 4202 et
2333 4142 2405 4203 ad
2437 4142 2736 4206 Christum
2771 4142 3111 4220 confugere,
3173 4143 3278 4222 qui
3309 4147 3471 4204 solus
3499 4153 3556 4204 et
3586 4146 3890 4206 dmmones

2243 4228 2507 4308 abigere,
2558 4239 2614 4292 et
2671 4238 2786 4291 tam
2847 4231 3031 4293 animi
3089 4251 3269 4314 quam
3330 4233 3600 4314 corporis
3660 4235 3899 4297 morbos

2241 4320 2544 4400 appellere
2580 4319 2734 4401 potis
2766 4329 2877 4382 est.

493 4411 793 4474 molestus
820 4388 1080 4484 videtur,
1113 4415 1172 4473 et
1222 4388 1496 4472 convicia
1550 4406 1801 4488 recepit,
1837 4425 1957 4468 non
1989 4407 2148 4468 enim
2183 4388 2232 4450 D
2279 4388 2298 4400 ’
2321 4388 2508 4471 l’orro
2532 4388 2688 4472 scire
2715 4410 2872 4483 licet,
2916 4411 3180 4492 quinque
3211 4412 3521 4474 hominum
3555 4431 3778 4492 genera
3805 4433 3897 4474 sa—

492 4500 859 4581 intelligunt,
881 4517 946 4561 se
971 4497 1033 4560 id
1057 4497 1281 4580 facere,
1307 4497 1464 4580 quod
1499 4496 1877 4571 erubescant,
1895 4497 2149 4558 sedcum
2233 4500 3064 4562 cracommunioneasanctis
3089 4502 3361 4563 Patribus
3421 4503 3658 4563 excludi
3720 4504 3903 4566 Primi

491 4590 874 4654 immaculata
902 4589 1328 4651 communione
1361 4586 1774 4668 prohibentur,
1833 4585 2154 4648 incitantur
2235 4596 2371 4649 sunt
2408 4589 2844 4663 catechumeni,
2901 4598 3106 4670 utpote
3166 4591 3465 4670 baptismo
3501 4593 3770 4653 nondum
3805 4610 3901 4653 ex-

492 4681 754 4763 amplius
783 4687 848 4742 ut
903 4697 1036 4742 sese
1068 4678 1131 4740 in
1179 4677 1540 4759 vecordiam,
1574 4696 1873 4739 summum
1901 4684 2163 4737 contem.

493 4781 686 4853 ptum,
711 4767 1748 4852 desperationem,perditionemque
1766 4767 2156 4847 praecipitent,

492 4880 607 4924 nec
635 4881 671 4924 a
719 4869 880 4924 tanto
935 4858 1232 4941 periculo,
1290 4865 1508 4940 quanto
1542 4857 1734 4936 majus
1765 4875 1876 4918 nec
1903 4863 2012 4933 est,
2049 4876 2160 4918 nec

491 4950 604 5014 fuit
625 4950 756 5032 (per
774 4950 1078 5029 indignam
1103 4949 1323 5030 quippe
1356 4947 1869 5027 communionem,
1894 4947 2161 5025 corporis

494 5039 740 5117 Christi,
775 5046 835 5101 et
879 5036 1475 5118 sanguinisreiﬁunt)
1497 5055 1599 5098 eos
1615 5035 1917 5097 revocanti
1938 5034 2156 5113 gratias

493 5136 695 5211 agent;
712 5127 855 5210 quid
881 5135 1078 5190 autem
1104 5125 1569 5201 intolerabilius,
1594 5144 1769 5208 quam
1797 5124 2155 5205 supplicium

494 5220 614 5285 tale
647 5219 964 5282 incurrere
994 5217 1169 5298 quale
1194 5215 1603 5298 perpetientur
1637 5237 1652 5293 ;
1691 5215 1794 5296 qui
1850 5214 2155 5278 Christum

493 5311 558 5374 in
583 5331 824 5376 crucem
877 5316 1172 5389 egerunt?
1231 5308 1402 5382 Quia,
1462 5307 1727 5389 inquam,
1795 5305 1962 5367 multi
2010 5307 2160 5368 tales

496 5410 656 5484 sunt,
686 5401 767 5464 ita
795 5419 900 5464 eos
944 5407 1195 5462 tractare
1256 5405 1512 5479 oportet.
1575 5397 1856 5476 Cogenda
1911 5395 2157 5457 fratrum

498 5490 839 5567 multitudo,
871 5498 931 5553 et
960 5488 1122 5553 Deus
1151 5507 1330 5571 super
1357 5488 1434 5550 iis
1455 5505 1601 5568 Icum
1653 5486 1930 5568 lacrymis
1996 5486 2158 5547 invo-

2245 4677 2408 4759 piati.
2444 4677 2726 4748 Secundi,
2786 4678 3064 4759 baptizati
3114 4679 3376 4759 quidem,
3413 4679 3515 4740 sed
3551 4681 3648 4759 qui
3683 4680 3888 4741 sordes

2245 4777 2305 4830 et
2334 4775 2570 4848 peccata
2598 4767 2845 4846 diligere
2880 4777 3217 4848 coeperunt:
3248 4788 3380 4830 nam
3417 4769 3476 4829 hi
3513 4770 3649 4830 vitae
3679 4778 3892 4831 sanctze

2244 4858 2604 4937 desertores,
2639 4866 2695 4917 et
2725 4867 3008 4938 apostatae
3041 4858 3446 4919 nominantur.
3489 4859 3696 4934 Tertii,
3734 4857 3896 4939 quia

2247 4948 2416 5008 malis
2449 4947 2759 5027 spiritibus
2787 4949 3046 5009 humano
3073 4949 3277 5024 generi
3308 4948 3562 5023 infestis,
3600 4958 3656 5009 et
3685 4949 3896 5009 adver-

2243 5037 2414 5098 sariis
2439 5036 2798 5107 insidentur,
2825 5045 2881 5097 et
2905 5046 3296 5116 occupantur.
3330 5036 3553 5112 Quarti,
3584 5037 3683 5117 qui
3719 5056 3752 5098 a
3787 5035 3895 5095 vita

2241 5125 2572 5186 facinorosa
2600 5135 2982 5188 recesserunt
3038 5125 3122 5186 illi
3168 5126 3437 5206 quidem,
3473 5144 3676 5187 verum
3705 5127 3894 5188 adhuc

2242 5213 2649 5297 paenitentiam
2679 5224 2881 5292 agunt.
2936 5213 3162 5289 Quinti,
3224 5215 3324 5295 qui
3354 5234 3472 5276 non
3505 5223 3686 5276 totam
3719 5217 3894 5278 vitam

2245 5323 2409 5368 suam
2436 5304 2557 5366 Deo
2577 5313 3024 5378 consecrarunt,
3053 5324 3165 5366 nec
3189 5305 3246 5366 in
3272 5303 3506 5367 Christo
3529 5302 3891 5366 omnimodis

2244 5395 2374 5457 sine
2399 5393 2651 5455 crimine
2679 5393 2903 5456 vivunt.
2931 5393 3190 5466 Quatuor
3238 5395 3460 5475 quippe
3488 5402 3646 5470 sunt,
3681 5394 3891 5472 dignus

2243 5484 2543 5564 indignus,
2578 5482 2756 5563 digne
2785 5482 3051 5562 indigne.
3084 5483 3372 5562 Indignus
3402 5483 3670 5566 omnino,
3699 5502 3733 5544 a
3761 5480 3890 5543 cibo

570 5670 638 5725 ἰο
659 5666 796 5748 Cor,
825 5685 887 5748 v,
921 5669 1020 5734 tt.
1106 5669 1166 5722 7i
1202 5667 1358 5734 Psal.
1393 5685 1455 5747 v,
1488 5666 1552 5733 6.
1635 5666 1696 5718 Ἰ2
1724 5665 1879 5732 Ibid.
1917 5667 1972 5729 7.
2061 5664 2270 5730 7515a.
2302 5679 2461 5739 LXVI,
2492 5661 2594 5728 24.
