4160 6384
372 326 485 396 345

1844 335 2128 402 ORATIO
2172 337 2277 402 VI.

3656 339 3775 409 346

375 473 438 528 et
463 475 600 548 potu
630 470 746 533 isto
768 472 1069 553 rejicitur.
1105 469 1333 550 Dignus
1361 476 1583 544 autem,
1618 470 1914 554 siquidem
1939 469 2030 531 di-
2048 471 2097 533 A
2116 468 2384 548 ingressa
2401 469 2637 550 capitur
2676 476 2736 532 et
2758 469 3128 551 subjugatur,
3161 472 3413 553 pecunia
3448 470 3573 535 sive
3600 491 3773 553 opes,

372 575 486 635 gne
527 561 874 637 accesserit,
920 560 1135 640 dignus
1166 568 1294 623 est:
1357 560 1405 621 si
1437 560 1703 641 indigne,
1728 562 2038 641 judicium
2121 558 2335 638 gloria,
2374 558 2659 640 voluptas.
2694 558 2905 622 Omnis
2954 579 3214 639 namque
3244 562 3445 643 homo,
3480 562 3771 625 mundum

366 647 863 731 sibimanducat,
892 659 951 712 et
971 651 1143 724 bibit,
1175 669 1291 713 non
1314 650 1663 727 dijuslicans
1677 668 1892 731 corpus
1926 652 2039 711 Do-

2120 648 2279 710 hunc
2312 662 2553 729 propter
2600 649 2850 730 primam
2911 648 3088 729 primi
3138 650 3401 713 hominis
3434 652 3773 733 praevarica-

366 738 527 800 mini
543 740 628 804 74.
662 740 936 822 Quinque
967 740 1123 802 enim
1183 747 1511 820 ponuntur.‘
1545 740 1793 803 ordines
1824 739 2037 821 ejecti-
2118 738 2341 800 tionem
2374 739 2569 800 locum
2612 740 2950 802 afﬂictionis
2998 747 3057 802 et
3115 740 3419 822 supplicii,
3452 760 3523 807 ac
3552 746 3677 806 sola
3706 744 3769 806 in

367 826 593 891 tiorum
624 828 700 891 ab
757 829 1073 893 Ecclesia:
1136 828 1582 903 catechumeni,
1642 836 1707 891 ut
1762 828 2030 890 nondum

369 916 651 998 baptizati
676 941 691 981 :
716 919 1024 982 fornicarii
1041 928 1101 983 et
1125 917 1403 994 adulteri,
1439 917 1501 980 in
1538 919 1832 981 masculos
1862 918 2028 981 insa-

371 1008 627 1084 nientes,
660 1010 958 1089 corrupti,
994 1007 1332 1081 homicidas,
1379 1007 1569 1089 avari,
1603 1017 1896 1089 raptores,
1929 1005 2029 1068 in-

368 1095 541 1175 justi,
565 1098 824 1180 superbi,
852 1097 1065 1179 iniqui,
1098 1096 1546 1176 imposnitentes
1569 1097 1628 1158 in
1660 1097 1756 1159 bis
1787 1096 2030 1158 sceleri-

374 1183 529 1261 bus;
560 1207 594 1251 a
619 1188 1011 1263 daemonibus,
1048 1186 1480 1268 possessit;qui
1509 1186 1580 1249 ad
1619 1186 2026 1268 paenitentiam

376 1285 435 1337 et
462 1278 897 1341 confessionem
925 1270 1331 1350 accesserunt,
1352 1282 1427 1338 'et
1458 1284 1520 1337 ut
1546 1276 1887 1357 ad,tempus
1911 1276 2024 1337 de-

368 1364 602 1428 ﬁnitum
636 1377 801 1430 extra
827 1375 1155 1441 manerent,
1184 1364 1523 1447 punitisunt
1550 1384 1565 1443 ;
1594 1366 1901 1446 postremi,
1924 1364 2028 1447 qui

370 1456 774 1538 perscriptum
803 1455 1166 1538 poenitentiae
1187 1454 1441 1536 spatium
1468 1455 1731 1517 nondum
1754 1454 2025 1535 comple-

359 1554 602 1608 verunt.
636 1545 708 1608 Hi
766 1547 966 1626 igitur,
1023 1545 1083 1607 id
1135 1551 1247 1617 est,
1306 1542 1573 1625 quinque
1629 1542 1871 1605 ordines
1903 1543 2024 1606 isti.

361 1634 931 1715 manifesteindigni
952 1643 1088 1698 sunt
1132 1635 1231 1710 (4).
1266 1632 1489 1709 Dignus
1515 1639 1713 1695 autem
1745 1650 2020 1713 corpore,

365 1729 427 1784 et
456 1726 750 1804 sanguine
774 1725 996 1789 Christi
1018 1742 1199 1802 purus
1227 1731 1283 1783 et
1314 1721 1671 1801 inculpatus.
1704 1722 1851 1785 Cum
1882 1739 2021 1783 vero

2117 836 2307 891 morte
2334 828 2733 902 miseriarum,
2795 838 2855 892 et
2901 848 3297 892 aerumnarum
3329 849 3460 894 esse
3496 833 3770 915 requiem

2114 918 2416 999 ignorans,
2448 939 2582 981 cum
2614 920 2928 982 traducere
2976 920 3152 983 vitam
3208 920 3443 1003 incrpit,
3505 924 3578 985 ad
3628 943 3760 986 eam

2111 1007 2258 1070 citra
2270 1009 3315 1093 molestiam,[citraqueindigentiam
3332 1010 3757 1075 traducendam

2112 1116 2257 1178 epes
2293 1098 2580 1179 exspelit.
2633 1107 2693 1160 et
2745 1097 3077 1178 procedens
3134 1099 3196 1160 in
3226 1098 3456 1161 honore
3487 1109 3545 1162 et
3573 1100 3761 1180 gloria

2111 1204 2244 1249 esse
2267 1187 2588 1251 desiderat.
2615 1187 2729 1251 Ubi
2751 1206 2854 1250 ver
2872 1187 3062 1249 aetatis
3111 1187 3448 1268 contigerit,
3475 1190 3762 1269 jucundis

2109 1275 2285 1339 rebus
2306 1277 2456 1354 frui;
2483 1286 2545 1339 ut
2566 1296 2778 1340 sensus
2802 1296 3070 1359 compos,
3094 1277 3167 1339 iis
3189 1278 3289 1358 qui
3313 1277 3589 1341 sensibus
3616 1297 3758 1361 per-

2108 1365 2407 1447 cipiuntur
2429 1389 2443 1427 :
2468 1375 2527 1428 ut
2549 1367 2945 1448 aspectabilis,
2978 1366 3435 1447 aspectabilibus
3462 1389 3476 1427 :
3504 1376 3566 1430 ut
3595 1376 3752 1430 tem-

2111 1474 2428 1537 poraneus,
2456 1456 2876 1537 temporaneis.
2903 1455 3047 1518 Nam
3067 1455 3168 1538 qui
3188 1456 3344 1518 videt
3382 1475 3453 1519 ea
3482 1476 3612 1538 qum
3642 1457 3752 1519 sub

2111 1545 2314 1607 oculos
2343 1545 2582 1614 cadunt.
2618 1546 2796 1608 etiam
2839 1563 2909 1608 ea
2961 1564 3093 1626 quae
3150 1564 3270 1607 non
3298 1546 3520 1608 cadunt
3550 1545 3752 1609 videre

2109 1634 2316 1716 nequit
2341 1636 2530 1699 :sicut
2552 1635 2653 1717 qui
2677 1636 2777 1698 illa
2808 1633 3258 1715 inaspectabilia
3286 1636 3746 1716 contemplatur,

2105 1723 2386 1788 similiter
2414 1744 2546 1807 qum
2576 1731 2819 1806 aspectu
2847 1724 3206 1796 sentiuntur,
3241 1722 3461 1784 intueri
3491 1743 3609 1785 non
3641 1743 3751 1805 po-

371 1812 663 1900 quispiam
688 1814 926 1894 dignus,
962 1813 1213 1892 alicujus
1263 1810 1465 1900 errati,
1504 1819 1568 1872 ut
1599 1809 2016 1900 homozrepree
2046 1839 2087 1900 Β
2109 1820 2241 1877 test.
2276 1813 2553 1896 Quisquis
2583 1815 2744 1877 enim
2797 1818 2860 1875 in
2917 1812 3094 1873 vitam
3153 1812 3306 1874 hanc
3333 1830 3463 1893 quae
3496 1813 3754 1894 videtur,

371 1899 597 1963 bensus
621 1902 816 1977 fuerit,
854 1902 986 1964 talis
1041 1901 1253 1980 dignus
1307 1898 1551 1978 indigne
1580 1900 1933 1980 susceperit,
1966 1899 2017 1960 si
2048 1898 2073 1900 ν
2105 1921 2297 1985 nuper
2325 1905 2608 1986 introivit,
2633 1903 3079 1981 nisijdoceatur,
3110 1902 3297 1963 nescit
3326 1920 3468 1963 num
3489 1902 3757 1982 quaedam

375 2008 526 2066 non,
557 1992 705 2072 quod
729 1992 786 2052 in
810 1993 939 2073 ipso
962 1988 1791 2072 reprehenditur,excusserit
1829 1997 1888 2052 et
1916 1988 2020 2050 ab-

363 2080 606 2159 jecerit.
631 2081 822 2163 Itaque
849 2090 907 2143 et
927 2082 1030 2144 ille
1057 2079 1179 2141 edit
1200 2097 1271 2140 ac
1295 2076 1444 2139 bibit
1464 2078 1732 2159 indigne,
1758 2079 1861 2161 qui
1881 2098 2017 2142 cum

365 2169 584 2249 dignus
608 2170 699 2245 sit,
734 2171 914 2250 digne
942 2180 1143 2233 tamen
1179 2187 1297 2229 non
1332 2169 1608 2230 accessit.

982 2260 1259 2327 ORATIO
1295 2260 1396 2325 Vl.

964 2360 1363 2408 ARGUMENTUH
1373 2389 1387 2403 .

344 2438 654 2521 Homines
702 2441 978 2521 pecunia.
1032 2456 1195 2502 vana
1242 2435 1487 2521 gloria,
1524 2442 1583 2521 et
1642 2434 2019 2521 voluptatum

574 2518 870 2584 illecebris
902 2525 1059 2601 capi,
1094 2528 1273 2597 atque
1303 2518 1549 2580 irretiri
1573 2519 1792 2580 solere.

431 2614 576 2677 Tria
603 2622 763 2690 sunt,
796 2614 1014 2696 quibus
1059 2612 1262 2677 anima
1319 2610 1519 2672 omnis
1561 2610 1625 2673 in
1653 2610 1808 2673 hanc
1842 2611 2018 2675 vitam

430 2796 498 2846 τι
539 2793 566 2858 Ι
597 2793 737 2859 Cor.
774 2810 839 2869 ιι,
871 2793 976 2855 29.

415 2963 667 3037 (4),Cur
723 2977 869 3037 non
921 2961 1185 3037 baptizati
1270 2977 1301 3019 a
1376 2975 1538 3019 sacra
1596 2962 2005 3037 communione

339 3034 735 3107 repellantur.
766 3035 912 3093 ratio
942 3035 1000 3091 in
1026 3041 1293 3107 promptu
1322 3040 1456 3107 est_:
1514 3034 1648 3107 quia
1690 3035 2007 3107 baptismus

340 3104 639 3166 ad'omnia
672 3104 1041 3163 sacramenta
1074 3104 1234 3177 fores
1292 3104 1506 3175 pandit.
1538 3104 1828 3163 'Secundo
1873 3108 2010 3177 reji-

2102 2001 2358 2068 exstent,
2390 1994 2696 2057 oculorum
2730 2010 2971 2054 sensum
3006 1990 3289 2069 fugientia
3323 2009 3336 2054 ε
3374 2000 3548 2072 atque
3581 1992 3756 2054 etiam

2101 2081 2215 2143 hoc
2244 2082 2440 2163 ipsum
2469 2084 2700 2164 ignorat
2732 2099 2799 2145 se
2831 2081 3144 2157 caducum,
3179 2087 3238 2142 et
3260 2082 3569 2143 mortalem
3598 2099 3754 2157 esse,

2103 2189 2214 2232 nec
2237 2190 2302 2233 se
2327 2181 2568 2254 propter
2590 2179 2944 2253 praesentem
2979 2171 3157 2245 hunc,
3192 2169 3296 2231 sed
3328 2171 3509 2232 alium
3542 2189 3757 2252 quem-

2102 2258 2235 2321 dam
2271 2271 2741 2342 perpetuumque
2773 2259 3061 2322 mundum
3100 2269 3480 2340 procreatum
3517 2277 3531 2323 :
3576 2278 3757 2341 quem

2101 2357 2165 2410 ut
2185 2359 2505 2427 mereatur,
2533 2353 2630 2413 hic
2656 2349 2881 2413 erudiri
2930 2348 3273 2431 praeparari,
3305 2366 3373 2411 ac
3405 2348 3613 2429 perﬁci
3640 2349 3754 2411 de-

2100 2439 2258 2502 beat.
2285 2441 2635 2505 Tenendnm
2658 2441 2876 2523 itaque,
2906 2440 2957 2501 si
2978 2442 3103 2502 haec
3132 2438 3246 2501 tria
3274 2440 3330 2500 ei
3359 2438 3765 2503 dominabun-

2103 2535 2218 2608 tur,
2259 2531 2386 2594 fore
2418 2544 2479 2595 ut
2506 2533 2580 2596 ab
2611 2534 2685 2595 iis
2733 2533 2911 2603 etiam
2957 2549 3093 2593 cum
3144 2529 3327 2605 volet,
3367 2548 3433 2591 se
3462 2529 3755 2594 extricare

2108 2637 2229 2682 non
2256 2623 2488 2687 valeat:
2521 2623 2623 2686 ubi
2652 2640 2767 2685 nec
2819 2638 3027 2704 passer
3085 2618 3404 2681 tendiculis
3430 2618 3758 2699 implicitus

2088 2971 2359 3042 quotidie.
2392 2973 2532 3031 Item
2580 2972 2745 3031 docet
2806 2971 3116 3029 Balsamon
3174 2968 3412 3028 scboliis
3459 2969 3529 3027 ad
3559 2969 3759 3042 Timo-

2092 3041 2206 3115 thei
2230 3045 2719 3115 Responsiones:
2753 3044 2886 3102 Vide
2921 3043 3209 3101 Francise.
3244 3042 3454 3100 Suares
3486 3051 3623 3100 tom.
3658 3041 3753 3108 ΙΙΙ,

2094 3114 2149 3170 d.
2182 3114 2272 3172 69.
2306 3114 2442 3172 sect.
2504 3116 2561 3183 2,
2619 3117 2679 3173 ἱιι
2737 3117 2836 3173 fin.
2896 3114 3129 3172 Exstant
3177 3114 3524 3186 quaestiones
3554 3126 3759 3186 mona-

346 3182 696 3260 cit_Simeon
722 3178 794 3260 ab
828 3179 948 3235 haec
980 3176 1464 3260 coelestinmensa
1506 3184 1855 3260 peccatores.
1890 3176 2011 3236 m-
2033 3178 2337 3245 Cchorum
2369 3176 2774 3260 quorumdam,
2807 3196 2863 3260 et
2909 3187 2979 3244 ad
3037 3176 3270 3244 easdem
3327 3200 3622 3260 responsa.
3656 3185 3752 3242 ubi

349 3252 591 3310 nilestos
638 3250 918 3307 nimirum
970 3258 1027 3308 et
1084 3248 1313 3319 publice
1373 3255 1584 3314 notos;
1642 3258 2008 3319 scortatores,

353 3323 663 3387 adulteros,
703 3330 985 3393 raptores,
1016 3318 1099 3378 et’
1122 3320 1293 3393 hujus
1326 3320 1574 3393 generis
1604 3318 1746 3377 alios
1782 3338 1796 3385 ;
1830 3331 1892 3379 ut
1922 3322 2008 3378 in-

352 3404 539 3451 semet
564 3389 789 3451 Simeon
824 3392 1092 3463 explicat.
1128 3389 1267 3450 Vide
1320 3389 1376 3448 S'.
1435 3389 1541 3464 Th.
1601 3402 1682 3464 ιιι,
1714 3406 1793 3463 p.,
1828 3407 1881 3464 q.
1919 3393 2007 3449 67.

361 3473 476 3523 art.
508 3464 563 3529 6,
596 3474 647 3522 et
680 3465 811 3522 ibid.
845 3462 1049 3522 Franc.
1081 3464 1246 3521 Suar.
1282 3469 1421 3520 sect.
1452 3462 1487 3517 2
1516 3470 1571 3520 et
1598 3463 1652 3519 5.

437 3562 640 3629 Tertio,
695 3563 948 3621 excludit
1001 3574 1462 3634 energumenosL
1484 3575 1607 3634 seu
1662 3575 1692 3618 a
1744 3560 2011 3634 dmmone

360 3635 643 3693 obsessos.
700 3635 946 3692 Eosdem
1006 3631 1258 3692 excludit
1312 3632 1368 3688 S.
1429 3631 1666 3704 Dionys.
1723 3633 2003 3704 Areopag.

354 3719 481 3776 cap.
533 3707 585 3763 3.
642 3705 718 3764 De
768 3707 968 3764 cretein
1021 3704 1364 3772 hierarchia,
1415 3714 1559 3773 part.
1618 3716 1707 3771 ιι;
1766 3705 2008 3763 collocat

350 3778 509 3836 enim
564 3778 696 3836 illos
753 3785 915 3837 extra
971 3779 1248 3848 templum
1300 3790 1369 3848 eo
1427 3784 1706 3846 tempore,
1765 3790 1880 3845 quo
1912 3791 2005 3834 res

344 3849 543 3908 divina
597 3850 908 3921 peragitur,
968 3847 1116 3921 inter
1168 3847 1613 3905 catechumenos
1668 3854 1745 3921 et_
1781 3848 2007 3921 publice

340 3918 690 4006 pcenitentes
724 3918 939 4006 {quem
971 3922 1027 3978 S.
1061 3920 1309 4006 Thomas
1339 3931 1429 4006 ιιιΔ
1449 3932 1519 4006 ιι;
1547 3933 1653 4006 _q.,
1683 3918 1783 4006 «t9,
1804 3919 2002 4006 Δειη-,9,

336 3989 753 4064 interpretatur
779 3989 850 4050 de
901 3992 1309 4063 energumenis
1346 3989 1650 4064 _no_ndum_
1686 3991 2001 4060 baptizatis,

339 4066 407 4120 in
431 4061 633 4136 quibus
658 4064 865 4122 scilicet
892 4061 1142 4121 nondum
1169 4067 1256 4136 est
1298 4061 1382 4117 vis
1411 4061 1677 4118 damonis
1706 4064 1999 4128 exstincta,

336 4135 466 4209 quis
491 4139 636 4208 viget
663 4137 727 4191 in
755 4138 833 4209 eis
856 4151 961 4209 per
1010 4135 1641 4209 ονὶέιίμιιιᾲρεσςιιιιιίῃ.Δ
1669 4136 2004 4209 uum_ener-

335 4204 611 4291 gumen'is
641 4204 995 4291 baptismatis
1052 4204 1204 4265 unda
1233 4204 1470 4291 ‘ablutis
1508 4204 1756 4291 dicit'S.
1792 4204 1998 4291 Thom.

338 4276 497 4336 idem
529 4276 875 4337 servandum
907 4292 1051 4344 esse,
1100 4276 1255 4350 quod
1311 4290 1443 4350 eum
1498 4277 1719 4350 pecteris
1764 4278 2002 4350 amenti-

339 4351 523 4419 tibus,
580 4350 858 4408 nimirum
915 4352 964 4407 si
1039 4346 1257 4422 absque
1298 4346 1555 4422 periculo
1617 4349 2001 4422 irreverentia;

339 4418 775 4479 communicare
822 4422 1063 4492 possint.
1124 4418 1180 4480 ei
1233 4418 1530 4478 intervalla
1589 4419 1848 4492 habeant,
1885 4434 2002 4477 non

340 4508 471 4552 esse
500 4495 618 4550 illis
651 4490 978 4574 negandum
1037 4493 1504 4574 Eucharistiam_;_
1550 4502 1701 4574 nam
1732 4490 2070 4574 ejus_vir:D

346 4575 467 4623 tute
524 4575 580 4623 et
626 4561 845 4622 auxilio
893 4573 989 4623 aut
1049 4566 1271 4623 daemon
1325 4561 1657 4632 expelletur,
1720 4561 1771 4617 si
1820 4562 1875 4618 id
1930 4562 2004 4619 ad

345 4637 586 4695 salutem
619 4637 870 4694 hominis
898 4636 1219 4703 conducat;
1272 4645 1371 4692 aut
1425 4642 1576 4691 certe
1604 4633 2010 4691 corroborabi-

342 4716 460 4771 tur.
497 4720 555 4766 ut
587 4722 909 4765 aerumnam
956 4709 1110 4765 illam
1169 4720 1452 4780 generoso
1511 4705 1706 4780 animo
1739 4706 2005 4780 perferat.

342 4779 511 4837 Hanc
542 4780 864 4838 doctrinam
914 4775 1216 4837 confirmat
1271 4786 1501 4836 sanctus
1560 4775 1806 4834 Thomas
1860 4779 2010 4833 testi-

344 4854 545 4924 monio
575 4851 854 4924 Bassiani,
884 4853 1075 4924 cujus
1134 4854 1255 4908 haec
1302 4858 1441 4924 sunt
1490 4848 1660 4924 verba
1718 4847 1910 4905 collat.
1956 4849 2006 4906 7.

343 4938 401 4980 c.
434 4923 540 4979 30:
595 4920 1054 4981 Communioném
1100 4938 1230 4979 vero
1260 4923 1337 4978 eis
1368 4920 1668 4991 (obsessis)
1712 4934 2013 4976 sacrosan-

339 5003 498 5053 ctam
526 5011 562 5051 a
583 4995 899 5050 senioribus
952 4997 1163 5051 nostris
1191 5009 1483 5064 nunquam
1541 4991 1889 5047 meminimus
1918 4992 2013 5047 in-

340 5066 641 5123 terdictam
671 5084 688 5119 :
718 5066 990 5137 quinimo,
1019 5068 1069 5123 si
1114 5066 1369 5136 possibile
1416 5067 1570 5137 esset,
1629 5064 1808 5137 etiam
1836 5064 2011 5135 quoti-

338 5140 533 5195 dieeis
561 5134 853 5206 impertiri
880 5154 1000 5194 eam
1050 5134 1245 5195 debere
1298 5136 1613 5194 censebant.
1660 5134 1859 5206 Paulo
1886 5144 2012 5205 post

338 5209 542 5268 subdit
574 5226 589 5265 :
618 5204 733 5267 Hoc
762 5223 1001 5279 namque
1030 5209 1189 5267 modo
1216 5214 1474 5266 curatum
1502 5212 1554 5264 et
1612 5204 1860 5279 abbatem
1887 5204 2013 5279 An-

337 5282 642 5339 dronicum
670 5296 850 5351 nuper
878 5278 1219 5354 aspeximus,
1252 5280 1497 5354 aliosque
1532 5278 1860 5354 complures.
1895 5278 2015 5335 Ma-

333 5353 424 5427 gis
462 5368 700 5425 namque
748 5349 815 5427 ac
879 5349 1068 5427 magis
1110 5349 1725 5427 inimicusfinsuttabit
1771 5349 2007 5415 obsesso,

335 5423 469 5482 cum
494 5423 622 5482 eum
651 5442 686 5479 α
707 5423 906 5480 ratesti
930 5423 1194 5482 medicina
1217 5425 1422 5482 viderit
1472 5426 1845 5495 segregatum,
1881 5427 2010 5478 tan-

326 5503 504 5581 «ηυξ
526 5496 714 5581 dirius
740 5501 792 5551 et
815 5497 1164 5581 [reqnuentius
1212 5495 1533 5581 attentabit.‘
1571 5502 1789 5581 quanto
1816 5507 2010 5581 eu'ma

330 5528 498 5581 "ﬁt":
526 5528 713 5580 ιιυξιθῡ
740 5528 792 5551 ὔι
815 5528 1164 5580 "aquaaqua
1212 5528 1527 5555 υοισηιαυιο.
1572 5528 1787 5578 Ι.ιῠυισιυ
1816 5528 1944 5550 συηο
1972 5528 2010 5552 u

330 5568 628 5642 spirituati
656 5567 897 5623 remedio
928 5572 1148 5642 longius
1187 5569 1422 5627 senserit
1475 5528 1823 5642 abdicatum.
1875 5564 2011 5642 Η-ᾷξο

332 5636 517 5700 a'bbas
565 5642 818 5699 Serenus
874 5636 1041 5711 apud
1084 5639 1469 5699 Cassianum:
1525 5637 1620 5696 Sic
1672 5638 1849 5711 etiam
1904 5636 2002 5695 Ti-

329 5715 600 5772 motheus
630 5709 1058 5771 Alexandrinus
1117 5713 1423 5784 episcopus
1479 5711 1550 5784 in
1597 5709 1719 5768 suis
1750 5709 2004 5784 Respon-

327 5785 594 5858 sjonibns
650 5783 794 5849 vult,
872 5793 933 5841 ut
989 5781 1366 5858 energumeni
1412 5781 1585 5858 statis
1644 5781 2002 5858 temporibus

331 5855 686 5917 Eucharistas
759 5853 1188 5915 sacramentum
1269 5855 1605 5929 percipiant,
1691 5853 1795 5911 etsi
1881 5867 2000 5913 non

2093 3257 2476 3330 quaeritur—an
2518 3269 2776 3332 oporteat
2828 3259 3275 3332 daemon_acum
3322 3257 3754 3332 communicare

2095 3326 2486 3393 sacramentis.
2534 3326 2789 3389 sanctum
2834 3333 2988 3386 enim
3044 3329 3409 3386 Timotheum
3467 3329 3634 3385 aliter
3663 3326 3753 3384 di-

2094 3401 2281 3470 xisse;
2317 3413 2371 3460 et
2399 3404 2566 3461 aliter
2620 3411 2849 3460 sanctos
2904 3402 3233 3469 apostolos:
3274 3399 3593 3469 Responsio
3623 3408 3748 3456 est:

2093 3473 2244 3548 Eum
2270 3469 2368 3548 qui
2406 3490 2533 3532 vere
2582 3477 2655 3548 sit
2708 3473 3105 3548 daemoniacus
3132 3470 3499 3548 sacramentis
3527 3469 3758 3548 minime

2090 3540 2440 3616 dignandum
2460 3562 2592 3604 esse.
2633 3546 2797 3614 Quod
2844 3553 3033 3616 tamen
3072 3541 3402 3616 Balsamoni
3431 3541 3490 3597 in
3520 3540 3755 3616 scholijs
3782 3592 3795 3597 ι

2090 3612 2171 3689 ad
2191 3618 2315 3689 ejus
2347 3612 2703 3687 Responsum
2735 3631 2852 3673 non
2914 3615 3212 3689 probatur,
3268 3616 3317 3670 si
3346 3614 3651 3682 loquamur
3681 3612 3756 3668 de

2090 3686 2189 3745 illo
2220 3685 2589 3762 Haemum—aco,
2623 3692 2719 3762 qui
2752 3685 2959 3745 mentis
3008 3685 3296 3762 interdum
3347 3695 3437 3762 est
3466 3698 3701 3762 compos
3737 3704 3751 3751 ;

2088 3769 2143 3887 (at
2172 3777 2200 3817 a
2233 3760 2511 3890 daemonis
2543 3756 2851 3835 agitatione
2901 3757 3238 3816 nonnullam
3287 3758 3537 3830 quietem
3565 3756 3750 3814 inter-

2136 3847 2234 3889 um
2308 3852 2333 3890 a
2388 3844 2459 3890 et.

2136 3847 2234 3889 um
2267 3844 2459 3891 habet.

2161 3904 2375 3973 Quarto
2410 3904 2666 3962 excludit
2698 3903 2929 3961 Simeon
2980 3902 3051 3958 ab
3108 3899 3471 3958 Eucharistia
3521 3897 3756 3973 publice

2088 3971 2506 4049 etsolemniter
2555 3978 2924 4049 pmnitentes.
2975 3973 3117 4049 Nam
3173 3974 3299 4030 istis
3339 3986 3456 4030 non
3514 3971 3756 4049 dabatur

2087 4045 2441 4107 Eucharistia
2474 4044 2715 4106 durante
2771 4046 3128 4118 pmnitentize
3182 4054 3458 4118 tempore,
3515 4044 3750 4118 nisipe-

2086 4120 2335 4177 riculum
2368 4123 2492 4178 vitae
2525 4114 2881 4191 impenderet
2915 4135 2929 4180 ;
2981 4117 3136 4191 quod
3150 4129 3317 4191 “cum
3346 4114 3601 4191 aliunde,
3633 4126 3757 4172 tum

2084 4205 2156 4247 ex
2187 4194 2509 4249 canonibus
2539 4188 2691 4262 apud
2729 4191 3063 4250 Gratianum
3109 4188 3197 4248 25.
3244 4197 3465 4262 (ιιιίξιέι.Δ
3506 4188 3651 4262 ϐεβι
3684 4201 3757 4244 ex

2082 4262 2209 4336 cod.
2266 4264 2337 4320 de
2394 4258 2802 4336 pmoiténtibus
2833 4258 3279 4336 deconsecrati
3328 4259 3385 4336 ρ.
3438 4258 3495 4336 3,
3556 4258 3758 4336 liquet.

2085 4331 2702 4407 begintur'epistolze,
2760 4344 2821 4392 ut
2880 4333 2985 4407 sic
3038 4346 3256 4407 vocem,
3313 4331 3752 4407 paenitentiam,

2088 4401 2340 4475 Dionysii
2369 4401 2774 4476 Alexandrini,
2812 4407 2868 4463 S.
2905 4406 3177 4476 Athenas.
3211 4403 3285 4476 S._
3304 4401 3544 4476 Gregor.
3579 4402 3763 4476 Tuan-

2093 4473 2447 4550 maturgi,S.
2508 4473 2767 4551 Gregorf
2808 4477 3073 4549 Nysseni,
3131 4474 3199 4551 S._
3257 4473 3463 4539 Basilii,
3522 4482 3578 4531 et
3614 4474 3761 4531 alio-

2092 4563 2220 4607 rum
2252 4546 2386 4607 cum
2417 4546 2777 4610 Balsam'onis
2808 4546 3258 4606 commentariis.

2165 4631 2378 4706 Quinto
2408 4634 2592 4706 reiicit
2621 4633 2752 4691 illos
2807 4647 2837 4688 a
2896 4617 3591 4706 sacra-SYMXLOLPK
3629 4615 3761 4706 ὅλην

2092 4696 2418 4772 τὴν-ἑαυτῶν
2446 4696 2589 4778 ζ’ωὴν
2650 4713 2725 4781 τῷ
2783 4705 2900 4776 Θεῴ
2956 4696 3295 4777 ἆνειϐἐμὲνοι,
3349 4699 3438 4753 καὶ
3470 4696 3523 4751 ἐν
3554 4704 3764 4776 Χριστῷ

2093 4791 2285 4854 ζῶντες
2348 4783 2563 4863 ἄμωμοι
2623 4783 2921 4862 παντελῶς,
2984 4790 3080 4862 qui
3138 4793 3311 4863 totum
3370 4786 3565 4863 vitam,
3598 4801 3762 4863 suam

2095 4863 2207 4920 Deo
2234 4880 2347 4920 non
2375 4856 2798 4927 consecrarunt,
2827 4856 3345 4933 neque'prorsusin
3379 4856 3622 4933 Christo,
3644 4859 3766 4933 sine

2093 4936 2328 4992 crimine
2358 4939 2568 4995 vivunt.
2630 4937 2737 4995 Ubi
2794 4929 2989 4992 Simon
3024 4929 3162 4989 'non
3223 4930 3445 4987 videtur
3502 4929 3659 5000 loqui
3690 4929 3759 4986 de

2094 5006 2231 5078 illis,
2263 5010 2362 5080 qui
2400 5010 2478 5085 vel
2518 5018 2642 5081 post
2700 5008 2988 5077 baptisma,
3047 5003 3295 5085 {etpost
3322 5000 3753 5085 confessionem

2134 5073 2385 5153 etfaciam
2417 5073 2609 5139 deu'uo
2646 5073 2886 5153 peccant
2919 5097 2934 5144 ;
2985 5074 3187 5153 sedde
3218 5073 3353 5137 illis,
3387 5073 3485 5145 qui
3519 5073 3581 5153 in
3612 5073 3767 5129 idem

2119 5149 2302 5227 et_bale
2329 5144 2897 5227 peccatum'smpius
2951 5147 3258 5227 recidunt,
3302 5144 3447 5227 quos
3480 5144 3767 5227 vulgonre-

2097 5216 2670 5283 cidivos'nominant.
2735 5216 2809 5280 De
2867 5220 3080 5292 quibus
3110 5218 3396 5292 _Nesteuta
3428 5216 3486 5292 in
3517 5230 3623 5273 suo
3648 5216 3765 5274 No-

2098 5309 2416 5353 mocanone
2450 5314 2463 5354 :
2497 5299 2639 5353 Sunt
2665 5297 2809 5353 enim
2861 5288 3047 5359 multi,
3107 5289 3312 5360 inquit.
3347 5288 3445 5360 qui
3473 5293 3766 5360 consuetu-

2094 5365 2223 5423 dine
2274 5384 2478 5427 rursus
2539 5369 2827 5433 labuntur,
2874 5371 2925 5422 et
2982 5364 3045 5419 in
3094 5359 3331 5435 peccata
3357 5359 3770 5435 inciduntﬂi

2093 5453 2223 5534 θτθο
2275 5440 2468 5524 ίέθῖθεῑλί
2540 5454 2759 5534 imp"
2792 5430 3766 5534 ⁸⁷ίοὲἒὲῧθζὲἓέίίθδηέξξίάξῖίῖδξθ

2092 5505 2313 5585 etiamsi
2338 5513 2624 5584 injunctas
2652 5505 3330 5585 'pwnasicompteverint,
3380 5518 3521 5585 quas
3577 5506 3648 5563 ab
3679 5520 3760 5573 eo,

2093 5582 2191 5653 qui
2219 5582 2363 5660 ispos
2391 5580 2609 5660 tigavit.
2669 5580 3018 5655 acceperunt,
3079 5591 3372 5660 nunquam
3411 5580 3601 5659 autem
3627 5593 3757 5635 com-

2085 5650 2389 5714 municare.
2421 5650 2523 5715 Sin
2549 5659 2734 5714 autem
2760 5650 2954 5712 ebrum
2999 5650 3227 5707 omnino
3271 5650 3581 5721 misereris,
3605 5664 3761 5708 com-

2085 5726 2443 5803 nuniwbant
2468 5748 2487 5789 :
2516 5728 2824 5803 cavendum
2847 5726 2933 5803 est
2961 5726 3168 5803 ista“.
3195 5735 3267 5779 πο
3287 5722 3746 5803 immutati.

2085 5795 2254 5872 donec
2273 5806 2560 5872 peccatum
2587 5798 2949 5872 absciderint.
2978 5791 3375 5854 Misericordia
3395 5791 3543 5851 enim
3566 5793 3764 5866 gratia

2088 5867 2168 5927 sic
2188 5867 2401 5947 quoque
2425 5871 2916 5950 dignthabentur.
