4160 6392
418 273 538 344 347
1705 289 2010 356 SYMEON
2016 291 2087 356 IS
2124 293 2500 361 JUNIORIS.
3699 302 3818 369 348

400 413 638 516 fugere,
658 417 925 519 quamvis
959 419 1354 519 alasmultum
1388 423 1803 519 concusserit:
1835 422 2053 519 auxilio
2079 427 2124 488 Α
2146 423 2328 498 bitur,
2348 425 2562 519 eisque
2585 429 2864 508 ostendit,
2895 450 3012 513 quo
3055 440 3224 514 pacto
3267 453 3384 497 non
3425 453 3534 518 per
3572 454 3638 499 se
3668 435 3815 519 ipsae

413 505 572 565 enim
621 507 967 607 virtuteque
1009 510 1366 607 oublimiore
1425 513 1673 607 indiget.
1739 513 1890 607 Sunt
1939 515 2066 576 haec
2149 505 2555 607 pecuniarum,
2591 519 2810 598 gloriae,
2849 505 3354 606 voluptatumque
3411 505 3713 607 cupidine:
3748 533 3808 588 et

413 613 630 674 nempe
658 597 830 694 firma
853 600 1071 694 diaboli
1099 601 1272 675 retia,
1296 622 1404 682 per
1435 623 1564 684 qua;
1597 605 1774 665 homo
1807 604 1867 665 in
1900 610 2066 684 pote-
2148 621 2272 694 amc
2288 623 2352 694 re
2395 605 2706 668 ducantur.
2741 611 2806 671 In
2857 597 3086 672 anim-as
3143 597 3316 689 porro
3371 597 3504 694 post
3533 597 3804 676 sanctum

413 693 624 763 statem
655 689 782 782 ejus
814 690 1122 769 redigitur.
1180 701 1236 754 et
1295 693 1608 774 rliquando
1645 702 1776 774 post
1808 701 2060 774 mortem
2150 692 2444 771 baptisma
2474 695 2568 756 his
2631 697 2820 760 tribus
2879 699 3193 782 edomitas,
3254 689 3629 766 alia-ratime
3667 704 3801 764 talis

413 793 648 871 quoque
667 777 739 838 ab
759 797 825 839 eo
849 783 1158 842 retinetur.
1188 784 1228 841 Α
1272 799 1387 861 quo
1412 785 1573 844 enim
1599 785 1705 863 qui
1727 785 1919 846 vietus
1952 788 2059 856 est,
2146 783 2335 871 gratia
2365 783 2615 847 influere
2648 806 2766 848 non
2801 796 3012 868 potest,
3056 777 3230 870 quam
3267 811 3370 871 per
3404 793 3799 855 instanrantia

413 866 617 963 ejuset
639 886 851 930 servus
875 877 960 932 est
981 872 1062 934 75.
1091 870 1357 963 Validam
1382 873 1664 933 nimirum
1686 871 2066 963 vimbaactria
2149 870 2304 963 bona
2360 893 2467 953 per
2525 894 2655 956 quae
2709 866 2900 938 solum
2959 866 3277 940 confertur
3322 881 3523 943 salus:
3581 890 3640 943 ut
3696 901 3806 963 per

414 952 655 1047 habent,
681 965 746 1018 ut
776 959 1180 1038 aspectabilia,
1216 967 1281 1020 ut
1311 959 1635 1034 fructuosa,
1685 969 1743 1024 et
1773 953 2066 1043 appetitui
2149 952 3802 1047 haustumsan-ctificatorum,perunctionembenedicta-

415 1041 730 1142 dulcedine
753 1064 858 1142 sua
880 1055 1014 1108 ante
1046 1047 1427 1121 blandientia,
1465 1068 1721 1130 eumque
1751 1041 2058 1130 praeoccu-
2143 1068 2275 1111 rum
2306 1050 2612 1127 olivarum,
2649 1062 2706 1114 et
2736 1041 3036 1131 unguenta
3071 1066 3438 1130 sanctorum,
3475 1079 3808 1142 eorumque

418 1131 612 1227 pantia
647 1155 660 1195 :
695 1133 911 1194 deinde
943 1145 1372 1218 praeoccupato,
1394 1139 1517 1217 jam
1552 1139 1778 1199 homini
1810 1156 2058 1219 persua-
2143 1141 2558 1202 suaveolentite
2575 1144 3020 1222 perceptionem
3049 1166 3062 1206 :
3091 1146 3376 1227 quoniam
3403 1149 3494 1210 his
3527 1131 3807 1212 Christus

415 1220 993 1319 dentia,_propterea
1019 1228 1207 1287 solum
1235 1227 1400 1319 hanc
1433 1228 1623 1288 lucem
1657 1229 1850 1310 ipsum
1879 1247 2059 1312 aspe-
2144 1230 2553 1291 sanctificandi
2575 1231 2688 1292 vim
2714 1220 2978 1310 largitur,
3001 1241 3058 1295 et
3097 1220 3188 1296 liis
3229 1236 3428 1298 anima
3459 1253 3746 1319 purgatur
3782 1259 3797 1300 :

413 1313 589 1402 xisse.
651 1312 722 1373 Et
778 1333 1111 1395 quanquam
1197 1315 1270 1378 ab
1354 1318 1447 1380 his
1522 1318 1711 1381 tribus
1783 1319 2061 1384 obsessus
2145 1319 2470 1398 etspiritus
2495 1322 3282 1402 nequam,quihanccontra
3321 1312 3814 1390 naturauianimi

413 1401 795 1494 devictusque
822 1424 935 1464 non
961 1405 1159 1480 fuerit,
1183 1406 1478 1468 invictum
1509 1428 1574 1470 se
1594 1416 1788 1471 tamen
1828 1428 2064 1474 servare
2145 1408 2678 1480 necessitudinem,
2706 1420 2765 1473 et
2785 1401 3179 1474 amicitiamin
3199 1415 3440 1476 homine
3454 1415 3805 1494 conciliant,

413 1491 655 1586 nequit:
685 1493 787 1552 sed
815 1495 986 1573 paulo
1016 1502 1146 1576 post
1167 1495 1330 1586 vivus
1365 1498 1437 1586 ab
1476 1497 1684 1559 iisdem
1727 1500 1977 1580 capitur.
2012 1501 2062 1564 Α
2146 1515 2250 1586 per
2271 1497 2415 1586 haec,
2443 1519 2572 1580 qua:
2595 1519 2804 1561 sensus
2832 1509 3095 1582 tangunt,
3133 1504 3398 1566 etoculis
3423 1491 3810 1586 usurpantur,

413 1581 585 1645 nobis
616 1583 774 1673 enim
807 1601 972 1645 arma
1032 1585 1213 1644 sumit
1261 1585 1554 1662 diabolus,
1589 1587 1804 1669 quibus
1836 1609 1943 1652 nos
1974 1591 2058 1652 la-
2145 1581 3164 1671 SpiritusSanctiadventum,quem
3195 1610 3363 1654 mens
3384 1581 3659 1673 percipit,
3686 1614 3808 1655 non

365 1731 372 1735 .
417 1672 834 1749 tentersubigit
869 1673 1574 1745 Quocircaconandumut
1602 1674 2409 1774 przeveniamus,Bl_‘erentes
2440 1677 2774 1756 aufugiunt.
2831 1679 2913 1740 Ac
2966 1686 3087 1740 tum
3145 1672 3394 1742 demum,
3442 1672 3807 1744 christianus

413 1772 472 1827 ei
489 1769 850 1825 armaturam
894 1763 1003 1825 Dei
1036 1763 1352 1826 induamus
1381 1765 1462 1836 76,
1502 1785 1632 1847 quae
1664 1768 1867 1841 multa,
1903 1763 2128 1832 varia”
2157 1763 2486 1827 libertatem
2518 1765 2814 1847 intelligit,
2881 1786 3055 1848 quam
3113 1769 3183 1829 ad
3235 1787 3300 1830 se
3325 1770 3808 1848 confugientibus

415 1873 486 1915 ac
517 1853 770 1927 diversa,
805 1859 866 1915 et
925 1860 1046 1913 tota
1095 1852 1363 1914 Christus
1420 1856 1582 1916 solus
1641 1865 1750 1918 est.
1801 1857 1926 1920 Hoc
1959 1870 2074 1942 est,
2161 1853 2432 1942 Christus
2463 1855 2663 1934 largiri
2709 1857 3033 1932 consuevit,
3097 1866 3156 1920 et
3207 1859 3428 1938 gratias
3477 1878 3652 1939 agere
3685 1880 3809 1922 non

415 1943 900 2023 coniunctionem
925 1942 1076 2022 ejus,
1107 1961 1281 2022 quam
1305 1943 1503 2004 animo
1517 1945 1844 2018 cemimus,
1873 1956 1932 2010 et
1956 1941 2068 2011 vir.
2159 1941 2377 2004 desinit
2396 1943 2616 2005 dicenti
2643 1963 2657 2005 :
2687 1946 2897 2008 Omnis
2917 1951 3020 2024 qui
3048 1948 3192 2025 facit
3226 1956 3566 2026 peccatum,
3595 1968 3814 2012 servus

417 2041 604 2094 ιυιθιη
631 2031 705 2092 de
730 2030 1098 2111 plenitudine
1121 2032 1248 2111 ejus
1265 2033 1365 2109 77;
1407 2033 1682 2095 virtutem
1707 2035 1839 2097 dico
1872 2039 2067 2101 omnis
2148 2038 2234 2094 est
2249 2038 2523 2111 peccati:
2556 2051 2763 2096 servus
2801 2042 3008 2096 autem
3051 2053 3172 2097 non
3220 2042 3421 2099 manet
3445 2037 3510 2099 in
3537 2039 3711 2102 domo
3744 2041 3814 2102 in

415 2122 630 2184 animae
647 2121 1125 2195 vivificatricem;
1159 2125 1288 2185 sine
1319 2141 1432 2203 qua
1459 2141 1589 2185 eam
1622 2125 1838 2199 vivere,
1874 2136 1930 2189 et
1972 2129 2060 2190 vi-

412 2213 556 2274 dere
587 2229 868 2292 perquam
892 2209 1154 2281 difﬁcile,
1175 2221 1349 2292 atque
1373 2213 1520 2274 adeo
1548 2214 1921 2295 impossibile
1941 2228 2056 2281 est.

410 2301 561 2364 Nam
607 2311 663 2363 et
693 2308 979 2382 quotquot
1009 2299 1283 2380 baptizati
1315 2311 1470 2375 sunt,
1510 2301 1809 2366 Christum
1842 2306 2060 2370 indue-

2147 2129 2465 2195 asternum,
2501 2122 2664 2201 ﬁlius
2717 2131 2915 2186 manet
2970 2123 3039 2187 Si
3067 2125 3263 2205 igitur
3294 2124 3488 2188 Filius
3518 2145 3621 2190 vos
3651 2127 3806 2192 libe-

2147 2215 2333 2282 ravit,
2370 2229 2508 2273 vere
2541 2211 2720 2274 liberi
2752 2213 2922 2274 eritis
2952 2212 3038 2274 79.

2225 2298 2376 2372 Quid
2407 2299 2660 2380 amplius
2683 2306 2712 2363 ?
2771 2300 2873 2379 qui
2907 2300 2966 2362 in
3027 2302 3140 2363 hac
3174 2304 3512 2382 cognitione
3540 2303 3810 2366 divinum

409 2392 648 2465 ιιυηιῖδ,
679 2400 742 2451 ui
771 2391 830 2450 in
849 2409 918 2451 eo
952 2389 1176 2462 vivant,
1225 2398 1282 2451 et
1319 2391 1578 2452 viventes
1604 2392 1860 2467 videant,
1897 2403 1954 2455 et
1985 2395 2055 2456 ab
2143 2386 2358 2450 Christi
2384 2407 2625 2470 corpus,
2653 2391 3127 2472 sanguinemque
3154 2393 3491 2474 participat,
3526 2412 3711 2454 unum
3745 2395 3811 2456 fit

413 2481 504 2542 his
535 2480 724 2542 tribus
757 2479 1004 2540 minime
1037 2479 1166 2559 capi
1216 2479 1460 2560 possint.
1507 2481 1865 2543 Revelantur
1895 2485 2053 2545 enim
2140 2498 2273 2540 cum
2307 2497 2399 2552 eo,
2433 2497 2495 2542 0s
2526 2496 2602 2540 ea:
2634 2481 2864 2542 ossibus
2893 2481 3018 2560 ejus
3033 2489 3085 2542 et
3107 2483 3664 2562 rarodecarneejus
3692 2483 3756 2534 80
3790 2505 3809 2546 :

411 2570 498 2632 eis
527 2589 656 2650 quae
713 2585 994 2648 germana
1051 2568 1206 2630 bona
1261 2577 1418 2642 sunt,
1480 2589 1728 2650 quorum
1779 2572 1965 2651 gratia
1995 2573 2055 2634 in
2149 2575 2292 2629 etex
2316 2587 2430 2648 quo
2454 2568 2850 2630 sanctificatus
2874 2569 3083 2650 fuerit,
3116 2571 3426 2650 pecuniam
3455 2572 3504 2634 si
3529 2571 3808 2634 habuerit

410 2662 592 2741 hujus
621 2659 1014 2722 orasluminis
1039 2658 1412 2738 prodierunt.
1449 2660 1561 2733 Qui
1592 2670 1791 2723 autem
1824 2681 2064 2742 supera.
2146 2656 2232 2717 sic
2263 2656 2463 2728 habet,
2493 2657 2662 2737 quasi
2697 2676 2815 2718 non
2848 2657 3096 2720 haberet
3125 2679 3138 2718 :
3185 2660 3374 2739 qualis
3405 2661 3563 2721 enim
3602 2672 3812 2724 natura

413 2757 504 2811 tus
535 2750 712 2810 fuerit
769 2749 1071 2812 Christum
1125 2749 1516 2810 vehementur
1574 2762 1726 2826 oret,
1761 2770 1829 2812 ac
1863 2761 2068 2814 exoret
2146 2765 2250 2806 sua
2282 2754 2394 2816 est.
2431 2747 2606 2807 talem
2637 2748 2914 2808 aestimat.
2977 2745 3039 2809 Si
3095 2749 3282 2827 gloria
3313 2749 3804 2826 circumﬂuxerit,

414 2839 590 2901 etiam
635 2856 741 2919 per
773 2837 1224 2918 deprecationes
1274 2854 1520 2902 necesse
1553 2848 1662 2914 est,
1698 2859 1817 2901 non
1853 2849 1919 2902 ut
1949 2841 2064 2904 sibi
2147 2853 2214 2896 ea
2245 2854 2362 2896 non
2394 2854 2567 2897 secus
2597 2835 2878 2910 afﬁcitur,
2913 2855 3087 2916 quam
3139 2838 3190 2898 si
3242 2849 3494 2902 careret.
3525 2839 3594 2901 Et
3627 2857 3641 2902 :
3678 2840 3806 2916 Qui

415 2939 659 3010 peccata
687 2946 792 2989 sua
824 2927 1221 3000 dimittantur,
1283 2927 1384 2988 sed
1447 2935 1508 2987 ut
1559 2946 1694 2989 eum
1727 2929 1999 2992 Christus
2030 2950 2064 2993 a
2146 2944 2367 2989 uxores
2384 2927 2627 3002 habent,
2656 2927 2846 3008 inquit
2879 2927 3216 3007 Apostolus,
3242 2937 3531 3009 tanquam
3559 2946 3676 2990 non
3691 2929 3798 2990 lia-

415 3019 696 3080 servitute
713 3035 781 3080 ac
799 3015 1103 3078 dominatu
1133 3017 1396 3094 ipsorum
1441 3016 1656 3078 liberet
1689 3037 1757 3080 ac
1780 3019 2055 3095 dimittat,
2084 3036 2125 3098 ρ
2147 3017 2564 3078 ὸθηίεεείηττει
2586 3020 2691 3095 qui
2706 3025 2960 3078 utuntur
2975 3017 3083 3078 hoc
3105 3017 3350 3090 mundo,
3373 3025 3660 3099 tanquam
3677 3035 3797 3079 non

413 3127 546 3170 cum
598 3114 809 3185 semet,
869 3105 1242 3186 quantumvis
1301 3107 1572 3187 cupiens,
1634 3107 1889 3169 liberare
1941 3129 2056 3170 non
2145 3106 2481 3167 utmtiur81.
2511 3105 2788 3186 Ejusdem
2811 3113 2870 3169 et
2893 3105 3004 3166 hoc
3053 3115 3144 3167 est
3166 3123 3185 3166 :
3231 3107 3381 3168 Mihi
3408 3116 3615 3169 autem
3647 3105 3802 3169 absit

413 3206 589 3278 queat
617 3215 764 3277 :quo
797 3195 1215 3257 liberatustum
1247 3195 1660 3257 remissionem
1680 3205 2057 3276 peccatorum
2141 3197 2418 3277 gloriari,
2456 3197 2580 3257 nisi
2610 3201 2674 3256 in
2697 3212 2873 3257 cruce
2896 3195 3300 3271 Dominimei,
3315 3215 3430 3277 per
3452 3214 3634 3278 quam
3654 3197 3809 3259 mihi

414 3287 660 3367 ﬂagitet,
698 3294 755 3346 et
785 3285 1070 3358 obtineat,
1108 3293 1229 3346 tum
1262 3285 1472 3348 divina:
1505 3286 1735 3349 virtutis
1767 3307 2059 3350 commer-
2145 3285 2401 3347 mundus
2439 3285 2770 3365 cruciﬁxus
2799 3292 2888 3346 est
2918 3294 2971 3346 et
3009 3303 3075 3345 eo
3118 3287 3343 3348 mundo
3383 3286 3441 3335 εί
3464 3290 3486 3345 ,ν
3514 3285 3668 3348 Illud
3695 3305 3808 3366 per

413 3378 506 3440 cio
539 3377 612 3438 de
667 3374 897 3454 telique
953 3392 1021 3434 ea
1079 3393 1196 3436 non
1254 3375 1600 3437 committat.
1661 3376 1874 3438 Fertur
1898 3379 2056 3440 enim
2142 3372 3804 3454 quem,hocsigniﬁcat,nisivenissetChristus,etsemet-

414 3486 600 3529 canon
638 3465 698 3526 in
741 3467 866 3527 hinc
894 3464 1072 3526 verba
1098 3486 1111 3525 :
1151 3465 1496 3544 Quicunque
1526 3467 1767 3528 dimerit
1789 3470 2057 3545 gratiam
2142 3463 2335 3544 ipsum
2363 3482 2465 3543 pro
2492 3480 2584 3524 me
2613 3462 2865 3523 hostiam
2891 3460 3227 3535 obtulisset,
3254 3462 3806 3524 etsanctificatione

413 3559 665 3636 Dei,qua
676 3556 1080 3634 justiﬁcvmur
1089 3554 1726 3634 perJesumChristum
1743 3555 2062 3620 Dominum
2150 3554 2276 3633 ejus
2306 3554 2567 3632 repletus
2588 3552 2851 3626 fuissem,
2883 3569 2977 3611 me
3001 3550 3328 3630 periturum
3351 3552 3535 3613 fuisse
3563 3553 3806 3632 quando

411 3655 710 3720 nostrum,
736 3646 814 3706 ad
833 3645 1024 3706 solum
1043 3646 1456 3706 remissionem
1499 3652 1900 3723 peccatorum,
1925 3649 2064 3723 jam
2149 3642 2389 3703 aliunde
2416 3641 2576 3702 salus
2607 3639 2900 3720 speranda
2947 3658 3067 3702 non
3122 3647 3232 3701 est.
3267 3639 3402 3702 Hac
3434 3640 3534 3722 qui
3561 3660 3677 3702 non
3711 3640 3811 3702 di-

407 3736 1109 3818 perpelratorumvalere
1127 3742 1316 3796 etnon
1334 3737 1585 3813 insuper
1602 3735 2066 3815 auxiliumprre-
2151 3731 2316 3804 dicit,
2356 3730 2635 3818 ignorans
2671 3736 2795 3790 est:
2836 3736 2894 3789 et
2933 3728 3049 3818 qui
3107 3747 3179 3790 ea
3231 3728 3455 3790 diserte
3488 3730 3805 3803 detractat,

417 3827 576 3896 bere,
610 3841 684 3885 ne
717 3823 839 3884 alia
869 3830 1316 3902 perpetrentur,
1355 3825 1681 3884 anathema
1714 3831 1860 3887 esto.
2152 3821 2370 3882 frnstra
2392 3820 2450 3880 in
2481 3817 2776 3880 Christum
2810 3817 3084 3893 credidit,
3115 3819 3334 3878 frustra
3357 3818 3808 3880 Christianivo-

491 3915 556 3976 ln
589 3931 704 3992 quo
739 3930 914 3992 porro
947 3912 1158 3971 horum
1212 3911 1388 3971 trium
1441 3912 1509 3972 ad
1547 3931 1652 3974 nos
1684 3914 2065 3993 occupandos
2149 3910 2424 3972 cabulum
2461 3916 2630 3988 gerit,
2667 3914 2723 3966 et
2753 3905 3025 3967 Christus
3057 3906 3204 3966 nihil
3231 3907 3280 3967 ei
3309 3907 3576 3986 proderit
3608 3925 3622 3968 :
3662 3925 3808 3986 pec-

413 4023 481 4065 ac
503 4000 896 4084 possidendos
917 4000 1000 4059 vis
1047 3999 1368 4063 consistit?
1398 3999 1462 4060 In
1514 4003 1744 4061 occulta
1787 4009 1844 4062 et
1898 4003 2064 4063 clan-
2148 4007 2427 4078 calorque
2476 3995 2742 4057 deterior
2767 3998 2982 4084 factus,
3019 3996 3151 4075 plus
3184 3994 3392 4056 virium
3429 3995 3714 4084 adversus
3742 4014 3810 4058 se

415 4082 646 4154 destina
663 4089 920 4170 quadam
946 4089 1000 4150 vi
1027 4087 1279 4169 Satanae,
1305 4109 1418 4170 qua
1441 4107 1548 4150 nos
1571 4089 1640 4150 ad
1668 4109 1757 4161 ea,
1814 4099 1878 4152 ut
1912 4090 2068 4152 bona
2148 4087 2381 4148 diabolo
2413 4085 2709 4148 concedit.
2755 4083 3063 4162 Jejunium
3109 4084 3286 4163 hujus
3314 4101 3419 4164 pro
3451 4082 3638 4144 nihilo
3672 4091 3762 4144 est
3789 4103 3805 4142 :

414 4179 810 4243 desideranda
827 4180 1026 4252 afﬁcit,
1063 4178 1226 4259 quasi
1246 4181 1514 4259 requiem
1547 4187 1604 4239 et
1634 4179 1891 4240 lzetitiam
1927 4181 2061 4242 ani-
2147 4177 2488 4238 affectiones
2521 4174 2680 4234 enim
2717 4173 2942 4253 peccati
2976 4171 3161 4251 magis
3202 4172 3265 4232 in
3298 4190 3435 4233 eum
3467 4173 3800 4252 insurgunt.

415 4291 526 4334 mae
545 4269 861 4351 parientis,
887 4278 944 4330 et
965 4269 1023 4330 in
1049 4269 1270 4330 doloris
1287 4269 1743 4350 afllictionisque
1775 4271 2064 4331 vacuitite
2147 4264 2207 4328 Si
2242 4266 2469 4346 psallat,
2501 4271 2599 4324 aut
2633 4280 2841 4342 preces
2892 4261 3067 4351 faciat
3114 4261 3386 4323 diabolus
3417 4280 3554 4323 eum
3585 4280 3618 4322 a
3652 4263 3802 4336 Deo,

413 4349 999 4444 ipsa-conservanda.
1033 4360 1199 4434 Quod
1261 4361 1372 4422 nisi
1429 4363 1625 4423 anima
1650 4349 1655 4350 ί
1680 4361 1850 4438 prius
1876 4380 1907 4421 a
1943 4363 2062 4424 Deo
2085 4357 2308 4450 nvelut
2337 4374 2472 4416 cum
2511 4359 2874 4450 contemptu
2917 4349 3372 4450 illiastantem,
3409 4352 3803 4450 majorecum

413 4439 803 4527 illuminetur,
840 4454 1262 4530 oppugnatoris
1295 4449 1620 4522 incursum,
1657 4450 2062 4531 insultumque
2087 4439 2133 4461 ⁵³
2155 4453 2444 4525 potestate
2473 4441 2915 4520 abstrahit(nec
2941 4439 3101 4501 enim
3133 4460 3274 4531 cum,
3304 4442 3427 4519 pio,
3462 4440 3805 4520 intelligen-

413 4542 569 4604 haud
603 4541 774 4602 facile
798 4547 991 4621 potest
1019 4539 1352 4618 intelligere
1389 4561 1404 4616 ;
1439 4540 1939 4620 quemadmodum
1969 4530 2068 4600 ’vi-
2155 4536 2312 4628 tique
2344 4534 2556 4628 timore
2584 4541 2782 4628 astare
2811 4537 3141 4628 potes_t),_et
3190 4530 3368 4628 efficit
3393 4538 3462 4628 ,ιιι
3494 4547 3662 4628 meus
3693 4547 3804 4628 ne:

414 4631 627 4694 demus
653 4617 958 4692 mulierem
982 4617 1518 4690 uterumferente—m
1540 4629 1774 4690 soreida
1798 4629 2066 4708 quaedam
2153 4624 2326 4685 fanda
2355 4621 2647 4716 quaedam,
2684 4626 2740 4716 ert
2772 4619 3173 4699 impurissima
3232 4617 3611 4716 imaginetur,
3647 4630 3701 4716 et
3732 4617 3807 4679 ad

413 4729 717 4801 appetere,
754 4733 815 4780 et
845 4719 1034 4800 ipsam
1069 4720 1252 4782 solam
1287 4737 1352 4780 ea
1390 4727 1452 4779 ut
1475 4718 1739 4798 jucunda
1771 4707 2062 4798 aSpicere,
2153 4731 2221 4805 ea
2252 4712 2444 4805 potius
2469 4727 2668 4771 coram
2705 4707 3052 4805 Deo,_quam
3086 4725 3215 4788 quae
3239 4707 3569 4805 dicuntur,
3605 4715 3806 4805 atten-

413 4793 588 4891 atque
620 4793 962 4873 comedere.
1001 4809 1142 4870 Nam
1204 4808 1360 4890 quod
1421 4793 1659 4887 semper
1691 4793 2066 4867 machinatur
2147 4800 2266 4861 dat.
2302 4797 2362 4862 Si
2394 4797 2803 4894 eleeinqsynas
2834 4795 2956 4894 det,
2990 4813 3089 4894 eas
3135 4794 3372 4894 amittit.
3408 4793 3520 4866 Qui
3553 4793 3713 4894 enim
3742 4794 3808 4856 in

415 4883 706 4974 diabolus,
737 4900 846 4960 hoc
869 4907 979 4979 est,
1003 4917 1075 4959 ne
1103 4883 1531 4977 cognoscdmus
1555 4883 1746 4977 ipsum
1777 4913 1930 4968 esse,
1963 4894 2063 4974 qui
2147 4896 2388 4984 egentes
2419 4885 2735 4984 munificus
2789 4891 2902 4957 est.
2967 4883 3096 4984 ιξίεί,
3131 4883 3391 4984 animam
3431 4883 3808 4984 .Suém.hisce

416 4988 552 5050 talia
583 4988 844 5055 molitur.
908 4973 1013 5066 per
1067 5006 1138 5048 ea
1180 4973 1537 5066 patientem,
1582 4973 1656 5045 vet
1690 4973 2057 5063 mysterium,
2145 4976 2398 5072 vinculis
2425 4973 2900 5072 avaritiae-,Lvane
2946 4973 3175 5072 glorias,
3237 4981 3296 5034 et
3354 4973 3666 5072 voluptatis
3697 4991 3804 5034 so—

415 5076 837 5139 christianismi
900 5060 1265 5154 ignorantem
1355 5060 1584 5136 occulte
1641 5060 1941 5145 inescans,
2006 5079 2067 5132 et
2148 5061 2844 5161 l_ut_am,-et_ex_speditam
2876 5061 3044 5160 sciat,
3071 5079 3434 5161 quaecunque
3457 5060 3647 5160 dedit,
3675 5079 3807 5161 per-

413 5152 1506 5246 avertens.Estenimhocmysterium,
1537 5161 1692 5243 quod
1728 5179 1834 5242 per
1855 5159 2059 5233 fidem,
2146 5155 2315 5218 didit.
2349 5152 2464 5246 Qui
2509 5152 3260 5246 eleemosynasuimpertit,
3327 5154 3485 5246 Deus
3537 5152 3799 5246 vicissim

417 5265 604 5318 etnon
621 5275 687 5317 ex
716 5253 1002 5335 operibus
1025 5255 1084 5315 in
1125 5239 1351 5315 animas
1393 5239 1842 5333 baptiaatorum,
1876 5248 2061 5309 virtus
2150 5263 2358 5325 magna
2384 5243 2550 5338 illum
2588 5241 2995 5338 misericordia
3023 5239 3321 5338 dignatur,
3354 5240 3607 5338 sanitate
3629 5240 3805 5338 scili-

409 5327 933 5419 divinitatis-Jesu,
968 5362 1143 5425 quam
1179 5327 1569 5421 intelligentia
1592 5327 1894 5422 perspicit,
1929 5338 2060 5400 il'a-
2145 5343 2239 5397 cet
2262 5333 2500 5409 mentis,
2535 5349 2666 5414 quae
2709 5329 2928 5390 sanitas
2977 5338 3070 5390 est
3129 5331 3256 5410 ipsa
3315 5347 3349 5390 a
3404 5327 3598 5390 tribus
3629 5328 3803 5392 hisce

495 5511 888 5584 7511Petr.n,
921 5515 1016 5578 19.
1105 5515 1168 5564 76
1188 5515 1405 5584 Ephes.
1434 5531 1512 5584 vi,
1539 5513 1637 5576 11.
1725 5511 1785 5558 77
1805 5511 1974 5570 toan.
2005 5523 2048 5584 ι,
2074 5509 2169 5568 16.
2255 5505 2320 5556 78
2337 5501 2524 5566 Galat.
2553 5517 2640 5579 ιιι,
2664 5500 2765 5563 27.
2853 5499 3244 5574 79Joan.vm,
3281 5497 3384 5574 34,
3413 5497 3492 5560 35
3573 5495 3816 5568 80Gen.

415 5611 482 5671 ιι,
516 5595 614 5656 23.

1105 5515 1168 5564 76
1188 5515 1405 5595 Ephes.
1434 5531 1512 5587 vr,
1539 5513 1637 5576 11.
1725 5511 1785 5595 77
1805 5511 1974 5595 .loan.
2005 5509 2169 5584 1,16.
2255 5505 2320 5556 78
2337 5501 2524 5566 Galat.
2553 5517 2640 5579 In,
2664 5500 2765 5563 Ἦ.

701 5595 754 5644 8¹
791 5595 812 5659 Ι
843 5593 976 5659 Cor.
1007 5613 1114 5670 vn,
1147 5591 1252 5659 3|:
1333 5596 1392 5646 82
1422 5595 1610 5659 Galat.
1642 5609 1726 5668 v1,
1762 5591 1860 5654 14.
