4160 6382
440 307 548 372 351

1744 319 2128 387 SYMEONIS
2169 321 2544 388 JUNIORIS.

3711 317 3854 384 352

435 441 632 519 gravia
647 440 948 524 sustinuit,
965 445 1270 528 jacuitque
1291 466 1360 510 ex
1384 448 1776 514 intolerandis
1805 455 2076 521 verberi-
2103 457 2147 518 Α
2164 447 2452 510 imitando
2482 449 2866 530 expresserit,
2891 465 3099 511 revera
3122 447 3394 510 eamdem
3417 456 3664 528 gratiam
3697 467 3784 510 no
3801 456 3847 499 ῐι

435 531 548 594 bus
583 534 1056 600 semimortuus?
1103 541 1322 602 Annon
1376 561 1508 603 cum
1541 543 1600 604 iu
1637 547 1951 612 ecclesiam
1983 572 2089 634 pro

437 623 694 683 exanimi
721 634 877 686 esset
900 627 1121 702 illatus,
1140 630 1462 694 ubisensus
1485 635 1855 711 convaluere,
1881 623 2090 722 suopte

433 709 692 789 impulsu
723 713 793 773 ad
835 734 1060 794 pugnas
1092 717 1356 781 edendas
1401 722 1620 786 rediit?
1668 723 1789 786 Nisi
1823 709 2084 792 enim'ad

437 801 812 865 adversarios
845 807 1144 881 rediisset,
1179 811 1279 870 sed
1314 813 1372 872 in
1407 815 1630 874 mundo
1658 820 1992 896 mansisset,
2017 841 2088 884 ac

438 889 553 950 nisi
585 891 655 950 ad
687 892 866 954 tinem
913 913 1100 976 usque
1158 898 1388 960 fortiter
1444 901 1803 979 dimicasset,
1841 889 2092 991 seseque

433 977 614 1038 alacri
659 983 955 1044 voluntate
1019 986 1191 1046 morti
1242 987 1579 1063 obtulisset,
1646 977 2091 1075 exoptatissiino

437 1067 670 1129 Domini
699 1069 790 1130 sui
812 1080 1052 1150 aspectu
1075 1074 1345 1152 dignatus
1377 1097 1494 1140 non
1531 1067 1777 1157 fuisset;
1805 1104 1916 1147 nec
1948 1106 2088 1150 sua-

434 1173 565 1218 vem
589 1157 746 1220 illam
778 1179 979 1222 vocem
1003 1163 1342 1228 audivisset.
1371 1167 1487 1228 Sed
1516 1177 1631 1231 toto
1661 1181 1898 1250 pectore
1925 1195 2088 1256 quae-

438 1245 592 1320 sivit,
625 1247 876 1329 impigre
901 1251 1168 1329 pulsavit,
1191 1273 1373 1335 usque
1397 1257 1469 1318 ad
1503 1245 1679 1321 finem
1711 1245 2001 1345 toleravit,
2036 1275 2094 1328 et

439 1337 774 1397 mercedem
810 1340 1167 1418 condignom
1222 1345 1442 1407 retulit.
1501 1349 1761 1411 Mortuus
1793 1353 1955 1414 enim
1985 1337 2091 1415 vo-

437 1422 665 1486 luntate
695 1445 800 1506 pro
833 1427 1086 1518 Christo,
1115 1432 1352 1510 jacebat
1384 1434 1573 1497 instar
1601 1440 1818 1502 mortui
1847 1461 1862 1518 ;
1899 1443 2090 1506 donec

434 1522 707 1589 accessu,
746 1515 847 1596 qui
881 1526 1144 1580 mortuos
1180 1521 1236 1581 in
1291 1523 1465 1584 vitam
1518 1527 1799 1605 restituit,
1837 1515 2091 1614 eumque

435 1601 506 1660 ad
535 1602 741 1665 inferis
761 1607 1072 1669 excitavit:
1103 1629 1132 1669 a
1153 1611 1435 1685 tenebris,
1473 1613 1735 1696 inquam,
1763 1601 2012 1694 animae;
2034 1631 2093 1683 et

435 1690 637 1753 eduxit
664 1693 832 1756 illum
865 1695 924 1756 in
958 1697 1308 1761 admirabile
1339 1690 1780 1767 lumen—vultus
1811 1709 1902 1770 sui
1933 1711 2087 1789 quod

433 1778 706 1855 intuitus,
729 1784 1140 1866 molestiisque
1164 1788 1469 1863 liberatus,
1500 1801 1555 1852 et
1581 1794 1829 1858 mirifice
1850 1778 2089 1860 recrea-

437 1867 1097 1967 tus‘aiebatiDomine,
1122 1877 1229 1967 ubi
1241 1895 1378 1967 eras
1395 1881 1686 1945 hactenus
1711 1885 1895 1963 23.ch
1921 1889 2099 1967 igitur

437 1955 715 2020 verbum:
748 1959 855 2021 Ubi
875 1965 1294 2042 eras,omuino
1325 1966 1654 2046 ignorantis
1676 1955 1788 2048 est,
1824 1976 1924 2038 ubi
1943 1955 2096 2038 erat.

439 2041 589 2105 Illud
624 2059 820 2110 autem
841 2041 1155 2126 hactenus,
1187 2041 1519 2137 aspectum,
1548 2069 1605 2121 et
1627 2041 1893 2141 sensum,
1920 2073 1979 2126 et
1999 2086 2103 2128 no-

440 2131 626 2194 titiam
665 2140 999 2216 praesentia;
1030 2131 1275 2205 Domini
1298 2131 1578 2212 declarat.
1631 2153 1690 2214 Si
1721 2169 1858 2232 ergo
1877 2131 2100 2217 Inosita

435 2220 618 2285 rebus
652 2227 920 2288 nuntium
947 2231 1255 2294 remittere
1278 2234 1576 2311 nolumus,
1603 2247 1751 2300 etut
1779 2220 1880 2303 ille
1899 2262 2101 2324 perse-

435 2329 662 2389 verare,
690 2332 758 2378 ac
782 2319 1012 2398 perpeti
1038 2339 1144 2381 nos
1165 2323 1502 2398 statuimus,
1531 2346 1670 2388 num
1699 2329 1860 2407 digni
1884 2319 2090 2408 simus,

439 2401 540 2480 qui
562 2404 750 2465 Deum
777 2406 836 2467 in
860 2409 1081 2488 Spiritu
1104 2425 1332 2493 sancto,
1361 2424 1425 2476 ut
1465 2416 1643 2493 idem,
1678 2401 2004 2498 vid‘eamus,
2041 2431 2100 2484 et

438 2492 841 2558 exsultatione
872 2499 1214 2578 repleamur
1241 2502 1272 2561 ‘P
1299 2504 1384 2564 Ab
1422 2505 1788 2588 neutiquam.

522 2582 740 2644 Verum
772 2585 845 2645 ad
876 2586 1056 2648 alium
1091 2609 1353 2671 quoque,
1390 2593 1440 2654 si
1475 2582 1688 2672 placet,
1717 2617 1825 2660 nos
1857 2618 2099 2662 conver-

437 2676 655 2732 tamus.
680 2674 922 2753 Magnus
936 2677 1307 2742 Arseniusab
1330 2683 1494 2744 initio
1507 2689 1966 2750 renuntiationis
1979 2709 2101 2752 sum

439 2756 740 2860 quidfecit
767 2771 778 2825 ι
807 2766 1020 2828 Nonne
1041 2769 1270 2860 relictis
1292 2771 1753 2854 imperatoribus
1774 2797 1906 2840 cum
1932 2780 2098 2860 pala-

438 2847 544 2924 tio,
579 2849 866 2930 ipsorum,
905 2865 964 2917 et
1012 2859 1284 2922 sericatis
1312 2847 1543 2944 aulicis,
1577 2866 1804 2929 relictis
1833 2847 1974 2931 item
2010 2872 2094 2932 fa-

439 2937 639 3018 mulis,
661 2943 1248 3010 etomnibusdivitiis
1279 2951 1422 3026 suis,
1453 2937 1831 3018 incomitatus
1861 2960 1933 3020 ad
1968 2980 2095 3021 mo-

440 3027 769 3090 nasterium
792 3039 1092 3112 utpauper
1114 3045 1174 3098 et
1195 3040 1508 3102 mendicus
1532 3044 1711 3116 venit,
1728 3045 2098 3129 gloriamque

2113 1750 2157 1809 B

2174 539 2472 601 immerito
2505 547 2925 620 consequetur.
2953 537 3081 600 Jam
3106 538 3157 600 si
3180 538 3314 620 quis
3337 539 3550 639 horum
3586 537 3846 640 humili:

2172 635 2373 704 tatem,
2410 627 2752 708 patientiam
2778 627 2997 690 imitari
3028 648 3144 690 non
3177 629 3323 705 vult,
3359 646 3465 690 cur
3489 629 3736 710 insuper
3769 627 3840 689 id

2173 717 2506 797 ﬁeriposse
2538 718 2788 818 negat?“
2934 807 2967 818 Α
3013 807 3026 818 _
3222 809 3259 818 _.
3677 805 3690 818 ,
3740 805 3756 818 ,

2254 809 2465 868 Porrro
2495 807 2816 888 Eutbymii,
2845 817 2901 870 et
2932 807 3122 882 Sabze,
3151 805 3845 909 reliquorumquedein-

2172 916 2314 977 ceps
2335 905 2674 958 sanctorum
2694 899 2960 960 actiones
2987 899 3243 980 majores
3267 919 3440 980 quam
3468 899 3844 998 proﬂnimi‘ne

2174 997 2306 1066 quis
2321 986 2690 1048 enarraverit
2711 987 2736 1049 ἲ
2756 986 2890 1049 Sive
2911 988 3072 1050 enim
3093 997 3230 1050 ante
3244 998 3548 1069 acceptam
3566 986 3846 1068 Spiritus

2173 1074 2442 1152 gratiam,
2468 1075 2590 1136 sive
2611 1084 2740 1155 post
2761 1089 3095 1158 acceptam,
3131 1077 3261 1139 sine
3303 1077 3616 1147 molestiis,
3653 1074 3846 1136 labo-

2173 1162 2360 1233 ribus,
2398 1165 2719 1245 multisque
2747 1165 3089 1241 sudoribus,
3127 1167 3256 1229 sine
3310 1165 3602 1240 violentia,
3636 1182 3846 1243 angu-

2174 1253 2307 1326 stia,
2351 1259 2408 1313 et
2439 1252 2844 1326 tribulatione,
2881 1274 3054 1316 nemo
3097 1255 3310 1316 animae
3337 1255 3650 1333 caliginem
3684 1270 3844 1333 per-

2173 1341 2343 1413 vasit,
2363 1360 2556 1421 neque
2577 1343 2938 1405 sanctissimi
2967 1343 3223 1424 Spiritus
3246 1344 3439 1406 lucem
3454 1352 3545 1406 est
3567 1350 3850 1445 conteru-

2172 1429 2384 1510 platus.
2400 1429 2666 1507 Regnum
2693 1435 2853 1494 enim
2882 1433 3167 1496 caelorum
3188 1437 3308 1496 vim
3329 1437 3590 1514 patitur,
3613 1441 3668 1494 et
3696 1433 3846 1494 vio-

2173 1517 2322 1580 lenti
2345 1521 2594 1598 rapiunt
2617 1519 2856 1597 illud“,
2875 1522 3015 1603 quia
3033 1523 3260 1585 scilicet
3276 1541 3391 1603 per
3407 1521 3848 1585 multastribu-

2173 1605 2399 1668 latione
2420 1617 2652 1688 oportet
2669 1627 2776 1672 nos
2799 1613 3066 1711 introire
3091 1614 3157 1711 in
3191 1630 3444 1711 regnant
3492 1611 3607 1711 Dei
3755 1609 3848 1711 at

2175 1696 2336 1758 enim
2368 1717 2613 1777 regnum
2647 1701 2932 1762 cmlorum
2965 1700 3222 1782 Spiritus
3251 1704 3440 1764 sancti
3463 1700 3846 1782 participatio

2179 1792 2293 1848 est.
2313 1785 2437 1847 Hoc
2459 1787 2752 1868 siquidem
2773 1799 2883 1863 est,
2918 1791 3074 1872 quod
3123 1792 3372 1854 dicitur:
3415 1792 3681 1869 Regnum
3713 1807 3842 1852 cae-

2181 1873 2377 1937 lorum
2402 1877 2569 1938 intra
2592 1897 2690 1940 vos
2713 1887 2803 1941 est
2841 1880 2925 1949 86,
2962 1889 3025 1941 ut
3055 1880 3339 1962 Spiritum
3371 1895 3642 1942 sanctum
3674 1881 3844 1940 intra

2184 1983 2291 2026 nos
2321 1965 2588 2046 recipere
2620 1977 2675 2028 et
2709 1968 2927 2032 habere
2955 1971 3320 2032 studeamus.
3373 1973 3627 2032 Pareant
3655 1968 3844 2048 igitur

2183 2053 2405 2119 dicere.
2447 2055 2546 2134 qui
2579 2057 2817 2118 assiduo
2849 2057 2962 2121 sibi
2992 2061 3108 2120 vim
3141 2079 3258 2120 non
3289 2059 3534 2140 faciunt,
3559 2058 3845 2157 quiquo-

2186 2142 2327 2203 tidie
2360 2143 2420 2204 in
2452 2146 2763 2224 angustiis,
2800 2147 2860 2208 in
2892 2167 3094 2210 rerum
3127 2152 3431 2220 tenuitate,
3468 2156 3526 2210 et
3556 2145 3839 2209 alllictio-

2182 2231 2358 2294 nibus
2392 2253 2507 2294 non
2538 2245 2694 2309 sunt,
2733 2236 2886 2297 intra
2911 2257 3018 2299 nos
3042 2237 3325 2318 Spiritum
3357 2246 3632 2300 sanctum
3657 2237 3844 2298 habe-

2181 2340 2333 2381 mus.
2369 2321 2524 2383 Citra
2573 2323 2804 2386 virtutis
2864 2327 3084 2407 quippe
3143 2326 3653 2398 exercitationem,
3688 2325 3842 2387 citra

2183 2410 2432 2471 sudores
2460 2430 2528 2472 ac
2563 2412 2793 2474 labores
2842 2414 2954 2475 ista
3000 2433 3232 2477 merees
3263 2415 3552 2493 contingit
3581 2415 3835 2476 nemini.

2183 2498 2379 2570 Quare
2413 2500 2556 2562 mihi
2585 2503 2725 2563 illud
2786 2503 2847 2565 in
2905 2505 3061 2584 vulgi
3117 2524 3220 2566 ore
3266 2505 3642 2586 proverbium
3682 2503 3840 2565 bene

2184 2588 2406 2668 placet:
2437 2589 2710 2652 Ostende
2739 2609 2943 2669 opera,
2968 2602 3026 2655 et
3054 2593 3290 2674 postulo
3315 2594 3665 2656 mercedem.
3691 2591 3837 2654 Novi

2182 2699 2290 2757 ego
2325 2681 2652 2763 hominem,
2687 2684 2788 2764 qui
2817 2695 3131 2766 antequam
3169 2685 3358 2748 labori
3390 2704 3454 2748 se
3477 2686 3747 2766 dederet,
3774 2695 3840 2747 ut

2181 2778 2372 2830 semet
2400 2772 2596 2832 acrius
2629 2783 2886 2851 urgeret,
2922 2793 3056 2836 cum
3091 2774 3419 2854 Scripturis
3453 2784 3652 2837 mente
3673 2785 3837 2837 recta

2181 2865 2240 2919 et
2270 2857 2529 2940 simplici
2559 2878 2800 2938 operam
2855 2862 3140 2941 dedisset,
3207 2882 3546 2944 paucosque
3587 2863 3733 2935 dies,
3768 2872 3826 2922 et

2181 2955 2388 3009 noctes
2416 2947 2546 3009 sine
2575 2949 2950 3025 lassitudine,
3005 2960 3068 3013 ut
3124 2952 3204 3014 ita
3263 2952 3480 3026 dicam,
3513 2951 3818 3031 vigi’asset,

2181 3055 2512 3118 precesque
2540 3039 2997 3120 frequentasset,
3047 3059 3082 3102 a
3134 3058 3393 3122 superna
3419 3041 3602 3122 gratia
3624 3048 3823 3102 tanto-

442 3123 500 3212 et
531 3116 765 3179 laudem
799 3121 1134 3200 hominum,
1182 3137 1238 3186 ut
1271 3146 1303 3188 a
1360 3129 1480 3191 Deo
1513 3116 1966 3212 gloriﬁcvaretur,
2001 3116 2058 3199 fu

2183 3144 2325 3206 pere
2349 3116 2731 3204 illustratum,
2767 3137 2832 3190 ut
2884 3138 3050 3192 extra
3107 3116 3348 3210 cor-pus,
3383 3140 3550 3193 extra
3579 3129 3835 3192 domici-

440 3200 633 3280 giens,
669 3207 802 3286 quis
827 3209 1033 3272 fuisset
1059 3212 1320 3290 ignorari
1380 3200 1655 3280 studbit?
1713 3223 1864 3295 Quid
1901 3200 2038 3304 ergo
2067 3226 2098 3286 ?

439 3311 580 3354 num
602 3295 713 3358 hoc
740 3297 952 3361 fecisse
979 3303 1119 3364 satis
1143 3305 1398 3368 habuit?
1420 3309 1582 3372 nullo
1608 3312 1806 3374 modo.
1853 3295 2098 3395 Sedvqui

440 3383 618 3446 etiam
656 3396 716 3448 ut
743 3390 876 3452 vilis
907 3392 1248 3458 hominibus
1306 3417 1438 3460 sese
1469 3401 1689 3463 vilibus
1720 3422 1954 3484 requare
1985 3383 2097 3468 n'o-

438 3473 570 3550 luit,
605 3495 812 3539 verum
837 3499 940 3558 pro
958 3502 1106 3546 cane
1124 3506 1187 3547 se
1215 3489 1530 3568 reputavit.
1562 3473 1805 3555 Etenim.
1839 3513 1973 3556 cum
2008 3496 2092 3557 illi

437 3583 471 3626 a
497 3568 806 3644 praeposito
828 3570 1076 3634 frustum
1106 3576 1273 3654 panis
1299 3579 1715 3658 projiceretur,
1739 3582 2094 3664 idquehumi

439 3655 776 3731 cecidisset,
813 3659 914 3722 ille
945 3655 1772 3746 quadrupedemvincedendo
1806 3655 2088 3751 imitatus,

441 3762 561 3803 non
593 3764 794 3819 manu,
829 3749 933 3810 sed
968 3752 1246 3815 dentibus
1273 3776 1438 3820 more
1463 3759 1625 3819 canis
1649 3778 1862 3839 panem
1885 3749 2093 3824 subla-

439 3839 563 3890 tum
597 3835 878 3900 comedit.
913 3837 978 3900 In
1011 3842 1161 3904 cella
1191 3852 1388 3907 autem
1448 3835 1721 3910 residens
1751 3869 1868 3911 non
1901 3852 2094 3913 solum

439 3919 770 3993 laborabat,
807 3929 909 3989 sed
945 3930 1127 3990 multo
1161 3933 1337 3994 etiam
1371 3937 1588 4010 minus,
1618 3957 1792 4018 quam
1823 3958 1891 4000 ex
1915 3960 2098 4020 opere

447 4027 727 4070 manuum
762 4015 1163 4101 redigebatur,
1199 4040 1265 4082 ac
1288 4040 1461 4085 usum
1487 4015 1659 4086 suum
1687 4015 2094 4104 consumebat,

2180 3217 2348 3284 lium.
2379 3227 2540 3280 extra
2565 3227 2753 3280 totum
2778 3221 3038 3300 denique
3055 3222 3338 3282 mundum
3363 3240 3493 3283 esse
3511 3220 3835 3284 videretur.

2182 3307 2308 3368 Nox
2339 3317 2485 3382 erat,
2515 3317 2574 3369 et
2602 3308 2801 3370 divina
2823 3309 3089 3372 claritate
3104 3310 3358 3371 refulsit.
3388 3309 3678 3374 Czeterum
3699 3309 3842 3392 quia

2179 3397 2403 3458 otiosus
2429 3397 2664 3459 divitias
2681 3407 3018 3480 acceperat,
3044 3408 3303 3460 actutum
3324 3418 3424 3460 cas
3439 3399 3843 3480 parvipendit.

2179 3497 2355 3567 atque
2388 3488 2646 3564 neglexit
2675 3509 2690 3565 ;
2725 3489 2886 3551 unde
2915 3489 3090 3588 simul
3117 3484 3328 3588 omnes
3350 3489 3630 3588 perdidit,
3651 3506 3841 3569 usque

2179 3575 2327 3636 adeo
2359 3577 2522 3657 utZse
2551 3597 2814 3657 unquam
2863 3578 3038 3640 talem
3083 3578 3329 3658 gloriam
3363 3577 3725 3660 spectavisse
3759 3596 3838 3638 ne

2181 3667 2515 3728 meminerit
2548 3667 2812 3748 quidem.
2846 3667 3042 3739 Quare
3075 3687 3192 3749 quo
3220 3675 3384 3748 pacto
3403 3666 3618 3748 quibus
3638 3685 3838 3747 neque

2179 3772 2245 3814 ex
2267 3764 2431 3835 parte
2456 3755 2654 3836 aliqua
2680 3754 2977 3836 accipere,
3003 3766 3101 3818 aut
3135 3755 3497 3854 conspicere
3517 3755 3840 3854 aliquando

2179 3843 2406 3904 hancce
2426 3843 2672 3922 gloriam
2689 3863 2793 3905 suo
2819 3843 3084 3922 ipsorum
3111 3847 3321 3906 merito
3341 3845 3608 3924 contigit,
3625 3863 3688 3905 se
3703 3862 3836 3905 eam

2179 3931 2518 3993 universam
2552 3932 2610 3993 in
2643 3941 2833 3996 semet
2859 3933 3080 3996 habere
3097 3944 3427 4009 autument,
3449 3933 3724 3996 dubitare
3740 3952 3838 3996 me

2181 4021 2488 4084 confiteor.
2525 4019 2666 4103 Sed,
2694 4041 2727 4082 o
2752 4021 3078 4084 caecitatem
3108 4024 3122 4084 !
3153 4043 3185 4084 ο
3212 4022 3528 4100 caliginem
3559 4030 3570 4085 l
3598 4021 3841 4083 ostulti-

453 4116 665 4175 aquam
702 4101 994 4166 turbidam
1029 4116 1084 4168 et
1116 4112 1374 4189 putidam
1410 4113 1642 4179 bibens.
1666 4115 1814 4189 Quin
1837 4128 1894 4179 et
1926 4101 2096 4180 laboé
2183 4109 2411 4214 tiam‘et
2439 4101 2780 4214 opiniopem
2815 4111 2985 4214 dense
3009 4113 3424 4214 arrogantem!
3462 4111 3835 4214 ubitan'dem

446 4205 610 4261 rans,
639 4198 911 4274 etorans,
933 4198 1311 4263 continenter
1337 4204 1559 4266 vultum
1585 4206 1858 4288 lacrymis
1884 4209 2096 4288 irriga-

450 4276 545 4306 ιη..
582 4298 596 4306 .
635 4286 686 4306 ,ιι
723 4298 848 4306 ---μ
904 4303 998 4306 ",7
1121 4289 1132 4300 ο
1317 4291 1329 4303 ο
1485 4305 1491 4306 γ
1779 4295 1790 4306 .

2185 4199 2362 4274 istud,
2397 4208 2497 4261 aut
2539 4201 2754 4280 quibus
2805 4219 2836 4261 e
2895 4200 3218 4306 Scri'pturis
3247 4201 3649 4306 didicerunt?
3680 4198 3837 4306 Vero

450 4276 550 4337 bat
581 4298 596 4337 :
631 4286 690 4339 et
718 4298 852 4342 cum
904 4289 1136 4366 vesperi
1180 4291 1520 4372 coepissent,
1561 4276 1746 4376 usque
1776 4295 1836 4358 in
1870 4276 3844 4390 tempusnevatmeruntiincogitationibussuis,etobscurqtuntest

451 4368 804 4429 matutinum
837 4376 1048 4436 stando
1083 4368 1293 4456 preces
1351 4368 1773 4447 continuabat:
1833 4368 2008 4467 atque
2039 4387 2096 4448 in

2189 4382 2479 4458 insipiens
2499 4368 2602 4439 cor
2621 4368 2854 4448 eorum,
2882 4379 3293 4461 etinlEgypto,
3321 4381 3431 4440 hoc
3456 4388 3568 4454 est,
3587 4379 3646 4440 in
3673 4387 3842 4440 tene-

453 4463 713 4518 extrema
736 4470 1018 4541 egestate,
1049 4467 1390 4550 vilitateque
1414 4491 1602 4553 usque
1627 4473 1697 4534 ad
1722 4463 1947 4536 obitum
1973 4495 2108 4556 per-
2191 4467 2313 4529 bris
2346 4467 2857 4570 Ρθΐξξλτῦεηὶυξψῐη
2888 4489 2959 4531 ειο
2991 4469 3352 4570 νοιιιριξιιιξῐη
3377 4487 3628 4570 .5051.er
3666 4485 3838 4528 "Ian"

452 4548 760 4609 severavit.
791 4551 1076 4616 Curistud
1098 4556 1217 4620 ?Ut
1238 4548 1542 4640 pateretur
1563 4581 1833 4644 prorsus,
1857 4548 2110 4628 videret-
2191 4566 2417 4620 serunt.
2451 4557 2594 4619 Nam
2631 4558 2731 4640 qui
2762 4567 2978 4620 terram
3013 4559 3422 4639 promissionis
3452 4557 3655 4619 videre
3684 4577 3836 4618 con-

459 4653 576 4714 que
610 4638 785 4732 etiam
819 4641 944 4721 ipse
975 4664 1104 4725 quae
1136 4638 1382 4728 magnus
1413 4638 1703 4714 Antonius
1741 4638 1880 4732 pati,
1927 4663 1984 4716 et
2013 4655 2102 4716 vi-

451 4726 847 4820 d_ere_dignus
879 4742 968 4793 est
1002 4726 1257 4798 habitus:
1288 4738 1600 4816 Quomodo
1652 4726 1828 4820 igitur
1863 4726 1960 4804 ide
1992 4744 2102 4805 hoc

450 4812 724 4877 similiter
753 4818 967 4883 litteris
999 4814 1291 4887 traditum
1336 4849 1451 4889 non
1505 4839 1615 4902 est,
1651 4812 1868 4893 vidisse
1899 4832 2104 4893 Domi-

453 4919 594 5001 num
618 4903 648 4963 ?
676 4904 830 4968 Num
862 4910 1095 4975 labores
1126 4919 1412 4999 suscepit,
1461 4928 1518 4980 et
1547 4920 1712 5000 quasi
1749 4921 2098 5001 prmstruxit,

453 4989 618 5051 illum
655 5003 847 5057 tamen
875 5000 1074 5065 videre
1109 5025 1221 5066 non
1250 4989 1512 5068 meruit?
1548 4989 1694 5069 nihil
1726 4989 1965 5081 minusf:
2001 5010 2106 5070 sed

450 5077 580 5158 ipse
606 5098 868 5179 quoque,
931 5091 1156 5152 etiamst
1220 5096 1348 5175 ejus
1408 5097 1670 5158 historiae
1725 5077 1980 5179 scriptor
2027 5098 2109 5159 ita

456 5179 660 5247 aperte
694 5172 805 5236 hoc
835 5196 951 5239 non
987 5172 1265 5261 prodidit,
1298 5185 1382 5246 sic
1407 5185 1724 5248 Dominum
1748 5172 1948 5248 videre
1976 5206 2108 5268 pro-

458 5259 698 5354 meruit.
728 5261 894 5336 Quod
919 5270 968 5330 si
987 5259 1265 5335 accurate
1308 5275 1391 5335 vis
1416 5275 1672 5354 discere,
1711 5275 1883 5338 vitam
1919 5278 2106 5338 Arse-

458 5344 544 5405 nii
574 5347 932 5432 descriptam
961 5362 1181 5438 evolve,
1221 5365 1376 5426 unde
1399 5373 1457 5426 et
1483 5365 1640 5426 hunc
1661 5344 1888 5426 Ividisse
1915 5367 2104 5428 Deum

461 5451 799 5515 cognosces.
834 5445 1231 5518 Quamobrem
1265 5455 1364 5535 qui
1408 5455 1567 5536 ipsos
1597 5473 1778 5535 opere
1805 5474 1875 5518 ac
1905 5454 2108 5518 labore

2187 4647 2562 4728 cupiverunt,
2588 4668 2762 4728 quam
2780 4657 3247 4710 mansuetorum.
3285 4646 3600 4747 humilium
3621 4657 3845 4748 etpau-

2189 4755 2394 4814 perum
2424 4736 2577 4798 oculi
2602 4737 2803 4798 videre
2824 4738 2988 4818 digni
3009 4748 3173 4837 sunt,
3193 4737 3460 4816 quamvis
3479 4736 3842 4837 angustiam,

2191 4825 3069 4908 tribulationem,adjectionem
3085 4827 3342 4927 subeunt
3355 4836 3551 4908 ,atque
3562 4825 3634 4888 ab
3649 4827 3838 4927 omni,

2189 4922 2247 4974 et
2278 4915 2593 4994 omnigena
2624 4917 2894 4997 corporis
2945 4917 3266 4998 voluptate,
3319 4917 3567 4990 honore,
3619 4915 3842 4978 remis-

2192 5003 2382 5077 sione,
2419 5013 2477 5065 et
2504 5005 2706 5085 quiete
2729 5005 3432 5104 vchemenlerabstinent
3459 5023 3472 5067 :
3511 5023 3706 5104 neque
3727 5005 3842 5066 hoc

2194 5101 2440 5172 tantum,
2465 5094 2568 5155 sed
2596 5093 2771 5156 etiam
2795 5094 3056 5175 cujusvis
3079 5094 3338 5194 hominis
3355 5113 3456 5156 seu
3473 5092 3843 5194 pl.ebeii,seu

2191 5180 2460 5261 primarii
2488 5201 2871 5261 congressum
2901 5203 2969 5245 ac
3001 5183 3459 5281 familiaritatem
3491 5181 3673 5243 vitant
3698 5199 3844 5281 {eos

2191 5269 2337 5330 citra
2363 5269 2563 5332 odium
2590 5271 2903 5369 fugientes,
2928 5293 3044 5354 quo
3067 5273 3229 5370 digni
3253 5272 3607 5370 habeantur,
3637 5269 3741 5370 qui
3765 5269 3840 5370 ad

2191 5357 2348 5418 hanc
2381 5358 2746 5438 perveniant,
2782 5363 3128 5442 priusquam
3156 5360 3618 5461 viae-hujus-vita)
3639 5358 3847 5461 brevi-

2193 5455 2278 5508 tas
2309 5465 2516 5509 eorum
2547 5467 2786 5510 cursum
2816 5448 3232 5532 interrumpat.
3269 5450 3662 5513 Humiliantes
3677 5449 3842 5512 enim

536 5607 600 5658 84
628 5612 836 5676 Matth.
867 5635 946 5695 χι,
984 5622 1079 5687 12.
1166 5628 1230 5678 85
1259 5627 1388 5690 Act.
1423 5644 1539 5703 xlv,
1576 5627 1678 5690 91.
1764 5626 1828 5679 86
1861 5628 2004 5691 Luc.
2036 5641 2184 5700 xvu,
2214 5623 2316 5689 21.
