4160 6382
289 374 408 444 383

1773 386 2054 454 ORATIO
2097 392 2234 459 VII.

3604 399 3721 467 354

298 535 390 623 se,
422 525 484 581 et
515 536 641 623 pro.
661 517 1230 623 improbis,.quiqu.e
1255 521 1440 623 multa
1455 521 1836 623 ofl‘enderiut,
1862 523 1973 585 ba-
1995 523 2390 623 AErumnas‘
2407 538 2626 606 autem,
2691 535 3170 623 tentationesque
3232 544 3317 598 tot
3366 538 3627 620 pertulit,
3660 549 3726 602 ut

309 607 545 684 bentes,
581 608 771 692 idque
804 629 877 673 ex
906 611 1132 687 animo,
1182 612 1302 674 imo
1359 611 1660 687 inimicos,
1697 621 1754 674 et
1787 623 1980 676 trans-

311 717 624 779 gressores
657 699 1000 762 divinarum
1029 701 1220 781 legem
1251 721 1316 764 se
1346 711 1716 784 reputantes,
1743 703 1986 765 sibimet

315 789 484 851 exosi
513 807 583 852 ac
615 790 824 853 mmsti
854 790 1032 851 vitam
1065 791 1311 866 ducunt,
1365 800 1605 854 aventes
1636 811 1812 854 nosse
1842 791 1982 874 quid

310 895 420 939 eos
441 878 516 940 ad
547 880 1020 959 recuperandam
1052 881 1270 944 Christi
1299 879 1536 942 Domini
1556 881 1802 960 gratiam
1828 900 1984 962 prae-

306 976 470 1028 stare
502 989 654 1048 opus
684 969 786 1033 sit.
811 969 950 1030 Ideo
982 969 1272 1031 Dominus
1305 970 1378 1031 iis
1409 970 1612 1052 donat,
1648 990 1765 1032 non
1788 971 1978 1032 solum

309 1068 378 1118 ut
410 1057 550 1138 quid
581 1076 762 1137 agere
789 1058 1053 1120 debeant
1081 1060 1434 1139 intelligant,
1469 1079 1674 1122 verum
1698 1059 1874 1121 etiam
1897 1059 1978 1121 vi-

315 1163 446 1225 res,
481 1156 537 1207 et
566 1147 918 1226 patientiam
955 1169 972 1220 ;
1006 1155 1070 1210 ut
1127 1167 1264 1211 cum
1322 1147 1621 1221 universa,
1657 1167 1786 1229 quae
1816 1148 1974 1212 scire

317 1231 558 1295 illorum
607 1234 881 1310 interest,
943 1236 1348 1318 impleverint,
1411 1244 1472 1298 et
1524 1236 1625 1318 qui
1670 1245 1760 1298 est
1790 1255 1976 1316 super

318 1323 540 1399 omnia,
592 1334 649 1386 et
698 1325 755 1386 in
814 1325 1095 1388 omnibus
1153 1326 1339 1388 Deum
1395 1325 1793 1407 possederint,
1833 1339 1974 1388 tunc

315 1430 556 1493 quoque
578 1414 734 1475 velut
763 1415 820 1476 in
839 1416 995 1477 coelo
1011 1416 1227 1490 vivant,
1257 1415 1921 1495 ibiqueponversentur
1954 1435 1966 1476 :

308 1518 382 1560 ac
413 1501 538 1563 sive
560 1501 622 1563 in
647 1504 975 1584 speluncis,
1001 1504 1124 1566 sive
1147 1505 1208 1565 in
1233 1503 1558 1577 montibus,
1583 1503 1706 1565 sive
1729 1503 1790 1565 in
1807 1504 1976 1566 cellis

307 1607 506 1650 aevum
538 1591 778 1670 degant,
814 1592 1032 1673 sivejin
1074 1591 1286 1655 mediis
1317 1590 1568 1654 urbibus
1599 1611 1974 1655 commoren—

306 1686 410 1740 tur
441 1681 621 1742 etiam
661 1682 747 1743 sic
779 1701 1023 1764 semper
1049 1682 1111 1744 in
1168 1681 1409 1762 gaudio,
1473 1696 1534 1742 et
1565 1681 1884 1758 hilaritate,
1917 1693 1976 1746 et

313 1768 733 1852 exsultatione,
759 1779 978 1851 quanta
1007 1771 1124 1833 dici
1158 1789 1277 1832 non
1311 1779 1529 1852 potest,
1555 1771 1965 1851 ipsiserviant.

2065 635 2200 677 cum
2229 619 2429 709 multis,
2464 621 2842 709 martyribus
2899 623 3329 688 illustrioribus
3372 619 3723 709 comparari

2065 720 2265 796 queat.
2299 706 2388 770 Ob
2418 708 2476 769 id
2508 728 2543 770 a
2568 709 2690 772 Deo
2721 711 2995 792 gloriam,
3053 721 3113 773 et
3165 706 3720 796 tranquillissimum

2065 794 2248 856 animi
2279 805 2518 874 statum,
2553 808 2913 880 acceptoque
2948 801 3006 861 in
3045 821 3108 862 se
3143 794 3470 880 Paracleto,
3497 809 3722 870 sancti-

2067 889 2243 944 tatem
2276 895 2635 948 consecutus
2668 897 2776 950 est.
2813 887 2977 951 Sicut
3027 890 3184 952 enim
3220 895 3480 954 cisterna
3509 914 3720 975 aquam

2063 971 2447 1054 deﬂuentem,
2488 975 2564 1036 ita
2589 975 2716 1056 ipse
2752 997 2822 1056 pe
2851 978 3222 1058 plenitudine
3246 981 3465 1044 Christi
3484 971 3726 1048 Domini

2063 1063 2248 1122 nostri
2271 1065 2524 1144 accepit,
2552 1076 2607 1126 et
2635 1066 2820 1144 gratia
2845 1068 3088 1147 spiritus
3140 1070 3270 1149 ejus
3311 1071 3575 1150 repletus
3607 1082 3716 1152 est,

2059 1169 2186 1242 quia
2210 1162 2294 1214 est
2323 1172 2480 1232 aqua
2507 1156 2644 1216 rtru
2665 1157 2749 1228 88,
2781 1164 2838 1216 ut
2859 1157 2955 1217 hic
2977 1156 3136 1218 idem
3165 1157 3426 1221 Joannes
3459 1179 3717 1242 evange-

2058 1236 2191 1299 lista
2226 1256 2508 1302 memorat
2541 1264 2553 1305 :
2611 1243 2737 1305 imo
2789 1263 2926 1306 vero
2987 1246 3113 1326 ipse
3146 1246 3333 1309 Filius
3366 1256 3427 1310 et
3452 1236 3714 1314 Verbbm

2053 1329 2309 1390 viventis
2333 1331 2462 1403 ltei,
2484 1351 2516 1393 a
2539 1334 2736 1412 quo'ct
2756 1333 3014 1396 Joannes
3036 1343 3332 1398 sermonis
3357 1339 3451 1399 sui
3477 1338 3712 1404 divitias

2057 1418 2312 1496 adeptus
2338 1434 2458 1482 est:
2509 1424 2622 1495 Qui
2664 1422 2832 1499 bibit,
2879 1442 2957 1484 ea:
2996 1441 3154 1502 aqua
3192 1425 3307 1487 hac
3343 1428 3718 1508 (aspectabili

2060 1507 2387 1598 putajsitict
2408 1511 2653 1574 iterum:
2679 1513 2784 1590 qui
2797 1520 3000 1574 autem
3025 1513 3330 1576 biberitex
3351 1507 3724 1598 aqua,quam

2056 1612 2160 1672 ego
2181 1596 2336 1658 dabo
2359 1600 2438 1670 ei,
2469 1617 2592 1660 non
2629 1602 2796 1661 sitiet
2839 1604 2899 1662 in
2943 1610 3274 1665 aeternum:
3317 1621 3378 1665 se
3413 1596 3526 1685 ﬁet
3554 1596 3626 1668 in
3653 1626 3718 1670 eo

2055 1687 2194 1762 fons
2216 1704 2388 1765 aquae
2409 1695 2694 1750 salientis
2716 1696 2777 1750 in
2806 1693 2994 1753 vitam.
3017 1694 3393 1757 mleruam89.
3429 1695 3596 1767 Quod
3628 1697 3722 1760 his

2055 1774 2252 1835 verbis
2275 1777 2649 1854 Evangelista
2671 1779 3132 1859 inserpretatur:
3163 1779 3295 1844 Hoc
3314 1789 3521 1844 autem
3550 1785 3717 1850 discit

317 1853 435 1918 Hic
464 1858 638 1938 igitur
667 1879 825 1922 nunc
889 1869 1226 1922 sanctorum
1292 1860 1484 1931 labor,
1549 1861 1675 1957 haec
1702 1861 1854 1922 actio
1886 1871 1973 1957 est
1992 1863 2128 1957 Bac
2150 1865 2409 1957 Spiritu,
2435 1885 2609 1957 quem
2634 1853 2948 1957 accept-Auri
2967 1877 3096 1931 erat
3121 1870 3438 1934 credentes
3456 1874 3524 1934 in
3553 1891 3712 1938 eum.

323 1963 559 2028 eorum,
589 1949 683 2030 qui
705 1949 918 2030 Spiritu
957 1950 1062 2013 Dei
1094 1959 1350 2030 aguntur
1373 1969 1410 2020 ε,
1444 1949 1636 2029 qualis
1665 1958 1720 2011 et
1753 1951 1971 2012 nostris
1992 1949 2128 2013 ’Lt
2147 1951 2499 2031 Apostolus:
2541 1954 2666 2016 Nos
2687 1974 2804 2017 non
2831 1955 3535 2036 hujusmundispiritum
3552 1980 3724 2025 acce-

323 2036 692 2132 temporibus
717 2039 941 2101 exstitit
997 2039 1149 2120 pius,
1215 2047 1456 2100 sanctus
1489 2038 1970 2132 acpbeatissimus
2051 2041 2279 2132 pimus:
2289 2043 2702 2123 sedSpiritum
2715 2047 2821 2122 qui
2842 2063 2921 2107 ea:
2944 2047 3067 2108 Deo
3083 2054 3270 2122 est,ut
3291 2049 3560 2111 sciamus
3583 2069 3720 2132 quae

323 2121 592 2215 Simeon,
618 2126 714 2208 qui
736 2127 796 2188 in
820 2128 1020 2189 medio
1040 2128 1143 2190 illo
1167 2127 1322 2190 fama
1339 2139 1460 2191 tam
1486 2127 1799 2190 nobilitato
1833 2149 1966 2190 mo-
2049 2151 2085 2190 α
2111 2132 2226 2192 Deo
2243 2121 2468 2192 donata
2489 2140 2630 2194 sunt
2657 2134 2845 2208 nobis,
2870 2154 3004 2215 quae
3042 2143 3098 2197 et
3143 2139 3450 2215 loquimur
3481 2139 3570 2199 90.
3596 2121 3725 2204 'Per

320 2214 600 2290 nasterio,
635 2217 788 2298 quod
820 2218 1116 2281 Studium
1147 2217 1386 2294 dicitur,
1422 2219 1608 2280 instar
1632 2218 1775 2280 solis
1795 2219 1969 2281 efful-
2049 2217 2471 2298 hujuscemodi
2501 2221 2660 2281 enim
2716 2214 2928 2302 aquam
2987 2214 3283 2286 vitiositas
3314 2244 3385 2288 ex
3416 2227 3618 2290 anima
3649 2238 3718 2291 ut

309 2307 410 2366 sit.
436 2304 576 2368 Isin
601 2308 798 2372 medio
822 2309 1028 2371 mundi
1060 2310 1382 2390 aliquando
1408 2330 1542 2372 cum
1577 2321 1761 2387 esset,
1798 2308 1980 2381 rebus
2059 2306 2270 2369 sordes
2301 2308 2551 2368 eluitur:
2590 2309 2722 2371 sine
2752 2330 2868 2390 qua
2917 2313 3018 2391 qui
3077 2314 3262 2374 multa
3292 2313 3524 2392 fecerit,
3564 2319 3713 2380 nihil

308 2392 659 2472 latentibus,
724 2398 955 2475 amicis,
1018 2400 1313 2482 cognatis,
1371 2399 1642 2480 quinimo
1702 2407 1760 2458 et
1787 2397 1970 2474 curis,
2062 2397 2303 2462 efﬁciet.
2336 2397 2625 2472 Quocirca
2656 2401 2945 2463 Dominus
2992 2404 3174 2465 dicit:
3235 2405 3438 2468 Nolite
3467 2417 3716 2486 putare,

302 2484 817 2550 sollicitudinibus
845 2506 917 2552 ac
934 2489 1332 2569 voluptatibus
1363 2491 1494 2549 vitro,
1528 2498 1644 2550 tam
1675 2487 1844 2550 valde
1875 2506 1974 2549 re-
2055 2493 2200 2567 quia
2224 2489 2366 2551 veni
2390 2488 2616 2552 soluere
2645 2489 2862 2569 legem,
2895 2500 3000 2553 aut
3018 2493 3379 2572 prophetas:
3431 2484 3550 2560 non
3577 2484 3720 2563 veni

302 2575 632 2659 nuntiavit,
667 2586 730 2640 ut
762 2583 968 2642 earum
1002 2580 1352 2641 memoriam
1408 2598 1478 2643 ex
1509 2579 1710 2640 animo
1746 2577 1976 2640 deleret
2055 2576 2858 2660 solvere,sedadimplerem.
2888 2580 3569 2664 Plcnitudoautemlegis
3594 2587 3718 2651 haec

303 2664 570 2744 penitus,
601 2675 778 2748 atque
797 2687 830 2729 a
848 2687 913 2731 se
940 2669 1601 2750 proculesterminaret.
1628 2667 1736 2740 Qui
1754 2670 1971 2730 multos
2054 2676 2164 2738 est,
2192 2684 2266 2730 ne
2290 2667 2422 2748 quis
2445 2686 2509 2729 se
2529 2667 2587 2729 in
2613 2669 2813 2749 aliquo
2841 2669 3144 2745 defendat,
3163 2690 3526 2752 causamque
3550 2696 3716 2739 suam

304 2753 466 2815 inter
498 2757 830 2818 monachos
887 2767 1017 2818 acta
1076 2759 1213 2839 vita,
1275 2759 1507 2820 beatam
1565 2756 1729 2818 illam
1763 2775 1966 2818 vocem
2055 2764 2313 2832 tueatur,
2353 2775 2464 2818 nec
2495 2767 2684 2820 semet
2718 2759 3062 2822 ulciscatur.
3098 2760 3236 2822 Haec
3271 2765 3431 2823 enim
3466 2779 3559 2825 est
3589 2785 3719 2846 per-

298 2843 538 2907 emisit:
576 2846 846 2921 Fratres,
882 2845 1615 2926 hacperfectamamundo
1643 2847 1971 2909 successio-
2065 2845 2218 2909 fecta
2250 2846 2456 2908 mundi
2502 2848 2762 2925 relictio,
2827 2851 3082 2930 propriae
3141 2852 3464 2914 voluntatis
3493 2843 3724 2934 integra

294 2949 438 3023 nem
454 2937 1317 3016 putatore,mortiﬁcationem
1329 2939 1604 3018 propria:
1621 2938 1978 3023 voluntatis
2067 2935 2466 2998 mortiﬁcatio.
2489 2935 2786 3019 Quidquid
2821 2939 2996 3000 etiam
3021 2939 3362 3003 afﬂictionis
3395 2941 3449 3002 ei
3480 2943 3720 3023 quidam

291 3019 340 3084 Ο
363 3033 636 3085 sanctam
660 3042 894 3100 vocem,
918 3025 1011 3087 vel
1051 3025 1272 3107 potius,
1328 3046 1361 3087 ο
1390 3035 1653 3088 srnctam
1685 3019 1978 3110 animam:
2064 3023 2398 3099 intulerint,
2434 3025 2582 3086 nihil
2615 3027 2858 3090 omnino
2890 3038 3182 3103 movetur,
3205 3049 3316 3091 nec
3342 3019 3718 3110 perturbatus

299 3130 432 3190 quae
462 3113 599 3175 talis
629 3113 787 3196 ﬁeri,
822 3123 880 3176 et
931 3134 966 3176 a
996 3101 1118 3176 toto
1154 3101 1379 3178 mundo
1410 3115 1676 3197 separari
1706 3116 1926 3178 meruit
1959 3101 1975 3194 ἶ
2063 3114 2449 3177 contradicit:
2475 3134 2682 3178 verum
2705 3117 2984 3179 omnibus
3005 3119 3080 3180 ad
3105 3101 3544 3201 omnim-instar
3562 3142 3722 3185 mor-

303 3197 546 3263 Elidem
561 3222 834 3267 rursum:
861 3203 1072 3281 Debet,
1099 3204 1670 3286 inquit,monuchus
1686 3207 1750 3268 in
1768 3223 2036 3291 mana-(3
2061 3203 2142 3272 tui
2171 3221 2236 3264 se
2265 3202 2495 3284 objicit,
2530 3212 2790 3267 statuens
2821 3205 3036 3278 vivere,
3071 3197 3327 3290 moveri,
3353 3219 3414 3273 et
3441 3229 3618 3290 agerc
3653 3212 3717 3275 in

307 3293 490 3353 sterio
508 3295 766 3368 versari,
792 3313 864 3355 ac
881 3295 939 3357 si
961 3294 1064 3366 sit,
1092 3303 1150 3357 et
1169 3313 1290 3360 non
1305 3302 1973 3376 sit,necappareat:seu
2054 3292 2176 3354 illis
2212 3302 2460 3363 tantum,
2493 3313 2624 3374 quae
2653 3295 2726 3355 ad
2757 3293 2946 3356 Deum
2979 3305 3251 3375 spectant
3303 3300 3620 3378 mandatis,
3659 3310 3718 3364 et

306 3381 537 3459 potius,
561 3385 662 3462 qui
682 3393 1220 3465 noncognoscatur
1239 3406 1259 3446 :
1282 3385 1440 3466 quod
1459 3386 1616 3447 hunc
1639 3384 1702 3446 in
1729 3384 1969 3447 modum
2054 3399 2290 3443 servare
2322 3384 2447 3463 ejus
2483 3391 2778 3464 praecepta
2808 3405 2823 3460 ;
2854 3384 3070 3446 similis
3095 3386 3277 3466 leoni,
3312 3395 3412 3448 aut
3443 3390 3720 3467 giganteo

313 3469 679 3557 explicabat:
713 3476 799 3536 Ac
817 3478 873 3538 si
894 3477 998 3550 sit,
1027 3493 1316 3557 corpore:
1365 3492 1437 3538 ac
1465 3476 1523 3537 si
1551 3494 1673 3538 non
1699 3476 1802 3551 sit,
1836 3478 1966 3554 spi-

313 3556 463 3622 ritu.
483 3559 612 3622 Non
632 3579 935 3644 apparens
951 3556 1170 3639 autem,
1198 3564 1315 3626 nisi
1346 3564 1421 3626 iis
1451 3571 1701 3646 tantum,
1728 3564 1827 3645 qui
1863 3584 1968 3645 per

315 3649 596 3730 Spiritum
612 3661 880 3714 sanctum
894 3659 1118 3716 mundo
1131 3653 1479 3716 suntcorde.
1507 3653 1961 3732 :Von'cognitus,

313 3747 378 3800 ut
406 3737 490 3800 illi
523 3739 670 3802 nihil
700 3759 836 3803 cum
896 3762 1194 3826 quoquam
1253 3742 1471 3822 negotii
1529 3742 1879 3804 intercedat.
1915 3741 1963 3806 Ο

301 3828 504 3893 divina
523 3831 736 3907 oratio,
762 3851 870 3914 per
889 3853 1064 3916 quam
1087 3834 1202 3896 vita
1215 3835 1343 3915 ejus
1355 3833 1762 3908 excellentior,
1785 3851 1962 3915 quam

296 3937 410 4003 pro
461 3921 732 3997 homine,
795 3934 856 3985 et
903 3924 1174 4004 angelica
1207 3924 1565 4006 praedicatur
1597 3941 1612 3986 :
1647 3942 1753 4003 per
1784 3940 1962 4005 quam

298 4020 663 4092 comparata
691 4013 754 4075 in
811 4013 963 4076 cailo
1022 4013 1490 4076 conversationis
1547 4012 1681 4092 ipse
1713 4011 1829 4074 sibi
1859 4031 1968 4093 per

298 4099 593 4183 Spiritum
618 4113 898 4167 sanctum
921 4105 1034 4167 fert
1056 4105 1491 4170 testimonium.
1519 4107 1635 4168 Per
1655 4123 1832 4186 quam
1850 4123 1966 4166 no-

299 4190 399 4254 bis
425 4191 606 4255 vitam
639 4213 774 4257 cum
797 4194 922 4258 Deo
945 4195 1229 4271 insumat,
1255 4195 1400 4258 dum
1445 4194 1527 4258 ait
1553 4213 1570 4256 :
1616 4194 1800 4257 Nihil
1827 4211 1967 4257 cum

295 4299 610 4363 quoquam
623 4285 1113 4365 habereuegotii!
1130 4285 1287 4367 quod
1302 4283 1545 4366 quidem
1559 4284 1785 4347 nemini
1799 4291 1962 4346 recte

300 4379 609 4453 praestare,
635 4383 893 4437 autvere
909 4374 1054 4436 licet
1089 4375 1316 4448 dicere,
1351 4373 1474 4436 nisi
1505 4373 1866 4436 omnimodis
1893 4391 1964 4434 ac

300 4468 462 4523 totus
481 4463 592 4524 toti
617 4461 738 4526 Deo
753 4467 958 4526 unitus
977 4463 1176 4539 fuerit,
1204 4465 1399 4528 Aliter
1431 4464 1482 4525 si
1500 4464 1740 4539 dixerit,
1766 4474 1959 4526 semet

2051 3472 2232 3533 alicui
2264 3471 2562 3548 Samsoni,
2617 3483 2719 3536 aut
2767 3473 2818 3535 si
2878 3473 3012 3556 quis
3040 3475 3191 3536 alius
3221 3476 3308 3537 vel
3343 3477 3471 3552 fuit,
3503 3478 3595 3540 vel
3627 3495 3718 3546 est

2049 3561 2152 3641 illo
2187 3562 2430 3623 fortior:
2465 3562 2590 3638 Qui
2641 3563 2822 3626 habet
2871 3564 3163 3627 mandata
3207 3583 3371 3640 mea,
3405 3565 3620 3648 inquit,
3662 3577 3718 3632 et

2046 3650 2575 3740 servatea,illeest
2597 3654 2700 3731 qui
2727 3652 2940 3732 diligit
2971 3670 3104 3716 me:
3137 3663 3191 3716 et
3223 3655 3331 3734 qui
3357 3655 3562 3737 diligit
3592 3677 3712 3740 me,

2047 3739 2382 3820 diligetura
2406 3743 2593 3804 Patre
2615 3760 2746 3804 meo
2768 3741 3091 3823 99.Etego,
3109 3751 3165 3806 et
3179 3743 3367 3807 Pater
3383 3739 3713 3827 perSpiri4

2047 3835 2172 3892 tum
2185 3831 2962 3905 veniemus,etmansionem
2975 3833 3142 3910 apud
3151 3850 3288 3894 eum
3316 3833 3710 3910 faciemus95.

2050 3917 2154 3981 His
2187 3927 2246 3979 et
2274 3919 2572 3981 similibus
2602 3919 2799 3981 aiebat
2821 3919 3142 3983 Dominus:
3191 3921 3296 3985 Vos
3325 3941 3446 3985 non
3471 3927 3618 3989 estis
3641 3928 3713 3990 de

2045 4008 2156 4072 hoc
2178 4009 2405 4072 mundo
2430 4028 2450 4068 :
2473 4010 2577 4072 sed
2599 4029 2709 4088 ego
2731 4009 2888 4089 elegi
2911 4027 3015 4071 vos
3039 4012 3114 4072 de
3134 4013 3359 4074 mundo
3380 4013 3472 4075 94.
3514 4014 3714 4079 Venite

2049 4099 2129 4160 ad
2159 4117 2268 4169 me,
2296 4107 2352 4161 et
2375 4117 2485 4178 ego
2511 4101 2780 4178 reﬁciam
2803 4117 2907 4162 vos
2930 4099 3016 4159 95.
3066 4099 3179 4173 Qui
3229 4103 3390 4163 enim
3423 4103 3616 4182 aliter,
3649 4105 3713 4169 in

2048 4187 2172 4248 suis
2201 4186 2432 4250 scilicet
2456 4187 2855 4250 voluntatibus
2913 4193 3483 4274 quomodocunque,
3517 4205 3619 4258 aut
3648 4195 3711 4258 in

2045 4276 2402 4358 quibusdam
2460 4277 2745 4359 opinione
2803 4278 3086 4342 duntaxat
3145 4280 3319 4343 bonis
3375 4282 3704 4360 ambulant,

2045 4367 2248 4442 vitam,
2282 4386 2458 4448 quam
2491 4367 2770 4440 abscissi,
2805 4388 2873 4430 ac
2911 4369 3084 4432 divisi
3136 4390 3171 4432 a
3221 4372 3463 4448 sreculo,
3497 4382 3556 4435 et
3586 4393 3712 4438 suae

2046 4457 2472 4537 voluntatijam
2503 4458 2727 4519 mortui
2749 4458 2975 4530 vident,
3002 4478 3378 4542 nequaquam
3403 4462 3708 4527 videbunt.

306 4517 459 4523 η---
487 4517 592 4524 η--
618 4517 1155 4526 --.πηπηηη
1204 4517 1387 4528 ._.----
1431 4517 1719 4527 --_-..----
1766 4517 1959 4526 -------
2134 4517 2137 4518 ν
2174 4517 2179 4518 κ
2784 4517 2801 4521 -
3003 4517 3378 4542 “qh—1“---
3416 4517 3703 4527 ---ν--..η

301 4549 662 4613 ludiﬁcatur.
689 4551 801 4626 Qui
831 4552 992 4616 enim
1017 4517 1249 4616 dicit,se
1291 4571 1410 4615 non
1461 4517 1740 4634 peccare:
1767 4517 2030 4615 caicusD
2124 4545 2255 4609 Jam
2285 4546 2338 4608 si
2367 4565 2512 4626 ergo
2537 4547 2834 4608 humiliari
2861 4567 2930 4610 ac
2953 4549 3195 4629 subjici,
3229 4551 3418 4630 premi
3451 4553 3703 4629 ignomi-

306 4647 420 4716 est,
454 4639 688 4703 clausos
717 4641 949 4705 habens
972 4644 1202 4707 oculos.
1237 4642 1350 4716 Qui
1363 4660 1502 4705 vero
1534 4647 1724 4707 Deum
1756 4641 1958 4716 habet,

309 4747 566 4810 peccare
607 4732 838 4813 nequit,
878 4737 1024 4812 quia
1053 4751 1258 4796 semen
1286 4737 1422 4812 ejus
1450 4737 1517 4798 in
1543 4751 1614 4798 eo
1647 4739 1853 4797 manet
1879 4732 1963 4806 37,

301 4818 460 4881 sicut
480 4821 742 4882 maxime
766 4821 1166 4902 theologicutn
1189 4822 1339 4885 illud
1365 4823 1770 4905 apostolorum
1803 4820 1963 4883 toni-

301 4916 399 4970 tru
427 4907 691 4973 Joannes
715 4911 988 4976 aﬁirmat.
1026 4911 1098 4976 Et
1126 4913 1268 4994 quia
1295 4912 1540 4977 Simeon
1566 4913 1753 4975 Deum
1778 4919 1963 4973 totum

299 4997 365 5059 in
398 5015 463 5061 se
494 4999 773 5073 habebat,
799 5000 939 5064 hinc
969 5009 1027 5064 et
1061 5001 1265 5064 vivens
1309 5002 1570 5079 dicebat,
1607 5011 1667 5064 et
1694 5008 1963 5062 mortuus

299 5087 687 5168 perlitteram
712 5109 923 5153 manus
943 5109 1062 5153 suae
1080 5091 1253 5174 quasi
1277 5111 1492 5172 magna
1517 5110 1666 5154 voce
1697 5090 1915 5152 clamat
1945 5108 1960 5153 :

297 5177 501 5241 Deum
512 5178 624 5242 tibi
632 5186 906 5242 amicum
917 5183 1192 5262 acquire,
1202 5180 1574 5246 ethominum
1587 5179 1826 5244 auxilio
1840 5197 1970 5242 non

298 5266 523 5348 e'gebis.
540 5266 796 5332 Iterum:
822 5270 1010 5332 Deum
1026 5271 1291 5352 posside,
1305 5279 1361 5334 et
1374 5271 1530 5335 libro
1543 5271 1653 5334 tibi
1670 5287 1821 5352 opus
1841 5287 1962 5332 non

299 5359 441 5421 erit.
475 5357 796 5422 Laboravit
841 5358 941 5422 hic
991 5367 1236 5422 sanctus
1283 5363 1458 5424 Pater
1511 5369 1718 5424 noster
1761 5357 1866 5440 ita,
1897 5367 1965 5421 ut

306 5448 645 5532 complures
703 5446 814 5512 SS.
871 5446 1117 5514 Patrum
1152 5451 1534 5532 antiquorum
1563 5447 1965 5534 superaverit.

378 5620 443 5704 8]
469 5619 691 5704 IJoan.
726 5634 827 5704 ut,
849 5618 913 5704 9_.
996 5621 1064 5675 88
1087 5620 1261 5689 Joan.
1290 5639 1371 5704 tv,
1392 5627 1529 5704 _10.7
1589 5620 1655 5704 89
1681 5617 1973 5704 Ibid._{4.

295 5701 363 5754 π
385 5701 538 5771 Ibid.
569 5703 676 5772 23.
763 5701 836 5753 οι
855 5699 1034 5769 ιοιιι.
1063 5718 1167 5786 xv,
1197 5704 1300 5772 49.
1351 5697 1450 5760 ὀυ
1472 5703 1684 5770 Matth.
1720 5718 1806 5782 ιι,
1837 5697 1942 5769 es.

2049 4637 2146 4699 nia
2169 4635 2348 4717 aﬂici,
2418 4635 2754 4717 villipendi,
2814 4637 3050 4718 probris
3111 4640 3419 4702 conscindi
3456 4641 3622 4717 nolo,
3654 4650 3714 4705 et

2053 4736 2330 4808 tanquam
2365 4745 2517 4788 unus
2547 4726 2622 4788 de
2646 4726 2943 4808 obscuris,
2978 4728 3426 4809 insipientibus,
3462 4738 3520 4792 et
3547 4731 3710 4812 abje-

2047 4817 2182 4892 ctis,
2210 4827 2267 4878 et
2294 4824 2492 4878 mente
2516 4815 2728 4877 emotis
2751 4835 2866 4878 non
2893 4817 3158 4878 sustineo
3186 4818 3316 4880 fieri
3338 4839 3353 4896 ;
3378 4821 3482 4881 sed
3512 4839 3709 4902 neque

2047 4909 2120 4972 ab
2136 4908 2664 4979 obviiscontemni;
2681 4917 2738 4970 et
2753 4909 3708 4990 velutarreptitiusautmendicus

2049 5017 2156 5081 per
2191 4999 2437 5079 plateas,
2471 5005 2530 5060 et
2557 4997 2717 5060 vicos
2749 4997 2914 5059 urbis
2944 5001 3235 5080 reputari,
3261 4999 3357 5062 dic
3380 5001 3708 5083 mihi,qua-

2049 5107 2186 5151 nam
2199 5088 2554 5150 aliaratione
2573 5107 2675 5169 pro
2686 5088 2828 5169 priae
2849 5088 3132 5150 voluntati
3159 5089 3426 5152 moriar?
3452 5090 3515 5154 Si
3542 5092 3705 5154 enim

2048 5179 2254 5241 haecad
2271 5177 2778 5260 probationem,et
2791 5178 3266 5264 experimentum
3281 5181 3712 5260 supervenien-

2049 5269 2130 5331 tia
2161 5268 2458 5350 patienter
2485 5266 2626 5328 ferri
2650 5267 2808 5330 Deus
2829 5268 2903 5331 ab
2936 5268 3216 5331 omnibus
3249 5269 3422 5332 nobis
3455 5271 3708 5334 manda-

2045 5360 2160 5421 vit:
2195 5357 2316 5418 imo
2340 5357 2670 5439 enimvero,
2697 5357 2749 5419 si
2779 5377 2900 5419 non
2929 5358 3006 5420 ad
3047 5358 3488 5440 probationem,
3521 5369 3581 5422 et
3611 5380 3710 5423 ex-

2047 5445 2586 5530 perimentum,sed
2599 5447 2677 5509 ad
2696 5446 3108 5528 purgationem
3120 5448 3460 5511 animorum
3477 5455 3712 5513 nostro-

2056 5614 2279 5683 9°Cor.
2308 5615 2505 5699 11,42.
2587 5615 3088 5702 9*Matth.v,t7.
3171 5615 3704 5716 9SJoan.x1v,Sl,
