4160 6400
330 422 462 492 357

1818 420 2102 494 ORATIO
2141 424 2288 493 VIII

3623 424 3742 495 358

324 581 558 645 corpus
610 582 746 626 cum
805 563 909 626 illa
963 565 1381 642 commiscens,
1443 563 1800 646 voluptatem
1834 561 2314 626 suamAnullam
2347 557 2786 634 necessitatem,
2814 557 3359 637 autinfirmitatem,
3395 569 3494 623 aut
3523 563 3742 626 rationi

325 653 562 734 explet.
600 651 724 715 Hoc
757 673 936 735 porro
989 673 1157 736 aque
1208 655 1267 716 in
1320 655 1484 720 omni
1513 655 1628 717 alia
1657 655 2004 736 Cupiditate,

328 751 404 806 et
433 744 496 804 in
549 744 756 825 quavis
814 743 1080 806 motione
1128 744 1344 807 rationi
1405 764 1522 806 non
1555 744 2006 824 obtemperante

326 833 641 896 usuvenit.
675 833 815 896 Sive
846 837 1007 896 enim
1065 834 1325 909 invidia,
1366 834 1512 904 .sive
1571 833 2006 908 avaritia,'sive

327 922 493 999 zelo,
529 923 656 986 sive
686 924 1078 997 contentioni,
1114 933 1214 985 aut
1260 923 1360 986 alii
1421 923 1685 1005 quipiam
1722 922 2003 1004 pravitati

327 1021 556 1092 sponte
589 1013 722 1093 quis
777 1033 840 1072 se
897 1013 1232 1088 tradiderit,
1293 1031 1576 1077 coronam
1603 1011 1855 1093 justitia
1885 1031 2004 1073 non

327 1110 714 1181 assequetur.
750 1101 894 1162 Nam
931 1104 1091 1165 Deus
1151 1121 1284 1164 cum
1346 1102 1420 1164 sit
1447 1103 1666 1186 justus,
1703 1108 2010 1162 consortes

336 1189 598 1268 injustos
625 1191 905 1271 repudiat
933 1209 945 1254 :
998 1200 1057 1253 et
1087 1211 1221 1253 cum
1252 1191 1566 1271 sitpurus,
1601 1210 1736 1252 cum
1777 1191 2008 1269 impuro

339 1297 462 1340 non
491 1280 776 1359 polluitur
812 1299 824 1342 :
861 1290 917 1342 et
951 1301 1083 1343 cum
1137 1281 1300 1342 omni
1353 1289 1515 1342 motu
1550 1279 1786 1342 turbido
1818 1287 2006 1360 vacet,

341 1385 478 1428 cum
510 1367 584 1428 iis
615 1368 716 1448 qui
753 1369 1067 1431 affectibus
1121 1371 1406 1442 serviunt,
1463 1389 1580 1431 non
1619 1377 1914 1430 moratur:
1955 1378 2014 1429 et

343 1473 479 1516 cum
505 1465 745 1517 sanctus
771 1457 870 1530 sit,
912 1457 969 1518 in
1004 1458 1269 1520 animam
1299 1459 1667 1540 inquinatam
1700 1466 1757 1518 et
1789 1457 2010 1538 impro-

346 1541 486 1604 bam
517 1563 636 1606 non
664 1545 1016 1625 ingreditur.
1058 1548 1238 1609 Malus
1270 1557 1466 1610 autem
1493 1555 1668 1626 atque
1699 1545 2008 1626 improbus

2093 659 2556 713 consentaneam
2579 649 2980 725 occasionem,
3015 649 3120 712 sed
3152 651 3341 712 solum
3379 652 3638 714 mandati
3671 673 3741 716 ex

2092 740 2374 822 superbia
2425 738 2952 818 contemptionem,
3015 747 3336 821 contraque
3385 741 3605 823 ipsum,
3639 742 3744 823 qui

2091 850 2225 893 eum
2250 849 2282 892 e
2310 829 2745 890 terra'linxerat
2766 827 3233 909 improbitatem,
3261 829 3740 908 ingratitudinem

2089 918 2444 1000 apostasiam
2483 919 2566 997 (in
2603 936 2780 998 quam
2847 917 3127 980 diabolus
3187 919 3286 981 ille
3316 938 3420 1000 per
3448 938 3512 982 se
3540 940 3609 983 ac
3638 940 3745 984 sua

2091 1017 2300 1089 sponte
2325 1011 2551 1088 primus
2578 1007 2804 1084 incidit)
2830 1007 3118 1069 invenies.
3142 1006 3338 1080 Quare
3353 1029 3744 1092 unumquem-

2092 1117 2207 1180 que
2231 1097 2533 1159 hominem
2560 1097 2712 1159 scire
2737 1106 2992 1178 oportet,
3012 1097 3351 1177 Superbiam
3381 1101 3595 1182 cuique
3609 1121 3742 1163 cum

2094 1195 2263 1249 atate
2295 1189 2519 1266 angcri,
2580 1197 2926 1267 conceptam
2988 1187 3045 1247 in
3103 1187 3301 1248 animo
3361 1208 3430 1252 ex
3460 1190 3741 1268 amentia,

2095 1296 2270 1356 quam
2331 1277 2650 1338 amentiam
2712 1277 2913 1336 inﬂata
2974 1277 3048 1337 de
3107 1296 3169 1337 se
3224 1277 3425 1356 opinio
3472 1289 3742 1359 generat.

2094 1365 2352 1427 Proinde
2384 1374 2519 1426 ante
2554 1365 2754 1426 omnia
2788 1365 3115 1444 quemlibet
3149 1367 3348 1427 statim
3402 1387 3435 1429 a
3480 1370 3746 1432 tenebris

2093 1455 2429 1533 unguiculis
2455 1455 2544 1515 sui
2579 1454 2766 1534 ipsius
2793 1453 3186 1532 cognitionem
3227 1456 3430 1517 doceri
3462 1474 3744 1521 necessa-

2092 1543 2244 1604 rium
2273 1553 2406 1604 est:
2472 1543 2751 1623 quoniam
2815 1543 2889 1604 de
2948 1544 3330 1623 corruptione
3383 1545 3648 1625 quidem,
3683 1557 3747 1609 ut

345 1641 464 1708 est,
500 1634 603 1713 qui
632 1635 864 1696 semine
900 1635 1040 1696 mali
1072 1637 1132 1697 in
1183 1637 1365 1699 corde
1416 1657 1522 1698 suo
1555 1644 1855 1716 suscepto,
1885 1635 2008 1694 fru-
2096 1633 2295 1713 saliva,
2330 1642 2492 1694 satus
2551 1639 2685 1706 est;
2739 1631 3002 1711 augescit
3057 1640 3253 1692 autem
3310 1644 3375 1696 ut
3407 1634 3591 1696 herba
3627 1653 3643 1708 ;
3691 1644 3750 1697 et

351 1730 514 1782 ctum
549 1723 664 1784 fert
695 1724 931 1787 diabolo
964 1726 1168 1805 Spinas
1201 1735 1258 1787 et
1313 1726 1582 1805 tribulos,
1617 1724 1826 1786 aterni
1861 1724 2013 1802 ignis
2099 1722 2366 1802 pluribus
2397 1742 2464 1783 ex
2527 1721 2791 1801 partibus
2851 1721 3096 1781 ﬂaccide
3155 1723 3539 1801 compositus,
3573 1726 3747 1787 facile

352 1812 738 1884 nutrimenta,
767 1810 2460 1894 putainvidiam,odium,injuriarumaltamBdissolvitur,
2515 1828 2583 1872 ac
2642 1810 2980 1890 dissipatur.
3057 1809 3330 1890 Vivitque
3389 1813 3748 1893 quotidiana

356 1902 728 1976 memoriam,
781 1904 998 1977 zelum,
1057 1905 1526 1986 contentionem,
1586 1901 2006 1981 arrogantiam,
2099 1902 2512 1982 putrefactinni
2545 1901 2874 1962 obnoxius:
2932 1901 3011 1964 Et
3070 1905 3366 1964 interiora
3396 1907 3549 1983 ejus,
3579 1906 3751 1987 juxta

359 2007 569 2050 vanam
601 1991 863 2068 gloriam,
897 1993 1269 2074 superbiam,
1309 1994 1536 2068 dolum,
1575 1991 2007 2065 curiositatem,
2098 1994 2467 2073 prophetam,
2517 1995 2707 2054 etiam
2759 1993 2919 2072 ante;
2950 2001 3206 2054 mortem
3238 1999 3637 2069 eﬁ‘ertuerunt
3667 1998 3745 2060 10.

361 2080 734 2156 calumniam,
770 2091 829 2142 et
862 2083 911 2144 si
943 2083 1076 2164 quis
1133 2084 1284 2145 alius
1341 2083 1711 2146 aversandus
1744 2090 1799 2143 et
1833 2098 2009 2142 exse—
2097 2082 2327 2144 Etenim
2362 2082 2462 2162 qui
2492 2083 2752 2162 seipsum
2816 2081 3025 2156 nescit,
3089 2083 3366 2162 paulatim
3415 2083 3474 2144 in
3509 2084 3745 2166 fastum,

361 2168 618 2229 crandus
643 2171 888 2233 allectus
923 2191 1028 2252 per
1061 2191 1277 2253 corpus
1302 2171 1570 2252 jucunde
1590 2177 1928 2242 exercetur,
1960 2175 2018 2230 et
2100 2178 2157 2232 et
2205 2171 2597 2250 arrogantiam
2652 2170 2951 2250 delapsus,
3015 2171 3232 2232 stultus
3289 2171 3563 2236 ellit-itur.
3599 2173 3751 2248 Quid

353 2256 655 2320 internum
673 2260 975 2322 hominem
1001 2262 1656 2342 nostrumpoinquinat,
1685 2259 2012 2322 secundum
2101 2260 2259 2322 enim
2293 2269 2413 2322 tam
2448 2260 2750 2320 stolidum.
2805 2280 2980 2340 quam
3040 2259 3334 2342 leprosus,
3371 2269 3429 2322 ct
3460 2268 3579 2324 toto
3611 2283 3748 2326 cor-

349 2362 559 2407 vocem
597 2349 854 2411 Domini.
917 2351 1032 2415 Sed
1101 2354 1256 2414 Deus
1305 2351 1575 2429 meliora,
1638 2351 1870 2422 fratres,
1906 2366 2016 2407 ne~
2101 2369 2246 2431 pore
2277 2350 2532 2422 vitiatus,
2570 2349 2801 2426 si,forte
2836 2359 3104 2429 torquem
3162 2369 3410 2412 auremn
3445 2361 3656 2430 gestet,
3695 2365 3752 2416 et

345 2436 674 2517 aliquando
707 2439 1053 2520 hujusmodi
1085 2440 1309 2504 zizania
1369 2441 1784 2522 producamus,
1818 2458 1882 2499 ex
1918 2456 2014 2498 so-
2099 2439 2436 2519 splendidis
2492 2439 2774 2502 induatur
2824 2439 3102 2517 vestibus,
3161 2440 3290 2520 ipse
3349 2442 3656 2519 deformis,
3695 2456 3752 2508 et

344 2525 564 2616 cordia
601 2543 879 2610 suscepto
915 2533 972 2591 in
1003 2530 1286 2593 cordibus
1339 2530 1558 2592 nostris
1591 2529 1724 2590 ma‘i
1760 2526 2012 2594 semine.
2102 2527 2382 2591 faditatis
2415 2529 2624 2610 plenus
2656 2532 2685 2590 ‘?
2737 2528 2877 2590 Cum
2939 2538 3132 2591 autem
3169 2538 3424 2592 montem
3458 2535 3748 2616 amiserit,

345 2613 680 2695 Contingat
709 2628 907 2683 autem
957 2619 1210 2682 fructum
1271 2619 1345 2680 ad
1403 2620 1796 2692 tricesimum,
1834 2625 1890 2677 et
1915 2633 2016 2676 se-
2101 2637 2410 2696 organum,
2475 2628 2532 2679 et
2591 2617 3048 2680 instrumentum
3108 2618 3395 2682 damonis
3424 2613 3754 2703 appellatur

341 2705 746 2783 xagesimum,
783 2715 838 2768 et
872 2710 1264 2771 centesimum
1295 2709 1349 2785 9,
1403 2707 1924 2790 spiritujeumdem
1955 2704 2012 2765 in
2099 2709 2160 2770 in
2191 2708 2515 2770 omni'vita
2547 2710 3004 2783 consuetudine,
3064 2716 3122 2769 et
3165 2709 3442 2773 inimicus
3474 2711 3577 2772 Dei
3613 2733 3750 2774 eva-

343 2791 530 2854 nobis
562 2795 953 2874 progignente
984 2796 1214 2860 Christo
1277 2799 1565 2872 fundere;
1613 2806 1674 2858 ut
1705 2802 1843 2857 sunt
1871 2795 2012 2855 Clta-
2099 2800 2204 2862 dit.
2232 2797 2360 2862 Jam
2391 2797 2531 2879 quid
2562 2804 2654 2875 ξθο
2716 2797 3071 2873 mirabilius,
3133 2799 3235 2880 qui
3289 2819 3352 2861 se
3385 2810 3444 2861 ut
3473 2802 3754 2868 inimicus

349 2881 522 2972 ritas,
589 2884 894 2963 gaudium,
951 2907 1086 2967 pax,
1148 2887 1590 2966 longanimitas,
1654 2883 2012 2972 benignitas,
2100 2890 2284 2951 aDeo
2319 2886 2664 2966 separavit?
2720 2885 2865 2948 Nam
2927 2887 3019 2948 cui
3078 2888 3231 2950 male
3264 2890 3445 2951 estin
3477 2910 3747 2972 corpore,

351 2970 616 3045 bonitas,
651 2973 822 3046 fides,
885 2977 1298 3041 mansuetudo.
1358 2974 1747 3048 continentia,
1801 2982 1859 3036 et
1905 2971 2020 3034 alia
2106 2977 2378 3039 morbum
2413 2977 2677 3040 sentiens
2700 2977 2770 3038 ad
2799 2977 3063 3038 medicos
3088 2987 3385 3059 properat.
3414 2979 3524 3053 Qui
3551 2970 3749 3045 animo

352 3063 930 3152 panecognitionis,
962 3074 1019 3127 et
1048 3083 1323 3128 crescere
1355 3064 1690 3141 virtutibus,
1715 3071 1773 3126 et
1800 3079 2016 3152 occur—
2102 3075 2362 3148 agrotat,
2395 3067 2764 3147 aegritudinis
2795 3087 2970 3130 sensu
3001 3076 3163 3128 caret
3196 3091 3208 3126 :
3271 3079 3328 3130 et
3359 3089 3473 3151 quo
3507 3072 3747 3152 pericu-

357 3168 495 3241 rere
514 3151 586 3241 in
609 3151 807 3241 ivirum
843 3155 1196 3233 perfectum,
1225 3155 1284 3216 in
1311 3173 1652 3218 mensuram
1684 3151 1870 3215 alatis
1887 3151 2020 3233 ple-
2044 3231 2077 3241 η
2105 3159 2290 3219 losius
2319 3166 2583 3237 aegrotat,
2645 3159 2754 3218 hoc
2801 3157 2999 3219 minus
3054 3157 3238 3220 sensit
3271 3176 3286 3234 ;
3320 3151 3751 3241 atque’idcirco

365 3237 654 3304 nitudinis
683 3231 927 3305 Christi.
1888 3231 1906 3233 _
2038 3231 2079 3294 Ο
2103 3248 2280 3310 etiam
2312 3231 2397 3308 adv
2419 3231 2683 3308 medicos
2724 3247 3064 3328 spirituales
3117 3265 3234 3309 non
3265 3231 3750 3314 vult-accurrere.

955 3331 1236 3418 ORATIO
1266 3333 1419 3399 VIII.
2104 3337 2250 3400 Cum
2285 3337 2462 3418 igitur
2491 3336 2828 3418 quempiam
2862 3337 3118 3417 superbe
3174 3357 3240 3399 se
3269 3349 3574 3417 gerentem
3605 3361 3753 3403 con-

971 3414 1401 3480 ARGUMENTUM.

379 3485 560 3577 Βυᾳε
577 3508 695 3577 esse
706 3510 942 3577 causas,
964 3496 1822 3577 unamperdttionismlteram
1852 3491 2019 3556 salu-

464 3573 562 3633 tis.
596 3571 948 3653 Superbiam
976 3571 1320 3640 hominibus
1349 3578 1534 3642 simul
1564 3595 1700 3641 cum
1730 3583 1905 3637 aetate
1929 3589 2024 3635 ac-

461 3669 728 3746 crescere.
755 3655 1003 3746 Notam,
1025 3660 1327 3746 etsignum
1339 3676 1649 3746 commune
1679 3654 2024 3746 Christiani

453 3733 873 3798 demissionem
885 3733 1103 3813 animi,
1118 3733 1175 3800 εἶ
1190 3741 1588 3804 humilitatem
1599 3737 2025 3811 esse,omni-no-

496 3831 571 3901 tte
592 3817 848 3901 requiri,
869 3821 1363 3901 utunugquisque
1401 3827 1592 3899 norit,
1615 3818 1675 3881 se
1693 3818 1849 3880 nihil
1869 3832 2020 3879 esse.

513 3897 703 3958 uobus
717 3899 1040 3977 sam'iﬁciis
1065 3897 1546 3982 Deum'ptacari,
1570 3897 1736 3982 circa
1761 3915 1897 3980 qua:
1919 3913 2024 3958 sa-

447 3978 547 4062 lus
595 3994 720 4038 non
767 3986 1025 4041 constat.
1061 3978 1194 4055 Quo
1221 3978 1446 4046 indicio
1474 3982 1609 4062 quis
1643 3978 2022 4060 Deo'app'ro-

443 4058 746 4149 ginquare
775 4070 1232 4149 congnoscatur.

453 4136 835 4218 Quaecunque
890 4136 950 4199 in
1010 4141 1123 4204 ista
1181 4141 1525 4206 mortalium
1577 4139 1695 4202 vita
1751 4145 1910 4214 sunt,
1943 4136 2018 4199 ad

365 4225 490 4289 duo
522 4226 898 4306 rediguntur,
963 4247 1216 4310 quorum
1261 4231 1423 4293 aliud
1459 4245 1740 4310 magnum
1770 4227 2018 4309 bonum,

364 4314 532 4379 aliud
557 4334 836 4395 magnum
853 4325 946 4379 est
970 4320 1211 4384 malum.
1239 4320 1310 4383 Et
1331 4321 1480 4383 illud
1502 4319 1746 4402 qutdem
1771 4327 1833 4381 ut
1857 4336 2026 4380 sum-

2105 3428 2399 3509 spexeris,
2431 3426 2817 3508 proportione
2860 3425 3153 3508 superbia
3201 3446 3271 3489 ac
3327 3429 3753 3509 superbientis,

2105 3529 2406 3598 stuporem
2461 3517 2674 3578 anima
2733 3516 2863 3596 ejus
2921 3516 3224 3596 conjicito.
3286 3517 3566 3597 Quisquis
3595 3521 3756 3582 enim

2107 3615 2390 3686 agrotnm
2418 3626 2483 3669 se
2508 3625 2622 3667 non
2645 3605 2854 3686 sensit,
2888 3623 2921 3665 a
2955 3614 3142 3665 morte
3176 3606 3330 3666 haud
3365 3606 3535 3684 longe
3567 3606 3754 3672 abest.

2104 3696 2177 3758 Et
2207 3697 2319 3758 hoc
2353 3704 2655 3777 peccatum
2688 3694 2758 3754 ad
2791 3703 3064 3769 mortem,
3102 3693 3393 3774 superbus
3443 3697 3637 3757 morbi
3666 3696 3761 3758 sui

2107 3803 2288 3848 sensu
2321 3786 2659 3847 destitutus.
2696 3779 2842 3844 Nam
2875 3783 2976 3864 qui
3026 3782 3086 3844 in
3119 3785 3378 3864 peccatis
3410 3785 3585 3846 vitam
3617 3787 3759 3868 agit,

2106 3874 2374 3956 aliosque
2403 3875 2577 3936 docet
2606 3882 2663 3934 et
2693 3882 3055 3948 commonet,
3094 3873 3268 3935 morti
3304 3875 3631 3953 proximus,
3665 3875 3763 3939 hic

2109 3964 2342 4026 medico
2372 3983 2489 4025 non
2531 3961 2780 4042 indiget.

2189 4054 2561 4135 Quapropter
2591 4052 2928 4114 faciendum
2967 4053 3226 4133 penitus,
3271 4061 3334 4114 ut
3365 4053 3543 4116 homo
3575 4054 3764 4136 quivis

2107 4144 2370 4226 seipsum
2403 4150 2738 4221 cognoscat,
2773 4141 2933 4222 quod
2987 4141 3062 4203 de
3103 4159 3168 4203 se
3200 4142 3506 4204 humiliter
3536 4145 3761 4207 sentire

2105 4232 2288 4317 possit
2321 4250 2334 4294 ξ
2372 4250 2506 4292 nam
2539 4230 2846 4293 lumilitas
2903 4230 3132 4292 occulta
3191 4231 3466 4311 quadam
3503 4233 3758 4311 pruden-

2109 4325 2192 4388 tia
2244 4330 2352 4384 est.
2387 4319 2461 4384 Ut
2519 4321 2678 4381 enim
2737 4320 2936 4380 omnis
2993 4318 3288 4400 superbus
3346 4321 3640 4402 insipiens
3696 4338 3766 4384 ac

370 4425 540 4468 mum
567 4424 636 4468 ac
669 4407 1222 4488 praestantissimum
1277 4410 1502 4473 bonum
1552 4409 1614 4470 in
1668 4409 1884 4471 calum
1914 4408 2026 4468 bo-
2112 4413 2326 4476 stultus
2356 4419 2466 4486 est,
2501 4409 2585 4472 ita
2615 4409 2809 4471 omnis
2865 4409 3108 4471 humilis
3151 4411 3418 4489 prudens
3450 4421 3507 4473 et
3535 4412 3766 4474 intelli-

370 4496 568 4558 mines
627 4497 942 4577 pervehit:
1003 4497 1115 4562 hoc
1172 4519 1205 4562 e
1262 4500 1521 4575 diverso,
1575 4507 1640 4562 ut
1699 4493 2279 4582 extremungens.
2315 4499 2386 4560 Et
2417 4498 2701 4580 quoniam
2734 4498 2990 4580 fatuitas,
3043 4518 3114 4561 zc
3173 4501 3408 4561 cacitas
3471 4501 3770 4582 superbia

373 4585 597 4647 malum
648 4584 721 4646 ad
779 4585 1128 4650 inferiorum
1183 4590 1390 4651 infima
1446 4607 1551 4651 eos
1608 4586 1911 4668 deprimit,
1962 4604 2030 4648 ac

370 4673 690 4755 demergit.
725 4675 803 4738 Et
832 4676 976 4739 illud
1033 4679 1272 4762 veritas,
1335 4681 1451 4741 hoc
1507 4677 1882 4739 mendacium
1915 4684 2024 4738 est.

364 4762 522 4826 Illud
549 4763 770 4826 eximia
802 4766 1100 4848 voluptas,
1136 4777 1195 4831 et
1229 4767 1546 4831 oblectatio
1580 4784 1594 4830 :
1651 4766 1768 4827 hoc
1801 4765 2032 4826 infinita

365 4853 802 4918 afﬂictioJllud
819 4855 1700 4937 prudentia;hocfatuitas.I|lud
1727 4874 1758 4917 ο
1790 4855 2028 4918 :mibus.

364 4942 1166 5025 etomnimodisgenninum;
1193 4946 1735 5026 hocinimicum,et
1765 4946 2034 5025 peregri-

361 5031 703 5124 num.Illud
717 5036 1039 5124 rectitude;
1065 5039 1178 5099 hoc
1192 5037 1533 5119 obliquitas.
1561 5033 1713 5124 Illud
1729 5034 2039 5124 gaudium,

369 5133 432 5186 et
453 5123 804 5197 exsultatio;
829 5125 941 5188 hoc
968 5127 1227 5203 tristitia,
1251 5137 1308 5190 et
1344 5125 1652 5188 tumultus.
1678 5123 1826 5186 Illud
1851 5125 1996 5185 ordo
2023 5143 2038 5188 :

371 5215 488 5276 hoc
510 5212 805 5276 confusio.
833 5213 1114 5287 Quanam
1139 5235 1279 5295 ergo
1319 5217 1428 5278 ista
1461 5221 1599 5276 sunt
1619 5211 1650 5272 ἶ)
1674 5211 1816 5285 Qua
1834 5211 1864 5272 ‘l
1887 5212 2035 5275 Illud

374 5301 726 5379 humilitas;
765 5303 878 5366 hoc
910 5306 1266 5386 arrogantia.
1295 5304 1490 5369 Unum
1519 5302 1679 5366 enim
1702 5310 2028 5381 peccatum,

374 5393 471 5457 sui
518 5393 879 5474 admiratio;
920 5407 977 5460 et
1008 5417 1122 5461 una
1145 5398 1399 5479 justitia,
1435 5412 1718 5480 suprema
1745 5395 2032 5458 humilia-

372 5483 483 5546 tio.
515 5483 848 5547 Considera
873 5485 1054 5566 igitur
1101 5497 1434 5569 peccatum,
1491 5483 1653 5565 quod
1683 5481 1943 5548 Adamus
1973 5484 2037 5546 in

375 5572 590 5655 gloria,
625 5581 684 5636 et
738 5574 976 5640 deliciis
1032 5577 1293 5659 paradisi
1350 5576 1568 5640 sedens
1619 5572 1942 5651 commisit,
1978 5582 2038 5638 et

2116 4591 2296 4652 multa
2331 4596 2386 4649 et
2420 4607 2629 4667 magna
2687 4587 2967 4667 adjuncta
3023 4597 3115 4649 est
3177 4589 3577 4671 hominibus;
3632 4590 3768 4653 ideo

2112 4680 2292 4754 Deus,
2325 4697 2459 4739 cum
2494 4679 2574 4740 sit
2618 4677 2832 4748 bonus,
2878 4678 3154 4739 suavibus
3183 4680 3454 4754 molesta,
3486 4699 3554 4742 ac
3587 4679 3774 4742 tristia

2114 4767 2453 4843 admiscuit,
2500 4786 2576 4828 ne
2607 4767 2932 4828 elevemur.
2963 4769 3146 4849 Cujus
3179 4769 3268 4830 rei
3297 4768 3461 4831 Pauli
3493 4771 3767 4850 apostoli,

2118 4859 2302 4942 quiin
2323 4856 2640 4919 excellenti
2657 4855 2904 4919 Deitatis
2923 4858 3110 4936 gloria
3135 4858 3260 4934 fuit,
3310 4867 3370 4920 et
3397 4859 3774 4920 admirabilia

2119 4966 2300 5030 opera
2357 4947 2626 5027 patravit,
2689 4948 2964 5008 stimulus
3023 4950 3242 5021 carnis,
3307 4958 3363 5008 et
3395 4949 3774 5029 colophizans

2127 5057 2260 5100 eum
2294 5036 2537 5099 Satanas
2568 5035 2746 5097 fidem
2777 5036 2952 5098 faciet
2985 5037 3030 5079 Η
3062 5059 3075 5100 :
3133 5047 3198 5100 ut
3227 5036 3480 5118 proinde
3512 5039 3770 5117 majores

2129 5146 2236 5210 pro
2267 5126 2430 5188 omni
2485 5125 2888 5202 tribulatione,
2948 5147 3125 5209 quam
3186 5147 3289 5209 pro
3321 5127 3678 5190 remissione
3706 5145 3776 5189 ac

2118 5216 2488 5297 indulgentia
2518 5216 2739 5295 gratias
2770 5234 2946 5296 agere
2998 5216 3349 5292 debeamus,
3382 5236 3521 5298 quo,
3557 5235 3772 5297 quem-

2116 5307 2438 5369 admodum
2471 5306 2531 5368 in
2554 5306 2860 5387 jucundis,
2895 5307 2982 5370 sic
3009 5307 3186 5370 etiam
3240 5307 3302 5368 in
3335 5306 3604 5368 tristibus
3633 5323 3775 5385 gra-

2117 5398 2258 5460 tiam
2293 5415 2764 5478 promereamur.
2797 5400 3063 5462 Necesse
3095 5405 3188 5460 est
3219 5398 3438 5479 itaque,
3467 5395 3777 5458 mortalem

2118 5486 2388 5570 quemvis
2420 5504 2616 5564 nosse,
2654 5506 2718 5550 se
2775 5487 2924 5549 nihil
2990 5507 3145 5568 esse,
3206 5487 3385 5569 idque
3443 5486 3516 5548 ab
3549 5505 3640 5562 eo,
3675 5485 3780 5566 qui

2118 5575 2454 5640 diademate
2482 5584 2726 5640 ornatus
2781 5575 3031 5661 incedit,
3087 5596 3276 5660 usque
3331 5576 3406 5639 ad
3435 5576 3687 5655 nudum,
3720 5581 3780 5638 et

452 5744 488 5798 9
514 5745 718 5813 Matth.
752 5761 886 5827 xm,
911 5746 952 5813 8
980 5765 1156 5833 seqq.
1243 5748 1301 5802 40
1327 5747 1463 5817 Job.
1492 5763 1630 5830 xxx,
1665 5745 1768 5811 27.
1856 5745 1908 5800 11
1935 5743 1962 5811 I
1993 5746 2134 5814 Cor.
2166 5763 2274 5827 xu,
2306 5747 2370 5813 7.
