4160 6404
214 406 322 474 361
1111 469 1114 472 .
1717 405 1859 478 ORA

1953 402 2122 480 ΟΧ.
2315 403 2318 405 Α
3497 401 3629 485 me?

219 559 313 605 res
343 551 482 604 sunt
513 545 941 624 communiter,
973 541 1383 628 unusquisque
1428 551 1624 607 autem
1654 543 1870 608 horum
1892 554 1935 606 Α
1957 564 2337 628 cognoscere.
2371 546 2605 611 Deinde
2634 566 2773 612 cum
2805 549 3096 615 Joannem
3153 550 3483 633 Baptistam
3517 549 3618 614 di-

223 631 502 712 quiddam
567 635 876 715 peculiare
931 636 1132 699 habet.
1188 635 1393 708 Exlex,
1437 634 1538 716 qui
1586 651 1655 695 ex
1707 647 1876 698 extra
1957 645 2190 699 centem
2225 637 2432 700 audis:
2479 639 2634 702 Ecce
2667 655 2861 720 agnus
2889 639 3025 719 Dei,
3066 645 3172 721 qui
3195 631 3354 704 tollit
3373 647 3616 722 peccata

224 721 423 801 leges;
487 724 737 786 violator
791 726 961 807 legis,
1008 725 1110 807 qui
1168 737 1385 806 praeter
1441 724 1624 804 leges,
1659 723 1876 804 quibus
1956 729 2176 789 mundi
2199 727 2302 803 ἓν,
2333 726 2409 790 de
2440 747 2556 809 quo
2589 736 2726 792 ante
2784 728 2972 793 multa
3027 729 3244 792 saecula
3286 721 3616 792 vaticinans

223 812 558 893 subjicitur,
582 813 758 891 facit;
778 824 1073 897 peccator,
1102 815 1202 896 qui
1229 813 1874 894 frustrationequadam

223 921 332 962 non
372 901 528 964 bene
586 909 757 982 agit;
817 905 1061 983 impius,
1122 902 1225 984 qui
1279 903 1341 963 in
1399 905 1588 965 Deum
1642 909 1870 983 peccat,

223 1000 418 1071 utpote
447 993 550 1072 qui
601 1001 703 1055 aut
756 994 983 1056 nullum
1033 993 1244 1067 Deum,
1305 1000 1404 1054 aut
1464 991 1678 1053 multos
1707 991 1868 1053 colit.

224 1079 481 1144 Vocatur
511 1103 658 1164 poro
688 1085 932 1146 nomine
990 1083 1160 1164 impii
1217 1081 1276 1144 in
1338 1089 1538 1143 sancta
1569 1080 1875 1161 Scriptura

226 1171 392 1232 etiam
428 1180 726 1252 peccator,
763 1181 824 1236 et
853 1173 1104 1247 adulter,
1140 1181 1198 1234 et
1254 1189 1484 1248 avarus,
1521 1177 1579 1231 et
1609 1169 1873 1251 pecuniae

229 1261 492 1342 cupidus.
528 1271 587 1324 et
614 1262 810 1324 inanis
868 1263 1067 1343 gloria:
1118 1271 1406 1344 captator,
1442 1273 1501 1323 et
1531 1260 1631 1340 qui
1656 1260 1869 1340 hujus-

234 1352 452 1412 cemodi
477 1352 634 1414 vitiis
648 1371 714 1415 se
735 1352 1121 1416 dediderunt.
1152 1352 1413 1426 Quicum
1429 1350 1641 1425 sciant,
1659 1349 1870 1424 Deum,

236 1442 328 1522 qui
355 1443 519 1503 ﬁnxit
545 1444 809 1516 oculum.
857 1444 1058 1506 omnia
1089 1443 1454 1526 perspicere,
1489 1441 1662 1503 vitam
1693 1441 1871 1502 insti-

238 1539 416 1613 tuunt,
449 1551 516 1594 ac
548 1534 599 1594 si
631 1535 786 1595 Deus
818 1551 938 1595 non
986 1533 1205 1596 videat.
1266 1531 1410 1593 Nam
1443 1531 1492 1593 si
1525 1530 1734 1601 Deum,
1769 1528 1871 1610 qui

234 1619 440 1703 ubique
461 1642 724 1702 praesens
756 1632 866 1699 est,
890 1623 1232 1688 etintuetur
1261 1623 1480 1694 omnia,
1512 1638 1868 1682 voneraren-

237 1719 342 1785 tur,
365 1713 513 1775 haud
537 1731 670 1774 eum
691 1713 860 1794 quasi
891 1732 1006 1774 non
1037 1713 1368 1774 intuentem
1389 1715 1842 1773 contemnerent

1957 813 2137 878 Isaias
2156 815 2232 898 99,
2283 837 2453 879 ovem
2505 827 2566 880 et
2602 837 2818 898 agnum
2851 819 2954 900 qui
2982 819 3305 882 duceretur
3333 819 3408 882 ad
3436 819 3613 882 victi-

1959 922 2139 980 mam,
2162 905 2502 986 appellavit,
2533 906 2696 969 disce
2714 915 2960 989 propter
2979 917 3289 988 peccetum
3310 926 3445 971 esse
3458 925 3615 970 mor-

1960 999 2123 1054 tuum
2162 1014 2177 1075 ;
2210 1003 2273 1055 ut
2302 994 2402 1075 qui
2434 995 2594 1058 hunc
2626 1003 2815 1059 morte
2861 997 3163 1074 affectum,
3219 1006 3278 1060 et
3307 997 3404 1060 die
3432 997 3612 1060 tertio

1956 1081 2282 1144 redivivum
2333 1084 2725 1166 recepissent,
2780 1105 2888 1167 per
2915 1105 3044 1149 eam
3075 1087 3330 1170 amplius
3361 1105 3613 1169 peccare

1957 1189 2076 1232 non
2103 1184 2382 1253 possent;
2409 1191 2543 1236 nam
2574 1187 3039 1256 peccanteseum
3070 1196 3190 1240 non
3221 1185 3604 1259 receperunt,

1956 1262 2222 1341 quamvis
2251 1262 2334 1326 ita
2363 1263 2479 1326 sibi
2513 1265 2933 1345 persuadeant.
2992 1265 3226 1328 Etenim
3258 1265 3310 1328 si
3337 1265 3609 1348 recepis-

1955 1358 2107 1424 sent,
2144 1350 2409 1414 dedisset
2437 1352 2526 1414 eis
2583 1361 2933 1434 potestatem
2989 1355 3143 1418 ﬁlios
3172 1358 3282 1420 Dei
3311 1355 3468 1430 ﬁeri,
3507 1355 3612 1437 qui

1954 1456 2202 1518 peccare
2230 1450 2536 1521 nequeunt
2569 1462 2584 1502 :
2620 1443 2860 1524 quando
2890 1444 3178 1527 scriptum
3208 1451 3301 1507 est
3335 1465 3351 1510 :
3387 1443 3610 1508 Omnis

1951 1530 2054 1606 qui
2066 1537 2293 1609 peccat,
2309 1549 2433 1594 non
2447 1532 2620 1609 vidit,
2645 1551 2750 1596 nec
2767 1537 3045 1616 cognovit
3057 1553 3192 1598 eum
3219 1534 3304 1600 εὖ.
3336 1533 3449 1597 Et:
3485 1533 3610 1612 Qui

1948 1618 2098 1696 facii
2109 1621 2518 1700 iniquitatem,
2541 1639 2622 1684 ea:
2639 1622 2881 1687 diabolo
2903 1631 2989 1688 est
3002 1624 3085 1689 24.
3117 1627 3224 1689 Et:
3248 1626 3322 1688 In
3349 1626 3455 1688 hoc
3476 1641 3609 1688 ma-

1951 1708 2159 1786 nifesti
2177 1715 2322 1772 sunt
2338 1709 2458 1789 ﬁlii
2480 1709 2616 1783 Dei,
2641 1718 2699 1774 et
2717 1711 2838 1792 ﬁlii
2875 1713 3103 1778 diaboli
3119 1714 3200 1776 ξε.
3233 1713 3307 1776 Et
3336 1733 3352 1774 :
3389 1712 3609 1777 Omnis

242 1798 342 1871 Qui
370 1800 521 1863 enim
553 1803 742 1883 magis
767 1802 1071 1864 hominum
1104 1802 1351 1882 gloriam
1368 1800 1657 1878 diligunt,
1691 1817 1864 1879 quam
1888 1828 1928 1877 Β
1951 1797 2058 1883 qui
2079 1815 2199 1859 non
2218 1797 2369 1876 facit
2381 1800 2722 1878 justitiam,
2752 1819 2877 1864 non
2897 1810 2985 1866 est
3014 1821 3092 1867 ea:
3113 1804 3241 1868 Deo
3261 1803 3341 1866 36.
3367 1801 3535 1876 Quod
3554 1799 3607 1864 si

243 1888 346 1950 Dei
365 1900 417 1951 et
432 1892 525 1971 qui
543 1893 599 1954 in
621 1891 1022 1971 omnigenere
1066 1890 1471 1971 improbitatis
1501 1889 1862 1970 volutantur,

247 1978 612 2061 existimaque
646 2000 712 2044 ea
740 1983 949 2044 fallere
1003 1982 1238 2043 oculum
1298 1998 1598 2061 nunquam
1631 1977 1862 2078 dormi-

246 2075 476 2145 tantem,
501 2070 597 2150 qui
617 2071 1164 2134 tandemistiDeum
1195 2071 1417 2142 colunt,
1448 2087 1626 2150 quem
1652 2070 1860 2129 etina-

242 2157 394 2219 nima
416 2171 669 2222 creatura
698 2162 898 2224 tremit
926 2160 951 2224 ?
981 2161 1178 2243 Inquit
1207 2180 1345 2240 ergo
1379 2159 1559 2222 David
1591 2179 1606 2219 :
1644 2158 1864 2220 Perdes

239 2264 429 2310 omnes
471 2251 579 2331 qui
623 2251 955 2331 loquuntur
1005 2253 1387 2314 mendacium
1415 2250 1492 2309 18.
1557 2247 1627 2309 Et
1686 2247 1859 2328 paulo

232 2347 390 2416 post:
415 2337 759 2403 Secundum
783 2341 1241 2405 multitudinem
1265 2343 1630 2418 impietatem
1644 2353 1857 2400 eorum

226 2426 446 2506 expelle
459 2445 560 2491 eos
581 2429 660 2510 '9,
685 2429 1023 2509 impietates
1047 2437 1287 2510 peccata
1323 2445 1561 2502 vocans,
1596 2445 1728 2507 qua:
1756 2443 1859 2486 eos

226 2513 372 2578 circa
401 2519 676 2580 mandata
703 2517 835 2591 Dei,
870 2538 988 2580 non
1019 2519 1178 2580 circa
1208 2517 1388 2579 ﬁdem
1419 2516 1535 2577 labi
1561 2515 1852 2577 fecerunt.

222 2601 374 2666 Idem
405 2626 613 2670 rursus
643 2608 719 2671 de
746 2608 1037 2670 adulterio
1069 2626 1202 2669 cum
1234 2605 1588 2677 Bethsabea,
1620 2615 1678 2669 et
1698 2603 1859 2665 ctede

222 2694 365 2758 Uria;
393 2707 732 2779 perpetrata
781 2699 863 2760 ait
895 2715 908 2760 :
957 2698 1130 2772 Dixi,
1177 2695 1504 2777 conﬁtebor
1530 2695 1859 2757 adversum

221 2789 705 2866 mainjustitiam
761 2805 960 2850 meam
1018 2789 1294 2861 Domino,
1354 2793 1415 2848 et
1472 2793 1539 2846 tu
1568 2785 1860 2846 remisisti

223 2879 576 2947 impietatem
617 2877 822 2940 cordis
851 2881 970 2939 mei
988 2875 1068 2939 20.
1101 2875 1188 2937 En
1214 2893 1318 2937 cor
1347 2872 1585 2937 Davidis
1617 2879 1860 2953 propter

218 2962 558 3044 injustitiam
590 2967 774 3048 impie
806 2966 923 3044 egit
953 2987 966 3029 :
1031 2973 1087 3028 et
1140 2964 1517 3028 Christianus
1547 2962 1694 3023 citra
1724 2980 1855 3021 me-

219 3058 333 3114 tum
388 3075 667 3136 peccans,
759 3064 819 3119 et
908 3055 1291 3138 opprobrium
1371 3053 1587 3118 Christi
1641 3052 1854 3130 factus,

222 3140 425 3222 impius
451 3157 557 3209 est.
614 3147 813 3228 Atque
869 3145 1022 3208 istud
1081 3147 1319 3227 quidam
1378 3163 1412 3206 a
1464 3145 1586 3206 Deo
1630 3143 1856 3202 adlatus

1950 1882 2024 1973 is,
2059 1885 2158 1965 qui
2187 1905 2305 1947 non
2351 1886 2491 1949 facit
2532 1887 2849 1972 justitiam,
2910 1911 3032 1955 non
3080 1901 3173 1956 est
3216 1911 3286 1956 ex
3317 1893 3465 1969 Deo,
3503 1889 3608 1973 qui

1947 1971 2086 2036 facit
2114 1973 2488 2054 injustitiam,
2538 1971 2845 2041 undenam
2905 1979 3057 2043 est?
3115 1981 3193 2045 In
3217 1983 3352 2064 hoc,
3384 1971 3601 2065 inquit,

1945 2065 2370 2153 maniﬁzstatus
2391 2073 2477 2129 est
2497 2065 2706 2130 Filius
2724 2067 2855 2150 Dei,
2884 2078 2952 2132 ut
2973 2070 3258 2135 dissolvat
3277 2089 3464 2153 opera
3474 2072 3606 2136 dia-

1945 2151 2192 2242 boliﬁﬂ',
2224 2153 2441 2234 quibus
2471 2174 2590 2217 non
2620 2155 2950 2234 dissolutis,
2994 2160 3157 2222 nulla
3187 2169 3277 2223 est
3306 2151 3604 2242 speranda

1944 2241 2187 2302 utilitas.
2245 2242 2411 2304 Multi
2467 2242 2668 2326 itaque
2723 2245 2799 2308 de
2851 2265 3073 2328 genere
3123 2241 3601 2314 Christianorum

1943 2330 2228 2410 prodesse
2257 2330 2375 2393 sibi
2427 2332 2814 2411 arbitrantur,
2875 2337 3248 2402 Christianos
3282 2338 3402 2403 dici
3436 2358 3452 2417 ;
3486 2358 3602 2402 ne-

1942 2419 2203 2482 scientes
2231 2419 2292 2481 in
2325 2427 2638 2502 paternum
2682 2441 2752 2485 ac
2809 2432 3146 2490 maternum
3178 2447 3330 2507 esse,
3367 2436 3594 2493 etcum

1944 2507 2134 2585 patria
2164 2526 2232 2570 ac
2262 2508 2509 2599 regione
2539 2512 2808 2592 ipsorum
2838 2521 2958 2577 tota
2987 2532 3306 2579 commune
3341 2533 3356 2580 :
3413 2517 3516 2599 qui
3542 2517 3598 2581 si

1940 2596 2116 2657 vitam
2137 2616 2206 2658 ex
2231 2597 2451 2660 Christi
2477 2598 2707 2678 legibus
2741 2601 3145 2676 instituerint,
3174 2614 3298 2669 tum
3325 2596 3506 2669 sim—ul
3536 2613 3597 2670 et

1943 2684 2261 2748 Christiani
2293 2687 2783 2763 nominabuntur,
2817 2699 2876 2754 et
2903 2691 2967 2754 in
3013 2692 3313 2757 Christum
3342 2695 3596 2760 credere

1943 2775 2258 2850 dicentur;
2284 2776 2505 2858 alioqui
2551 2779 2863 2858 praestabat
2903 2801 3016 2845 nec
3042 2783 3294 2847 credere
3324 2784 3388 2846 in
3417 2784 3592 2848 Chri—

1941 2873 2120 2932 stum,
2147 2865 2413 2946 quinimo
2433 2885 2544 2930 nec
2563 2877 2735 2957 natos
2756 2869 2961 2934 fuisse.
2990 2871 3120 2935 Non
3147 2874 3308 2936 enim
3323 2883 3600 2957 poterant

1939 2952 2002 3014 in
2033 2953 2333 3017 Christum
2364 2975 2484 3046 non
2513 2956 2766 3020 credere
2803 2981 2816 3023 :
2871 2962 3135 3026 atrocius
3185 2952 3383 3026 autem
3415 2982 3594 3046 quam

1939 3041 2214 3134 inﬁdeles
2246 3045 2588 3124 punientur.
2621 3046 2728 3108 Ast
2784 3047 3158 3130 alienigenae,
3192 3052 3294 3134 qui
3323 3060 3389 3115 ut
3417 3041 3593 3117 Chri-

1940 3131 2118 3192 stiani
2147 3134 2736 3218 cognominarentur,
2770 3157 2804 3199 a
2835 3140 3161 3220 majoribus
3191 3131 3312 3204 non
3334 3161 3593 3227 accepe-

229 3221 381 3310 pater
405 3221 870 3316 explanatfdum
904 3236 1068 3296 illum
1099 3221 1206 3297 ἐἰς
1263 3231 1602 3314 alloquitur.
1638 3226 1914 3311 Impie-C
1940 3229 2102 3316 Puni.
2136 3221 2268 3316 εζίῐι
2293 3222 2589 3316 υῒπξείυῐη
2623 3226 3013 3316 crediderim,
3039 3249 3251 3312 ωεεηει
3271 3233 3412 3296 inde
3433 3221 3597 3296 06m-

232 3327 396 3382 tatem
448 3325 872 3405 commisimus,
933 3325 1214 3407 quoniam
1271 3321 1655 3404 opprobrium
1718 3319 1857 3382 facti

233 3427 426 3472 sumus
453 3413 654 3477 dilecto
687 3413 914 3477 tuo.’Et
945 3415 1097 3478 alius
1153 3413 1351 3476 divina
1381 3411 1671 3492 sapientia
1701 3428 1855 3491 prae-

236 3497 410 3586 ditus,
443 3504 573 3583 quid
606 3507 848 3586 prodest
876 3505 995 3568 ﬁde
1056 3505 1186 3586 pios
1247 3521 1401 3578 esse,
1433 3501 1552 3562 vita
1580 3499 1796 3578 impios
1824 3499 1855 3559 ‘I

231 3585 510 3653 Ponamus
552 3585 705 3657 enim
761 3585 1104 3678 quempiam
1165 3611 1426 3672 avarum,
1463 3589 1851 3671 proditorem,

234 3689 549 3758 protervum
579 3703 732 3768 esse,
795 3695 857 3748 et
908 3683 1299 3746 nihilominus
1357 3679 1847 3744 rectecredere:

231 3768 365 3846 quid
395 3771 482 3834 hic
510 3775 703 3857 capiet
731 3773 1141 3847 emolumenti,
1203 3771 1253 3833 si
1283 3771 1431 3834 nihil
1464 3788 1697 3842 eorum,
1726 3787 1860 3849 quae

225 3857 596 3925 Christianum
630 3865 874 3938 decent,
906 3862 1236 3925 habuerit?
1297 3861 1348 3922 si
1378 3859 1526 3922 nihil
1561 3857 1753 3940 egerit
1789 3876 1860 3920 ex

217 3946 306 4031 iis,
335 3971 461 4034 quae
491 3955 782 4036 pietatem
840 3954 1163 4048 produnt__;_
1213 3952 1316 4048 sed
1377 3946 1857 4048 ethnicoset‘iam

210 4039 355 4102 vitiis
382 4042 815 4124 superaverit?
874 4042 926 4104 si
980 4039 1375 4104 familiaribus
1428 4036 1757 4137 nocuerit?
1807 4036 1858 4137 si

207 4124 384 4192 Deum
433 4131 942 4216 blasphemaverit
977 4137 1005 4193 ’ἰ
1055 4132 1104 4193 si
1156 4128 1496 4193 veneranda
1552 4126 1860 4206 religionis

207 4217 465 4298 dogmata
488 4243 598 4305 per
619 4241 813 4305 opera
841 4221 1289 4286 dedecoraverit
1308 4221 1338 4281 ?
1369 4219 1522 4282 Nam
1554 4219 1692 4280 ideo
1718 4234 1856 4279 ma-

205 4307 522 4386 nifestatus
564 4321 620 4376 et
664 4311 872 4374 Filius
902 4313 1034 4393 Dei,
1069 4308 1398 4372 secundum
1432 4305 1855 4385 evangelistam

201 4393 473 4462 Joannem
485 4402 970 4479 Theologum,vi
988 4399 1335 4463 dissolveret
1349 4414 1539 4478 opera
1551 4394 1850 4458 diaboli“.

1939 3310 2114 3372 moda
2136 3310 2248 3372 sibi
2274 3311 2562 3391 parabunt
2586 3334 2601 3374 :
2626 3333 2762 3376 cum
2785 3315 2888 3379 ille
2903 3318 2979 3380 de
3005 3310 3227 3399 genere
3249 3321 3593 3386 Christiano

1939 3418 2047 3481 per
2068 3400 2219 3479 legis
2243 3400 2464 3464 Christi
2495 3405 3044 3484 praevaricationem
3075 3408 3375 3473 Chrismm
3408 3409 3592 3474 inho-

1939 3498 2176 3571 norent,
2200 3495 2260 3552 et
2274 3490 2489 3553 avitam
2512 3510 2580 3554 ac
2601 3513 2798 3556 veram
2824 3495 3101 3576 pietatem
3123 3499 3588 3566 commaculent.

2571 3584 2847 3652 ORATIO
2877 3589 2950 3651 X.

2496 3665 3021 3735 Ancumanruu.

1935 3743 2074 3808 Non
2093 3747 2280 3808 Deum
2291 3793 2307 3820 ,
2325 3744 2433 3808 sed
2444 3745 2755 3830 daemonas
2761 3753 2969 3830 potius
2981 3753 3263 3818 humana:
3279 3756 3595 3820 servitutis

2008 3833 2432 3916 auctoresesse.
2456 3827 2656 3916 Deira
2672 3836 2727 3916 et
2741 3827 3096 3916 cupiditate,
3125 3837 3189 3916 in
3221 3837 3440 3916 quibus
3468 3855 3594 3901 non

2005 3916 2094 3970 est
2109 3908 2267 3970 ratio
2310 3905 2394 3968 Et
2413 3909 2572 3970 unde
2591 3910 2783 3995 abitis
2797 3905 3042 3976 animus
3061 3905 3389 3995 aﬂiciatur.
3416 3916 3595 3984 Sicut

2007 3995 2278 4079 aspectus
2290 4004 2619 4079 corporeus
2639 3989 2830 4055 illaesa
2851 3989 3160 4079 sentiendi
3181 4015 3432 4079 organo,
3448 3999 3596 4062 item

2009 4076 2197 4159 motu,
2213 4068 2666 4159 intervallopro
2684 4079 2824 4159 rata
2834 4075 3141 4155 portione,
3157 4068 3595 4159 aefepuro,so-

2011 4149 2085 4234 lis
2097 4147 2232 4211 luce
2245 4148 2496 4234 indiget:
2512 4147 2601 4234 ita
2613 4153 2800 4234 etiam
2818 4147 3137 4234 aspectum
3150 4147 3348 4222 anim'i
3357 4159 3454 4222 his
3469 4147 3598 4223 mo-

2001 4229 2078 4328 ιξο
2108 4229 2404 4328 quodam,
2422 4232 2526 4309 qui
2554 4229 2964 4328 intelligentia
2991 4238 3365 4328 percipitur,
3390 4257 3591 4328 egere.

2020 4308 2085 4371 In
2119 4308 2408 4390 praesenti
2431 4308 2681 4385 saeculo,
2713 4308 2778 4375 id
2825 4326 2939 4396 est,
2991 4308 3058 4378 in
3113 4308 3226 4380 hac
3253 4308 3391 4393 vita,
3423 4308 3599 4402 pater

1940 4407 2052 4481 est,
2088 4406 2146 4460 et
2176 4397 2334 4459 ﬁlius
2368 4415 2382 4458 :
2445 4417 2678 4489 servus,
2712 4409 2770 4464 et
2801 4405 3213 4470 mercenarius
3244 4397 3599 4489 procreatus

205 4483 306 4557 Qui
335 4506 471 4572 ergo
534 4491 993 4553 manifestatum
1049 4489 1157 4552 Dei
1202 4486 1430 4578 Filium
1489 4484 1770 4578 suscepit,
1802 4482 1854 4578 si
1881 4504 2056 4559 Dnon
2090 4494 2177 4578 est
2203 4507 2220 4563 ;
2251 4504 2448 4578 neque
2477 4487 2638 4578 enim
2664 4482 2898 4571 primus
2946 4511 3198 4574 parenn,
3229 4482 3430 4578 neque
3463 4494 3594 4578 pri-

205 4575 380 4640 adbuc
409 4580 647 4644 vinctus
684 4579 974 4660 operibus
1021 4575 1242 4641 diaboli
1298 4583 1558 4659 tenetur,
1593 4593 1725 4658 quae
1754 4573 1854 4635 hic

205 4663 302 4725 Dei
326 4664 506 4732 Filius
571 4669 995 4732 manifestatus
1029 4664 1328 4749 dissolvit,
1387 4665 1653 4729 deterior
1709 4663 1856 4745 ipsis

202 4751 552 4836 inﬁdelibus,
591 4769 654 4823 et
703 4759 894 4822 atheis
924 4760 1110 4839 magis
1140 4759 1358 4842 impius
1387 4767 1500 4820 est.

273 4843 460 4918 Quare
481 4869 626 4912 cum
651 4849 850 4931 audis,
876 4847 1064 4910 Deum
1096 4867 1228 4910 esse
1272 4845 1576 4910 hominem
1609 4843 1852 4942 factum,

202 4934 293 5012 qui
324 4935 461 5000 fecit
491 4940 723 5001 caelum
787 4945 845 5000 et
901 4946 1118 4999 terram
1178 4946 1238 5000 et
1296 4954 1481 5011 mare,
1517 4951 1763 5015 quaeque
1792 4934 1855 4992 in

204 5025 386 5087 medio
408 5037 543 5090 sunt
578 5027 814 5103 omnia,
839 5036 895 5090 et
917 5047 1048 5107 quae
1090 5027 1278 5090 oculis
1312 5025 1576 5107 subjecta
1605 5030 1762 5094 sunt,
1799 5028 1858 5083 et

201 5130 319 5191 quae
335 5136 450 5179 non
471 5127 638 5200 sunt,
678 5127 741 5180 et
769 5117 964 5199 ipsum
996 5119 1254 5198 denique
1287 5115 1757 5212 hominemmon
1779 5107 1853 5212 ob

200 5203 363 5265 aliam
405 5226 654 5270 causam
689 5207 908 5268 factum
956 5207 1294 5301 hominem
1324 5203 1758 5301 intellige,_nisi
1791 5207 1854 5301 ut

198 5287 348 5355 Deus
369 5315 474 5376 per
494 5298 832 5360 humanam
855 5306 1121 5359 naturam
1148 5294 1298 5356 mori
1321 5301 1541 5374 posset.
1565 5291 1703 5391 Plus
1734 5289 1853 5391 noli

202 5397 456 5459 quaerere
480 5410 492 5447 :
515 5388 627 5450 sed
655 5388 1068 5449 tantummodo
1092 5404 1328 5448 causam
1357 5392 1415 5446 et
1437 5388 1853 5446 necessitatem

203 5473 590 5556 suscipiendae
624 5477 810 5558 hujus
841 5475 1222 5539 demissionis
1281 5481 1340 5536 et
1387 5469 1688 5556 patientiae
1719 5479 1856 5553 opta

273 5702 328 5752 *9
352 5702 512 5767 Psal.
540 5723 604 5771 ν.
646 5707 707 5770 ’1.
816 5706 874 5756 ¹9
900 5706 1052 5770 Ibid.
1088 5708 1185 5771 11.

501 5897 784 5964 Paeon.
817 5897 924 5963 Gn.
960 5894 1130 5963 CXX.

1294 5705 1357 5757 ΞΟ
1384 5702 1540 5769 Psal.
1561 5718 1746 5785 _xxx1,
1773 5708 1833 5768 5.
1913 5701 1990 5785 of"
2015 5702 2049 5785 ᾼΙ
2075 5703 2245 5767 Joan.
2279 5705 2460 5785 111,78.

198 5756 380 5867 seqq:
399 5756 760 5852 ’Ξὲίὲοὲιὶι
788 5803 876 5865 ιιι,
901 5756 1114 5852 bimi
1133 5756 1287 5856 ibid.
1322 5756 1409 5857 δῖ
1431 5756 1841 5854 "aeratas:
1917 5756 1990 5836 ἐδ
2011 5756 2520 5854 ῐδῖιῑῗ”’ξὲίίῐιῖᾱ.
2545 5786 2606 5851 8.

1938 4595 2071 4638 mus
2095 4576 2226 4656 ejus
2252 4575 2411 4637 ﬁlius
2432 4577 2610 4656 servi,
2659 4586 2761 4641 aut
2809 4583 3171 4645 mercenarii
3194 4575 3598 4649 fuerunthui

1938 4665 2099 4727 enim
2129 4683 2235 4746 pro
2265 4670 2456 4727 servis
2484 4684 2554 4727 ac
2603 4669 2993 4731 mercenariis
3054 4671 3227 4737 subdi
3259 4672 3596 4754 poterant?

1939 4753 2204 4818 Servitus
2259 4761 2316 4816 et
2375 4773 2557 4836 opera
2616 4758 2988 4822 mercenaria
3046 4753 3380 4843 posteriora
3406 4771 3589 4827 sunt:

1937 4844 2191 4906 servitus
2215 4843 2460 4933 quidem
2483 4863 2555 4907 ex
2579 4864 2811 4930 eorum,
2837 4849 3160 4929 quiessent
3200 4870 3420 4933 genere
3451 4870 3592 4915 cono

1939 4942 2138 4996 sortes
2167 4932 2549 5014 improbitate
2581 4943 2823 4998 mutua:
2856 4955 3037 5019 opera
3067 4932 3594 5022 vero’quaestuaria

1941 5041 2008 5084 ex
2035 5022 2388 5100 indigentia,
2419 5033 2664 5104 propter
2687 5043 2789 5087 eos
2802 5025 3050 5107 quicum
3064 5037 3265 5092 essent
3287 5030 3590 5093 deeodem

1938 5131 2162 5193 genere
2185 5131 2318 5174 cum
2346 5111 2499 5185 aliis,
2529 5113 2660 5194 plus
2681 5113 2903 5177 habere
2927 5116 3586 5200 avidecupiebant.En,

1939 5211 1998 5264 et
2028 5221 2256 5276 servus,
2285 5209 2344 5263 et
2375 5204 2781 5266 mercenarius
2811 5223 2882 5268 ex
2931 5204 3249 5271 subsecuta
3281 5208 3589 5271 hominum

1936 5291 2074 5352 vitio
2098 5293 2476 5354 exstiterunt:
2494 5291 2597 5373 qui
2618 5301 2680 5354 ut
2702 5293 3082 5374 exsisterent,
3104 5300 3231 5358 sola
3247 5297 3597 5378 indigentia:

1939 5382 2263 5444 necessitas
2283 5380 2344 5441 in
2367 5399 2542 5443 causa
2563 5381 2692 5446 fuit.
2737 5385 2812 5447 Et
2855 5387 3359 5465 quemadmodum
3391 5406 3596 5451 servus

1938 5489 2007 5533 ac
2037 5471 2444 5533 mercenarius
2469 5490 2590 5535 non
2620 5484 2798 5555 agunt
2827 5474 3160 5560 quodlibet,
3195 5479 3300 5542 sed
3331 5495 3464 5561 qum
3495 5478 3592 5561 ip-

2567 5704 2643 5792 st-
2670 5707 2842 5770 30m,
2871 5722 2913 5792 ι,
2943 5707 3048 5774 29,
3152 5709 3206 5760 εις
3236 5709 3348 5776 Isa.
3382 5727 3502 5790 un,
3531 5712 3596 5787 4,

3274 5900 3352 5964 12
