4160 6436
454 387 672 474 ,³Ωᾶ

1843 392 2237 460 SYMEONIS'
2267 393 2621 462 JUNIORIS

3809 388 3923 456 3M-

537 543 738 588 sorum
757 525 1022 590 dominis
1049 535 1129 609 et,
1163 526 1328 590 heris
1356 526 1592 609 placent
1623 545 1638 592 :
1674 527 1953 592 similiter
1982 530 2198 593 diabo-
2221 545 2262 593 Α
2285 529 2577 611 cupiditas
2598 527 3081 611 perturbationes
3109 533 3271 610 sunt,
3305 529 3410 591 sed
3445 528 3691 610 privatio
3719 525 3915 588 sanita-

537 615 632 678 lus
667 615 1030 698 (intelligens
1081 617 1206 694 illa,
1271 625 1329 680 et
1389 617 1645 697 maligna
1701 621 1987 699 potestas)
2036 621 2201 701 quia

538 703 663 767 Deo
694 705 968 788 descivit,
1001 707 1102 788 qui
1137 707 1466 788 noquitiam
1529 709 1850 769 humanam
1881 709 2198 772 fabricatus

541 805 655 870 est,
681 805 739 858 et
761 798 890 877 ejus
902 816 1165 860 amorem
1183 797 1540 859 mortalibus
1555 799 1868 878 persuasit,
1886 799 2060 860 eosin
2077 818 2199 860 ser-

535 883 782 948 vitutem
817 905 983 949 suam
1021 886 1202 948 trahit
1234 906 1248 947 :
1298 885 1394 947 cui
1438 886 1620 966 (quod
1653 887 1852 948 animo
1883 896 1940 948 et
1970 889 2196 966 cogita-

539 973 701 1036 tione
725 973 1016 1054 videmus)
1045 975 1104 1037 in
1123 974 1550 1056 voluptatibus,
1572 975 1826 1056 rapinis,
1867 977 2111 1037 avaritia
2141 985 2198 1039 et

535 1064 816 1126 omnibus
842 1063 1173 1127 sceleribus
1203 1064 1477 1125 servilem
1512 1064 1574 1125 in
1600 1065 1839 1126 modum
1871 1073 2100 1146 parent.
2129 1065 2198 1126 Et

541 1153 689 1216 tales
723 1173 858 1216 cum
891 1153 1029 1228 sint,
1066 1173 1192 1234 eos,
1216 1152 1616 1234 impudentes,
1649 1153 2198 1234 etsuperbiores,et

536 1243 786 1304 stolidos
811 1244 1008 1304 reddit
1033 1264 1049 1319 ;
1073 1252 1136 1304 ut
1154 1262 1351 1324 neque
1373 1262 1437 1304 se
1462 1243 1576 1324 ipsi
1600 1242 1907 1304 vindicare
1942 1245 2191 1324 possint,

536 1349 730 1412 neque
751 1331 949 1394 aliude
967 1332 1255 1394 vindicari
1280 1333 1339 1392 in
1365 1331 1704 1394 libertatem
1731 1333 1938 1393 velint.
1971 1331 2195 1395 Omnes

531 1418 712 1500 igitur
731 1421 1096 1501 bujusmodi,
1119 1420 1243 1482 sive
1257 1421 1506 1492 ethnici,
1534 1428 1593 1482 et
1617 1424 1803 1484 Deum
1827 1421 2186 1500 ignorantes,

532 1509 657 1572 sive
688 1510 983 1584 inﬁdeles,
1023 1510 1148 1572 sive
1179 1511 1387 1572 ﬁdeles
1419 1509 1740 1574 Christiani
1771 1520 1826 1571 et
1850 1509 2184 1584 orthodoxi,

533 1600 771 1662 diabolo
802 1601 1154 1676 servientes,
1218 1601 1291 1662 ad
1349 1601 1476 1680 ejus
1533 1609 1752 1682 partes,
1789 1599 1891 1680 qui
1923 1600 2187 1680 ipsorum

531 1688 894 1762 dominatur,
931 1690 1255 1770 pertinent,
1317 1699 1493 1770 atque
1551 1709 1586 1751 a
1638 1691 1761 1752 Deo
1822 1688 2092 1769 projecti,
2129 1689 2185 1749 in

533 1777 712 1840 domo
744 1779 875 1859 ejus
904 1779 966 1840 in
1009 1786 1299 1841 aeternum
1355 1797 1599 1841 manere
1654 1797 1772 1838 non
1825 1785 2072 1856 possunt
2098 1777 2179 1838 Ἦ.

531 1868 706 1931 Unde
737 1889 949 1948 magna
982 1868 1102 1930 illis
1133 1869 1186 1928 vi
1225 1886 1374 1948 opus
1421 1880 1534 1943 est,
1569 1875 1632 1930 ut
1662 1887 1694 1928 e
1730 1866 2003 1928 manibus
2034 1867 2184 1947 ejus,

533 1959 632 2038 qui
653 1959 997 2020 servitutem
1023 1957 1168 2038 ipsis
1188 1958 1490 2038 imposuit,
1515 1964 1821 2019 eruantur.
1849 1956 1977 2016 Alia
1992 1967 2189 2018 autem

530 2064 646 2110 nec
694 2047 934 2109 inventa
965 2055 1073 2123 est,
1108 2065 1218 2108 nec
1248 2045 1503 2107 inveniri
1536 2047 1748 2127 potuit,
1788 2063 1899 2106 nec
1932 2052 2041 2120 est,
2077 2045 2193 2106 nisi

535 2133 806 2199 Christus
838 2137 942 2198 Dei
978 2137 1190 2199 virtus.
1218 2134 1279 2199 Si
1313 2154 1452 2215 ergo
1477 2140 1526 2196 is
1573 2134 1939 2216 liberaverit,
1972 2135 2052 2195 ita
2079 2135 2188 2196 de-

531 2246 696 2289 mum
729 2228 882 2290 liber
911 2227 1049 2304 erit,
1082 2228 1183 2308 qui
1243 2225 1531 2289 liberatus
1579 2235 1668 2289 est
1725 2226 1798 2288 ab
1850 2245 1920 2287 eo
1952 2226 2031 2284 98.
2069 2225 2193 2287 Erit

533 2318 693 2380 enim
727 2326 946 2391 castus,
1009 2317 1268 2391 sobrius,
1323 2316 1536 2388 bonus,
1594 2319 1810 2395 justus,
1845 2315 2184 2397 religiosus,

529 2407 849 2479 humanus,
883 2406 1034 2485 pius,
1058 2406 1421 2479 misericors,
1450 2405 1705 2486 patiens,
1730 2404 1996 2474 humilis.
2030 2422 2190 2465 man-

531 2505 758 2573 suetus,
787 2495 996 2558 alienis
1041 2495 1212 2557 malis
1269 2495 1501 2569 dolens,
1566 2492 1902 2572 continens,
1937 2492 2050 2553 hoc
2075 2499 2184 2568 est,

528 2604 671 2649 vero
702 2588 902 2649 homo.
933 2585 1040 2659 Qui
1082 2585 1175 2646 his
1219 2593 1448 2659 carent,
1481 2591 1583 2645 aut
1615 2584 1896 2663 pecudes,
1935 2590 2034 2643 aut
2063 2582 2188 2643 dae-

532 2684 912 2752 monessunt,
932 2675 1165 2738 etiamsi
1185 2673 1504 2737 Christiani
1533 2682 1592 2734 et
1607 2672 1916 2734 orthodoxi
1938 2670 2182 2747 fuerint,

533 2774 590 2827 et
612 2765 674 2827 hi
709 2765 961 2826 maxime
982 2764 1044 2824 in
1076 2782 1322 2824 examen
1355 2763 1620 2825 severius
1649 2761 2042 2841 adducentur,
2077 2778 2187 2821 nec

531 2853 797 2935 ipsorum
818 2853 1057 2926 vindex,
1086 2860 1143 2913 et
1163 2860 1423 2914 assertor
1445 2850 1716 2913 Christus
1729 2849 2049 2929 quidquam
2070 2848 2187 2910 illis

536 2941 829 3023 proderit,
862 2941 1003 3022 quia
1034 2941 1316 3001 nimirum
1349 2941 1669 3001 noluerunt
1699 2939 1828 3017 ejus
1871 2937 2056 2998 solius
2086 2955 2185 2998 re-

532 3031 961 3111 demptionem,
996 3031 1150 3091 hanc
1180 3029 1366 3091 Silam
1398 3027 1753 3097 libertatem,
1779 3027 1942 3087 omni
1972 3027 2185 3087 virtute

531 3119 794 3180 humana
826 3119 1140 3199 majorem,
1175 3127 1416 3200 propter
1445 3137 1621 3198 quam
1642 3135 1775 3178 cum
1810 3117 1969 3178 Deus
2000 3122 2178 3191 esset,
2203 3171 2242 3221 Ο

529 3207 709 3268 homo
735 3210 893 3269 nasci
917 3207 1188 3287 dignatus
1210 3215 1315 3277 est,
1345 3208 1542 3287 etejus
1565 3205 1749 3268 solius
1774 3224 1950 3266 causa
1973 3222 2181 3266 necem

529 3297 685 3358 ultro
720 3298 982 3374 pertulit.
1017 3296 1162 3358 Nam
1222 3295 1384 3377 quod
1449 3294 1686 3375 quidam
1725 3293 2086 3367 existimant,
2123 3294 2184 3352 in

528 3387 789 3448 humana
811 3396 1020 3449 natura
1047 3383 1547 3468 perturbationes,
1578 3391 1640 3444 ut
1661 3383 1832 3452 iram,
1869 3392 1928 3444 et
1959 3382 2185 3468 cupidi-

531 3483 716 3535 tatem
744 3467 1228 3554 ingenitas’esse,
1263 3492 1379 3533 non
1410 3473 1491 3534 ita
1521 3479 1609 3532 est
1636 3470 1920 3551 profecto.
1959 3467 2182 3530 Verum

528 3567 643 3632 ira.
667 3572 726 3625 et
747 3564 1039 3644 cupiditas
1054 3571 1174 3624 uta
1194 3563 1316 3624 Deo
1335 3569 1561 3622 naturae
1583 3569 1796 3620 nostra;
1817 3558 2172 3632 suntinsrtae,

525 3671 646 3713 non
696 3652 1195 3733 perturbationes,
1249 3650 1357 3711 sod
1402 3647 1556 3711 bona
1585 3657 1745 3723 sunt,
1781 3659 1838 3708 et
1865 3666 1967 3709 eos
1998 3647 2175 3708 homo

528 3741 915 3820 intelligentis
937 3750 1159 3802 naturae
1170 3758 1290 3800 suae
1306 3738 1786 3819 quandammodo
1803 3736 2176 3797 characteres

527 3849 562 3891 a
591 3850 822 3892 summo
853 3832 955 3895 illo
973 3831 1129 3891 bono
1153 3829 1414 3908 accepit:
1460 3846 1592 3908 quae
1621 3844 1956 3906 quanquam
1991 3824 2178 3886 brutis

527 3937 765 4000 quoque
795 3919 1195 3980 animantibus
1225 3918 1448 3990 insunt,
1509 3925 1567 3976 at
1628 3933 1746 3974 non
1805 3915 1919 3976 isto
1954 3913 2171 3976 modo:

525 4008 823 4087 siquidem
856 4017 913 4069 et
943 4027 1080 4069 caro
1139 4006 1240 4067 illa
1295 4004 1538 4086 quidem
1596 4011 1706 4076 est,
1738 4010 1936 4064 tamen
1967 4001 2176 4063 eadem

527 4114 664 4157 caro
694 4098 836 4157 feris
866 4116 932 4158 ac
968 4093 1297 4176 pecudibus
1332 4093 1578 4154 minime
1612 4100 1724 4152 est.

605 4188 756 4246 Sunt
785 4205 925 4246 sane
957 4185 1157 4245 inditae
1191 4183 1415 4244 homini
1457 4183 1569 4256 ira,
1630 4191 1686 4242 et
1718 4180 2032 4261 cupiditas,
2068 4180 2173 4242 sed

525 4274 700 4335 etiam
721 4293 911 4355 mens,
935 4293 1064 4354 quae
1089 4273 1350 4354 quandiu
1375 4274 1686 4332 sanitatem
1714 4289 1878 4332 suam
1902 4270 2169 4343 retinuit,

523 4364 616 4426 hae
647 4364 800 4425 intra
833 4374 1059 4426 naturae
1085 4382 1206 4424 suae
1239 4361 1524 4425 terminos
1582 4380 1650 4422 ac
1681 4361 1902 4423 limites
1933 4379 2172 4422 manse-

2282 619 2355 682 tis
2385 619 2590 694 animi,
2619 629 2861 700 propter
2887 638 3063 696 quam
3087 618 3177 681 ira
3202 637 3416 699 expers
3467 619 3546 680 sit
3575 617 3838 696 rationis,
3867 625 3916 680 et

2280 709 2572 790 cupiditas
2595 727 2825 782 amens,
2851 708 2972 776 illa.
2996 708 3262 788 inquam,
3290 708 3607 787 imaginem
3629 705 3915 788 perturba-

2280 799 2506 862 tionum
2540 798 2614 860 iis
2638 797 2915 878 imponit.
2943 797 3150 858 Anima
3177 797 3335 858 enim
3383 817 3564 859 unum
3594 805 3723 858 est:
3752 795 3916 874 idque

2280 887 2554 968 simplex,
2585 906 2697 948 nec
2758 887 3139 965 partitionem
3197 887 3538 960 admittens,
3602 893 3667 947 ut
3696 884 3915 945 intelle-

2280 977 2473 1038 ctuale
2497 976 2777 1057 quiddam
2801 976 3053 1052 scilicet,
3090 995 3200 1036 nec
3230 985 3318 1038 est
3333 975 3525 1056 aliqua
3552 972 3912 1054 compositio,

2280 1084 2383 1126 seu
2417 1065 2870 1145 coagmentatio,
2929 1066 3005 1127 ob
3067 1085 3242 1146 quam
3307 1065 3428 1142 pati
3485 1072 3730 1143 cogatur
3761 1061 3915 1123 sicuti

2281 1173 2494 1235 corpus
2510 1173 2576 1215 ex
2597 1165 2848 1234 quatuor
2871 1155 3184 1216 elementis
3197 1162 3562 1215 concretum.
3587 1150 3915 1215 necessario

2279 1243 2351 1304 ab
2379 1245 2575 1324 aliquo
2610 1243 2817 1304 horum
2850 1244 3122 1315 afﬁcitur,
3151 1243 3196 1304 si
3233 1244 3320 1304 vel
3355 1243 3638 1317 ahunbet,
3675 1242 3770 1304 vel
3795 1240 3918 1302 deli-

2278 1333 2414 1395 ciat.
2436 1333 2625 1396 Omne
2648 1333 2808 1394 enim
2835 1335 2989 1414 quod
3017 1334 3292 1408 afficitur,
3322 1335 3394 1395 ab
3425 1335 3621 1414 aliquo
3639 1332 3918 1394 afficiatur

2277 1443 2524 1484 necesse
2557 1432 2665 1486 est.
2701 1423 2992 1494 Quoniam
3054 1444 3194 1500 ergo
3253 1423 3397 1484 nihil
3435 1425 3610 1484 habet
3639 1423 3856 1490 anima,
3887 1439 3916 1481 a

2273 1531 2390 1592 quo
2431 1511 2702 1589 patiatur,
2729 1520 3078 1592 constatque
3102 1514 3291 1591 ipsam
3315 1512 3677 1592 simplicem,
3704 1512 3919 1572 incom-

2276 1601 2548 1681 positam,
2570 1601 2877 1663 divisionis
2911 1611 3227 1676 exsortem,
3259 1601 3711 1681 intelligentem,
3752 1620 3786 1664 a
3814 1620 3910 1662 cu-

2275 1689 2638 1770 piditatibus,
2676 1699 2732 1752 et
2763 1692 2851 1751 ira
2880 1691 3109 1754 ratione
3147 1691 3496 1752 vacantibus
3555 1697 3694 1770 pati,
3732 1692 3912 1752 unde-

2273 1797 2407 1839 nam
2439 1779 2551 1859 ipsi
2583 1779 2736 1840 istud
2774 1779 2912 1858 pati,
2955 1798 3088 1839 cum
3151 1799 3327 1840 omne
3383 1781 3537 1860 quod
3577 1781 3819 1859 patitur,
3851 1779 3913 1840 ab

2273 1868 2388 1927 alio
2431 1868 2738 1948 patiatur?
2766 1869 3076 1930 Invenitur
3103 1868 3283 1946 igitur
3312 1869 3428 1929 alia
3459 1869 3798 1947 intelligens
3826 1888 3918 1930 ua-

2274 1965 2408 2018 tura
2441 1957 2797 2031 daemonum,
2821 1957 2881 2017 in
2907 1957 3120 2038 ipsam,
3156 1958 3309 2038 quod
3346 1957 3680 2036 intelligere
3715 1978 3911 2039 possu-

2275 2064 2427 2115 mus,
2462 2045 2718 2118 irruens,
2753 2056 2811 2106 et
2869 2047 2928 2106 in
2991 2047 3352 2108 motionibus
3404 2049 3530 2127 ejus
3562 2049 3915 2110 naturalibus

2274 2133 2492 2214 quibus
2524 2153 2764 2215 semper
2792 2134 3004 2207 cietur,
3067 2137 3368 2212 negotium
3401 2156 3469 2196 ac
3500 2137 3829 2198 molestiam
3863 2137 3915 2198 ei

2273 2226 2573 2286 facessens
2617 2244 2686 2287 ac
2749 2225 3009 2286 tenebris
3063 2227 3416 2306 quibusdam
3476 2227 3702 2300 offusis,
3765 2227 3913 2288 illam

2274 2314 2456 2393 probe
2471 2333 2722 2378 cernere
2740 2335 2853 2376 non
2868 2315 3544 2395 sinens,desiderautem
3559 2325 3746 2393 recta,
3762 2335 3912 2392 vera,

2272 2420 2520 2483 quaeque
2554 2423 2774 2465 meram
2808 2403 3293 2482 imaginationem
3355 2415 3412 2466 et
3442 2406 3712 2466 umbram
3749 2423 3914 2487 atque

2271 2509 2536 2552 errorem
2591 2512 2707 2554 non
2740 2494 2982 2556 habent.
3021 2495 3256 2556 Etenim
3307 2496 3606 2556 naturales
3639 2497 3904 2558 humanae

2272 2588 2496 2640 naturae
2526 2581 2787 2651 habitus,
2820 2602 2854 2643 a
2905 2584 3069 2662 lapsu
3122 2582 3300 2664 primi
3363 2584 3626 2646 hominis
3656 2585 3731 2647 de
3764 2587 3910 2648 linea

2269 2669 2666 2743 deﬂexerunt,
2692 2689 2862 2732 mens
2885 2671 3179 2749 cogitatio,
3231 2672 3453 2752 opinio,
3491 2674 3736 2736 facultas
3769 2677 3907 2736 ima-

2269 2757 2548 2835 ginatrix,
2585 2779 2819 2833 sensus,
2873 2769 2931 2821 et
2987 2761 3048 2821 in
3106 2760 3322 2841 quibus
3380 2780 3578 2824 anima
3629 2764 3910 2845 tripertita

2270 2847 2652 2926 perspicitur,
2688 2869 2903 2929 nempe
2931 2869 3064 2929 pars
3096 2852 3218 2926 illa,
3256 2855 3310 2910 in
3345 2869 3460 2931 qua
3490 2855 3644 2914 inest
3669 2855 3811 2915 ratio
3843 2862 3902 2915 et

2269 2936 2620 3012 consilium;
2645 2946 2701 3000 et
2722 2939 2929 3012 altera,
2959 2938 3018 2999 in
3038 2940 3470 3020 quairacundia
3485 2961 3500 3017 ;
3517 2951 3575 3004 et
3590 2951 3889 3022 postrema,

2267 3025 2329 3084 in
2369 3043 2484 3105 qua
2512 3026 2882 3105 cupiditates,
2917 3027 3312 3108 libidinesque
3371 3039 3687 3092 versantur.
3716 3031 3895 3110 Atque

2268 3113 2493 3176 idcirco
2524 3116 2867 3178 ratiocinari
2913 3118 3152 3198 quidem
3197 3120 3374 3182 homo
3437 3130 3669 3201 potest:
3703 3121 3800 3182 sed
3829 3119 3900 3180 ad

2266 3213 2427 3265 recte
2455 3205 2926 3268 ratiocinandum
2960 3207 3277 3269 imbecillis
3335 3219 3441 3270 est.
3481 3211 3906 3290 Concupiscere

2270 3293 2508 3373 quidem
2548 3304 2757 3374 potest,
2791 3293 2896 3356 sed
2927 3296 3127 3360 stulte.
3187 3299 3370 3360 Irasci
3424 3299 3663 3379 quidem
3700 3307 3905 3380 potest,

2270 3381 2373 3441 sed
2409 3390 2634 3445 temere
2664 3384 2940 3446 irascitur
2971 3407 2983 3444 :
3019 3385 3272 3466 ideoque
3305 3405 3498 3461 sensa,
3533 3398 3903 3450 commenta-

2269 3471 2482 3547 tiones,
2509 3473 2843 3552 opiniones,
2867 3474 3344 3553 imaginationes,
3382 3476 3698 3539 sensiones
3730 3476 3910 3558 perti-

2264 3561 2456 3633 nacia,
2495 3563 2767 3637 distorta,
2804 3563 3100 3625 instabilia
3135 3572 3191 3625 et
3237 3565 3467 3627 lubrica
3496 3577 3652 3631 sunt.
3688 3566 3909 3640 Quam-

2263 3651 2475 3713 obrem
2535 3662 2758 3726 sancta,
2820 3653 3167 3718 intaminata
3221 3664 3280 3716 et
3337 3657 3722 3735 omnipotens
3759 3666 3918 3720 nata-

2259 3740 2411 3800 toria
2439 3743 2576 3802 .Iesu
2611 3743 2713 3803 llei
2747 3739 2935 3805 hosce
2976 3745 3306 3806 secundum
3365 3757 3635 3808 naturam
3669 3749 3910 3810 habitus

2260 3831 2524 3908 corrigit,
2583 3833 2917 3902 confirmat,
2973 3842 3033 3896 et
3091 3835 3456 3909 corroborat,
3521 3846 3578 3898 et
3629 3838 3706 3898 ob
3769 3839 3918 3900 hanc

2260 3936 2497 3979 causam
2529 3920 2622 3982 lex
2658 3931 2716 3983 et
2744 3924 2966 4002 regulae
3019 3923 3293 3986 divivitus
3352 3925 3503 3987 datae
3535 3936 3694 4003 sunt,
3728 3938 3792 3991 ut
3821 3928 3916 3990 in-

2261 4006 2603 4088 telligentiae
2628 4012 2944 4093 particeps,
2971 4031 3326 4094 semperque
3355 4015 3592 4078 mobilis
3622 4018 3833 4080 anima
3860 4021 3917 4078 in

2258 4098 2624 4160 motionibus
2655 4102 2777 4162 suis
2831 4102 3129 4181 legitimis,
3196 4102 3528 4184 divinisque
3585 4107 3920 4170 canonibus

2258 4192 2669 4267 temperetur:
2709 4209 2823 4270 quo
2855 4191 2914 4251 in
2971 4191 3044 4252 iis
3094 4192 3320 4271 jugiter
3374 4194 3665 4277 ambulas,
3708 4204 3920 4261 cernat

2257 4294 2390 4354 quae
2419 4287 2582 4338 recta
2609 4288 2768 4354 sunt,
2803 4299 3054 4361 eamque
3114 4281 3330 4342 decent
3365 4302 3378 4344 ε
3446 4293 3504 4344 et
3531 4285 3592 4346 in
3624 4286 3738 4348 hac
3769 4305 3917 4348 con-

2260 4365 2644 4446 templatione
2697 4369 3033 4443 exercitata,
3107 4379 3441 4432 vexatorem
3501 4391 3534 4433 a
3586 4392 3650 4435 se
3712 4376 3923 4453 fugere

519 4465 702 4529 runt;
755 4454 1050 4534 cupiditas
1079 4453 1150 4515 ad
1177 4471 1246 4514 ea
1277 4471 1412 4533 quae
1441 4451 1854 4541 intelliguntur
1869 4451 1985 4541 ADei
2016 4451 2172 4511 bona
2192 4456 2596 4529 Dcompellat,
2631 4465 2690 4518 et
2720 4476 2852 4518 cum
2886 4459 2946 4518 in
2981 4458 3176 4519 omnis
3225 4461 3486 4523 veritatis
3515 4451 3924 4541 comprehen-

516 4542 871 4623 respiciens,
906 4552 965 4604 et
992 4543 1230 4604 incitata
1289 4541 1401 4618 ira,
1462 4541 1648 4620 ipsam
1683 4539 2067 4620 cupiditatem
2096 4541 2169 4602 ad

515 4631 620 4693 illa
667 4633 1020 4711 generosius
1079 4633 1392 4712 captanda,
1454 4639 1512 4693 et
1569 4629 1641 4691 ad
1690 4630 2164 4705 ascendendum,

516 4723 761 4802 Deoque
783 4723 970 4802 magis
992 4740 1060 4783 ac
1087 4739 1272 4798 magis
1295 4718 1895 4801 appropinquandum
1920 4719 2172 4780 extimu-

512 4809 666 4874 lans.
701 4813 774 4872 At
806 4820 1117 4890 postquam
1151 4828 1321 4870 mens
1351 4807 1676 4880 debilitata,
1725 4816 1784 4869 et
1815 4827 1928 4888 qua
1959 4817 2167 4870 custo-

515 4899 791 4961 diebatur
821 4899 1074 4962 saniate
1124 4897 1372 4980 spoliata
1429 4905 1539 4973 est,
1603 4897 1672 4956 ad
1703 4897 1988 4958 inferiora
2017 4897 2164 4978 sola,

513 4995 578 5049 ut
602 4989 799 5050 vitiata
833 4989 1096 5068 deﬂexit,
1132 4999 1308 5068 atque
1363 4985 1590 5047 idcirco
1648 5003 1776 5066 quae
1819 4986 1980 5048 illius
2009 4985 2167 5046 haud

514 5080 833 5154 intersunt,
866 5078 1222 5158 insipienter
1269 5075 1653 5156 concupiscit,
1690 5083 1748 5136 et
1779 5075 1909 5135 sine
1936 5075 2166 5137 ratione

512 5162 791 5248 tanquam
852 5167 1011 5238 fera},
1075 5184 1142 5228 ac
1197 5165 1404 5227 bestiae
1462 5165 1760 5226 irascitur.
1796 5163 2165 5228 Christianus

509 5256 692 5336 igitur
745 5277 818 5320 ex
873 5256 1094 5321 Christi
1179 5253 1477 5318 consortio
1546 5272 1834 5335 recupera
1888 5256 2159 5329 sanitate,

507 5363 748 5409 rursum
781 5346 880 5408 illa
908 5348 1214 5408 duntaxat.
1249 5363 1502 5426 quorum
1535 5344 1725 5423 gratia
1758 5345 1866 5421 ira,
1899 5354 1957 5405 et
1986 5345 2161 5425 cupi-

2254 4543 2424 4606 sione
2457 4547 2774 4626 perfectior
2831 4548 3102 4621 evaserit,
3162 4549 3225 4610 in
3285 4551 3443 4613 velis
3500 4555 3919 4618 tantummodo

2254 4634 2724 4726 studiumiatque
2781 4656 3023 4718 operam
3080 4657 3248 4700 suam
3307 4642 3604 4703 cullocet:
3670 4664 3799 4726 quo
3831 4645 3918 4706 sic

2252 4721 2446 4803 ipsum
2471 4725 2648 4815 illum
2671 4726 3069 4805 legislatorem
3101 4729 3172 4789 ad
3207 4721 3712 4810 requiescendum
3739 4752 3925 4815 super

2253 4830 2316 4873 se
2336 4815 2612 4890 attrahat,
2635 4814 3153 4896 impleaturquein
3177 4817 3326 4897 ipsa,
3368 4821 3525 4899 quod
3557 4821 3792 4884 dictum
3821 4814 3924 4885 est

2250 4919 2285 4961 a
2301 4900 2584 4964 Domino:
2633 4905 2975 4982 Quidiligit
2992 4925 3107 4984 me,
3122 4925 3429 4970 sermones
3448 4928 3602 4972 meos
3615 4916 3918 4990 servabit,

2250 4995 2306 5082 et
2337 5009 2446 5072 ego
2478 4992 2735 5074 diligam
2763 5012 2921 5068 eum,
2957 5003 3010 5058 et
3069 4997 3471 5076 manifestabo
3501 5001 3554 5062 ei
3580 5004 3916 5082 meipsum.

2249 5081 2324 5142 Et
2346 5099 2452 5160 ego
2473 5088 2528 5144 et
2542 5084 2733 5145 Pater
2754 5085 3087 5161 veniemus,
3114 5091 3171 5146 et
3192 5090 3566 5151 mansionem
3579 5081 3752 5170 apud
3767 5110 3920 5156 eum

2245 5170 2540 5247 faciemus
2566 5172 2645 5230 29.

2326 5258 2452 5322 Hoc
2479 5264 2695 5325 animae
2726 5263 3068 5346 mysterium
3116 5265 3312 5328 omnis
3361 5268 3561 5330 saaculi
3591 5271 3780 5350 hujus
3812 5291 3916 5335 sa—

2245 5348 2792 5443 pientiaignoravit
2823 5374 2842 5415 :
2873 5372 3007 5443 quae
3055 5355 3346 5434 sapientia
3378 5357 3451 5418 ob
3483 5358 3541 5418 id
3575 5348 3761 5421 etiam
3802 5382 3916 5443 pa-

508 5433 661 5524 ditas
691 5446 915 5498 natura;
943 5435 1148 5497 inditae
1206 5443 1367 5524 sunt,
1426 5432 1810 5524 concupiscit.
1846 5431 1958 5504 Qui
1988 5452 2161 5524 secus
2241 5445 2366 5501 stus
2383 5431 2630 5503 rationis
2651 5431 3159 5524 eXSpersdicitur:
3181 5463 3319 5506 nam
3341 5448 3451 5508 hoc
3475 5451 3663 5509 solum
3683 5431 3920 5513 animae,

501 5522 663 5602 facit,
703 5526 970 5588 nondum
1001 5535 1093 5590 est
1141 5523 1532 5589 Christianus.
1592 5520 1724 5584 Non
1754 5527 1955 5605 itaque
1983 5523 2072 5585 ira
2103 5531 2160 5586 et
2239 5548 2520 5596 arcanum
2536 5540 2736 5616 pastus
2755 5520 2890 5598 cum
2915 5535 3148 5599 ratione
3171 5538 3524 5618 conjunctus
3545 5548 3656 5604 est.
3676 5539 3920 5606 Unum-

580 5687 644 5740 37
669 5686 846 5756 Joan.
872 5702 1000 5766 vm,
1031 5689 1136 5753 35.
1216 5683 1278 5741 98
1302 5683 1457 5752 Ibid.
1487 5684 1588 5752 36.
1671 5685 1732 5739 αθ
1757 5685 1929 5755 Joan.
1958 5703 2086 5768 xrv,
2117 5691 2226 5760 22.
