4160 6426
255 424 369 494 365
851 458 858 462 .
1727 415 2013 486 ORATIO
2051 414 2160 484 XI.
3521 386 3644 502 3σό

255 578 544 644 quemque
573 560 738 624 enim
768 561 977 631 Deum,
1005 555 1291 640 seipsum,
1316 564 1377 620 et
1401 555 1704 620 dmmones
1718 569 1894 618 nosse
1913 560 1957 611 Α
1977 552 2100 636 dat,
2122 561 2199 644 ut
2244 536 2614 639 corporatam
2646 563 2982 622 creaturam
3010 561 3301 642 aspiciant
3333 581 3348 628 :
3377 565 3634 632 alterum

259 643 501 734 oportet.
527 649 726 728 Illum,
759 659 824 713 ut
858 650 1202 740 Dominum,
1230 647 1449 740 quique
1478 647 1898 710 solussalvare
1979 643 2136 725 quod
2165 645 2748 740 intellectilelumen
2764 647 3006 740 dicitur,
3037 650 3308 716 Christus
3333 653 3515 733 Deus,
3533 658 3641 740 qui

255 733 450 823 possit.
471 739 698 817 Semet,
725 750 788 802 ut
813 739 1118 802 imbellem
1135 739 1417 800 adversus
1437 737 1693 811 hostem,
1717 751 1896 816 quem
1979 733 2316 814 aspectibus
2345 737 2819 817 intelligibilibus
2848 738 3048 814 donat,
3083 748 3149 802 ut
3171 750 3504 809 creaturam
3531 733 3634 809 in-

254 829 443 892 animo
464 829 752 892 videmus.
775 831 1105 901 Daemonas,
1121 823 1892 906 utbostesinaspectabiles,
1980 840 2332 902 corpoream
2347 826 2808 908 intelligibiliter
2819 836 3238 893 contueantur.
3258 829 3640 900 Nisiexortus

254 919 368 1000 qui,
398 919 559 1000 quod
589 918 943 982 admirabile
991 927 1102 992 est,
1165 925 1452 998 perpetuo
1509 933 1618 976 nos
1652 931 1756 994 per
1787 928 1897 973 nos
1979 911 2159 1005 fuerit
2187 915 2298 991 sol,
2346 935 2526 996 quem
2579 935 2794 980 sensus
2851 917 3112 998 attingit,
3167 920 3300 984 loca
3347 923 3544 1005 plana,
3579 933 3640 988 et

256 1009 406 1090 ipsos
437 1018 804 1090 oppugnant.
822 1007 896 1071 Ut
919 1007 1080 1069 enim
1103 1007 1362 1068 exterior
1379 1011 1653 1086 aspectus
1691 1009 1906 1082 praeter

257 1098 389 1160 solis
420 1097 618 1163 lucem
651 1099 725 1161 ad
758 1097 1071 1180 perspicue
1102 1097 1526 1176 evidenterque
1547 1093 1904 1174 dignoscen-

263 1187 389 1249 dum
421 1205 518 1250 res
545 1196 798 1268 quatuor
853 1186 1128 1268 requirit,
1157 1186 1406 1248 illaesum
1439 1183 1702 1258 oculum,
1732 1200 1902 1244 com-

265 1295 512 1338 mensam
531 1277 880 1352 motionem,
896 1296 1026 1338 com
1037 1294 1297 1337 mensam
1313 1273 1672 1342 distantiam,
1691 1288 1902 1352 purum

268 1384 448 1428 aerem
480 1387 494 1428 :
557 1368 645 1428 sic
705 1385 847 1429 sane
880 1375 938 1428 et
961 1366 1210 1428 interior
1237 1372 1510 1446 aspectus
1537 1371 1670 1442 eget
1701 1368 1902 1423 mente

269 1452 1895 1537 perfecta,motionecommensacontemplationis,quam

272 1546 366 1608 Dei
395 1545 568 1607 timor
587 1564 696 1608 ceu
727 1546 896 1607 freno
918 1545 1283 1618 moderetur,
1304 1553 1362 1606 et
1391 1542 1643 1624 quadam
1667 1539 1893 1602 intelli-

268 1633 418 1713 gibili
445 1635 604 1697 aeris
632 1636 912 1716 puritate,
945 1633 1262 1696 illuminati
1293 1651 1428 1694 vero
1457 1632 1704 1700 lumine,
1743 1628 1901 1710 quod

271 1742 487 1784 omnem
513 1724 814 1786 hominem
838 1725 897 1785 in
935 1723 1221 1785 mundum
1249 1723 1528 1785 virtutum
1561 1721 1899 1785 venientem

1985 1002 2235 1077 directa,
2256 1005 2380 1067 vias
2402 1025 2603 1087 puras,
2625 1015 2683 1069 et
2698 1005 2876 1070 sorde
2919 1017 3190 1072 vacantes
3222 1002 3401 1075 nemo
3422 1013 3588 1078 videt
3611 1031 3626 1078 :

1985 1090 2066 1154 ita
2113 1093 2232 1155 nisi
2262 1095 2350 1156 sol
2383 1113 2562 1176 quem
2590 1103 2791 1159 mente
2821 1097 3264 1177 cognoscimus,
3299 1119 3436 1165 sese
3466 1110 3641 1167 extu-

1985 1180 2146 1272 lerit,
2199 1182 2476 1272 vitiorum
2534 1183 2882 1266 praecipitia,
2943 1194 3000 1247 et
3057 1185 3352 1251 directum
3393 1191 3640 1272 justitiaa

1986 1271 2218 1345 callem,
2234 1271 2688 1355 divinorumque
2703 1273 3114 1338 mandatorum
3128 1278 3636 1357 pulchritudinem

1984 1361 2184 1456 nullus
2214 1361 2523 1456 perspicit.
2559 1361 2620 1426 Si
2681 1381 2847 1456 ergo
2875 1363 3249 1429 Christianus
3276 1371 3639 1456 reperiatur,

1982 1451 2082 1541 qui
2113 1469 2220 1541 per
2271 1452 2422 1514 viam
2483 1452 2884 1534 improbitatis
2946 1463 3149 1531 totam,
3206 1466 3309 1520 aut
3365 1477 3437 1522 ex
3470 1451 3635 1541 parte

1983 1539 2372 1622 ingrediatur,
2407 1541 2668 1606 necdum
2700 1550 2792 1604 est
2847 1542 3242 1608 Christianus.
3276 1545 3426 1611 Nam
3458 1539 3636 1614 Chri-

1983 1631 2212 1694 stianus
2238 1631 2311 1692 ab
2362 1631 2493 1712 ipsa
2545 1651 2768 1722 arcana
2825 1631 2936 1694 Dei
2983 1635 3347 1719 cognitione,
3382 1657 3498 1722 qua
3529 1658 3638 1721 per

1984 1737 2218 1782 sacrum
2233 1719 2528 1801 baptisma
2541 1720 2725 1783 imbui
2737 1729 2853 1798 tur,
2878 1722 3079 1785 divino
3090 1723 3372 1807 impletur
3386 1719 3636 1809 lumine,

275 1811 566 1874 illuminat.
587 1814 713 1877 Etsi
733 1832 862 1875 vero
885 1813 1211 1875 lioclumen
1229 1807 1904 1906 abscondiimpossibile
1929 1857 1966 1906 Β
1988 1819 2045 1906 et
2073 1809 2447 1906 illuminatus
2469 1818 2582 1887 est,
2603 1829 2685 1906 ‘ac
2716 1810 2954 1874 dicitur.
2989 1813 3177 1906 Atqui
3216 1816 3413 1880 omnis
3445 1819 3548 1900 qui
3577 1807 3653 1882 in-

283 1907 389 1972 est,
417 1902 557 1980 quod
591 1903 753 1964 nullo
782 1903 1138 1984 sepimento,
1191 1910 1290 1964 aut
1319 1901 1476 1963 nube
1507 1898 1901 1979 intercipitur,
1930 1898 1964 1906 ”
1995 1899 2218 1960 lumine
2249 1899 2537 1980 ambulat,
2596 1900 2795 1963 foveas
2849 1909 2906 1963 et
2960 1901 3322 1967 offendicula
3352 1898 3533 1972 videt.
3571 1909 3637 1972 Si

287 1997 380 2048 aut
402 1990 752 2069 prohibetur,
788 1998 985 2053 tamen
1018 1991 1174 2053 haud
1207 1992 1284 2052 ab
1313 1989 1659 2052 inﬁdelibus
1683 1988 1913 2049 anima-

285 2074 410 2151 bus,
430 2080 526 2139 sed
548 2079 703 2141 abiis
725 2081 944 2156 solum,
967 2081 1169 2162 quzein
1182 2081 1478 2144 Christum
1497 2078 1910 2154 crediderunt,

282 2165 515 2227 videtur.
541 2167 772 2232 Fideles
796 2189 974 2250 porro
997 2170 1210 2232 animae
1233 2172 1292 2231 in
1314 2169 1558 2231 veritate
1584 2179 1747 2241 sunt,
1783 2185 1915 2248 quae

277 2264 402 2335 post
425 2259 932 2335 regenerationem
962 2258 1147 2320 divini
1178 2267 1235 2321 et
1262 2258 1415 2320 sacri
1448 2257 1824 2338 baptismatis
1848 2257 1910 2316 in

271 2345 421 2406 nullo
453 2347 682 2426 penitus
727 2348 924 2427 magni
953 2346 1088 2425 Dei,
1120 2355 1178 2410 et
1210 2346 1526 2410 Salvatoris
1553 2346 1740 2408 nostri
1767 2343 1907 2407 Jesu

265 2431 473 2497 Christi
525 2437 868 2500 mandatum
955 2437 1520 2518 transgrediuntur:
1609 2435 1714 2498 sed
1771 2454 1907 2497 cum

264 2533 458 2586 sancto
484 2525 709 2588 Davide
732 2534 938 2608 optant
979 2527 1220 2591 dicere:
1268 2529 1356 2590 Ad
1385 2532 1592 2590 omnia
1623 2525 1912 2588 mandata

264 2620 362 2676 tua
378 2615 705 2694 dirigebar.
725 2616 974 2680 Omnem
988 2619 1147 2680 viam
1174 2619 1522 2698 iniquitatis
1543 2616 1678 2678 odio
1700 2614 1908 2688 habui,

263 2706 541 2782 quoniam
557 2709 766 2769 omnia
779 2708 1070 2770 mandata
1081 2714 1186 2770 tua
1196 2707 1517 2784 iusti/iam.
1533 2706 1740 2767 Omnis
1751 2706 1910 2765 enim

265 2795 364 2873 qui
381 2795 527 2871 facit
535 2796 875 2876 justitiam,
903 2795 1110 2858 scribit
1131 2797 1383 2858 dilectus
1413 2794 1804 2864 illeJoannes,
1830 2810 1908 2854 ea:

267 2883 384 2945 Deo
397 2891 678 2947 natusest
706 2905 720 2944 :
746 2887 854 2966 qui
864 2896 1062 2948 autem
1073 2885 1222 2966 facit
1233 2892 1654 2965 peccatum,em
1667 2881 1907 2946 diabolo

265 2972 438 3033 est3‘.
472 2972 744 3036 Fidelem
778 2975 978 3057 itaque
1010 2983 1069 3037 et
1123 2974 1425 3036 inﬁdelem
1459 2974 1732 3036 mandata
1778 2970 1907 3033 dis-

263 3059 550 3140 tinguunt.
615 3064 771 3126 Nam
829 3073 894 3125 ut
947 3065 1010 3126 in
1061 3063 1332 3146 quolibet
1387 3063 1604 3127 Christi
1633 3061 1908 3124 mandato

1996 2005 2116 2048 non
2145 1987 2322 2062 videt,
2356 2007 2466 2050 nec
2495 1988 2697 2050 lumen
2728 1988 2930 2052 habet.
2963 1990 3273 2063 Quomodo
3303 2013 3443 2074 ergo
3471 1994 3641 2060 Chri-

1997 2077 2226 2140 stianus
2247 2076 2385 2138 est?
2406 2076 2469 2140 Si
2489 2087 2684 2140 autem
2709 2097 2773 2139 se
2793 2078 2996 2142 videre
3017 2080 3292 2158 afﬁrmat,
3315 2091 3375 2146 et
3415 2085 3642 2148 nihilo-

2000 2165 2198 2227 minus
2228 2165 2580 2229 deliciarum
2627 2167 2930 2230 illecebris
2973 2170 3225 2251 capitur,
3260 2173 3642 2239 mendacium

1989 2251 2341 2342 dicit.Videt
2361 2253 2519 2316 enim
2537 2255 3041 2335 quemadmodum
3053 2258 3395 2338 quilumine
3408 2270 3637 2342 carent,

1989 2341 2049 2403 id
2079 2351 2189 2416 est,
2224 2342 2501 2404 inﬁdeles
2534 2359 2548 2404 :
2611 2350 2670 2405 et
2717 2342 2806 2404 illi
2836 2344 3058 2426 quippe
3095 2345 3250 2410 bona
3280 2356 3338 2410 et
3366 2341 3642 2414 malaiu-

1992 2440 2342 2496 ternoscunt
2371 2431 2638 2512 quidem,
2671 2442 3082 2497 verumtamen
3121 2453 3156 2498 a
3187 2437 3345 2500 malo
3377 2458 3498 2503 non
3528 2441 3642 2505 de-

1993 2522 2253 2584 clinant:
2290 2531 2606 2604 propterea
2638 2523 2796 2604 quod
2830 2543 2948 2602 non
2981 2544 3132 2605 pure
3181 2545 3252 2590 ac
3281 2528 3512 2612 liquido
3543 2531 3640 2594 vi-

1994 2613 2160 2690 dent,
2187 2612 2328 2693 quid
2353 2612 2595 2694 proprie
2619 2613 2844 2676 bonum
2865 2622 2965 2676 aut
2991 2615 3209 2678 malum
3230 2617 3328 2682 sit.
3367 2619 3444 2682 At
3463 2619 3647 2684 Chrid

1993 2703 2221 2764 stianus
2243 2701 2507 2783 quandiu
2535 2721 2656 2765 non
2690 2703 3025 2784 perspicue.
3057 2723 3127 2767 ac
3156 2705 3404 2788 limpide
3418 2711 3642 2774 malum

1995 2792 2208 2866 cernit,
2245 2793 2508 2853 nondum
2564 2792 2675 2854 fuit
2737 2791 3131 2859 Christianus.
3192 2797 3458 2861 Certabit
3497 2817 3639 2862 vero

1992 2891 2295 2945 certamen
2326 2883 2388 2943 in
2417 2882 2758 2960 gemitibus,
2788 2891 2847 2946 et
2874 2883 3153 2965 lacrymis
3177 2893 3236 2948 et
3269 2887 3542 2968 jejuniis,
3577 2897 3644 2953 ut

1992 2972 2106 3034 sibi
2136 2990 2341 3034 verum
2375 2972 2828 3054 perfectumque
2859 2974 3064 3036 lumen
3117 2975 3447 3054 lllucescat,
3481 2979 3650 3062 quod,

1993 3081 2238 3124 omnem
2268 3062 2579 3124 hominem
2601 3062 2662 3124 in
2692 3063 2852 3125 hunc
2883 3064 3175 3126 mundum
3207 3067 3544 3130 venientem
3575 3069 3646 3131 il-

271 3151 641 3231 exsequendo
675 3152 824 3216 ﬁdes
855 3161 912 3216 et
940 3153 1234 3216 confessio
1295 3153 1512 3216 Christi
1543 3158 1858 3213 exercetur
1889 3167 1967 3232 τε
1993 3151 2245 3214 luminat
2263 3150 2342 3227 δε,
2377 3159 2434 3212 et
2463 3150 2700 3213 habitus
2749 3151 2964 3214 animae
3007 3155 3305 3217 naturales
3335 3157 3642 3240 emendet,

277 3235 357 3297 sic
380 3239 942 3323 inunaquaqueejus
965 3243 1225 3305 mandati
1247 3243 1564 3304 violatione
1583 3240 1909 3302 inﬁdelitas
1994 3250 2171 3322 atque
2199 3241 2478 3314 illustret,
2514 3241 2837 3321 ﬁrmesque
2886 3259 2958 3303 ac
2999 3242 3225 3304 validos
3255 3243 3488 3322 reddat,
3523 3235 3640 3328 quo

283 3333 340 3384 et
360 3331 576 3415 negatio
591 3331 911 3394 invenitur.
937 3332 1332 3395 Credentibus
1345 3331 1595 3411 igiturin
1609 3330 1909 3395 Christum
1995 3331 2357 3393 voluntatem
2382 3328 2490 3391 Dei
2519 3329 2762 3407 bonam,
2800 3331 3318 3412 beneplacentem,
3342 3343 3404 3395 et
3434 3336 3638 3415 perfe-

284 3414 597 3494 animabus,
633 3429 690 3482 et
717 3422 846 3500 ejus
897 3422 1066 3502 jussa
1120 3423 1400 3503 legesque
1452 3421 1753 3484 custodire
1784 3427 1909 3481 sta-
1995 3428 2147 3482 ctam
2179 3419 2396 3493 videat,
2423 3427 2480 3480 et
2509 3419 2780 3480 eamdem
2813 3420 3028 3498 cupide
3057 3414 3457 3503 ardenterque
3481 3443 3643 3487 com-

288 3506 602 3593 tuentibus,
637 3529 738 3589 pro
769 3529 1044 3574 mensura
1075 3513 1214 3574 ﬁdei
1244 3519 1304 3574 et
1325 3511 1703 3583 obedientim,
1731 3529 1908 3590 quam
1998 3510 2311 3590 plectatur.
2337 3507 2449 3581 Qui
2473 3507 2634 3570 enim
2666 3507 2781 3568 vim
2815 3507 3118 3570 caelestem
3151 3527 3186 3570 a
3214 3519 3418 3572 sancta
3448 3511 3643 3593 bapti-

288 3589 519 3656 Chuisto
550 3608 844 3676 praestant,
877 3602 1053 3664 etiam
1079 3603 1199 3664 illis
1234 3611 1296 3664 ut
1345 3601 1584 3664 videant
1615 3589 1862 3679 largitur
1893 3623 1910 3673 ;
1997 3589 2204 3660 sinatis
2227 3596 2514 3659 uatatoria
2529 3615 2646 3658 non
2667 3606 3005 3679 senserunt,
3027 3589 3639 3680 quaevisregeneratio

291 3683 439 3772 quod
453 3687 682 3764 quidem
702 3690 926 3767 videre,
953 3700 1044 3754 est
1066 3693 1271 3754 notitia
1293 3711 1498 3755 eorum
1522 3710 1653 3772 quae
1676 3691 1916 3772 proprie
2000 3697 2058 3750 et
2078 3685 2403 3762 renovatio,
2432 3699 2490 3749 et
2510 3694 2574 3748 ut
2607 3705 2746 3748 vere
2784 3694 2894 3763 est,
2937 3687 3279 3751 reformatio
3324 3691 3504 3754 totius
3532 3692 3643 3755 ho-

283 3766 430 3862 bona
456 3784 587 3837 sunt
616 3785 679 3839 et
707 3797 839 3859 quae
871 3766 988 3840 non
1019 3789 1179 3856 sunt,
1240 3799 1488 3862 quaeque
1519 3766 1577 3841 in
1611 3766 1916 3840 malis-ha-
2004 3777 2184 3839 minis
2210 3784 2470 3852 vocatur,
2505 3775 2578 3837 iis
2607 3786 2743 3856 post
2771 3776 2897 3838 haec
2955 3785 3012 3838 et
3040 3778 3410 3844 institutione
3438 3789 3500 3844 et
3523 3782 3643 3844 im-

278 3857 481 3936 beuda,
506 3874 562 3926 et
582 3857 860 3948 quat—non
882 3869 1177 3944 habenda,
1203 3857 1280 3930 ne
1299 3857 1542 3932 exitium
1566 3887 1670 3950 pro
1693 3868 1909 3944 salute,
2002 3866 2295 3948 positione
2312 3865 2782 3928 venerandarum
2807 3884 3089 3929 manuum
3109 3886 3143 3929 a
3173 3869 3392 3931 sanctis
3419 3870 3647 3934 illumi-

266 3967 410 4014 neve
437 3955 701 4018 salutem
749 3975 852 4038 pro
904 3959 1086 4021 exitio
1144 3960 1528 4022 intueamur:
1593 3959 1700 4020 sed
1729 3957 1914 4021 veluti
1998 3965 2270 4037 natisque
2299 3974 2448 4036 opus
2479 3963 2590 4016 est.
2652 3954 2781 4018 Nisi
2837 3954 2995 4016 enim
3045 3955 3261 4038 cuique
3311 3957 3647 4023 Christiano

259 4057 387 4101 cum
411 4061 620 4107 aurum
645 4047 982 4128 projectum
1009 4049 1302 4126 videmus,
1327 4049 1399 4112 ad
1423 4049 1481 4111 id
1515 4049 1914 4128 colligendum
1998 4045 2286 4108 habitusa
2320 4051 2536 4106 natura
2567 4042 2904 4122 ingenerati
2934 4051 3108 4106 antea
3137 4046 3415 4128 correcti,
3451 4056 3650 4111 trans-

255 4132 622 4220 accurrimus
663 4152 681 4197 :
746 4145 804 4197 et
850 4137 1239 4219 praecipitium
1301 4139 1759 4220 conspicientes,
1796 4159 1917 4201 non
1999 4135 2229 4215 mutati,
2261 4141 2319 4195 et
2345 4133 2884 4214 aturpitudineeos
2901 4134 3258 4198 obscurante
3279 4139 3648 4218 perpurgati,

254 4216 393 4281 inde
423 4242 532 4286 nos
564 4216 1068 4306 prmcipitamus':
1101 4227 1186 4290 sic
1218 4216 1533 4291 cernentes
1562 4231 1667 4293 Dei
1701 4229 1917 4291 vulun-
2003 4226 2314 4306 solideque
2343 4225 2590 4286 stnbiliti
2620 4224 2862 4300 fuerint,
2897 4216 3411 4306 perdiﬁicile,imo
3432 4216 3656 4310 impos?-

257 4313 458 4388 tatem,
494 4323 790 4396 prompte
813 4315 886 4377 ad
906 4317 1070 4378 illam
1092 4317 1342 4381 ferimur
1365 4340 1381 4394 ;
1411 4328 1470 4382 et
1497 4319 1766 4382 videntes
1789 4341 1928 4402 pec-
2009 4315 2548 4378 sibileestomnino
2579 4315 3008 4391 cuivisanimae,
3025 4315 3653 4384 divinisvoluntatibus

259 4409 470 4508 catqm,
529 4425 828 4468 cavemus
881 4424 958 4469 ne
1013 4407 1076 4469 in
1132 4409 1194 4470 id
1254 4408 1586 4491 praecipites
1629 4410 1984 4508 abeamusn
2015 4406 2285 4487 obsequi.
2318 4407 2465 4508 Nam
2500 4404 2663 4486 prius
2691 4405 2848 4507 quod
2891 4404 3106 4508 ‘debile
3164 4414 3222 4508 et
3249 4417 3538 4508 aegrotum
3563 4418 3657 4474 est

259 4473 838 4576 confringanturque
860 4515 993 4558 ossa
1016 4473 1339 4573 nostra,'et
1361 4473 1557 4581 neque
1577 4501 1650 4563 ad
1685 4509 1920 4582 tempe-
1941 4473 1984 4522 D
2004 4473 2207 4559 sanato
2237 4473 2729 4576 conﬁrmatoque:
2763 4495 2843 4558 ita
2873 4495 3115 4558 demum
3146 4496 3218 4558 ad
3243 4497 3649 4562 ministerium

258 4584 530 4666 rautiam,
550 4603 764 4666 neque
787 4585 859 4645 ad
869 4585 1154 4666 justitiam
1174 4595 1330 4652 stare
1355 4590 1683 4670 possimus:
1715 4610 1921 4653 verum
2004 4587 2294 4649 accedere
2321 4585 2408 4646 fas
2438 4593 2548 4660 est,
2583 4584 2740 4666 quod
2771 4585 2935 4647 omni
2971 4585 3068 4646 cui
3099 4585 3476 4649 ministratur
3505 4608 3656 4651 con-

262 4685 582 4761 nonsecus,
610 4690 804 4756 quam
830 4675 1013 4754 quiin
1040 4675 1192 4738 lecto
1215 4677 1919 4761 decumbuntparalytici,
2006 4675 2189 4738 ducit.
2223 4673 2392 4748 Quod
2421 4675 2580 4737 enim
2639 4675 2833 4735 adhuc
2893 4673 3231 4737 morbidum
3262 4684 3376 4758 est,
3411 4677 3658 4742 cuilibet.

251 4757 448 4838 jacere
470 4764 745 4826 velimus
774 4763 1270 4842 inimmunditiis,
1295 4780 1356 4829 et
1394 4757 1660 4845 avaritia,
1686 4781 1743 4832 et
1762 4757 1922 4850 igau-
2008 4767 2155 4827 hero
2177 4763 2386 4828 inutile
2409 4772 2516 4826 est.
2553 4765 2640 4826 Ex
2670 4764 2780 4826 hac
2811 4764 3146 4840 ignorantia
3171 4757 3414 4845 plurimi
3443 4775 3659 4831 ascette

255 4848 1922 4938 deamuspotiusinstardelictorum,quorumdam,nulla
2004 4854 2342 4917 imbecilles
2373 4862 2430 4914 et
2489 4851 2757 4930 invalidi,
2813 4853 3032 4916 frustra
3088 4854 3386 4936 laborant,
3422 4864 3481 4919 et
3510 4856 3658 4919 dor-

254 4937 474 5005 idcirco
509 4942 806 5006 molestia
836 4943 1164 5028 doloreque
1194 4937 1410 5010 affecti.
1441 4947 1517 5012 Ut
1546 4951 1705 5011 enim
1736 4951 1925 5012 oculis
2007 4945 2199 5006 miunt
2219 4943 2391 5006 multi
2407 4943 2490 5018 33,
2519 4961 2668 5024 quos
2702 4941 2953 5025 proinde
2969 4951 3256 5008 aeternum
3281 4944 3431 5010 illud
3453 4945 3660 5010 incen-

257 5031 526 5113 subjecta
546 5043 844 5098 creatura
862 5035 1056 5097 omnis
1077 5037 1460 5103 continenter
1493 5039 1742 5124 lumine,
1763 5041 1925 5120 quod
2008 5034 2172 5099 dium
2201 5032 2517 5097 cremabit.

258 5124 541 5218 sentitur,
556 5124 834 5218 indiget,
867 5132 931 5188 ut
959 5125 1264 5218 videatur:
1295 5129 1421 5210 pari
1446 5132 1620 5194 modo
1647 5131 1929 5213 quaelibet
2628 5149 2910 5218 ORATIO
2940 5149 3042 5218 XI.

262 5211 367 5272 sub
397 5213 878 5294 intelligentiam
925 5216 1173 5279 veniens
1214 5227 1444 5294 natura,
1478 5211 1718 5302 semper
1745 5220 1905 5284 intel-

2613 5242 3046 5308 Ausonum.

885 5307 1112 5371 lumine
1162 5328 1315 5405 θριξε
1377 5310 1581 5391 habet:
1612 5301 1690 5376 7‘“
1730 5321 1930 5376 meme
2017 5338 2133 5421 Qui
2150 5338 2228 5421 de
2246 5301 3665 5421 prateritiseumnequidquam

260 5396 850 5476 comprehendatur.
997 5486 1012 5500 ἱ
1129 5485 1142 5498 ⁸
1269 5398 1278 5405 ’
1550 5489 1608 5500 __
1748 5491 1764 5500 .

2018 5396 2058 5414 ⁹
2070 5396 2311 5494 ’ἇοῖένὲξ
2327 5396 2454 5480 nisi
2471 5396 3662 5500 manumisitatumem:sua,

335 5486 466 5549 Duo
498 5487 743 5569 quippe
805 5493 942 5547 sunt
968 5485 1266 5582 _lumina,_
1311 5508 1496 5582 unum
1549 5489 1648 5582 hic
1677 5491 1790 5570 sol,
1830 5491 1934 5574 qui
2078 5517 2191 5582 per
2209 5485 2396 5580 quam
2412 5505 2638 5582 peccat,
2660 5485 2963 5582 ciC/triste
2990 5485 3340 5582 ﬂagitatam
3376 5485 3664 5582 accipiat;

257 5587 499 5638 sensum
533 5583 777 5652 movet,
811 5582 872 5639 et
929 5575 1059 5640 visu
1105 5578 1460 5662 percipitur,
1494 5580 1715 5666 quique
1743 5583 1934 5661 oculis
2078 5575 2476 5661 Quaecunque
2514 5577 2787 5643 homines
2822 5579 2892 5644 in
2931 5575 3048 5644 hac
3076 5575 3220 5645 'vita
3265 5575 3568 5662 aguntfsi
3593 5576 3676 5644 ad

332 5793 390 5840 ³ο
417 5793 587 5864 Psal.
619 5809 844 5876 cxvm,
875 5794 1016 5875 128,
1057 5797 1196 5860 172.
1281 5796 1590 5868 81Iloan.
1619 5817 1708 5884 in,
1738 5803 1802 5883 7,
1833 5803 1896 5870 8.

1989 5800 2037 5850 ⁵³
2059 5787 2230 5869 Joau.
2262 5817 2309 5879 ι,
2335 5799 2398 5868 9.
2481 5796 2592 5868 331
2619 5799 2762 5869 Cor.
2786 5792 2984 5885 n,"30.
