4160 6404
497 363 616 433 367

1822 374 2207 452 SYMEONIS
2245 379 2599 444 IUNIORIS

3776 378 3904 451 368

575 513 931 600 animarum
952 508 1278 600 sanitatem
1298 524 1373 600 eq
1391 524 1514 600 ηρη
1535 507 1908 600 ςοηάῑισαηι,
1935 513 2148 600 infmia
2170 530 2211 578 Α
2233 519 2431 589 tuum,
2451 516 2560 578 hoc
2572 523 2686 598 est,
2717 519 2923 596 gratis,
2960 527 3026 582 ut
3045 518 3278 584 habens
3298 520 3513 584 nomen
3537 521 3898 600 gloriosum,

574 590 999 671 esse._ideoque
1019 589 1254 652 morbos
1274 587 1628 668 spirituales
1648 606 1870 671 curare
1901 599 2145 668 Oporte-

575 691 662 815 νεὶ
699 668 1008 748 Quomodo
1029 677 1257 751 sponte,
1293 676 1352 732 et
1367 679 1590 750 prceler
1608 668 1976 734 voluntatem
2003 689 2146 751 pec-

519 773 522 776 ·
575 769 638 816 ce
664 771 763 816 ur.

578 872 642 935 In
677 871 977 953 lacrymis,
1003 878 1060 933 et
1082 887 1341 932 maerore
1362 869 1607 950 versari,
1635 878 1692 931 et
1713 870 1946 950 precari
1971 889 2004 932 a
2025 869 2147 932 Deo

499 963 974 1026 misericordiam
1005 963 1082 1023 ob
1109 960 1329 1022 delicta
1376 979 1502 1033 sua,
1558 959 2150 1040 pracedentibusque

500 1051 932 1116 oll’ensionibus
955 1059 1012 1111 et
1037 1051 1251 1112 erratis
1277 1048 1507 1110 veniam
1529 1068 1798 1129 poscere,
1825 1049 2050 1111 bonum
2082 1069 2149 1111 ac

501 1140 798 1205 laudabile
829 1148 957 1203 est:
993 1140 1098 1202 sed
1130 1139 1286 1200 istud
1320 1138 1469 1199 nihil
1501 1139 1774 1219 cuiquam
1809 1139 2149 1200 commoda-

499 1231 612 1309 bit,
632 1231 744 1294 nisi
759 1229 1027 1295 Christus
1048 1228 1564 1292 imbecillitatibus
1585 1231 1715 1308 ejus
1745 1229 2142 1292 mendicinam

498 1321 750 1386 fecerit:
776 1319 994 1402 quibus
1021 1318 1238 1382 ascribi
1272 1317 1471 1386 debet,
1498 1319 1657 1400 quod
1690 1319 1866 1380 etiam
1898 1337 2147 1398 peccare

498 1413 772 1493 nequeat.
799 1409 1089 1482 Quocirca
1113 1408 1406 1489 paenitens
1435 1409 1766 1490 quibusque
1797 1407 2140 1482 contendet,

499 1512 614 1565 uta
635 1500 871 1565 Christo
896 1500 1074 1581 vires,
1105 1499 1178 1560 ad
1223 1499 1572 1561 affectiones
1612 1498 1877 1561 turbidas
1911 1498 2148 1579 penitus

2231 611 2294 665 ut
2312 607 2677 682 misericors,
2706 616 2757 670 et
2773 607 3142 687 bene/"actor,
3170 611 3398 674 etsolus
3423 612 3706 674 medicus.
3723 611 3902 684 Quis-

2231 693 2367 772 quis
2421 695 2598 775 igitur
2653 699 3018 762 curationem
3089 709 3179 761 est
3255 710 3645 782 consecutus,
3707 703 3896 764 evasit

2233 782 2411 844 etiam
2437 783 2841 848 Christianus:
2886 808 2997 850 nec
3025 791 3084 850 in
3112 791 3309 870 seipso
3343 791 3652 865 gloriatur,
3688 794 3793 852 Sed
3827 791 3894 852 in

2234 872 2493 948 medico,
2517 876 2612 936 cui
2632 876 2760 938 dies
2784 887 3110 957 noctesque
3126 880 3341 958 gratias
3360 880 3500 958 agit,
3525 889 3667 942 etex
3689 879 3895 942 animo

2233 979 2296 1020 se
2322 964 2592 1026 humiliat
2654 966 2778 1027 Nisi
2806 968 2966 1028 enim
2995 978 3236 1030 sanatus
3269 970 3591 1045 invenitur,
3627 971 3896 1032 nondum

2231 1062 2469 1114 sanatus
2504 1063 2614 1129 est,
2649 1055 2722 1116 ab
2779 1055 3114 1134 ignorantia
3165 1058 3463 1133 videlicet,
3495 1060 3619 1120 sive
3652 1058 3889 1138 incogi-

2233 1141 2432 1229 tantia,
2466 1151 2525 1202 ut
2551 1145 2648 1223 qui
2682 1143 2928 1219 nesciat,
2964 1145 3102 1224 quid
3137 1145 3256 1207 Deo
3288 1146 3468 1228 dicat,
3522 1157 3579 1210 et
3617 1167 3762 1229 quas
3791 1148 3896 1208 in-

2236 1227 2548 1292 ﬁrmitates
2579 1233 2774 1294 sanari
2805 1233 3135 1296 desideret.
3172 1235 3338 1308 Quod
3369 1238 3419 1296 si
3455 1227 3589 1298 non
3625 1227 3892 1317 curatus,

2229 1327 2626 1400 purgatusque
2661 1321 2968 1394 moriatur,
3001 1325 3292 1401 gehennae
3325 1325 3580 1387 ﬂammis
3610 1326 3671 1387 in
3705 1344 3893 1388 omne

2227 1425 2413 1468 aevum
2439 1411 2654 1472 ardens
2681 1411 3042 1491 purgabitur.
3078 1412 3174 1474 Est
3203 1433 3339 1476 vero
3378 1434 3662 1496 perquam
3698 1417 3889 1477 mise-

2233 1496 2421 1559 rabile
2453 1501 2884 1579 spectaculum,
2934 1521 3068 1562 cum
3128 1504 3403 1565 homines
3436 1505 3757 1566 Christiani
3785 1505 3894 1566 diu

499 1590 857 1674 penitusque
882 1588 1608 1670 proﬁigandasimpetret,
1638 1609 1752 1670 quo
1778 1589 1898 1668 jam
1934 1587 2147 1648 sancti-
2233 1595 2532 1668 noctuque
2565 1589 2867 1650 clamant:
2927 1592 3134 1665 Vis-ita,
3189 1600 3246 1655 et
3293 1611 3446 1655 sana
3497 1595 3896 1674 inﬁrmitates

499 1678 829 1762 ﬁcatus,_ad
848 1679 1288 1761 exsequendam
1307 1678 1414 1740 Dei
1436 1680 1910 1751 voluntatem,et
1932 1676 2151 1740 Christi
2234 1685 2496 1754 nostras,
2532 1679 2834 1753 Domine;
2893 1687 2952 1740 et
3003 1682 3292 1742 Dominus
3352 1683 3446 1744 his
3502 1683 3729 1745 mederi
3765 1701 3889 1745 non

493 1774 661 1854 jussa
689 1770 1038 1832 facessenda
1069 1780 1263 1850 aptus,
1313 1778 1371 1830 et
1415 1768 1679 1830 idoneus
1736 1769 1857 1830 ﬁat.
1918 1767 2148 1828 Etenim
2176 1835 2212 1854 ἢ
2239 1773 2452 1845 potest,
2489 1787 2648 1848 cum,
2681 1786 2810 1848 qua}
2833 1767 2952 1829 sint
3007 1770 3273 1850 ipsorum
3333 1771 3708 1834 inﬁrmitates
3738 1781 3897 1852 (quae

497 1835 635 1923 ante
657 1835 1208 1934 sanctiﬁcationem,
1231 1835 1292 1920 id
1316 1867 1426 1933 est,
1453 1866 1588 1921 ante
1618 1857 1893 1938 adeptam
1929 1865 2154 1937 pertur-
2176 1835 2215 1884 Β
2239 1835 2448 1930 tantas,
2493 1863 2608 1918 tam
2633 1835 2647 1848 ’
2672 1835 2892 1932 multae,
2957 1835 3072 1919 tam
3144 1859 3316 1920 varias
3389 1871 3544 1933 sunt)
3593 1835 3888 1923 nesciant.

501 1949 806 2012 bationum
864 1949 1240 2025 vacuitatem,
1299 1947 1398 2028 qui
1456 1947 1771 2028 aliquando
1853 1965 1924 2008 ex
1981 1946 2156 2007 insita

501 2039 850 2114 inﬁrmitate
880 2055 946 2099 se
975 2037 1150 2119 culpa
1181 2037 1582 2113 contaminat;
1615 2036 1932 2117 aliquando
1966 2037 2155 2098 semel

501 2129 573 2191 ad
593 2127 810 2192 Christi
841 2136 1137 2208 prazcepta
1167 2125 1455 2188 servanda
1486 2126 1662 2205 cogit,
1697 2144 1877 2205 quem
1915 2125 2155 2186 tandem

499 2215 756 2280 fructum
789 2215 1064 2296 colligit?
1093 2217 1266 2279 Certe
1297 2215 1640 2295 aediﬁcanti,
1661 2225 1720 2277 et
1744 2233 1979 2276 rursum
2016 2213 2155 2275 redi-

501 2308 675 2370 ﬁcata
705 2305 1037 2368 destruenti
1068 2305 1281 2367 similis
1312 2313 1422 2368 est.
1459 2303 1680 2386 Itaque:
1711 2313 1937 2366 natura;
1966 2303 2155 2364 imbe-

499 2398 805 2460 cillitatem
839 2414 872 2456 a
899 2395 1130 2459 Christo
1161 2393 1358 2456 sanari
1409 2413 1656 2456 necesse
1716 2402 1826 2473 est,
1863 2393 1963 2470 qui
1995 2393 2156 2453 solus

498 2488 736 2552 advenit
759 2485 1027 2549 medicus
1050 2484 1124 2546 ad
1148 2483 1441 2547 tollendas
1489 2483 1866 2545 inﬁrmitates
1898 2491 2147 2553 nostras,

503 2578 784 2662 equibus
813 2583 900 2638 est
961 2575 1080 2650 illa,
1143 2574 1303 2635 unde
1358 2575 1416 2634 in
1468 2589 1711 2653 peccata
1742 2571 1973 2662 prolabi
2001 2590 2152 2632 con-

505 2661 826 2732 suevimus.
850 2664 960 2728 Hic
991 2673 1080 2726 est
1108 2665 1267 2726 enim
1296 2663 1496 2743 Agnus
1527 2662 1657 2736 Dei,
1694 2663 1792 2742 qui
1821 2661 1971 2722 tollit
2005 2679 2149 2740 pec-

499 2768 628 2822 cata
680 2757 910 2831 mundi,
971 2774 1103 2835 quae
1153 2762 1245 2815 est
1295 2762 1590 2834 corruptae
1651 2761 1875 2812 naturae
1934 2758 2150 2809 nostrae

499 2847 843 2910 infirmitas.
878 2847 1018 2907 Pest
1049 2842 1341 2906 Adamum
1375 2841 1603 2922 quippe
1661 2849 1904 2921 propter
1931 2839 2148 2899 inobe-

501 2936 742 2999 dientiaa
773 2935 965 2996 scelus
997 2951 1030 2995 e
1062 2931 1335 3011 paradiso
1367 2930 1650 3010 ejectum,
1687 2930 1864 2990 homo
1897 2927 2151 3008 quilibet

501 3043 678 3104 aeger,
712 3023 951 3096 debilis,
983 3023 1253 3083 inﬁrmus
1299 3029 1390 3082 est
1449 3019 1738 3082 redditus.
1770 3019 2150 3081 lnﬁrmitates

2237 1943 2373 2006 Haec
2404 1964 2583 2007 causa
2616 1954 2727 2025 est,
2768 1965 2876 2008 cur
2931 1947 3251 2010 Christiani
3302 1960 3571 2030 pereant,
3603 1952 3678 2013 de
3711 1970 3892 2014 meu-

2239 2033 2388 2095 dicis
2420 2045 2482 2098 et
2512 2035 2893 2117 pauperibus,
2929 2038 3004 2099 de
3035 2037 3263 2099 civibus
3323 2048 3381 2101 et
3440 2040 3776 2116 millitibus,
3813 2041 3896 2103 de

2238 2124 2571 2198 monachis,
2623 2124 2878 2199 clericis,
2942 2125 3231 2200 diaconis,
3295 2129 3729 2202 sacerdotibus,
3765 2130 3897 2211 epi-

2239 2213 2464 2293 scopis,
2494 2213 2866 2294 principibus
2894 2225 2952 2276 et
2981 2216 3221 2294 regibus
3264 2217 3483 2278 Horum
3512 2218 3899 2281 inﬁrmitates

2241 2301 2639 2363 communiter
2666 2321 2734 2363 ac
2765 2302 2939 2363 simul
3003 2323 3118 2365 uno
3177 2305 3431 2385 quodam
3467 2307 3894 2380 medicamine,

2239 2390 2453 2452 divinae
2481 2399 2703 2451 natura:
2732 2393 3153 2454 communione
3185 2394 3413 2456 scilicet
3435 2405 3742 2458 curantur.
3765 2397 3898 2460 Nisi

2239 2479 2396 2540 enim
2432 2481 2838 2562 unusquisque
2901 2482 3267 2545 Christianus
3301 2487 3630 2546 secundum
3655 2497 3897 2568 captum

2239 2569 2494 2649 propriae
2525 2570 2663 2630 ﬁdei
2691 2570 2905 2632 divinae
2937 2580 3158 2633 natum:
3189 2592 3433 2634 consors
3465 2575 3746 2651 fuerit“,
3785 2596 3897 2639 seu

2237 2657 2565 2736 perviliget.
2599 2676 2702 2719 seu
2755 2659 2920 2720 humi
2979 2660 3178 2732 cubet,
3239 2681 3344 2724 seu
3390 2663 3518 2724 dies
3567 2673 3896 2746 noctesque

2237 2747 2468 2826 psallat.
2505 2755 2561 2806 et
2585 2747 2845 2828 jejunet,
2881 2757 2936 2808 et
2987 2768 3196 2828 preces
3240 2750 3602 2830 frequentet,
3635 2753 3685 2813 si
3711 2755 3890 2816 incu-

2233 2845 2394 2895 ratus
2457 2839 2761 2912 manserit,
2824 2847 2989 2898 extra
3043 2851 3268 2919 partem
3346 2842 3568 2903 Christi
3622 2843 3773 2904 sicut
3827 2854 3893 2907 et

2234 2924 2530 3000 inﬁdeles,
2569 2935 2787 2988 manet.
2849 2925 3141 2998 Quoniam
3185 2929 3380 2991 omnis
3412 2931 3608 3005 homo,
3641 2932 3882 3010 sapiens

2234 3015 2542 3096 insipiens,
2578 3017 2917 3094 intelligens
2949 3018 3216 3096 obtusus,
3239 3022 3877 3103 prudensimprudens,

501 3133 679 3196 porro
738 3116 829 3175 has
885 3111 1269 3174 admirabiles
1330 3123 1490 3186 sunt,
1553 3110 1710 3171 inter
1767 3119 2040 3172 naturam
2089 3106 2831 3200 etceruditusindoctus,
2865 3108 3127 3171 urbanus
3183 3112 3467 3188 rusticus,
3519 3113 3678 3174 dives
3706 3132 3886 3175 mun-

499 3194 865 3268 voluntatem
913 3202 1361 3264 intercedentes
1396 3222 1409 3264 :
1470 3207 1532 3260 ut
1587 3216 2015 3280 nonnunquam
2075 3197 2146 3257 ad
2175 3194 2208 3200 “
2235 3194 2423 3270 divus,
2453 3195 2544 3256 cui
2577 3196 2732 3276 quod
2764 3196 2932 3257 adest
2962 3198 3202 3269 sufﬁcit.
3231 3201 3634 3280 etquilabore
3664 3203 3888 3265 victum

498 3303 794 3367 naturam,
830 3309 1257 3372 nonnunquam
1315 3289 1385 3350 ad
1445 3287 1757 3350 arbitrium
1787 3297 1846 3349 et
1877 3287 2147 3348 volunta-
2234 3284 2465 3366 tolerat,
2499 3304 2866 3367 quaecunque
2898 3287 2958 3348 in
2991 3289 3100 3350 hac
3131 3290 3249 3351 vita
3293 3310 3428 3352 cum
3463 3291 3686 3369 labore,
3725 3294 3895 3355 lassi-

499 3382 966 3446 temreferendas
989 3381 1316 3442 videantur.
1369 3377 1518 3440 Sunt
1546 3390 1746 3438 autem
1774 3377 1921 3438 istae.
1957 3375 2148 3437 Homo
2236 3374 2437 3436 tudine
2467 3383 2525 3436 et
2579 3395 2845 3437 aerumna
2901 3378 3187 3454 ellecerit,
3249 3381 3363 3441 nisi
3422 3383 3537 3443 huc
3588 3383 3784 3445 solum
3821 3401 3898 3446 ea

499 3473 689 3554 quivis
722 3473 852 3553 plus
883 3471 1079 3532 minus
1135 3469 1249 3530 alio
1296 3467 1568 3528 inﬁrmus
1625 3477 1712 3529 est
1743 3467 1815 3528 ad
1851 3466 2148 3528 sinceram
2233 3464 2518 3554 conferat,
2558 3475 2618 3526 ut
2647 3467 2776 3545 ejus
2827 3467 3028 3528 anima
3083 3469 3530 3533 inﬁrmitatibus
3578 3473 3795 3547 soluta,
3831 3481 3897 3535 et

500 3553 854 3626 charitatem
912 3557 1269 3622 Inﬁrmusad
1299 3555 2154 3619 noninvidendumJnﬁrmus
2233 3553 2552 3616 incolumis
2577 3555 2672 3630 sit,
2736 3574 2885 3617 vana
2940 3565 2998 3618 et
3045 3576 3411 3638 supervacua
3467 3570 3607 3623 sunt
3657 3561 3894 3637 omnia,

499 3654 570 3716 ad
605 3673 722 3714 non
754 3650 1227 3712 t-onviciandnm.
1262 3647 1538 3710 Inﬁrmus
1567 3647 1637 3708 ad
1672 3667 1788 3708 non
1816 3647 2148 3727 reprehen-

501 3743 788 3806 dendum.
815 3740 1096 3802 Inﬁrmus
1120 3739 1191 3800 ad
1225 3757 1342 3799 non
1361 3737 1752 3798 irridendum.
1782 3737 2055 3797 Inﬁrmus
2077 3735 2149 3795 ad

503 3851 621 3896 non
654 3829 1085 3892 mentiendum.
1126 3827 1402 3889 Inﬁrmus
1457 3827 1530 3888 ad
1589 3845 1707 3887 non
1745 3826 2147 3888 irascendum.

499 3919 777 3982 Inﬁrmus
824 3918 899 3980 ad
955 3937 1071 3978 non
1132 3916 1676 3996 concupiscendum
1724 3915 1992 3996 jucunda
2021 3933 2154 3994 qua

498 4011 680 4072 videt.
735 4009 1007 4070 Inﬁrmus
1063 4007 1136 4069 ad
1200 4006 1680 4087 temperantiam.
1742 4004 2022 4066 Inﬁrmus
2077 4005 2152 4066 ad

499 4099 796 4161 vitandam
829 4115 1034 4159 vanam
1066 4095 1335 4174 gloriam.
1371 4094 1650 4156 Inﬁrmus
1704 4095 1774 4156 ad
1808 4093 2150 4172 fugiendam

497 4187 832 4254 avaritiam.
856 4186 1134 4248 Inﬁrmus
1160 4195 1227 4247 ut
1252 4185 1397 4246 nolit
1419 4184 1574 4259 aliis,
1603 4192 1660 4245 et
1699 4182 2026 4264 aequalibus
2051 4190 2150 4244 aut

499 4276 852 4360 sapientior,
876 4286 977 4338 aut
1020 4274 1396 4357 prudentior,
1427 4282 1526 4335 aut
1559 4273 1880 4348 robustior,
1916 4282 2015 4335 aut
2047 4291 2152 4335 ce-

2237 3643 2598 3724 faciuntque,
2634 3652 2695 3704 ut
2723 3655 2886 3706 extra
2916 3663 3168 3723 regnum
3219 3652 3527 3714 ccelorum.
3565 3651 3724 3731 quod
3767 3661 3900 3713 tan-

2239 3735 2546 3795 tummodo
2576 3734 2808 3804 illzesas,
2836 3754 2904 3796 ac
2927 3737 3183 3816 sospites
3207 3744 3435 3800 animas
3466 3739 3749 3814 admittit,
3783 3760 3890 3803 re-

2234 3822 2556 3902 linquatur.
2591 3822 2878 3885 Caaterum
2911 3825 3105 3886 omnis
3155 3827 3380 3902 anima,
3434 3848 3563 3910 quae
3591 3829 3896 3909 praedictis

2234 3911 2457 3972 morbis
2487 3919 2719 3972 tenetur
2748 3913 3062 3989 implicita,
3119 3922 3176 3975 et
3222 3935 3427 3977 rerum
3461 3936 3593 3978 cum
3628 3936 3890 3998 corpore

2235 4001 2686 4080 conjunctarum
2718 4001 3159 4082 cupiditatibus,
3195 4014 3254 4066 et
3284 4017 3658 4068 terrenorum
3693 4026 3884 4069 mun-

2234 4091 2642 4172 danorumque
2670 4093 3154 4177 appetitionibus,
3206 4106 3262 4157 et
3294 4097 3501 4174 glorias
3529 4097 3879 4181 desideriis,

2235 4200 2347 4243 nec
2376 4199 2408 4241 a
2439 4181 2785 4262 semetipsa,
2811 4201 2920 4244 nec
2935 4189 3008 4245 ab
3034 4185 3374 4247 hominibus
3415 4186 3608 4248 curari
3639 4189 3889 4250 sanari-

2235 4291 2348 4353 que
2378 4292 2637 4354 unquam
2672 4283 2858 4352 potest
2892 4292 2904 4336 :
2964 4275 3066 4337 sed
3100 4295 3135 4338 a
3187 4277 3313 4338 solo
3345 4277 3619 4352 Domino,
3653 4296 3721 4339 ac
3763 4279 3894 4341 Deo

498 4367 745 4441 Iehrior,
779 4374 881 4428 aut
899 4365 1127 4426 honore
1150 4363 1387 4442 dignior
1408 4381 1563 4424 esse.
1593 4360 1871 4424 Inﬁrmus
1894 4364 1965 4423 ad
1991 4380 2151 4424 com-
2171 4400 2214 4449 ι)
2235 4362 2590 4425 nostroJesu
2615 4363 2872 4437 Christo,
2899 4363 2974 4425 de
3010 4384 3125 4442 quo
3169 4365 3456 4446 scriptum
3481 4374 3690 4438 exstat,
3716 4366 3893 4442 Quia

497 4455 970 4525 miserationem,
1005 4452 1078 4515 ad
1113 4451 1606 4526 misericordiam,
1640 4451 1714 4512 ad
1747 4451 2150 4512 communica-

497 4547 747 4624 tionem,
807 4545 877 4606 ad
936 4543 1155 4624 gratias
1238 4541 1362 4604 Deo
1446 4540 1682 4603 assidue
1740 4541 2020 4618 agendas,
2076 4542 2149 4603 ad

498 4634 921 4699 abstinendum
973 4631 1045 4695 ab
1105 4630 1268 4693 omni
1319 4630 1495 4698 malo.
1549 4630 1619 4691 ad
1682 4631 2147 4692 consectandum

499 4744 680 4789 omne
711 4723 930 4786 bonum
965 4742 980 4784 :
1032 4729 1096 4783 ut
1153 4719 1680 4802 quemadmodum,
1717 4737 1896 4800 supra
1921 4719 2144 4782 dictum

2233 4453 2363 4531 ipse
2387 4459 2635 4532 peccata
2663 4461 2877 4514 nostra
2907 4453 3074 4528 tulit,
3107 4455 3488 4534 inﬁrmitates
3518 4463 3728 4518 nostra
3761 4457 3894 4537 ipse

2231 4542 2578 4620 ρυνιαυίιῦὃ.
2610 4541 3646 4622 Sinamqueanimaahomiuummon
3666 4546 3890 4608 atheo-

2232 4648 2363 4691 rum
2397 4639 2456 4691 et
2512 4629 2884 4691 ethnicorum
2944 4631 3146 4705 modo,
3207 4632 3312 4694 sed
3375 4633 3552 4695 etiam
3611 4633 3890 4712 ipsorum

2233 4718 2621 4782 Hebraeorum
2653 4719 3052 4794 credentium,
3087 4721 3260 4783 facile
3295 4723 3627 4784 mundanas
3657 4723 3893 4804 cupidi-

501 4824 614 4890 est,
647 4833 805 4876 nunc
829 4811 1072 4894 quidem
1107 4828 1214 4891 per
1241 4809 1362 4872 vim
1395 4807 1600 4870 liberae
1628 4808 1966 4884 voluntatis,
1992 4827 2150 4871 nunc
2234 4816 2405 4880 tates,
2443 4821 2502 4872 et
2531 4810 2799 4872 carnales
2847 4811 3144 4890 appetitus
3201 4811 3400 4873 odisse
3433 4813 3784 4892 potuissent,
3825 4823 3889 4876 et

496 4922 607 4987 per
635 4910 862 4966 naturae
887 4898 1265 4984 tyrannidem
1321 4897 1594 4960 inﬁrmus
1622 4904 1801 4978 atque
1828 4896 2150 4959 imbecillis
2234 4903 2315 4960 ita
2343 4899 2550 4960 mundi
2584 4898 2912 4987 principem
2972 4899 3300 4980 diabolum,
3356 4901 3456 4982 qui
3515 4919 3623 4981 per
3651 4901 3753 4963 illa
3780 4902 3899 4964 im-

494 4986 796 5076 appareat.
1612 5074 1621 5076 _
2234 4988 2466 5067 perium
2498 4987 2705 5050 mortis
2737 4986 2916 5076 habet
2941 4987 3027 5063 56,
3065 4990 3354 5067 etiugere,
3391 4989 3608 5065 bonus,
3654 4990 3894 5052 miseri-

577 5079 751 5155 Quod
795 5097 929 5143 cum
957 5077 1038 5141 ita
1065 5077 1166 5158 sit,
1200 5077 1381 5139 hasce
1405 5074 1780 5137 inﬁrmitates
1810 5083 1867 5137 et
1898 5076 2148 5155 languo-
2233 5095 2365 5137 cors
2389 5085 2448 5137 et
2479 5076 2771 5155 benignus
2797 5075 2955 5138 Deus
3014 5077 3191 5139 homo
3224 5078 3378 5152 ﬁeri,
3414 5079 3799 5141 contumeliis
3831 5090 3896 5143 et

491 5191 591 5234 res
622 5171 768 5232 istos
785 5168 980 5231 curari
1017 5175 1282 5250 oportet;
1315 5183 1583 5248 quaerere
1611 5174 1813 5227 autem
1846 5165 2148 5226 medicum
2232 5167 2544 5228 tormentis
2573 5165 2750 5235 allici,
2775 5184 2842 5226 ac
2855 5176 3224 5245 permortem
3249 5173 3314 5229 in
3334 5169 3892 5248 infe-riorespartes

494 5279 528 5322 a
556 5280 673 5342 quo
706 5267 1011 5340 curentur,
1047 5256 1231 5336 magis
1262 5263 1517 5336 oportet.
1578 5254 1719 5316 Ideo
1781 5253 1952 5315 nobis
1982 5253 2149 5317 Chri-
2232 5255 2842 5317 temvedescenderem
2866 5257 3110 5317 omnino
3130 5256 3539 5319 nihilnecesse
3553 5258 3889 5321 habuisset.

497 5348 704 5411 stianis
729 5366 969 5430 precem
994 5346 1324 5429 supplicem
1346 5345 1602 5425 majores
1633 5345 2144 5426 praescripserunt,
2231 5347 2382 5408 Nam
2411 5344 2612 5406 odisse
2645 5343 2956 5420 mundum,
2991 5355 3051 5408 et
3082 5363 3151 5406 ea
3211 5365 3342 5426 quae
3370 5346 3431 5407 in
3465 5347 3688 5409 mundo
3721 5359 3890 5426 sunt,

495 5447 560 5500 ut
589 5437 858 5500 dicamus
887 5456 1130 5519 semper
1184 5435 1335 5518 Deo,
1393 5435 1454 5497 in
1513 5433 1873 5497 contritione
1901 5434 2098 5495 cordis
2131 5451 2144 5496 :
2235 5453 2486 5514 quaeque
2515 5435 2589 5496 ad
2620 5451 2862 5495 carnem
2898 5444 3185 5515 spectant,
3250 5435 3376 5498 sola
3406 5436 3618 5498 divinas
3647 5436 3890 5499 virtutis

506 5525 718 5604 Visita,
739 5533 798 5591 et
817 5528 1382 5608 sanainﬁrmitates
1409 5535 1648 5589 nostras
1667 5531 1914 5606 propter
1934 5541 2152 5587 nomen
2233 5520 2265 5585 J
2274 5543 2378 5587 esu
2408 5523 2860 5608 participatione
2891 5524 3206 5605 contingit.

571 5738 629 5790 ³*
655 5741 710 5806 ll
731 5741 896 5808 Patr.
926 5758 973 5827 ι,
1003 5743 1065 5807 ι.
1152 5743 1208 5792 ³⁵
1233 5741 1508 5818 Isthmi,
1536 5741 1608 5834 4.
1686 5737 1742 5784 ³⁸
1770 5735 1958 5806 Hebr.
1987 5751 2056 5823 tl,
2087 5737 2149 5830 tl

2274 5738 2330 5788 ετ
2356 5736 2543 5804 Eccli.
2572 5754 2740 5822 xxxv,
2765 5736 2870 5801 45.
