4160 6418
1588 388 1593 397 ’
1686 388 1691 391 ’
1726 371 2014 443 ORATIO
2054 369 2195 441 XII.

3537 360 3663 443 »το

344 500 506 594 Ergo
521 503 874 594 quicunque
899 505 962 568 in
992 505 1291 570 Christum
1319 507 1596 585 credunt,
1629 507 1748 572 nisi
1776 519 1915 575 ante
1934 520 1979 570 Α
1999 518 2245 594 propter
2267 510 2459 572 Deum
2507 505 2881 589 jejunemns,
2941 510 3047 568 aut
3092 500 3502 594 eleémos'ynas
3528 504 3673 571 i‘m-“

261 592 503 683 virtutis
526 592 661 674 ejus
689 595 911 659 auxilio
940 598 1260 678 mundana,
1309 605 1368 661 et
1397 600 1658 662 carnalia
1689 601 1927 663 medul-
2001 592 2360 683 perdamus,
2394 604 2495 661 aut
2521 593 2681 659 aliud
2732 594 3037 674 quippiam
3087 593 3382 658 bonorum
3409 612 3661 678 Operam

263 684 410 746 litus
435 682 678 745 oderint
708 704 1040 766 nunquam,
1073 686 1178 749 ulli
1211 689 1617 751 mandatorum
1653 690 1925 770 ejusdem

262 790 494 852 genere
518 792 751 834 morem
786 782 1083 855 poterunt,
1109 776 1262 838 sicut
1292 778 1544 857 legimus
1572 797 1587 841 :
1613 779 1864 842 Declina
1885 799 1925 844 α

263 862 457 937 malo,
478 871 536 925 et
550 864 651 940 fac
666 862 891 927 bonum
908 866 993 926 38.
1020 864 1098 927 Ex
1124 866 1341 947 quibus
1357 867 1655 949 sequitur,
1679 868 1928 931 creden-

267 963 393 1014 tem
428 953 488 1013 in
518 952 825 1017 Christum
885 964 1020 1016 ante
1077 955 1280 1018 omnia
1337 956 1556 1021 Christi
1619 957 1922 1037 virtutem,

264 1041 551 1125 gratiam,
613 1050 671 1103 et
728 1041 1201 1107 misericordiam
1260 1046 1525 1126 ﬂagitare
1581 1046 1827 1125 debere,
1860 1056 1927 1111 ut

270 1130 590 1205 mundum,
616 1134 987 1195 etmundana
1007 1136 1926 1218 carnalesqueconcupiscentias

271 1220 628 1295 detestetur,
665 1232 723 1283 et
754 1222 814 1284 in
847 1223 906 1285 id
940 1242 1181 1304 operam
1242 1226 1386 1289 dare
1414 1246 1549 1289 cum
1586 1228 1725 1302 fide,
1761 1237 1823 1290 ut
1853 1248 1921 1291 ea

277 1309 624 1386 detestatus,
644 1322 694 1373 et
706 1311 821 1373 iam
835 1332 1040 1374 eorum
1063 1315 1583 1379 mortificationem
1599 1335 1924 1399 consequa-

278 1407 394 1480 tur,
426 1418 558 1481 qum
586 1401 775 1463 solius
804 1401 930 1470 Dei,
994 1411 1105 1476 est,
1161 1404 1328 1485 juxta
1360 1406 1710 1487 Apostolum
1745 1424 1758 1470 :
1796 1407 1930 1487 Ego

272 1491 459 1564 enim,
488 1488 699 1570 inquit,
732 1492 1261 1569 mortiﬁcationem
1280 1493 1428 1558 Jesu
1447 1498 1514 1558 in
1537 1514 1783 1577 corpore
1802 1515 1931 1560 meo

269 1586 449 1660 porto
464 1579 550 1641 39.
588 1579 689 1642 ":13
717 1588 855 1641 sunt
884 1580 1006 1644 Deo
1033 1593 1211 1662 grata
1242 1584 1574 1663 petitiones,
1614 1587 1690 1648 de
1713 1584 1930 1668 quibus

272 1668 535 1733 Joannes
550 1668 908 1748 Theologus:
933 1673 1346 1755 Quodcunque
1354 1676 1710 1754 petierimus
1720 1694 1929 1739 secun-

280 1760 429 1820 dum
460 1758 828 1823 uoluntatem
868 1760 999 1841 Dei,
1058 1763 1238 1841 faciet
1287 1765 1459 1826 nobis
1485 1764 1568 1828 40.
1621 1763 1738 1826 Ista
1768 1765 1930 1827 enim

2011 700 2380 771 praestemus,
2415 686 2688 751 existima
2717 702 2821 748 eos
2849 688 2923 747 ad
2946 693 3207 748 nostram
3234 703 3369 749 sese
3390 685 3662 750 imbecil-

2008 780 2234 842 litatem
2263 776 2787 841 accommodantes
2815 776 2897 838 ita
2925 774 3123 856 loqui:
3184 775 3344 838 Deus
3372 777 3535 840 enim
3560 776 3665 860 qui

2009 870 2172 932 nulla
2186 888 2253 932 re
2278 876 2431 948 eget,
2461 865 2680 929 nullius
2703 865 2917 927 horum
2938 862 3185 945 indiget.
3205 862 3663 945 Omniaautem,

2010 978 2141 1039 quae
2172 959 2230 1020 in
2258 958 2390 1020 vita:
2416 956 2596 1038 hujus
2611 954 2909 1018 curriculo
2932 970 3066 1017 cum
3092 953 3309 1017 virtute
3337 955 3662 1035 egerimus,

2008 1047 2081 1109 ad
2116 1056 2380 1109 nostram
2438 1044 2756 1109 utilitatem
2812 1042 3149 1107 redundant
3204 1043 3335 1123 Dei,
3370 1043 3473 1128 qui
3502 1044 3669 1108 nulla

2006 1154 2073 1197 re
2102 1155 2251 1216 opus
2282 1134 2484 1208 habet,
2518 1133 2665 1196 nihil
2696 1134 3014 1196 intersunt.
3051 1131 3196 1195 Nam
3254 1137 3353 1215 qui
3402 1135 3663 1215 jejunat,

2009 1232 2065 1285 et
2090 1225 2192 1305 qui
2223 1242 2360 1287 sese
2384 1223 2646 1298 afﬂictat,
2682 1230 2742 1285 et
2771 1225 2871 1303 qui
2919 1220 3333 1302 eleemosynas
3364 1221 3660 1304 dispertit,

2010 1322 2073 1375 ut
2103 1315 2547 1377 miserationem
2583 1321 2642 1375 et
2672 1311 3147 1374 misericordiam
3182 1312 3291 1376 Dei
3322 1330 3664 1396 consequa-

2012 1416 2127 1477 tur,
2163 1406 2287 1467 baac
2317 1405 2513 1479 faciet,
2549 1411 2608 1465 et
2662 1402 2760 1465 hic
2822 1401 2931 1466 Dei
2988 1401 3232 1482 benigni
3261 1402 3458 1466 cultus
3487 1412 3669 1487 atque

2011 1494 2365 1578 obsequium
2397 1504 2508 1559 est.
2542 1497 2693 1559 Nam
2727 1493 2778 1556 si
2808 1494 2869 1555 in
2927 1493 3058 1556 loco
3089 1494 3220 1556 vitae
3247 1494 3427 1575 hujus
3455 1496 3667 1576 caligi-

2010 1601 2192 1656 nosae,
2228 1603 2297 1646 ac
2330 1585 2521 1665 plenae
2548 1581 2928 1645 oﬂ'endiculis
2945 1601 3065 1643 non
3087 1581 3348 1644 libenter
3365 1584 3669 1664 angustia-

2013 1691 2167 1747 mur,
2199 1692 2311 1736 nec
2342 1684 2573 1737 naturae
2602 1680 2819 1734 nostra;
2847 1670 3044 1734 socios
3092 1670 3482 1734 misereamur
3511 1676 3670 1737 Deus

2015 1761 2271 1823 VICISSIm
2304 1761 2720 1825 misericordia
2750 1769 2808 1822 et
2839 1760 3361 1823 commiseratione
3379 1780 3488 1824 nos
3511 1763 3671 1826 haud

289 1851 412 1911 sola
440 1850 712 1913 homines
742 1853 815 1913 ab
848 1871 913 1914 se
944 1872 1155 1933 rogare
1198 1855 1321 1916 vult
1349 1854 1504 1918 Deus
1537 1877 1552 1917 :
1614 1857 1717 1938 qui
1749 1857 1929 1918 nimi-
1952 1850 1993 1899 Β
2019 1849 2314 1929 dignatur.
2350 1851 2462 1925 Qui
2494 1850 2656 1915 enim
2685 1851 2865 1913 homo
2896 1848 3161 1912 hominis
3186 1869 3305 1912 non
3323 1851 3668 1936 miseretur,

291 1955 422 1999 rum
446 1941 514 2000 ad
537 1949 810 2003 aeternam
828 1960 1035 2004 eorum
1048 1943 1296 2005 salutem
1308 1947 1753 2007 accommodata
1769 1954 1926 2009 sunt.

297 2025 568 2099 Quandiu
596 2029 788 2107 igitur,
837 2030 1054 2111 cuique
1082 2032 1197 2093 vita
1226 2033 1586 2114 suppeditat,
1620 2052 1694 2096 ne
1725 2034 1840 2096 alia
1868 2034 1931 2096 in

294 2133 363 2177 re
395 2125 605 2196 praeter
628 2119 775 2180 hanc
806 2121 1095 2194 studium,
1155 2123 1731 2204 occupationemque
1761 2142 1929 2185 suam

291 2215 598 2268 consumat
627 2230 640 2272 :
699 2210 759 2270 in
792 2210 902 2271 hac
935 2210 1215 2273 omnibus
1244 2212 1454 2274 diebus
1484 2212 1621 2275 vitae
1650 2233 1775 2275 sua;
1804 2214 1930 2276 ela-

286 2295 480 2369 boret,
520 2306 581 2357 ut
609 2299 806 2361 anima
861 2301 991 2382 ejus
1043 2321 1322 2383 supremo
1378 2302 1483 2367 illo
1540 2303 1659 2378 die,
1694 2304 1931 2385 quando

277 2385 549 2447 effundet
578 2396 908 2450 extremum
943 2391 1211 2467 halitum,
1278 2390 1430 2455 bene
1478 2393 1931 2474 valens,jomni-

278 2494 398 2556 que
420 2477 623 2538 carnis
681 2496 750 2539 ac
810 2480 1017 2541 mundi
1071 2483 1283 2543 atl'ectu
1342 2484 1617 2564 expedita
1646 2503 1716 2546 ac
1746 2484 1937 2547 libera

275 2564 644 2643 inveniatur,
706 2570 1104 2631 necessarium
1167 2581 1256 2634 est
1319 2572 1522 2653 itaque
1571 2592 1700 2635 eam
1734 2592 1939 2636 sanam

275 2673 435 2729 esse,
469 2674 542 2717 at:
573 2666 900 2736 potentem,
960 2673 1019 2722 ut
1055 2679 1160 2742 pro
1191 2680 1334 2723 sana
1373 2660 1605 2725 Christo
1635 2662 1938 2738 inserviat,

275 2753 750 2828 sanctorumque
797 2769 866 2811 ac
920 2749 1255 2812 divinorum
1313 2753 1445 2832 ejus
1501 2762 1933 2834 praeceptorum

277 2837 585 2916 operatrix
615 2838 692 2899 sit
725 2858 739 2901 :
773 2849 834 2900 ut
887 2859 1020 2902 cum
1070 2841 1142 2903 ad
1196 2840 1358 2904 illius
1389 2842 1648 2905 tribunal
1678 2843 1932 2917 steterit,

277 2944 393 2988 nec
426 2926 769 2990 erubescat.
805 2928 864 2990 Id
896 2930 946 2991 si
973 2930 1194 2993 factum
1255 2951 1373 2993 non
1407 2932 1603 3008 fuerit,
1635 2941 1696 2994 at
1721 2933 1932 2996 saltem

278 3018 570 3097 sospitem
607 3036 741 3080 eam
800 3019 1053 3082 inveniri
1112 3040 1358 3084 necesse
1414 3034 1526 3097 est,
1589 3041 1665 3084 ne
1696 3022 1936 3085 morbos

283 3107 412 3186 ejus
440 3109 738 3183 gehennae
787 3108 943 3188 ignis
997 3120 1331 3193 corruptus,
1392 3111 1626 3173 camino
1672 3130 1802 3183 suo,
1837 3114 1938 3194 qui

290 3172 588 3276 dunquam
622 3172 1034 3278 exstinguitur,
1071 3172 1370 3284 cohibeat,
1403 3208 1462 3263 et
1503 3200 1634 3263 sine
1665 3201 1785 3262 ullo
1820 3172 1998 3263 fijneC

297 3301 521 3349 exurat.
551 3288 862 3349 Sententia
908 3289 1203 3370 siquidem
1255 3291 1545 3370 gehennae
1593 3298 1801 3352 natura
1831 3311 1939 3354 sua

300 3391 401 3462 eos
430 3385 649 3436 tantum
711 3388 903 3459 potest
952 3381 1268 3461 attingere,
1328 3399 1580 3462 quorum
1623 3380 1836 3443 animae
1863 3382 1937 3444 ad

300 3461 564 3524 futurum
585 3465 722 3527 illud
746 3469 1030 3530 saeculum
1058 3470 1327 3531 sanitatis
1348 3461 1934 3552 expertesabierunt.

298 3553 451 3616 Nam
485 3567 775 3633 peccatum
814 3579 886 3620 ex
936 3560 1291 3635 voluntario,
1347 3570 1405 3623 et
1458 3580 1576 3622 non
1608 3562 1939 3625 voluntario

302 3643 709 3722 proﬁciscitur,
736 3667 805 3710 ex
836 3656 1114 3730 utroque,
1157 3650 1422 3732 inquam.
1461 3649 1714 3713 Videtur
1743 3652 1941 3734 itaque

302 3745 605 3815 peccatum
630 3739 794 3818 quasi
816 3759 952 3802 esca
973 3741 1265 3822 quautam,
1295 3741 1367 3803 ad
1391 3760 1567 3823 quam
1601 3762 1737 3805 cum
1771 3763 1943 3807 mens

296 3825 473 3887 modo
495 3829 748 3907 quodam
783 3829 1137 3910 intelligibili
1170 3849 1235 3891 se
1266 3830 1590 3906 inclinarit,
1608 3832 1937 3896 animarum

292 3926 602 3998 tyrannus,
627 3937 805 3999 quem
824 3920 1046 3994 animo,
1071 3939 1185 3983 non
1201 3921 1731 3997 oculiscernimus,
1746 3922 1938 4003 ipsam

288 4029 322 4071 a
351 4019 522 4090 tergo
552 4010 785 4090 incitat,
822 4020 884 4072 ut
930 4030 995 4072 se
1047 4011 1147 4073 illa
1200 4030 1335 4072 esca
1392 4010 1619 4086 farciat,
1653 4031 1773 4093 quo
1808 4031 1941 4093 pec-

285 4108 484 4164 catum
512 4118 582 4161 ex
615 4099 941 4161 voluntario
1002 4120 1106 4181 per
1160 4100 1622 4164 involuntarium
1654 4119 1940 4163 consum—

286 4198 515 4253 matum
540 4188 897 4251 inveniatur.
925 4189 1294 4271 Quapropter
1310 4189 1600 4270 sapientia
1616 4190 1721 4253 Dei
1745 4190 1943 4254 Chris—

287 4289 382 4341 tus
414 4277 711 4360 principia
732 4286 1122 4359 peccatorum
1187 4278 1377 4353 elidit,
1415 4286 1477 4340 ut
1506 4297 1701 4360 neque
1730 4279 1938 4360 cupia-

291 4392 447 4447 mus,
482 4390 680 4452 neque
710 4370 1069 4432 intueamur.
1100 4369 1330 4432 Etenim
1354 4388 1488 4431 cum
1511 4369 1569 4430 in
1588 4368 1937 4450 cupiditate,

294 4472 353 4526 et
381 4470 628 4542 aspectu
662 4460 891 4541 peccati
922 4459 1120 4521 anima
1153 4458 1354 4532 fuerit,
1389 4458 1631 4521 difﬁcile
1657 4476 1722 4519 se
1752 4466 1946 4539 potest

292 4560 587 4623 avertere,
648 4549 800 4631 quod
860 4569 893 4611 e
937 4548 1181 4628 vestigio
1234 4548 1558 4623 daemones,
1621 4547 1795 4609 citius
1823 4547 1943 4610 ictu

298 4642 455 4706 oculi
485 4659 615 4703 eam
649 4639 975 4721 impellant.
1013 4640 1096 4701 Ac
1155 4637 1491 4700 necessario
1524 4636 1719 4698 omnis
1747 4638 1948 4700 anima

293 4751 570 4796 accesum
596 4732 667 4793 ad
701 4733 825 4793 haec
856 4731 1057 4810 fugere
1104 4728 1300 4790 debet.
1360 4727 1521 4807 Fuga
1579 4736 1772 4789 autem
1828 4747 1944 4790 non

293 4823 437 4899 alia,
467 4829 578 4898 est,
615 4821 729 4883 nisi
761 4829 823 4881 ut
855 4839 970 4899 non
1002 4822 1411 4899 concupiscas.

902 4898 1185 4965 ORATIO
1213 4897 1339 4962 XII.

916 4986 1344 5044 Anounmrun.

292 5065 365 5131 Si
392 5063 545 5142 quid
563 5063 705 5127 boui
725 5065 937 5127 uolitat
953 5062 1153 5135 homo,
1173 5062 1234 5123 id
1248 5064 1762 5142 totumpropterse
1785 5059 1947 5121 acti-

378 5140 529 5206 tare.
552 5143 744 5208 Undat
761 5140 1944 5223 ognoscatui'Jejum'um,eleentosyitam,

376 5228 707 5289 orationem
749 5218 991 5306 plectra
1018 5218 1168 5306 Deo;
1197 5218 1510 5298 Quomodo
1537 5218 1944 5306 psallendum}

376 5300 944 5388 Sancti/irationem
958 5354 973 5383 ,
997 5312 1057 5366 et
1079 5302 1535 5388 libertatemper
1552 5300 1725 5381 ﬁdem
1747 5304 1952 5388 arqui-

377 5390 460 5451 ri.
501 5383 916 5451 Psalmodiam
946 5383 1619 5465 proprielzumilitutem
1635 5396 1782 5444 esse.
1805 5383 1952 5455 Quia

377 5487 473 5554 (es
500 5468 1259 5554 gratiamrmstinguam.“
1307 5552 1313 5554 _
1538 5541 1591 5554 Η
1672 5541 1711 5554 υ

374 5541 615 5624 Quoties
647 5547 920 5613 audieris
951 5541 1189 5608 sanctos
1220 5544 1423 5607 Patres
1454 5541 1627 5605 nobis
1655 5541 1945 5617 dicentes,

2015 1962 2126 2005 nec
2161 1945 2361 2025 justus
2409 1946 2567 2008 Deus
2625 1942 3030 2008 miserebitur.
3084 1942 3197 2017 Qui
3253 1950 3448 2006 autem
3482 1943 3675 2009 libere

2015 2044 2243 2113 peccat,
2278 2053 2391 2097 nec
2441 2035 2709 2098 dolorem
2756 2032 2834 2095 ob
2890 2032 2951 2094 id
3006 2032 3289 2115 concipit,
3320 2035 3453 2115 ejus
3480 2034 3673 2098 vicem

2018 2122 2358 2186 misericors
2379 2125 2570 2204 judex
2627 2123 2875 2186 minime
2932 2120 3180 2183 dolebit.
3245 2121 3433 2186 Nemo
3473 2124 3674 2206 itaque

2016 2230 2150 2273 cum
2183 2213 2490 2294 quidpiam
2520 2233 2591 2277 ex
2622 2213 2837 2274 virtute
2865 2210 3030 2287 facit,
3057 2219 3305 2293 propter
3327 2215 3538 2288 Deum,
3565 2213 3674 2277 sed

2018 2310 2260 2382 propter
2288 2322 2453 2365 suam
2484 2302 2678 2385 ipsius
2736 2301 2991 2363 salutem
3051 2319 3117 2362 se
3179 2301 3239 2362 id
3272 2301 3673 2366 facerefarbi-

2019 2401 2225 2453 tretur.
2259 2391 2385 2454 Hoc
2417 2393 2711 2474 siquidem
2743 2390 2961 2465 sciens,
3023 2397 3083 2452 et
3139 2390 3426 2461 sentiens.
3461 2399 3518 2455 et
3552 2411 3681 2455 non

2023 2483 2242 2560 poterit
2268 2482 2573 2564 quidpiam
2605 2480 2748 2544 boni
2805 2487 3152 2560 perpetrare
3209 2488 3273 2541 ut
3299 2480 3375 2542 ab
3408 2481 3674 2545 homini-

2023 2570 2156 2645 bus,
2192 2573 2298 2633 sed
2332 2581 2556 2636 tantum
2590 2578 2654 2635 ut
2682 2570 2756 2632 ab
2786 2568 2978 2634 oculis
2999 2582 3301 2650 nunquam
3325 2570 3678 2634 dormienti-

2023 2659 2133 2722 bus
2165 2663 2396 2724 occulta
2423 2659 2839 2740 cognoscentis
2866 2657 2972 2721 Dei
3004 2657 3287 2720 videatur.
3327 2658 3472 2722 Nam
3493 2660 3674 2724 Chri-

2020 2747 2270 2823 stianus,
2304 2750 2798 2831 potissimumque
2828 2748 2930 2830 qui
2978 2746 3040 2809 in
3093 2747 3410 2830 disciplina
3432 2750 3679 2830 justitiaa

2020 2838 2310 2917 procedit,
2346 2839 2461 2901 nisi
2490 2837 2836 2912 crediderit,
2874 2837 3169 2919 planeque
3194 2856 3545 2920 persuasum
3574 2840 3680 2902 ha—
3738 2882 3742 2886 Α

2020 2927 2238 3001 buerit;
2272 2929 2772 3011 quemadmodum
2806 2935 3010 2992 noster
3040 2926 3137 2989 hic
3167 2928 3283 3002 sol,
3320 2930 3482 2993 nullo
3509 2936 3681 3010 pacto

2021 3016 2281 3078 hominis
2309 3018 2565 3100 alicujus
2596 3026 2729 3096 eget
2788 3016 3133 3098 (propterea
3174 3018 3332 3099 quod
3364 3021 3673 3101 servitute,

2023 3114 2121 3167 aut
2153 3106 2487 3170 ministerio
2516 3108 2796 3191 quoniam
2860 3106 3119 3167 humano
3150 3108 3493 3190 neutiquam
3525 3110 3685 3194 Opus

2024 3194 2223 3272 habet,
2248 3216 2384 3259 cum
2405 3198 2534 3280 ipso
2562 3198 2756 3278 potius
2775 3195 3055 3258 omnibus
3069 3197 3417 3259 mortalibus
3431 3200 3674 3278 serviat,

2022 3285 2319 3363 exoriens,
2355 3295 2663 3368 totumque
2717 3293 3013 3347 terrarum
3071 3283 3276 3346 orbem
3338 3287 3522 3350 radiis
3552 3290 3678 3355 suis

2023 3373 2346 3452 illustrans,
2390 3378 2616 3438 fructus
2645 3392 2858 3437 omnes
2888 3373 3088 3436 calore
3141 3373 3403 3452 fervens,
3441 3376 3514 3439 ad
3547 3397 3677 3441 ma-

2023 3462 2445 3547 turitatemque
2474 3465 2833 3545 perducens,
2886 3471 2944 3525 et
2990 3461 3064 3525 ad
3097 3465 3678 3543 coagmentationem

2024 3570 2339 3633 corporum
2391 3555 2813 3629 humanorum,
2864 3550 3397 3635 universorumque
3455 3573 3489 3618 e
3521 3566 3683 3629 terra

2022 3642 2392 3704 nascentium
2449 3642 2773 3726 plurimum
2840 3640 3169 3723 adjumenti
3224 3642 3504 3728 efferens)
3566 3666 3680 3712 nec

2026 3739 2243 3811 potest,
2279 3740 2383 3794 aut
2410 3732 2630 3814 peterit
2686 3732 3001 3814 quisquam
3058 3730 3263 3794 dicere
3292 3751 3358 3795 se
3387 3736 3679 3816 servisse,

2022 3830 2124 3882 aut
2150 3822 2374 3884 servire
2404 3821 2554 3885 soli:
2592 3821 2680 3883 sic
2708 3839 2904 3902 neque
2935 3822 3123 3884 Deum
3144 3821 3399 3903 alicujus
3429 3843 3674 3907 operam

2021 3910 2353 3990 requirere,
2387 3920 2487 3973 aut
2515 3920 2578 3973 ut
2611 3910 2667 3974 ei
2696 3928 2730 3972 a
2759 3928 3059 3992 quoquam
3096 3910 3491 3991 ministretur,
3527 3936 3679 3997 opus

2025 3998 2268 4063 habere.
2289 3999 2492 4073 Quiita
2505 4020 2623 4063 non
2636 4003 2838 4075 sentit,
2857 4002 3116 4082 primum
3130 4002 3377 4080 gradum
3395 4003 3697 4087 principii“

2025 4088 2299 4151 salutaris
2320 4094 2425 4152 viae
2446 4091 2602 4153 haud
2628 4098 2821 4173 potest
2842 4108 3101 4171 unquam
3151 4092 3539 4173 contingere:
3571 4097 3678 4160 sed

2024 4179 2290 4259 quamvis
2297 4181 2651 4262 jejunando,
2670 4179 2986 4261 vigilando,
3002 4179 3350 4256 laborando,
3366 4185 3679 4265 psallendo

2023 4268 3066 4350 eleemosynasacjustitiasfaciendo
3078 4269 3686 4350 etdecendo,etcom-

2030 4360 2482 4423 monefaciendo
2497 4359 2644 4421 alios
2656 4377 2719 4420 se
2732 4358 2853 4421 Deo
2878 4358 3102 4421 servire
3124 4359 3443 4435 existimet,
3459 4381 3593 4426 cum
3611 4383 3697 4428 ου’

2031 4458 2226 4510 tamen
2251 4457 2477 4531 partem
2501 4447 2724 4511 habere
2746 4446 3037 4529 nequibit.
3070 4447 3215 4509 Nam
3247 4449 3349 4531 qui
3376 4451 3503 4514 haec
3533 4452 3685 4535 agit,

2028 4538 2163 4602 ideo
2185 4549 2341 4620 aget,
2375 4548 2437 4601 ut
2466 4537 2948 4601 misericordiam
2973 4537 3127 4619 apud
3163 4536 3678 4608 Deuminveniat:

2030 4630 2184 4705 Quia
2205 4648 2413 4694 omnes
2425 4637 2598 4710 egent
2607 4630 2813 4707 gloria
2830 4627 2967 4707 Dei,
2983 4634 3041 4691 et
3059 4629 3482 4708 iusiiﬁcantur
3488 4634 3699 4713 gratis

2027 4739 2136 4800 per
2151 4722 2415 4798 gratiam
2430 4719 2703 4801 ipsius“,
2718 4726 3075 4801 quaerentes,
3090 4727 3149 4779 et
3161 4720 3392 4800 pulsant
3404 4739 3492 4796 es,
3514 4730 3572 4784 et
3585 4741 3689 4803 pe-

2033 4818 2244 4885 tentes,
2262 4807 2807 4872 utmisericordiam
2826 4815 3281 4889 consequanter,
3304 4816 3360 4870 et
3373 4809 3563 4889 janua
3577 4808 3695 4874 mi:

2031 4899 2373 4962 sericordiaa
2401 4899 2547 4980 ipsis
2575 4897 2896 4978 aperiatur,
2932 4904 2992 4959 et
3021 4896 3176 4977 apud
3208 4895 3527 4962 Dominum
3558 4901 3674 4964 mi-

2030 4989 2419 5052 sericordiam
2448 4988 2769 5050 inveniant.
2806 4985 2920 5059 Qui
2950 5005 3067 5047 non
3097 4995 3370 5067 quaerunt
3390 5007 3509 5051 non
3540 4991 3681 5072 pul-

2033 5088 2188 5158 sant,
2222 5097 2342 5140 non
2373 5084 2602 5159 petunt,
2654 5078 2949 5138 sententia
2994 5082 3054 5137 et
3106 5075 3238 5155 lege
3267 5076 3489 5140 Christi
3520 5080 3682 5161 regis

2034 5167 2465 5248 omnipotentis
2494 5163 2848 5229 immutabili
2878 5171 3157 5225 statutum
3191 5172 3301 5247 est,
3336 5174 3400 5228 ut
3428 5186 3541 5231 nec
3580 5169 3683 5231 in-

2035 5257 2293 5331 veniant,
2329 5275 2443 5319 nec
2473 5255 2592 5317 illis
2612 5253 2830 5318 ostium
2850 5252 3275 5317 misericordiae
3294 5254 3641 5321 recludatur
3666 5275 3682 5323 :

2034 5346 2159 5424 Qui
2186 5346 2362 5409 habet
2389 5363 2572 5408 aures
2600 5344 2894 5407 audiendi
2919 5343 3138 5406 audiat
3166 5341 3244 5407 4³.

2110 5448 2220 5523 Qui
2253 5449 2434 5529 igitur
2455 5447 2731 5531 jejuniis,
2782 5443 3248 5533 precationibus,
3283 5444 3683 5533 eleemosynis

2030 5540 2130 5602 dat
2158 5556 2405 5621 Operam
2457 5550 2591 5619 (per
2643 5555 2778 5619 quae
2829 5535 2943 5598 tria
2996 5531 3317 5599 Christiani
3363 5531 3580 5637 omnes
3609 5539 3686 5606 ab

369 5729 424 5775 ³⁸
448 5727 503 5796 II
532 5733 669 5794 Cor.
700 5745 784 5805 tv,
821 5727 924 5791 tO.
1009 5724 1064 5768 ³9
1091 5724 1249 5789 Psal.
1283 5742 1475 5802 xxxw,
1512 5720 1614 5787 27.
1698 5720 1813 5782 401
1841 5723 1936 5786 Joa

2042 5735 2102 5798 v,
2146 5719 2245 5785 44.
2300 5679 2384 5772 ἰι
2413 5720 2595 5782 nom.
2620 5732 2715 5795 ιιι,
2742 5716 2846 5782 23.
2926 5715 2988 5773 υ
3008 5714 3223 5782 Matth.
3250 5731 3337 5794 ιι,
3371 5678 3499 5780 ns.-
