4160 6418
467 355 585 432 an
1770 353 2154 424 BYMEONIS
2191 352 2544 421 IUNIORIS
3736 321 3864 406 37'!

451 490 775 560 exsilio-ad
833 490 1092 558 salutem
1165 498 1544 569 revocantur,
1599 495 1678 556 “ac
1703 486 2182 567 restituuntur)A
2211 493 2303 547 tus
2320 491 2430 559 est,
2451 480 2906 546 sanctiﬁcatoris
2932 479 3024 542 sui
3071 476 3478 569 obliviscitur;
3512 477 3649 569 quis
3674 492 3856 569 nem-

453 603 534 651 ue
553 583 683 647 dies
695 583 913 664 jejunii
937 603 1077 646 num
1095 592 1249 661 eret,
1268 583 1430 646 nead
1445 565 2119 663 eleemosynzemodum,
2209 595 2282 657 pe
2311 576 2504 656 ipsum
2537 571 2924 636 sanctiﬁcarit
2953 565 3693 664 sanctiﬁcationemquein
3723 565 3856 645 ipso

453 692 567 736 nec
594 674 670 736 ad
695 656 970 736 laborem
991 656 1322 752 vigiliarum
1341 680 1524 754 atque
1547 656 1788 752 precum
1813 667 2120 750 respiciat,
2208 656 2556 740 contitneat,
2593 673 2651 726 et
2681 681 2784 754 per
2820 658 3450 754 gratiarumactionem
3485 656 3854 754 continuam,

457 781 638 844 quam
669 764 914 826 multum
941 746 1322 843 jejtinaverit.
1363 746 1561 843 quam'
1580 760 1876 840 benignus
1898 746 1958 820 in
1986 777 2124 838 pau-
2206 754 2612 834 humilemque
2632 751 2914 844 Aspiritum
2949 748 3264 844 custodiat.
3300 746 3412 819 Qui
3443 746 3600 808 enim
3632 764 3668 844 a
3696 763 3854 844 quo-

457 835 660 932 peres,
693 871 870 934 quam
905 835 1123 914 multus
1179 853 1238 913 in
1300 835 1588 932 precibus
1653 835 1832 912 fuerit
1863 866 1877 911 :
1911 835 2014 909 sed
2048 866 2121 908 an
2207 844 2362 925 piam
2407 861 2453 934 _e
2511 840 2802 934 profundo
2856 838 3033 901 maris
3060 843 3399 934 extractus,
3460 854 3528 897 ac
3581 835 3762 934 veluti
3804 851 3855 934 Oa

460 922 753 1004 Dominus
782 941 1121 1004 attenderit.
1186 940 1248 1004 Si
1303 922 1584 1022 attendit,
1644 939 1824 1001 missa
1875 946 1965 999 est
2010 936 2124 1016 ipsi
2207 922 2454 994 mortuis
2486 931 2773 1022 excitatus
2801 937 2910 1022 est,
2943 929 3201 1022 qualem,
3237 933 3310 1022 et
3338 932 3620 1022 quantum
3652 922 3858 1022 humi—

463 1030 656 1110 gratia
686 1029 759 1091 de
790 1031 964 1106 caelo,
998 1049 1173 1111 quam
1204 1047 1255 1092 ει
1298 1015 1582 1111 suscepit;
1619 1048 1684 1091 se
1715 1015 2127 1091 contritumet
2208 1021 2390 1085 litatis
2411 1039 2652 1083 sensum
2678 1018 2920 1111 habeb_it
2944 1022 2970 1077 ?
2994 1017 3070 1111 I_n
3092 1016 3436 1111 humilitate
3459 1015 3618 1111 enim
3642 1020 3859 1111 nostra

471 1102 874 1201 humiliatum,
906 1102 1294 1200 ptenitentem
1343 1128 1404 1182 et
1450 1102 1894 1201 compunctum,
1929 1125 1988 1179 et
2019 1133 2126 1196 per
2207 1129 2438 1201 memor
2465 1111 2588 1201 fuit
2613 1115 2812 1201 nostri
2845 1107 3260 1201 Dominus“;
3292 1104 3534 1201 proprie
3563 1104 3722 1201 enim
3749 1102 3860 1165 de-

467 1210 630 1273 hunc
661 1193 875 1271 statum
907 1193 1319 1272 inﬁrmitatem
1379 1193 1606 1291 suam;
1633 1193 1892 1289 peccata
1927 1193 2035 1267 sua
2061 1212 2126 1265 ut
2208 1200 2415 1262 missio
2441 1199 2623 1261 animi
2655 1197 3006 1280 psalmodia,
3039 1203 3098 1258 et
3147 1199 3348 1258 omnia
3404 1213 3535 1276 quae
3581 1193 3859 1275 facimus,

464 1298 776 1373 deformia,
807 1306 871 1360 ut
898 1299 1114 1380 turpia,
1167 1307 1232 1360 ut
1297 1299 1585 1374 belluina,
1623 1306 1687 1360 ut
1718 1297 1916 1359 anima
1940 1295 2125 1357 ratio-
2207 1291 2325 1380 huc
2353 1297 2642 1370 spectant.

457 1388 552 1448 nis
583 1386 871 1468 participe
899 1373 1167 1465 indigna,
1204 1395 1267 1449 et
1318 1387 1390 1449 ab
1455 1373 1697 1448 homine
1733 1393 1931 1446 mente
1964 1402 2118 1464 prze-
2285 1378 2434 1452 Quid
2470 1397 2645 1458 porro
2678 1384 2767 1439 est
2794 1374 3454 1468 demittere_animum,
3488 1391 3592 1468 seu
3616 1373 3859 1468 sentire

460 1461 595 1538 dito'
617 1461 846 1536 remota
874 1461 1222 1538 cernentem
1255 1476 1542 1539 inveniet.
1591 1475 1752 1537 Talis
1784 1473 1943 1535 enim
1965 1461 2123 1533 'con-
2205 1470 2278 1532 de
2301 1489 2366 1530 se
2390 1467 2684 1531 submisse
2707 1485 2774 1528 ac
2793 1463 3148 1528 humiliter?
3169 1463 3500 1525 Humanam
3529 1461 3862 1526 imbecilli-

461 1563 638 1643 tingit
663 1563 879 1626 anima;
928 1564 1122 1645 prima
1168 1584 1203 1626 a
1257 1565 1380 1628 Deo
1438 1564 1824 1627 illuminatio.
1865 1561 2123 1624 Proinde
2205 1569 2380 1622 tatem
2403 1575 2785 1638 cognoscere,
2815 1573 2946 1645 quae
2970 1552 3868 1645 co_gnitio_,_estaDeocredenti-

464 1642 596 1717 haec
624 1655 746 1715 visa
774 1659 842 1714 ut
869 1642 1008 1715 odio
1038 1653 1219 1732 digna
1276 1653 1420 1728 odit,
1477 1662 1534 1716 et
1567 1660 1930 1716 exsecratur.
1965 1651 2028 1714 Si
2058 1669 2122 1712 se
2203 1649 2314 1711 bus
2333 1648 2395 1709 in
2418 1649 2612 1728 ipsum
2638 1646 2869 1708 ccelitus
2891 1643 3151 1704 demissa
3199 1642 3554 1732 illuminatio
3582 1661 3595 1706 :
3631 1642 3862 1725 alioqui

463 1741 550 1805 ita
577 1742 968 1805 constitutum
998 1731 1122 1804 non
1151 1743 1510 1823 cognoverit,
1549 1752 1610 1805 et
1631 1742 1882 1823 jejunia,
1921 1748 1981 1802 et
2003 1739 2094 1801 ele
2145 1785 2181 1834 Β
2205 1740 2380 1800 homo
2407 1737 2658 1817 quilibet
2688 1736 2951 1815 seipsum
2985 1749 3230 1795 noscere
3261 1734 3485 1834 nequit,
3519 1731 3712 1834 Quare
3743 1751 3854 1795 su-

465 1849 803 1911 emosynas,
827 1839 886 1893 et
909 1832 1207 1896 orationes
1230 1821 1514 1913 perdidit.
1547 1821 1742 1895 Unum
1762 1833 1982 1912 quippe
1997 1829 2120 1890 Deo
2145 1821 2181 1834 “’
2210 1827 2428 1909 perbus
2452 1827 2601 1887 nihil
2621 1825 2836 1904 cernit,
2859 1825 2964 1885 sed
2989 1840 3180 1884 caecus
3201 1830 3312 1898 est,
3339 1835 3402 1913 ut
3431 1822 3594 1913 aiunt
3625 1821 3854 1885 Patres.

468 1919 852 2002 sacriﬁcium,
877 1939 912 1983 a
941 1922 1146 2002 quovis
1178 1911 1449 1997 homine,
1483 1921 1727 2000 spiritus
1757 1917 2122 1981 contribula-
2207 1917 2319 1990 Qui
2340 1917 2632 1997 baptismo
2654 1916 2872 1976 tinctus
2898 1933 3013 1974 non
3038 1921 3148 1992 est,
3198 1931 3322 2002 nec
3341 1911 3710 1972 illuminatus
3739 1921 3855 1974 est.

469 2017 567 2073 tus
596 2011 659 2060 43
682 2031 694 2068 :
715 2028 786 2072 ac
818 2001 1208 2094 proptertale
1238 2010 1619 2086 sacriﬁcium,
1655 2017 1896 2090 peccata
1913 2007 2124 2068 remit-
2209 2008 2500 2071 Utautem
2520 2004 2990 2094 absquelumine
3012 2003 3201 2094 oculis
3234 2001 3438 2094 videre
3462 2021 3578 2094 non
3613 2011 3809 2082 potest
3844 2023 3861 2062 :

470 2106 676 2162 tuntur
707 2091 1247 2180 ;quemadmoditm
1276 2109 1520 2180 propter
1549 2100 1745 2180 ipsum
1775 2098 1889 2160 hoc
1912 2096 2132 2158 sacriﬁ—
2213 2096 2298 2158 sic
2328 2095 2528 2157 anima
2556 2115 2590 2157 a
2618 2093 2850 2157 Christo
2885 2090 3126 2172 mystice
3161 2109 3278 2152 non
3309 2090 3669 2180 illuminata,
3691 2109 3863 2152 suam

469 2189 632 2251 cium
663 2195 722 2250 et
743 2179 1067 2269 jejunium,
1101 2197 1163 2252 et
1193 2179 1594 2270 eleemosyna,
1648 2196 1707 2250 et
1741 2187 1927 2249 oratio
1956 2185 2131 2247 insti-
2213 2185 2402 2266 ipsius
2430 2184 2896 2246 imbecillitatem
2957 2181 3306 2261 conspicere
3359 2181 3585 2262 nequit.
3638 2179 3755 2243 Sed
3788 2182 3866 2243 ad

469 2277 677 2342 tuitur.
713 2277 838 2339 Hoc
868 2276 1029 2340 enim
1061 2285 1152 2340 est
1183 2281 1524 2359 mysterium
1580 2275 1926 2344 Christiani.
1963 2286 2014 2336 et
2045 2275 2130 2339 ita
2212 2273 3159 2352 hancilluminationemquaenam
3174 2270 3864 2359 pertinent?lnﬁdelibus

463 2385 640 2447 agere
671 2382 777 2448 par
811 2375 922 2431 est.
957 2365 1105 2429 Nam
1154 2358 1408 2448 jejunia,
1470 2367 1707 2445 vigiliae,
1746 2365 1913 2427 humi
1946 2372 2126 2426 strata
2210 2364 2450 2444 quidem
2484 2363 2633 2424 ﬁdes
2657 2363 2715 2422 in
2737 2361 3060 2434 Christum,
3086 2368 3144 2420 et
3165 2359 3431 2421 divinum
3460 2358 3778 2440 baptisma,
3800 2368 3867 2421 ut

463 2455 704 2527 cubilia,
741 2456 1159 2538 eleemosynaa,
1186 2475 1418 2538 preces,
1444 2454 1818 2538 psalmodiaa,
1847 2456 2123 2516 volunta-
2208 2453 2504 2514 diximus:
2541 2460 2629 2513 ast
2657 2451 2750 2522 iis,
2789 2451 2889 2531 qui
2921 2458 3050 2531 post
3102 2450 3458 2529 baptismum
3515 2449 3864 2526 cacutiunt,

464 2546 556 2610 ria
587 2545 964 2619 mendicitas,
994 2555 1056 2608 et
1111 2566 1246 2627 quae
1305 2548 1485 2609 homo
1545 2544 1755 2607 fecerit
1787 2543 2013 2618 omnia,
2047 2547 2121 2603 ad
2205 2555 2381 2625 atque
2397 2543 2545 2605 adeo
2568 2543 2947 2624 superbiuut,
2975 2540 3111 2604 etin
3136 2542 3294 2619 leges
3317 2539 3698 2602 committunt
3722 2541 3867 2606 tSu-

464 2634 657 2699 Deum
685 2634 800 2696 sibi
833 2634 1186 2714 placandum
1235 2635 1399 2698 facit.
1460 2633 1630 2707 Quod
1685 2633 1734 2694 si
1784 2631 1885 2695 ille
1916 2650 2117 2693 secum

467 2724 532 2786 in
584 2723 832 2803 gratiam
889 2742 1010 2785 non
1067 2723 1338 2798 redierit,
1399 2722 1560 2805 quod
1619 2721 1857 2782 tandem
1909 2721 1969 2782 in
2028 2720 2123 2782 his

467 2812 938 2878 emolumentum
965 2811 996 2871 ?
1025 2811 1243 2874 Anima
1261 2813 1422 2874 enim
1452 2815 1570 2872 Deo
1592 2810 1979 2872 reconciliata
2002 2811 2120 2871 hu-

468 2901 651 2975 milis,
685 2909 746 2962 et
805 2908 1115 2962 mansueta
1171 2902 1256 2980 ﬁt,
1328 2900 1567 2982 Deoque
1624 2908 1845 2973 astans,
1911 2908 1972 2960 ut
2001 2899 2123 2960 Deo

467 2997 640 3070 astat,
673 3007 784 3051 nec
813 3007 878 3051 se
922 2989 1038 3050 huc
1088 2997 1147 3050 et
1203 2989 1355 3051 illud
1406 2995 1624 3050 versat.
1682 2986 1887 3068 Itaque
1912 2987 1962 3048 si
1993 2986 2124 3049 talis

2201 2634 2371 2715 perbi
2391 2633 2550 2694 enim
2577 2632 2788 2713 inquit,
2815 2632 3076 2714 agebant
3093 2631 3590 2710 uquequaque‘ﬁ.
3614 2631 3708 2694 Et:
3743 2631 3868 2692 Do-

2204 2727 2407 2786 minus
2435 2724 2710 2803 superbis
2741 2724 2970 2784 resistit
3000 2721 3083 2781 47.
3116 2721 3210 2802 Et,
3242 2720 3633 2800 Principium
3662 2725 3865 2785 omnis

2200 2821 2446 2893 peccata
2459 2811 2831 2892 superbia“.
2843 2811 2930 2872 Et:
2953 2811 3331 2891 Principium
3349 2813 3610 2891 peccati,
3624 2814 3862 2874 nescire

2209 2903 2528 2964 Dominum
2557 2901 2666 2980 49),
2697 2901 2934 2974 talibus,
2960 2901 3224 2981 inquam,
3253 2909 3390 2961 ante
3412 2900 3530 2962 alia
3548 2899 3856 2980 mys:erio-

2205 3010 2334 3052 rum
2361 2991 2712 3054 Christianae
2726 2990 3191 3064 ﬁdeiinstitutio,
3220 2999 3284 3050 ut
3304 3008 3440 3050 cum
3465 2987 3849 3063 crediderint,

467 3079 735 3143 nondum
765 3085 875 3156 est,
910 3081 1102 3142 Deum
1133 3077 1399 3140 nondum
1447 3079 1705 3140 amicum
1753 3077 1933 3139 habet
1964 3098 1980 3138 :
2015 3076 2120 3139 sed
2142 3111 2183 3162 ο
2208 3080 2641 3143 illuminentur.
2677 3079 2738 3142 Si
2791 3080 2949 3141 enim
3010 3079 3261 3159 primam
3294 3079 3470 3141 ﬁdem
3505 3076 3854 3158 tenuissent,

469 3169 595 3234 sive
626 3168 859 3250 psallat,
892 3168 1016 3231 sive
1047 3177 1200 3244 oret,
1234 3167 1430 3231 adhuc
1479 3167 1588 3228 sub
1621 3175 1920 3248 potestate
1953 3167 2121 3228 mali-

467 3259 576 3342 gni
606 3271 720 3340 est,
751 3267 807 3320 et
838 3258 1386 3321 reconciliationem
1417 3257 1588 3320 istam
1619 3265 1755 3318 ante
1786 3256 2046 3338 psalmos
2068 3263 2128 3318 et

473 3348 776 3413 orationes
797 3355 1003 3428 petere
1027 3355 1261 3430 oportet
1288 3368 1304 3425 ;
1332 3347 1552 3428 alioqui
1574 3365 1716 3424 spes
1736 3346 1949 3408 salutis
1967 3345 2128 3407 nulla

468 3445 767 3520 superest.
793 3436 1027 3512 Errant,
1052 3437 1152 3519 qui
1169 3445 1482 3518 antequam
1495 3454 1561 3498 se
1574 3435 1696 3497 Deo
1707 3433 2121 3509 reconcilient,

470 3536 714 3609 canunt,
747 3545 815 3590 ac
851 3527 1149 3608 psallunt.
1211 3535 1271 3589 et
1327 3544 1507 3589 voces
1563 3525 1625 3586 in
1683 3543 1880 3586 aerem
1912 3525 2129 3587 frustra

463 3618 714 3699 jactant,
740 3615 1048 3698 Deumque
1068 3616 1143 3678 ad
1175 3615 1322 3678 iram
1352 3620 1698 3698 provocant.
1719 3613 1944 3676 Avertit
1964 3614 2125 3675 enim

471 3705 546 3769 ab
575 3705 722 3787 ipsis
749 3705 960 3768 faciem
993 3723 1185 3769 suam.
1246 3705 1324 3767 Et.
1365 3723 1469 3766 ore
1499 3702 1742 3785 quidem
1775 3703 2121 3783 psallentes,

472 3804 677 3858 mente
697 3801 756 3856 et
775 3794 1131 3874 cogitatione
1149 3793 1209 3855 in
1233 3793 1414 3856 rebus
1448 3792 1763 3855 diabolicis
1785 3800 2121 3854 versantur.

471 3885 606 3949 Non
635 3883 814 3963 igitur
842 3883 970 3944 sola
1007 3883 1263 3964 jejunia,
1319 3901 1552 3965 preces,
1616 3889 1676 3943 et
1732 3881 2126 3962 eleemosyna:

472 3972 848 4035 sanctitatem
883 3972 1340 4054 libertatemque
1373 3973 1608 4054 pariunt
1643 3993 1656 4032 :
1693 3971 1800 4032 sed
1831 3978 1970 4032 ante
2002 3972 2128 4033 haec

471 4061 646 4139 ﬁdes,
679 4068 738 4123 ct
767 4061 1024 4142 cognitio
1057 4063 1211 4143 ejus,
1246 4065 1348 4143 qui
1399 4061 1664 4124 liberare
1717 4067 1932 4141 potest,
1970 4060 2126 4122 divi—

471 4169 688 4214 norum
719 4150 1154 4231 mysteriorum,
1188 4169 1407 4232 nempe
1439 4148 1800 4211 immaculati
1830 4148 2122 4228 corporis,

473 4248 533 4304 et
560 4239 864 4320 sanguinis
919 4239 1155 4302 Domini
1207 4240 1371 4317 Jesu,
1433 4257 1504 4303 ac
1558 4239 1666 4301 Dei
1699 4238 2129 4319 omnipotentis

2208 3190 2325 3232 non
2360 3171 2561 3252 utique
2618 3169 3072 3231 caecutivissent.
3133 3167 3206 3229 Et
3261 3176 3569 3249 postquam
3602 3167 3865 3229 instituti

2209 3261 2449 3334 fuerint,
2479 3260 2999 3340 crediderentque,
3025 3258 3308 3319 videbunt
3333 3259 3602 3338 omnino,
3620 3266 3866 3337 totoque

2208 3351 2426 3413 affectu
2461 3349 2856 3431 puenitebunt,
2917 3358 3248 3411 metuentes
3297 3348 3590 3428 judicium
3643 3345 3773 3419 Dei,
3809 3350 3874 3408 et

2209 3439 2570 3520 aspicientes
2590 3457 2722 3519 quae
2743 3447 2842 3500 aut
2864 3440 3078 3518 turpia,
3131 3447 3230 3499 aut
3272 3455 3551 3518 perversa
3581 3436 3870 3515 designa-

2210 3529 2581 3609 rintsibique
2603 3527 3055 3608 persuadentes,
3085 3527 3248 3589 mille
3265 3526 3558 3608 supplicia
3597 3544 3661 3587 se
3693 3544 3870 3586 com,

2211 3617 2523 3680 meruisse.
2550 3617 2792 3697 Turpia,
2820 3627 2881 3678 ut
2903 3617 3229 3698 voluptates
3250 3636 3319 3679 ac
3363 3616 3645 3678 libidines
3675 3635 3690 3689 ;
3724 3632 3869 3695 per-

2209 3725 2402 3781 versa,
2442 3717 2504 3769 ut
2532 3708 2856 3783 avaritiam,
2918 3707 3290 3787 injustitiam.
3355 3707 3580 3768 dolum.
3615 3703 3684 3765 Et
3712 3721 3872 3784 quo-

2212 3797 2370 3858 niam
2401 3798 2596 3858 omnis
2616 3797 2916 3876 paenitens
2937 3797 3304 3878 humiliatur,
3329 3796 3466 3858 huic
3518 3795 3696 3870 Deus,
3727 3802 3868 3854 tan--

2213 3905 2388 3967 quam
2443 3885 2675 3960 humili,
2728 3885 2828 3946 dat
2874 3886 3143 3964 gratiam.
3208 3893 3270 3946 ut
3326 3895 3386 3947 et
3419 3885 3775 3964 voluptates,
3811 3888 3876 3942 et

2214 3977 2526 4057 pravitates
2548 3975 2770 4040 oderit.
2800 3994 3158 4057 semperque
3188 3975 3659 4037 imbecillitatem
3697 3991 3871 4034 suam

2211 4072 2518 4143 agnoscat,
2553 4083 2668 4143 quo
2700 4083 2904 4126 eorum
2961 4065 3151 4126 vicem
3203 4065 3420 4141 doleat,
3461 4064 3558 4146 qui
3595 4061 3881 4124 similiter

2209 4153 2436 4214 vittosis
2464 4153 2882 4216 affectionibus
2934 4154 3227 4228 laborant,
3291 4163 3349 4216 et
3375 4157 3637 4216 animum
3668 4152 3878 4213 aliena

2210 4241 2591 4304 incommoda
2619 4245 2977 4305 sentientem
3011 4253 3196 4324 gerat,
3230 4243 3723 4322 offendentesque
3745 4260 3876 4303 non

474 4330 980 4396 communicatio:
1040 4331 1154 4406 Qui
1209 4331 1359 4394 dicit
1411 4331 1505 4392 his
1559 4330 1665 4408 qui
1714 4329 1902 4390 uincti
1957 4331 2594 4415 suntkcondemnet,
2629 4341 2688 4394 et
2739 4337 2813 4394 sit
2858 4334 3015 4396 mitis
3061 4352 3131 4396 ac
3183 4334 3434 4415 patiens,
3487 4332 3877 4411 inveniatque

472 4424 737 4486 emitemt
759 4421 856 4483 his
879 4423 1074 4500 quiin
1101 4420 1380 4494 tenebris,
1409 4418 1876 4492 revelamini“,
1911 4436 2044 4479 cum
2077 4418 2128 4478 is

473 4511 576 4594 qui
598 4509 1024 4592 communicat,
1048 4509 1248 4573 anima
1270 4517 1327 4572 et
1343 4526 1596 4590 corpore
1630 4507 1718 4569 illi
1751 4507 2131 4588 conjungitur

471 4619 543 4664 ac
575 4599 880 4673 miscetur,
912 4599 1094 4682 inque
1122 4599 1382 4662 divinam
1414 4606 1684 4660 naturam
1704 4605 2125 4661 commutatur.

473 4689 610 4754 Alia
639 4689 738 4752 via
765 4687 1006 4752 ﬁdelem
1038 4689 1274 4763 salvari,
1309 4697 1368 4751 et
1396 4687 1816 4750 remissionem
1852 4694 2128 4767 peccato-

470 4798 606 4844 rum
636 4778 937 4860 accipere,
987 4778 1349 4860 cmlesteque
1381 4792 1646 4857 regnum
1707 4775 1980 4838 obtinere
2009 4775 2130 4838 im-

474 4867 762 4953 possibile
783 4875 896 4944 est,
929 4867 1044 4930 nisi
1077 4887 1212 4930 cum
1244 4867 1461 4928 timore
1511 4873 1570 4928 et
1602 4873 1866 4926 tremore
1901 4876 2128 4944 myste-

475 4958 704 5030 riorum
747 4956 1035 5036 corporis,
1093 4964 1152 5019 et
1201 4955 1506 5036 sanguinis
1553 4953 1772 5019 Christi
1831 4954 2128 5034 particeps

475 5049 600 5111 ﬁat.
637 5049 794 5112 Deus
817 5054 1015 5109 autem
1045 5045 1342 5128 quomodo
1400 5053 1577 5127 queat
1608 5061 1745 5106 esse
1772 5061 2001 5123 servus,
2033 5052 2132 5106 aut

476 5136 771 5219 impurus,
795 5143 896 5196 aut
915 5154 1054 5199 cum
1076 5135 1353 5199 facultate
1375 5135 1572 5216 aliqua
1593 5132 1883 5214 peccandi
1904 5131 1935 5192 ?
1951 5133 2014 5194 In
2039 5132 2132 5194 his

477 5226 641 5290 enim
672 5223 1039 5306 relinquere,
1078 5223 1486 5288 sanctimoniae
1515 5222 1737 5284 amisso
1770 5229 1859 5282 est
1890 5240 1904 5282 :
1945 5221 2128 5284 amis-

479 5315 570 5378 sio
596 5327 796 5378 autem
820 5332 892 5378 ex
911 5314 1282 5396 arrogantia;
1329 5312 1664 5392 arrogantia
1685 5329 1753 5372 ex
1777 5309 2077 5373 oblivione
2102 5331 2118 5387 ;

481 5403 704 5470 oblivio
737 5422 812 5468 ex
840 5411 1186 5486 contemptu
1219 5421 1240 5479 ;
1271 5421 1430 5480 cum,
1450 5402 1554 5484 qui
1584 5400 1771 5463 semel
1795 5399 2124 5465 sanctiﬁca-

2210 4421 2426 4483 anima;
2437 4440 2559 4483 suae
2575 4421 2866 4502 requiem,
2881 4431 2941 4484 et
2959 4422 3047 4484 sic
3063 4424 3274 4486 Cantet
3293 4425 3547 4486 Domino
3559 4423 3876 4484 canticum

2213 4528 2460 4592 novum,
2479 4529 2729 4574 carmen
2750 4511 2874 4574 Deo
2896 4521 3110 4574 nostro
3129 4515 3214 4588 50,
3249 4532 3380 4594 quae
3407 4521 3497 4574 est
3527 4530 3597 4573 ex
3631 4530 3775 4590 puro
3807 4522 3874 4575 et

2213 4601 2466 4663 contrito
2489 4621 2552 4663 co
2564 4601 2671 4663 rde
2691 4603 3014 4683 gratiarum
3042 4603 3218 4665 actio.
3243 4603 3528 4665 Corenim
3545 4601 3872 4664 contritum

2214 4699 2272 4752 et
2303 4691 2701 4767 bumiliatum,
2765 4702 2854 4754 est
2914 4711 3124 4773 purum
3184 4712 3334 4754 cor:
3387 4693 3544 4774 quod
3606 4691 3656 4752 si
3687 4691 3872 4766 desit,

2214 4782 2410 4842 omnis
2432 4783 2546 4841 alia
2569 4783 2898 4862 psalmodia
2922 4782 3071 4844 nihil
3099 4783 3272 4844 valet.
3306 4782 3451 4844 Nam
3481 4781 3579 4862 qui
3604 4780 3725 4842 Deo
3751 4780 3874 4843 hoc

2215 4869 2391 4930 modo
2411 4887 2529 4931 non
2553 4871 2768 4951 psallit,
2797 4891 2917 4932 non
2967 4881 3156 4953 potest
3178 4872 3452 4952 psallere,
3481 4871 3588 4933 etsi
3614 4870 3872 4931 multum

2213 4958 2485 5020 sudarit:
2547 4960 2654 5020 sed
2702 4959 2901 5040 lingua
2963 4961 3242 5042 loquitur,
3303 4961 3504 5022 animo
3535 4967 3733 5020 autem
3769 4959 3876 5020 illa

2211 5047 2452 5123 volutat,
2489 5067 2620 5128 qua
2651 5049 2837 5110 Deum
2892 5051 3151 5132 irritant,
3200 5053 3451 5132 ejusque
3484 5051 3629 5111 iram
3661 5055 3876 5110 contra

2212 5136 2408 5217 ipsum
2441 5138 2796 5202 accendunt.
2859 5139 3255 5221 Quapropter,
3316 5139 3614 5221 quomodo
3640 5137 3875 5216 quaevis

2219 5233 2490 5288 creatura
2517 5228 2894 5308 aspectabilis
2949 5248 3186 5310 semper
3245 5232 3433 5291 lucem
3489 5228 3765 5309 postulat,
3801 5234 3874 5288 ut

2214 5313 2505 5390 videatur,
2532 5316 2612 5378 ita
2633 5318 2826 5379 omnis
2849 5338 2977 5399 quae
3019 5319 3347 5382 intellectui
3390 5327 3546 5399 patet
3571 5325 3875 5382 creatura,

2207 5421 2448 5484 semper
2467 5408 2658 5468 lucem
2680 5406 2790 5470 sub
2834 5425 3076 5472 sensum
3098 5427 3217 5471 non
3253 5409 3562 5474 cadentem
3595 5409 3878 5495 requirit,

562 5611 805 5695 “Papi,
821 5629 886 5695 1.,
909 5614 931 5677 l
946 5614 1008 5680 9.
1090 5611 1289 5695 “Isa.
1310 5627 1478 5695 χιιι,
1502 5610 1564 5674 9.
1651 5610 1715 5695 45
1732 5607 1892 5679 Psal.
1911 5624 2118 5691 Cxxxv,

2210 5612 2252 5679 ἰ.
2336 5613 2400 5665 46
2419 5615 2575 5680 Psal.
2600 5631 2805 5695 cxvui,
2829 5615 2896 5678 5t
2916 5665 2932 5681 .
3015 5616 3078 5667 47
3101 5615 3230 5682 Jac.
3259 5632 3342 5694 ιν,
3364 5617 3424 5681 6.
3509 5617 3574 5668 48
3592 5615 3788 5683 Eccli.
3810 5633 3876 5691 ι,

487 5691 585 5760 15.
671 5691 738 5746 ιο
762 5691 918 5776 Ibid.
951 5695 1048 5761 14.
1133 5695 1199 5761 .50
1225 5693 1383 5760 Psal.
1413 5708 1615 5770 χχχιχ,
1661 5694 1722 5757 4.
