4160 6384
268 317 396 390 373
1617 361 1622 365 -
1757 333 2042 399 ORATIO
2083 331 2252 399 xm.
3571 319 3692 394 avt

267 462 338 517 ut
369 461 938 536 comprehendatur.
972 464 1044 527 Et
1072 465 1227 526 sicut
1269 465 1403 546 quis
1433 463 1510 528 de
1541 461 1744 527 multis
1775 482 1930 545 prte-
1952 482 1995 520 Α
2017 470 2075 523 et
2104 462 2164 524 in
2199 470 2469 526 naturam
2505 469 2768 526 nostram
2797 457 3174 546 deprevatam
3202 462 3548 528 libertatem
3576 481 3685 526 na-

265 546 455 608 claris
485 548 877 628 facinoribus,
925 563 983 616 et
1021 554 1353 616 actionibus
1411 555 1534 616 suis
1587 555 1788 617 dicere
1817 571 1935 614 non
2020 559 2169 625 ctus,
2205 555 2538 616 secundum
2586 572 2758 635 quam
2802 552 2864 615 in
2921 571 3050 615 eam
3095 554 3238 636 agit,
3299 573 3433 616 cum
3464 552 3565 635 qui
3595 553 3670 615 ab

271 647 501 714 potest,
538 651 743 717 noctu,
781 653 837 704 et
866 645 996 706 sine
1027 645 1253 706 lumine
1283 644 1431 707 feci:
1498 645 1583 706 sic
1609 663 1806 725 neque
1835 645 1934 718 qui
2019 641 2148 722 ipso
2185 643 2318 704 sine
2348 642 2789 704 intermissione
2817 653 3256 724 oppugnantur,
3290 644 3521 706 saeculis
3550 643 3667 705 sibi

262 726 459 788 vitam
491 728 614 790 Deo
646 733 976 810 placentem
1031 735 1243 815 egerit,
1310 734 1513 796 dicere
1563 734 1773 815 quibit,
1804 734 1936 795 sine
2020 732 2480 804 succedemibus
2512 740 2861 812 praetereant
2887 749 2956 796 ac
2980 732 3337 808 dilabantur,
3370 733 3500 812 ipse
3528 751 3670 794 vero

264 816 533 892 lumine,
568 822 724 899 quod
752 823 809 882 in
832 822 1278 901 intelligentiam
1305 825 1488 898 cadit,
1519 824 1651 887 feci.
1675 825 1738 886 Si
1759 842 1938 885 ausus
2019 839 2206 882 annos
2234 823 2490 902 amplius
2520 821 2718 884 sexies
2753 821 2915 883 mille
2943 831 3255 884 sexcentos
3284 840 3525 903 semper
3554 822 3666 884 ho-

268 904 490 980 fuerit,
527 911 778 972 mendax
811 921 918 982 est,
952 920 1012 972 et
1039 912 1195 974 filius
1223 911 1444 976 diaboli
1480 935 1494 973 :
1531 933 1639 974 nec
1669 913 1932 994 seipsum
2019 910 2126 972 stis
2158 911 3292 992 humanigeneris,etquidemoccultus
3314 920 3493 993 atque
3511 913 3643 974 clan

269 996 604 1076 aliquando
640 1009 728 1058 est
759 1001 1217 1080 contemplatus,
1255 1021 1367 1063 nec
1416 1002 1568 1063 viam
1599 1002 1703 1064 Dei
1734 1002 1938 1062 ambu-
2019 1000 2292 1062 destinus
2324 1002 2742 1082 permanserit,
2795 1002 3189 1083 hominesque
3248 1021 3355 1083 per
3384 1003 3694 1083 ipsosme:

271 1085 419 1146 lavit
448 1087 714 1150 omnino.
753 1088 923 1152 Unde
953 1091 1238 1172 scriptum
1285 1100 1411 1153 est:
1468 1091 1584 1166 Qui
1607 1091 1931 1173 gloriatur,
2019 1100 2346 1170 oppugnet,
2379 1101 2436 1152 et
2465 1110 2566 1154 eos
2594 1091 2947 1172 praesertim,
2999 1091 3100 1172 qui
3153 1097 3325 1153 modo
3357 1101 3671 1154 nascentes

271 1183 339 1238 in
373 1177 641 1239 Domino
668 1180 970 1259 glorietur
997 1181 1077 1242 ὓί.

305 1270 312 1278 ’
356 1270 661 1329 Caeterum
683 1269 954 1330 attendas
976 1279 1233 1350 oportet,
1261 1270 1642 1332 oilluminate
1662 1288 1695 1332 a
1711 1269 1942 1332 Christo

279 1356 565 1436 desuper,
595 1375 670 1417 ne
694 1357 844 1419 forte
864 1358 958 1421 ide
983 1359 1226 1420 veniens
1258 1367 1314 1420 te
1355 1360 1528 1420 taleat
1561 1359 1940 1439 illuminatio,

281 1466 417 1507 cum
449 1447 528 1507 sit
557 1447 810 1523 occulta,
851 1447 1077 1528 tibique
1108 1468 1236 1510 eam
1264 1458 1324 1511 ut
1352 1448 1676 1529 propriam,
1714 1457 1770 1509 et
1791 1467 1860 1509 ex
1886 1457 1941 1510 te

280 1546 472 1597 ortam
507 1535 804 1598 ascribas:
842 1537 1180 1618 ideoqueab
1196 1539 1384 1600 oculis
1419 1537 1532 1598 tuis
1562 1539 1781 1617 ablata,
1803 1556 1941 1599 rur-

282 1645 414 1687 sum
451 1634 509 1686 te
537 1624 597 1685 in
655 1627 919 1688 tenebris
972 1628 1232 1690 deserat.
1288 1627 1446 1688 Deus
1497 1627 1655 1687 enim
1701 1629 1802 1707 qui
1833 1626 1942 1687 sub

2027 1179 2087 1238 in
2121 1180 2296 1241 vitam
2330 1181 2710 1256 introierunt,
2733 1181 2835 1262 qui
2859 1200 2975 1242 non
3008 1181 3197 1242 solum
3221 1181 3698 1243 certaminishu-

2021 1269 2122 1345 jus
2156 1268 2332 1347 periti
2369 1289 2486 1330 non
2522 1281 2682 1344 sunt,
2715 1269 2818 1331 sed
2852 1269 3029 1330 etiam
3060 1270 3240 1350 vires,
3272 1271 3407 1350 ejus
3437 1269 3684 1332 bellicas

2025 1355 2294 1419 funditus
2326 1356 2601 1436 ignorant
2629 1359 2738 1436 (sic
2769 1359 2927 1419 enim
2948 1358 3266 1438 jaculatur,
3301 1369 3364 1419 ut
3392 1359 3685 1439 videatur,

2025 1463 2137 1506 nec
2160 1452 2357 1507 tamen
2381 1447 2494 1529 ipsi
2521 1447 2720 1509 vident
2747 1467 2760 1507 :
2791 1456 2852 1508 ut
2873 1447 3117 1525 angelus
3147 1447 3294 1508 lucis
3322 1456 3589 1527 apparet,
3625 1455 3685 1509 et

2024 1542 2086 1594 ut
2122 1537 2386 1598 tenebrae
2418 1537 2645 1598 bellum
2671 1536 2864 1615 gerit),
2890 1537 3174 1598 adversus
3197 1555 3686 1617 unumquemque

2028 1641 2145 1683 non
2170 1625 2535 1686 mediocrem
2568 1644 2766 1700 usum,
2799 1625 3351 1708 experientiamque
3373 1635 3690 1688 estconse-

290 1725 590 1796 aspectum
615 1735 732 1776 non
757 1719 938 1790 venit,
967 1717 1189 1777 lumine
1215 1717 1468 1797 quodam
1505 1716 1655 1776 haud
1679 1726 1942 1796 aspecta-
1965 1749 2002 1798 Β
2025 1722 2216 1776 culus.
2251 1713 2414 1775 Finis
2443 1726 2639 1776 autem
2674 1723 2730 1776 et
2778 1733 2996 1795 scopus
3044 1715 3173 1795 ejus
3222 1715 3680 1795 oppugnationis

295 1809 396 1870 bili
424 1806 715 1868 illuminat
748 1825 761 1865 :
819 1813 876 1865 et
907 1823 976 1866 ea
1025 1804 1382 1868 illomiuatio
1444 1804 1766 1886 (quomodo
1798 1805 1936 1866 item

299 1899 479 1978 Deus)
515 1894 970 1976 inuspectabilis,
1000 1914 1065 1955 ex
1090 1895 1318 1956 effectis
1346 1897 1467 1957 suis
1483 1893 1938 1976 perSpicitur.Si

304 1997 359 2049 te
390 1988 659 2048 humilem
695 1992 752 2044 et
775 1985 1090 2044 contritum
1113 1985 1444 2063 experiere,
1471 2004 1646 2064 quam
1672 1983 1936 2057 humilis,

301 2087 416 2137 tam
449 2075 802 2135 illutninatus
826 2092 912 2135 es.
945 2073 1183 2134 Proﬁcit
1213 2074 1372 2135 enim
1407 2077 1624 2147 anima,
1660 2073 1795 2133 siin
1831 2073 1940 2134 hu-

295 2167 538 2228 militate
571 2164 798 2243 proﬁcit
831 2183 846 2240 ;
877 2163 1250 2244 cognitioque
1283 2163 1636 2224 humilitatis
1670 2176 1730 2223 et
1765 2180 1934 2222 nian-

285 2254 640 2320 suetudinis.
675 2253 766 2313 sui
796 2252 1004 2331 ipsius,
1041 2261 1099 2313 et
1159 2251 1264 2315 Dei
1317 2252 1580 2328 cognitio
1614 2261 1723 2326 est,
1758 2260 1822 2312 ut
1854 2251 1936 2312 di-

2026 1821 2142 1862 non
2177 1804 2673 1877 contemnendus,
2717 1812 2776 1868 et
2805 1804 3199 1866 formidabilis
3229 1813 3340 1866 est.
3373 1803 3519 1865 Nam
3544 1822 3681 1866 eum

2025 1911 2057 1952 a
2093 1891 2382 1972 principio
2410 1913 2599 1971 genus
2631 1894 2937 1956 hominum
2968 1913 3003 1954 a
3025 1893 3148 1956 Deo
3181 1894 3683 1968 exterminaverit,

2025 1981 2333 2042 contendit
2359 1983 2772 2057 nihilominus,
2793 1991 2856 2043 ut
2877 1981 2949 2043 ab
2979 2001 3047 2043 eo
3073 1982 3530 2045 exterminatum
3552 2000 3683 2043 ma-

2028 2079 2164 2130 neat
2193 2092 2206 2128 :
2232 2079 2332 2131 aut
2363 2081 2425 2132 ut
2456 2071 2528 2132 ab
2562 2072 2769 2133 exsilio
2801 2071 2875 2132 ad
2905 2070 3092 2133 Deum
3126 2071 3344 2134 Christi
3377 2089 3558 2152 opera
3586 2089 3686 2132 re-

2021 2169 2287 2220 vocatum
2321 2161 2502 2239 (sicut
2561 2173 2654 2222 est
2711 2161 2950 2241 sapiens
3006 2161 3080 2222 ad
3143 2161 3296 2222 male
3325 2159 3682 2231 faciendum)

2020 2266 2254 2328 rursum
2289 2248 2361 2310 ab
2396 2268 2464 2311 eo
2498 2261 2852 2329 segregetur
2901 2257 2960 2310 et
3013 2249 3263 2311 exsulet.
3321 2249 3473 2310 Hinc
3506 2249 3685 2328 igitur

280 2346 433 2406 vina:
461 2343 770 2422 sapientia:
799 2341 1078 2402 antistite
1119 2342 1510 2405 aflirmaruut.
1547 2342 1776 2403 Animas
1807 2359 1936 2421 quae
2019 2337 2210 2416 quivis
2240 2338 2510 2400 scientiis
2567 2337 3008 2401 scientissimus
3055 2339 3262 2412 eVasit,
3298 2336 3678 2413 Hellenismi,

277 2435 386 2497 Dei
421 2433 843 2503 visitationem,
877 2430 998 2491 sive
1029 2431 1282 2492 divinam
1313 2431 1835 2507 illuminatiouem,
1869 2451 1936 2495 ac
2020 2426 2330 2501 Judaismi,
2371 2427 2835 2502 haeresum,vila:
2864 2426 3353 2503 orthodoxorum,
3392 2439 3449 2488 et
3477 2429 3692 2489 asceti-

277 2523 668 2587 serenitatem
699 2521 915 2600 adepta
929 2531 1041 2599 est,
1062 2528 1300 2599 peccata
1325 2529 1435 2600 est,
1467 2521 1722 2583 etnullis
1751 2522 1939 2582 turbis
2023 2534 2224 2576 corum
2249 2514 2669 2576 certaminum.
2693 2519 2781 2578 Ac
2812 2534 2919 2596 per
2947 2515 3381 2578 Hellenismum
3411 2515 3680 2595 quidem,

279 2615 566 2694 agitatur.
594 2609 948 2688 Hujusmodi
972 2609 1432 2672 illustrationem
1458 2611 1940 2691 exstinguuntin-
2026 2625 2248 2686 perque
2281 2617 2612 2682 externam,
2642 2616 2706 2668 ut
2727 2615 2960 2685 vocant,
2993 2606 3371 2687 sapientiam,
3405 2605 3682 2668 homines

278 2703 632 2768 humanitas
701 2700 969 2780 judicare
1031 2700 1298 2772 fratrem,
1365 2710 1536 2762 tenax
1587 2701 1937 2783 injuriarum
2026 2696 2373 2758 infraudem
2399 2697 2652 2769 inducit,
2684 2697 3357 2777 perludaismumvero,
3386 2695 3683 2757 etcultum

282 2792 600 2856 memoria.
636 2790 748 2863 Qui
781 2789 936 2851 enim
963 2808 1031 2850 ex
1067 2788 1480 2851 misericordia
1501 2799 1558 2852 et
1579 2792 1944 2853 humanitate
2025 2786 2131 2849 Dei
2165 2786 2238 2846 ab
2271 2785 2370 2847 illo
2406 2786 2843 2867 praescriptum,
2875 2785 3314 2867 judaizantibus
3342 2785 3682 2866 persuadet,

282 2883 393 2946 Dei
424 2891 697 2944 servatus
729 2887 838 2951 est,
873 2897 978 2959 per
1012 2877 1480 2940 misericordiam
1515 2889 1576 2943 et
1606 2880 1942 2941 humanita-
2031 2894 2131 2936 eos
2163 2877 2320 2937 bono
2352 2875 2411 2936 in
2444 2885 2596 2937 statu
2626 2876 2872 2938 versari.
2934 2875 3119 2954 quue
3178 2875 3355 2938 etiam
3388 2873 3685 2956 Agarenis

281 2984 400 3035 tem
432 2973 694 3035 salutem
726 2968 839 3028 sibi
871 2967 1186 3039 c‘ustodiet,
1231 2969 1562 3030 secnnduu.
1596 2969 1854 3030 divinam
1888 2979 1945 3031 et
2028 2965 2187 3027 fecit.
2224 2965 2336 3027 Per
2365 2965 2624 3027 haereses
2651 2966 2909 3027 cultores
2928 2965 3036 3026 Dei
3057 2963 3570 3044 circumscriptos,
3603 2962 3678 3024 ab

284 3064 516 3143 regiam
543 3078 748 3121 vocem
772 3057 853 3118 ita
875 3065 1184 3118 sonantem
1210 3076 1224 3118 :
1270 3057 1347 3120 lu
1377 3075 1493 3138 quo
1511 3058 1747 3137 judicio
1767 3059 1938 3140 judi-
1964 3083 2002 3133 ρ
2030 3073 2145 3115 una
2174 3054 2235 3114 in
2265 3054 2451 3115 Deum
2486 3054 2602 3115 fide
2633 3053 2880 3116 divellit.
2908 3053 3284 3118 Orthodoxos
3313 3070 3557 3143 quoque
3577 3070 3682 3132 per

297 3141 1287 3226 cubitis,vicissimjudicubimini:
1312 3157 1366 3209 et
1390 3165 1511 3228 qua
1530 3165 1947 3210 mensurame-
2028 3144 2114 3218 id,
2146 3143 2304 3223 quod
2337 3143 2702 3223 orthodoxae,
2723 3161 2831 3206 seu
2861 3162 2930 3206 ex
2958 3161 3096 3204 vera
3121 3150 3177 3203 et
3207 3151 3370 3204 recta
3399 3141 3683 3222 opinione

302 3246 566 3314 tiemiui,
590 3243 936 3301 remetiatur
955 3237 1178 3299 vobis52
1218 3238 1444 3300 Idcirco
1462 3239 1942 3317 praeredatmiseo

301 3331 575 3403 ricordia,
594 3339 939 3409 etsequatnr
959 3327 1387 3388 misericordia.
1424 3327 1570 3389 Nam
1598 3329 1750 3409 quia
1772 3329 1941 3408 gravi

306 3431 361 3483 et
383 3420 686 3482 incurabili
709 3418 924 3480 animze
952 3417 1159 3478 morbo
1179 3436 1283 3496 per
1307 3418 1493 3478 solam
1517 3420 1625 3481 Dei
1647 3419 1938 3480 visitatio-

304 3529 442 3572 nem
478 3509 764 3584 liberatus,
786 3517 845 3569 et
870 3507 1136 3586 sospitati
1168 3506 1473 3568 restitutus
1513 3517 1601 3569 est
1632 3508 1934 3587 gaudebit,

307 3610 360 3662 et
390 3599 725 3673 exsultabit;
759 3608 818 3658 et
845 3596 945 3676 qui
978 3596 1163 3675 ipsius
1213 3595 1511 3677 misertus,
1544 3597 1854 3659 sanitatem
1888 3598 1942 3658 ei

304 3691 558 3768 donavit,
594 3691 711 3751 Deo
745 3687 1051 3760 nimirum,
1089 3693 1202 3747 tota
1251 3685 1471 3761 anima,
1505 3697 1562 3748 et
1595 3696 1712 3748 tota
1746 3695 1942 3749 mente

295 3780 509 3860 gratias
535 3787 688 3858 eget,
724 3777 955 3856 eritque
989 3785 1331 3837 mansuetus
1354 3796 1420 3838 ac
1453 3777 1627 3851 leuis,
1661 3777 1766 3839 Dei
1797 3797 1934 3857 erga

287 3889 351 3932 se
397 3867 896 3940 misericordiam,
941 3865 1390 3944 benignitatem,
1426 3867 1702 3946 pietatem
1743 3869 1936 3930 admi-

283 3979 448 4022 rans:
479 3979 546 4020 ac
575 3956 810 4017 totusin
852 3955 1300 4036 benignitatem,
1345 3964 1403 4017 et
1437 3957 1666 4019 viscera
1706 3962 1939 4038 pietatis

2025 3232 2307 3293 institutae
2327 3231 2461 3293 vitae
2487 3232 2850 3308 adversatur,
2885 3251 2990 3313 per
3039 3232 3396 3312 voluptatem
3428 3229 3680 3308 scilicet,

2027 3341 2132 3403 per
2162 3323 2489 3396 avaritiam,
2526 3331 2584 3384 et
2614 3342 2823 3384 vanam
2876 3323 3144 3401 gloriam,
3198 3341 3231 3383 a
3261 3326 3384 3386 Deo
3412 3320 3678 3384 abducit.

2026 3411 2140 3473 Per
2168 3411 2484 3473 asceticam
2515 3411 2798 3490 denique,
2834 3420 2892 3473 et
2943 3410 3414 3492 philosophicam
3446 3409 3682 3472 vivendi

2029 3519 2230 3560 norma
2243 3520 2323 3580 m,
2357 3499 3329 3580 multorumqueincommodorum
3346 3497 3681 3579 perpessio-

2026 3608 2187 3662 nem,
2224 3608 2358 3650 cum
2391 3601 2620 3650 vectem
2643 3587 3239 3669 subjecerit,initium
3259 3587 3674 3668 improbitatis,

2027 3697 2242 3758 nempe
2266 3678 2764 3739 existimationem
2787 3677 2902 3753 sui,
2923 3679 3047 3739 sive
3074 3676 3494 3757 arrogantiam,
3521 3675 3684 3737 desi-

2024 3767 2382 3849 deriumque
2395 3768 2637 3830 honoris
2650 3767 2722 3830 ab
2734 3765 3677 3848 hominibusimpotentissimum,

2024 3859 2138 3919 hoc
2167 3858 2435 3919 omnium
2467 3858 2745 3919 virtutum
2779 3857 3140 3932 adversario,
3194 3865 3252 3920 et
3279 3855 3520 3918 inimico
3550 3873 3679 3917 ma-

2025 3948 2430 4028 chinamento,
2466 3949 2694 4010 animas
2723 3948 2783 4009 in
2816 3947 3129 4010 sanctitate
3145 3967 3213 4008 ac
3221 3947 3456 4028 justitia
3473 3945 3682 4006 viven-

278 4049 534 4116 eﬂ'usus.
569 4045 867 4107 similibus
897 4043 1186 4106 obnoxios
1218 4046 1625 4119 miserabitur,
1659 4036 1939 4108 adversus

2029 4038 2174 4100 tium
2213 4037 2532 4117 prosternit
2559 4045 2736 4119 atque
2781 4037 3090 4100 subvertit.
3141 4036 3504 4111 Quibusdam
3540 4039 3682 4096 item

179 4209 182 4212 ,
277 4138 590 4200 neminem
609 4136 820 4196 tollens
839 4134 1948 4214 supercilium,sedomnibussebil.ari-
2030 4127 2154 4187 ΖθῙυ
2181 4125 2286 4188 Dei
2313 4127 2557 4207 iniec“).
2583 4127 2688 4189 59d
2721 4146 2840 4187 ηοῐι
2871 4127 3200 4190 secundum
3232 4125 3544 4188 SCieMiam
3577 4124 3684 4214 mi'

275 4237 376 4290 ter
405 4225 730 4304 subjiciens
783 4223 882 4286 Sic
913 4213 1057 4285 sane
1093 4233 1370 4305 peccator
1426 4225 1644 4299 omnis,
1677 4245 1810 4288 cum
1845 4246 1950 4307 per
2031 4234 2199 4278 seros
2229 4216 2362 4307 illos
2393 4225 2670 4307 tyrannos
2717 4216 2934 4307 reddit,
2991 4217 3149 4307 quod
3183 4213 3683 4307 profectoumultis

282 4303 590 4381 Christum
626 4334 658 4373 a
685 4314 1039 4376 turbulentis
1095 4303 1357 4375 motibus
1406 4314 1714 4395 expeditus
1747 4303 1941 4391 fuerit,
1970 4305 2373 4395 Ddeﬂendum
2405 4313 2493 4395 est
2522 4304 2795 4386 lacrymis
2823 4323 2836 4368 :
2865 4306 3160 4395 siquidem
3187 4303 3580 4395 praesentibus
3596 4303 3686 4364 fu-

283 4405 574 4487 gaudehit
605 4415 662 4466 et
692 4403 1010 4466 exsultabit
1041 4403 1102 4464 in
1159 4404 1406 4466 salutari
1464 4392 1614 4485 ejus.
1651 4403 1709 4467 St
1743 4421 1942 4468 autem
2033 4395 2301 4487 iurisque
2329 4394 2504 4487 bonis
2535 4397 2864 4487 privamur.
2919 4394 3071 4487 Quid
3118 4413 3279 4487 enim
3309 4403 3399 4454 est
3425 4392 3680 4487 aliorum

286 4481 425 4579 post
454 4495 766 4556 sanitatem
800 4495 1102 4568 efferatur,
1150 4512 1334 4574 prope
1385 4503 1474 4554 est
1493 4481 1784 4574 tyrannus
1811 4495 1943 4556 dia-
2032 4485 2296 4545 Omnium
2326 4483 2619 4579 ίηῐεξΐξξυεν
2655 4483 2704 4544 εί
2735 4481 2867 4544 cum
2894 4482 3428 4579 lalillluhqminum
3449 4481 3686 4579 jaClura

284 4568 488 4663 belus,
525 4593 580 4646 et
611 4585 763 4664 apud
797 4603 900 4644 eos
932 4568 1326 4645 instrumenta
1357 4568 1684 4645 motionum
1729 4583 1946 4646 rationi
2029 4571 2615 4664 compareturthBc
2640 4590 2896 4664 namque
2914 4570 3229 4664 singularis
3249 4577 3338 4664 est
3369 4577 3427 4631 et
3455 4568 3684 4664 incom-

277 4695 406 4739 non
440 4657 875 4736 obedientium.
914 4673 1116 4735 Gratia
1168 4672 1385 4736 Christi
1437 4690 1502 4734 se
1533 4672 1858 4747 subducet,
1890 4681 1946 4734 et
2029 4661 2310 4744 parabilis
2337 4661 2720 4724 calalalnitas.
2753 4663 3038 4741 Sequitur
3067 4678 3206 4738 ergo
3229 4667 3291 4721 ut
3313 4657 3682 4747 investigan-

271 4770 520 4828 dzemon
556 4764 800 4845 propior
832 4764 1040 4838 factus,
1074 4776 1276 4824 mente
1309 4781 1625 4838 concussa,
1663 4781 1770 4845 per
1797 4745 1937 4825 cor-
2027 4754 2168 4845 dum
2185 4753 2280 4845 sit,
2299 4771 2414 4832 quo
2431 4759 2599 4833 pacto
2617 4749 3006 4845 ejusinsitlias
3037 4748 3390 4845 devitemus.
3423 4745 3689 4845 Idaliter

274 4874 396 4938 pus
425 4855 726 4917 deteriora
755 4852 1059 4935 prioribus
1091 4853 1327 4926 efﬁciet,

878 4969 1162 5035 ORATIO
1194 4971 1345 5035 XIII.

903 5081 1328 5128 ARGUMENTUM.

284 5177 545 5248 Quinqus
566 5190 780 5245 magna!
822 5173 1221 5248 artesdiaboli.
1258 5173 1539 5245 Quidquid
1567 5175 1697 5231 boni
1717 5177 1949 5248 propfer

363 5245 536 5303 Deum
565 5249 680 5317 agi!
712 5247 874 5318 horno
925 5245 984 5300 id
1016 5260 1189 5318 iugere.
1231 5247 1312 5301 vel
1357 5248 1491 5318 quia
1511 5248 1670 5318 petit.
1702 5245 1785 5304 ὖρί
1812 5245 1946 5318 quia

359 5321 580 5393 gralias
604 5315 726 5393 egit
782 5315 1060 5393 Quomodo
1099 5315 1945 5393 voluptasveri—cupientis“!-

2024 4841 2278 4903 inveniri
2297 4860 2414 4903 non
2443 4848 2654 4922 potest,
2680 4839 2795 4900 nisi
2822 4839 2895 4900 ad
2938 4846 3259 4900 extremam
3290 4835 3687 4898 humilitatem

2024 4930 2230 5012 animi,
2264 4939 2323 4993 et
2351 4947 2644 4992 summam
2678 4927 3101 4990 contritionem
3149 4925 3368 5000 cordis,
3407 4933 3582 5006 atque
3611 4923 3687 4986 ad

2029 5039 2210 5081 unum
2238 5023 2452 5094 Deum,
2488 5018 2889 5098 eumdemque
2917 5016 3249 5092 hominem,
3279 5023 3339 5077 et
3368 5013 3689 5076 Dominum

2027 5111 2057 5175 J
2065 5129 2231 5172 esum
2255 5109 2552 5174 Christum
2577 5107 3024 5188 confugiamus:
3073 5105 3196 5183 Qui
3225 5123 3338 5187 pro
3367 5105 3542 5167 nobis
3564 5123 3687 5184 pu-

2031 5202 2264 5284 gnabit,
2293 5209 2350 5262 et
2372 5217 2478 5262 nos
2499 5199 2827 5262 tacebimus
2842 5198 2942 5274 53;
2967 5196 3030 5258 in
3062 5217 3177 5279 quo
3207 5194 3332 5257 solo
3350 5193 3522 5256 datur
3540 5209 3690 5258 con.

2035 5302 2123 5353 tra
2153 5292 2384 5353 hostem
2422 5290 2584 5350 hunc
2613 5287 2802 5350 aciem
2849 5287 3168 5361 instruere,
3205 5293 3264 5348 et
3294 5284 3601 5358 resistere,
3634 5289 3697 5345 et

365 5372 936 5453 ἱὸῖἱζζξαιὶἷιεηιὶειιε
954 5389 1169 5462 urbem.
1204 5372 1448 5455 Quorum
1476 5372 1948 5462 hastilqizbr'm
2033 5382 2269 5443 vincere
2295 5401 2308 5442 :
2362 5397 2474 5440 nec
2503 5387 2592 5439 est
2612 5377 2711 5439 hic
2740 5376 2856 5438 alia
2882 5377 2998 5458 via,
3031 5377 3303 5458 ratioque
3353 5372 3688 5455 sapientiai.

363 5479 476 5519 non
503 5464 597 5526 sit,
632 5464 682 5518 is
709 5462 804 5533 qui
835 5464 915 5517 est
942 5459 1236 5525 Dominus,
1266 5465 1316 5516 et
1346 5476 1446 5516 rea:
1475 5459 1744 5518 omnium.

369 5561 516 5635 Quia
545 5561 824 5624 diabolus
849 5566 940 5621 est
967 5557 1209 5639 spiritus
1239 5558 1652 5638 intelligentiae
1675 5578 1942 5642 compos,

2112 5471 2486 5551 Quapropter
2534 5465 2585 5529 si
2637 5470 2698 5527 in
2756 5465 2973 5529 Christi
3031 5467 3279 5546 gratiam
3337 5467 3400 5527 in
3431 5470 3693 5544 egestate

2031 5560 2330 5642 quispiam
2359 5555 2593 5633 vixerit,
2626 5555 2888 5619 inediam
2946 5555 3294 5638 vigiliasque
3323 5551 3691 5633 toleraverit,

367 5740 648 5806 arcer.
686 5756 729 5817 ι,
763 5737 864 5804 3|.
947 5738 1242 5804 59Matth.
1275 5755 1382 5820 vn,
1411 5735 1474 5802 2.
1556 5717 2125 5813 53Exod.x1v,14.
