4160 6418
465 317 587 390 ιη
1789 317 2166 388 SYMEONIS
2205 319 2542 390 IUNIORIS
3745 323 3870 390 876

464 463 529 521 et
559 470 670 539 per
687 451 1114 522 continentiam
1147 473 1366 540 corpus
1395 455 1735 539 macerarit,
1767 455 2032 520 liberalis
2062 454 2124 516 in
2143 465 2186 516 Α
2200 457 2416 537 justus,
2435 455 2594 536 juste
2608 455 2870 536 postulat
2890 474 3028 519 eum
3048 455 3108 518 in
3125 474 3243 538 quo
3265 462 3356 518 est
3403 453 3554 518 ratio
3587 463 3646 518 et
3672 456 3863 522 intel-

466 565 786 629 pauperes,
819 548 1074 610 alienam
1104 546 1295 609 vicem
1326 547 1538 609 dolens
1565 565 1634 608 ac
1663 545 1956 627 benignus
1990 546 2122 607 fue-
2206 547 2423 620 lectus,
2457 546 2540 606 ita
2569 564 2634 607 se
2666 565 2806 625 erga
2827 549 3013 610 Deum
3039 564 3278 626 genere.
3302 547 3598 628 quomodo
3621 567 3686 610 se
3715 568 3862 630 erga

469 636 571 719 rit,
607 636 765 701 bene
793 656 960 714 sane,
995 644 1136 700 sunt
1165 638 1323 699 enim
1358 636 1512 699 bona
1527 638 1675 699 haec.
1699 637 2123 699 Verumtamen
2207 633 2476 696 homines
2497 635 2684 713 gerit:
2709 643 2767 698 et
2796 635 3006 697 timere
3039 635 3234 716 illum,
3258 635 3616 697 uthomines
3641 638 3858 700 timere

469 736 674 791 caveat
700 727 1041 808 diligenter,
1075 745 1152 788 ne
1180 725 1418 788 labores
1449 726 1865 789 etmercedem
1886 724 2115 807 perdat.
2205 723 2487 784 solemus.
2519 721 2674 784 Sane
2718 724 2766 785 si
2804 742 2912 785 nos
2943 723 3287 802 dignitatem
3325 741 3395 785 ac
3425 725 3852 804 praestantiam,

465 815 600 880 Etsi
631 814 794 878 enim
824 817 951 878 haec
991 833 1173 896 opera
1220 815 1378 877 bona
1407 823 1566 886 sunt,
1607 823 1804 877 tamen
1837 821 2124 896 praeterea
2205 831 2380 893 quam
2404 811 2553 872 ratio
2576 811 2747 874 nobis
2781 813 2972 887 affert,
3005 812 3428 874 labefactamus
3458 822 3633 894 atque
3661 813 3861 874 immi-

462 904 625 968 aliud
655 904 931 987 quiddam
963 906 1183 967 bonum
1216 913 1330 985 est,
1365 923 1471 985 per
1493 905 1650 984 quod
1673 905 1996 984 salvantur,
2019 903 2122 984 qui

465 1012 573 1078 per
601 993 716 1059 ista
742 995 993 1057 salutem
1022 994 1432 1074 adipiscantur
1459 1015 1472 1053 :
1539 993 1836 1074 siquidem
1868 993 2119 1054 duarum

465 1102 817 1161 magnarum
845 1102 1048 1146 rerum
1081 1085 1474 1146 instrumenta
1505 1091 1566 1145 et
1615 1082 1932 1146 efﬁcientia
1960 1089 2116 1157 sunt,

466 1173 903 1256 prepitiationis
936 1181 1098 1252 puta,
1161 1179 1220 1234 et
1273 1172 1593 1250 gratiarum
1654 1172 1932 1254 actionis,
1968 1180 2026 1233 et
2053 1189 2123 1233 ea

465 1271 807 1345 comparate
832 1263 959 1324 fieri
984 1280 1235 1326 necesse
1257 1269 1368 1324 est.
1393 1264 1543 1324 Nam
1574 1262 2124 1324 dilectusilleJoan-

464 1370 573 1415 nes
589 1353 670 1415 ait
694 1373 708 1413 :
739 1351 956 1414 Omnis
979 1354 1085 1432 qui
1103 1358 1336 1432 peccat,
1355 1368 1475 1413 non
1512 1352 1666 1414 vidit
1691 1351 1907 1431 Deum,
1931 1367 2121 1429 neque

462 1443 632 1506 novit
678 1459 813 1504 eum
854 1441 941 1504 54.
999 1439 1062 1502 Si
1092 1440 1272 1520 igitur
1299 1439 1437 1521 quis
1466 1439 1681 1519 agnitis
1708 1438 1968 1520 peccatis
1998 1437 2121 1499 suis

2205 919 2467 982 nuimus,
2501 901 2630 981 ipse
2662 921 2791 963 eam
2828 902 3183 964 labefactare
3231 911 3292 965 et
3347 903 3704 965 imminuere
3735 923 3860 965 non

2205 998 2403 1070 potest
2427 1011 2440 1048 :
2464 990 2567 1051 sed
2593 990 2920 1052 secundum
2943 999 3210 1053 naturam
3253 1010 3288 1054 a
3322 1010 3388 1053 se
3417 991 3632 1073 cuique
3659 991 3855 1055 tribu-

2205 1085 2348 1154 tam,
2386 1079 2560 1140 etiam
2593 1079 2784 1159 legem
2818 1080 3008 1142 teneri
3039 1081 3162 1142 vult
3186 1081 3246 1142 in
3277 1080 3578 1145 omnibus.

2284 1167 2428 1240 Quis
2458 1189 2598 1248 ergo
2651 1169 2866 1232 salvari
2911 1171 3298 1252 concupiscit,
3359 1175 3622 1251 quamvis
3680 1173 3746 1234 id
3789 1192 3858 1236 se

2204 1257 2632 1338 concupiscere
2688 1278 2897 1321 omnes
2955 1259 3301 1323 fateantur?
3358 1260 3578 1323 Omnes
3608 1264 3860 1342 cupiunt

2205 1345 2584 1409 affluentibus
2620 1366 2816 1409 rerum
2851 1349 3036 1430 copiis
3066 1349 3266 1432 ditari,
3308 1370 3637 1434 aurumque
3664 1362 3721 1415 et
3751 1372 3856 1414 ar-

2202 1445 2467 1512 gentum,
2503 1437 2729 1517 lapides
2765 1439 3077 1520 pretiosos,
3130 1441 3478 1520 margaritas
3506 1443 3652 1504 citra
3680 1443 3854 1505 laho-

463 1531 831 1614 paenitentiae
857 1530 1061 1593 lumen
1091 1528 1415 1610 acceperit,
1451 1536 1510 1591 et
1541 1528 1828 1609 paenitere
1847 1527 2114 1608 coeperit,
2204 1541 2330 1614 rem
2362 1525 2795 1602 lassitudinem,
2831 1546 3182 1606 aerumnam,
3219 1530 3686 1593 sollicitudinem
3717 1551 3853 1614 pos-

463 1613 604 1685 talia
633 1639 819 1701 opera
849 1618 1162 1700 suscipiet,
1195 1625 1262 1679 ut
1309 1617 1600 1680 Dominus
1645 1617 1774 1697 ejus
1803 1615 2117 1681 contritio-
2202 1613 2422 1687 sidere,
2458 1616 2614 1695 quod
2661 1617 2792 1678 fieri
2822 1617 2977 1679 haud
3011 1626 3223 1700 potest.
3283 1619 3393 1693 Qui
3423 1621 3606 1702 igitur
3632 1613 3804 1684 aiunt
3834 1643 3850 1684 :

461 1729 626 1787 nem,
661 1708 1086 1784 humilitatem,
1117 1707 1379 1770 studium
1440 1707 1636 1769 alacre
1666 1707 1880 1780 videat,
1917 1714 1974 1768 et
2005 1705 2118 1807 mi-
2143 1764 2180 1812 Β
2203 1702 2416 1802 salvari
2445 1704 2734 1806 volumus,
2772 1714 2828 1768 et
2861 1726 2968 1786 pro
3015 1708 3600 1812 soalute-acquii'enda
3631 1713 3852 1774 defati-

463 1807 658 1863 sertus
689 1797 746 1860 ei
775 1797 1220 1860 reconcilietur.
1246 1797 1608 1876 Argumenta
1623 1803 1819 1857 autem
1840 1795 2118 1857 reconci-
2143 1791 2180 1812 ”
2203 1791 2501 1869 gationem
2525 1793 2708 1855 animi
2734 1802 2791 1856 et
2820 1797 3088 1876 corporis
3107 1799 3326 1860 nullam
3358 1801 3661 1881 suscipere
3683 1803 3855 1864 insti-

462 1886 902 1968 liationissunt,
924 1887 1243 1948 affectuum
1260 1885 1634 1948 turbidorum
1652 1883 2116 1961 sedatio,odium
2205 1889 2398 1955 tuunt,
2435 1883 2531 1963 qui
2568 1886 2804 1946 tandem
2837 1886 3048 1948 salvari
3079 1890 3350 1968 queunt?
3403 1891 3641 1970 quando
3675 1893 3854 1954 etiam

465 1975 717 2058 peccati,
753 1983 1080 2057 perpetuus
1130 1974 1238 2036 Dei
1291 1973 1516 2055 ubique
1577 1974 1884 2054 prmsentis
1916 1973 2115 2048 timor,
2203 1970 2304 2051 qui
2329 1971 2536 2034 salutis
2557 1992 2734 2036 causa
2760 1974 2832 2036 ad
2856 1974 3243 2039 laborandum
3271 1981 3527 2060 prompti
3552 1989 3712 2062 sunt,
3749 1990 3850 2044 to-

465 2064 872 2146 compunctio,
904 2063 1136 2144 religio,
1173 2063 1358 2125 animi
1390 2063 1450 2124 in
1485 2063 1668 2125 sacris
1699 2063 1991 2152 cantibus,
2026 2062 2116 2152 le-
2204 2067 2379 2152 toque
2411 2062 2830 2139 animo,verbo
2862 2073 3251 2146 etopereeam
3277 2079 3581 2150 expetunt,
3605 2072 3854 2152 uecipsi

464 2153 790 2228 ctionihus,
822 2152 1228 2216 auditionibus
1258 2171 1292 2214 a
1322 2154 1445 2215 Deo
1497 2152 1916 2233 inspiratarum
1951 2149 2117 2214 Scri-
2203 2149 2444 2240 quidem
2476 2152 2685 2214 salvari
2717 2163 2984 2235 possunt.
3019 2155 3093 2219 Ut
3148 2158 3332 2226 enim.
3354 2149 3367 2150 ί
3395 2160 3497 2240 qui
3529 2180 3666 2222 eum
3698 2149 3849 2224 nihil

465 2249 774 2326 pturarum
805 2241 1069 2304 attentio.
1104 2240 1361 2305 Omnino
1391 2241 1549 2303 enim
1583 2259 1760 2302 nemo
1791 2241 2118 2322 quidquam
2202 2236 2496 2315 laborent,
2529 2250 2728 2304 tamen
2760 2244 3354 2323 salvaridesiderant,
3377 2236 3589 2311 salvari
3608 2252 3848 2329 nolunt,

463 2332 678 2395 horum
711 2340 846 2394 ante
873 2338 1281 2411 recuperatam
1306 2329 1412 2422 Dei
1438 2329 1686 2422 gratiam
1705 2329 2114 2422 consequitur.
2202 2345 2334 2388 cum
2367 2330 2526 2422 salus
2557 2331 2686 2422 sine
2714 2332 2922 2394 labore
2951 2354 3068 2396 non
3095 2345 3357 2399 constet:
3413 2340 3502 2402 sic
3527 2341 3626 2422 qui
3656 2342 3852 2404 facul-

461 2421 739 2511 Animam
769 2420 990 2511 quippe
1035 2420 1222 2498 gratia
1276 2419 1384 2511 Dei
1441 2419 1888 2511 quodammodo
1913 2417 2115 2498 tangit,
2204 2423 2320 2511 tate
2351 2420 2782 2511 prudentiaque
2815 2426 3053 2505 propria
3093 2425 3166 2486 ad
3225 2427 3459 2491 labores
3516 2417 3621 2511 pro
3653 2433 3852 2494 salva-

459 2507 1445 2601 inaspectabiliquadam__ratione
1501 2509 1557 2571 ei
1609 2508 2015 2601 reconciliata,
2062 2516 2121 2569 et
2202 2505 2364 2568 tione
2395 2507 2719 2601 obtinenda
2749 2514 3194 2592 aggrediuntur,
3254 2517 3390 2580 ideo
3424 2538 3494 2581 ea
3517 2505 3702 2601 potiri
3734 2542 3853 2585 ne-

466 2619 598 2684 qua)
627 2619 697 2662 eo
728 2618 918 2680 usque
965 2598 1260 2662 instabilis
1315 2609 1376 2660 et
1425 2616 1573 2678 vaga
1628 2598 1758 2673 fuit,
1794 2598 2019 2689 ﬁrmari
2049 2616 2118 2659 ac
2200 2605 2448 2689 queunt,
2482 2600 2639 2689 quod
2673 2620 2788 2663 non
2820 2603 2880 2663 in
2915 2604 3132 2664 virtute
3155 2605 3364 2668 salvari
3386 2598 3704 2689 cupientis,
3738 2612 3848 2674 sed

466 2683 720 2754 stabiliri
750 2688 981 2770 incipit.
1014 2688 1104 2750 En
1128 2707 1306 2750 unam
1335 2707 1462 2750 rem
1492 2706 1762 2768 magnam
1787 2687 2118 2748 etadmira-
2198 2683 2258 2743 in
2293 2685 2703 2751 misericordia
2729 2691 2834 2752 Dei
2861 2691 3182 2770 perJesum
3203 2683 3500 2759 Christum
3529 2683 3854 2764 constituta

465 2779 676 2854 bilem,
710 2797 818 2870 pro
850 2797 968 2870 qua
996 2779 1199 2870 gratiae
1240 2777 1532 2870 debentur
1565 2778 2117 2870 Deo._Consecutus
2199 2780 2312 2833 est.
2339 2774 2508 2870 Alius
2528 2777 2688 2840 enim
2738 2794 2827 2842 est
2873 2782 2973 2862 qui
3005 2784 3282 2859 salvatur,
3319 2797 3376 2847 et
3405 2788 3556 2850 alius
3587 2791 3685 2870 qui
3718 2793 3846 2853 sal-

465 2876 662 2931 autem
698 2866 1195 2941 misericordiam,
1220 2866 1555 2940 sanitatem,
1581 2864 2035 2941 ﬁrmitudinem,
2064 2866 2115 2926 si
2198 2871 2310 2925 vat.
2363 2864 2597 2946 Absque
2625 2887 2718 2930 me
2763 2887 2885 2933 non
2915 2881 3002 2933 est
3029 2873 3298 2936 salvator
3335 2878 3419 2952 55,
3452 2879 3533 2940 ait
3563 2864 3735 2943 Deus.
3769 2881 3843 2942 Et

465 2957 600 3019 haec
627 2954 996 3048 opera-facit,
1015 2961 1097 3048 _ut
1127 2973 1233 3035 pro
1290 2953 1522 3048 adeptis
1576 2953 1791 3048 gratias
1821 2961 1972 3048 agat,
1998 2971 2114 3048 pro
2196 2954 2495 3048 apostolus
2523 2958 2773 3020 Paulus:
2809 2959 2966 3022 Velle
2996 2962 3216 3026 bonum
3238 2965 3478 3043 adiacet
3499 2969 3659 3047 milii,
3697 2988 3834 3048 per-

465 3042 978 3124 reconciliatione,
1012 3043 1255 3124 inquam
1285 3061 1417 3104 cum
1437 3042 1558 3104 Deo
1590 3043 1765 3104 etiam
1785 3042 1873 3105 sic
1900 3042 2114 3104 rationi
2133 3091 2172 3142 Ο
2200 3043 2372 3105 ﬁcere
2392 3053 2594 3108 autem
2611 3066 2728 3108 non
2744 3051 2984 3112 invenio
2997 3052 3079 3111 56.
3104 3053 3253 3126 Quid
3280 3042 3482 3135 igitur,
3514 3042 3841 3122 Paule‘iDie

467 3133 895 3198 convenienter
919 3133 1123 3226 faciet,
1143 3142 1208 3226 ut
1263 3133 1583 3226 perfectam
1637 3133 2111 3226 redemptionem
2138 3133 2172 3142 “’
2197 3147 2325 3208 age,
2357 3151 2473 3226 quo
2497 3148 2668 3214 pacto
2694 3139 2902 3200 salvari
2924 3141 3111 3204 licet?
3132 3133 3358 3208 Gratias
3379 3165 3485 3226 ago
3511 3148 3631 3210 Deo
3683 3168 3842 3225 meo,

466 3235 885 3320 consequatur,
920 3231 982 3320 et
1008 3222 1718 3320 diviniore_cog-nitione.
1741 3223 2110 3320 occultorum
2196 3222 2539 3320 respondet.
2567 3243 2672 3320 per
2698 3226 2901 3320 Jesum
2932 3232 3255 3315 Christum,
3285 3222 3442 3313 quid
3471 3238 3570 3300 tea:
3590 3222 3851 3320 spiritus

464 3313 576 3378 Dei
606 3313 896 3405 honorum
928 3314 1201 3405 (quorum
1233 3313 1612 3405 pulchritudo
1667 3311 1740 3405 ab
1771 3313 1960 3405 oculis
1995 3332 2114 3405 non
2197 3310 2424 3405 autem
2439 3312 2715 3405 _Christo,
2752 3319 3033 3384 tibera-vit
3059 3340 3156 3384 me
3185 3310 3855 3405 alepcpeccati'etmor-

469 3402 841 3495 peccantium
874 3403 1072 3495 modo,
1105 3421 1312 3495 verum
1345 3401 1522 3495 etiam
1549 3401 1961 3495 pmnitenti‘um
1985 3404 2118 3495 abs-
2199 3398 2276 3495 (is
2437 3399 2508 3461 Et
2532 3405 2721 3481 gratia
2751 3406 2826 3468 sit
2858 3408 3113 3490 benigno
3143 3398 3421 3495 Deo,vqui
3455 3435 3522 3477 ex
3554 3416 3854 3479 immensa

465 3491 704 3556 condita
737 3493 849 3573 est)
884 3491 1096 3572 dignus
1125 3493 1356 3557 evadat.
1407 3492 1759 3573 Quicunque
1791 3491 1970 3571 igitur
1998 3493 2115 3553 hu-
2197 3487 2486 3552 Charitate
2510 3511 2647 3572 erga
2669 3495 2943 3559 homines
2966 3487 3159 3579 ipsum
3177 3487 3482 3566 vellecum
3503 3507 3852 3572 inﬁrmitate

456 3581 726 3680 jusmodi
752 3582 1019 3645 actiones
1065 3590 1374 3680 usurpant,
1407 3582 1788 3680 simpliciter_
1813 3591 1876 3644 ut
1906 3582 2114 3664 bonas,
2199 3579 2517 3679 copulavit,
2552 3592 2618 3680 ut
2650 3586 2825 3647 homo
2858 3589 3060 3652 volens
3086 3610 3204 3653 non
3236 3595 3422 3673 possit
3454 3595 3675 3658 bonum
3712 3618 3826 3680 ope

462 3690 578 3767 nec
605 3671 681 3733 ob
702 3672 809 3734 has
838 3690 1071 3745 causas,
1121 3673 1443 3767 culpa‘non
1477 3681 1704 3748 carent,
1737 3671 2117 3767 viventesque
2200 3668 2360 3767 rari,_
2379 3672 2612 3767 tametsi
2627 3693 2773 3767 cum
2796 3676 3008 3767 labore
3042 3668 3275 3758 multo;
3301 3692 3358 3746 et
3386 3685 3447 3746 in
3469 3686 3662 3767 ipsum
3688 3668 3856 3750 arro-

462 3761 526 3861 in
571 3768 835 3861 egestate
881 3761 1232 3861 voluntaria,
1282 3762 1648 3843 jejunantes,
1712 3761 2118 3861 eleemosynas
2200 3759 2416 3861 gantiw
2437 3762 2745 3861 vestigium
2775 3766 3055 3846 declinet,
3090 3790 3220 3852 quae
3237 3759 3848 3861 primum-peccatum,

461 3849 897 3944 impertientes,
933 3851 1268 3944 moriuntur
1299 3853 1905 3944 peccatores.__Atque
1933 3852 1992 3913 id
2025 3853 2116 3914 la-
2199 3856 2258 3909 et
2288 3849 2792 3944 fonsAcriminum,
2827 3865 2884 3918 et
2942 3849 3166 3923 naturae
3219 3849 3400 3944 lapsae
3427 3849 3851 3931 ac'debilitata;

464 3938 786 4033 mentabile
815 3946 928 4016 est,
965 3959 1068 4003 eos
1095 3940 1251 4033 apud
1280 3949 1397 4003 tam
1449 3941 1798 4033 placabilem
1833 3944 2020 4004 Deum
2052 3960 2116 4004 se
2199 3957 2375 4033 causa
2409 3941 2547 4033 fuit.
2610 3943 2746 4006 Solo
2805 3967 3060 4030 namque
3109 3951 3232 4014 Deo
3281 3938 3442 4016 vires
3484 3957 3846 4033 sufficiente,

461 4027 526 4090 in
556 4026 889 4123 gratianon
917 4029 1286 4109 reposuisse,
1345 4047 1539 4110 neque
1568 4029 1897 4123 secundum
1916 4033 2112 4123 ratio-
2199 4027 2375 4123 etiam
2405 4028 2534 4110 ipsa
2560 4033 2830 4098 voluntas
2861 4026 3059 4102 nostra
3112 4042 3186 4102 ad
3232 4044 3360 4123 ejus
3385 4044 3740 4109 voluntatem
3773 4026 3848 4111 ab

464 4115 1132 4198 nemvidelicet,neque
1149 4128 1547 4211 congruenter
1561 4118 2112 4211 reconciliationem
2199 4119 2362 4211 om_r_ii
2389 4123 2739 4202 arrogantiae
2767 4130 2998 4191 macula
3029 4115 3327 4211 purgatur.

463 4213 762 4306 operatus.
797 4209 1207 4306 congruenter
1236 4208 1392 4285 dico,
1427 4206 1648 4306 quiasi
1685 4208 1811 4306 jam
1842 4207 2114 4306 reconci-
2279 4207 2499 4271 Verum
2532 4213 2949 4306 dicatfortasse
2969 4206 3205 4304 aliquis,
3230 4225 3369 4304 quid
3395 4246 3568 4306 porro
3591 4229 3846 4294 salutem

464 4293 640 4402 lintris
653 4294 848 4395 adhuc
845 4294 1084 4402 iisdem
1107 4315 1213 4379 pro
1237 4296 1723 4398 reconciliatione
1744 4296 2118 4402 impetranda
2139 4353 2181 4402 Β
2200 4302 2584 4380 consequenti
2615 4307 2918 4388 proprium
2977 4293 3336 4392 relinquitur
3363 4293 3408 4374 ‘?'
3441 4315 3502 4378 Si
3535 4318 3692 4380 enim
3720 4320 3853 4400 ipsa

464 4382 700 4446 deditus
721 4383 820 4459 sit,
845 4387 1034 4484 Deum
1059 4404 1093 4448 a
1129 4404 1195 4448 se
1235 4386 1486 4484 avertit:
1522 4385 2026 4484 quemadmodum
2061 4382 2438 4484 et”quoque
2468 4382 2742 4456 voluntas
2760 4398 2890 4477 ejus
2936 4382 3284 4465 sublimiore
3343 4407 3594 4484 quadam
3631 4382 3849 4472 virtute

461 4481 601 4538 ante
620 4473 1194 4580 reconciliationem,
1223 4475 1275 4536 si
1298 4495 1403 4577 pro
1416 4475 1739 4580 gratiarum
1756 4474 2120 4576 actioneista
2200 4473 3015 4580 indigetnquomodovvolens
3046 4491 3302 4554 salvatur
3326 4473 3509 4558 ?'Hoc
3570 4507 3656 4559 est
3686 4501 3848 4580 quod

464 4569 723 4666 prmstet.
751 4561 987 4664 Etenim
1015 4564 1321 4666 honmokut
1354 4563 1763 4646 intelligentiae
1801 4583 1878 4666 ac.
1900 4565 2120 4666 mentis
2201 4567 2391 4666 solum
2425 4570 2483 4666 ei
2503 4561 2890 4656 relinquitur,
2925 4588 2987 4641 ut
3021 4580 3220 4643 audiat
3245 4583 3320 4644 de
3338 4585 3549 4666 salute,
3585 4561 3849 4666 ejusde-

463 4635 766 4752 particeps
812 4651 1032 4714 animal
1084 4635 1427 4756 facultatem
1480 4635 1883 4756 cognoscendi
1912 4653 2113 4756 habent,
2201 4656 2423 4718 siderio
2454 4635 2775 4756 ﬂagret,let
2805 4635 3318 4751 no’ri—tveuiiifqui
3338 4635 3810 4756 's'ii'vsvﬁevESQQE
3829 4697 3843 4741 :

464 4739 785 4841 omniaque
817 4761 954 4841 cu_m
989 4742 1220 4841 ratione
1235 4755 1311 4841 et
1367 4743 1703 4841 cognitione
1731 4742 1818 4804 illi
1844 4743 2119 4841 facienda
2200 4755 2414 4810 caetera
2442 4759 2504 4811 ut
2527 4739 2642 4812 sibi
2671 4753 2969 4818 donentur
2988 4758 3060 4819 ab
3099 4739 3169 4820 eo
3199 4739 3300 4841 qui
3329 4744 3574 4839 salvare,
3608 4739 3668 4827 et
3697 4739 3851 4828 con;

461 4836 603 4934 {unt
626 4847 640 4894 :
665 4829 727 4931 id
743 4831 904 4912 quod
927 4849 1066 4911 erga
1085 4831 1362 4934 homines
1382 4833 1530 4934 alios
1557 4833 1754 4934 facere
1783 4831 2106 4934 consuevit.
2197 4851 2458 4934 servare,
2494 4849 2550 4901 et
2580 4842 2901 4907 restituere
2930 4865 2991 4908 in
3039 4829 3348 4928 pristinum
3384 4829 3598 4914 statum
3632 4863 3848 4934 potest,

463 4917 577 4993 Qui
607 4918 767 5020 enim
789 4939 990 5024 regem
1017 4921 1370 5024 pro‘oﬂ‘ensa
1385 4922 1500 5023 sibi
1531 4922 2105 5024 prOpitiarestudet,
2193 4943 2263 5024 ex
2294 4928 2413 5024 imo
2449 4938 2710 5024 pectore.
2755 4935 2916 5024 omni
2976 4917 3344 5003 dubitatione
3401 4917 3852 5024 remotalroget;

463 5027 586 5112 non
610 5007 776 5112 prius
789 5009 1014 5112 gratias
1030 5010 1168 5090 agit,
1189 5030 1370 5112 quam
1399 5011 1460 5074 in
1496 5013 1624 5112 ejus
1651 5011 1973 5112 amicitiam
2003 5032 2106 5112 re-
2199 5015 2375 5112 ducto
2396 5007 2566 5112 initio
2587 5020 2659 5112 ab
2679 5022 3028 5102 accipienda
3058 5026 3354 5090 voluntate
3382 5049 3497 5111 qua
3525 5031 3682 5106 velit,
3719 5007 3856 5112 qua;

460 5097 704 5201 stitutus
731 5097 845 5201 sit:
881 5099 986 5201 sed
1032 5107 1335 5201 conatur,.
1362 5112 1426 5162 ut
1485 5101 2115 5201 priustlacatumha-
2199 5105 2332 5201 Dei,
2369 5116 2426 5201 et
2441 5109 2661 5201 salutis
2690 5097 2850 5188 sunt,
2889 5132 3075 5194 usque
3127 5116 3266 5177 dum
3302 5097 3430 5179 eam
3464 5097 3853 5201 adipiscatur,

463 5185 624 5291 beat,
657 5195 882 5291 actum
913 5187 1158 5291 demum
1189 5189 1510 5291 gratiarum
1566 5191 2110 5291 actionenfungitur.
2202 5204 2258 5257 et
2288 5196 2653 5291 desiderium
2714 5185 3119 5283 conquiescat.
3170 5206 3432 5268 Primum
3493 5185 3712 5291 quippe
3743 5185 3856 5272 Dei

461 5275 702 5359 Alioqui
731 5280 821 5334 τὸν
852 5277 1068 5358 λογικὸν
1094 5279 1342 5357 (mentis
1387 5277 1754 5361 'compotem)
1790 5279 1898 5343 Dei
1929 5281 2118 5344 Patris

462 5364 621 5445 λόγος
652 5366 866 5450 (mens)
900 5375 959 5430 et
985 5367 1196 5446 Filius,
1260 5377 1320 5431 et
1370 5370 1534 5432 solus
1591 5368 1858 5432 Salvator
1885 5370 2113 5433 salvere

463 5451 671 5535 ἀλόγως
699 5454 863 5536 (sine
894 5464 1097 5522 mente
1124 5476 1231 5522 seu
1283 5459 1530 5542 temere)
1574 5478 1695 5522 non
1728 5459 1870 5522 vult.
1901 5461 2020 5525 Sed
2054 5472 2115 5526 ut

2198 5305 2413 5386 munus
2434 5296 2543 5362 est,
2571 5290 2829 5371 aliquem
2856 5293 2930 5353 de
2953 5294 3142 5355 salute
3163 5296 3340 5358 verba
3359 5290 3669 5360 facientem
3695 5318 3852 5379 pan-

2197 5375 2341 5437 cisci
2371 5399 2386 5446 ;
2417 5395 2722 5457 prmcones
2751 5381 2909 5442 enim
2944 5383 3352 5461 ignorantibus
3401 5375 3714 5449 mittuntur
3741 5405 3755 5450 :
3794 5398 3855 5450 et

2196 5467 2309 5528 hoc
2337 5465 2559 5528 donum
2593 5470 2767 5549 plane
2801 5471 3086 5534 mittentis
3133 5483 3245 5537 est.
3275 5477 3615 5539 Secundum
3647 5486 3851 5540 autem

540 5643 802 5717 NJoan.
835 5667 924 5730 In,
954 5655 1018 5718 6.
1102 5654 1167 5710 55
1192 5652 1310 5722 Isa.
1341 5671 1508 5735 nm,
1541 5657 1641 5724 ll.
1723 5659 1788 5752 56
1817 5661 1995 5727 Rom.
2030 5678 2136 5742 vn,
2170 5663 2270 5730 18.
2353 5665 2418 5718 57
2445 5663 2618 5731 Rom.
2650 5683 2773 5744 vni,
2809 5667 2872 5732 2.
