4160 6388
311 348 432 417 377

1763 359 2048 426 ORATIO
2089 357 2257 427 XIII.

3589 365 3708 434 378

309 487 740 578 munusquod
798 487 1074 552 humana
1121 497 1347 555 natura
1379 499 1555 555 antea
1582 491 1826 556 insitum
1859 503 2037 568 est,-A
2058 494 2209 557 Tum
2240 493 2342 557 ille
2387 493 2673 576 quasivit,
2709 493 2849 576 quid
2882 504 3041 558 esset
3083 496 3322 560 veritas.
3377 496 3494 560 Sed
3529 498 3710 578 tacuit

308 595 493 639 aures
523 575 701 639 dictis
729 579 1132 642 commodare.
1169 579 1306 643 ldeo
1339 583 1495 643 enim
1513 583 1697 646 etillis
1727 584 1827 664 qui
1859 603 1976 646 non

302 666 585 741 audiunt,
628 667 724 728 his
784 667 984 731 verbis
1038 669 1256 732 Christi
1312 671 1661 750 gnavussime
1694 672 1974 735 minatur.

302 756 520 820 Sinon
537 759 1012 837 receperint,nec
1023 761 1304 822 audierin
1315 769 1336 820 ι
1349 779 1468 824 vos.
1482 761 1856 826 tolerabilius
1866 763 1978 825 erit

303 853 501 907 terra
513 846 920 910 Sodomorum
936 855 991 910 et
1012 848 1538 914 Gomorrhoeorum
1553 854 1618 914 in
1629 852 1974 936 diejudicz‘i,

303 953 503 1017 quam
529 936 658 998 illis
682 937 766 999 58.
801 936 1062 999 Tertium
1081 938 1188 1000 Dei
1211 939 1431 1000 donum
1457 941 1657 1002 lumen
1680 941 1975 1022 quoddam

306 1034 428 1095 est,
464 1025 623 1106 quod
662 1025 966 1089 intellectu
994 1027 1376 1108 perspicitur.
1414 1030 1689 1110 quodque
1722 1030 1977 1093 maxime

304 1131 530 1176 recens
561 1134 670 1196 per
722 1115 1079 1194 baptismum
1129 1116 1480 1180 illuminaiis
1537 1118 1834 1180 tribuitur.
1867 1119 1978 1192 Qui

305 1223 574 1285 namque
596 1204 672 1267 de
695 1206 884 1267 salute
905 1206 1148 1279 audivit,
1203 1225 1386 1287 seque
1418 1207 1653 1270 docenti
1688 1215 1976 1270 attentum

304 1293 598 1375 prabuit,
627 1295 814 1374 ipsam
841 1295 1084 1375 quidem
1115 1295 1862 1376 desideravit,e|egantiam
1877 1316 1977 1358 au~

308 1391 432 1444 tem
468 1393 527 1446 et
563 1384 1067 1465 pulchritudinem
1123 1386 1254 1466 ejus
1302 1387 1563 1447 nomium
1625 1386 1883 1467 aspexit,
1919 1395 1977 1448 et

310 1475 516 1536 divino
549 1476 779 1538 lumine
803 1478 1048 1557 mystice
1080 1497 1230 1558 opns
1251 1476 1624 1560 habet,quod
1640 1479 1695 1540 ei
1717 1479 1978 1557 desuper

305 1563 652 1637 obumbret,
679 1566 804 1627 Hoc
827 1567 1046 1628 anima
1068 1568 1278 1630 oculos
1302 1568 1670 1651 illuminans,
1695 1567 1812 1629 duo
1848 1568 1972 1629 hac

308 1655 595 1728 ostendit,
622 1656 1131 1737 pulchritudinem
1159 1657 1553 1720 etfaditatem
1587 1677 1599 1721 :
1633 1657 1969 1738 pulchritu-

312 1743 515 1850 dipem
550 1745 796 1825 quidem
855 1746 1091 1822 salutis,
1153 1747 1477 1810 faditatem
1538 1767 1675 1809 vero
1711 1748 1840 1828 ejus
1871 1747 2032 1850 quiB

319 1831 592 1894 salvatur.

404 1920 551 1992 Quid
581 1922 841 2003 amplius
871 1925 900 1984 ?
952 1933 1260 2006 postquam
1322 1925 1685 1988 desiderium
1721 1927 1968 2007 primam

325 2009 536 2071 anima
563 2013 882 2075 motionem
900 2031 1232 2089 assumens,
1255 2015 1615 2076 voluntatem
1641 2016 1835 2076 adhuc
1852 2014 1970 2074 im-

323 2097 613 2179 becillem,
649 2110 708 2162 et
736 2102 1167 2163 cunctatiorem
1207 2111 1264 2165 et
1293 2103 1682 2184 impotentem
1717 2104 1791 2164 ad
1818 2103 1972 2164 salu-

320 2196 437 2250 tem
472 2190 768 2266 habuerit,
800 2194 1180 2274 senseritque
1210 2193 1408 2257 anima
1430 2193 1749 2256 voluntatis
1784 2192 1968 2254 mise-

309 2281 486 2353 riam,
514 2298 582 2340 ex
605 2280 722 2342 alto
741 2281 1021 2344 virtutem
1055 2283 1301 2363 ﬂagitat,
1356 2293 1418 2346 ut
1444 2284 1713 2346 voluntas
1747 2283 1966 2344 conﬁr-

306 2377 530 2442 metur,
566 2378 623 2430 et
653 2377 770 2432 tota
823 2373 1075 2434 salutem
1135 2374 1356 2455 cupiat.
1418 2375 1718 2438 Posthac
1761 2372 1971 2453 incipit

302 2458 524 2537 oratio,
558 2457 856 2522 laboriosa
884 2462 956 2522 ad
992 2467 1496 2545 cognoscendum,
1529 2473 1638 2525 eta
1660 2462 1970 2544 spiritibus

302 2545 690 2619 adversariis,
717 2559 784 2612 ut
805 2552 1031 2613 arundo
1054 2553 1293 2630 agitata.
1316 2553 1452 2616 Hac
1473 2554 1820 2616 conﬁrmata
1845 2553 1967 2613 hac

299 2636 581 2698 voluntas
611 2638 924 2721 laborabit,
958 2651 1016 2702 et
1048 2643 1286 2704 sudabit
1313 2645 1588 2719 multum,
1628 2652 1840 2724 petens
1870 2643 1966 2703 di-

300 2724 509 2787 vinum
543 2729 756 2788 orandi
785 2728 1004 2791 donum
1037 2732 1268 2794 calitus
1297 2733 1594 2814 accipere,
1644 2742 1707 2794 ut
1736 2733 1796 2793 in
1830 2730 1968 2812 Spi-

303 2814 426 2876 ritu
464 2824 673 2878 sancto
691 2818 791 2879 ﬁat
814 2820 1024 2893 oratio,
1053 2822 1252 2883 Iesum
1278 2822 1435 2883 enim
1462 2842 1580 2884 non
1609 2827 1802 2902 potest
1831 2820 1964 2881 ani-

2058 583 2540 665 Dominns,quod
2571 584 2752 646 sciret
2784 585 3026 646 Pilatum
3058 585 3170 648 hoc
3200 587 3542 668 mysterium
3564 587 3706 648 abs-

2059 673 2363 736 conditum
2395 693 2510 735 non
2573 693 2747 754 posse
2799 693 3036 756 capere.
3094 675 3243 738 Nam
3295 695 3428 738 eum
3459 696 3707 757 regnare

2060 782 2242 842 super
2285 782 2521 824 omnem
2556 763 2860 825 hominem
2912 773 3167 846 oportet,
3227 765 3504 847 quoniam
3537 767 3711 828 aliter

2061 852 2441 914 characteres
2461 851 2781 913 rationales
2807 853 3318 916 humananatura
3331 854 3483 935 apud
3500 874 3708 916 unum-

2061 959 2356 1021 quemque
2377 940 2764 1022 resplendere
2783 961 3151 1023 nequaquam
3173 953 3416 1024 possunt
3442 965 3456 1001 :
3487 953 3543 1006 et
3564 944 3710 1007 irra-

2062 1029 2513 1091 tionabilitatem
2533 1040 2742 1110 prater
2773 1039 3039 1093 naturam
3069 1051 3136 1094 ex
3171 1045 3412 1113 peccato
3443 1033 3503 1095 in
3525 1052 3712 1113 genus

2061 1120 2385 1181 humanum
2408 1119 2760 1195 ingressam,
2783 1128 2957 1202 atque
2973 1121 3050 1181 ita
3073 1121 3385 1193 ﬁrmatam,
3401 1132 3463 1184 ut
3487 1141 3709 1185 secun-

2059 1227 2199 1270 dum
2222 1217 2489 1269 naturam
2514 1207 2908 1290 existimetur,
2928 1210 3236 1271 obscurari
3262 1230 3330 1272 ac
3350 1211 3558 1272 deleri.
3579 1211 3707 1274 Non

2058 1298 2218 1358 enim
2247 1315 2583 1375 possumus,
2629 1317 2745 1358 non
2793 1299 3053 1379 inquam,
3098 1299 3502 1380 possumusab
3524 1303 3712 1381 ἀλογίᾳ

2057 1386 2324 1457 liberari,
2361 1386 2476 1446 nisi
2506 1387 2800 1463 Christus,
2839 1388 2938 1468 qui
2969 1397 3057 1450 est
3094 1391 3481 1470 Adyogsuper
3503 1409 3712 1452 nosre-

2057 1477 2345 1555 gnaverit.
2371 1478 2563 1556 Atque
2586 1476 2712 1537 hac
2733 1484 2822 1537 est
2841 1476 2941 1538 illa
2965 1477 3203 1552 veritas,
3227 1479 3323 1540 cui
3354 1489 3416 1540 ut
3449 1480 3712 1540 testimo-

2059 1565 2220 1627 nium
2252 1565 2616 1647 perhiberet,
2673 1564 2944 1628 Christus
2993 1567 3172 1630 venit.
3234 1567 3361 1630 Nisi
3391 1587 3550 1630 enim
3582 1569 3711 1650 ipse

2054 1673 2158 1715 rex
2191 1665 2396 1716 noster
2424 1654 2627 1728 fuerit,
2664 1674 2968 1736 nunquam
3001 1656 3158 1736 quod
3191 1656 3466 1738 placitum
3493 1666 3580 1719 est
3601 1677 3708 1719 co-

2053 1762 2178 1804 ram
2209 1763 2302 1825 eo,
2337 1752 2614 1824 prastare
2645 1744 3012 1824 poterimus:
3050 1745 3152 1805 sed
3185 1745 3257 1806 ab
3297 1746 3621 1827 imposterc
3652 1754 3711 1809 et

2054 1833 2300 1895 inimico
2333 1833 2577 1895 humani
2609 1833 2847 1912 generis
2879 1852 3177 1914 regentur,
3207 1854 3325 1896 non
3356 1837 3705 1902 sentiemus.

2053 1921 2169 1985 Ubi
2200 1923 2358 1985 enim
2389 1933 2599 2002 regnat
2643 1923 2826 1998 Deus,
2878 1942 2995 1984 non
3054 1924 3139 1985 ibi
3172 1924 3404 1987 diabolo
3432 1930 3706 2004 servitur,

2054 2012 2158 2074 sed
2191 2013 2590 2074 ministerium
2625 2032 2803 2074 omne
2830 2013 2890 2074 in
2916 2011 3105 2075 Deum
3138 2015 3457 2078 confertur.

2133 2102 2367 2164 Etenim
2386 2102 2518 2184 quis
2547 2103 2777 2182 ignorat
2799 2101 2987 2164 Deum
3019 2122 3151 2165 esse
3170 2105 3538 2166 conditorem
3572 2107 3708 2168 cali

2053 2209 2120 2252 ac
2153 2203 2350 2265 terra,
2387 2201 2443 2253 et
2473 2192 2665 2254 omnis
2697 2201 3005 2268 creatura,
3041 2201 3156 2254 tam
3189 2213 3321 2275 qua
3353 2194 3709 2274 cogitatione

2057 2281 2399 2361 percipitur,
2441 2301 2616 2361 quam
2667 2300 2796 2362 qua
2849 2281 2956 2342 sub
2994 2289 3295 2362 aspectum
3328 2283 3648 2364 subjicitur
3680 2285 3711 2345 ἱ)

2050 2369 2192 2432 Esse
2224 2371 2398 2433 etiam
2430 2389 2631 2450 regem
2663 2390 2898 2444 eorum,
2929 2390 3060 2452 qua
3091 2391 3161 2433 ex
3195 2372 3382 2433 nihilo
3409 2382 3474 2434 ut
3505 2384 3704 2436 exsta-

2051 2467 2209 2540 rent,
2235 2460 2522 2540 producta
2545 2469 2703 2524 sunt.
2731 2460 2945 2522 creatis
2971 2460 3146 2521 simul
3170 2460 3244 2522 ab
3275 2480 3345 2522 eo
3377 2463 3654 2526 omnibus
3675 2464 3706 2524 ?

2052 2550 2210 2611 Deus
2241 2548 2398 2610 enim
2424 2551 2600 2612 Pater
2627 2549 2812 2611 Verbi
2837 2549 2927 2610 sui
2957 2567 3025 2610 ac
3055 2548 3211 2624 Filii,
3241 2549 3348 2611 Dei
3370 2569 3438 2612 ac
3471 2553 3710 2614 Domini

2051 2639 2240 2699 nostri
2269 2637 2410 2700 Jesu
2439 2636 2681 2714 Christi,
2719 2657 2824 2718 per
2871 2656 3046 2720 quem
3103 2639 3241 2700 fecit
3271 2639 3494 2710 omnia,
3531 2641 3709 2703 etiam

2055 2727 2115 2788 in
2149 2726 2370 2808 Spiritu
2403 2735 2606 2788 sancto
2659 2745 2764 2788 suo
2826 2735 3034 2807 regnat
3090 2746 3271 2808 super
3315 2729 3537 2790 omnia.
3571 2728 3711 2794 Hac

2049 2816 2235 2895 igitur
2264 2835 2382 2877 una
2414 2815 2634 2889 Deitas,
2670 2819 2862 2894 Pater,
2925 2817 3131 2890 Filius,
3183 2826 3242 2879 et
3273 2818 3529 2900 Spiritus
3560 2839 3704 2882 san-

303 2923 402 2966 ma
433 2905 758 2968 Dominum
819 2926 1015 2982 suum,
1076 2911 1187 2972 hoc
1247 2920 1356 2986 est,
1419 2911 1532 2972 sibi
1564 2911 1957 2992 imperantem
2047 2915 2196 2982 ctus,
2219 2905 3403 2988 quaintribussubsistentiis,coaterna,
3425 2909 3715 3006 principii

300 2993 532 3074 dicere,
554 3006 653 3057 aut
673 2997 976 3078 explorate
1000 3019 1196 3074 nosse,
1223 3001 1338 3064 nisi
1361 3001 1420 3062 in
1441 3000 1662 3082 Spiritu
1677 3000 1966 3083 sanct059,

300 3096 368 3148 ut
386 3087 516 3168 ipse
541 3086 803 3168 Spiritus
827 3097 1065 3150 sanctus
1095 3109 1229 3151 cum
1259 3089 1612 3152 habitaverit
1655 3091 1716 3151 in
1747 3091 1966 3159 anima.

310 3175 708 3256 Postulelpro
725 3177 1226 3254 nobisgemitibus
1257 3179 1802 3254 inenarrabilibus,
1836 3181 1969 3241 cla-

313 3267 1058 3349 mamAbbaPaterﬁOquo
1071 3269 1232 3331 illius
1244 3288 1349 3331 vox
1364 3269 1826 3349 gloriﬁcatorum
1843 3287 1976 3350 pro-

319 3361 454 3442 pria
475 3362 590 3438 ﬁat,
622 3374 678 3422 et
701 3379 809 3443 per
823 3367 1152 3424 orationem
1179 3362 1526 3442 gratiosam,
1549 3373 1972 3443 acceptatnque

323 3451 530 3511 anima
549 3450 766 3512 fructus
788 3451 1037 3532 spiritus
1058 3452 1380 3534 germinet,
1406 3453 1782 3533 charitatem,
1821 3469 1970 3530 gau-

322 3539 517 3614 dium,
545 3557 759 3618 pacem,
779 3541 1315 3620 longanimitatem,
1335 3542 1786 3621 benignitatem,
1809 3539 1947 3601 boni

324 3638 526 3701 tatem,
582 3630 776 3704 ﬁdem,
829 3631 1374 3706 mansuetudinem,
1435 3632 1864 3694 continentiam
1886 3630 1969 3690 δι.

318 3719 430 3783 Hic
461 3719 602 3781 ordo
631 3739 838 3782 eorum
877 3728 986 3786 est.
1021 3721 1120 3801 qui
1152 3721 1476 3784 salvantur.
1514 3721 1616 3784 Sin
1653 3722 1874 3794 minus,
1911 3721 1972 3780 in

315 3810 639 3884 montibus,
668 3818 727 3871 et
761 3809 1207 3883 solitudinibus,
1242 3820 1300 3872 et
1329 3813 1476 3873 locis
1508 3831 1654 3892 quos
1686 3811 1975 3872 Dominus

309 3920 432 3963 non
466 3901 684 3979 visitat,
720 3899 1048 3980 oberrabit,
1082 3900 1185 3960 hui
1217 3902 1376 3963 hunc
1409 3901 1685 3962 ordinem
1725 3921 1839 3960 non
1873 3921 1972 3962 se-

306 3991 535 4073 quitur.
571 3989 716 4051 Nam
752 3990 976 4050 nullum
1011 4008 1252 4051 servare
1302 3989 1598 4060 ordinem,
1636 3989 1888 4051 licentia
1919 3998 1977 4050 et

306 4079 706 4141 contumacia
728 4078 1014 4139 indicium
1040 4087 1150 4139 est.
1171 4079 1353 4158 Cujus
1375 4087 1572 4140 autem
1610 4078 1844 4140 initium
1879 4079 1970 4138 lu-

309 4169 576 4241 bricum,
601 4168 774 4230 etiam
803 4166 1199 4248 ﬁnisinutilis,
1232 4167 1673 4248 Iaborandoque
1694 4166 1970 4245 fatigabi-

311 4267 433 4336 tur,
491 4265 550 4319 et
579 4257 775 4319 studio
834 4255 995 4318 inani
1054 4257 1356 4330 lassescet,
1418 4257 1522 4337 qui
1579 4257 1750 4318 saluti
1783 4261 1966 4318 vacat.

309 4349 532 4412 Ferme
563 4346 721 4408 enim
753 4345 914 4407 salus
945 4347 1141 4406 omnis
1171 4345 1232 4406 in
1287 4344 1517 4408 Christo
1546 4344 1687 4407 Jesu
1719 4345 1971 4406 Domino

311 4446 519 4499 nostro
548 4441 732 4517 posita
771 4445 880 4499 est.
915 4435 1140 4497 Idcirco
1174 4445 1229 4496 et
1273 4455 1402 4508 rex,
1443 4444 1499 4497 et
1547 4435 1833 4496 Dominus
1861 4454 1968 4515 ap-

314 4527 594 4608 pellatur,
617 4525 902 4606 quoniam’
919 4544 1100 4606 super
1116 4525 1379 4604 singulos
1397 4526 1454 4586 in
1479 4543 1613 4587 eum
1631 4526 1967 4600 credentes,

315 4635 424 4698 per
443 4615 728 4694 Spiritum
761 4622 1030 4676 sanctum
1059 4623 1282 4693 regnat,
1320 4624 1375 4676 et
1407 4623 1471 4676 ut
1500 4635 1625 4696 rex,
1667 4634 1733 4675 ac
1767 4614 1972 4678 Domi-

315 4725 430 4768 nus
462 4724 705 4767 suorum
748 4706 1032 4776 ﬁdelium,
1069 4704 1197 4781 ipse
1232 4723 1338 4784 per
1367 4724 1469 4766 eos
1501 4705 1655 4786 quod
1693 4703 1970 4786 placitum

313 4813 521 4856 coram
547 4813 610 4854 se
634 4803 743 4865 est,
771 4802 1072 4871 operatur.
1101 4792 1186 4855 Fit
1218 4793 1376 4856 enim
1406 4795 1502 4867 iis,
1530 4794 1590 4855 in
1623 4793 1837 4874 quibus
1869 4811 1972 4852 re-

312 4893 480 4966 gnat,
516 4884 623 4945 via
653 4884 792 4956 dux,
827 4882 1210 4963 gubernator,
1267 4884 1572 4964 magister,
1601 4900 1969 4953 aconomus,

315 4993 562 5056 prases,
598 4973 936 5054 opitulator,
973 4972 1045 5032 ab
1107 4973 1271 5034 etnni
1329 4983 1571 5054 peccato
1602 4973 1971 5047 redemptor.

313 5065 513 5147 Atque
544 5067 701 5125 enim
739 5062 786 5123 si
820 5063 1058 5142 quidam
1093 5063 1240 5124 citra
1289 5065 1590 5125 Christum
1622 5063 1758 5123 boni
1805 5058 1974 5142 quis-

314 5155 477 5237 piam
509 5168 688 5228 agere
718 5151 1054 5223 videantur,
1091 5151 1467 5213 mendacium
1503 5160 1656 5212 sunt.
1687 5153 1855 5214 Tunc
1878 5167 1977 5208 au-

317 5255 441 5306 tem
466 5241 679 5304 veritas
699 5241 865 5305 ﬁunt.
894 5259 1028 5301 cum
1061 5239 1330 5302 Christus
1356 5259 1536 5322 super
1569 5248 1725 5322 ipsos
1755 5257 1971 5318 regna-

317 5334 491 5408 verit,
542 5332 638 5394 cui
696 5329 937 5391 dicebat
985 5330 1245 5393 Pilatus:
1307 5331 1480 5405 Ergo
1534 5348 1645 5392 rex
1675 5339 1728 5391 et
1763 5338 1829 5390 tu
1862 5329 1889 5389 ?
1920 5333 1976 5388 et

318 5423 636 5507 respondit
660 5422 748 5485 ei:
771 5421 905 5502 Ego
927 5422 990 5482 in
1013 5420 1120 5483 hoc
1146 5428 1324 5484 natus
1339 5439 1498 5502 sum,
1521 5428 1571 5484 et
1590 5421 1670 5482 ad
1696 5423 1804 5482 hoc
1839 5421 1978 5480 veni

317 5523 385 5578 in
405 5515 730 5586 mundum,
753 5519 819 5574 ut
840 5513 1253 5573 testimonium
1271 5509 1620 5591 perhibeam
1643 5512 1880 5573 veritati
1894 5508 1975 5570 62.

2050 3015 2360 3077 coexpers,
2422 2995 2943 3058 consubstantialis
2998 2998 3151 3076 regit
3204 2998 3441 3074 calum,
3476 3001 3690 3082 solem,

2055 3087 2279 3160 lunam,
2304 3085 2526 3165 stellas,
2553 3104 2778 3165 aerem,
2804 3095 3048 3167 terram,
3083 3106 3266 3160 mare,
3286 3101 3343 3148 et
3361 3089 3562 3150 omnia
3581 3109 3712 3170 qua

2055 3177 2115 3237 in
2149 3175 2235 3236 eis
2268 3182 2428 3249 sunt,
2463 3186 2520 3235 et
2550 3175 2812 3254 angelos,
2850 3185 2908 3236 et
2939 3175 3214 3237 homines
3263 3177 3446 3239 velint
3493 3179 3708 3255 nolint,

2055 3265 2195 3347 quia
2222 3263 2510 3325 Dominus
2553 3283 2705 3324 unus
2737 3264 2925 3327 est63.
2981 3264 3271 3337 Quoniam
3304 3275 3500 3328 autem
3534 3269 3714 3348 regia

2057 3353 2363 3435 potestatis
2397 3353 2728 3434 prolvrietas
2778 3361 2867 3414 est
2923 3354 3241 3434 providere
3299 3355 3599 3437 omnibus,
3649 3358 3710 3419 in

2055 3463 2204 3524 quos
2226 3461 2474 3521 regnum
2509 3451 2618 3523 est,
2655 3442 2831 3503 etiam
2863 3442 3020 3504 Deus
3052 3443 3218 3505 hisce
3254 3443 3532 3506 omnibus
3565 3465 3708 3526 pro-

2054 3534 2378 3595 videntiam
2403 3543 2460 3594 et
2486 3551 2684 3593 curam
2711 3549 2876 3593 suam
2907 3530 3191 3592 declarat.
3221 3533 3337 3592 Sed
3365 3532 3502 3613 quia
3517 3534 3710 3595 omnis

2057 3624 2295 3686 condita
2325 3632 2554 3695 natura,
2593 3629 2804 3702 prater
2854 3620 3082 3680 ratione
3141 3620 3435 3700 praditas,
3471 3623 3710 3701 angelos

2058 3713 2337 3775 nimirum
2371 3723 2545 3792 atque
2574 3711 2849 3773 homines
2898 3710 3296 3786 cognitionem
3344 3729 3411 3772 ac
3446 3712 3707 3772 notitiam

2057 3821 2271 3883 capere
2305 3803 2531 3882 nequit,
2563 3802 2676 3862 hoc
2710 3800 2836 3877 ipso
2886 3800 3042 3880 quod
3092 3799 3324 3861 ratione
3356 3809 3540 3875 caret,
3573 3800 3710 3862 ideo

2059 3895 2215 3956 Deus
2247 3911 2481 3972 quoque
2525 3898 2584 3951 ut
2617 3888 2935 3968 ignoranti,
2968 3889 3226 3969 simplici
3258 3889 3349 3950 via
3393 3889 3658 3969 providet
3695 3911 3708 3954 :

2057 4002 2194 4045 cum
2222 3982 2563 4061 angelorum
2586 3979 3037 4058 hominumque,
3061 3997 3314 4058 quorum
3331 3988 3416 4040 est
3435 3979 3711 4058 cognitio,

2058 4092 2258 4134 curam
2287 4080 2452 4151 gerat
2479 4069 2798 4130 assiduam.
2827 4067 2962 4129 Vult
2986 4075 3182 4128 autem
3207 4068 3341 4142 hos,
3378 4075 3443 4129 ut
3471 4076 3714 4130 naturas

2057 4160 2448 4240 intelligentia
2479 4166 2713 4219 ornatas
2744 4175 2920 4218 nosse
2966 4156 3265 4236 opiﬁcem,
3304 4157 3703 4238 provisorem,

2057 4264 2116 4314 et
2135 4249 2496 4314 Salvatorem
2514 4248 2723 4309 Deum.
2742 4246 2823 4306 Ea
2846 4255 3086 4326 propter
3097 4245 3392 4326 siquidem
3413 4246 3714 4326 procreati

2057 4354 2216 4414 sunt,
2251 4350 2312 4401 ut
2345 4350 2621 4420 tanquam
2658 4344 2880 4398 natura
2902 4335 3160 4410 consilii,
3196 4335 3532 4415 mentisque
3569 4353 3710 4413 par-

2059 4430 2290 4507 ticipes,
2349 4437 2406 4490 et
2466 4430 2870 4506 ingeneratam
2933 4425 3330 4502 cognitionem
3402 4423 3712 4500 habentes,

2056 4520 2423 4582 conditorem
2462 4525 2743 4598 perpetuo
2795 4513 3192 4586 celebrarent,
3247 4514 3420 4593 eique
3456 4521 3574 4573 tum
3609 4530 3715 4592 pro

2055 4611 2292 4690 seipsis,
2328 4617 2449 4669 tum
2487 4626 2590 4689 pro
2623 4603 2918 4666 universis
2975 4603 3193 4682 gratias
3245 4610 3510 4681 agerent.
3546 4600 3718 4664 Unde

2055 4717 2389 4780 quanquam
2415 4700 2568 4761 Deus
2591 4715 2693 4756 rex
2723 4703 2811 4755 est
2835 4695 3127 4770 omnium,
3172 4702 3367 4752 tamen
3401 4691 3714 4780 hominum

2057 4779 2354 4857 duntaxat,
2391 4796 2447 4848 et
2478 4787 2822 4862 angelorum
2879 4781 3196 4842 volentium
3233 4799 3333 4841 rex
3368 4799 3502 4840 es~e
3532 4779 3653 4839 vult
3693 4797 3707 4842 :

2060 4879 2388 4941 nolentium
2424 4893 2819 4957 nequaquam,
2875 4881 2940 4931 ut
2986 4889 3059 4931 ne
3105 4869 3338 4930 arbitrii
3374 4869 3709 4929 libertatem

2058 4969 2176 5030 illis
2209 4968 2389 5028 tollat.
2429 4966 2535 5038 Qui
2570 4965 2729 5026 enim
2781 4961 3010 5023 ratione
3061 4966 3234 5020 utens
3293 4967 3497 5018 natura
3535 4958 3630 5037 sit,
3667 4958 3717 5019 si

2059 5058 2359 5120 voluntate
2390 5053 2632 5116 careat?
2655 5051 2944 5124 Quocirca
2964 5049 3141 5110 etiam
3192 5047 3479 5109 Dominus
3515 5054 3720 5107 noster

2059 5152 2228 5213 Jesus
2247 5147 2512 5210 Christus
2538 5151 2800 5204 nostrum
2824 5138 3037 5200 similis
3061 5139 3234 5199 homo
3279 5144 3474 5210 natus,
3506 5145 3560 5196 et
3586 5155 3715 5197 ma-

2056 5239 2262 5318 gister,
2301 5236 2456 5316 quod
2492 5233 2726 5305 latebat,
2781 5240 2839 5291 et
2888 5226 3292 5318 ignorabatur,
3335 5225 3718 5318 consortibus

2062 5314 2410 5409 generis—ac
2456 5322 2736 5385 fratribus
2767 5322 2996 5390 sua-let,
3031 5318 3170 5409 dum
3201 5315 3284 5409 ita
3315 5314 3488 5376 docet
3518 5333 3589 5409 ac
3617 5314 3716 5376 di-

2062 5403 2178 5479 cit:
2215 5415 2485 5492 Quarile
2519 5429 2770 5494 regnum
2809 5410 2943 5480 Dei,
2977 5413 3035 5469 et
3054 5407 3365 5487 justitiam
3387 5408 3516 5483 ejus
3531 5403 3618 5476 64,
3652 5416 3718 5467 ut

2060 5504 2396 5569 volentibus
2445 5503 2617 5565 nobis
2662 5501 2939 5582 imperet.
3002 5495 3190 5559 Simul
3250 5495 3409 5556 enim
3443 5503 3713 5556 naturam

397 5723 886 5796 58Mattb.x,15.
953 5719 1426 5800 59100r.xn,3.
1491 5718 2011 5798 60Rom.vm,26.
2086 5714 2550 5794 6*Galat.v,23.
2627 5706 3196 5787 63Joan.xvm,37.
3261 5703 3713 5781 630eut.vr,4.

315 5805 608 5874 “Matth.
637 5819 725 5887 vt,
755 5801 858 5870 33.
