4160 6410
408 313 526 383 379

1728 311 2106 381 svuuoNIs
2140 314 2496 381 IUNIOBIS
2604 264 2623 269 ἦ

3676 315 3797 387 380

409 450 661 515 rationis
690 469 970 533 capacem
1028 470 1281 532 regnum
1338 452 1448 516 Dei
1505 450 1775 541 attingit,
1792 459 1854 541 et
1884 450 2059 513 simul
2080 460 2123 509 Α
2144 454 2359 535 partim
2389 472 2552 536 vero,
2586 462 2651 518 ut
2680 475 2814 519 cum
2845 456 3233 522 libertatema
3261 458 3565 541 peccando
3595 459 3798 541 adepti

417 541 581 603 omni
609 559 738 602 eam
760 543 993 623 justitia
1021 543 1305 605 rumulat.
1329 541 1482 604 Hinc
1498 550 1558 604 et
1578 540 1844 621 quotidie
1876 543 2064 605 Deum

410 631 491 693 ita
508 650 821 712 precamur
837 654 851 694 :
865 633 1166 695 Adveniat
1178 650 1433 713 regnum
1452 638 1643 702 tuum,
1659 631 1769 709 ﬁat
1785 629 2065 693 voluntas

411 729 518 786 tua
536 721 619 782 65.
654 720 779 784 Hoc
810 723 972 783 enim
1005 723 1145 802 vult,
1180 729 1238 784 et
1259 722 1334 783 ob
1355 722 1468 782 hoc
1494 720 1684 802 ipsum
1706 739 1926 800 corpus
1946 721 2063 782 hu-

413 828 656 873 manum
689 810 905 886 induit,
959 819 1018 873 et
1073 811 1226 873 istud
1286 809 1545 889 primum
1603 809 1849 886 editum,
1886 810 2061 872 etiam

413 899 775 981 principium
795 899 1098 980 Evangelii
1124 900 1252 962 fuit.
1280 898 1423 960 Nam
1458 898 1615 980 quod
1640 898 1858 961 dicitur
1889 917 1902 963 :
1936 901 2062 978 Ap-

412 991 846 1071 propinquavit
859 1007 1046 1069 regna
1059 1008 1116 1051 m
1131 988 1502 1063 caalorum66,
1524 989 1637 1050 hoc
1650 987 1891 1052 est.Nisi
1906 988 2065 1051 enim

413 1079 755 1157 intelligens
788 1079 985 1141 anima
1010 1079 1187 1141 modo
1217 1078 1579 1156 intelligibili
1616 1098 1856 1141 sensum
1901 1078 2066 1158 regni

417 1168 523 1233 Dei
554 1168 874 1250 acceperit,
909 1169 1068 1247 quod
1101 1169 1287 1250 ipsam
1350 1169 1560 1250 tetigit,
1596 1188 1733 1250 spes
1764 1169 1973 1232 salutis
2006 1168 2070 1233 in

413 1259 652 1321 irritum
686 1259 862 1321 cadit.
897 1259 1174 1322 Animam
1200 1278 1379 1341 porro
1410 1260 1471 1321 in
1503 1278 1619 1340 qua
1648 1258 1805 1321 Deus
1836 1266 2068 1339 regnat,

412 1348 717 1425 regnantis
749 1348 1063 1421 beneficia,
1099 1355 1162 1414 et
1216 1348 1569 1411 efﬁcientias
1601 1368 1780 1411 nosse
1811 1357 2068 1430 oportet.

417 1438 533 1503 Ubi
563 1439 723 1500 enim
753 1457 858 1501 rex
891 1458 1152 1521 praesens
1181 1448 1291 1514 est,
1339 1439 1424 1501 ibi
1456 1440 1594 1501 item
1628 1439 1803 1519 regni
1832 1447 1986 1501 notae
2016 1438 2076 1501 et

413 1527 637 1591 indicia
667 1528 842 1609 plane
872 1536 1033 1602 sunt,
1066 1530 1335 1611 aequitas,
1370 1529 1795 1610 mansuetudo,
1826 1529 2069 1603 veritas,

416 1617 741 1692 humilitas,
776 1636 907 1699 quae
964 1617 1126 1681 illam
1184 1618 1343 1699 regis
1394 1618 1793 1681 humilitatem
1826 1618 2066 1695 referat,

414 1706 671 1779 bonitas,
689 1708 943 1788 justitia,
973 1717 1031 1769 et
1051 1708 1212 1769 omni
1239 1707 1449 1784 pietas.
1494 1706 1745 1788 Insuper
1766 1708 2067 1788 patientia,

2152 542 2462 621 fuerimus,
2495 545 2711 624 gratias
2761 546 3068 610 liberatori
3124 549 3467 629 magniﬁcas
3522 567 3793 626 agamus,

2147 637 2424 714 tanquam
2459 653 2562 714 pro
2592 653 2658 697 re
2688 636 2936 715 ingenti,
2961 646 3019 697 et
3039 638 3224 699 cuivis
3247 640 3488 700 omnino
3517 638 3797 719 impossi-

2146 719 2277 785 bili.
2312 722 2562 805 Propter
2589 724 2703 787 hoc
2751 727 3265 789 obsecrationibus
3324 736 3385 790 et
3432 727 3701 808 jejuniis,
3737 736 3801 790 et

2149 818 2512 892 erogatione,
2549 822 2610 878 et
2671 816 3052 890 contritione,
3106 826 3164 880 et
3216 817 3349 881 aliis
3378 817 3802 881 afflictionibus

2150 920 2301 982 opus
2335 910 2444 966 est.
2478 901 2606 965 Non
2640 905 2800 967 enim
2832 906 2980 968 citra
3011 906 3299 981 laborem,
3337 915 3396 969 et
3424 907 3631 969 otiosis
3660 924 3801 986 gra-

2152 991 2296 1052 tuito
2326 993 2436 1054 hoc
2459 1002 2739 1073 praestare
2770 996 3221 1072 vultChristus;
3263 998 3366 1058 sed
3403 1004 3707 1077 postquam
3740 995 3804 1058 id

2150 1080 2213 1144 in
2249 1080 2633 1144 immersione
2665 1083 2943 1165 baptismi
3001 1085 3321 1167 cujuslibet
3350 1086 3513 1167 fecit,
3549 1085 3807 1147 infantes

2150 1188 2447 1250 magnam,
2501 1173 3066 1255 praecellentemque
3118 1174 3387 1255 gratiam.
3440 1194 3558 1236 non
3593 1184 3807 1255 potue-

2152 1267 2293 1325 runt
2322 1279 2671 1340 agnoscere,
2707 1281 2955 1325 necesse
2986 1264 3097 1324 fuit
3119 1264 3230 1326 hoc
3259 1282 3497 1326 rursum
3519 1282 3625 1344 per
3647 1263 3809 1326 labo-

2159 1365 2284 1413 rem
2317 1350 2566 1431 acquiri,
2591 1350 2807 1414 iterum
2829 1361 3068 1433 accepta
3085 1354 3291 1434 gratia,
3319 1373 3448 1435 qua:
3470 1355 3581 1415 hoc
3598 1353 3803 1430 habet,

2159 1448 2223 1502 ut
2251 1440 2403 1521 apud
2440 1441 2739 1504 neminem
2773 1460 2838 1504 se
2876 1442 3245 1521 ignorantem
3280 1453 3618 1524 perseveret
3648 1463 3663 1478 ·
3699 1443 3809 1505 sed

2155 1528 2229 1591 ob
2259 1529 2656 1609 ignorantiam
2690 1532 2849 1594 illam
2875 1534 3089 1597 avolet.
3145 1532 3426 1613 Quisquis
3456 1551 3595 1612 ergo
3625 1533 3805 1596 Chri-

2154 1619 2381 1682 stianus
2412 1620 2675 1681 nondum
2698 1640 2765 1683 ex
2791 1621 3197 1685 imbecillitate
3230 1623 3301 1685 ad
3334 1624 3665 1684 faciendam
3695 1622 3809 1685 Dei

2156 1716 2515 1773 voluntatem
2547 1728 2655 1790 per
2701 1710 2957 1772 divinam
3004 1710 3221 1773 Christi
3277 1712 3551 1773 virtutem
3584 1714 3810 1773 contir-

417 1796 782 1878 humanitas,
822 1796 1178 1877 compassio,
1210 1796 1450 1859 dilectio
1508 1797 1640 1858 sine
1669 1797 2068 1873 simulatione,
2096 1828 2134 1877 B
2158 1807 2349 1861 matus
2378 1806 2494 1874 est,
2528 1808 2646 1873 eat,
2678 1818 2746 1861 ac
2766 1817 2873 1879 per
2897 1801 3099 1871 ﬁdem,
3127 1809 3185 1861 et
3214 1800 3652 1881 impositionem
3687 1820 3814 1862 ma-

420 1885 862 1964 longanimitas,
898 1885 1234 1961 tolerantia,
1295 1886 1671 1949 sustinentia.
1729 1885 1803 1950 Et
1858 1888 2071 1948 horum

419 1977 719 2039 contraria
739 1975 797 2037 in
825 1975 919 2053 iis,
948 1975 1009 2036 in
1037 1976 1251 2057 quibus
1272 1979 1429 2040 Deus
1451 1995 1567 2040 non
1590 1985 1817 2059 regnat,
1837 1977 2071 2058 perspi-

421 2069 681 2147 ciuntur,
718 2075 776 2127 et
807 2064 947 2127 inde
978 2075 1439 2146 cognoscuntur,
1465 2066 1539 2128 de
1557 2068 1775 2148 quibus
1793 2066 2077 2148 praecepit

422 2153 713 2217 Dominus
736 2154 1258 2217 exercitibussuis:
1297 2154 1736 2218 Itlosinimicos
1753 2174 1933 2230 meos,
1968 2157 2076 2237 qui

420 2244 749 2307 noluerunt
768 2262 863 2306 me
877 2261 1140 2323 regnare
1153 2263 1337 2327 super
1356 2264 1440 2321 se,
1467 2246 1695 2309 adduci
1703 2246 1898 2320 tehuc,
1915 2256 1968 2308 et
1986 2248 2076 2308 in-

421 2335 679 2416 terﬁcite
694 2352 899 2397 coram
912 2352 1006 2397 me
1028 2333 1113 2398 67.
1141 2334 1252 2407 Qui
1272 2336 1429 2397 enim
1447 2335 1823 2413 audiverunt,
1839 2346 1895 2398 et
1913 2336 2073 2400 didi-

424 2433 630 2487 cerunt
666 2425 1069 2501 multifariam,
1107 2444 1214 2507 per
1242 2445 1374 2507 quae
1403 2445 1584 2507 opera
1630 2436 1688 2489 et
1722 2429 1993 2491 mandata
2040 2446 2076 2491 a

424 2514 657 2579 Christo
689 2533 874 2593 regun
907 2517 1192 2578 caelorum
1237 2515 1510 2597 adepturi
1566 2518 1704 2594 sint,
1741 2525 1802 2579 et
1831 2537 1900 2579 ea
1929 2537 2078 2579 con-

426 2612 816 2685 tempseront,
850 2614 1089 2668 terrena
1120 2623 1187 2667 ac
1212 2606 1539 2685 pereuntia,
1564 2607 2080 2688 temporalemque

423 2695 675 2771 gloriam
700 2694 1105 2774 praeferentes,
1142 2713 1385 2775 prorsus
1416 2713 1593 2777 quam
1611 2695 1887 2758 inﬁdeles
1910 2716 2076 2759 acer-

420 2783 559 2846 bius
589 2784 937 2865 punientur,
961 2784 1243 2863 quoniam
1268 2785 1566 2848 Christum
1588 2786 1887 2866 cognitum
1912 2786 2073 2849 reci-

428 2891 570 2956 pere
600 2874 942 2936 noluerunt.
996 2872 1140 2935 Nam
1200 2873 1301 2956 qui
1355 2874 1652 2936 recusavit
1706 2875 1848 2937 illud
1900 2893 2071 2957 opus,

426 2965 599 3045 cujus
630 2962 1102 3026 causa'Christus
1148 2983 1216 3026 ex
1274 2972 1479 3026 sancta
1538 2964 1781 3044 Virgine
1810 2973 1983 3027 natus
2013 2967 2075 3028 in

426 3053 717 3115 mundum
749 3054 931 3129 venit,
964 3053 1338 3116 manifestum
1371 3064 1460 3117 est
1483 3054 1688 3136 utique
1717 3075 1853 3118 eum
1884 3075 2077 3136 neque

426 3144 726 3208 Christum
754 3144 1046 3225 recipere,
1075 3144 1452 3206 etiamsieum
1468 3145 1772 3227 recepisse
1785 3146 2074 3208 videatur.

424 3233 539 3308 Qui
567 3244 764 3295 autem
796 3252 933 3296 vere
963 3236 1021 3296 in
1056 3234 1352 3296 Christum
1381 3234 1787 3310 crediderunt,
1823 3254 2078 3316 eumque

422 3334 807 3406 receperunt:
838 3323 1027 3387 Dedit
1045 3325 1133 3386 eis
1145 3332 1500 3402 potestatem
1518 3324 1681 3404 ﬁlios
1707 3324 1822 3387 Dei
1840 3327 1970 3403 ﬁeri
1985 3325 2072 3387 68.

425 3412 552 3475 Mox
578 3413 738 3476 enim
776 3424 839 3476 ut
862 3413 1268 3488 crediderunt,
1302 3414 1581 3476 divinitas
1611 3414 1739 3493 ejus
1763 3414 1907 3494 ipsis
1938 3435 2076 3478 cre-

424 3503 607 3584 ditur,
643 3513 707 3565 ut
736 3503 1239 3584 quemadmodum
1283 3503 1386 3565 ille
1435 3512 1527 3567 est
1583 3505 1741 3567 Deus
1772 3505 1951 3567 homo
1980 3507 2078 3569 hic

423 3592 529 3677 qui
557 3593 749 3657 credit
775 3594 852 3656 sit
879 3594 1058 3655 homo
1088 3591 1269 3656 Deus.

1011 3699 1288 3765 ORATIO
1329 3700 1482 3764 XIV.

1037 3812 1275 3858 ARGUIIE
1282 3812 1435 3858 NTUII
1445 3847 1457 3859 .

426 3887 628 3966 Quam
650 3897 1004 3971 potestatem
1032 3888 1303 3953 Christus
1332 3890 1649 3969 acceperit.
1686 3889 1868 3952 Prius
1896 3890 2072 3951 Chri-

503 3974 584 4052 sti
613 3976 877 4052 gratiam
905 3971 1298 4050 participare,
1332 3979 1517 4049 atque
1546 3973 1634 4032 ita
1662 3973 1850 4033 vitam
1868 3988 2077 4033 secun-

502 4051 646 4113 dum
682 4053 873 4133 Deum
901 4052 1235 4133 consectari
1266 4060 1568 4133 oportere.
1619 4052 1701 4133 De
1726 4059 1984 4128 peccata,
2018 4058 2078 4112 et

489 4132 763 4209 justitia.
803 4131 890 4193 De
918 4131 1180 4204 carnali,
1208 4138 1263 4194 et
1289 4131 1618 4211 spifituali.
1660 4132 1746 4193 De
1779 4137 2077 4194 virtutum

508 4213 728 4293 capite,
762 4220 819 4275 et
843 4212 1114 4291 pedibus.

505 4306 675 4387 Apud
691 4306 972 4368 Davidem
987 4306 1264 4385 legimus:
1286 4306 1438 4381 Quis
1460 4312 1546 4369 est
1573 4305 1743 4368 homo
1764 4307 1874 4385 qui
1894 4307 2074 4379 vivet,

426 4404 484 4460 et
503 4406 625 4459 non
646 4397 872 4459 videbit
901 4406 1170 4471 mortem,
1201 4405 1261 4457 et
1292 4403 1465 4459 eruet
1493 4399 1777 4459 animum
1807 4414 1983 4457 suam
2007 4398 2080 4458 de

2157 1909 2340 1953 unum
2399 1890 2879 1971 dispensatornm
2936 1892 3135 1972 gratiae
3207 1892 3593 1953 conﬁrmetur
3646 1892 3815 1973 prius

2157 1984 2315 2061 (quae
2344 1981 2532 2060 gratia
2560 2001 2631 2042 ex
2661 1980 2779 2043 ﬁde
2812 1981 3087 2062 donatur,
3151 2000 3270 2041 non
3305 1999 3372 2041 ex
3406 1979 3711 2061 operibus)
3746 1990 3814 2044 ut

2156 2070 2370 2131 virtute
2401 2089 2475 2133 ex
2502 2072 2620 2133 alto
2667 2071 2832 2152 prius
2883 2070 3144 2143 indutus,
3208 2070 3288 2131 ita
3342 2070 3580 2131 demum
3630 2069 3813 2131 vitam

2158 2159 2494 2222 Christiano
2527 2161 2764 2240 dignam
2801 2160 3128 2239 transigere
3161 2159 3344 2240 possit
3378 2179 3392 2220 :
3449 2177 3523 2219 ne
3556 2160 3751 2220 nudus
3778 2178 3817 2222 a

2158 2248 2375 2312 Christi
2405 2254 2591 2331 gratia
2623 2251 2916 2326 inventus,
2955 2259 3118 2311 extra
3166 2249 3382 2313 Christi
3432 2256 3656 2329 partem
3691 2249 3813 2329 eji-

2157 2340 2373 2402 tiatur:
2428 2359 2539 2402 nec
2571 2340 2729 2400 enim
2760 2347 2984 2401 tantum
3021 2347 3263 2419 propter
3293 2348 3600 2419 peccatum
3633 2357 3814 2401 rece-

2161 2430 2266 2503 dit,
2293 2430 2394 2511 qui
2414 2430 2514 2491 illa
2537 2430 2754 2509 potitus
2778 2429 2908 2504 fuit,
2945 2437 3226 2510 quantum
3262 2435 3507 2509 propter
3533 2427 3816 2507 ignorau-

2164 2521 2327 2584 tiam.
2355 2519 2499 2581 Nam
2524 2521 2635 2580 hoc
2654 2528 2998 2580 estomnem
3022 2518 3328 2579 hominem
3363 2518 3513 2579 velle
3536 2517 3608 2578 ad
3637 2519 3815 2595 agni-

2161 2607 2384 2669 tionem
2418 2608 2682 2671 veritatis
2729 2607 2931 2669 venire
2959 2605 3079 2674 69“.
3143 2604 3422 2687 quoniam
3483 2624 3601 2667 non
3651 2606 3815 2668 aliud

2160 2699 2400 2779 quidem
2433 2696 2671 2770 veritas,
2704 2716 2878 2778 quam
2938 2696 3126 2775 gratia
3183 2696 3423 2767 Christi,
3469 2714 3538 2757 ac
3570 2707 3819 2776 propter

2159 2806 2289 2848 eam
2323 2787 2567 2865 gratiam
2602 2786 2783 2861 venit,
2814 2794 2877 2848 et
2923 2784 3156 2848 occisus
3213 2792 3306 2847 est
3355 2784 3626 2848 Christus
3660 2802 3674 2846 :
3710 2784 3813 2866 qui

2158 2896 2291 2939 cum
2326 2880 2509 2955 Deus,
2544 2876 2834 2938 Dominus
2863 2895 2932 2937 ac
2961 2875 3153 2937 haeres
3200 2875 3277 2936 sit
3304 2875 3501 2936 omnis
3529 2884 3812 2937 creaturae

2160 2986 2266 3048 per
2293 2966 2489 3048 ipsum
2540 2966 2814 3041 conditae,
2864 2973 3340 3047 potestatemque
3403 2964 3606 3026 habeat
3634 2962 3693 3023 in
3725 2980 3797 3023 ea

2159 3076 2289 3138 qua;
2316 3056 2602 3131 condidit,
2638 3074 2757 3116 non
2789 3067 2987 3116 tamen
3042 3054 3218 3115 habet
3252 3061 3596 3135 potestatem
3625 3052 3809 3132 gratis

2097 3201 2136 3251 C
2162 3146 2341 3210 dandi
2372 3147 2526 3208 hanc
2556 3145 2800 3225 gratiam
2834 3142 3224 3251 hominibus
3291 3143 3591 3216 Quoniam
3619 3144 3813 3251 iustus

2167 3236 2486 3309 Dominus,
2504 3242 2560 3297 et
2559 3232 3071 3312 justitiasdilexit
3088 3233 3169 3303 70,
3195 3230 3487 3313 Injustum
3517 3230 3816 3312 siquidem

2162 3334 2308 3398 erat,
2343 3326 2659 3397 volentem,
2697 3331 2758 3384 et
2779 3322 2937 3383 nulla
2959 3323 3332 3402 compulsum
3355 3328 3731 3392 necessitate,
3757 3325 3821 3380 et

2164 3434 2274 3493 per
2302 3414 2572 3476 dolosum
2608 3412 2981 3474 mendacium
3016 3419 3242 3473 tantum
3279 3430 3350 3472 ea
3378 3419 3589 3491 sponte
3617 3409 3818 3470 nuda-

2162 3514 2310 3585 tum,
2343 3514 2401 3566 et
2458 3504 2689 3565 scelere
2747 3500 3148 3583 inquinatum,
3211 3500 3341 3562 sine
3401 3519 3614 3579 magna
3668 3501 3724 3560 vi
3755 3500 3819 3563 in

2160 3593 2495 3656 resistendo
2552 3591 2840 3665 adhibita,
2899 3591 3108 3653 eadem
3167 3608 3374 3652 rursus
3429 3590 3815 3652 circumdari.

2159 3682 2389 3745 Idcirco
2423 3690 2482 3744 et
2510 3680 2727 3743 nobilis
2757 3681 2904 3743 facta
2940 3690 3029 3741 est
3048 3680 3479 3761 compensatio,
3505 3678 3662 3740 Deus
3688 3679 3822 3759 ipse

2159 3781 2331 3834 natus
2361 3772 2566 3849 homo,
2600 3770 2661 3831 in
2694 3770 3050 3831 sacriﬁcium
3086 3787 3191 3849 pro
3214 3787 3283 3830 ea
3308 3768 3480 3830 datus
3502 3776 3611 3829 est.
3651 3766 3823 3831 Unde

2160 3870 2217 3924 et
2236 3860 2499 3923 Chri~tus
2521 3868 2649 3939 post
2683 3858 3186 3920 resurrectionem
3213 3859 3327 3920 ait:
3363 3857 3529 3919 Data
3549 3864 3633 3919 est
3664 3858 3824 3919 mihi

2158 3954 2352 4014 omnis
2367 3958 2631 4032 potestas
2656 3951 2719 4010 in
2744 3952 2917 4024 cw/o,
2941 3950 3088 4011 etin
3132 3957 3320 4010 terra.
3363 3946 3598 4010 Euntes
3620 3946 3824 4010 docete

2160 4059 2369 4104 omnes
2391 4061 2452 4117 gr
2467 4048 2619 4103 ntcs.
2647 4046 2707 4101 et
2735 4039 3144 4118 b'rptizateeos
3171 4043 3232 4098 in
3247 4037 3489 4099 nomine
3509 4036 3747 4113 Patris,
3762 4044 3826 4097 et

2162 4131 2331 4199 Filii,
2360 4137 2414 4192 et
2427 4130 2700 4209 Spiritus
2714 4129 2929 4206 sancti,
2955 4127 3219 4188 docentes
3237 4144 3336 4189 eos
3352 4143 3588 4188 servare
3616 4126 3825 4187 omnia

2162 4237 2533 4301 quaecunque
2554 4217 2842 4279 mandavi
2858 4218 3026 4279 DODIS
3047 4217 3126 4274 71.
3163 4216 3314 4278 Hinc
3346 4224 3404 4277 et
3432 4233 3650 4276 nomen
3679 4215 3820 4295 ejus

2163 4319 2253 4372 est
2273 4310 2425 4390 apud
2451 4308 2661 4370 Isaiam
2684 4307 2742 4356 79
2788 4306 3153 4387 ὲξουσιαστὴς,
3186 4313 3535 4387 potestatem
3569 4303 3821 4374 habens,

2164 4420 2281 4461 non
2343 4407 2405 4460 ut
2437 4397 2705 4478 Dei,sed
2768 4405 2832 4457 ut
2886 4396 3235 4476 θεανθρώπου,
3299 4394 3406 4457 Dei
3439 4404 3498 4455 et
3529 4392 3816 4455 hominis.

426 4505 613 4549 manu
633 4488 827 4565 inferi
843 4486 928 4546 69.
954 4486 1016 4551 Si
1038 4487 1218 4567 igitur
1238 4485 1392 4548 istud
1417 4485 1602 4547 cuivis
1631 4493 1691 4547 et
1712 4486 1931 4565 ubique
1963 4485 2079 4545 im-
2102 4481 2143 4496 ν
2164 4489 2396 4551 Etenim
2430 4496 2493 4549 ut
2518 4487 2696 4549 Deus.
2732 4484 3031 4568 quomodo
3063 4503 3297 4554 eorum,
3331 4502 3463 4565 qua;
3493 4481 3823 4544 fabricatus

428 4575 733 4657 possibile,
757 4577 868 4639 soli
890 4584 1086 4638 autem
1105 4576 1336 4640 Christo
1366 4574 1647 4656 possibile
1670 4584 1778 4648 est,
1815 4576 1890 4637 ob
1920 4577 2077 4656 quod
2164 4588 2278 4653 est,
2328 4597 2447 4639 non
2482 4575 2735 4638 habebat
2771 4573 3168 4656 potestatem?
3198 4574 3314 4634 Sed
3347 4583 3413 4635 ut
3442 4573 3650 4652 homo,
3684 4590 3825 4633 cum

425 4666 606 4730 etiam
640 4671 697 4728 in
731 4675 921 4730 terras
969 4666 1149 4741 venit,
1204 4667 1261 4728 id
1323 4673 1433 4746 est,
1491 4666 1650 4726 Deus
1682 4665 1861 4725 homo
1891 4664 2081 4728 factus
2163 4666 2560 4746 sevolenspro
2581 4663 3078 4743 redemptionein
3104 4659 3824 4733 sacrificiumobtulisset,

428 4764 542 4834 est,
577 4776 754 4818 nemo
784 4767 1026 4838 propter
1082 4755 1239 4819 aliud
1300 4755 1629 4836 quippiam,
1693 4754 1807 4815 nisi
1838 4763 2082 4835 propter
2163 4757 2238 4818 ab
2267 4756 2393 4837 ipsa
2428 4763 2635 4815 natura
2663 4752 2862 4833 operis
2895 4752 3052 4831 quod
3086 4751 3427 4833 peragebat,
3464 4757 3823 4838 potestatem

426 4846 539 4909 hoc
570 4848 760 4909 solum
787 4836 911 4908 vim
941 4846 1175 4920 inferat,
1211 4845 1269 4907 id
1303 4854 1412 4913 est,
1450 4853 1516 4906 ut
1544 4843 1837 4904 volentem
1868 4863 2077 4907 omnes
2162 4836 2413 4923 accepit.
2447 4841 2509 4906 Si
2541 4842 2700 4904 enim
2748 4844 2907 4905 Deus
2955 4842 3016 4903 in
3071 4840 3330 4921 pretium
3389 4836 3830 4919 redemptionis

427 4936 705 5007 liberare,
769 4944 937 5013 cogat
993 4942 1052 4996 et
1130 4949 1441 5013 cogentem
1502 4933 1778 4995 liberare.
1839 4931 2079 5012 Cogitur
2165 4935 2474 5014 impensus
2504 4942 2616 5005 est,
2652 4938 2810 5012 patet
2843 4949 2960 4992 non
3017 4930 3204 4992 fuisse
3235 4930 3420 4990 ullum
3451 4929 3677 4991 donum
3711 4927 3828 4988 isto

426 5026 645 5108 quippe
676 5044 777 5088 rex
807 5025 1003 5102 Jesus,
1038 5024 1241 5087 volens
1271 5025 1383 5085 hoc
1414 5042 1531 5084 non
1559 5030 1798 5102 propter
1826 5038 1891 5086 se
1925 5041 1940 5082 :
1975 5022 2078 5083 sed
2165 5021 2567 5105 praestantius,
2598 5021 2756 5101 quod
2790 5021 2860 5081 ad
2920 5019 3392 5108 oblitterandum
3423 5016 3633 5108 Adami
3664 5015 3828 5077 deli-

427 5104 590 5196 quia
616 5132 714 5177 res
763 5114 949 5176 ardua
1006 5126 1121 5187 εει,
1204 5131 1312 5175 nos
1369 5111 1822 5192 magnitutinem
1878 5109 2083 5172 salutis
2165 5122 2322 5171 ctum
2356 5109 2654 5172 Divinitati
2691 5108 3032 5170 oti‘erretur.
3093 5107 3316 5188 Lapsus
3346 5106 3507 5168 enim
3539 5104 3827 5181 Adamus,

425 5205 791 5285 ignoramus,
824 5204 1009 5265 vulta
1039 5202 1212 5264 nobis
1243 5202 1397 5284 cogi,
1457 5211 1519 5264 et
1547 5199 1661 5261 vim
1697 5217 1846 5281 pene
1880 5211 2079 5280 tyran-
2164 5198 2523 5276 intelligibili
2553 5197 2656 5259 Dei
2690 5197 2877 5277 gratia
2905 5217 3021 5277 qua
3076 5196 3410 5267 fruebatus,
3469 5203 3681 5257 exutus
3709 5201 3829 5265 est,

427 5284 622 5357 nicam
654 5295 978 5369 sustinere,
1000 5300 1063 5355 ut
1096 5292 1308 5369 partim
1343 5292 1584 5373 quidem
1618 5308 1684 5352 ex
1719 5290 1792 5351 iis
1823 5308 1952 5370 quae
1985 5309 2081 5369 pa-
2164 5308 2343 5370 quam
2377 5307 2535 5350 nunc
2557 5286 2801 5349 salutari
2840 5287 3119 5367 perfusus
3152 5284 3311 5348 unda
3338 5284 3587 5366 quilibet
3619 5302 3833 5346 rursus

428 5384 629 5457 timur,
655 5402 687 5444 a
713 5394 952 5464 peccato
966 5379 2080 5462 gravitercircumseSsi;intelligamus
2164 5377 2375 5440 induit.
2400 5379 2544 5439 Nam
2583 5378 2931 5458 quicunque
2960 5382 3025 5437 in
3060 5376 3301 5439 Christo
3332 5375 3631 5456 baptizati
3656 5381 3832 5447 sunt,

426 5472 487 5534 in
519 5472 753 5555 qualem
785 5471 1204 5536 necessitatem
1265 5490 1385 5534 non
1441 5478 1655 5552 sponte
1687 5470 2026 5532 venerimus
2062 5490 2075 5527 :
2165 5468 2472 5531 Christum
2506 5467 2841 5529 induerunt
2866 5466 2949 5526 73.

504 5664 569 5715 65
591 5663 793 5743 Matth:
817 5679 900 5743 γι,
924 5663 1021 5738 10,
1105 5660 1172 5712 66
1196 5661 1398 5743 Matth.
1422 5677 1487 5743 Χ,
1510 5661 1565 5723 7.
1648 5659 1711 5711 6⁷
1732 5658 1873 5743 Luc.
1899 5675 2022 5743 xix,
2042 5661 2072 5722 Ξ

2168 5739 2185 5743 Δ
2227 5656 2293 5709 68
2316 5657 2487 5743 toan.
2516 5674 2556 5731 ι,
2580 5655 2723 5743 t__2._
2753 5654 2818 5743 (f9
2837 5653 2992 5743 Psal.
3015 5669 3138 5743 15x
3159 5668 3327 5733 xvm,
3349 5650 3451 5713 49.
3522 5649 3609 5700 69'
3629 5646 3656 5711 Ι
3673 5647 3836 5711 Tim.

429 5756 494 5823 ll,
526 5746 585 5810 4.
671 5742 735 5793 ⁷ο
761 5732 914 5806 Ρεδῐ.
947 5732 1016 5824 x,
1044 5744 1105 5806 8.
1190 5741 1241 5791 ⁷¹
1277 5732 1481 5804 Matth.
1512 5757 1716 5817 xxvm,
1752 5740 1851 5818 i8,
1892 5732 2019 5804 49.⁷

2164 5739 2281 5804 lsa.
2314 5753 2398 5813 Ix,
2432 5738 2492 5798 6.
2585 5736 2648 5787 73
2680 5735 2871 5800 Galat.
2905 5750 2992 5811 III,
3023 5732 3127 5797 27.
