4160 6404
343 359 458 428 381
1089 359 1108 366 ⁷
1794 363 2078 431 ORATIO
2115 363 2278 434 XIV.
3612 368 3738 438 382

423 500 630 585 Itaque
660 503 918 566 humana
945 517 1075 583 quae
1130 497 1488 573 sentiuntur,
1520 504 1986 581 cernunturque,
2011 519 2052 560 Α
2074 500 2335 564 breviter
2381 501 2599 578 dicam,
2645 505 2861 568 frustra
2917 505 3241 570 Christiani
3298 523 3518 570 nomen
3549 505 3727 586 gerit,

337 592 739 656 humanorum
787 613 918 675 quae
965 601 1188 654 tantum
1249 588 1680 668 intelliguntur,
1741 607 1853 651 nec
1883 589 1990 651 sub
2075 591 2265 670 quiin
2291 591 2594 671 agnitione
2620 595 2762 656 Jesu
2819 597 3300 659 communionem
3335 615 3469 658 cum
3504 615 3574 658 eo
3608 615 3728 657 non

335 685 544 746 oculos
573 685 834 766 veniunt,
869 684 1070 745 formae
1101 689 1159 742 et
1208 679 1497 756 imagines
1528 679 1792 759 quazdam
1828 687 1986 740 sunt.
2075 679 2272 743 habet.
2309 682 2470 744 Talis
2500 703 2678 764 porro
2713 703 2780 746 ex
2813 685 3176 748 conﬁdentia
3206 695 3264 748 et
3317 684 3564 749 audacia
3613 684 3726 746 ad-

337 772 614 850 Exempli
646 791 845 842 causa.
877 775 1055 836 homo
1079 769 1342 832 nascitur
1361 767 1990 857 nudustuerinfans,
2074 788 2280 832 versus
2309 772 2507 835 divina
2538 783 2595 834 et
2626 793 2819 850 sacra,
2853 794 2923 836 ex
2979 776 3269 838 iracundo
3300 785 3358 837 et
3388 775 3721 857 praefracto,

333 863 440 942 qui
492 865 656 927 nulla
706 883 772 926 re
821 870 1012 926 semet
1053 862 1264 941 juvare
1296 865 1512 938 potest,
1549 856 1810 936 quandiu
1841 857 1993 919 lacte
2073 861 2492 942 arrogantique
2550 863 2750 924 animo
2786 881 2801 939 ;
2835 866 3132 944 quomodo
3184 867 3338 929 alius
3390 856 3600 927 contra
3653 882 3724 924 ex

331 961 606 1014 materno
624 954 821 1033 alitur,
847 965 917 1014 at)
945 951 1154 1014 easola
1175 955 1458 1010 curatur:
1499 954 1588 1007 ast
1630 945 1731 1006 ubi
1762 946 1992 1009 ratione
2073 952 2408 1012 reverentia
2438 959 2494 1012 et
2525 952 2740 1032 pietate
2787 971 2926 1031 erga
2983 973 3081 1015 res
3133 955 3362 1017 divinas
3411 961 3471 1015 et
3499 970 3722 1027 sacras,

323 1039 451 1119 jam
504 1043 614 1118 uti,
649 1051 705 1104 et
737 1041 986 1117 institui,
1021 1059 1086 1101 ac
1119 1039 1410 1120 proﬁcere
1441 1035 1710 1115 cmperit,
1745 1043 1808 1095 ut
1838 1033 1990 1096 sibi-
2073 1038 2214 1099 item
2247 1058 2315 1101 ex
2351 1059 2582 1102 summa
2612 1062 2845 1105 morum
2905 1045 3212 1120 suavitate,
3269 1052 3330 1106 et
3357 1043 3543 1106 animi
3572 1041 3719 1104 sub-

332 1139 459 1191 met
487 1151 662 1212 opem
698 1131 855 1194 ferre
888 1139 1092 1211 queat,
1128 1137 1249 1190 tum
1303 1124 1584 1215 nimirum
1635 1142 1902 1215 quaerere
1935 1132 1992 1215 et
2072 1129 2358 1193 missione
2387 1133 2783 1213 cognoscitur.
2817 1133 2963 1196 Nam
3003 1149 3066 1198 ut
3107 1136 3209 1197 ille
3240 1135 3453 1215 nescit,
3490 1133 3576 1195 sic
3607 1134 3724 1193 iste

328 1238 543 1300 rogare
567 1231 785 1302 potest.
809 1222 938 1282 Pari
964 1219 1142 1281 modo
1178 1217 1375 1279 anima
1399 1213 1561 1276 omni
1595 1213 1806 1274 virtute
1834 1214 1994 1275 nuda
2073 1219 2252 1292 novit,
2289 1220 2437 1282 nihil
2481 1240 2547 1283 se
2596 1223 2808 1285 fecisse
2866 1224 3185 1298 laudabile,
3221 1223 3338 1287 nisi
3362 1213 3723 1284 incommu-

332 1321 571 1372 creatur
605 1332 619 1372 :
655 1328 910 1392 cumque
940 1311 1010 1372 ad
1072 1305 1589 1386 regenerationem
1647 1306 1987 1394 accesserit,
2074 1307 2256 1370 nione
2287 1308 2428 1371 boni
2457 1313 2617 1386 .lesu,
2653 1313 2756 1393 qui
2809 1332 2998 1394 usque
3029 1333 3100 1376 eo
3131 1331 3194 1374 se
3225 1313 3396 1374 nobis
3425 1319 3719 1390 attempe-

332 1399 635 1462 Christum
659 1401 873 1469 induit,
895 1419 928 1460 a
951 1398 1184 1462 Christo
1218 1396 1499 1468 nutritur,
1526 1392 1989 1483 eruditur,qua3:
2071 1397 2241 1470 ravit,
2275 1407 2340 1460 ut
2382 1400 2632 1462 formam
2663 1392 2837 1483 atque
2895 1392 3287 1466 substantiam
3321 1401 3507 1464 nostri
3544 1399 3717 1462 simi-

330 1507 469 1550 rere
502 1500 554 1551 et
587 1509 797 1569 rogare
827 1489 1026 1551 discit.
1092 1485 1322 1549 Exinde
1384 1483 1498 1544 nisi
1525 1482 1900 1574 roget,__nihil
1933 1490 1989 1574 el
2075 1486 2194 1548 lem
2217 1487 2275 1548 in
2299 1508 2365 1552 se
2394 1482 2755 1572 capesseret,
2784 1501 2845 1552 ut
2873 1511 2977 1572 per
3007 1495 3421 1574 cognationem
3453 1509 3719 1552 commu-

329 1576 599 1640 Christus
629 1580 896 1659 largitur.
933 1576 1190 1655 Rogabit
1218 1593 1357 1636 vero
1391 1571 1816 1661 conducibilia.
1850 1569 1985 1631 Pri-
2068 1577 2430 1660 nionemque
2462 1569 2596 1641 cum
2616 1600 2709 1658 eo,
2731 1569 3175 1645 vitae—rationem
3201 1581 3430 1645 homini
3460 1598 3715 1661 respon-

329 1686 492 1727 mum
527 1668 765 1746 quidem
826 1669 1051 1740 lumen,
1115 1674 1177 1726 ut
1231 1664 1449 1724 videat.
1512 1659 1751 1724 Videbit
1780 1669 1982 1721 autem
2067 1665 2311 1728 dentem
2336 1659 2740 1742 inveniamus,

326 1776 570 1819 omnem
594 1758 656 1820 in
681 1759 880 1837 seipsa
898 1757 1222 1830 miseriam,
1245 1754 1524 1847 illicoque
1547 1749 1978 1847 humiliabitur,
2006 1799 2044 1847 Β
2067 1843 2104 1847 __
2148 1754 2294 1818 Sunt
2325 1777 2463 1820 vero
2484 1760 2661 1840 quiin
2686 1761 2860 1822 terris
2879 1753 3054 1823 etiam
3079 1771 3138 1824 et
3178 1763 3238 1822 in
3286 1777 3500 1842 copore
3528 1776 3712 1838 ange-

327 1856 387 1908 et
408 1848 718 1909 humiliata
750 1853 1147 1925 mansuescet,
1185 1841 1580 1932 mansuefacta
1604 1839 1725 1932 vias
1747 1838 1978 1900 Domini
2006 1838 2042 1847 ”
2066 1843 2212 1906 licos
2244 1866 2439 1910 mores
2467 1838 2841 1925 aemulantur,
2895 1871 3028 1913 cum
3091 1852 3324 1932 penitus
3356 1838 3474 1912 tota
3502 1849 3716 1910 animae

324 1955 360 1997 a
381 1935 634 1998 Domino
659 1938 900 2017 mystice
924 1934 1260 1997 docebitur:
1316 1931 1440 2007 Qui
1461 1933 1632 1992 mites
1654 1929 1821 1990 docet
1846 1934 1984 2018 uias
2066 1943 2125 1996 et
2153 1939 2422 2016 corporis
2455 1948 2662 2001 natura
2689 1938 2866 2002 Jesus
2923 1929 3383 2002 communicanti
3437 1938 3548 2000 sibi
3576 1954 3716 2018 per.

323 2027 571 2088 suas“.
599 2015 753 2090 Sane
775 2025 875 2106 qui
901 2026 1060 2105 prius
1099 2021 1342 2102 gratiam
1368 2019 1589 2082 Christi
1615 2037 1731 2078 non
1761 2015 1978 2090 induit,
2067 2015 2277 2088 mistus
2308 2026 2504 2104 fuerit,
2540 2040 2757 2091 etcum
2785 2049 2854 2092 eo
2887 2050 3070 2092 unum
3105 2031 3378 2104 evaserit,
3406 2037 3469 2089 ut
3497 2015 3713 2108 hujus-

323 2125 507 2196 atque
538 2117 618 2178 ita
675 2115 746 2177 ad
809 2117 1013 2195 vitam,
1079 2130 1395 2193 moresque
1453 2108 1818 2201 Christianos
1849 2125 1981 2168 sese
2066 2115 2225 2175 modi
2249 2117 2424 2179 homo
2456 2120 2639 2199 possit
2663 2121 3157 2201 usurpareillud:
3195 2119 3336 2182 Vivo
3366 2126 3568 2180 autem
3582 2119 3714 2196 jam

323 2207 452 2281 dat,
485 2224 728 2287 operam
763 2204 980 2285 perdit.
1005 2202 1387 2281 Quaecunque
1405 2200 1563 2287 enim
1597 2197 1748 2259 mala
1771 2204 1978 2287 pertu-

323 2295 489 2370 lerit,
523 2286 622 2356 aut
651 2294 808 2354 bona
837 2293 1047 2372 egerit,
1109 2289 1373 2351 nondum
1408 2286 1625 2350 Christi
1657 2286 1842 2366 gratia
1870 2302 1976 2345 ve-

323 2384 519 2458 stitus,
543 2384 761 2445 nullam
779 2383 918 2442 inde
945 2381 1258 2444 utilitatem
1281 2376 1634 2458 reportabit,
1653 2374 1898 2456 perinde
1915 2381 1978 2435 ut

319 2473 517 2537 Judaei
561 2481 619 2534 et
666 2471 884 2535 ethnici
917 2470 1074 2533 Deus
1118 2469 1451 2532 nescientes
1483 2484 1496 2528 :
1534 2465 1826 2546 siquidem
1859 2483 1976 2526 non

323 2573 414 2626 est
448 2563 506 2624 in
545 2563 691 2624 orbe
725 2572 1016 2623 terrarum
1074 2561 1388 2641 quisquam
1419 2557 1566 2619 adeo
1599 2555 1842 2634 impius,
1877 2553 1978 2635 qui

2063 2220 2184 2264 non
2207 2223 2337 2286 ego,
2363 2209 2509 2270 vivit
2538 2227 2676 2271 vero
2699 2211 2762 2270 in
2794 2227 2894 2271 me
2925 2208 3204 2272 Christus
3225 2209 3308 2270 76.
3337 2213 3460 2268 Duo
3497 2208 3720 2287 quippe

2061 2303 2199 2354 sunt
2221 2295 2366 2356 citra
2389 2298 2798 2360 confusionem
2824 2299 2991 2360 unita
3017 2316 3030 2360 :
3076 2299 3497 2379 disjunguntur
3521 2303 3716 2356 autem

2061 2382 2398 2474 aliquando,
2433 2387 2613 2474 idque
2643 2389 2704 2449 in
2735 2388 2906 2450 nobis
2937 2387 3102 2474 ipsis,
3139 2398 3217 2474 et_
3251 2408 3320 2450 ea
3357 2385 3616 2474 carnalia
3647 2402 3716 2444 ac

2061 2465 2388 2543 spiritualia
2418 2465 2699 2530 dicuntur
2726 2487 2739 2532 :
2767 2465 3171 2551 quandoidem
3204 2470 3381 2529 homo
3408 2465 3712 2528 interdum

2061 2555 2342 2627 carnalia,
2405 2557 2702 2619 interdum
2794 2557 3123 2638 spiritualia
3209 2558 3378 2638 sapit.
3438 2554 3546 2628 Qui
3609 2552 3716 2632 igi-

320 2671 629 2734 nunquam
659 2651 882 2732 aliquid
909 2669 1042 2711 curn
1090 2649 1303 2710 virtute
1341 2647 1722 2727 conjunctnm
1759 2652 1985 2734 natura;
2070 2649 2164 2703 tur
2194 2645 2523 2726 spiritualia
2551 2647 2726 2728 sapit,
2787 2656 2844 2708 et
2883 2647 3020 2726 agit,
3057 2647 3250 2708 fidelis
3279 2656 3393 2719 est,
3429 2653 3488 2706 et
3506 2641 3716 2734 nomi-

320 2730 559 2805 hortatu
574 2730 864 2803 eﬂ‘ecerit.
893 2739 1063 2802 Prius
1088 2740 1264 2818 igitur
1285 2735 1788 2802 contendendum,
1819 2733 1981 2810 quod
2067 2742 2269 2797 natur:
2292 2735 2648 2798 nisienimin
2663 2737 2860 2818 seipso
2881 2738 3128 2817 gratiam
3160 2730 3716 2812 sanctissimiSpiri-

319 2851 501 2915 supra
533 2832 872 2900 docuimus,
906 2838 970 2890 ut
1002 2847 1109 2910 per
1158 2828 1359 2902 fidem,
1409 2845 1516 2907 per
1547 2823 1975 2915 paenitentiam,
2065 2830 2158 2882 tus
2175 2825 2444 2915 haberet,
2472 2826 2587 2887 sibi
2605 2825 3342 2907 creditam,Spiritualibus
3363 2842 3478 2884 non
3503 2822 3714 2915 funge-

318 2910 428 3005 per
460 2921 904 3003 impositionem
940 2937 1178 2980 manum
1214 2915 1540 3005 presbyteri
1569 2914 1813 2994 gratiam
1845 2913 1973 3005 adi—
2059 2920 2245 3005 retur.
2273 2913 2593 3005 Quiautem
2620 2935 2752 2997 qua:
2774 2915 2936 2978 carni
2971 2916 3170 2976 affinia
3195 2923 3332 2976 sunt
3361 2927 3422 2978 et
3454 2910 3627 2991 sapit,
3655 2917 3713 2970 et

317 3000 585 3092 spiscare
620 3030 634 3074 :
669 3011 800 3071 sine
831 3008 1047 3089 quibus
1076 3009 1148 3071 ad
1183 3025 1312 3080 eos,
1348 3005 1448 3086 qui
1479 3004 1670 3085 ipsam
1707 3011 1836 3082 post
1864 3002 1974 3064 ba-
2057 3000 2196 3076 agit,
2221 3003 2502 3081 infidelis,
2532 3014 2590 3066 et
2611 3006 2833 3068 nullius
2858 3005 3032 3086 pretii
3057 3016 3167 3069 est.
3194 3005 3360 3078 Quod
3391 3003 3502 3066 nisi
3527 3004 3604 3062 ita
3627 3017 3718 3061 es-

318 3102 604 3182 ptismum
658 3099 1010 3172 amiserunt,
1046 3117 1163 3159 non
1198 3095 1483 3158 reveniat.
1519 3094 1685 3167 Quod
1719 3093 1768 3154 si
1797 3094 1970 3154 etiam
1993 3129 2031 3179 C
2058 3099 2168 3182 set,
2192 3112 2489 3174 nunquam
2511 3092 3714 3180 vacuusgrzitiaChristietdiabolipatiens

316 3181 467 3252 citra
498 3207 781 3251 manuum
806 3187 1326 3268 impositionemin
1352 3185 1580 3266 aliquos
1600 3183 1780 3257 venit,
1809 3190 1970 3242 certe
2055 3181 2352 3255 incursus,
2415 3185 2674 3245 carnalia
2731 3194 3125 3265 operaretur:
3189 3185 3329 3264 quia
3382 3182 3579 3244 omnis
3610 3188 3716 3261 qul

315 3299 526 3342 eorum
559 3278 804 3357 exiguus
829 3284 918 3337 est
942 3295 1248 3349 numerus,
1273 3275 1390 3336 duo
1429 3283 1524 3335 aut
1551 3281 1670 3334 tres
1703 3273 1962 3343 fortisan,
2050 3270 2189 3331 facit
2223 3272 2466 3354 malum,
2500 3292 2567 3335 ex
2600 3274 2856 3354 maligno
2887 3282 2981 3336 est
3009 3275 3095 3335 77.
3152 3273 3382 3336 Idcirco
3411 3271 3513 3353 qui
3547 3269 3702 3332 male

317 3379 379 3431 et
406 3369 621 3430 raritas
654 3369 841 3447 legem
877 3366 1157 3428 Ecclesite
1187 3385 1305 3426 non
1367 3365 1613 3445 praeﬁgit
1674 3361 1794 3423 Nec
1826 3379 1968 3440 pec-
2053 3369 2254 3438 agunt,
2292 3380 2394 3423 eos
2427 3373 2656 3424 certum
2689 3373 2778 3425 est
2831 3382 2864 3424 a
2894 3363 3266 3425 dmmonibus
3297 3361 3556 3440 impelli,
3598 3361 3710 3422 ha-

323 3459 720 3537 casseitaque,
743 3476 853 3518 nec
869 3475 1118 3536 peccare
1136 3464 1439 3535 peccatum
1457 3463 1565 3515 est:
1588 3452 1978 3533 quemadmo-
2063 3447 2270 3511 bentes
2303 3452 2581 3532 nequitia;
2613 3453 2968 3534 principem,
3024 3454 3124 3535 qui
3171 3452 3231 3514 in
3264 3451 3410 3532 ipsis
3443 3449 3712 3512 habitare

330 3546 476 3608 dum
503 3564 607 3605 nec
626 3564 769 3608 caeco
793 3545 1230 3606 autoﬂ‘endisse
1248 3544 1457 3624 pedem
1471 3541 1852 3611 ambulando,
1875 3547 1973 3600 aut

332 3635 630 3696 offendere
645 3635 874 3696 caecitas
886 3643 1117 3702 est,uec
1129 3643 1344 3713 aagroto
1363 3631 1732 3693 morbuscibi
1747 3640 1971 3690 stoma-

325 3723 437 3785 cbo
451 3724 716 3785 nocentis
736 3724 1018 3804 appetitio
1038 3722 1144 3782 sed
1178 3741 1291 3782 non
1333 3722 1690 3801 participare
1713 3719 1971 3780 divinam

321 3823 596 3875 naturam
626 3813 778 3893 ejus,
803 3813 902 3893 qui
923 3831 1028 3893 pro
1054 3810 1298 3872 nobisin
1325 3829 1498 3872 cruce
1512 3808 1794 3891 pependit
1820 3811 1976 3870 [)eus

311 3901 494 3966 Jesus
516 3901 806 3975 Christus,
823 3904 933 3963 hoc
954 3913 1264 3981 peccatum
1282 3908 1394 3962 est.
1419 3899 1524 3960 Est
1547 3899 1706 3959 enim
1730 3898 1978 3959 nimium

312 4001 608 4074 quantum
637 3991 903 4064 difficile,
938 4000 1115 4071 atque
1145 3990 1291 4051 adeo
1324 3988 1724 4069 impossibile,
1763 3999 1830 4047 ut
1861 4005 1978 4048 non

315 4089 553 4163 peccet,
586 4079 687 4162 qui
717 4100 852 4141 cum
883 4082 1023 4141 .lesu
1085 4078 1569 4141 communionem
1629 4077 1749 4139 non
1779 4077 1974 4142 habet.

314 4174 461 4236 Haec
484 4171 660 4233 etiam
683 4169 913 4246 iustitia
934 4178 1047 4242 est,
1077 4169 1432 4250 participare
1455 4175 1513 4228 et
1535 4169 1980 4230 communicare

313 4281 454 4325 cum
475 4260 637 4325 Jesu.
666 4258 810 4322 Cum
831 4261 944 4323 hoc
961 4260 1060 4332 qui
1088 4279 1202 4320 non
1227 4259 1651 4330 communicat,
1675 4278 1973 4340 nunquam

313 4369 350 4412 a
383 4359 622 4430 pecctto
653 4349 1054 4410 mundabitur.
1081 4347 1558 4411 Communicanti
1608 4355 1806 4410 autem
1840 4367 1973 4410 cum

2062 3539 2459 3617 cognoscitur.
2491 3543 2724 3603 Etenim
2748 3541 2994 3622 spiritus
3010 3560 3263 3622 nequam
3290 3554 3346 3602 et
3372 3539 3712 3615 intelligen-

2063 3627 2158 3688 tiae
2190 3641 2369 3692 notus
2429 3639 2538 3710 est,
2601 3633 2699 3712 qui
2758 3632 3056 3708 inﬁdeles,
3119 3644 3176 3693 et
3231 3630 3492 3692 adivina
3529 3629 3713 3708 gratia

2060 3718 2327 3782 desertos
2357 3721 2741 3800 Spiritualiter
2768 3721 2948 3785 amat.
2987 3721 3276 3792 Quocirca
3307 3719 3534 3780 ratione
3559 3736 3710 3797 prae-

2064 3807 2194 3883 diti,
2232 3820 2291 3870 et
2323 3809 2509 3871 libera
2553 3812 2852 3872 voluntate
2897 3810 3291 3882 cohonestati,
3327 3809 3484 3869 velut
3513 3806 3710 3868 alieno

2063 3898 2313 3960 arbitrio
2345 3901 2596 3980 subjecti
2644 3911 2972 3964 cernuntur
3017 3900 3166 3980 regi,
3229 3899 3471 3960 sibimet
3502 3897 3708 3976 ignoti,

2061 3997 2118 4049 et
2152 3990 2463 4069 opinantes
2494 4012 2560 4052 ex
2596 3992 2697 4053 illa
2728 4011 2834 4053 sua
2867 3992 3136 4053 libertate
3195 3990 3412 4050 malum
3445 4007 3509 4050 se
3539 4005 3708 4048 com-

2064 4084 2323 4142 mittere.
2359 4082 2544 4153 Quam
2577 4083 2918 4164 Opinionem
2981 4099 3258 4160 magnum
3291 4078 3474 4140 robur
3501 4076 3704 4139 archi-

2062 4168 2203 4229 tecti
2226 4169 2624 4250 improbitatis
2641 4191 2771 4233 esse
2819 4171 3124 4233 novimus:
3159 4170 3330 4249 cujus
3375 4186 3551 4229 omne
3583 4175 3711 4227 stu—

2060 4257 2223 4318 dium
2259 4258 2316 4319 in
2344 4259 2402 4319 id
2436 4261 2824 4341 impenditur,
2862 4274 2925 4323 ut
2957 4279 3026 4322 eo
3057 4259 3383 4330 annitentc,
3418 4257 3478 4317 in
3511 4256 3582 4317 iis
3611 4253 3712 4336 qui

2061 4348 2278 4408 malum
2295 4360 2639 4432 operantur,
2655 4349 3114 4430 aperantesseid
3132 4349 3329 4409 facere
3342 4345 3705 4406 existiment.

315 4459 392 4502 eo
421 4448 728 4521 peccatum
761 4459 880 4499 non
939 4438 1349 4500 dominabitur
1433 4437 1497 4498 In
1533 4438 1659 4517 ipso
1693 4443 1848 4499 enim
1883 4437 1969 4498 vi-
1995 4459 2038 4508 ι)
2139 4436 2288 4510 Quid
2317 4439 2719 4518 igitur?dicet
2743 4442 3060 4522 quispiam,
3087 4435 3508 4518 periitarbitrii
3532 4433 3710 4522 liber-

312 4537 484 4606 mnt,
520 4534 830 4589 moventur
888 4537 945 4589 et
997 4537 1136 4590 sunt
1191 4526 1512 4589 Christiani
1557 4527 1638 4589 75.
1699 4526 1890 4608 Atque
1921 4536 1986 4590 ut
2068 4533 2154 4587 tas
2175 4527 2502 4607 (5)?Sane,
2531 4538 2589 4590 at
2617 4549 2733 4591 non
2757 4538 2898 4591 tote.
2928 4529 3232 4592 Bemansit
3255 4525 3415 4588 enim
3439 4524 3496 4584 in
3533 4521 3708 4586 nobis

399 4720 464 4771 7‘
501 4721 655 4784 Psal.
689 4734 856 4794 xxxv,
886 4721 947 4781 9.
1036 4717 1099 4768 75
1129 4719 1262 4779 Act.
1294 4733 1435 4790 xvn,
1474 4715 1574 4780 98.

1663 4715 1725 4766 76
1753 4715 1940 4780 Galai.
1977 4726 2041 4794 Π,
2076 4717 2175 4782 20,
2261 4716 2322 4766 77
2353 4718 2372 4777 l
2402 4714 2574 4779 Joan.
2609 4733 2695 4794 III,
2725 4720 2782 4783 8.

398 4899 482 4971 (5)
523 4897 725 4971 ALocus
784 4895 1042 4954 lubricus
1099 4909 1455 4965 censuraque
1495 4896 1726 4971 dignus,
1760 4897 1982 4956 videtur
2063 4899 2242 4956 tendo
2274 4905 2328 4954 et
2359 4897 2754 4971 persuadendo
2785 4896 3062 4967 obiectum
3113 4895 3464 4971 propositum
3501 4893 3710 4949 habere

315 4967 482 5027 enim
513 4969 743 5027 Simeon
768 4971 1110 5033 existimare,
1172 4977 1397 5037 peccata
1459 4967 1530 5024 ab
1572 4967 1818 5024 homine
1851 4985 1979 5039 per-

315 5041 567 5098 llbt‘l‘tlm
601 5041 901 5098 arbitrium
935 5055 1049 5097 non
1080 5039 1378 5099 committi.
1417 5039 1513 5094 sed
1569 5041 1757 5110 potius
1788 5055 1818 5097 a
1870 5041 1976 5098 dae-

313 5128 493 5170 mone
522 5117 578 5169 in
615 5114 846 5169 tio-nine
900 5122 954 5168 et
1013 5126 1110 5181 per
1169 5111 1480 5182 hominem,
1545 5121 1814 5181 tanquam
1875 5127 1976 5182 per

315 5187 768 5241 instrumentum
803 5192 1073 5252 opt-rente
1105 5202 1118 5248 ;
1185 5183 1335 5253 quod
1368 5181 1508 5238 adeo
1543 5182 1746 5238 tals-uin
1777 5181 1887 5246 est,
1915 5195 1976 5241 ut

311 5256 534 5327 peccati
567 5258 707 5312 ratio
739 5255 896 5312 nulla
957 5256 1178 5312 ratione
1235 5254 1548 5310 subsistere
1585 5256 1784 5327 possit
1815 5274 1828 5317 ;
1863 5255 1975 5311 nisi

313 5325 344 5384 ὁ
383 5326 556 5384 libero
587 5327 824 5384 arbitrio
853 5327 1122 5396 procedat
1153 5344 1168 5391 ;
1203 5340 1387 5394 neque
1418 5333 1503 5382 est
1542 5325 1656 5382 ulla
1689 5338 1782 5382 res
1823 5341 1970 5396 prae-

313 5409 404 5456 ter
433 5401 620 5468 ipsum
662 5400 952 5455 hominem
1000 5398 1098 5470 qui
1151 5406 1391 5464 peccat;
1452 5411 1579 5470 quae
1627 5398 1971 5454 voluntatem

313 5471 530 5529 directe
577 5471 648 5527 ad
713 5469 1027 5539 peccatum
1068 5483 1290 5540 movere
1347 5478 1402 5525 et
1454 5469 1972 5540 inclinarequeat,

313 5541 480 5600 docet
507 5549 741 5599 sanctus
772 5541 1046 5605 Thomas,
1077 5539 1194 5600 1-2.
1227 5548 1407 5610 quasi
1460 5539 1545 5597 80.
1581 5548 1667 5596 art
1729 5539 1783 5594 Ξ.
1817 5540 1976 5597 Indi-

312 5621 470 5673 recte
502 5624 691 5672 tamen
727 5621 910 5683 potest
969 5626 1023 5669 et
1081 5614 1227 5668 solet
1281 5612 1543 5683 diabolus
1604 5611 1875 5668 inducere
1903 5613 1975 5669 ad

309 5685 385 5744 ad
413 5695 712 5758 peccatum
733 5682 758 5758 ς
795 5683 888 5758 vel
932 5682 1764 5758 proponendo__et_objiciendo
1797 5691 1974 5741 mate-

307 5753 478 5825 riam,
510 5773 628 5832 qua
659 5755 793 5830 quis
822 5755 895 5816 ad
934 5753 1238 5829 peccatum
1287 5753 1561 5826 allicitur,
1618 5755 1707 5814 vel
1763 5769 1976 5828 sugge-

2064 4985 2333 5028 rauonem
2365 4970 2520 5032 boni.
2554 4973 2684 5041 quia
2719 4979 2773 5025 et
2803 4982 3136 5041 suggerens,
3191 4982 3243 5023 et
3301 4967 3572 5041 suadens,
3608 4980 3707 5020 seu

2061 5044 2414 5112 persuadens
2444 5039 2762 5112 aliqualiter
2795 5040 3080 5112 proponit,
3119 5040 3412 5111 proprium
3441 5039 3710 5112 objectum

2054 5111 2351 5175 uoluntati,
2383 5113 2525 5184 quod
2548 5111 2629 5169 est
2684 5113 2924 5168 rationis
2982 5111 3193 5184 bonum_
3211 5126 3406 5184 verum
3433 5111 3517 5184 υιίι
3545 5125 3689 5179 appa

2055 5201 2204 5251 rens,
2241 5196 2296 5241 ut
2331 5181 2515 5247 inlinit
2545 5195 2778 5241 sanctus
2808 5185 3050 5239 Thomas
3083 5199 3095 5238 :
3155 5181 3261 5238 Sed
3289 5183 3444 5238 mitto
3474 5183 3710 5238 istorum

2054 5258 2346 5313 modorum
2391 5264 2561 5326 potest
2619 5255 2834 5328 aliquid
2885 5270 2996 5328 esse
3049 5253 3262 5310 directa
3290 5253 3708 5328 causaipeccati,

2054 5330 2184 5400 quia
2211 5325 2466 5385 voluntas
2498 5343 2609 5400 non
2635 5325 2724 5384 ea!
2751 5326 3095 5400 necessitate
3122 5332 3376 5383 movetur
3423 5327 3494 5381 ab
3523 5325 3710 5400 ntiqua

2052 5397 2275 5472 objecta,
2309 5400 2421 5456 nisi
2458 5399 2528 5455 ab
2556 5400 2751 5456 ultimo
2777 5400 2905 5471 ﬁne.
2975 5397 3124 5472 Uade
3179 5413 3292 5472 rion
3341 5406 3416 5455 (st
3440 5397 3711 5472 sufﬁcierts

2053 5468 2226 5530 causa
2251 5473 2478 5543 peccati,
2512 5487 2684 5543 neque
2726 5468 2814 5526 res
2871 5470 3111 5543 exterius
3135 5542 3138 5543 ν
3159 5469 3366 5530 oblata.
3396 5468 3706 5543 magna

2055 5543 2153 5615 qui
2179 5539 2300 5598 eain
2325 5539 2606 5615 proponit;
2654 5557 2824 5615 neque
2871 5542 2983 5606 itte,
3045 5542 3141 5613 qui
3198 5539 3712 5615 persuadethnde

2052 5612 2501 5686 sequium—quad
2529 5613 2782 5686 diabolus
2806 5629 2921 5669 non
2946 5615 3019 5670 sit
3057 5612 3246 5686 causa
3269 5613 3478 5684 peccati
3506 5612 3712 5686 directe

2052 5684 2137 5743 vel
2161 5684 2514 5758 sufﬁcienter,
2542 5685 2638 5743 sed
2688 5685 2871 5758 solum
2911 5700 3017 5758 per
3073 5685 3298 5742 modum
3323 5684 3709 5758 persuadentis

2052 5759 2139 5818 uel
2177 5755 2540 5831 proponenti:
2591 5755 2932 5831 appetibitef
2958 5755 3090 5815 Haec
3148 5755 3379 5816 sanctus
3437 5756 3704 5816 Thomas.
