  <div class='ocr_page' id='page_1' title='image "/cluster/home/n/w/nwhite01/storage/ocr_20150623/120/coo.31924054870245/200.png"; bbox 0 0 4160 6410; ppageno 0'>
   <div class='ocr_carea' id='block_1_1' title="bbox 333 353 456 423">
    <p class='ocr_par' dir='ltr' id='par_1_1' title="bbox 333 353 456 423">
     <span class='ocr_line' id='line_1_1' title="bbox 333 353 456 423; baseline 0 0"><span class='ocrx_word' id='word_1_1' title='bbox 333 353 456 423; x_wconf 76' lang='lat'><strong>885</strong></span> 
     </span>
    </p>
   </div>
   <div class='ocr_carea' id='block_1_2' title="bbox 1803 353 2361 424">
    <p class='ocr_par' dir='ltr' id='par_1_2' title="bbox 1803 353 2361 424">
     <span class='ocr_line' id='line_1_2' title="bbox 1803 353 2361 424; baseline -0.002 -2"><span class='ocrx_word' id='word_1_2' title='bbox 1803 353 2088 423; x_wconf 77' lang='lat' dir='ltr'><strong>ORATIO</strong></span> <span class='ocrx_word' id='word_1_3' title='bbox 2126 357 2262 424; x_wconf 82' lang='lat' dir='ltr'><strong>XV.</strong></span> <span class='ocrx_word' id='word_1_4' title='bbox 2349 361 2361 368; x_wconf 87' lang='grc'><em>’</em></span> 
     </span>
    </p>
   </div>
   <div class='ocr_carea' id='block_1_3' title="bbox 3607 363 3729 434">
    <p class='ocr_par' dir='ltr' id='par_1_3' title="bbox 3607 363 3729 434">
     <span class='ocr_line' id='line_1_3' title="bbox 3607 363 3729 434; baseline 0 0"><span class='ocrx_word' id='word_1_5' title='bbox 3607 363 3729 434; x_wconf 75' lang='lat'><strong>886</strong></span> 
     </span>
    </p>
   </div>
   <div class='ocr_carea' id='block_1_4' title="bbox 333 486 3725 583">
    <p class='ocr_par' dir='ltr' id='par_1_4' title="bbox 333 486 3725 583">
     <span class='ocr_line' id='line_1_4' title="bbox 333 486 3725 583; baseline 0.006 -35"><span class='ocrx_word' id='word_1_6' title='bbox 333 486 523 583; x_wconf 72' lang='lat' dir='ltr'><strong>litate,</strong></span> <span class='ocrx_word' id='word_1_7' title='bbox 559 495 838 571; x_wconf 78' lang='lat' dir='ltr'><strong>tanquam</strong></span> <span class='ocrx_word' id='word_1_8' title='bbox 865 507 933 551; x_wconf 89' lang='lat' dir='ltr'><strong>ea</strong></span> <span class='ocrx_word' id='word_1_9' title='bbox 951 488 1203 583; x_wconf 83' lang='lat' dir='ltr'><strong>pedibus</strong></span> <span class='ocrx_word' id='word_1_10' title='bbox 1254 496 1601 583; x_wconf 82' lang='lat' dir='ltr'><strong>sustentata.</strong></span> <span class='ocrx_word' id='word_1_11' title='bbox 1635 493 1985 583; x_wconf 86' lang='lat' dir='ltr'><strong>Paupertas,</strong></span> <span class='ocrx_word' id='word_1_12' title='bbox 2011 501 2055 552; x_wconf 80' lang='grc' dir='ltr'><strong>Α</strong></span> <span class='ocrx_word' id='word_1_13' title='bbox 2079 491 2478 556; x_wconf 88' lang='lat' dir='ltr'><strong>maturitatem</strong></span> <span class='ocrx_word' id='word_1_14' title='bbox 2511 513 2629 557; x_wconf 89' lang='lat' dir='ltr'><strong>non</strong></span> <span class='ocrx_word' id='word_1_15' title='bbox 2675 495 2979 578; x_wconf 82' lang='lat' dir='ltr'><strong>pertingit,</strong></span> <span class='ocrx_word' id='word_1_16' title='bbox 3032 496 3138 560; x_wconf 89' lang='lat' dir='ltr'><strong>sed</strong></span> <span class='ocrx_word' id='word_1_17' title='bbox 3187 497 3415 562; x_wconf 86' lang='lat' dir='ltr'><strong>inutilis</strong></span> <span class='ocrx_word' id='word_1_18' title='bbox 3447 501 3725 583; x_wconf 81' lang='lat' dir='ltr'><strong>efﬁcitur,</strong></span> 
     </span>
    </p>
   </div>
   <div class='ocr_carea' id='block_1_5' title="bbox 325 577 1990 662">
    <p class='ocr_par' dir='ltr' id='par_1_5' title="bbox 325 577 1990 662">
     <span class='ocr_line' id='line_1_5' title="bbox 325 577 1990 662; baseline 0.002 -24"><span class='ocrx_word' id='word_1_19' title='bbox 325 577 652 658; x_wconf 77' lang='lat' dir='ltr'><strong>jejunium,</strong></span> <span class='ocrx_word' id='word_1_20' title='bbox 717 580 1104 652; x_wconf 83' lang='lat' dir='ltr'><strong>continentia,</strong></span> <span class='ocrx_word' id='word_1_21' title='bbox 1162 579 1285 657; x_wconf 67' lang='lat' dir='ltr'><strong>iraa,</strong></span> <span class='ocrx_word' id='word_1_22' title='bbox 1337 581 1586 658; x_wconf 74' lang='lat' dir='ltr'><strong>languze,</strong></span> <span class='ocrx_word' id='word_1_23' title='bbox 1650 582 1990 662; x_wconf 79' lang='lat' dir='ltr'><strong>cupiditatis</strong></span> 
     </span>
    </p>
   </div>
   <div class='ocr_carea' id='block_1_6' title="bbox 331 669 1988 752">
    <p class='ocr_par' dir='ltr' id='par_1_6' title="bbox 331 669 1988 752">
     <span class='ocr_line' id='line_1_6' title="bbox 331 669 1988 752; baseline 0.002 -23"><span class='ocrx_word' id='word_1_24' title='bbox 331 669 530 730; x_wconf 88' lang='lat' dir='ltr'><strong>omnis</strong></span> <span class='ocrx_word' id='word_1_25' title='bbox 563 669 673 730; x_wconf 88' lang='lat' dir='ltr'><strong>sub</strong></span> <span class='ocrx_word' id='word_1_26' title='bbox 698 672 839 750; x_wconf 88' lang='lat' dir='ltr'><strong>jugo</strong></span> <span class='ocrx_word' id='word_1_27' title='bbox 897 678 1034 731; x_wconf 90' lang='lat' dir='ltr'><strong>sunt</strong></span> <span class='ocrx_word' id='word_1_28' title='bbox 1086 671 1351 750; x_wconf 63' lang='lat' dir='ltr'><strong>justitia),</strong></span> <span class='ocrx_word' id='word_1_29' title='bbox 1417 690 1547 752; x_wconf 62' lang='lat' dir='ltr'><strong>quae</strong></span> <span class='ocrx_word' id='word_1_30' title='bbox 1604 669 1792 732; x_wconf 91' lang='lat' dir='ltr'><strong>virum</strong></span> <span class='ocrx_word' id='word_1_31' title='bbox 1828 671 1988 750; x_wconf 89' lang='lat' dir='ltr'><strong>pium</strong></span> 
     </span>
    </p>
   </div>
   <div class='ocr_carea' id='block_1_7' title="bbox 332 759 1983 840">
    <p class='ocr_par' dir='ltr' id='par_1_7' title="bbox 332 759 1983 840">
     <span class='ocr_line' id='line_1_7' title="bbox 332 759 1983 840; baseline 0 -20"><span class='ocrx_word' id='word_1_32' title='bbox 332 776 402 820; x_wconf 91' lang='lat' dir='ltr'><strong>ac</strong></span> <span class='ocrx_word' id='word_1_33' title='bbox 433 759 778 836; x_wconf 85' lang='lat' dir='ltr'><strong>religiosum</strong></span> <span class='ocrx_word' id='word_1_34' title='bbox 805 763 998 833; x_wconf 89' lang='lat' dir='ltr'><strong>decet,</strong></span> <span class='ocrx_word' id='word_1_35' title='bbox 1026 768 1092 820; x_wconf 95' lang='lat' dir='ltr'><strong>ut</strong></span> <span class='ocrx_word' id='word_1_36' title='bbox 1123 780 1195 822; x_wconf 90' lang='lat' dir='ltr'><strong>ne</strong></span> <span class='ocrx_word' id='word_1_37' title='bbox 1219 761 1296 820; x_wconf 91' lang='lat' dir='ltr'><strong>sit</strong></span> <span class='ocrx_word' id='word_1_38' title='bbox 1331 761 1604 840; x_wconf 85' lang='lat' dir='ltr'><strong>injustus,</strong></span> <span class='ocrx_word' id='word_1_39' title='bbox 1642 779 1749 820; x_wconf 91' lang='lat' dir='ltr'><strong>nec</strong></span> <span class='ocrx_word' id='word_1_40' title='bbox 1778 760 1983 835; x_wconf 91' lang='lat' dir='ltr'><strong>alium,</strong></span> 
     </span>
    </p>
   </div>
   <div class='ocr_carea' id='block_1_8' title="bbox 333 847 1986 930">
    <p class='ocr_par' dir='ltr' id='par_1_8' title="bbox 333 847 1986 930">
     <span class='ocr_line' id='line_1_8' title="bbox 333 847 1986 930; baseline 0.002 -22"><span class='ocrx_word' id='word_1_41' title='bbox 333 847 440 908; x_wconf 87' lang='lat' dir='ltr'><strong>sed</strong></span> <span class='ocrx_word' id='word_1_42' title='bbox 475 858 612 910; x_wconf 90' lang='lat' dir='ltr'><strong>ante</strong></span> <span class='ocrx_word' id='word_1_43' title='bbox 644 849 793 910; x_wconf 89' lang='lat' dir='ltr'><strong>alios</strong></span> <span class='ocrx_word' id='word_1_44' title='bbox 849 858 1039 910; x_wconf 85' lang='lat' dir='ltr'><strong>semet</strong></span> <span class='ocrx_word' id='word_1_45' title='bbox 1096 851 1327 912; x_wconf 90' lang='lat' dir='ltr'><strong>multet.</strong></span> <span class='ocrx_word' id='word_1_46' title='bbox 1391 851 1563 910; x_wconf 84' lang='lat' dir='ltr'><strong>l’lura</strong></span> <span class='ocrx_word' id='word_1_47' title='bbox 1619 850 1776 910; x_wconf 90' lang='lat' dir='ltr'><strong>enim</strong></span> <span class='ocrx_word' id='word_1_48' title='bbox 1811 869 1986 930; x_wconf 86' lang='lat' dir='ltr'><strong>quam</strong></span> 
     </span>
    </p>
   </div>
   <div class='ocr_carea' id='block_1_9' title="bbox 334 937 1988 1019">
    <p class='ocr_par' dir='ltr' id='par_1_9' title="bbox 334 937 1988 1019">
     <span class='ocr_line' id='line_1_9' title="bbox 334 937 1988 1019; baseline 0.002 -23"><span class='ocrx_word' id='word_1_49' title='bbox 334 937 662 1006; x_wconf 80' lang='lat' dir='ltr'><strong>necessitas</strong></span> <span class='ocrx_word' id='word_1_50' title='bbox 696 938 942 1018; x_wconf 84' lang='lat' dir='ltr'><strong>requirit</strong></span> <span class='ocrx_word' id='word_1_51' title='bbox 980 939 1313 1019; x_wconf 82' lang='lat' dir='ltr'><strong>possidere,</strong></span> <span class='ocrx_word' id='word_1_52' title='bbox 1350 948 1453 999; x_wconf 87' lang='lat' dir='ltr'><strong>aut</strong></span> <span class='ocrx_word' id='word_1_53' title='bbox 1485 938 1820 999; x_wconf 85' lang='lat' dir='ltr'><strong>necessaria</strong></span> <span class='ocrx_word' id='word_1_54' title='bbox 1851 941 1988 1019; x_wconf 90' lang='lat' dir='ltr'><strong>qui-</strong></span> 
     </span>
    </p>
   </div>
   <div class='ocr_carea' id='block_1_10' title="bbox 331 1024 1990 1108">
    <p class='ocr_par' dir='ltr' id='par_1_10' title="bbox 331 1024 1990 1108">
     <span class='ocr_line' id='line_1_10' title="bbox 331 1024 1990 1108; baseline 0.001 -22"><span class='ocrx_word' id='word_1_55' title='bbox 331 1024 496 1102; x_wconf 72' lang='lat' dir='ltr'><strong>dem,</strong></span> <span class='ocrx_word' id='word_1_56' title='bbox 532 1028 972 1107; x_wconf 75' lang='lat' dir='ltr'><strong>sumptuosiora</strong></span> <span class='ocrx_word' id='word_1_57' title='bbox 1003 1036 1224 1088; x_wconf 90' lang='lat' dir='ltr'><strong>tamen.</strong></span> <span class='ocrx_word' id='word_1_58' title='bbox 1264 1027 1550 1108; x_wconf 87' lang='lat' dir='ltr'><strong>injustitia</strong></span> <span class='ocrx_word' id='word_1_59' title='bbox 1579 1037 1666 1088; x_wconf 91' lang='lat' dir='ltr'><strong>est</strong></span> <span class='ocrx_word' id='word_1_60' title='bbox 1702 1049 1715 1090; x_wconf 94' lang='lat'><strong>:</strong></span> <span class='ocrx_word' id='word_1_61' title='bbox 1777 1047 1990 1108; x_wconf 89' lang='lat' dir='ltr'><strong>quem-</strong></span> 
     </span>
    </p>
   </div>
   <div class='ocr_carea' id='block_1_11' title="bbox 329 1117 1988 1194">
    <p class='ocr_par' dir='ltr' id='par_1_11' title="bbox 329 1117 1988 1194">
     <span class='ocr_line' id='line_1_11' title="bbox 329 1117 1988 1194; baseline 0.001 -18"><span class='ocrx_word' id='word_1_62' title='bbox 329 1117 654 1177; x_wconf 80' lang='lat' dir='ltr'><strong>admodum</strong></span> <span class='ocrx_word' id='word_1_63' title='bbox 688 1134 744 1178; x_wconf 82' lang='lat' dir='ltr'><strong>ei</strong></span> <span class='ocrx_word' id='word_1_64' title='bbox 780 1118 969 1178; x_wconf 79' lang='lat' dir='ltr'><strong>ventri</strong></span> <span class='ocrx_word' id='word_1_65' title='bbox 1027 1118 1274 1180; x_wconf 85' lang='lat' dir='ltr'><strong>definito</strong></span> <span class='ocrx_word' id='word_1_66' title='bbox 1333 1119 1618 1178; x_wconf 71' lang='lat' dir='ltr'><strong>alimento</strong></span> <span class='ocrx_word' id='word_1_67' title='bbox 1659 1118 1789 1186; x_wconf 69' lang='lat' dir='ltr'><strong>plus</strong></span> <span class='ocrx_word' id='word_1_68' title='bbox 1819 1119 1988 1194; x_wconf 89' lang='lat' dir='ltr'><strong>dare,</strong></span> 
     </span>
    </p>
   </div>
   <div class='ocr_carea' id='block_1_12' title="bbox 327 1201 1986 1284">
    <p class='ocr_par' dir='ltr' id='par_1_12' title="bbox 327 1201 1986 1284">
     <span class='ocr_line' id='line_1_12' title="bbox 327 1201 1986 1284; baseline 0.001 -20"><span class='ocrx_word' id='word_1_69' title='bbox 327 1201 621 1284; x_wconf 86' lang='lat' dir='ltr'><strong>injusttia</strong></span> <span class='ocrx_word' id='word_1_70' title='bbox 655 1213 766 1268; x_wconf 89' lang='lat' dir='ltr'><strong>est.</strong></span> <span class='ocrx_word' id='word_1_71' title='bbox 801 1205 907 1267; x_wconf 69' lang='lat' dir='ltr'><strong>Ira:</strong></span> <span class='ocrx_word' id='word_1_72' title='bbox 935 1217 1135 1267; x_wconf 82' lang='lat' dir='ltr'><strong>autem</strong></span> <span class='ocrx_word' id='word_1_73' title='bbox 1196 1209 1395 1268; x_wconf 71' lang='lat' dir='ltr'><strong>frenos</strong></span> <span class='ocrx_word' id='word_1_74' title='bbox 1430 1208 1655 1280; x_wconf 67' lang='lat' dir='ltr'><strong>laxare,</strong></span> <span class='ocrx_word' id='word_1_75' title='bbox 1691 1205 1935 1266; x_wconf 87' lang='lat' dir='ltr'><strong>stultitia</strong></span> <span class='ocrx_word' id='word_1_76' title='bbox 1971 1223 1986 1281; x_wconf 88' lang='lat'>;</span> 
     </span>
    </p>
   </div>
   <div class='ocr_carea' id='block_1_13' title="bbox 329 1293 1990 1375">
    <p class='ocr_par' dir='ltr' id='par_1_13' title="bbox 329 1293 1990 1375">
     <span class='ocr_line' id='line_1_13' title="bbox 329 1293 1990 1375; baseline 0.002 -23"><span class='ocrx_word' id='word_1_77' title='bbox 329 1303 604 1372; x_wconf 82' lang='lat' dir='ltr'><strong>proterve</strong></span> <span class='ocrx_word' id='word_1_78' title='bbox 623 1294 808 1375; x_wconf 81' lang='lat' dir='ltr'><strong>loqui,</strong></span> <span class='ocrx_word' id='word_1_79' title='bbox 838 1295 1069 1356; x_wconf 84' lang='lat' dir='ltr'><strong>fatuitas</strong></span> <span class='ocrx_word' id='word_1_80' title='bbox 1095 1315 1110 1371; x_wconf 86' lang='lat'>;</span> <span class='ocrx_word' id='word_1_81' title='bbox 1138 1296 1564 1375; x_wconf 86' lang='lat' dir='ltr'><strong>cupiditatibus</strong></span> <span class='ocrx_word' id='word_1_82' title='bbox 1609 1293 1990 1356; x_wconf 64' lang='lat' dir='ltr'><strong>smt-ularibus</strong></span> 
     </span>
    </p>
   </div>
   <div class='ocr_carea' id='block_1_14' title="bbox 327 1380 1987 1462">
    <p class='ocr_par' dir='ltr' id='par_1_14' title="bbox 327 1380 1987 1462">
     <span class='ocr_line' id='line_1_14' title="bbox 327 1380 1987 1462; baseline 0.001 -22"><span class='ocrx_word' id='word_1_83' title='bbox 327 1380 670 1462; x_wconf 82' lang='lat' dir='ltr'><strong>indulgere.</strong></span> <span class='ocrx_word' id='word_1_84' title='bbox 702 1385 983 1447; x_wconf 80' lang='lat' dir='ltr'><strong>amentia.</strong></span> <span class='ocrx_word' id='word_1_85' title='bbox 1020 1387 1149 1448; x_wconf 90' lang='lat' dir='ltr'><strong>Non</strong></span> <span class='ocrx_word' id='word_1_86' title='bbox 1183 1385 1340 1447; x_wconf 88' lang='lat' dir='ltr'><strong>enim</strong></span> <span class='ocrx_word' id='word_1_87' title='bbox 1394 1385 1578 1446; x_wconf 90' lang='lat' dir='ltr'><strong>virtus</strong></span> <span class='ocrx_word' id='word_1_88' title='bbox 1623 1393 1732 1458; x_wconf 90' lang='lat' dir='ltr'><strong>est,</strong></span> <span class='ocrx_word' id='word_1_89' title='bbox 1769 1403 1802 1444; x_wconf 90' lang='lat' dir='ltr'><strong>a</strong></span> <span class='ocrx_word' id='word_1_90' title='bbox 1837 1383 1987 1443; x_wconf 88' lang='lat' dir='ltr'><strong>man</strong></span> 
     </span>
    </p>
   </div>
   <div class='ocr_carea' id='block_1_15' title="bbox 326 1469 1984 1554">
    <p class='ocr_par' dir='ltr' id='par_1_15' title="bbox 326 1469 1984 1554">
     <span class='ocr_line' id='line_1_15' title="bbox 326 1469 1984 1554; baseline 0.002 -25"><span class='ocrx_word' id='word_1_91' title='bbox 326 1469 726 1534; x_wconf 86' lang='lat' dir='ltr'><strong>abstinuisse:</strong></span> <span class='ocrx_word' id='word_1_92' title='bbox 767 1474 874 1534; x_wconf 89' lang='lat' dir='ltr'><strong>etsi</strong></span> <span class='ocrx_word' id='word_1_93' title='bbox 907 1475 1007 1554; x_wconf 91' lang='lat' dir='ltr'><strong>qui</strong></span> <span class='ocrx_word' id='word_1_94' title='bbox 1047 1475 1268 1535; x_wconf 89' lang='lat' dir='ltr'><strong>malum</strong></span> <span class='ocrx_word' id='word_1_95' title='bbox 1304 1493 1421 1534; x_wconf 93' lang='lat' dir='ltr'><strong>non</strong></span> <span class='ocrx_word' id='word_1_96' title='bbox 1454 1474 1614 1547; x_wconf 84' lang='lat' dir='ltr'><strong>fecit,</strong></span> <span class='ocrx_word' id='word_1_97' title='bbox 1650 1492 1766 1533; x_wconf 92' lang='lat' dir='ltr'><strong>non</strong></span> <span class='ocrx_word' id='word_1_98' title='bbox 1799 1492 1984 1552; x_wconf 86' lang='lat' dir='ltr'><strong>vapu-</strong></span> 
     </span>
    </p>
   </div>
   <div class='ocr_carea' id='block_1_16' title="bbox 325 1557 1979 1644">
    <p class='ocr_par' dir='ltr' id='par_1_16' title="bbox 325 1557 1979 1644">
     <span class='ocr_line' id='line_1_16' title="bbox 325 1557 1979 1644; baseline 0.002 -26"><span class='ocrx_word' id='word_1_99' title='bbox 325 1557 493 1630; x_wconf 82' lang='lat' dir='ltr'><strong>labit,</strong></span> <span class='ocrx_word' id='word_1_100' title='bbox 529 1561 682 1622; x_wconf 86' lang='lat' dir='ltr'><strong>sicut</strong></span> <span class='ocrx_word' id='word_1_101' title='bbox 712 1563 812 1623; x_wconf 88' lang='lat' dir='ltr'><strong>ille</strong></span> <span class='ocrx_word' id='word_1_102' title='bbox 847 1564 1078 1626; x_wconf 87' lang='lat' dir='ltr'><strong>scilicet</strong></span> <span class='ocrx_word' id='word_1_103' title='bbox 1109 1583 1214 1644; x_wconf 82' lang='lat' dir='ltr'><strong>qut</strong></span> <span class='ocrx_word' id='word_1_104' title='bbox 1271 1563 1426 1625; x_wconf 70' lang='lat' dir='ltr'><strong>fecit.</strong></span> <span class='ocrx_word' id='word_1_105' title='bbox 1464 1561 1524 1624; x_wconf 90' lang='lat' dir='ltr'><strong>Si</strong></span> <span class='ocrx_word' id='word_1_106' title='bbox 1557 1571 1750 1623; x_wconf 89' lang='lat' dir='ltr'><strong>autem</strong></span> <span class='ocrx_word' id='word_1_107' title='bbox 1783 1562 1979 1642; x_wconf 81' lang='lat' dir='ltr'><strong>faciet,</strong></span> 
     </span>
    </p>
   </div>
   <div class='ocr_carea' id='block_1_17' title="bbox 322 1649 1978 1732">
    <p class='ocr_par' dir='ltr' id='par_1_17' title="bbox 322 1649 1978 1732">
     <span class='ocr_line' id='line_1_17' title="bbox 322 1649 1978 1732; baseline 0.003 -25"><span class='ocrx_word' id='word_1_108' title='bbox 322 1649 570 1710; x_wconf 86' lang='lat' dir='ltr'><strong>omnino</strong></span> <span class='ocrx_word' id='word_1_109' title='bbox 604 1651 780 1712; x_wconf 88' lang='lat' dir='ltr'><strong>etiam</strong></span> <span class='ocrx_word' id='word_1_110' title='bbox 819 1652 1132 1732; x_wconf 82' lang='lat' dir='ltr'><strong>vapulabit.</strong></span> <span class='ocrx_word' id='word_1_111' title='bbox 1199 1657 1270 1712; x_wconf 85' lang='lat' dir='ltr'><strong>At</strong></span> <span class='ocrx_word' id='word_1_112' title='bbox 1334 1653 1433 1732; x_wconf 93' lang='lat' dir='ltr'><strong>qui</strong></span> <span class='ocrx_word' id='word_1_113' title='bbox 1497 1653 1714 1713; x_wconf 86' lang='lat' dir='ltr'><strong>bonum</strong></span> <span class='ocrx_word' id='word_1_114' title='bbox 1749 1651 1978 1723; x_wconf 81' lang='lat' dir='ltr'><strong>fecerit,</strong></span> 
     </span>
    </p>
   </div>
   <div class='ocr_carea' id='block_1_18' title="bbox 321 1736 1978 1822">
    <p class='ocr_par' dir='ltr' id='par_1_18' title="bbox 321 1736 1978 1822">
     <span class='ocr_line' id='line_1_18' title="bbox 321 1736 1978 1822; baseline 0.002 -26"><span class='ocrx_word' id='word_1_115' title='bbox 321 1736 410 1797; x_wconf 91' lang='lat' dir='ltr'><strong>illi</strong></span> <span class='ocrx_word' id='word_1_116' title='bbox 444 1738 598 1801; x_wconf 86' lang='lat' dir='ltr'><strong>bene</strong></span> <span class='ocrx_word' id='word_1_117' title='bbox 628 1741 776 1802; x_wconf 81' lang='lat' dir='ltr'><strong>fiet:</strong></span> <span class='ocrx_word' id='word_1_118' title='bbox 842 1761 958 1802; x_wconf 91' lang='lat' dir='ltr'><strong>non</strong></span> <span class='ocrx_word' id='word_1_119' title='bbox 1003 1742 1244 1822; x_wconf 85' lang='lat' dir='ltr'><strong>quidem</strong></span> <span class='ocrx_word' id='word_1_120' title='bbox 1304 1743 1634 1802; x_wconf 77' lang='lat' dir='ltr'><strong>secundum</strong></span> <span class='ocrx_word' id='word_1_121' title='bbox 1691 1739 1978 1802; x_wconf 86' lang='lat' dir='ltr'><strong>rationem</strong></span> 
     </span>
    </p>
   </div>
   <div class='ocr_carea' id='block_1_19' title="bbox 312 1825 1984 1904">
    <p class='ocr_par' dir='ltr' id='par_1_19' title="bbox 312 1825 1984 1904">
     <span class='ocr_line' id='line_1_19' title="bbox 312 1825 1984 1904; baseline 0.002 -18"><span class='ocrx_word' id='word_1_122' title='bbox 312 1825 590 1904; x_wconf 79' lang='lat' dir='ltr'><strong>justitiae,</strong></span> <span class='ocrx_word' id='word_1_123' title='bbox 623 1830 728 1890; x_wconf 89' lang='lat' dir='ltr'><strong>sed</strong></span> <span class='ocrx_word' id='word_1_124' title='bbox 764 1850 831 1891; x_wconf 84' lang='lat' dir='ltr'><strong>ex</strong></span> <span class='ocrx_word' id='word_1_125' title='bbox 883 1831 1250 1893; x_wconf 89' lang='lat' dir='ltr'><strong>humanitate</strong></span> <span class='ocrx_word' id='word_1_126' title='bbox 1301 1841 1359 1892; x_wconf 90' lang='lat' dir='ltr'><strong>et</strong></span> <span class='ocrx_word' id='word_1_127' title='bbox 1389 1831 1649 1892; x_wconf 89' lang='lat' dir='ltr'><strong>bonitate</strong></span> <span class='ocrx_word' id='word_1_128' title='bbox 1693 1831 1822 1893; x_wconf 90' lang='lat' dir='ltr'><strong>Dei.</strong></span> <span class='ocrx_word' id='word_1_129' title='bbox 1856 1828 1984 1892; x_wconf 91' lang='lat' dir='ltr'><strong>Una</strong></span> 
     </span>
    </p>
   </div>
   <div class='ocr_carea' id='block_1_20' title="bbox 319 1917 1979 2000">
    <p class='ocr_par' dir='ltr' id='par_1_20' title="bbox 319 1917 1979 2000">
     <span class='ocr_line' id='line_1_20' title="bbox 319 1917 1979 2000; baseline 0.002 -24"><span class='ocrx_word' id='word_1_130' title='bbox 319 1917 487 1977; x_wconf 89' lang='lat' dir='ltr'><strong>enim</strong></span> <span class='ocrx_word' id='word_1_131' title='bbox 519 1919 790 1999; x_wconf 76' lang='lat' dir='ltr'><strong>quaedam</strong></span> <span class='ocrx_word' id='word_1_132' title='bbox 820 1921 1036 1984; x_wconf 88' lang='lat' dir='ltr'><strong>Christi</strong></span> <span class='ocrx_word' id='word_1_133' title='bbox 1065 1921 1363 1984; x_wconf 73' lang='lat' dir='ltr'><strong>sententia</strong></span> <span class='ocrx_word' id='word_1_134' title='bbox 1419 1929 1527 1993; x_wconf 88' lang='lat' dir='ltr'><strong>est,</strong></span> <span class='ocrx_word' id='word_1_135' title='bbox 1565 1941 1680 2000; x_wconf 88' lang='lat' dir='ltr'><strong>qua</strong></span> <span class='ocrx_word' id='word_1_136' title='bbox 1713 1920 1931 1982; x_wconf 91' lang='lat' dir='ltr'><strong>dicitur</strong></span> <span class='ocrx_word' id='word_1_137' title='bbox 1965 1939 1979 1980; x_wconf 92' lang='lat'><strong>:</strong></span> 
     </span>
    </p>
   </div>
   <div class='ocr_carea' id='block_1_21' title="bbox 329 2005 1981 2088">
    <p class='ocr_par' dir='ltr' id='par_1_21' title="bbox 329 2005 1981 2088">
     <span class='ocr_line' id='line_1_21' title="bbox 329 2005 1981 2088; baseline 0.002 -21"><span class='ocrx_word' id='word_1_138' title='bbox 329 2005 1130 2086; x_wconf 69' lang='lat' dir='ltr'><strong>Qui&#39;cognovituoluntatem</strong></span> <span class='ocrx_word' id='word_1_139' title='bbox 1150 2011 1401 2072; x_wconf 77' lang='lat' dir='ltr'><strong>Domini</strong></span> <span class='ocrx_word' id='word_1_140' title='bbox 1435 2015 1554 2086; x_wconf 77' lang='lat' dir='ltr'><strong>sui,</strong></span> <span class='ocrx_word' id='word_1_141' title='bbox 1593 2017 1648 2072; x_wconf 85' lang='lat' dir='ltr'><strong>et</strong></span> <span class='ocrx_word' id='word_1_142' title='bbox 1669 2028 1788 2071; x_wconf 81' lang='lat' dir='ltr'><strong>non</strong></span> <span class='ocrx_word' id='word_1_143' title='bbox 1817 2009 1981 2088; x_wconf 81' lang='lat' dir='ltr'><strong>fecit,</strong></span> 
     </span>
    </p>
   </div>
   <div class='ocr_carea' id='block_1_22' title="bbox 318 2095 1988 2178">
    <p class='ocr_par' dir='ltr' id='par_1_22' title="bbox 318 2095 1988 2178">
     <span class='ocr_line' id='line_1_22' title="bbox 318 2095 1988 2178; baseline 0.002 -23"><span class='ocrx_word' id='word_1_144' title='bbox 318 2095 644 2174; x_wconf 80' lang='lat' dir='ltr'><strong>vapulabit</strong></span> <span class='ocrx_word' id='word_1_145' title='bbox 661 2097 870 2160; x_wconf 83' lang='lat' dir='ltr'><strong>multis</strong></span> <span class='ocrx_word' id='word_1_146' title='bbox 882 2099 968 2162; x_wconf 62' lang='lat'><strong>8?.</strong></span> <span class='ocrx_word' id='word_1_147' title='bbox 992 2101 1156 2162; x_wconf 85' lang='lat' dir='ltr'><strong>Alia:</strong></span> <span class='ocrx_word' id='word_1_148' title='bbox 1190 2103 1341 2161; x_wconf 85' lang='lat' dir='ltr'><strong>Cum</strong></span> <span class='ocrx_word' id='word_1_149' title='bbox 1357 2102 1617 2178; x_wconf 74' lang='lat' dir='ltr'><strong>feceritis</strong></span> <span class='ocrx_word' id='word_1_150' title='bbox 1634 2100 1838 2160; x_wconf 80' lang='lat' dir='ltr'><strong>omnia</strong></span> <span class='ocrx_word' id='word_1_151' title='bbox 1854 2115 1988 2177; x_wconf 73' lang='lat' dir='ltr'><strong>qua:</strong></span> 
     </span>
    </p>
   </div>
   <div class='ocr_carea' id='block_1_23' title="bbox 314 2188 1981 2266">
    <p class='ocr_par' dir='ltr' id='par_1_23' title="bbox 314 2188 1981 2266">
     <span class='ocr_line' id='line_1_23' title="bbox 314 2188 1981 2266; baseline 0.005 -20"><span class='ocrx_word' id='word_1_152' title='bbox 314 2194 624 2266; x_wconf 59' lang='lat' dir='ltr'><strong>precepta</strong></span> <span class='ocrx_word' id='word_1_153' title='bbox 648 2197 788 2249; x_wconf 80' lang='lat' dir='ltr'><strong>sunt</strong></span> <span class='ocrx_word' id='word_1_154' title='bbox 807 2191 993 2265; x_wconf 79' lang='lat' dir='ltr'><strong>vobis,</strong></span> <span class='ocrx_word' id='word_1_155' title='bbox 1017 2193 1221 2265; x_wconf 78' lang='lat' dir='ltr'><strong>dicite,</strong></span> <span class='ocrx_word' id='word_1_156' title='bbox 1243 2194 1405 2252; x_wconf 80' lang='lat' dir='ltr'><strong>servi</strong></span> <span class='ocrx_word' id='word_1_157' title='bbox 1449 2188 1698 2250; x_wconf 78' lang='lat' dir='ltr'><strong>inutiles</strong></span> <span class='ocrx_word' id='word_1_158' title='bbox 1725 2205 1934 2250; x_wconf 83' lang='lat' dir='ltr'><strong>sumus</strong></span> <span class='ocrx_word' id='word_1_159' title='bbox 1968 2210 1981 2254; x_wconf 90' lang='lat'><strong>:</strong></span> 
     </span>
    </p>
   </div>
   <div class='ocr_carea' id='block_1_24' title="bbox 316 2275 1640 2359">
    <p class='ocr_par' dir='ltr' id='par_1_24' title="bbox 316 2275 1640 2359">
     <span class='ocr_line' id='line_1_24' title="bbox 316 2275 1640 2359; baseline 0.003 -23"><span class='ocrx_word' id='word_1_160' title='bbox 316 2275 475 2354; x_wconf 81' lang='lat' dir='ltr'><strong>quia</strong></span> <span class='ocrx_word' id='word_1_161' title='bbox 503 2277 670 2355; x_wconf 78' lang='lat' dir='ltr'><strong>quod.</strong></span> <span class='ocrx_word' id='word_1_162' title='bbox 684 2276 886 2355; x_wconf 84' lang='lat' dir='ltr'><strong>facere</strong></span> <span class='ocrx_word' id='word_1_163' title='bbox 908 2279 1249 2359; x_wconf 81' lang='lat' dir='ltr'><strong>debuimus,</strong></span> <span class='ocrx_word' id='word_1_164' title='bbox 1282 2281 1530 2357; x_wconf 78' lang='lat' dir='ltr'><strong>fecimus</strong></span> <span class='ocrx_word' id='word_1_165' title='bbox 1557 2278 1640 2339; x_wconf 77' lang='lat'><strong>83.</strong></span> 
     </span>
    </p>
   </div>
   <div class='ocr_carea' id='block_1_25' title="bbox 930 2483 1364 2530">
    <p class='ocr_par' dir='ltr' id='par_1_25' title="bbox 930 2483 1364 2530">
     <span class='ocr_line' id='line_1_25' title="bbox 930 2483 1364 2530; baseline 0 -2"><span class='ocrx_word' id='word_1_166' title='bbox 930 2483 1364 2530; x_wconf 68' lang='lat' dir='ltr'><strong>ARGUMENTUM.</strong></span> 
     </span>
    </p>
   </div>
   <div class='ocr_carea' id='block_1_26' title="bbox 318 2552 1978 2642">
    <p class='ocr_par' dir='ltr' id='par_1_26' title="bbox 318 2552 1978 2642">
     <span class='ocr_line' id='line_1_26' title="bbox 318 2552 1978 2642; baseline 0.002 -26"><span class='ocrx_word' id='word_1_167' title='bbox 318 2552 585 2642; x_wconf 65' lang='lat' dir='ltr'><strong>Tenere,</strong></span> <span class='ocrx_word' id='word_1_168' title='bbox 610 2576 716 2620; x_wconf 87' lang='lat' dir='ltr'><strong>seu</strong></span> <span class='ocrx_word' id='word_1_169' title='bbox 757 2559 1074 2623; x_wconf 75' lang='lat' dir='ltr'><strong>observ/ire</strong></span> <span class='ocrx_word' id='word_1_170' title='bbox 1112 2581 1246 2642; x_wconf 71' lang='lat' dir='ltr'><strong>qua:</strong></span> <span class='ocrx_word' id='word_1_171' title='bbox 1287 2564 1352 2623; x_wconf 81' lang='lat' dir='ltr'><strong>in</strong></span> <span class='ocrx_word' id='word_1_172' title='bbox 1385 2561 1610 2623; x_wconf 70' lang='lat' dir='ltr'><strong>divinis</strong></span> <span class='ocrx_word' id='word_1_173' title='bbox 1639 2558 1978 2638; x_wconf 77' lang='lat' dir='ltr'><strong>Scripturis</strong></span> 
     </span>
    </p>
   </div>
   <div class='ocr_carea' id='block_1_27' title="bbox 405 2636 1979 2717">
    <p class='ocr_par' dir='ltr' id='par_1_27' title="bbox 405 2636 1979 2717">
     <span class='ocr_line' id='line_1_27' title="bbox 405 2636 1979 2717; baseline 0.003 -20"><span class='ocrx_word' id='word_1_174' title='bbox 405 2636 722 2717; x_wconf 84' lang='lat' dir='ltr'><strong>leguntur,</strong></span> <span class='ocrx_word' id='word_1_175' title='bbox 749 2647 940 2702; x_wconf 81' lang='lat' dir='ltr'><strong>totum</strong></span> <span class='ocrx_word' id='word_1_176' title='bbox 963 2645 1072 2704; x_wconf 84' lang='lat' dir='ltr'><strong>Dei</strong></span> <span class='ocrx_word' id='word_1_177' title='bbox 1092 2636 1314 2704; x_wconf 71' lang='lat' dir='ltr'><strong>manus</strong></span> <span class='ocrx_word' id='word_1_178' title='bbox 1329 2660 1476 2703; x_wconf 61' lang='lat'><em>8338.</em></span> <span class='ocrx_word' id='word_1_179' title='bbox 1511 2643 1596 2700; x_wconf 84' lang='lat' dir='ltr'><strong>De</strong></span> <span class='ocrx_word' id='word_1_180' title='bbox 1609 2636 1905 2710; x_wconf 79' lang='lat' dir='ltr'><strong>oratione,</strong></span> <span class='ocrx_word' id='word_1_181' title='bbox 1921 2646 1979 2702; x_wconf 85' lang='lat' dir='ltr'><strong>et</strong></span> 
     </span>
    </p>
   </div>
   <div class='ocr_carea' id='block_1_28' title="bbox 399 2719 1974 2801">
    <p class='ocr_par' dir='ltr' id='par_1_28' title="bbox 399 2719 1974 2801">
     <span class='ocr_line' id='line_1_28' title="bbox 399 2719 1974 2801; baseline 0.002 -25"><span class='ocrx_word' id='word_1_182' title='bbox 399 2719 678 2795; x_wconf 72' lang='lat' dir='ltr'><strong>lectione,</strong></span> <span class='ocrx_word' id='word_1_183' title='bbox 702 2730 757 2782; x_wconf 84' lang='lat' dir='ltr'><strong>et</strong></span> <span class='ocrx_word' id='word_1_184' title='bbox 779 2724 1073 2800; x_wconf 84' lang='lat' dir='ltr'><strong>quomodo</strong></span> <span class='ocrx_word' id='word_1_185' title='bbox 1096 2724 1457 2784; x_wconf 83' lang='lat' dir='ltr'><strong>Christiano</strong></span> <span class='ocrx_word' id='word_1_186' title='bbox 1467 2719 1851 2801; x_wconf 82' lang='lat' dir='ltr'><strong>psallendum</strong></span> <span class='ocrx_word' id='word_1_187' title='bbox 1875 2720 1974 2790; x_wconf 71' lang='lat' dir='ltr'><strong>sit,</strong></span> 
     </span>
    </p>
   </div>
   <div class='ocr_carea' id='block_1_29' title="bbox 397 2810 1974 2897">
    <p class='ocr_par' dir='ltr' id='par_1_29' title="bbox 397 2810 1974 2897">
     <span class='ocr_line' id='line_1_29' title="bbox 397 2810 1974 2897; baseline -0.001 -24"><span class='ocrx_word' id='word_1_188' title='bbox 397 2810 508 2884; x_wconf 89' lang='lat' dir='ltr'><strong>Qui</strong></span> <span class='ocrx_word' id='word_1_189' title='bbox 540 2813 810 2889; x_wconf 91' lang='lat' dir='ltr'><strong>docetur,</strong></span> <span class='ocrx_word' id='word_1_190' title='bbox 845 2815 956 2876; x_wconf 84' lang='lat' dir='ltr'><strong>nisi</strong></span> <span class='ocrx_word' id='word_1_191' title='bbox 991 2836 1122 2897; x_wconf 63' lang='lat' dir='ltr'><strong>quae</strong></span> <span class='ocrx_word' id='word_1_192' title='bbox 1151 2817 1359 2877; x_wconf 86' lang='lat' dir='ltr'><strong>doctus</strong></span> <span class='ocrx_word' id='word_1_193' title='bbox 1420 2826 1505 2876; x_wconf 88' lang='lat' dir='ltr'><strong>est</strong></span> <span class='ocrx_word' id='word_1_194' title='bbox 1539 2816 1598 2875; x_wconf 90' lang='lat' dir='ltr'><strong>in</strong></span> <span class='ocrx_word' id='word_1_195' title='bbox 1642 2814 1842 2874; x_wconf 83' lang='lat' dir='ltr'><strong>animo</strong></span> <span class='ocrx_word' id='word_1_196' title='bbox 1873 2829 1974 2872; x_wconf 87' lang='lat' dir='ltr'><strong>re-</strong></span> 
     </span>
    </p>
   </div>
   <div class='ocr_carea' id='block_1_30' title="bbox 2074 584 3721 668">
    <p class='ocr_par' dir='ltr' id='par_1_30' title="bbox 2074 584 3721 668">
     <span class='ocr_line' id='line_1_30' title="bbox 2074 584 3721 668; baseline 0.01 -27"><span class='ocrx_word' id='word_1_197' title='bbox 2074 584 2411 659; x_wconf 74' lang='lat' dir='ltr'><strong>meliusque</strong></span> <span class='ocrx_word' id='word_1_198' title='bbox 2439 593 2588 662; x_wconf 86' lang='lat' dir='ltr'><strong>erat,</strong></span> <span class='ocrx_word' id='word_1_199' title='bbox 2617 585 2669 648; x_wconf 86' lang='lat' dir='ltr'><strong>si</strong></span> <span class='ocrx_word' id='word_1_200' title='bbox 2702 605 2812 649; x_wconf 91' lang='lat' dir='ltr'><strong>nec</strong></span> <span class='ocrx_word' id='word_1_201' title='bbox 2839 606 2872 648; x_wconf 92' lang='lat' dir='ltr'><strong>a</strong></span> <span class='ocrx_word' id='word_1_202' title='bbox 2931 587 3224 668; x_wconf 91' lang='lat' dir='ltr'><strong>principio</strong></span> <span class='ocrx_word' id='word_1_203' title='bbox 3277 591 3672 668; x_wconf 87' lang='lat' dir='ltr'><strong>germinasset</strong></span> <span class='ocrx_word' id='word_1_204' title='bbox 3706 611 3721 657; x_wconf 90' lang='lat'><strong>:</strong></span> 
     </span>
    </p>
   </div>
   <div class='ocr_carea' id='block_1_31' title="bbox 2074 672 3722 763">
    <p class='ocr_par' dir='ltr' id='par_1_31' title="bbox 2074 672 3722 763">
     <span class='ocr_line' id='line_1_31' title="bbox 2074 672 3722 763; baseline 0.008 -32"><span class='ocrx_word' id='word_1_205' title='bbox 2074 672 2160 733; x_wconf 92' lang='lat' dir='ltr'><strong>sic</strong></span> <span class='ocrx_word' id='word_1_206' title='bbox 2189 673 2292 754; x_wconf 90' lang='lat' dir='ltr'><strong>qui</strong></span> <span class='ocrx_word' id='word_1_207' title='bbox 2321 674 2503 736; x_wconf 84' lang='lat' dir='ltr'><strong>calori</strong></span> <span class='ocrx_word' id='word_1_208' title='bbox 2527 675 2669 736; x_wconf 78' lang='lat' dir='ltr'><strong>solis</strong></span> <span class='ocrx_word' id='word_1_209' title='bbox 2691 676 2874 748; x_wconf 68' lang='lat' dir='ltr'><strong>illius,</strong></span> <span class='ocrx_word' id='word_1_210' title='bbox 2901 696 3078 758; x_wconf 85' lang='lat' dir='ltr'><strong>queui</strong></span> <span class='ocrx_word' id='word_1_211' title='bbox 3109 679 3499 760; x_wconf 75' lang='lat' dir='ltr'><strong>intelligentia</strong></span> <span class='ocrx_word' id='word_1_212' title='bbox 3521 684 3722 763; x_wconf 89' lang='lat' dir='ltr'><strong>perci-</strong></span> 
     </span>
    </p>
   </div>
   <div class='ocr_carea' id='block_1_32' title="bbox 2076 761 3723 847">
    <p class='ocr_par' dir='ltr' id='par_1_32' title="bbox 2076 761 3723 847">
     <span class='ocr_line' id='line_1_32' title="bbox 2076 761 3723 847; baseline 0.007 -26"><span class='ocrx_word' id='word_1_213' title='bbox 2076 761 2293 841; x_wconf 87' lang='lat' dir='ltr'><strong>pimus,</strong></span> <span class='ocrx_word' id='word_1_214' title='bbox 2330 783 2464 825; x_wconf 92' lang='lat' dir='ltr'><strong>sese</strong></span> <span class='ocrx_word' id='word_1_215' title='bbox 2497 783 2602 845; x_wconf 90' lang='lat' dir='ltr'><strong>per</strong></span> <span class='ocrx_word' id='word_1_216' title='bbox 2631 766 2920 828; x_wconf 92' lang='lat' dir='ltr'><strong>orationis</strong></span> <span class='ocrx_word' id='word_1_217' title='bbox 2973 769 3367 847; x_wconf 58' lang='lat' dir='ltr'><strong>praestantiam</strong></span> <span class='ocrx_word' id='word_1_218' title='bbox 3425 761 3546 832; x_wconf 79' lang='lat' dir='ltr'><strong>non</strong></span> <span class='ocrx_word' id='word_1_219' title='bbox 3576 771 3723 832; x_wconf 90' lang='lat' dir='ltr'><strong>sub-</strong></span> 
     </span>
    </p>
   </div>
   <div class='ocr_carea' id='block_1_33' title="bbox 2067 852 3722 938">
    <p class='ocr_par' dir='ltr' id='par_1_33' title="bbox 2067 852 3722 938">
     <span class='ocr_line' id='line_1_33' title="bbox 2067 852 3722 938; baseline 0.007 -26"><span class='ocrx_word' id='word_1_220' title='bbox 2067 852 2240 930; x_wconf 85' lang='lat' dir='ltr'><strong>jecit.</strong></span> <span class='ocrx_word' id='word_1_221' title='bbox 2278 872 2578 933; x_wconf 89' lang='lat' dir='ltr'><strong>nunquam</strong></span> <span class='ocrx_word' id='word_1_222' title='bbox 2613 857 2864 916; x_wconf 87' lang='lat' dir='ltr'><strong>fructum</strong></span> <span class='ocrx_word' id='word_1_223' title='bbox 2919 865 3213 917; x_wconf 91' lang='lat' dir='ltr'><strong>maturum</strong></span> <span class='ocrx_word' id='word_1_224' title='bbox 3265 877 3371 938; x_wconf 85' lang='lat' dir='ltr'><strong>per</strong></span> <span class='ocrx_word' id='word_1_225' title='bbox 3400 859 3722 924; x_wconf 90' lang='lat' dir='ltr'><strong>lectionem</strong></span> 
     </span>
    </p>
   </div>
   <div class='ocr_carea' id='block_1_34' title="bbox 2075 941 3723 1031">
    <p class='ocr_par' dir='ltr' id='par_1_34' title="bbox 2075 941 3723 1031">
     <span class='ocr_line' id='line_1_34' title="bbox 2075 941 3723 1031; baseline 0.008 -31"><span class='ocrx_word' id='word_1_226' title='bbox 2075 941 2254 1031; x_wconf 85' lang='lat' dir='ltr'><strong>edere</strong></span> <span class='ocrx_word' id='word_1_227' title='bbox 2289 951 2439 1021; x_wconf 51' lang='lat' dir='ltr'><strong>potet</strong></span> <span class='ocrx_word' id='word_1_228' title='bbox 2461 943 2508 1005; x_wconf 89' lang='lat' dir='ltr'><strong>it</strong></span> <span class='ocrx_word' id='word_1_229' title='bbox 2542 966 2552 1001; x_wconf 94' lang='lat'><strong>:</strong></span> <span class='ocrx_word' id='word_1_230' title='bbox 2588 945 2884 1024; x_wconf 85' lang='lat' dir='ltr'><strong>stquideni</strong></span> <span class='ocrx_word' id='word_1_231' title='bbox 2934 955 2991 1006; x_wconf 89' lang='lat' dir='ltr'><strong>et</strong></span> <span class='ocrx_word' id='word_1_232' title='bbox 3021 946 3254 1009; x_wconf 86' lang='lat' dir='ltr'><strong>discere</strong></span> <span class='ocrx_word' id='word_1_233' title='bbox 3283 947 3470 1028; x_wconf 90' lang='lat' dir='ltr'><strong>prius,</strong></span> <span class='ocrx_word' id='word_1_234' title='bbox 3505 971 3723 1031; x_wconf 91' lang='lat' dir='ltr'><strong>quem-</strong></span> 
     </span>
    </p>
   </div>
   <div class='ocr_carea' id='block_1_35' title="bbox 2073 1029 3720 1123">
    <p class='ocr_par' dir='ltr' id='par_1_35' title="bbox 2073 1029 3720 1123">
     <span class='ocr_line' id='line_1_35' title="bbox 2073 1029 3720 1123; baseline 0.01 -35"><span class='ocrx_word' id='word_1_235' title='bbox 2073 1029 2392 1123; x_wconf 78' lang='lat' dir='ltr'><strong>admodum</strong></span> <span class='ocrx_word' id='word_1_236' title='bbox 2425 1033 2615 1092; x_wconf 87' lang='lat' dir='ltr'><strong>oratio</strong></span> <span class='ocrx_word' id='word_1_237' title='bbox 2646 1034 3008 1096; x_wconf 83' lang='lat' dir='ltr'><strong>instituenda</strong></span> <span class='ocrx_word' id='word_1_238' title='bbox 3043 1035 3140 1108; x_wconf 87' lang='lat' dir='ltr'><strong>sit,</strong></span> <span class='ocrx_word' id='word_1_239' title='bbox 3189 1046 3252 1098; x_wconf 93' lang='lat' dir='ltr'><strong>ut</strong></span> <span class='ocrx_word' id='word_1_240' title='bbox 3281 1037 3382 1098; x_wconf 93' lang='lat' dir='ltr'><strong>ubi</strong></span> <span class='ocrx_word' id='word_1_241' title='bbox 3413 1029 3720 1123; x_wconf 90' lang='lat' dir='ltr'><strong>didiceris,</strong></span> 
     </span>
    </p>
   </div>
   <div class='ocr_carea' id='block_1_36' title="bbox 2073 1117 3719 1211">
    <p class='ocr_par' dir='ltr' id='par_1_36' title="bbox 2073 1117 3719 1211">
     <span class='ocr_line' id='line_1_36' title="bbox 2073 1117 3719 1211; baseline 0.009 -33"><span class='ocrx_word' id='word_1_242' title='bbox 2073 1117 2251 1211; x_wconf 79' lang='lat' dir='ltr'><strong>etiam</strong></span> <span class='ocrx_word' id='word_1_243' title='bbox 2285 1139 2458 1211; x_wconf 85' lang='lat' dir='ltr'><strong>orare</strong></span> <span class='ocrx_word' id='word_1_244' title='bbox 2487 1141 2695 1211; x_wconf 83' lang='lat' dir='ltr'><strong>queas,</strong></span> <span class='ocrx_word' id='word_1_245' title='bbox 2740 1123 2988 1185; x_wconf 79' lang='lat' dir='ltr'><strong>multum</strong></span> <span class='ocrx_word' id='word_1_246' title='bbox 3021 1132 3278 1204; x_wconf 89' lang='lat' dir='ltr'><strong>tempus,</strong></span> <span class='ocrx_word' id='word_1_247' title='bbox 3313 1117 3719 1211; x_wconf 82' lang='lat' dir='ltr'><strong>laboremque,</strong></span> 
     </span>
    </p>
   </div>
   <div class='ocr_carea' id='block_1_37' title="bbox 2075 1208 3722 1294">
    <p class='ocr_par' dir='ltr' id='par_1_37' title="bbox 2075 1208 3722 1294">
     <span class='ocr_line' id='line_1_37' title="bbox 2075 1208 3722 1294; baseline 0.01 -27"><span class='ocrx_word' id='word_1_248' title='bbox 2075 1215 2131 1267; x_wconf 91' lang='lat' dir='ltr'><strong>et</strong></span> <span class='ocrx_word' id='word_1_249' title='bbox 2161 1208 2341 1268; x_wconf 91' lang='lat' dir='ltr'><strong>animi</strong></span> <span class='ocrx_word' id='word_1_250' title='bbox 2377 1210 2561 1289; x_wconf 88' lang='lat' dir='ltr'><strong>magis</strong></span> <span class='ocrx_word' id='word_1_251' title='bbox 2592 1231 2770 1291; x_wconf 89' lang='lat' dir='ltr'><strong>quam</strong></span> <span class='ocrx_word' id='word_1_252' title='bbox 2819 1214 3089 1294; x_wconf 87' lang='lat' dir='ltr'><strong>corporis</strong></span> <span class='ocrx_word' id='word_1_253' title='bbox 3145 1215 3463 1279; x_wconf 81' lang='lat' dir='ltr'><strong>desiderat.</strong></span> <span class='ocrx_word' id='word_1_254' title='bbox 3500 1208 3722 1292; x_wconf 78' lang='lat' dir='ltr'><strong>Quam-</strong></span> 
     </span>
    </p>
   </div>
   <div class='ocr_carea' id='block_1_38' title="bbox 2072 1295 3725 1379">
    <p class='ocr_par' dir='ltr' id='par_1_38' title="bbox 2072 1295 3725 1379">
     <span class='ocr_line' id='line_1_38' title="bbox 2072 1295 3725 1379; baseline 0.01 -23"><span class='ocrx_word' id='word_1_255' title='bbox 2072 1295 2278 1358; x_wconf 86' lang='lat' dir='ltr'><strong>obrem</strong></span> <span class='ocrx_word' id='word_1_256' title='bbox 2313 1306 2370 1358; x_wconf 92' lang='lat' dir='ltr'><strong>et</strong></span> <span class='ocrx_word' id='word_1_257' title='bbox 2426 1301 2746 1379; x_wconf 87' lang='lat' dir='ltr'><strong>Apostolus</strong></span> <span class='ocrx_word' id='word_1_258' title='bbox 2800 1303 3066 1363; x_wconf 87' lang='lat' dir='ltr'><strong>hortatur</strong></span> <span class='ocrx_word' id='word_1_259' title='bbox 3120 1303 3360 1367; x_wconf 90' lang='lat' dir='ltr'><strong>assidue</strong></span> <span class='ocrx_word' id='word_1_260' title='bbox 3390 1318 3631 1372; x_wconf 91' lang='lat' dir='ltr'><strong>cantare</strong></span> <span class='ocrx_word' id='word_1_261' title='bbox 3665 1319 3725 1372; x_wconf 91' lang='lat' dir='ltr'><strong>et</strong></span> 
     </span>
    </p>
   </div>
   <div class='ocr_carea' id='block_1_39' title="bbox 2072 1385 3718 1478">
    <p class='ocr_par' dir='ltr' id='par_1_39' title="bbox 2072 1385 3718 1478">
     <span class='ocr_line' id='line_1_39' title="bbox 2072 1385 3718 1478; baseline 0.012 -35"><span class='ocrx_word' id='word_1_262' title='bbox 2072 1385 2193 1464; x_wconf 91' lang='lat' dir='ltr'><strong>psal</strong></span> <span class='ocrx_word' id='word_1_263' title='bbox 2218 1405 2322 1478; x_wconf 83' lang='lat' dir='ltr'><strong>ere</strong></span> <span class='ocrx_word' id='word_1_264' title='bbox 2339 1387 2462 1448; x_wconf 93' lang='lat' dir='ltr'><strong>Deo</strong></span> <span class='ocrx_word' id='word_1_265' title='bbox 2487 1390 2544 1449; x_wconf 93' lang='lat' dir='ltr'><strong>in</strong></span> <span class='ocrx_word' id='word_1_266' title='bbox 2569 1390 2750 1451; x_wconf 88' lang='lat' dir='ltr'><strong>corde</strong></span> <span class='ocrx_word' id='word_1_267' title='bbox 2773 1409 2890 1451; x_wconf 92' lang='lat' dir='ltr'><strong>non</strong></span> <span class='ocrx_word' id='word_1_268' title='bbox 2913 1390 2972 1452; x_wconf 94' lang='lat' dir='ltr'><strong>in</strong></span> <span class='ocrx_word' id='word_1_269' title='bbox 2999 1392 3169 1453; x_wconf 89' lang='lat' dir='ltr'><strong>labiis</strong></span> <span class='ocrx_word' id='word_1_270' title='bbox 3189 1395 3272 1455; x_wconf 77' lang='lat'><strong>85.</strong></span> <span class='ocrx_word' id='word_1_271' title='bbox 3296 1393 3410 1458; x_wconf 87' lang='lat' dir='ltr'><strong>Sed</strong></span> <span class='ocrx_word' id='word_1_272' title='bbox 3438 1399 3718 1478; x_wconf 90' lang='lat' dir='ltr'><strong>quoniam</strong></span> 
     </span>
    </p>
   </div>
   <div class='ocr_carea' id='block_1_40' title="bbox 2067 1476 3723 1568">
    <p class='ocr_par' dir='ltr' id='par_1_40' title="bbox 2067 1476 3723 1568">
     <span class='ocr_line' id='line_1_40' title="bbox 2067 1476 3723 1568; baseline 0.011 -34"><span class='ocrx_word' id='word_1_273' title='bbox 2067 1494 2145 1534; x_wconf 65' lang='lat' dir='ltr'><strong>ea&quot;</strong></span> <span class='ocrx_word' id='word_1_274' title='bbox 2167 1476 2548 1568; x_wconf 60' lang='lat' dir='ltr'><strong>abzuzdantia</strong></span> <span class='ocrx_word' id='word_1_275' title='bbox 2577 1479 2844 1558; x_wconf 80' lang='lat' dir='ltr'><strong>loquitur</strong></span> <span class='ocrx_word' id='word_1_276' title='bbox 2863 1482 2949 1559; x_wconf 84' lang='grc'><strong>86,</strong></span> <span class='ocrx_word' id='word_1_277' title='bbox 2971 1501 3219 1545; x_wconf 90' lang='lat' dir='ltr'><strong>necesse</strong></span> <span class='ocrx_word' id='word_1_278' title='bbox 3234 1476 3513 1547; x_wconf 79' lang='lat' dir='ltr'><strong>estetiam</strong></span> <span class='ocrx_word' id='word_1_279' title='bbox 3534 1508 3640 1568; x_wconf 91' lang='lat' dir='ltr'><strong>per</strong></span> <span class='ocrx_word' id='word_1_280' title='bbox 3657 1509 3723 1553; x_wconf 93' lang='lat' dir='ltr'><strong>os</strong></span> 
     </span>
    </p>
   </div>
   <div class='ocr_carea' id='block_1_41' title="bbox 2068 1567 3717 1656">
    <p class='ocr_par' dir='ltr' id='par_1_41' title="bbox 2068 1567 3717 1656">
     <span class='ocr_line' id='line_1_41' title="bbox 2068 1567 3717 1656; baseline 0.01 -32"><span class='ocrx_word' id='word_1_281' title='bbox 2068 1582 2135 1624; x_wconf 84' lang='lat' dir='ltr'><strong>ex</strong></span> <span class='ocrx_word' id='word_1_282' title='bbox 2167 1567 2533 1656; x_wconf 78' lang='lat' dir='ltr'><strong>abundantia</strong></span> <span class='ocrx_word' id='word_1_283' title='bbox 2555 1568 2719 1630; x_wconf 76' lang='lat' dir='ltr'><strong>illius</strong></span> <span class='ocrx_word' id='word_1_284' title='bbox 2741 1571 3075 1632; x_wconf 90' lang='lat' dir='ltr'><strong>orationem</strong></span> <span class='ocrx_word' id='word_1_285' title='bbox 3099 1576 3312 1652; x_wconf 89' lang='lat' dir='ltr'><strong>promi,</strong></span> <span class='ocrx_word' id='word_1_286' title='bbox 3355 1593 3487 1635; x_wconf 88' lang='lat' dir='ltr'><strong>cum</strong></span> <span class='ocrx_word' id='word_1_287' title='bbox 3521 1567 3717 1656; x_wconf 90' lang='lat' dir='ltr'><strong>ipsum</strong></span> 
     </span>
    </p>
   </div>
   <div class='ocr_carea' id='block_1_42' title="bbox 2067 1655 3720 1734">
    <p class='ocr_par' dir='ltr' id='par_1_42' title="bbox 2067 1655 3720 1734">
     <span class='ocr_line' id='line_1_42' title="bbox 2067 1655 3720 1734; baseline 0.01 -21"><span class='ocrx_word' id='word_1_288' title='bbox 2067 1671 2173 1713; x_wconf 93' lang='lat' dir='ltr'><strong>cor</strong></span> <span class='ocrx_word' id='word_1_289' title='bbox 2229 1655 2393 1734; x_wconf 90' lang='lat' dir='ltr'><strong>prius</strong></span> <span class='ocrx_word' id='word_1_290' title='bbox 2452 1658 2740 1718; x_wconf 91' lang='lat' dir='ltr'><strong>mundum</strong></span> <span class='ocrx_word' id='word_1_291' title='bbox 2820 1668 3107 1732; x_wconf 87' lang='lat' dir='ltr'><strong>creatum,</strong></span> <span class='ocrx_word' id='word_1_292' title='bbox 3187 1661 3407 1724; x_wconf 90' lang='lat' dir='ltr'><strong>deinde</strong></span> <span class='ocrx_word' id='word_1_293' title='bbox 3482 1655 3720 1730; x_wconf 83' lang='lat' dir='ltr'><strong>divinus</strong></span> 
     </span>
    </p>
   </div>
   <div class='ocr_carea' id='block_1_43' title="bbox 2066 1744 3722 1837">
    <p class='ocr_par' dir='ltr' id='par_1_43' title="bbox 2066 1744 3722 1837">
     <span class='ocr_line' id='line_1_43' title="bbox 2066 1744 3722 1837; baseline 0.011 -36"><span class='ocrx_word' id='word_1_294' title='bbox 2066 1744 2438 1837; x_wconf 77' lang='lat' dir='ltr'><strong>rectitudinis</strong></span> <span class='ocrx_word' id='word_1_295' title='bbox 2523 1748 2779 1827; x_wconf 89' lang='lat' dir='ltr'><strong>Spiritus</strong></span> <span class='ocrx_word' id='word_1_296' title='bbox 2860 1748 3170 1811; x_wconf 90' lang='lat' dir='ltr'><strong>innovatus</strong></span> <span class='ocrx_word' id='word_1_297' title='bbox 3252 1751 3496 1815; x_wconf 89' lang='lat' dir='ltr'><strong>fuerit:</strong></span> <span class='ocrx_word' id='word_1_298' title='bbox 3589 1764 3722 1837; x_wconf 89' lang='lat' dir='ltr'><strong>post</strong></span> 
     </span>
    </p>
   </div>
   <div class='ocr_carea' id='block_1_44' title="bbox 2068 1830 3718 1919">
    <p class='ocr_par' dir='ltr' id='par_1_44' title="bbox 2068 1830 3718 1919">
     <span class='ocr_line' id='line_1_44' title="bbox 2068 1830 3718 1919; baseline 0.01 -29"><span class='ocrx_word' id='word_1_299' title='bbox 2068 1830 2326 1893; x_wconf 77' lang='lat' dir='ltr'><strong>laetitiam</strong></span> <span class='ocrx_word' id='word_1_300' title='bbox 2351 1835 2628 1898; x_wconf 90' lang='lat' dir='ltr'><strong>salutaris</strong></span> <span class='ocrx_word' id='word_1_301' title='bbox 2651 1837 2757 1899; x_wconf 90' lang='lat' dir='ltr'><strong>Dei</strong></span> <span class='ocrx_word' id='word_1_302' title='bbox 2799 1839 3144 1917; x_wconf 81' lang='lat' dir='ltr'><strong>gustaverit,</strong></span> <span class='ocrx_word' id='word_1_303' title='bbox 3167 1858 3297 1919; x_wconf 74' lang='lat' dir='ltr'><strong>quae</strong></span> <span class='ocrx_word' id='word_1_304' title='bbox 3321 1860 3390 1902; x_wconf 87' lang='lat' dir='ltr'><strong>ex</strong></span> <span class='ocrx_word' id='word_1_305' title='bbox 3421 1830 3718 1908; x_wconf 75' lang='lat' dir='ltr'><strong>consdrtio</strong></span> 
     </span>
    </p>
   </div>
   <div class='ocr_carea' id='block_1_45' title="bbox 2067 1925 3721 2008">
    <p class='ocr_par' dir='ltr' id='par_1_45' title="bbox 2067 1925 3721 2008">
     <span class='ocr_line' id='line_1_45' title="bbox 2067 1925 3721 2008; baseline 0.01 -29"><span class='ocrx_word' id='word_1_306' title='bbox 2067 1927 2126 2008; x_wconf 83' lang='lat' dir='ltr'><strong>et</strong></span> <span class='ocrx_word' id='word_1_307' title='bbox 2155 1925 2576 1986; x_wconf 91' lang='lat' dir='ltr'><strong>communione</strong></span> <span class='ocrx_word' id='word_1_308' title='bbox 2635 1927 2851 1989; x_wconf 89' lang='lat' dir='ltr'><strong>Christi</strong></span> <span class='ocrx_word' id='word_1_309' title='bbox 2908 1927 3187 1988; x_wconf 83' lang='lat' dir='ltr'><strong>exsistit:</strong></span> <span class='ocrx_word' id='word_1_310' title='bbox 3248 1929 3473 1992; x_wconf 89' lang='lat' dir='ltr'><strong>deinde</strong></span> <span class='ocrx_word' id='word_1_311' title='bbox 3530 1936 3721 2008; x_wconf 88' lang='lat' dir='ltr'><strong>gratia</strong></span> 
     </span>
    </p>
   </div>
   <div class='ocr_carea' id='block_1_46' title="bbox 2069 2005 3722 2098">
    <p class='ocr_par' dir='ltr' id='par_1_46' title="bbox 2069 2005 3722 2098">
     <span class='ocr_line' id='line_1_46' title="bbox 2069 2005 3722 2098; baseline 0.01 -28"><span class='ocrx_word' id='word_1_312' title='bbox 2069 2005 2324 2088; x_wconf 90' lang='lat' dir='ltr'><strong>Spiritus</strong></span> <span class='ocrx_word' id='word_1_313' title='bbox 2385 2013 2731 2095; x_wconf 84' lang='lat' dir='ltr'><strong>principalis</strong></span> <span class='ocrx_word' id='word_1_314' title='bbox 2792 2017 3132 2078; x_wconf 81' lang='lat' dir='ltr'><strong>firmitatem</strong></span> <span class='ocrx_word' id='word_1_315' title='bbox 3191 2005 3593 2098; x_wconf 83' lang='lat' dir='ltr'><strong>acquisiverit,</strong></span> <span class='ocrx_word' id='word_1_316' title='bbox 3654 2031 3722 2086; x_wconf 90' lang='lat' dir='ltr'><strong>ut</strong></span> 
     </span>
    </p>
   </div>
   <div class='ocr_carea' id='block_1_47' title="bbox 2069 2097 3715 2189">
    <p class='ocr_par' dir='ltr' id='par_1_47' title="bbox 2069 2097 3715 2189">
     <span class='ocr_line' id='line_1_47' title="bbox 2069 2097 3715 2189; baseline 0.011 -33"><span class='ocrx_word' id='word_1_317' title='bbox 2069 2097 2400 2189; x_wconf 85' lang='lat' dir='ltr'><strong>spiritualia</strong></span> <span class='ocrx_word' id='word_1_318' title='bbox 2435 2104 2738 2184; x_wconf 85' lang='lat' dir='ltr'><strong>nequitiae,</strong></span> <span class='ocrx_word' id='word_1_319' title='bbox 2790 2125 2921 2186; x_wconf 62' lang='lat' dir='ltr'><strong>quae</strong></span> <span class='ocrx_word' id='word_1_320' title='bbox 2978 2097 3330 2185; x_wconf 85' lang='lat' dir='ltr'><strong>c0gitatione</strong></span> <span class='ocrx_word' id='word_1_321' title='bbox 3361 2121 3715 2189; x_wconf 91' lang='lat' dir='ltr'><strong>cernuntur,</strong></span> 
     </span>
    </p>
   </div>
   <div class='ocr_carea' id='block_1_48' title="bbox 2070 2187 3720 2272">
    <p class='ocr_par' dir='ltr' id='par_1_48' title="bbox 2070 2187 3720 2272">
     <span class='ocr_line' id='line_1_48' title="bbox 2070 2187 3720 2272; baseline 0.011 -26"><span class='ocrx_word' id='word_1_322' title='bbox 2070 2187 2230 2248; x_wconf 90' lang='lat' dir='ltr'><strong>nulla</strong></span> <span class='ocrx_word' id='word_1_323' title='bbox 2253 2208 2322 2250; x_wconf 84' lang='lat' dir='ltr'><strong>ex</strong></span> <span class='ocrx_word' id='word_1_324' title='bbox 2351 2200 2516 2270; x_wconf 89' lang='lat' dir='ltr'><strong>parte</strong></span> <span class='ocrx_word' id='word_1_325' title='bbox 2541 2193 2669 2272; x_wconf 87' lang='lat' dir='ltr'><strong>ejus</strong></span> <span class='ocrx_word' id='word_1_326' title='bbox 2691 2195 3006 2266; x_wconf 91' lang='lat' dir='ltr'><strong>motiones,</strong></span> <span class='ocrx_word' id='word_1_327' title='bbox 3031 2195 3283 2272; x_wconf 80' lang='lat' dir='ltr'><strong>cogitata</strong></span> <span class='ocrx_word' id='word_1_328' title='bbox 3311 2209 3633 2262; x_wconf 88' lang='lat' dir='ltr'><strong>concutere</strong></span> <span class='ocrx_word' id='word_1_329' title='bbox 3659 2187 3720 2264; x_wconf 82' lang='lat' dir='ltr'><strong>et</strong></span> 
     </span>
    </p>
   </div>
   <div class='ocr_carea' id='block_1_49' title="bbox 2058 2281 3717 2368">
    <p class='ocr_par' dir='ltr' id='par_1_49' title="bbox 2058 2281 3717 2368">
     <span class='ocr_line' id='line_1_49' title="bbox 2058 2281 3717 2368; baseline 0.011 -33"><span class='ocrx_word' id='word_1_330' title='bbox 2058 2293 2336 2368; x_wconf 81' lang='lat' dir='ltr'><strong>quassare</strong></span> <span class='ocrx_word' id='word_1_331' title='bbox 2359 2281 2481 2340; x_wconf 89' lang='lat' dir='ltr'><strong>suis</strong></span> <span class='ocrx_word' id='word_1_332' title='bbox 2504 2282 2738 2344; x_wconf 82' lang='lat' dir='ltr'><strong>flatibus</strong></span> <span class='ocrx_word' id='word_1_333' title='bbox 2783 2286 3016 2364; x_wconf 88' lang='lat' dir='ltr'><strong>possint</strong></span> <span class='ocrx_word' id='word_1_334' title='bbox 3039 2286 3123 2344; x_wconf 83' lang='lat'><strong>87.</strong></span> <span class='ocrx_word' id='word_1_335' title='bbox 3170 2286 3255 2347; x_wconf 86' lang='lat' dir='ltr'><strong>Ac</strong></span> <span class='ocrx_word' id='word_1_336' title='bbox 3286 2295 3407 2347; x_wconf 91' lang='lat' dir='ltr'><strong>tum</strong></span> <span class='ocrx_word' id='word_1_337' title='bbox 3440 2289 3717 2368; x_wconf 87' lang='lat' dir='ltr'><strong>precibus</strong></span> 
     </span>
    </p>
   </div>
   <div class='ocr_carea' id='block_1_50' title="bbox 2059 2362 3714 2454">
    <p class='ocr_par' dir='ltr' id='par_1_50' title="bbox 2059 2362 3714 2454">
     <span class='ocr_line' id='line_1_50' title="bbox 2059 2362 3714 2454; baseline 0.01 -30"><span class='ocrx_word' id='word_1_338' title='bbox 2059 2362 2274 2426; x_wconf 86' lang='lat' dir='ltr'><strong>divinis</strong></span> <span class='ocrx_word' id='word_1_339' title='bbox 2301 2385 2535 2444; x_wconf 85' lang='lat' dir='ltr'><strong>vacans,</strong></span> <span class='ocrx_word' id='word_1_340' title='bbox 2575 2389 2681 2450; x_wconf 91' lang='lat' dir='ltr'><strong>per</strong></span> <span class='ocrx_word' id='word_1_341' title='bbox 2705 2362 2906 2433; x_wconf 84' lang='lat' dir='ltr'><strong>radios</strong></span> <span class='ocrx_word' id='word_1_342' title='bbox 2943 2372 3222 2453; x_wconf 80' lang='lat' dir='ltr'><strong>mysticos</strong></span> <span class='ocrx_word' id='word_1_343' title='bbox 3252 2393 3359 2454; x_wconf 90' lang='lat' dir='ltr'><strong>per</strong></span> <span class='ocrx_word' id='word_1_344' title='bbox 3387 2362 3714 2440; x_wconf 74' lang='lat' dir='ltr'><strong>orationem</strong></span> 
     </span>
    </p>
   </div>
   <div class='ocr_carea' id='block_1_51' title="bbox 2059 2463 3716 2541">
    <p class='ocr_par' dir='ltr' id='par_1_51' title="bbox 2059 2463 3716 2541">
     <span class='ocr_line' id='line_1_51' title="bbox 2059 2463 3716 2541; baseline 0.009 -28"><span class='ocrx_word' id='word_1_345' title='bbox 2059 2471 2241 2532; x_wconf 90' lang='lat' dir='ltr'><strong>super</strong></span> <span class='ocrx_word' id='word_1_346' title='bbox 2270 2466 2537 2518; x_wconf 90' lang='lat' dir='ltr'><strong>orantem</strong></span> <span class='ocrx_word' id='word_1_347' title='bbox 2571 2469 2807 2521; x_wconf 88' lang='lat' dir='ltr'><strong>exortos</strong></span> <span class='ocrx_word' id='word_1_348' title='bbox 2837 2463 3072 2540; x_wconf 88' lang='lat' dir='ltr'><strong>cognita</strong></span> <span class='ocrx_word' id='word_1_349' title='bbox 3125 2471 3182 2522; x_wconf 91' lang='lat' dir='ltr'><strong>et</strong></span> <span class='ocrx_word' id='word_1_350' title='bbox 3227 2464 3448 2541; x_wconf 83' lang='lat' dir='ltr'><strong>agnita,</strong></span> <span class='ocrx_word' id='word_1_351' title='bbox 3485 2467 3557 2527; x_wconf 91' lang='lat' dir='ltr'><strong>ad</strong></span> <span class='ocrx_word' id='word_1_352' title='bbox 3586 2467 3716 2529; x_wconf 85' lang='lat' dir='ltr'><strong>fru-</strong></span> 
     </span>
    </p>
   </div>
   <div class='ocr_carea' id='block_1_52' title="bbox 2059 2549 3715 2636">
    <p class='ocr_par' dir='ltr' id='par_1_52' title="bbox 2059 2549 3715 2636">
     <span class='ocr_line' id='line_1_52' title="bbox 2059 2549 3715 2636; baseline 0.01 -35"><span class='ocrx_word' id='word_1_353' title='bbox 2059 2559 2192 2618; x_wconf 87' lang='lat' dir='ltr'><strong>gem</strong></span> <span class='ocrx_word' id='word_1_354' title='bbox 2225 2553 2512 2636; x_wconf 83' lang='lat' dir='ltr'><strong>maturam</strong></span> <span class='ocrx_word' id='word_1_355' title='bbox 2541 2549 2871 2628; x_wconf 90' lang='lat' dir='ltr'><strong>perducere</strong></span> <span class='ocrx_word' id='word_1_356' title='bbox 2900 2560 3128 2631; x_wconf 89' lang='lat' dir='ltr'><strong>potest:</strong></span> <span class='ocrx_word' id='word_1_357' title='bbox 3173 2551 3400 2633; x_wconf 87' lang='lat' dir='ltr'><strong>alioqui</strong></span> <span class='ocrx_word' id='word_1_358' title='bbox 3424 2554 3715 2636; x_wconf 87' lang='lat' dir='ltr'><strong>insipiens</strong></span> 
     </span>
    </p>
   </div>
   <div class='ocr_carea' id='block_1_53' title="bbox 2061 2634 2572 2713">
    <p class='ocr_par' dir='ltr' id='par_1_53' title="bbox 2061 2634 2572 2713">
     <span class='ocr_line' id='line_1_53' title="bbox 2061 2634 2572 2713; baseline 0.016 -22"><span class='ocrx_word' id='word_1_359' title='bbox 2061 2648 2129 2692; x_wconf 91' lang='lat' dir='ltr'><strong>ac</strong></span> <span class='ocrx_word' id='word_1_360' title='bbox 2159 2634 2429 2713; x_wconf 91' lang='lat' dir='ltr'><strong>stupidus</strong></span> <span class='ocrx_word' id='word_1_361' title='bbox 2458 2645 2572 2700; x_wconf 90' lang='lat' dir='ltr'><strong>est.</strong></span> 
     </span>
    </p>
   </div>
   <div class='ocr_carea' id='block_1_54' title="bbox 2147 2723 3714 2812">
    <p class='ocr_par' dir='ltr' id='par_1_54' title="bbox 2147 2723 3714 2812">
     <span class='ocr_line' id='line_1_54' title="bbox 2147 2723 3714 2812; baseline 0.011 -32"><span class='ocrx_word' id='word_1_362' title='bbox 2147 2723 2407 2786; x_wconf 80' lang='lat' dir='ltr'><strong>Psallere</strong></span> <span class='ocrx_word' id='word_1_363' title='bbox 2439 2725 2619 2804; x_wconf 79' lang='lat' dir='ltr'><strong>igitur</strong></span> <span class='ocrx_word' id='word_1_364' title='bbox 2647 2729 2772 2790; x_wconf 91' lang='lat' dir='ltr'><strong>Deo</strong></span> <span class='ocrx_word' id='word_1_365' title='bbox 2805 2726 3027 2790; x_wconf 92' lang='lat' dir='ltr'><strong>bonum</strong></span> <span class='ocrx_word' id='word_1_366' title='bbox 3092 2739 3206 2804; x_wconf 91' lang='lat' dir='ltr'><strong>est,</strong></span> <span class='ocrx_word' id='word_1_367' title='bbox 3242 2731 3380 2811; x_wconf 91' lang='lat' dir='ltr'><strong>quia</strong></span> <span class='ocrx_word' id='word_1_368' title='bbox 3413 2732 3472 2793; x_wconf 93' lang='lat' dir='ltr'><strong>in</strong></span> <span class='ocrx_word' id='word_1_369' title='bbox 3505 2733 3714 2812; x_wconf 88' lang='lat' dir='ltr'><strong>primis</strong></span> 
     </span>
    </p>
   </div>
   <div class='ocr_carea' id='block_1_55' title="bbox 2061 2806 3710 2898">
    <p class='ocr_par' dir='ltr' id='par_1_55' title="bbox 2061 2806 3710 2898">
     <span class='ocr_line' id='line_1_55' title="bbox 2061 2806 3710 2898; baseline 0.012 -32"><span class='ocrx_word' id='word_1_370' title='bbox 2061 2806 2452 2874; x_wconf 91' lang='lat' dir='ltr'><strong>fructuosum.</strong></span> <span class='ocrx_word' id='word_1_371' title='bbox 2486 2812 2547 2876; x_wconf 93' lang='lat' dir='ltr'><strong>Si</strong></span> <span class='ocrx_word' id='word_1_372' title='bbox 2577 2815 2732 2876; x_wconf 84' lang='lat' dir='ltr'><strong>enim</strong></span> <span class='ocrx_word' id='word_1_373' title='bbox 2786 2817 3066 2897; x_wconf 89' lang='lat' dir='ltr'><strong>quiddam</strong></span> <span class='ocrx_word' id='word_1_374' title='bbox 3101 2806 3400 2898; x_wconf 73' lang='lat' dir='ltr'><strong>singulare</strong></span> <span class='ocrx_word' id='word_1_375' title='bbox 3438 2806 3546 2894; x_wconf 78' lang='lat' dir='ltr'><strong>est,</strong></span> <span class='ocrx_word' id='word_1_376' title='bbox 3578 2842 3710 2886; x_wconf 90' lang='lat' dir='ltr'><strong>cum</strong></span> 
     </span>
    </p>
   </div>
   <div class='ocr_carea' id='block_1_56' title="bbox 309 2898 3714 2993">
    <p class='ocr_par' dir='ltr' id='par_1_56' title="bbox 309 2898 3714 2993">
     <span class='ocr_line' id='line_1_56' title="bbox 309 2898 3714 2993; baseline 0.004 -31"><span class='ocrx_word' id='word_1_377' title='bbox 309 2899 670 2993; x_wconf 66' lang='lat' dir='ltr'><strong>tine_t,_nihil</strong></span> <span class='ocrx_word' id='word_1_378' title='bbox 714 2903 982 2984; x_wconf 86' lang='lat' dir='ltr'><strong>profecit.</strong></span> <span class='ocrx_word' id='word_1_379' title='bbox 1016 2904 1126 2977; x_wconf 89' lang='lat' dir='ltr'><strong>Qui</strong></span> <span class='ocrx_word' id='word_1_380' title='bbox 1158 2905 1384 2967; x_wconf 84' lang='lat' dir='ltr'><strong>litteras</strong></span> <span class='ocrx_word' id='word_1_381' title='bbox 1415 2904 1634 2978; x_wconf 88' lang='lat' dir='ltr'><strong>sciens,</strong></span> <span class='ocrx_word' id='word_1_382' title='bbox 1663 2903 1826 2981; x_wconf 87' lang='lat' dir='ltr'><strong>legit,</strong></span> <span class='ocrx_word' id='word_1_383' title='bbox 1861 2898 1975 2961; x_wconf 91' lang='lat' dir='ltr'><strong>nisi</strong></span> <span class='ocrx_word' id='word_1_384' title='bbox 2059 2913 2200 2993; x_wconf 79' lang='lat' dir='ltr'><strong>rege</strong></span> <span class='ocrx_word' id='word_1_385' title='bbox 2223 2908 2459 2993; x_wconf 75' lang='lat' dir='ltr'><strong>terreno</strong></span> <span class='ocrx_word' id='word_1_386' title='bbox 2485 2903 2766 2985; x_wconf 89' lang='lat' dir='ltr'><strong>colloqui,</strong></span> <span class='ocrx_word' id='word_1_387' title='bbox 2791 2914 3009 2986; x_wconf 90' lang='lat' dir='ltr'><strong>quanto</strong></span> <span class='ocrx_word' id='word_1_388' title='bbox 3029 2906 3388 2986; x_wconf 86' lang='lat' dir='ltr'><strong>singularius</strong></span> <span class='ocrx_word' id='word_1_389' title='bbox 3410 2929 3544 2972; x_wconf 91' lang='lat' dir='ltr'><strong>cum</strong></span> <span class='ocrx_word' id='word_1_390' title='bbox 3571 2930 3714 2993; x_wconf 89' lang='lat' dir='ltr'><strong>rege</strong></span> 
     </span>
    </p>
   </div>
   <div class='ocr_carea' id='block_1_57' title="bbox 310 2986 3710 3079">
    <p class='ocr_par' dir='ltr' id='par_1_57' title="bbox 310 2986 3710 3079">
     <span class='ocr_line' id='line_1_57' title="bbox 310 2986 3710 3079; baseline 0.004 -29"><span class='ocrx_word' id='word_1_391' title='bbox 310 2989 606 3070; x_wconf 85' lang='lat' dir='ltr'><strong>intelligat</strong></span> <span class='ocrx_word' id='word_1_392' title='bbox 635 3011 766 3073; x_wconf 67' lang='lat' dir='ltr'><strong>quae</strong></span> <span class='ocrx_word' id='word_1_393' title='bbox 797 2994 961 3074; x_wconf 82' lang='lat' dir='ltr'><strong>legit,</strong></span> <span class='ocrx_word' id='word_1_394' title='bbox 1016 2995 1452 3075; x_wconf 88' lang='lat' dir='ltr'><strong>quodaminodo</strong></span> <span class='ocrx_word' id='word_1_395' title='bbox 1485 2993 1828 3054; x_wconf 83' lang='lat' dir='ltr'><strong>illitteratus</strong></span> <span class='ocrx_word' id='word_1_396' title='bbox 1858 2997 1968 3050; x_wconf 90' lang='lat' dir='ltr'><strong>est.</strong></span> <span class='ocrx_word' id='word_1_397' title='bbox 2058 2986 2284 3049; x_wconf 72' lang='lat' dir='ltr'><strong>caelesti</strong></span> <span class='ocrx_word' id='word_1_398' title='bbox 2304 2988 2328 3052; x_wconf 84' lang='lat'><strong>?</strong></span> <span class='ocrx_word' id='word_1_399' title='bbox 2349 2990 2493 3062; x_wconf 90' lang='lat' dir='ltr'><strong>Quis</strong></span> <span class='ocrx_word' id='word_1_400' title='bbox 2515 2994 2807 3056; x_wconf 89' lang='lat' dir='ltr'><strong>accedere</strong></span> <span class='ocrx_word' id='word_1_401' title='bbox 2831 2995 3094 3077; x_wconf 92' lang='lat' dir='ltr'><strong>propius,</strong></span> <span class='ocrx_word' id='word_1_402' title='bbox 3121 3006 3178 3056; x_wconf 92' lang='lat' dir='ltr'><strong>et</strong></span> <span class='ocrx_word' id='word_1_403' title='bbox 3198 2998 3547 3079; x_wconf 84' lang='lat' dir='ltr'><strong>cujusquam</strong></span> <span class='ocrx_word' id='word_1_404' title='bbox 3575 2986 3710 3063; x_wconf 67' lang='lat' dir='ltr'><strong>cuin</strong></span> 
     </span>
    </p>
   </div>
   <div class='ocr_carea' id='block_1_58' title="bbox 314 3081 3712 3172">
    <p class='ocr_par' dir='ltr' id='par_1_58' title="bbox 314 3081 3712 3172">
     <span class='ocr_line' id='line_1_58' title="bbox 314 3081 3712 3172; baseline 0.004 -31"><span class='ocrx_word' id='word_1_405' title='bbox 314 3081 595 3172; x_wconf 79' lang='lat' dir='ltr'><strong>Quilegit</strong></span> <span class='ocrx_word' id='word_1_406' title='bbox 617 3091 674 3142; x_wconf 90' lang='lat' dir='ltr'><strong>et</strong></span> <span class='ocrx_word' id='word_1_407' title='bbox 697 3082 994 3162; x_wconf 86' lang='lat' dir='ltr'><strong>intelligit,</strong></span> <span class='ocrx_word' id='word_1_408' title='bbox 1024 3084 1137 3146; x_wconf 91' lang='lat' dir='ltr'><strong>nisi</strong></span> <span class='ocrx_word' id='word_1_409' title='bbox 1180 3083 1484 3172; x_wconf 89' lang='lat' dir='ltr'><strong>intellecta</strong></span> <span class='ocrx_word' id='word_1_410' title='bbox 1503 3100 1740 3144; x_wconf 88' lang='lat' dir='ltr'><strong>servare</strong></span> <span class='ocrx_word' id='word_1_411' title='bbox 1764 3087 1978 3172; x_wconf 74' lang='lat' dir='ltr'><strong>potest,</strong></span> <span class='ocrx_word' id='word_1_412' title='bbox 2000 3093 2038 3143; x_wconf 93' lang='lat' dir='ltr'>C</span> <span class='ocrx_word' id='word_1_413' title='bbox 2064 3091 2204 3172; x_wconf 49' lang='lat' dir='ltr'><strong>rege</strong></span> <span class='ocrx_word' id='word_1_414' title='bbox 2234 3097 2573 3172; x_wconf 84' lang='lat' dir='ltr'><strong>sermonem</strong></span> <span class='ocrx_word' id='word_1_415' title='bbox 2608 3083 3022 3172; x_wconf 88' lang='lat' dir='ltr'><strong>interturbare</strong></span> <span class='ocrx_word' id='word_1_416' title='bbox 3077 3085 3257 3148; x_wconf 90' lang='lat' dir='ltr'><strong>audet</strong></span> <span class='ocrx_word' id='word_1_417' title='bbox 3288 3087 3312 3147; x_wconf 70' lang='grc' dir='ltr'>ἴ</span> <span class='ocrx_word' id='word_1_418' title='bbox 3369 3086 3468 3150; x_wconf 93' lang='lat' dir='ltr'><strong>Sic</strong></span> <span class='ocrx_word' id='word_1_419' title='bbox 3517 3108 3712 3170; x_wconf 89' lang='lat' dir='ltr'><strong>neque</strong></span> 
     </span>
    </p>
   </div>
   <div class='ocr_carea' id='block_1_59' title="bbox 315 3167 3707 3256">
    <p class='ocr_par' dir='ltr' id='par_1_59' title="bbox 315 3167 3707 3256">
     <span class='ocr_line' id='line_1_59' title="bbox 315 3167 3707 3256; baseline 0.004 -28"><span class='ocrx_word' id='word_1_420' title='bbox 315 3169 464 3230; x_wconf 81' lang='lat' dir='ltr'><strong>nihil</strong></span> <span class='ocrx_word' id='word_1_421' title='bbox 498 3171 554 3232; x_wconf 88' lang='lat' dir='ltr'><strong>ei</strong></span> <span class='ocrx_word' id='word_1_422' title='bbox 615 3174 846 3252; x_wconf 87' lang='lat' dir='ltr'><strong>podest.</strong></span> <span class='ocrx_word' id='word_1_423' title='bbox 909 3172 1149 3235; x_wconf 90' lang='lat' dir='ltr'><strong>Divinas</strong></span> <span class='ocrx_word' id='word_1_424' title='bbox 1209 3171 1549 3252; x_wconf 86' lang='lat' dir='ltr'><strong>Scripturas</strong></span> <span class='ocrx_word' id='word_1_425' title='bbox 1606 3172 1830 3249; x_wconf 84' lang='lat' dir='ltr'><strong>legere,</strong></span> <span class='ocrx_word' id='word_1_426' title='bbox 1865 3167 1982 3229; x_wconf 81' lang='lat' dir='ltr'><strong>nisi</strong></span> <span class='ocrx_word' id='word_1_427' title='bbox 2064 3167 2368 3230; x_wconf 62' lang='lat' dir='ltr'><strong>daemones</strong></span> <span class='ocrx_word' id='word_1_428' title='bbox 2444 3171 2516 3232; x_wconf 88' lang='lat' dir='ltr'><strong>ad</strong></span> <span class='ocrx_word' id='word_1_429' title='bbox 2601 3171 2769 3233; x_wconf 93' lang='lat' dir='ltr'><strong>illum</strong></span> <span class='ocrx_word' id='word_1_430' title='bbox 2854 3174 3333 3255; x_wconf 86' lang='lat' dir='ltr'><strong>apprOpinquare</strong></span> <span class='ocrx_word' id='word_1_431' title='bbox 3389 3167 3707 3256; x_wconf 79' lang='lat' dir='ltr'><strong>sustinent,</strong></span> 
     </span>
    </p>
   </div>
   <div class='ocr_carea' id='block_1_60' title="bbox 314 3258 3714 3347">
    <p class='ocr_par' dir='ltr' id='par_1_60' title="bbox 314 3258 3714 3347">
     <span class='ocr_line' id='line_1_60' title="bbox 314 3258 3714 3347; baseline 0.003 -28"><span class='ocrx_word' id='word_1_432' title='bbox 314 3259 640 3322; x_wconf 86' lang='lat' dir='ltr'><strong>arbitratus</strong></span> <span class='ocrx_word' id='word_1_433' title='bbox 671 3277 762 3323; x_wconf 84' lang='lat' dir='ltr'><strong>est</strong></span> <span class='ocrx_word' id='word_1_434' title='bbox 820 3262 1159 3341; x_wconf 75' lang='lat' dir='ltr'><strong>intelligere.</strong></span> <span class='ocrx_word' id='word_1_435' title='bbox 1217 3263 1373 3324; x_wconf 88' lang='lat' dir='ltr'><strong>lecta</strong></span> <span class='ocrx_word' id='word_1_436' title='bbox 1429 3262 1488 3323; x_wconf 89' lang='lat' dir='ltr'><strong>in</strong></span> <span class='ocrx_word' id='word_1_437' title='bbox 1547 3260 1718 3322; x_wconf 93' lang='lat' dir='ltr'><strong>nobis</strong></span> <span class='ocrx_word' id='word_1_438' title='bbox 1779 3268 1889 3336; x_wconf 81' lang='lat' dir='ltr'><strong>est,</strong></span> <span class='ocrx_word' id='word_1_439' title='bbox 1923 3264 1983 3319; x_wconf 90' lang='lat' dir='ltr'><strong>et</strong></span> <span class='ocrx_word' id='word_1_440' title='bbox 2063 3259 2328 3336; x_wconf 90' lang='lat' dir='ltr'><strong>quicum</strong></span> <span class='ocrx_word' id='word_1_441' title='bbox 2363 3258 2484 3321; x_wconf 90' lang='lat' dir='ltr'><strong>Deo</strong></span> <span class='ocrx_word' id='word_1_442' title='bbox 2531 3261 2809 3342; x_wconf 87' lang='lat' dir='ltr'><strong>loquitur.</strong></span> <span class='ocrx_word' id='word_1_443' title='bbox 2874 3265 3005 3325; x_wconf 89' lang='lat' dir='ltr'><strong>Non</strong></span> <span class='ocrx_word' id='word_1_444' title='bbox 3038 3264 3292 3344; x_wconf 86' lang='lat' dir='ltr'><strong>psallere</strong></span> <span class='ocrx_word' id='word_1_445' title='bbox 3325 3267 3468 3341; x_wconf 93' lang='lat' dir='ltr'><strong>Deo,</strong></span> <span class='ocrx_word' id='word_1_446' title='bbox 3506 3286 3714 3347; x_wconf 88' lang='lat' dir='ltr'><strong>magna</strong></span> 
     </span>
    </p>
   </div>
   <div class='ocr_carea' id='block_1_61' title="bbox 318 3347 3712 3433">
    <p class='ocr_par' dir='ltr' id='par_1_61' title="bbox 318 3347 3712 3433">
     <span class='ocr_line' id='line_1_61' title="bbox 318 3347 3712 3433; baseline 0.003 -24"><span class='ocrx_word' id='word_1_447' title='bbox 318 3367 440 3409; x_wconf 89' lang='lat' dir='ltr'><strong>non</strong></span> <span class='ocrx_word' id='word_1_448' title='bbox 471 3362 583 3414; x_wconf 88' lang='lat' dir='ltr'><strong>est.</strong></span> <span class='ocrx_word' id='word_1_449' title='bbox 618 3350 681 3412; x_wconf 89' lang='lat' dir='ltr'><strong>In</strong></span> <span class='ocrx_word' id='word_1_450' title='bbox 715 3352 913 3429; x_wconf 63' lang='lat' dir='ltr'><strong>nobis,</strong></span> <span class='ocrx_word' id='word_1_451' title='bbox 969 3354 1230 3414; x_wconf 88' lang='lat' dir='ltr'><strong>studium</strong></span> <span class='ocrx_word' id='word_1_452' title='bbox 1267 3369 1281 3415; x_wconf 88' lang='lat'><strong>:</strong></span> <span class='ocrx_word' id='word_1_453' title='bbox 1343 3352 1679 3430; x_wconf 88' lang='lat' dir='ltr'><strong>intelligere</strong></span> <span class='ocrx_word' id='word_1_454' title='bbox 1725 3369 1759 3410; x_wconf 93' lang='lat' dir='ltr'><strong>a</strong></span> <span class='ocrx_word' id='word_1_455' title='bbox 1794 3349 1980 3427; x_wconf 88' lang='lat' dir='ltr'><strong>gratia</strong></span> <span class='ocrx_word' id='word_1_456' title='bbox 2062 3354 2152 3407; x_wconf 90' lang='lat' dir='ltr'><strong>est</strong></span> <span class='ocrx_word' id='word_1_457' title='bbox 2173 3347 2450 3426; x_wconf 86' lang='lat' dir='ltr'><strong>jactura:</strong></span> <span class='ocrx_word' id='word_1_458' title='bbox 2514 3351 2712 3413; x_wconf 79' lang='lat' dir='ltr'><strong>anima</strong></span> <span class='ocrx_word' id='word_1_459' title='bbox 2754 3351 2972 3432; x_wconf 86' lang='lat' dir='ltr'><strong>quippe</strong></span> <span class='ocrx_word' id='word_1_460' title='bbox 3023 3371 3140 3413; x_wconf 92' lang='lat' dir='ltr'><strong>non</strong></span> <span class='ocrx_word' id='word_1_461' title='bbox 3175 3353 3483 3433; x_wconf 90' lang='lat' dir='ltr'><strong>psallentis</strong></span> <span class='ocrx_word' id='word_1_462' title='bbox 3513 3355 3712 3419; x_wconf 89' lang='lat' dir='ltr'><strong>divino</strong></span> 
     </span>
    </p>
   </div>
   <div class='ocr_carea' id='block_1_62' title="bbox 323 3433 3711 3523">
    <p class='ocr_par' dir='ltr' id='par_1_62' title="bbox 323 3433 3711 3523">
     <span class='ocr_line' id='line_1_62' title="bbox 323 3433 3711 3523; baseline 0.003 -27"><span class='ocrx_word' id='word_1_463' title='bbox 323 3439 435 3498; x_wconf 86' lang='lat' dir='ltr'><strong>Dei</strong></span> <span class='ocrx_word' id='word_1_464' title='bbox 455 3441 688 3518; x_wconf 88' lang='lat' dir='ltr'><strong>pendet.</strong></span> <span class='ocrx_word' id='word_1_465' title='bbox 715 3443 937 3504; x_wconf 88' lang='lat' dir='ltr'><strong>Verum</strong></span> <span class='ocrx_word' id='word_1_466' title='bbox 966 3454 1195 3523; x_wconf 88' lang='lat' dir='ltr'><strong>tenere,</strong></span> <span class='ocrx_word' id='word_1_467' title='bbox 1217 3461 1320 3503; x_wconf 91' lang='lat' dir='ltr'><strong>seu</strong></span> <span class='ocrx_word' id='word_1_468' title='bbox 1348 3450 1624 3522; x_wconf 68' lang='lat' dir='ltr'><strong>prmstare</strong></span> <span class='ocrx_word' id='word_1_469' title='bbox 1647 3440 1968 3519; x_wconf 87' lang='lat' dir='ltr'><strong>intellecta,</strong></span> <span class='ocrx_word' id='word_1_470' title='bbox 2059 3433 2308 3512; x_wconf 89' lang='lat' dir='ltr'><strong>lumine,</strong></span> <span class='ocrx_word' id='word_1_471' title='bbox 2338 3437 2534 3501; x_wconf 91' lang='lat' dir='ltr'><strong>divina</strong></span> <span class='ocrx_word' id='word_1_472' title='bbox 2566 3440 2775 3502; x_wconf 90' lang='lat' dir='ltr'><strong>virtute</strong></span> <span class='ocrx_word' id='word_1_473' title='bbox 2815 3449 2873 3503; x_wconf 93' lang='lat' dir='ltr'><strong>et</strong></span> <span class='ocrx_word' id='word_1_474' title='bbox 2901 3442 3102 3522; x_wconf 90' lang='lat' dir='ltr'><strong>quiete</strong></span> <span class='ocrx_word' id='word_1_475' title='bbox 3132 3441 3451 3504; x_wconf 90' lang='lat' dir='ltr'><strong>insultibus</strong></span> <span class='ocrx_word' id='word_1_476' title='bbox 3481 3444 3711 3507; x_wconf 58' lang='lat' dir='ltr'><strong>daemo-</strong></span> 
     </span>
    </p>
   </div>
   <div class='ocr_carea' id='block_1_63' title="bbox 332 3525 3708 3612">
    <p class='ocr_par' dir='ltr' id='par_1_63' title="bbox 332 3525 3708 3612">
     <span class='ocr_line' id='line_1_63' title="bbox 332 3525 3708 3612; baseline 0.003 -28"><span class='ocrx_word' id='word_1_477' title='bbox 332 3526 392 3586; x_wconf 92' lang='lat' dir='ltr'><strong>id</strong></span> <span class='ocrx_word' id='word_1_478' title='bbox 427 3537 605 3588; x_wconf 87' lang='lat' dir='ltr'><strong>totum</strong></span> <span class='ocrx_word' id='word_1_479' title='bbox 637 3549 925 3611; x_wconf 65' lang='lat' dir='ltr'><strong>supremae</strong></span> <span class='ocrx_word' id='word_1_480' title='bbox 954 3533 1158 3612; x_wconf 69' lang='lat' dir='ltr'><strong>gratia:</strong></span> <span class='ocrx_word' id='word_1_481' title='bbox 1187 3540 1493 3611; x_wconf 86' lang='lat' dir='ltr'><strong>acceptum</strong></span> <span class='ocrx_word' id='word_1_482' title='bbox 1529 3529 1740 3592; x_wconf 85' lang='lat' dir='ltr'><strong>referri</strong></span> <span class='ocrx_word' id='word_1_483' title='bbox 1769 3526 1972 3590; x_wconf 87' lang='lat' dir='ltr'><strong>debet.</strong></span> <span class='ocrx_word' id='word_1_484' title='bbox 2057 3542 2198 3612; x_wconf 83' lang='lat' dir='ltr'><strong>num</strong></span> <span class='ocrx_word' id='word_1_485' title='bbox 2225 3525 2511 3605; x_wconf 85' lang='lat' dir='ltr'><strong>privatur,</strong></span> <span class='ocrx_word' id='word_1_486' title='bbox 2539 3537 2598 3590; x_wconf 91' lang='lat' dir='ltr'><strong>et</strong></span> <span class='ocrx_word' id='word_1_487' title='bbox 2621 3530 2814 3591; x_wconf 91' lang='lat' dir='ltr'><strong>omnis</strong></span> <span class='ocrx_word' id='word_1_488' title='bbox 2842 3530 3180 3610; x_wconf 86' lang='lat' dir='ltr'><strong>petulantia,</strong></span> <span class='ocrx_word' id='word_1_489' title='bbox 3217 3531 3414 3592; x_wconf 93' lang='lat' dir='ltr'><strong>omnis</strong></span> <span class='ocrx_word' id='word_1_490' title='bbox 3441 3531 3708 3595; x_wconf 90' lang='lat' dir='ltr'><strong>immun-</strong></span> 
     </span>
    </p>
   </div>
   <div class='ocr_carea' id='block_1_64' title="bbox 339 3611 3704 3705">
    <p class='ocr_par' dir='ltr' id='par_1_64' title="bbox 339 3611 3704 3705">
     <span class='ocr_line' id='line_1_64' title="bbox 339 3611 3704 3705; baseline 0.003 -30"><span class='ocrx_word' id='word_1_491' title='bbox 339 3613 613 3686; x_wconf 89' lang='lat' dir='ltr'><strong>Quocirca</strong></span> <span class='ocrx_word' id='word_1_492' title='bbox 640 3621 805 3700; x_wconf 89' lang='lat' dir='ltr'><strong>pauci</strong></span> <span class='ocrx_word' id='word_1_493' title='bbox 865 3632 1005 3682; x_wconf 92' lang='lat' dir='ltr'><strong>sunt</strong></span> <span class='ocrx_word' id='word_1_494' title='bbox 1056 3621 1156 3702; x_wconf 91' lang='lat' dir='ltr'><strong>qui</strong></span> <span class='ocrx_word' id='word_1_495' title='bbox 1215 3641 1284 3682; x_wconf 88' lang='lat' dir='ltr'><strong>ea</strong></span> <span class='ocrx_word' id='word_1_496' title='bbox 1339 3620 1760 3702; x_wconf 57' lang='lat' dir='ltr'><strong>praestanti“;</strong></span> <span class='ocrx_word' id='word_1_497' title='bbox 1821 3620 1975 3679; x_wconf 92' lang='lat' dir='ltr'><strong>sicut</strong></span> <span class='ocrx_word' id='word_1_498' title='bbox 2058 3611 2221 3678; x_wconf 89' lang='lat' dir='ltr'><strong>ditia.</strong></span> <span class='ocrx_word' id='word_1_499' title='bbox 2253 3617 2822 3699; x_wconf 89' lang='lat' dir='ltr'><strong>omnisimprobitas</strong></span> <span class='ocrx_word' id='word_1_500' title='bbox 2841 3627 2898 3680; x_wconf 92' lang='lat' dir='ltr'><strong>et</strong></span> <span class='ocrx_word' id='word_1_501' title='bbox 2926 3618 3237 3698; x_wconf 84' lang='lat' dir='ltr'><strong>injustitia,</strong></span> <span class='ocrx_word' id='word_1_502' title='bbox 3265 3619 3463 3682; x_wconf 88' lang='lat' dir='ltr'><strong>omnis</strong></span> <span class='ocrx_word' id='word_1_503' title='bbox 3494 3620 3704 3705; x_wconf 87' lang='lat' dir='ltr'><strong>fastus,</strong></span> 
     </span>
    </p>
   </div>
   <div class='ocr_carea' id='block_1_65' title="bbox 334 3705 3710 3791">
    <p class='ocr_par' dir='ltr' id='par_1_65' title="bbox 334 3705 3710 3791">
     <span class='ocr_line' id='line_1_65' title="bbox 334 3705 3710 3791; baseline 0.002 -25"><span class='ocrx_word' id='word_1_504' title='bbox 334 3707 497 3785; x_wconf 84' lang='lat' dir='ltr'><strong>pauci</strong></span> <span class='ocrx_word' id='word_1_505' title='bbox 520 3714 766 3790; x_wconf 89' lang='lat' dir='ltr'><strong>suntqui</strong></span> <span class='ocrx_word' id='word_1_506' title='bbox 792 3711 1118 3772; x_wconf 86' lang='lat' dir='ltr'><strong>salvantur.</strong></span> <span class='ocrx_word' id='word_1_507' title='bbox 1152 3710 1303 3774; x_wconf 91' lang='lat' dir='ltr'><strong>Sunt</strong></span> <span class='ocrx_word' id='word_1_508' title='bbox 1342 3731 1482 3791; x_wconf 90' lang='lat' dir='ltr'><strong>ergo</strong></span> <span class='ocrx_word' id='word_1_509' title='bbox 1525 3710 1666 3788; x_wconf 88' lang='lat' dir='ltr'><strong>duo,</strong></span> <span class='ocrx_word' id='word_1_510' title='bbox 1697 3708 1885 3769; x_wconf 81' lang='lat' dir='ltr'><strong>oratio</strong></span> <span class='ocrx_word' id='word_1_511' title='bbox 1917 3725 1976 3779; x_wconf 70' lang='lat' dir='ltr'><strong>ei</strong></span> <span class='ocrx_word' id='word_1_512' title='bbox 2060 3705 2398 3791; x_wconf 84' lang='lat' dir='ltr'><strong>ostentatio,</strong></span> <span class='ocrx_word' id='word_1_513' title='bbox 2435 3709 2770 3786; x_wconf 80' lang='lat' dir='ltr'><strong>arrogantia</strong></span> <span class='ocrx_word' id='word_1_514' title='bbox 2799 3708 2872 3770; x_wconf 88' lang='lat' dir='ltr'><strong>ab</strong></span> <span class='ocrx_word' id='word_1_515' title='bbox 2905 3708 3119 3769; x_wconf 90' lang='lat' dir='ltr'><strong>iisdem</strong></span> <span class='ocrx_word' id='word_1_516' title='bbox 3148 3709 3210 3769; x_wconf 89' lang='lat' dir='ltr'><strong>in</strong></span> <span class='ocrx_word' id='word_1_517' title='bbox 3241 3708 3513 3771; x_wconf 87' lang='lat' dir='ltr'><strong>eamdem</strong></span> <span class='ocrx_word' id='word_1_518' title='bbox 3545 3709 3710 3774; x_wconf 80' lang='lat' dir='ltr'><strong>inve-</strong></span> 
     </span>
    </p>
   </div>
   <div class='ocr_carea' id='block_1_66' title="bbox 327 3789 3710 3880">
    <p class='ocr_par' dir='ltr' id='par_1_66' title="bbox 327 3789 3710 3880">
     <span class='ocr_line' id='line_1_66' title="bbox 327 3789 3710 3880; baseline 0.003 -26"><span class='ocrx_word' id='word_1_519' title='bbox 327 3794 516 3872; x_wconf 87' lang='lat' dir='ltr'><strong>lectio,</strong></span> <span class='ocrx_word' id='word_1_520' title='bbox 543 3789 788 3878; x_wconf 85' lang='lat' dir='ltr'><strong>quorum</strong></span> <span class='ocrx_word' id='word_1_521' title='bbox 813 3801 938 3861; x_wconf 74' lang='lat' dir='ltr'><strong>haec</strong></span> <span class='ocrx_word' id='word_1_522' title='bbox 967 3819 1084 3880; x_wconf 91' lang='lat' dir='ltr'><strong>qua</strong></span> <span class='ocrx_word' id='word_1_523' title='bbox 1107 3801 1199 3860; x_wconf 86' lang='lat' dir='ltr'><strong>via</strong></span> <span class='ocrx_word' id='word_1_524' title='bbox 1216 3801 1287 3861; x_wconf 87' lang='lat' dir='ltr'><strong>ad</strong></span> <span class='ocrx_word' id='word_1_525' title='bbox 1315 3789 1501 3862; x_wconf 83' lang='lat' dir='ltr'><strong>Deum</strong></span> <span class='ocrx_word' id='word_1_526' title='bbox 1521 3796 1970 3879; x_wconf 86' lang='lat' dir='ltr'><strong>perveniamus;</strong></span> <span class='ocrx_word' id='word_1_527' title='bbox 2058 3789 2238 3856; x_wconf 91' lang='lat' dir='ltr'><strong>hitur.</strong></span> <span class='ocrx_word' id='word_1_528' title='bbox 2274 3792 2440 3856; x_wconf 89' lang='lat' dir='ltr'><strong>Sicut</strong></span> <span class='ocrx_word' id='word_1_529' title='bbox 2496 3797 2655 3858; x_wconf 90' lang='lat' dir='ltr'><strong>enim</strong></span> <span class='ocrx_word' id='word_1_530' title='bbox 2713 3797 2847 3858; x_wconf 68' lang='lat' dir='ltr'><strong>coeli</strong></span> <span class='ocrx_word' id='word_1_531' title='bbox 2904 3796 3264 3877; x_wconf 89' lang='lat' dir='ltr'><strong>aspiratione</strong></span> <span class='ocrx_word' id='word_1_532' title='bbox 3321 3817 3592 3879; x_wconf 88' lang='lat' dir='ltr'><strong>corpora,</strong></span> <span class='ocrx_word' id='word_1_533' title='bbox 3625 3800 3710 3864; x_wconf 89' lang='lat' dir='ltr'><strong>ita</strong></span> 
     </span>
    </p>
   </div>
   <div class='ocr_carea' id='block_1_67' title="bbox 318 3883 3702 3968">
    <p class='ocr_par' dir='ltr' id='par_1_67' title="bbox 318 3883 3702 3968">
     <span class='ocr_line' id='line_1_67' title="bbox 318 3883 3702 3968; baseline 0.003 -24"><span class='ocrx_word' id='word_1_534' title='bbox 318 3883 513 3959; x_wconf 90' lang='lat' dir='ltr'><strong>docet,</strong></span> <span class='ocrx_word' id='word_1_535' title='bbox 571 3887 826 3966; x_wconf 81' lang='lat' dir='ltr'><strong>facitque</strong></span> <span class='ocrx_word' id='word_1_536' title='bbox 884 3889 1188 3949; x_wconf 88' lang='lat' dir='ltr'><strong>hominem</strong></span> <span class='ocrx_word' id='word_1_537' title='bbox 1252 3889 1568 3949; x_wconf 88' lang='lat' dir='ltr'><strong>divinum:</strong></span> <span class='ocrx_word' id='word_1_538' title='bbox 1631 3885 1730 3946; x_wconf 83' lang='lat' dir='ltr'><strong>i-la</strong></span> <span class='ocrx_word' id='word_1_539' title='bbox 1781 3884 1969 3946; x_wconf 92' lang='lat' dir='ltr'><strong>Deum</strong></span> <span class='ocrx_word' id='word_1_540' title='bbox 2056 3883 2304 3968; x_wconf 88' lang='lat' dir='ltr'><strong>perenni</strong></span> <span class='ocrx_word' id='word_1_541' title='bbox 2331 3883 3702 3968; x_wconf 89' lang='lat' dir='ltr'><strong>Deimemoriaomnisanimaprorsusindiget.</strong></span> 
     </span>
    </p>
   </div>
   <div class='ocr_carea' id='block_1_68' title="bbox 313 3967 3702 4060">
    <p class='ocr_par' dir='ltr' id='par_1_68' title="bbox 313 3967 3702 4060">
     <span class='ocr_line' id='line_1_68' title="bbox 313 3967 3702 4060; baseline 0.003 -27"><span class='ocrx_word' id='word_1_542' title='bbox 313 3973 528 4050; x_wconf 86' lang='lat' dir='ltr'><strong>ﬂectit,</strong></span> <span class='ocrx_word' id='word_1_543' title='bbox 566 3989 628 4036; x_wconf 85' lang='lat' dir='ltr'><strong>ut</strong></span> <span class='ocrx_word' id='word_1_544' title='bbox 660 3985 920 4037; x_wconf 90' lang='lat' dir='ltr'><strong>mentem</strong></span> <span class='ocrx_word' id='word_1_545' title='bbox 954 3977 1210 4054; x_wconf 86' lang='lat' dir='ltr'><strong>legentis</strong></span> <span class='ocrx_word' id='word_1_546' title='bbox 1242 3978 1560 4048; x_wconf 89' lang='lat' dir='ltr'><strong>illuminet,</strong></span> <span class='ocrx_word' id='word_1_547' title='bbox 1597 3994 1714 4052; x_wconf 91' lang='lat' dir='ltr'><strong>quo</strong></span> <span class='ocrx_word' id='word_1_548' title='bbox 1738 3975 1891 4035; x_wconf 88' lang='lat' dir='ltr'><strong>lecta</strong></span> <span class='ocrx_word' id='word_1_549' title='bbox 1915 3979 1971 4034; x_wconf 86' lang='lat' dir='ltr'><strong>et</strong></span> <span class='ocrx_word' id='word_1_550' title='bbox 2054 3967 2276 4060; x_wconf 53' lang='lat' dir='ltr'><strong>Verum</strong></span> <span class='ocrx_word' id='word_1_551' title='bbox 2309 3974 2612 4041; x_wconf 88' lang='lat' dir='ltr'><strong>enimvero</strong></span> <span class='ocrx_word' id='word_1_552' title='bbox 2643 3976 2896 4056; x_wconf 88' lang='lat' dir='ltr'><strong>psallere</strong></span> <span class='ocrx_word' id='word_1_553' title='bbox 2944 3975 3066 4038; x_wconf 90' lang='lat' dir='ltr'><strong>Deo</strong></span> <span class='ocrx_word' id='word_1_554' title='bbox 3089 3976 3442 4057; x_wconf 89' lang='lat' dir='ltr'><strong>simpliciter</strong></span> <span class='ocrx_word' id='word_1_555' title='bbox 3462 3996 3530 4039; x_wconf 91' lang='lat' dir='ltr'><strong>ac</strong></span> <span class='ocrx_word' id='word_1_556' title='bbox 3562 3967 3702 4060; x_wconf 84' lang='lat' dir='ltr'><strong>per-</strong></span> 
     </span>
    </p>
   </div>
   <div class='ocr_carea' id='block_1_69' title="bbox 307 4056 3710 4145">
    <p class='ocr_par' dir='ltr' id='par_1_69' title="bbox 307 4056 3710 4145">
     <span class='ocr_line' id='line_1_69' title="bbox 307 4056 3710 4145; baseline 0.002 -22"><span class='ocrx_word' id='word_1_557' title='bbox 307 4062 630 4143; x_wconf 65' lang='lat' dir='ltr'><strong>inteiligat,</strong></span> <span class='ocrx_word' id='word_1_558' title='bbox 666 4074 724 4125; x_wconf 93' lang='lat' dir='ltr'><strong>et</strong></span> <span class='ocrx_word' id='word_1_559' title='bbox 751 4066 1029 4127; x_wconf 89' lang='lat' dir='ltr'><strong>observet</strong></span> <span class='ocrx_word' id='word_1_560' title='bbox 1085 4066 1216 4128; x_wconf 86' lang='lat' dir='ltr'><strong>Alia</strong></span> <span class='ocrx_word' id='word_1_561' title='bbox 1247 4067 1467 4129; x_wconf 89' lang='lat' dir='ltr'><strong>etenim</strong></span> <span class='ocrx_word' id='word_1_562' title='bbox 1499 4064 1723 4144; x_wconf 89' lang='lat' dir='ltr'><strong>scripta</strong></span> <span class='ocrx_word' id='word_1_563' title='bbox 1765 4062 1967 4144; x_wconf 91' lang='lat' dir='ltr'><strong>perci-</strong></span> <span class='ocrx_word' id='word_1_564' title='bbox 2053 4056 2372 4138; x_wconf 88' lang='lat' dir='ltr'><strong>functorie,</strong></span> <span class='ocrx_word' id='word_1_565' title='bbox 2405 4073 2464 4125; x_wconf 91' lang='lat' dir='ltr'><strong>et</strong></span> <span class='ocrx_word' id='word_1_566' title='bbox 2493 4065 2628 4127; x_wconf 88' lang='lat' dir='ltr'><strong>sine</strong></span> <span class='ocrx_word' id='word_1_567' title='bbox 2661 4065 2895 4141; x_wconf 91' lang='lat' dir='ltr'><strong>timore,</strong></span> <span class='ocrx_word' id='word_1_568' title='bbox 2931 4065 3033 4145; x_wconf 91' lang='lat' dir='ltr'><strong>qui</strong></span> <span class='ocrx_word' id='word_1_569' title='bbox 3062 4065 3185 4127; x_wconf 92' lang='lat' dir='ltr'><strong>Deo</strong></span> <span class='ocrx_word' id='word_1_570' title='bbox 3211 4056 3457 4127; x_wconf 15' lang='lat' dir='ltr'><strong>iastanti</strong></span> <span class='ocrx_word' id='word_1_571' title='bbox 3485 4056 3578 4129; x_wconf 74' lang='lat' dir='ltr'><strong>est</strong></span> <span class='ocrx_word' id='word_1_572' title='bbox 3605 4087 3710 4131; x_wconf 92' lang='lat' dir='ltr'><strong>ne-</strong></span> 
     </span>
    </p>
   </div>
   <div class='ocr_carea' id='block_1_70' title="bbox 306 4152 3706 4240">
    <p class='ocr_par' dir='ltr' id='par_1_70' title="bbox 306 4152 3706 4240">
     <span class='ocr_line' id='line_1_70' title="bbox 306 4152 3706 4240; baseline 0.001 -26"><span class='ocrx_word' id='word_1_573' title='bbox 306 4171 460 4234; x_wconf 88' lang='lat' dir='ltr'><strong>pere</strong></span> <span class='ocrx_word' id='word_1_574' title='bbox 479 4163 538 4214; x_wconf 91' lang='lat' dir='ltr'><strong>et</strong></span> <span class='ocrx_word' id='word_1_575' title='bbox 559 4173 924 4232; x_wconf 86' lang='lat' dir='ltr'><strong>cognoscere</strong></span> <span class='ocrx_word' id='word_1_576' title='bbox 945 4167 1190 4235; x_wconf 89' lang='lat' dir='ltr'><strong>possunt</strong></span> <span class='ocrx_word' id='word_1_577' title='bbox 1213 4157 1311 4237; x_wconf 91' lang='lat' dir='ltr'><strong>qui</strong></span> <span class='ocrx_word' id='word_1_578' title='bbox 1333 4157 1537 4234; x_wconf 89' lang='lat' dir='ltr'><strong>legunt</strong></span> <span class='ocrx_word' id='word_1_579' title='bbox 1564 4174 1577 4214; x_wconf 91' lang='lat'><strong>:</strong></span> <span class='ocrx_word' id='word_1_580' title='bbox 1605 4170 1977 4234; x_wconf 61' lang='lat' dir='ltr'><strong>quaicunque</strong></span> <span class='ocrx_word' id='word_1_581' title='bbox 2061 4152 2378 4230; x_wconf 87' lang='lat' dir='ltr'><strong>cessarius,</strong></span> <span class='ocrx_word' id='word_1_582' title='bbox 2399 4173 2575 4232; x_wconf 85' lang='lat' dir='ltr'><strong>quem</strong></span> <span class='ocrx_word' id='word_1_583' title='bbox 2611 4153 2935 4218; x_wconf 86' lang='lat' dir='ltr'><strong>Cherubim</strong></span> <span class='ocrx_word' id='word_1_584' title='bbox 2959 4163 3242 4230; x_wconf 89' lang='lat' dir='ltr'><strong>tremunt,</strong></span> <span class='ocrx_word' id='word_1_585' title='bbox 3268 4164 3489 4216; x_wconf 91' lang='lat' dir='ltr'><strong>tantum</strong></span> <span class='ocrx_word' id='word_1_586' title='bbox 3514 4155 3706 4240; x_wconf 85' lang='lat' dir='ltr'><strong>abest,</strong></span> 
     </span>
    </p>
   </div>
   <div class='ocr_carea' id='block_1_71' title="bbox 302 4241 3704 4325">
    <p class='ocr_par' dir='ltr' id='par_1_71' title="bbox 302 4241 3704 4325">
     <span class='ocr_line' id='line_1_71' title="bbox 302 4241 3704 4325; baseline 0.001 -19"><span class='ocrx_word' id='word_1_587' title='bbox 302 4255 515 4306; x_wconf 88' lang='lat' dir='ltr'><strong>autem</strong></span> <span class='ocrx_word' id='word_1_588' title='bbox 579 4246 779 4307; x_wconf 89' lang='lat' dir='ltr'><strong>divina</strong></span> <span class='ocrx_word' id='word_1_589' title='bbox 840 4255 898 4308; x_wconf 92' lang='lat' dir='ltr'><strong>et</strong></span> <span class='ocrx_word' id='word_1_590' title='bbox 954 4247 1231 4309; x_wconf 87' lang='lat' dir='ltr'><strong>salutaria</strong></span> <span class='ocrx_word' id='word_1_591' title='bbox 1291 4256 1452 4321; x_wconf 90' lang='lat' dir='ltr'><strong>sunt,</strong></span> <span class='ocrx_word' id='word_1_592' title='bbox 1515 4246 1662 4306; x_wconf 86' lang='lat' dir='ltr'><strong>citra</strong></span> <span class='ocrx_word' id='word_1_593' title='bbox 1719 4243 1978 4325; x_wconf 90' lang='lat' dir='ltr'><strong>Spiritus</strong></span> <span class='ocrx_word' id='word_1_594' title='bbox 2061 4251 2124 4302; x_wconf 90' lang='lat' dir='ltr'><strong>ut</strong></span> <span class='ocrx_word' id='word_1_595' title='bbox 2154 4241 2376 4322; x_wconf 90' lang='lat' dir='ltr'><strong>aliquid</strong></span> <span class='ocrx_word' id='word_1_596' title='bbox 2406 4244 2729 4317; x_wconf 91' lang='lat' dir='ltr'><strong>commodi,</strong></span> <span class='ocrx_word' id='word_1_597' title='bbox 2757 4253 2820 4306; x_wconf 92' lang='lat' dir='ltr'><strong>ut</strong></span> <span class='ocrx_word' id='word_1_598' title='bbox 2851 4243 3048 4325; x_wconf 91' lang='lat' dir='ltr'><strong>potius</strong></span> <span class='ocrx_word' id='word_1_599' title='bbox 3094 4243 3563 4324; x_wconf 83' lang='lat' dir='ltr'><strong>incomparabile</strong></span> <span class='ocrx_word' id='word_1_600' title='bbox 3593 4245 3704 4308; x_wconf 90' lang='lat' dir='ltr'><strong>de-</strong></span> 
     </span>
    </p>
   </div>
   <div class='ocr_carea' id='block_1_72' title="bbox 300 4334 1974 4417">
    <p class='ocr_par' dir='ltr' id='par_1_72' title="bbox 300 4334 1974 4417">
     <span class='ocr_line' id='line_1_72' title="bbox 300 4334 1974 4417; baseline -0.003 -19"><span class='ocrx_word' id='word_1_601' title='bbox 300 4335 501 4398; x_wconf 88' lang='lat' dir='ltr'><strong>sancti</strong></span> <span class='ocrx_word' id='word_1_602' title='bbox 526 4334 1022 4398; x_wconf 89' lang='lat' dir='ltr'><strong>illuminationem</strong></span> <span class='ocrx_word' id='word_1_603' title='bbox 1049 4337 1476 4417; x_wconf 88' lang='lat' dir='ltr'><strong>comprehendi</strong></span> <span class='ocrx_word' id='word_1_604' title='bbox 1502 4334 1844 4414; x_wconf 89' lang='lat' dir='ltr'><strong>servarique</strong></span> <span class='ocrx_word' id='word_1_605' title='bbox 1871 4352 1974 4394; x_wconf 79' lang='lat' dir='ltr'><strong>ne-</strong></span> 
     </span>
    </p>
   </div>
   <div class='ocr_carea' id='block_1_73' title="bbox 295 4424 1967 4506">
    <p class='ocr_par' dir='ltr' id='par_1_73' title="bbox 295 4424 1967 4506">
     <span class='ocr_line' id='line_1_73' title="bbox 295 4424 1967 4506; baseline -0.002 -21"><span class='ocrx_word' id='word_1_606' title='bbox 295 4432 558 4506; x_wconf 85' lang='lat' dir='ltr'><strong>queunt.</strong></span> <span class='ocrx_word' id='word_1_607' title='bbox 582 4427 653 4487; x_wconf 89' lang='lat' dir='ltr'><strong>Et</strong></span> <span class='ocrx_word' id='word_1_608' title='bbox 674 4424 915 4504; x_wconf 91' lang='lat' dir='ltr'><strong>quidem</strong></span> <span class='ocrx_word' id='word_1_609' title='bbox 939 4426 1038 4506; x_wconf 92' lang='lat' dir='ltr'><strong>qui</strong></span> <span class='ocrx_word' id='word_1_610' title='bbox 1062 4445 1232 4488; x_wconf 84' lang='lat' dir='ltr'><strong>orare</strong></span> <span class='ocrx_word' id='word_1_611' title='bbox 1254 4436 1313 4488; x_wconf 92' lang='lat' dir='ltr'><strong>ut</strong></span> <span class='ocrx_word' id='word_1_612' title='bbox 1337 4427 1538 4497; x_wconf 84' lang='lat' dir='ltr'><strong>debet,</strong></span> <span class='ocrx_word' id='word_1_613' title='bbox 1575 4425 1822 4485; x_wconf 90' lang='lat' dir='ltr'><strong>edoctus</strong></span> <span class='ocrx_word' id='word_1_614' title='bbox 1857 4430 1967 4495; x_wconf 90' lang='lat' dir='ltr'><strong>est,</strong></span> 
     </span>
    </p>
   </div>
   <div class='ocr_carea' id='block_1_74' title="bbox 294 4511 1971 4596">
    <p class='ocr_par' dir='ltr' id='par_1_74' title="bbox 294 4511 1971 4596">
     <span class='ocr_line' id='line_1_74' title="bbox 294 4511 1971 4596; baseline -0.002 -20"><span class='ocrx_word' id='word_1_615' title='bbox 294 4523 623 4596; x_wconf 89' lang='lat' dir='ltr'><strong>tantopere</strong></span> <span class='ocrx_word' id='word_1_616' title='bbox 653 4513 926 4575; x_wconf 89' lang='lat' dir='ltr'><strong>lectionis</strong></span> <span class='ocrx_word' id='word_1_617' title='bbox 977 4535 1096 4576; x_wconf 90' lang='lat' dir='ltr'><strong>non</strong></span> <span class='ocrx_word' id='word_1_618' title='bbox 1152 4516 1462 4594; x_wconf 83' lang='lat' dir='ltr'><strong>indigebit,</strong></span> <span class='ocrx_word' id='word_1_619' title='bbox 1525 4513 1741 4574; x_wconf 74' lang='lat' dir='ltr'><strong>divinae</strong></span> <span class='ocrx_word' id='word_1_620' title='bbox 1769 4511 1971 4592; x_wconf 70' lang='lat' dir='ltr'><strong>gratiae</strong></span> 
     </span>
    </p>
   </div>
   <div class='ocr_carea' id='block_1_75' title="bbox 293 4603 1968 4686">
    <p class='ocr_par' dir='ltr' id='par_1_75' title="bbox 293 4603 1968 4686">
     <span class='ocr_line' id='line_1_75' title="bbox 293 4603 1968 4686; baseline -0.002 -20"><span class='ocrx_word' id='word_1_621' title='bbox 293 4605 508 4667; x_wconf 89' lang='lat' dir='ltr'><strong>divino</strong></span> <span class='ocrx_word' id='word_1_622' title='bbox 545 4603 770 4665; x_wconf 89' lang='lat' dir='ltr'><strong>lumine</strong></span> <span class='ocrx_word' id='word_1_623' title='bbox 799 4605 1072 4684; x_wconf 72' lang='lat' dir='ltr'><strong>replente</strong></span> <span class='ocrx_word' id='word_1_624' title='bbox 1105 4606 1239 4686; x_wconf 71' lang='lat' dir='ltr'><strong>ejus</strong></span> <span class='ocrx_word' id='word_1_625' title='bbox 1269 4612 1553 4679; x_wconf 74' lang='lat' dir='ltr'><strong>animam,</strong></span> <span class='ocrx_word' id='word_1_626' title='bbox 1589 4613 1646 4665; x_wconf 91' lang='lat' dir='ltr'><strong>et</strong></span> <span class='ocrx_word' id='word_1_627' title='bbox 1673 4623 1730 4664; x_wconf 89' lang='lat' dir='ltr'><strong>in</strong></span> <span class='ocrx_word' id='word_1_628' title='bbox 1754 4609 1968 4664; x_wconf 92' lang='lat' dir='ltr'><strong>statum</strong></span> 
     </span>
    </p>
   </div>
   <div class='ocr_carea' id='block_1_76' title="bbox 288 4693 1966 4776">
    <p class='ocr_par' dir='ltr' id='par_1_76' title="bbox 288 4693 1966 4776">
     <span class='ocr_line' id='line_1_76' title="bbox 288 4693 1966 4776; baseline -0.003 -19"><span class='ocrx_word' id='word_1_629' title='bbox 288 4699 628 4776; x_wconf 86' lang='lat' dir='ltr'><strong>quemdam</strong></span> <span class='ocrx_word' id='word_1_630' title='bbox 661 4693 1013 4755; x_wconf 84' lang='lat' dir='ltr'><strong>diviniorein</strong></span> <span class='ocrx_word' id='word_1_631' title='bbox 1047 4695 1422 4756; x_wconf 84' lang='lat' dir='ltr'><strong>immolante.</strong></span> <span class='ocrx_word' id='word_1_632' title='bbox 1459 4693 1568 4765; x_wconf 78' lang='lat' dir='ltr'><strong>Qui</strong></span> <span class='ocrx_word' id='word_1_633' title='bbox 1601 4700 1797 4754; x_wconf 88' lang='lat' dir='ltr'><strong>autem</strong></span> <span class='ocrx_word' id='word_1_634' title='bbox 1817 4711 1966 4753; x_wconf 91' lang='lat' dir='ltr'><strong>con-</strong></span> 
     </span>
    </p>
   </div>
   <div class='ocr_carea' id='block_1_77' title="bbox 290 4782 1966 4864">
    <p class='ocr_par' dir='ltr' id='par_1_77' title="bbox 290 4782 1966 4864">
     <span class='ocr_line' id='line_1_77' title="bbox 290 4782 1966 4864; baseline -0.003 -17"><span class='ocrx_word' id='word_1_635' title='bbox 290 4782 886 4847; x_wconf 62' lang='lat' dir='ltr'><strong>tinuamlectionem</strong></span> <span class='ocrx_word' id='word_1_636' title='bbox 953 4785 1140 4864; x_wconf 9' lang='lat' dir='ltr'><strong>plures</strong></span> <span class='ocrx_word' id='word_1_637' title='bbox 1197 4784 1360 4864; x_wconf 89' lang='lat' dir='ltr'><strong>facit,</strong></span> <span class='ocrx_word' id='word_1_638' title='bbox 1419 4794 1734 4863; x_wconf 88' lang='lat' dir='ltr'><strong>antequam</strong></span> <span class='ocrx_word' id='word_1_639' title='bbox 1770 4799 1966 4862; x_wconf 90' lang='lat' dir='ltr'><strong>orare,</strong></span> 
     </span>
    </p>
   </div>
   <div class='ocr_carea' id='block_1_78' title="bbox 285 4870 1968 4956">
    <p class='ocr_par' dir='ltr' id='par_1_78' title="bbox 285 4870 1968 4956">
     <span class='ocr_line' id='line_1_78' title="bbox 285 4870 1968 4956; baseline -0.002 -20"><span class='ocrx_word' id='word_1_640' title='bbox 285 4885 353 4936; x_wconf 92' lang='lat' dir='ltr'><strong>ut</strong></span> <span class='ocrx_word' id='word_1_641' title='bbox 385 4881 657 4956; x_wconf 91' lang='lat' dir='ltr'><strong>oportet,</strong></span> <span class='ocrx_word' id='word_1_642' title='bbox 691 4873 992 4947; x_wconf 89' lang='lat' dir='ltr'><strong>didicerit,</strong></span> <span class='ocrx_word' id='word_1_643' title='bbox 1028 4883 1208 4950; x_wconf 91' lang='lat' dir='ltr'><strong>errat,</strong></span> <span class='ocrx_word' id='word_1_644' title='bbox 1263 4891 1448 4954; x_wconf 87' lang='lat' dir='ltr'><strong>seque</strong></span> <span class='ocrx_word' id='word_1_645' title='bbox 1481 4873 1673 4953; x_wconf 91' lang='lat' dir='ltr'><strong>ipsum</strong></span> <span class='ocrx_word' id='word_1_646' title='bbox 1705 4889 1739 4932; x_wconf 91' lang='lat' dir='ltr'><strong>a</strong></span> <span class='ocrx_word' id='word_1_647' title='bbox 1771 4870 1968 4932; x_wconf 87' lang='lat' dir='ltr'><strong>divina</strong></span> 
     </span>
    </p>
   </div>
   <div class='ocr_carea' id='block_1_79' title="bbox 285 4960 1967 5040">
    <p class='ocr_par' dir='ltr' id='par_1_79' title="bbox 285 4960 1967 5040">
     <span class='ocr_line' id='line_1_79' title="bbox 285 4960 1967 5040; baseline -0.004 -13"><span class='ocrx_word' id='word_1_648' title='bbox 285 4965 493 5027; x_wconf 85' lang='lat' dir='ltr'><strong>salute</strong></span> <span class='ocrx_word' id='word_1_649' title='bbox 527 4960 767 5023; x_wconf 88' lang='lat' dir='ltr'><strong>abducit</strong></span> <span class='ocrx_word' id='word_1_650' title='bbox 801 4983 814 5019; x_wconf 93' lang='lat'><strong>:</strong></span> <span class='ocrx_word' id='word_1_651' title='bbox 868 4963 988 5024; x_wconf 87' lang='lat' dir='ltr'><strong>iino</strong></span> <span class='ocrx_word' id='word_1_652' title='bbox 1043 4982 1184 5024; x_wconf 89' lang='lat' dir='ltr'><strong>vero</strong></span> <span class='ocrx_word' id='word_1_653' title='bbox 1240 4981 1451 5024; x_wconf 91' lang='lat' dir='ltr'><strong>sensus</strong></span> <span class='ocrx_word' id='word_1_654' title='bbox 1482 4960 1724 5022; x_wconf 91' lang='lat' dir='ltr'><strong>omnino</strong></span> <span class='ocrx_word' id='word_1_655' title='bbox 1758 4977 1967 5040; x_wconf 84' lang='lat' dir='ltr'><strong>expers</strong></span> 
     </span>
    </p>
   </div>
   <div class='ocr_carea' id='block_1_80' title="bbox 285 5048 1964 5133">
    <p class='ocr_par' dir='ltr' id='par_1_80' title="bbox 285 5048 1964 5133">
     <span class='ocr_line' id='line_1_80' title="bbox 285 5048 1964 5133; baseline -0.005 -17"><span class='ocrx_word' id='word_1_656' title='bbox 285 5070 405 5131; x_wconf 84' lang='lat' dir='ltr'><strong>est,</strong></span> <span class='ocrx_word' id='word_1_657' title='bbox 445 5051 690 5115; x_wconf 85' lang='lat' dir='ltr'><strong>tametsi</strong></span> <span class='ocrx_word' id='word_1_658' title='bbox 724 5070 782 5111; x_wconf 90' lang='lat' dir='ltr'><strong>in</strong></span> <span class='ocrx_word' id='word_1_659' title='bbox 842 5059 962 5113; x_wconf 90' lang='lat' dir='ltr'><strong>tota</strong></span> <span class='ocrx_word' id='word_1_660' title='bbox 1012 5051 1324 5133; x_wconf 81' lang='lat' dir='ltr'><strong>Sciiptura</strong></span> <span class='ocrx_word' id='word_1_661' title='bbox 1378 5071 1546 5114; x_wconf 89' lang='lat' dir='ltr'><strong>sacra</strong></span> <span class='ocrx_word' id='word_1_662' title='bbox 1577 5048 1964 5112; x_wconf 84' lang='lat' dir='ltr'><strong>exercitatum</strong></span> 
     </span>
    </p>
   </div>
   <div class='ocr_carea' id='block_1_81' title="bbox 283 5141 1961 5225">
    <p class='ocr_par' dir='ltr' id='par_1_81' title="bbox 283 5141 1961 5225">
     <span class='ocr_line' id='line_1_81' title="bbox 283 5141 1961 5225; baseline -0.004 -19"><span class='ocrx_word' id='word_1_663' title='bbox 283 5162 378 5225; x_wconf 91' lang='lat' dir='ltr'><strong>se,</strong></span> <span class='ocrx_word' id='word_1_664' title='bbox 418 5155 487 5204; x_wconf 89' lang='lat' dir='ltr'><strong>et.</strong></span> <span class='ocrx_word' id='word_1_665' title='bbox 551 5159 677 5202; x_wconf 91' lang='lat' dir='ltr'><strong>eam</strong></span> <span class='ocrx_word' id='word_1_666' title='bbox 737 5143 993 5203; x_wconf 87' lang='lat' dir='ltr'><strong>recitare</strong></span> <span class='ocrx_word' id='word_1_667' title='bbox 1051 5143 1401 5204; x_wconf 88' lang='lat' dir='ltr'><strong>memoriter</strong></span> <span class='ocrx_word' id='word_1_668' title='bbox 1460 5159 1631 5222; x_wconf 89' lang='lat' dir='ltr'><strong>posse</strong></span> <span class='ocrx_word' id='word_1_669' title='bbox 1691 5141 1961 5200; x_wconf 88' lang='lat' dir='ltr'><strong>fateatur.</strong></span> 
     </span>
    </p>
   </div>
   <div class='ocr_carea' id='block_1_82' title="bbox 284 5227 1964 5311">
    <p class='ocr_par' dir='ltr' id='par_1_82' title="bbox 284 5227 1964 5311">
     <span class='ocr_line' id='line_1_82' title="bbox 284 5227 1964 5311; baseline -0.005 -15"><span class='ocrx_word' id='word_1_670' title='bbox 284 5233 361 5297; x_wconf 94' lang='lat' dir='ltr'><strong>Ut</strong></span> <span class='ocrx_word' id='word_1_671' title='bbox 405 5230 580 5294; x_wconf 90' lang='lat' dir='ltr'><strong>enim</strong></span> <span class='ocrx_word' id='word_1_672' title='bbox 641 5230 786 5290; x_wconf 81' lang='lat' dir='ltr'><strong>citra</strong></span> <span class='ocrx_word' id='word_1_673' title='bbox 847 5230 1104 5291; x_wconf 90' lang='lat' dir='ltr'><strong>calorem</strong></span> <span class='ocrx_word' id='word_1_674' title='bbox 1167 5231 1332 5311; x_wconf 77' lang='lat' dir='ltr'><strong>solis,</strong></span> <span class='ocrx_word' id='word_1_675' title='bbox 1393 5232 1618 5290; x_wconf 89' lang='lat' dir='ltr'><strong>fructus</strong></span> <span class='ocrx_word' id='word_1_676' title='bbox 1649 5227 1964 5309; x_wconf 89' lang='lat' dir='ltr'><strong>provenire</strong></span> 
     </span>
    </p>
   </div>
   <div class='ocr_carea' id='block_1_83' title="bbox 283 5321 1960 5404">
    <p class='ocr_par' dir='ltr' id='par_1_83' title="bbox 283 5321 1960 5404">
     <span class='ocr_line' id='line_1_83' title="bbox 283 5321 1960 5404; baseline -0.006 -16"><span class='ocrx_word' id='word_1_677' title='bbox 283 5344 412 5388; x_wconf 88' lang='lat' dir='ltr'><strong>non</strong></span> <span class='ocrx_word' id='word_1_678' title='bbox 450 5329 682 5404; x_wconf 84' lang='lat' dir='ltr'><strong>potest,</strong></span> <span class='ocrx_word' id='word_1_679' title='bbox 707 5323 810 5382; x_wconf 91' lang='lat' dir='ltr'><strong>sed</strong></span> <span class='ocrx_word' id='word_1_680' title='bbox 854 5321 1052 5384; x_wconf 90' lang='lat' dir='ltr'><strong>hieme</strong></span> <span class='ocrx_word' id='word_1_681' title='bbox 1074 5321 1314 5402; x_wconf 89' lang='lat' dir='ltr'><strong>quidem</strong></span> <span class='ocrx_word' id='word_1_682' title='bbox 1350 5321 1636 5395; x_wconf 90' lang='lat' dir='ltr'><strong>nascitur,</strong></span> <span class='ocrx_word' id='word_1_683' title='bbox 1662 5337 1800 5380; x_wconf 90' lang='lat' dir='ltr'><strong>vere</strong></span> <span class='ocrx_word' id='word_1_684' title='bbox 1832 5337 1960 5379; x_wconf 90' lang='lat' dir='ltr'><strong>ma-</strong></span> 
     </span>
    </p>
   </div>
   <div class='ocr_carea' id='block_1_84' title="bbox 2061 4328 3709 4414">
    <p class='ocr_par' dir='ltr' id='par_1_84' title="bbox 2061 4328 3709 4414">
     <span class='ocr_line' id='line_1_84' title="bbox 2061 4328 3709 4414; baseline 0.005 -27"><span class='ocrx_word' id='word_1_685' title='bbox 2061 4328 2403 4392; x_wconf 91' lang='lat' dir='ltr'><strong>trimentum</strong></span> <span class='ocrx_word' id='word_1_686' title='bbox 2437 4331 2692 4407; x_wconf 66' lang='lat' dir='ltr'><strong>aderat;</strong></span> <span class='ocrx_word' id='word_1_687' title='bbox 2755 4334 2895 4414; x_wconf 90' lang='lat' dir='ltr'><strong>quia</strong></span> <span class='ocrx_word' id='word_1_688' title='bbox 2951 4335 3137 4396; x_wconf 82' lang='lat' dir='ltr'><strong>Deum</strong></span> <span class='ocrx_word' id='word_1_689' title='bbox 3196 4339 3528 4413; x_wconf 77' lang='lat' dir='ltr'><strong>exasperat,</strong></span> <span class='ocrx_word' id='word_1_690' title='bbox 3587 4341 3709 4396; x_wconf 90' lang='lat' dir='ltr'><strong>eta</strong></span> 
     </span>
    </p>
   </div>
   <div class='ocr_carea' id='block_1_85' title="bbox 2057 4417 3703 4502">
    <p class='ocr_par' dir='ltr' id='par_1_85' title="bbox 2057 4417 3703 4502">
     <span class='ocr_line' id='line_1_85' title="bbox 2057 4417 3703 4502; baseline 0.004 -24"><span class='ocrx_word' id='word_1_691' title='bbox 2057 4417 2232 4480; x_wconf 88' lang='lat' dir='ltr'><strong>nobis</strong></span> <span class='ocrx_word' id='word_1_692' title='bbox 2265 4420 2493 4493; x_wconf 87' lang='lat' dir='ltr'><strong>avertit,</strong></span> <span class='ocrx_word' id='word_1_693' title='bbox 2531 4440 2757 4502; x_wconf 89' lang='lat' dir='ltr'><strong>nosque</strong></span> <span class='ocrx_word' id='word_1_694' title='bbox 2787 4421 2860 4483; x_wconf 92' lang='lat' dir='ltr'><strong>ab</strong></span> <span class='ocrx_word' id='word_1_695' title='bbox 2891 4422 2993 4484; x_wconf 90' lang='lat' dir='ltr'><strong>illo</strong></span> <span class='ocrx_word' id='word_1_696' title='bbox 3025 4433 3302 4502; x_wconf 88' lang='lat' dir='ltr'><strong>tanquam</strong></span> <span class='ocrx_word' id='word_1_697' title='bbox 3338 4421 3398 4482; x_wconf 92' lang='lat' dir='ltr'><strong>in</strong></span> <span class='ocrx_word' id='word_1_698' title='bbox 3430 4421 3703 4485; x_wconf 87' lang='lat' dir='ltr'><strong>exsilium</strong></span> 
     </span>
    </p>
   </div>
   <div class='ocr_carea' id='block_1_86' title="bbox 2055 4509 3706 4594">
    <p class='ocr_par' dir='ltr' id='par_1_86' title="bbox 2055 4509 3706 4594">
     <span class='ocr_line' id='line_1_86' title="bbox 2055 4509 3706 4594; baseline 0.004 -25"><span class='ocrx_word' id='word_1_699' title='bbox 2055 4509 2238 4588; x_wconf 84' lang='lat' dir='ltr'><strong>ejicit.</strong></span> <span class='ocrx_word' id='word_1_700' title='bbox 2273 4509 2568 4574; x_wconf 89' lang='lat' dir='ltr'><strong>Nimirum</strong></span> <span class='ocrx_word' id='word_1_701' title='bbox 2629 4513 3133 4593; x_wconf 90' lang='lat' dir='ltr'><strong>quemadmodum</strong></span> <span class='ocrx_word' id='word_1_702' title='bbox 3192 4531 3329 4573; x_wconf 86' lang='lat' dir='ltr'><strong>cum</strong></span> <span class='ocrx_word' id='word_1_703' title='bbox 3360 4520 3706 4594; x_wconf 89' lang='lat' dir='ltr'><strong>contemptu</strong></span> 
     </span>
    </p>
   </div>
   <div class='ocr_carea' id='block_1_87' title="bbox 2053 4600 3703 4682">
    <p class='ocr_par' dir='ltr' id='par_1_87' title="bbox 2053 4600 3703 4682">
     <span class='ocr_line' id='line_1_87' title="bbox 2053 4600 3703 4682; baseline 0.002 -22"><span class='ocrx_word' id='word_1_704' title='bbox 2053 4600 2180 4680; x_wconf 89' lang='lat' dir='ltr'><strong>regi</strong></span> <span class='ocrx_word' id='word_1_705' title='bbox 2205 4611 2493 4663; x_wconf 89' lang='lat' dir='ltr'><strong>astantem</strong></span> <span class='ocrx_word' id='word_1_706' title='bbox 2528 4604 2814 4665; x_wconf 90' lang='lat' dir='ltr'><strong>satellites</strong></span> <span class='ocrx_word' id='word_1_707' title='bbox 2841 4601 3002 4682; x_wconf 86' lang='lat' dir='ltr'><strong>regis</strong></span> <span class='ocrx_word' id='word_1_708' title='bbox 3050 4601 3372 4682; x_wconf 88' lang='lat' dir='ltr'><strong>abripiunt,</strong></span> <span class='ocrx_word' id='word_1_709' title='bbox 3405 4609 3464 4663; x_wconf 90' lang='lat' dir='ltr'><strong>et</strong></span> <span class='ocrx_word' id='word_1_710' title='bbox 3491 4619 3526 4662; x_wconf 92' lang='lat' dir='ltr'><strong>a</strong></span> <span class='ocrx_word' id='word_1_711' title='bbox 3553 4621 3703 4664; x_wconf 92' lang='lat' dir='ltr'><strong>con-</strong></span> 
     </span>
    </p>
   </div>
   <div class='ocr_carea' id='block_1_88' title="bbox 2053 4689 3702 4772">
    <p class='ocr_par' dir='ltr' id='par_1_88' title="bbox 2053 4689 3702 4772">
     <span class='ocr_line' id='line_1_88' title="bbox 2053 4689 3702 4772; baseline 0.003 -23"><span class='ocrx_word' id='word_1_712' title='bbox 2053 4699 2258 4770; x_wconf 78' lang='lat' dir='ltr'><strong>spectu</strong></span> <span class='ocrx_word' id='word_1_713' title='bbox 2283 4692 2412 4770; x_wconf 90' lang='lat' dir='ltr'><strong>ejus</strong></span> <span class='ocrx_word' id='word_1_714' title='bbox 2433 4691 2775 4770; x_wconf 83' lang='lat' dir='ltr'><strong>exturbant,</strong></span> <span class='ocrx_word' id='word_1_715' title='bbox 2801 4693 2980 4772; x_wconf 89' lang='lat' dir='ltr'><strong>idque</strong></span> <span class='ocrx_word' id='word_1_716' title='bbox 2992 4709 3096 4753; x_wconf 80' lang='lat' dir='ltr'><strong>rex</strong></span> <span class='ocrx_word' id='word_1_717' title='bbox 3118 4689 3361 4752; x_wconf 91' lang='lat' dir='ltr'><strong>minime</strong></span> <span class='ocrx_word' id='word_1_718' title='bbox 3378 4691 3702 4771; x_wconf 83' lang='lat' dir='ltr'><strong>reprehen-</strong></span> 
     </span>
    </p>
   </div>
   <div class='ocr_carea' id='block_1_89' title="bbox 2052 4778 3701 4860">
    <p class='ocr_par' dir='ltr' id='par_1_89' title="bbox 2052 4778 3701 4860">
     <span class='ocr_line' id='line_1_89' title="bbox 2052 4778 3701 4860; baseline 0.002 -20"><span class='ocrx_word' id='word_1_719' title='bbox 2052 4778 2190 4842; x_wconf 88' lang='lat' dir='ltr'><strong>dit:</strong></span> <span class='ocrx_word' id='word_1_720' title='bbox 2253 4779 2340 4843; x_wconf 90' lang='lat' dir='ltr'><strong>sic</strong></span> <span class='ocrx_word' id='word_1_721' title='bbox 2395 4781 2590 4860; x_wconf 89' lang='lat' dir='ltr'><strong>angeli</strong></span> <span class='ocrx_word' id='word_1_722' title='bbox 2647 4781 2780 4859; x_wconf 89' lang='lat' dir='ltr'><strong>Dei,</strong></span> <span class='ocrx_word' id='word_1_723' title='bbox 2843 4789 3104 4843; x_wconf 91' lang='lat' dir='ltr'><strong>mentem</strong></span> <span class='ocrx_word' id='word_1_724' title='bbox 3161 4783 3545 4860; x_wconf 78' lang='lat' dir='ltr'><strong>contemptim</strong></span> <span class='ocrx_word' id='word_1_725' title='bbox 3576 4779 3701 4843; x_wconf 92' lang='lat' dir='ltr'><strong>Deo</strong></span> 
     </span>
    </p>
   </div>
   <div class='ocr_carea' id='block_1_90' title="bbox 2053 4868 3700 4950">
    <p class='ocr_par' dir='ltr' id='par_1_90' title="bbox 2053 4868 3700 4950">
     <span class='ocr_line' id='line_1_90' title="bbox 2053 4868 3700 4950; baseline 0.002 -22"><span class='ocrx_word' id='word_1_726' title='bbox 2053 4869 2352 4930; x_wconf 89' lang='lat' dir='ltr'><strong>astantisa</strong></span> <span class='ocrx_word' id='word_1_727' title='bbox 2375 4870 2479 4932; x_wconf 89' lang='lat' dir='ltr'><strong>Dei</strong></span> <span class='ocrx_word' id='word_1_728' title='bbox 2502 4869 2835 4933; x_wconf 89' lang='lat' dir='ltr'><strong>visitatione</strong></span> <span class='ocrx_word' id='word_1_729' title='bbox 2869 4870 3139 4950; x_wconf 88' lang='lat' dir='ltr'><strong>ejiciunt,</strong></span> <span class='ocrx_word' id='word_1_730' title='bbox 3173 4887 3354 4949; x_wconf 91' lang='lat' dir='ltr'><strong>quam</strong></span> <span class='ocrx_word' id='word_1_731' title='bbox 3387 4868 3700 4932; x_wconf 87' lang='lat' dir='ltr'><strong>confestim</strong></span> 
     </span>
    </p>
   </div>
   <div class='ocr_carea' id='block_1_91' title="bbox 2049 4957 3703 5041">
    <p class='ocr_par' dir='ltr' id='par_1_91' title="bbox 2049 4957 3703 5041">
     <span class='ocr_line' id='line_1_91' title="bbox 2049 4957 3703 5041; baseline 0.002 -23"><span class='ocrx_word' id='word_1_732' title='bbox 2049 4957 2352 5020; x_wconf 85' lang='lat' dir='ltr'><strong>daemones</strong></span> <span class='ocrx_word' id='word_1_733' title='bbox 2365 4969 2690 5041; x_wconf 85' lang='lat' dir='ltr'><strong>arreptam,</strong></span> <span class='ocrx_word' id='word_1_734' title='bbox 2710 4961 2932 5041; x_wconf 89' lang='lat' dir='ltr'><strong>majore</strong></span> <span class='ocrx_word' id='word_1_735' title='bbox 2944 4958 3296 5022; x_wconf 83' lang='lat' dir='ltr'><strong>auctoritate</strong></span> <span class='ocrx_word' id='word_1_736' title='bbox 3311 4958 3703 5040; x_wconf 86' lang='lat' dir='ltr'><strong>lihertateque</strong></span> 
     </span>
    </p>
   </div>
   <div class='ocr_carea' id='block_1_92' title="bbox 2048 5046 3703 5129">
    <p class='ocr_par' dir='ltr' id='par_1_92' title="bbox 2048 5046 3703 5129">
     <span class='ocr_line' id='line_1_92' title="bbox 2048 5046 3703 5129; baseline 0.001 -22"><span class='ocrx_word' id='word_1_737' title='bbox 2048 5046 2216 5126; x_wconf 91' lang='lat' dir='ltr'><strong>(quia</strong></span> <span class='ocrx_word' id='word_1_738' title='bbox 2242 5047 2400 5108; x_wconf 77' lang='lat' dir='ltr'><strong>Velut</strong></span> <span class='ocrx_word' id='word_1_739' title='bbox 2423 5048 2862 5129; x_wconf 89' lang='lat' dir='ltr'><strong>alupanariaut</strong></span> <span class='ocrx_word' id='word_1_740' title='bbox 2880 5061 3168 5129; x_wconf 81' lang='lat' dir='ltr'><strong>caupona)</strong></span> <span class='ocrx_word' id='word_1_741' title='bbox 3205 5047 3529 5128; x_wconf 90' lang='lat' dir='ltr'><strong>imperiose</strong></span> <span class='ocrx_word' id='word_1_742' title='bbox 3551 5067 3703 5124; x_wconf 88' lang='lat' dir='ltr'><strong>quo-</strong></span> 
     </span>
    </p>
   </div>
   <div class='ocr_carea' id='block_1_93' title="bbox 2048 5135 3699 5218">
    <p class='ocr_par' dir='ltr' id='par_1_93' title="bbox 2048 5135 3699 5218">
     <span class='ocr_line' id='line_1_93' title="bbox 2048 5135 3699 5218; baseline 0.001 -22"><span class='ocrx_word' id='word_1_743' title='bbox 2048 5136 2220 5212; x_wconf 89' lang='lat' dir='ltr'><strong>iibet,</strong></span> <span class='ocrx_word' id='word_1_744' title='bbox 2254 5135 2380 5199; x_wconf 91' lang='lat' dir='ltr'><strong>sive</strong></span> <span class='ocrx_word' id='word_1_745' title='bbox 2412 5144 2484 5198; x_wconf 91' lang='lat' dir='ltr'><strong>ad</strong></span> <span class='ocrx_word' id='word_1_746' title='bbox 2519 5139 2711 5218; x_wconf 89' lang='lat' dir='ltr'><strong>turpia</strong></span> <span class='ocrx_word' id='word_1_747' title='bbox 2743 5146 2801 5201; x_wconf 92' lang='lat' dir='ltr'><strong>et</strong></span> <span class='ocrx_word' id='word_1_748' title='bbox 2830 5138 3104 5212; x_wconf 89' lang='lat' dir='ltr'><strong>nefanda,</strong></span> <span class='ocrx_word' id='word_1_749' title='bbox 3141 5137 3264 5197; x_wconf 90' lang='lat' dir='ltr'><strong>sive</strong></span> <span class='ocrx_word' id='word_1_750' title='bbox 3302 5135 3374 5196; x_wconf 90' lang='lat' dir='ltr'><strong>ad</strong></span> <span class='ocrx_word' id='word_1_751' title='bbox 3405 5136 3699 5216; x_wconf 89' lang='lat' dir='ltr'><strong>improba,</strong></span> 
     </span>
    </p>
   </div>
   <div class='ocr_carea' id='block_1_94' title="bbox 2050 5223 3698 5304">
    <p class='ocr_par' dir='ltr' id='par_1_94' title="bbox 2050 5223 3698 5304">
     <span class='ocr_line' id='line_1_94' title="bbox 2050 5223 3698 5304; baseline 0 -19"><span class='ocrx_word' id='word_1_752' title='bbox 2050 5232 2171 5286; x_wconf 79' lang='lat' dir='ltr'><strong>sive</strong></span> <span class='ocrx_word' id='word_1_753' title='bbox 2190 5225 2260 5287; x_wconf 85' lang='lat' dir='ltr'><strong>ad</strong></span> <span class='ocrx_word' id='word_1_754' title='bbox 2285 5244 2432 5286; x_wconf 86' lang='lat' dir='ltr'><strong>vana</strong></span> <span class='ocrx_word' id='word_1_755' title='bbox 2453 5235 2510 5287; x_wconf 92' lang='lat' dir='ltr'><strong>et</strong></span> <span class='ocrx_word' id='word_1_756' title='bbox 2540 5227 2741 5289; x_wconf 90' lang='lat' dir='ltr'><strong>inania</strong></span> <span class='ocrx_word' id='word_1_757' title='bbox 2769 5227 3098 5289; x_wconf 87' lang='lat' dir='ltr'><strong>ductitant:</strong></span> <span class='ocrx_word' id='word_1_758' title='bbox 3137 5235 3196 5286; x_wconf 91' lang='lat' dir='ltr'><strong>et</strong></span> <span class='ocrx_word' id='word_1_759' title='bbox 3227 5243 3420 5304; x_wconf 90' lang='lat' dir='ltr'><strong>neque</strong></span> <span class='ocrx_word' id='word_1_760' title='bbox 3452 5223 3553 5304; x_wconf 90' lang='lat' dir='ltr'><strong>qui</strong></span> <span class='ocrx_word' id='word_1_761' title='bbox 3587 5243 3698 5304; x_wconf 90' lang='lat' dir='ltr'><strong>pa-</strong></span> 
     </span>
    </p>
   </div>
   <div class='ocr_carea' id='block_1_95' title="bbox 2047 5313 3701 5398">
    <p class='ocr_par' dir='ltr' id='par_1_95' title="bbox 2047 5313 3701 5398">
     <span class='ocr_line' id='line_1_95' title="bbox 2047 5313 3701 5398; baseline 0.001 -24"><span class='ocrx_word' id='word_1_762' title='bbox 2047 5314 2194 5376; x_wconf 89' lang='lat' dir='ltr'><strong>titur</strong></span> <span class='ocrx_word' id='word_1_763' title='bbox 2221 5315 2665 5391; x_wconf 78' lang='lat' dir='ltr'><strong>animadvertit,</strong></span> <span class='ocrx_word' id='word_1_764' title='bbox 2701 5336 2896 5398; x_wconf 91' lang='lat' dir='ltr'><strong>neque</strong></span> <span class='ocrx_word' id='word_1_765' title='bbox 2948 5315 3106 5377; x_wconf 89' lang='lat' dir='ltr'><strong>Deus</strong></span> <span class='ocrx_word' id='word_1_766' title='bbox 3156 5313 3391 5395; x_wconf 78' lang='lat' dir='ltr'><strong>liberat,</strong></span> <span class='ocrx_word' id='word_1_767' title='bbox 3419 5313 3701 5395; x_wconf 90' lang='lat' dir='ltr'><strong>quoniam</strong></span> 
     </span>
    </p>
   </div>
   <div class='ocr_carea' id='block_1_96' title="bbox 284 5403 3700 5494">
    <p class='ocr_par' dir='ltr' id='par_1_96' title="bbox 284 5403 3700 5494">
     <span class='ocr_line' id='line_1_96' title="bbox 284 5403 3700 5494; baseline -0.005 -13"><span class='ocrx_word' id='word_1_768' title='bbox 284 5403 615 5481; x_wconf 62' lang='lat' dir='ltr'><strong>turescere</strong></span> <span class='ocrx_word' id='word_1_769' title='bbox 649 5413 882 5494; x_wconf 89' lang='lat' dir='ltr'><strong>incipit,</strong></span> <span class='ocrx_word' id='word_1_770' title='bbox 914 5414 1128 5494; x_wconf 89' lang='lat' dir='ltr'><strong>frigore</strong></span> <span class='ocrx_word' id='word_1_771' title='bbox 1148 5422 1342 5475; x_wconf 86' lang='lat' dir='ltr'><strong>autem</strong></span> <span class='ocrx_word' id='word_1_772' title='bbox 1369 5413 1658 5487; x_wconf 88' lang='lat' dir='ltr'><strong>nascitur,</strong></span> <span class='ocrx_word' id='word_1_773' title='bbox 1683 5429 1820 5472; x_wconf 90' lang='lat' dir='ltr'><strong>vere</strong></span> <span class='ocrx_word' id='word_1_774' title='bbox 1843 5430 1964 5472; x_wconf 89' lang='lat' dir='ltr'><strong>ma—</strong></span> <span class='ocrx_word' id='word_1_775' title='bbox 2044 5403 2302 5484; x_wconf 85' lang='lat' dir='ltr'><strong>ipsemet</strong></span> <span class='ocrx_word' id='word_1_776' title='bbox 2333 5414 2571 5486; x_wconf 84' lang='lat' dir='ltr'><strong>spretus</strong></span> <span class='ocrx_word' id='word_1_777' title='bbox 2601 5415 2779 5487; x_wconf 79' lang='lat' dir='ltr'><strong>atque</strong></span> <span class='ocrx_word' id='word_1_778' title='bbox 2808 5413 3185 5484; x_wconf 88' lang='lat' dir='ltr'><strong>contemptus</strong></span> <span class='ocrx_word' id='word_1_779' title='bbox 3214 5411 3324 5466; x_wconf 90' lang='lat' dir='ltr'><strong>est.</strong></span> <span class='ocrx_word' id='word_1_780' title='bbox 3362 5405 3516 5483; x_wconf 84' lang='lat' dir='ltr'><strong>Lege</strong></span> <span class='ocrx_word' id='word_1_781' title='bbox 3540 5403 3700 5466; x_wconf 91' lang='lat' dir='ltr'><strong>enim</strong></span> 
     </span>
    </p>
   </div>
   <div class='ocr_carea' id='block_1_97' title="bbox 283 5501 1959 5585">
    <p class='ocr_par' dir='ltr' id='par_1_97' title="bbox 283 5501 1959 5585">
     <span class='ocr_line' id='line_1_97' title="bbox 283 5501 1959 5585; baseline -0.005 -16"><span class='ocrx_word' id='word_1_782' title='bbox 283 5516 617 5569; x_wconf 87' lang='lat' dir='ltr'><strong>turescere</strong></span> <span class='ocrx_word' id='word_1_783' title='bbox 642 5503 876 5585; x_wconf 84' lang='lat' dir='ltr'><strong>ineipit,</strong></span> <span class='ocrx_word' id='word_1_784' title='bbox 912 5504 1129 5583; x_wconf 83' lang='lat' dir='ltr'><strong>frigore</strong></span> <span class='ocrx_word' id='word_1_785' title='bbox 1185 5513 1383 5565; x_wconf 88' lang='lat' dir='ltr'><strong>autem</strong></span> <span class='ocrx_word' id='word_1_786' title='bbox 1436 5508 1856 5584; x_wconf 89' lang='lat' dir='ltr'><strong>perseverante</strong></span> <span class='ocrx_word' id='word_1_787' title='bbox 1886 5501 1959 5562; x_wconf 87' lang='lat' dir='ltr'><strong>ad</strong></span> 
     </span>
    </p>
   </div>
   <div class='ocr_carea' id='block_1_98' title="bbox 2045 5497 3706 5572">
    <p class='ocr_par' dir='ltr' id='par_1_98' title="bbox 2045 5497 3706 5572">
     <span class='ocr_line' id='line_1_98' title="bbox 2045 5497 3706 5572; baseline -0.001 -12"><span class='ocrx_word' id='word_1_788' title='bbox 2045 5498 2125 5560; x_wconf 86' lang='lat' dir='ltr'><strong>ita</strong></span> <span class='ocrx_word' id='word_1_789' title='bbox 2156 5497 2350 5558; x_wconf 88' lang='lat' dir='ltr'><strong>sanxit</strong></span> <span class='ocrx_word' id='word_1_790' title='bbox 2374 5517 2387 5560; x_wconf 89' lang='lat'><strong>:</strong></span> <span class='ocrx_word' id='word_1_791' title='bbox 2409 5500 2654 5561; x_wconf 73' lang='lat' dir='ltr'><strong>Sereite</strong></span> <span class='ocrx_word' id='word_1_792' title='bbox 2677 5499 2943 5563; x_wconf 81' lang='lat' dir='ltr'><strong>Domino</strong></span> <span class='ocrx_word' id='word_1_793' title='bbox 2968 5501 3032 5561; x_wconf 84' lang='lat' dir='ltr'><strong>in</strong></span> <span class='ocrx_word' id='word_1_794' title='bbox 3050 5499 3286 5572; x_wconf 81' lang='lat' dir='ltr'><strong>timore,</strong></span> <span class='ocrx_word' id='word_1_795' title='bbox 3318 5504 3379 5559; x_wconf 83' lang='lat' dir='ltr'><strong>et</strong></span> <span class='ocrx_word' id='word_1_796' title='bbox 3400 5499 3706 5559; x_wconf 70' lang='lat' dir='ltr'><strong>exsatiate</strong></span> 
     </span>
    </p>
   </div>
   <div class='ocr_carea' id='block_1_99' title="bbox 366 5672 3706 5784">
    <p class='ocr_par' dir='ltr' id='par_1_99' title="bbox 366 5672 3706 5784">
     <span class='ocr_line' id='line_1_99' title="bbox 366 5672 3706 5784; baseline -0.001 -25"><span class='ocrx_word' id='word_1_797' title='bbox 366 5701 433 5784; x_wconf 67' lang='lat'><strong>83</strong></span> <span class='ocrx_word' id='word_1_798' title='bbox 463 5699 616 5784; x_wconf 73' lang='lat' dir='ltr'><strong>Luc.</strong></span> <span class='ocrx_word' id='word_1_799' title='bbox 646 5696 892 5784; x_wconf 38' lang='grc' dir='ltr'><strong>κυλλῇ.</strong></span> <span class='ocrx_word' id='word_1_800' title='bbox 977 5672 1215 5764; x_wconf 67' lang='grc' dir='ltr'><strong>εὖιιιὰ.</strong></span> <span class='ocrx_word' id='word_1_801' title='bbox 1247 5712 1394 5775; x_wconf 86' lang='lat' dir='ltr'><strong>xvu,</strong></span> <span class='ocrx_word' id='word_1_802' title='bbox 1426 5695 1526 5758; x_wconf 74' lang='lat' dir='ltr'><strong>to.</strong></span> <span class='ocrx_word' id='word_1_803' title='bbox 1611 5695 1676 5749; x_wconf 79' lang='grc'><strong>84</strong></span> <span class='ocrx_word' id='word_1_804' title='bbox 1713 5694 1921 5764; x_wconf 86' lang='lat' dir='ltr'><strong>Matth.</strong></span> <span class='ocrx_word' id='word_1_805' title='bbox 1962 5711 2068 5775; x_wconf 85' lang='lat' dir='ltr'><strong>vn,</strong></span> <span class='ocrx_word' id='word_1_806' title='bbox 2116 5693 2218 5760; x_wconf 75' lang='lat'><strong>14.</strong></span> <span class='ocrx_word' id='word_1_807' title='bbox 2302 5694 2368 5747; x_wconf 71' lang='lat'><strong>85</strong></span> <span class='ocrx_word' id='word_1_808' title='bbox 2415 5695 2642 5779; x_wconf 84' lang='lat' dir='ltr'><strong>Ephes.</strong></span> <span class='ocrx_word' id='word_1_809' title='bbox 2695 5717 2760 5784; x_wconf 84' lang='lat' dir='ltr'><strong>y,</strong></span> <span class='ocrx_word' id='word_1_810' title='bbox 2806 5698 2864 5777; x_wconf 83' lang='lat' dir='ltr'><strong>t,</strong></span> <span class='ocrx_word' id='word_1_811' title='bbox 2914 5713 3086 5779; x_wconf 85' lang='lat' dir='ltr'><strong>seqq.</strong></span> <span class='ocrx_word' id='word_1_812' title='bbox 3168 5692 3234 5748; x_wconf 74' lang='lat'><strong>83</strong></span> <span class='ocrx_word' id='word_1_813' title='bbox 3278 5694 3426 5762; x_wconf 89' lang='lat' dir='ltr'><strong>Luc.</strong></span> <span class='ocrx_word' id='word_1_814' title='bbox 3475 5709 3561 5772; x_wconf 78' lang='lat' dir='ltr'><strong>vr,</strong></span> <span class='ocrx_word' id='word_1_815' title='bbox 3593 5694 3706 5759; x_wconf 78' lang='lat'><strong>45..</strong></span> 
     </span>
    </p>
   </div>
   <div class='ocr_carea' id='block_1_100' title="bbox 275 5781 855 5864">
    <p class='ocr_par' dir='ltr' id='par_1_100' title="bbox 275 5781 855 5864">
     <span class='ocr_line' id='line_1_100' title="bbox 275 5781 855 5864; baseline -0.005 -17"><span class='ocrx_word' id='word_1_816' title='bbox 275 5781 346 5835; x_wconf 77' lang='grc'><strong>87</strong></span> <span class='ocrx_word' id='word_1_817' title='bbox 375 5782 618 5864; x_wconf 77' lang='lat' dir='ltr'><strong>Ephes.</strong></span> <span class='ocrx_word' id='word_1_818' title='bbox 651 5795 734 5861; x_wconf 74' lang='lat' dir='ltr'><strong>vi,</strong></span> <span class='ocrx_word' id='word_1_819' title='bbox 755 5781 855 5844; x_wconf 77' lang='lat' dir='ltr'><strong>t2.</strong></span> 
     </span>
    </p>
   </div>
  </div>
