  <div class='ocr_page' id='page_1' title='image "/cluster/home/n/w/nwhite01/storage/ocr_20150623/120/coo.31924054870245/201.png"; bbox 0 0 4160 6402; ppageno 0'>
   <div class='ocr_carea' id='block_1_1' title="bbox 417 334 535 404">
    <p class='ocr_par' dir='ltr' id='par_1_1' title="bbox 417 334 535 404">
     <span class='ocr_line' id='line_1_1' title="bbox 417 334 535 404; baseline 0.017 -2"><span class='ocrx_word' id='word_1_1' title='bbox 417 334 535 404; x_wconf 79' lang='lat'><strong>387</strong></span> 
     </span>
    </p>
   </div>
   <div class='ocr_carea' id='block_1_2' title="bbox 1731 340 2501 409">
    <p class='ocr_par' dir='ltr' id='par_1_2' title="bbox 1731 340 2501 409">
     <span class='ocr_line' id='line_1_2' title="bbox 1731 340 2501 409; baseline 0.005 -4"><span class='ocrx_word' id='word_1_2' title='bbox 1731 340 2111 408; x_wconf 82' lang='lat' dir='ltr'><strong>SYMEONIS</strong></span> <span class='ocrx_word' id='word_1_3' title='bbox 2126 400 2130 404; x_wconf 90' lang='lat'><strong>.</strong></span> <span class='ocrx_word' id='word_1_4' title='bbox 2148 341 2501 409; x_wconf 76' lang='lat' dir='ltr'><strong>IUNIORIS</strong></span> 
     </span>
    </p>
   </div>
   <div class='ocr_carea' id='block_1_3' title="bbox 3692 342 3812 412">
    <p class='ocr_par' dir='ltr' id='par_1_3' title="bbox 3692 342 3812 412">
     <span class='ocr_line' id='line_1_3' title="bbox 3692 342 3812 412; baseline -0.008 0"><span class='ocrx_word' id='word_1_5' title='bbox 3692 342 3812 412; x_wconf 79' lang='lat'><strong>388</strong></span> 
     </span>
    </p>
   </div>
   <div class='ocr_carea' id='block_1_4' title="bbox 426 475 3810 562">
    <p class='ocr_par' dir='ltr' id='par_1_4' title="bbox 426 475 3810 562">
     <span class='ocr_line' id='line_1_4' title="bbox 426 475 3810 562; baseline 0 -21"><span class='ocrx_word' id='word_1_6' title='bbox 426 483 488 541; x_wconf 78' lang='lat' dir='ltr'><strong>ei</strong></span> <span class='ocrx_word' id='word_1_7' title='bbox 510 496 646 541; x_wconf 89' lang='lat' dir='ltr'><strong>cum</strong></span> <span class='ocrx_word' id='word_1_8' title='bbox 680 486 941 543; x_wconf 75' lang='lat' dir='ltr'><strong>tremore</strong></span> <span class='ocrx_word' id='word_1_9' title='bbox 975 477 1061 540; x_wconf 78' lang='grc'><strong>88.</strong></span> <span class='ocrx_word' id='word_1_10' title='bbox 1094 476 1464 559; x_wconf 84' lang='lat' dir='ltr'><strong>Quapropter</strong></span> <span class='ocrx_word' id='word_1_11' title='bbox 1490 477 1722 539; x_wconf 89' lang='lat' dir='ltr'><strong>homini</strong></span> <span class='ocrx_word' id='word_1_12' title='bbox 1761 478 1861 540; x_wconf 90' lang='lat' dir='ltr'><strong>tali</strong></span> <span class='ocrx_word' id='word_1_13' title='bbox 1893 477 2077 539; x_wconf 91' lang='lat' dir='ltr'><strong>multo</strong></span> <span class='ocrx_word' id='word_1_14' title='bbox 2097 490 2141 540; x_wconf 77' lang='grc' dir='ltr'><strong>Α</strong></span> <span class='ocrx_word' id='word_1_15' title='bbox 2163 475 2338 538; x_wconf 91' lang='lat' dir='ltr'><strong>nibus</strong></span> <span class='ocrx_word' id='word_1_16' title='bbox 2369 475 2813 539; x_wconf 83' lang='lat' dir='ltr'><strong>sanctiﬁcentur</strong></span> <span class='ocrx_word' id='word_1_17' title='bbox 2844 497 2858 541; x_wconf 92' lang='lat'>:</span> <span class='ocrx_word' id='word_1_18' title='bbox 2919 485 2984 539; x_wconf 91' lang='lat' dir='ltr'><strong>ut</strong></span> <span class='ocrx_word' id='word_1_19' title='bbox 3013 476 3091 540; x_wconf 92' lang='lat' dir='ltr'><strong>de</strong></span> <span class='ocrx_word' id='word_1_20' title='bbox 3147 485 3364 543; x_wconf 70' lang='lat' dir='ltr'><strong>caetero</strong></span> <span class='ocrx_word' id='word_1_21' title='bbox 3421 479 3660 562; x_wconf 79' lang='lat' dir='ltr'><strong>penitus</strong></span> <span class='ocrx_word' id='word_1_22' title='bbox 3687 498 3810 542; x_wconf 90' lang='lat' dir='ltr'><strong>non</strong></span> 
     </span>
    </p>
   </div>
   <div class='ocr_carea' id='block_1_5' title="bbox 425 568 2076 648">
    <p class='ocr_par' dir='ltr' id='par_1_5' title="bbox 425 568 2076 648">
     <span class='ocr_line' id='line_1_5' title="bbox 425 568 2076 648; baseline -0.001 -19"><span class='ocrx_word' id='word_1_23' title='bbox 425 580 550 631; x_wconf 80' lang='lat' dir='ltr'><strong>erat</strong></span> <span class='ocrx_word' id='word_1_24' title='bbox 596 569 833 642; x_wconf 90' lang='lat' dir='ltr'><strong>melius,</strong></span> <span class='ocrx_word' id='word_1_25' title='bbox 878 568 927 630; x_wconf 91' lang='lat' dir='ltr'><strong>si</strong></span> <span class='ocrx_word' id='word_1_26' title='bbox 977 587 1094 629; x_wconf 93' lang='lat' dir='ltr'><strong>non</strong></span> <span class='ocrx_word' id='word_1_27' title='bbox 1137 568 1443 648; x_wconf 85' lang='lat' dir='ltr'><strong>psalleret.</strong></span> <span class='ocrx_word' id='word_1_28' title='bbox 1478 571 1791 631; x_wconf 75' lang='lat' dir='ltr'><strong>Dzemones</strong></span> <span class='ocrx_word' id='word_1_29' title='bbox 1821 585 2076 648; x_wconf 89' lang='lat' dir='ltr'><strong>namque</strong></span> 
     </span>
    </p>
   </div>
   <div class='ocr_carea' id='block_1_6' title="bbox 419 655 2074 738">
    <p class='ocr_par' dir='ltr' id='par_1_6' title="bbox 419 655 2074 738">
     <span class='ocr_line' id='line_1_6' title="bbox 419 655 2074 738; baseline -0.001 -21"><span class='ocrx_word' id='word_1_30' title='bbox 419 655 480 718; x_wconf 91' lang='lat' dir='ltr'><strong>in</strong></span> <span class='ocrx_word' id='word_1_31' title='bbox 514 659 746 721; x_wconf 75' lang='lat' dir='ltr'><strong>caeteris</strong></span> <span class='ocrx_word' id='word_1_32' title='bbox 777 658 1038 738; x_wconf 81' lang='lat' dir='ltr'><strong>peccatis</strong></span> <span class='ocrx_word' id='word_1_33' title='bbox 1067 657 1345 718; x_wconf 84' lang='lat' dir='ltr'><strong>omnilus</strong></span> <span class='ocrx_word' id='word_1_34' title='bbox 1410 677 1524 717; x_wconf 92' lang='lat' dir='ltr'><strong>non</strong></span> <span class='ocrx_word' id='word_1_35' title='bbox 1556 675 1747 737; x_wconf 84' lang='lat' dir='ltr'><strong>aeque,</strong></span> <span class='ocrx_word' id='word_1_36' title='bbox 1782 667 1844 717; x_wconf 92' lang='lat' dir='ltr'><strong>ut</strong></span> <span class='ocrx_word' id='word_1_37' title='bbox 1874 659 1930 718; x_wconf 90' lang='lat' dir='ltr'><strong>in</strong></span> <span class='ocrx_word' id='word_1_38' title='bbox 1965 659 2074 717; x_wconf 89' lang='lat' dir='ltr'><strong>isto</strong></span> 
     </span>
    </p>
   </div>
   <div class='ocr_carea' id='block_1_7' title="bbox 421 745 2074 828">
    <p class='ocr_par' dir='ltr' id='par_1_7' title="bbox 421 745 2074 828">
     <span class='ocr_line' id='line_1_7' title="bbox 421 745 2074 828; baseline -0.002 -20"><span class='ocrx_word' id='word_1_39' title='bbox 421 757 764 828; x_wconf 88' lang='lat' dir='ltr'><strong>contemptu</strong></span> <span class='ocrx_word' id='word_1_40' title='bbox 811 750 921 812; x_wconf 88' lang='lat' dir='ltr'><strong>Dei</strong></span> <span class='ocrx_word' id='word_1_41' title='bbox 980 749 1039 809; x_wconf 92' lang='lat' dir='ltr'><strong>in</strong></span> <span class='ocrx_word' id='word_1_42' title='bbox 1074 746 1332 809; x_wconf 91' lang='lat' dir='ltr'><strong>animam</strong></span> <span class='ocrx_word' id='word_1_43' title='bbox 1365 746 1660 808; x_wconf 85' lang='lat' dir='ltr'><strong>dominari</strong></span> <span class='ocrx_word' id='word_1_44' title='bbox 1697 754 1966 826; x_wconf 89' lang='lat' dir='ltr'><strong>possunt.</strong></span> <span class='ocrx_word' id='word_1_45' title='bbox 2000 745 2074 807; x_wconf 89' lang='lat' dir='ltr'><strong>Et</strong></span> 
     </span>
    </p>
   </div>
   <div class='ocr_carea' id='block_1_8' title="bbox 422 835 2078 920">
    <p class='ocr_par' dir='ltr' id='par_1_8' title="bbox 422 835 2078 920">
     <span class='ocr_line' id='line_1_8' title="bbox 422 835 2078 920; baseline -0.002 -22"><span class='ocrx_word' id='word_1_46' title='bbox 422 855 524 899; x_wconf 84' lang='lat' dir='ltr'><strong>rex</strong></span> <span class='ocrx_word' id='word_1_47' title='bbox 560 839 801 920; x_wconf 88' lang='lat' dir='ltr'><strong>quidem</strong></span> <span class='ocrx_word' id='word_1_48' title='bbox 836 847 1112 898; x_wconf 89' lang='lat' dir='ltr'><strong>terrenus</strong></span> <span class='ocrx_word' id='word_1_49' title='bbox 1143 835 1469 914; x_wconf 71' lang='lat' dir='ltr'><strong>debitores,</strong></span> <span class='ocrx_word' id='word_1_50' title='bbox 1503 835 1726 915; x_wconf 88' lang='lat' dir='ltr'><strong>quique</strong></span> <span class='ocrx_word' id='word_1_51' title='bbox 1757 837 1817 896; x_wconf 86' lang='lat' dir='ltr'><strong>in</strong></span> <span class='ocrx_word' id='word_1_52' title='bbox 1848 853 1912 896; x_wconf 92' lang='lat' dir='ltr'><strong>se</strong></span> <span class='ocrx_word' id='word_1_53' title='bbox 1946 853 2078 915; x_wconf 91' lang='lat' dir='ltr'><strong>pec-</strong></span> 
     </span>
    </p>
   </div>
   <div class='ocr_carea' id='block_1_9' title="bbox 422 925 2072 1008">
    <p class='ocr_par' dir='ltr' id='par_1_9' title="bbox 422 925 2072 1008">
     <span class='ocr_line' id='line_1_9' title="bbox 422 925 2072 1008; baseline -0.001 -21"><span class='ocrx_word' id='word_1_54' title='bbox 422 938 652 1004; x_wconf 90' lang='lat' dir='ltr'><strong>carunt,</strong></span> <span class='ocrx_word' id='word_1_55' title='bbox 686 928 924 1008; x_wconf 89' lang='lat' dir='ltr'><strong>patitur,</strong></span> <span class='ocrx_word' id='word_1_56' title='bbox 983 933 1429 1004; x_wconf 80' lang='lat' dir='ltr'><strong>contemptores</strong></span> <span class='ocrx_word' id='word_1_57' title='bbox 1488 943 1692 986; x_wconf 87' lang='lat' dir='ltr'><strong>severe</strong></span> <span class='ocrx_word' id='word_1_58' title='bbox 1738 925 2072 986; x_wconf 76' lang='lat' dir='ltr'><strong>ulciscitur.</strong></span> 
     </span>
    </p>
   </div>
   <div class='ocr_carea' id='block_1_10' title="bbox 422 1013 2075 1095">
    <p class='ocr_par' dir='ltr' id='par_1_10' title="bbox 422 1013 2075 1095">
     <span class='ocr_line' id='line_1_10' title="bbox 422 1013 2075 1095; baseline -0.002 -18"><span class='ocrx_word' id='word_1_59' title='bbox 422 1013 617 1088; x_wconf 87' lang='lat' dir='ltr'><strong>Quare</strong></span> <span class='ocrx_word' id='word_1_60' title='bbox 648 1037 784 1079; x_wconf 89' lang='lat' dir='ltr'><strong>cum</strong></span> <span class='ocrx_word' id='word_1_61' title='bbox 815 1022 1162 1095; x_wconf 90' lang='lat' dir='ltr'><strong>contemptu</strong></span> <span class='ocrx_word' id='word_1_62' title='bbox 1195 1013 1449 1094; x_wconf 88' lang='lat' dir='ltr'><strong>psallere</strong></span> <span class='ocrx_word' id='word_1_63' title='bbox 1483 1023 1791 1093; x_wconf 88' lang='lat' dir='ltr'><strong>peccatum</strong></span> <span class='ocrx_word' id='word_1_64' title='bbox 1825 1023 1912 1075; x_wconf 91' lang='lat' dir='ltr'><strong>est</strong></span> <span class='ocrx_word' id='word_1_65' title='bbox 1942 1033 2075 1074; x_wconf 91' lang='lat' dir='ltr'><strong>om-</strong></span> 
     </span>
    </p>
   </div>
   <div class='ocr_carea' id='block_1_11' title="bbox 421 1103 2071 1184">
    <p class='ocr_par' dir='ltr' id='par_1_11' title="bbox 421 1103 2071 1184">
     <span class='ocr_line' id='line_1_11' title="bbox 421 1103 2071 1184; baseline -0.001 -20"><span class='ocrx_word' id='word_1_66' title='bbox 421 1105 583 1166; x_wconf 92' lang='lat' dir='ltr'><strong>nium</strong></span> <span class='ocrx_word' id='word_1_67' title='bbox 618 1108 960 1168; x_wconf 84' lang='lat' dir='ltr'><strong>maximum.</strong></span> <span class='ocrx_word' id='word_1_68' title='bbox 987 1103 1141 1165; x_wconf 85' lang='lat' dir='ltr'><strong>Deus</strong></span> <span class='ocrx_word' id='word_1_69' title='bbox 1172 1103 1330 1162; x_wconf 85' lang='lat' dir='ltr'><strong>enim</strong></span> <span class='ocrx_word' id='word_1_70' title='bbox 1365 1122 1500 1163; x_wconf 92' lang='lat' dir='ltr'><strong>cum</strong></span> <span class='ocrx_word' id='word_1_71' title='bbox 1534 1120 1567 1163; x_wconf 89' lang='lat' dir='ltr'><strong>a</strong></span> <span class='ocrx_word' id='word_1_72' title='bbox 1596 1121 1846 1184; x_wconf 88' lang='lat' dir='ltr'><strong>corpore</strong></span> <span class='ocrx_word' id='word_1_73' title='bbox 1868 1121 2071 1181; x_wconf 88' lang='lat' dir='ltr'><strong>segre-</strong></span> 
     </span>
    </p>
   </div>
   <div class='ocr_carea' id='block_1_12' title="bbox 425 1190 2076 1274">
    <p class='ocr_par' dir='ltr' id='par_1_12' title="bbox 425 1190 2076 1274">
     <span class='ocr_line' id='line_1_12' title="bbox 425 1190 2076 1274; baseline -0.004 -16"><span class='ocrx_word' id='word_1_74' title='bbox 425 1206 592 1274; x_wconf 84' lang='lat' dir='ltr'><strong>gatus</strong></span> <span class='ocrx_word' id='word_1_75' title='bbox 622 1197 716 1258; x_wconf 92' lang='lat' dir='ltr'><strong>sit.</strong></span> <span class='ocrx_word' id='word_1_76' title='bbox 754 1213 867 1256; x_wconf 92' lang='lat' dir='ltr'><strong>nec</strong></span> <span class='ocrx_word' id='word_1_77' title='bbox 919 1193 1108 1254; x_wconf 87' lang='lat' dir='ltr'><strong>oculis</strong></span> <span class='ocrx_word' id='word_1_78' title='bbox 1140 1190 1271 1271; x_wconf 65' lang='lat' dir='ltr'><strong>istis</strong></span> <span class='ocrx_word' id='word_1_79' title='bbox 1303 1190 1651 1272; x_wconf 82' lang='lat' dir='ltr'><strong>aspiciatur,</strong></span> <span class='ocrx_word' id='word_1_80' title='bbox 1687 1193 1864 1253; x_wconf 91' lang='lat' dir='ltr'><strong>etiam</strong></span> <span class='ocrx_word' id='word_1_81' title='bbox 1902 1192 2076 1252; x_wconf 91' lang='lat' dir='ltr'><strong>modo</strong></span> 
     </span>
    </p>
   </div>
   <div class='ocr_carea' id='block_1_13' title="bbox 423 1278 2076 1367">
    <p class='ocr_par' dir='ltr' id='par_1_13' title="bbox 423 1278 2076 1367">
     <span class='ocr_line' id='line_1_13' title="bbox 423 1278 2076 1367; baseline -0.004 -21"><span class='ocrx_word' id='word_1_82' title='bbox 423 1286 675 1367; x_wconf 90' lang='lat' dir='ltr'><strong>quodam</strong></span> <span class='ocrx_word' id='word_1_83' title='bbox 709 1285 1066 1360; x_wconf 86' lang='lat' dir='ltr'><strong>incorporea</strong></span> <span class='ocrx_word' id='word_1_84' title='bbox 1114 1290 1171 1342; x_wconf 91' lang='lat' dir='ltr'><strong>et</strong></span> <span class='ocrx_word' id='word_1_85' title='bbox 1201 1278 1419 1340; x_wconf 86' lang='lat' dir='ltr'><strong>visibiti</strong></span> <span class='ocrx_word' id='word_1_86' title='bbox 1452 1281 1686 1341; x_wconf 76' lang='lat' dir='ltr'><strong>colitur.</strong></span> <span class='ocrx_word' id='word_1_87' title='bbox 1722 1283 1909 1353; x_wconf 86' lang='lat' dir='ltr'><strong>Quem</strong></span> <span class='ocrx_word' id='word_1_88' title='bbox 1939 1299 2076 1340; x_wconf 86' lang='lat' dir='ltr'><strong>cor—</strong></span> 
     </span>
    </p>
   </div>
   <div class='ocr_carea' id='block_1_14' title="bbox 420 1368 2078 1456">
    <p class='ocr_par' dir='ltr' id='par_1_14' title="bbox 420 1368 2078 1456">
     <span class='ocr_line' id='line_1_14' title="bbox 420 1368 2078 1456; baseline -0.004 -21"><span class='ocrx_word' id='word_1_89' title='bbox 420 1393 602 1456; x_wconf 86' lang='lat' dir='ltr'><strong>porea</strong></span> <span class='ocrx_word' id='word_1_90' title='bbox 644 1374 898 1445; x_wconf 89' lang='lat' dir='ltr'><strong>ratione,</strong></span> <span class='ocrx_word' id='word_1_91' title='bbox 934 1378 991 1432; x_wconf 90' lang='lat' dir='ltr'><strong>et</strong></span> <span class='ocrx_word' id='word_1_92' title='bbox 1021 1387 1086 1431; x_wconf 86' lang='lat' dir='ltr'><strong>ut</strong></span> <span class='ocrx_word' id='word_1_93' title='bbox 1141 1368 1329 1429; x_wconf 91' lang='lat' dir='ltr'><strong>videri</strong></span> <span class='ocrx_word' id='word_1_94' title='bbox 1381 1369 1588 1446; x_wconf 85' lang='lat' dir='ltr'><strong>possit,</strong></span> <span class='ocrx_word' id='word_1_95' title='bbox 1622 1371 1841 1432; x_wconf 91' lang='lat' dir='ltr'><strong>colere.</strong></span> <span class='ocrx_word' id='word_1_96' title='bbox 1879 1369 2078 1430; x_wconf 90' lang='lat' dir='ltr'><strong>minus</strong></span> 
     </span>
    </p>
   </div>
   <div class='ocr_carea' id='block_1_15' title="bbox 422 1459 2075 1538">
    <p class='ocr_par' dir='ltr' id='par_1_15' title="bbox 422 1459 2075 1538">
     <span class='ocr_line' id='line_1_15' title="bbox 422 1459 2075 1538; baseline -0.004 -13"><span class='ocrx_word' id='word_1_97' title='bbox 422 1473 511 1526; x_wconf 91' lang='lat' dir='ltr'><strong>est</strong></span> <span class='ocrx_word' id='word_1_98' title='bbox 540 1464 626 1524; x_wconf 92' lang='lat' dir='ltr'><strong>illi</strong></span> <span class='ocrx_word' id='word_1_99' title='bbox 683 1461 1045 1525; x_wconf 86' lang='lat' dir='ltr'><strong>conveniens</strong></span> <span class='ocrx_word' id='word_1_100' title='bbox 1104 1477 1173 1520; x_wconf 92' lang='lat' dir='ltr'><strong>ac</strong></span> <span class='ocrx_word' id='word_1_101' title='bbox 1227 1459 1560 1538; x_wconf 91' lang='lat' dir='ltr'><strong>proprium,</strong></span> <span class='ocrx_word' id='word_1_102' title='bbox 1623 1460 1778 1520; x_wconf 90' lang='lat' dir='ltr'><strong>sicut</strong></span> <span class='ocrx_word' id='word_1_103' title='bbox 1834 1467 1892 1519; x_wconf 93' lang='lat' dir='ltr'><strong>et</strong></span> <span class='ocrx_word' id='word_1_104' title='bbox 1921 1460 2075 1538; x_wconf 92' lang='lat' dir='ltr'><strong>apud</strong></span> 
     </span>
    </p>
   </div>
   <div class='ocr_carea' id='block_1_16' title="bbox 417 1547 2078 1628">
    <p class='ocr_par' dir='ltr' id='par_1_16' title="bbox 417 1547 2078 1628">
     <span class='ocr_line' id='line_1_16' title="bbox 417 1547 2078 1628; baseline -0.004 -12"><span class='ocrx_word' id='word_1_105' title='bbox 417 1553 704 1616; x_wconf 71' lang='lat' dir='ltr'><strong>Davndem</strong></span> <span class='ocrx_word' id='word_1_106' title='bbox 737 1561 826 1614; x_wconf 91' lang='lat' dir='ltr'><strong>est</strong></span> <span class='ocrx_word' id='word_1_107' title='bbox 860 1571 876 1614; x_wconf 89' lang='lat'>:</span> <span class='ocrx_word' id='word_1_108' title='bbox 939 1551 1237 1624; x_wconf 77' lang='lat' dir='ltr'><strong>Quoniam</strong></span> <span class='ocrx_word' id='word_1_109' title='bbox 1289 1553 1340 1608; x_wconf 73' lang='lat' dir='ltr'><strong>si</strong></span> <span class='ocrx_word' id='word_1_110' title='bbox 1369 1547 1673 1622; x_wconf 82' lang='lat' dir='ltr'><strong>voluisses,</strong></span> <span class='ocrx_word' id='word_1_111' title='bbox 1706 1549 2078 1628; x_wconf 81' lang='lat' dir='ltr'><strong>sacriﬁcium</strong></span> 
     </span>
    </p>
   </div>
   <div class='ocr_carea' id='block_1_17' title="bbox 419 1637 2073 1722">
    <p class='ocr_par' dir='ltr' id='par_1_17' title="bbox 419 1637 2073 1722">
     <span class='ocr_line' id='line_1_17' title="bbox 419 1637 2073 1722; baseline -0.005 -14"><span class='ocrx_word' id='word_1_112' title='bbox 419 1645 708 1708; x_wconf 69' lang='lat' dir='ltr'><strong>ded-issem</strong></span> <span class='ocrx_word' id='word_1_113' title='bbox 730 1645 970 1722; x_wconf 79' lang='lat' dir='ltr'><strong>utique:</strong></span> <span class='ocrx_word' id='word_1_114' title='bbox 1008 1637 1388 1700; x_wconf 76' lang='lat' dir='ltr'><strong>holoraustis</strong></span> <span class='ocrx_word' id='word_1_115' title='bbox 1413 1655 1537 1698; x_wconf 84' lang='lat' dir='ltr'><strong>non</strong></span> <span class='ocrx_word' id='word_1_116' title='bbox 1567 1637 1965 1700; x_wconf 76' lang='lat' dir='ltr'><strong>delectaberis</strong></span> <span class='ocrx_word' id='word_1_117' title='bbox 1986 1637 2073 1699; x_wconf 84' lang='grc'><strong>89.</strong></span> 
     </span>
    </p>
   </div>
   <div class='ocr_carea' id='block_1_18' title="bbox 2160 566 3812 653">
    <p class='ocr_par' dir='ltr' id='par_1_18' title="bbox 2160 566 3812 653">
     <span class='ocr_line' id='line_1_18' title="bbox 2160 566 3812 653; baseline 0.004 -25"><span class='ocrx_word' id='word_1_118' title='bbox 2160 566 2416 629; x_wconf 89' lang='lat' dir='ltr'><strong>habeant</strong></span> <span class='ocrx_word' id='word_1_119' title='bbox 2445 568 2505 629; x_wconf 93' lang='lat' dir='ltr'><strong>in</strong></span> <span class='ocrx_word' id='word_1_120' title='bbox 2540 569 2754 649; x_wconf 84' lang='lat' dir='ltr'><strong>seipsis</strong></span> <span class='ocrx_word' id='word_1_121' title='bbox 2810 569 2984 630; x_wconf 89' lang='lat' dir='ltr'><strong>vitam</strong></span> <span class='ocrx_word' id='word_1_122' title='bbox 3038 581 3399 651; x_wconf 90' lang='lat' dir='ltr'><strong>corruptam,</strong></span> <span class='ocrx_word' id='word_1_123' title='bbox 3460 591 3589 652; x_wconf 66' lang='lat' dir='ltr'><strong>quae</strong></span> <span class='ocrx_word' id='word_1_124' title='bbox 3626 571 3812 653; x_wconf 89' lang='lat' dir='ltr'><strong>possit</strong></span> 
     </span>
    </p>
   </div>
   <div class='ocr_carea' id='block_1_19' title="bbox 2157 657 3816 742">
    <p class='ocr_par' dir='ltr' id='par_1_19' title="bbox 2157 657 3816 742">
     <span class='ocr_line' id='line_1_19' title="bbox 2157 657 3816 742; baseline 0.003 -26"><span class='ocrx_word' id='word_1_125' title='bbox 2157 657 2486 735; x_wconf 90' lang='lat' dir='ltr'><strong>appetitum</strong></span> <span class='ocrx_word' id='word_1_126' title='bbox 2515 677 2726 719; x_wconf 70' lang='lat' dir='ltr'><strong>anima:</strong></span> <span class='ocrx_word' id='word_1_127' title='bbox 2762 657 2818 718; x_wconf 93' lang='lat' dir='ltr'><strong>in</strong></span> <span class='ocrx_word' id='word_1_128' title='bbox 2854 659 3121 720; x_wconf 87' lang='lat' dir='ltr'><strong>carnales</strong></span> <span class='ocrx_word' id='word_1_129' title='bbox 3153 670 3208 721; x_wconf 92' lang='lat' dir='ltr'><strong>et</strong></span> <span class='ocrx_word' id='word_1_130' title='bbox 3237 661 3566 723; x_wconf 85' lang='lat' dir='ltr'><strong>mundanas</strong></span> <span class='ocrx_word' id='word_1_131' title='bbox 3583 661 3816 742; x_wconf 85' lang='lat' dir='ltr'><strong>appeti-</strong></span> 
     </span>
    </p>
   </div>
   <div class='ocr_carea' id='block_1_20' title="bbox 2161 745 3810 830">
    <p class='ocr_par' dir='ltr' id='par_1_20' title="bbox 2161 745 3810 830">
     <span class='ocr_line' id='line_1_20' title="bbox 2161 745 3810 830; baseline 0.004 -27"><span class='ocrx_word' id='word_1_132' title='bbox 2161 745 2375 818; x_wconf 89' lang='lat' dir='ltr'><strong>tiones,</strong></span> <span class='ocrx_word' id='word_1_133' title='bbox 2399 746 2874 827; x_wconf 78' lang='lat' dir='ltr'><strong>cupiditatesque</strong></span> <span class='ocrx_word' id='word_1_134' title='bbox 2897 747 3264 813; x_wconf 78' lang='lat' dir='ltr'><strong>abstrahere.</strong></span> <span class='ocrx_word' id='word_1_135' title='bbox 3308 750 3414 814; x_wconf 89' lang='lat' dir='ltr'><strong>Cui</strong></span> <span class='ocrx_word' id='word_1_136' title='bbox 3450 769 3588 830; x_wconf 87' lang='lat' dir='ltr'><strong>ergo</strong></span> <span class='ocrx_word' id='word_1_137' title='bbox 3613 751 3686 811; x_wconf 92' lang='lat' dir='ltr'><strong>de</strong></span> <span class='ocrx_word' id='word_1_138' title='bbox 3717 750 3810 811; x_wconf 91' lang='lat' dir='ltr'><strong>his</strong></span> 
     </span>
    </p>
   </div>
   <div class='ocr_carea' id='block_1_21' title="bbox 2157 833 3808 918">
    <p class='ocr_par' dir='ltr' id='par_1_21' title="bbox 2157 833 3808 918">
     <span class='ocr_line' id='line_1_21' title="bbox 2157 833 3808 918; baseline 0.005 -25"><span class='ocrx_word' id='word_1_139' title='bbox 2157 845 2215 894; x_wconf 92' lang='lat' dir='ltr'><strong>et</strong></span> <span class='ocrx_word' id='word_1_140' title='bbox 2245 833 2542 897; x_wconf 75' lang='lat' dir='ltr'><strong>similibus</strong></span> <span class='ocrx_word' id='word_1_141' title='bbox 2573 835 2759 897; x_wconf 87' lang='lat' dir='ltr'><strong>D--um</strong></span> <span class='ocrx_word' id='word_1_142' title='bbox 2806 856 2921 917; x_wconf 90' lang='lat' dir='ltr'><strong>qua</strong></span> <span class='ocrx_word' id='word_1_143' title='bbox 2951 839 3071 914; x_wconf 90' lang='lat' dir='ltr'><strong>die,</strong></span> <span class='ocrx_word' id='word_1_144' title='bbox 3129 857 3244 918; x_wconf 89' lang='lat' dir='ltr'><strong>qua</strong></span> <span class='ocrx_word' id='word_1_145' title='bbox 3277 849 3469 916; x_wconf 89' lang='lat' dir='ltr'><strong>nocte,</strong></span> <span class='ocrx_word' id='word_1_146' title='bbox 3504 851 3559 903; x_wconf 92' lang='lat' dir='ltr'><strong>et</strong></span> <span class='ocrx_word' id='word_1_147' title='bbox 3614 840 3808 918; x_wconf 80' lang='lat' dir='ltr'><strong>longis</strong></span> 
     </span>
    </p>
   </div>
   <div class='ocr_carea' id='block_1_22' title="bbox 2160 925 3807 1010">
    <p class='ocr_par' dir='ltr' id='par_1_22' title="bbox 2160 925 3807 1010">
     <span class='ocr_line' id='line_1_22' title="bbox 2160 925 3807 1010; baseline 0.002 -28"><span class='ocrx_word' id='word_1_148' title='bbox 2160 930 2493 1002; x_wconf 89' lang='lat' dir='ltr'><strong>temporum</strong></span> <span class='ocrx_word' id='word_1_149' title='bbox 2523 925 2730 1005; x_wconf 89' lang='lat' dir='ltr'><strong>spatiis</strong></span> <span class='ocrx_word' id='word_1_150' title='bbox 2759 927 3099 1006; x_wconf 86' lang='lat' dir='ltr'><strong>alloquitur,</strong></span> <span class='ocrx_word' id='word_1_151' title='bbox 3130 937 3188 988; x_wconf 89' lang='lat' dir='ltr'><strong>et</strong></span> <span class='ocrx_word' id='word_1_152' title='bbox 3222 927 3419 1007; x_wconf 83' lang='lat' dir='ltr'><strong>lingua</strong></span> <span class='ocrx_word' id='word_1_153' title='bbox 3449 929 3688 1010; x_wconf 88' lang='lat' dir='ltr'><strong>quidem</strong></span> <span class='ocrx_word' id='word_1_154' title='bbox 3713 931 3807 991; x_wconf 75' lang='lat' dir='ltr'><strong>lo.-</strong></span> 
     </span>
    </p>
   </div>
   <div class='ocr_carea' id='block_1_23' title="bbox 2159 1015 3811 1098">
    <p class='ocr_par' dir='ltr' id='par_1_23' title="bbox 2159 1015 3811 1098">
     <span class='ocr_line' id='line_1_23' title="bbox 2159 1015 3811 1098; baseline 0.006 -26"><span class='ocrx_word' id='word_1_155' title='bbox 2159 1029 2370 1092; x_wconf 89' lang='lat' dir='ltr'><strong>quens,</strong></span> <span class='ocrx_word' id='word_1_156' title='bbox 2407 1022 2606 1085; x_wconf 82' lang='lat' dir='ltr'><strong>mente</strong></span> <span class='ocrx_word' id='word_1_157' title='bbox 2663 1025 2854 1076; x_wconf 79' lang='lat' dir='ltr'><strong>neseit</strong></span> <span class='ocrx_word' id='word_1_158' title='bbox 2910 1015 3052 1096; x_wconf 90' lang='lat' dir='ltr'><strong>quid</strong></span> <span class='ocrx_word' id='word_1_159' title='bbox 3112 1017 3406 1098; x_wconf 90' lang='lat' dir='ltr'><strong>loquatur,</strong></span> <span class='ocrx_word' id='word_1_160' title='bbox 3467 1038 3666 1080; x_wconf 90' lang='lat' dir='ltr'><strong>nonne</strong></span> <span class='ocrx_word' id='word_1_161' title='bbox 3712 1018 3811 1082; x_wconf 89' lang='lat' dir='ltr'><strong>hic</strong></span> 
     </span>
    </p>
   </div>
   <div class='ocr_carea' id='block_1_24' title="bbox 2160 1102 3807 1189">
    <p class='ocr_par' dir='ltr' id='par_1_24' title="bbox 2160 1102 3807 1189">
     <span class='ocr_line' id='line_1_24' title="bbox 2160 1102 3807 1189; baseline 0.005 -29"><span class='ocrx_word' id='word_1_162' title='bbox 2160 1102 2371 1180; x_wconf 82' lang='lat' dir='ltr'><strong>nugari</strong></span> <span class='ocrx_word' id='word_1_163' title='bbox 2399 1104 2636 1165; x_wconf 91' lang='lat' dir='ltr'><strong>videtur</strong></span> <span class='ocrx_word' id='word_1_164' title='bbox 2663 1103 2692 1163; x_wconf 84' lang='lat'><strong>‘?</strong></span> <span class='ocrx_word' id='word_1_165' title='bbox 2723 1104 3003 1167; x_wconf 83' lang='lat' dir='ltr'><strong>Nondum</strong></span> <span class='ocrx_word' id='word_1_166' title='bbox 3036 1124 3178 1166; x_wconf 90' lang='lat' dir='ltr'><strong>sane</strong></span> <span class='ocrx_word' id='word_1_167' title='bbox 3209 1107 3404 1170; x_wconf 84' lang='lat' dir='ltr'><strong>ﬁdelis</strong></span> <span class='ocrx_word' id='word_1_168' title='bbox 3436 1107 3807 1189; x_wconf 87' lang='lat' dir='ltr'><strong>hujusmodi,</strong></span> 
     </span>
    </p>
   </div>
   <div class='ocr_carea' id='block_1_25' title="bbox 2161 1191 3803 1279">
    <p class='ocr_par' dir='ltr' id='par_1_25' title="bbox 2161 1191 3803 1279">
     <span class='ocr_line' id='line_1_25' title="bbox 2161 1191 3803 1279; baseline 0.005 -29"><span class='ocrx_word' id='word_1_169' title='bbox 2161 1210 2352 1271; x_wconf 91' lang='lat' dir='ltr'><strong>neque</strong></span> <span class='ocrx_word' id='word_1_170' title='bbox 2383 1191 2505 1253; x_wconf 92' lang='lat' dir='ltr'><strong>Deo</strong></span> <span class='ocrx_word' id='word_1_171' title='bbox 2537 1194 2955 1255; x_wconf 87' lang='lat' dir='ltr'><strong>reconciliatus</strong></span> <span class='ocrx_word' id='word_1_172' title='bbox 2987 1203 3094 1256; x_wconf 79' lang='lat' dir='ltr'><strong>est.</strong></span> <span class='ocrx_word' id='word_1_173' title='bbox 3121 1195 3342 1258; x_wconf 85' lang='lat' dir='ltr'><strong>Fidelis</strong></span> <span class='ocrx_word' id='word_1_174' title='bbox 3370 1199 3665 1279; x_wconf 85' lang='lat' dir='ltr'><strong>siquidem</strong></span> <span class='ocrx_word' id='word_1_175' title='bbox 3692 1207 3803 1273; x_wconf 89' lang='lat' dir='ltr'><strong>est,</strong></span> 
     </span>
    </p>
   </div>
   <div class='ocr_carea' id='block_1_26' title="bbox 2161 1281 3810 1366">
    <p class='ocr_par' dir='ltr' id='par_1_26' title="bbox 2161 1281 3810 1366">
     <span class='ocr_line' id='line_1_26' title="bbox 2161 1281 3810 1366; baseline 0.007 -27"><span class='ocrx_word' id='word_1_176' title='bbox 2161 1281 2594 1362; x_wconf 90' lang='lat' dir='ltr'><strong>etappellatur,</strong></span> <span class='ocrx_word' id='word_1_177' title='bbox 2631 1283 2724 1344; x_wconf 90' lang='lat' dir='ltr'><strong>cui</strong></span> <span class='ocrx_word' id='word_1_178' title='bbox 2760 1285 2978 1344; x_wconf 88' lang='lat' dir='ltr'><strong>donum</strong></span> <span class='ocrx_word' id='word_1_179' title='bbox 3013 1285 3198 1345; x_wconf 91' lang='lat' dir='ltr'><strong>sancti</strong></span> <span class='ocrx_word' id='word_1_180' title='bbox 3218 1286 3476 1366; x_wconf 88' lang='lat' dir='ltr'><strong>Spiritus</strong></span> <span class='ocrx_word' id='word_1_181' title='bbox 3498 1288 3810 1350; x_wconf 87' lang='lat' dir='ltr'><strong>concredi-</strong></span> 
     </span>
    </p>
   </div>
   <div class='ocr_carea' id='block_1_27' title="bbox 2162 1372 3806 1452">
    <p class='ocr_par' dir='ltr' id='par_1_27' title="bbox 2162 1372 3806 1452">
     <span class='ocr_line' id='line_1_27' title="bbox 2162 1372 3806 1452; baseline 0.005 -23"><span class='ocrx_word' id='word_1_182' title='bbox 2162 1378 2286 1429; x_wconf 90' lang='lat' dir='ltr'><strong>tum</strong></span> <span class='ocrx_word' id='word_1_183' title='bbox 2317 1379 2428 1445; x_wconf 92' lang='lat' dir='ltr'><strong>est,</strong></span> <span class='ocrx_word' id='word_1_184' title='bbox 2463 1372 2702 1452; x_wconf 90' lang='lat' dir='ltr'><strong>quique,</strong></span> <span class='ocrx_word' id='word_1_185' title='bbox 2739 1373 2883 1433; x_wconf 91' lang='lat' dir='ltr'><strong>illud</strong></span> <span class='ocrx_word' id='word_1_186' title='bbox 2921 1373 3117 1449; x_wconf 74' lang='lat' dir='ltr'><strong>habet,</strong></span> <span class='ocrx_word' id='word_1_187' title='bbox 3179 1376 3337 1452; x_wconf 85' lang='lat' dir='ltr'><strong>quod</strong></span> <span class='ocrx_word' id='word_1_188' title='bbox 3371 1379 3592 1439; x_wconf 86' lang='lat' dir='ltr'><strong>donum</strong></span> <span class='ocrx_word' id='word_1_189' title='bbox 3628 1377 3806 1438; x_wconf 90' lang='lat' dir='ltr'><strong>simul</strong></span> 
     </span>
    </p>
   </div>
   <div class='ocr_carea' id='block_1_28' title="bbox 2161 1461 3806 1542">
    <p class='ocr_par' dir='ltr' id='par_1_28' title="bbox 2161 1461 3806 1542">
     <span class='ocr_line' id='line_1_28' title="bbox 2161 1461 3806 1542; baseline 0.007 -24"><span class='ocrx_word' id='word_1_190' title='bbox 2161 1472 2423 1520; x_wconf 84' lang='lat' dir='ltr'><strong>mentem</strong></span> <span class='ocrx_word' id='word_1_191' title='bbox 2453 1461 2640 1540; x_wconf 90' lang='lat' dir='ltr'><strong>ipsam</strong></span> <span class='ocrx_word' id='word_1_192' title='bbox 2691 1463 3110 1542; x_wconf 86' lang='lat' dir='ltr'><strong>accipientium</strong></span> <span class='ocrx_word' id='word_1_193' title='bbox 3172 1464 3451 1539; x_wconf 89' lang='lat' dir='ltr'><strong>illustrat,</strong></span> <span class='ocrx_word' id='word_1_194' title='bbox 3515 1476 3573 1528; x_wconf 94' lang='lat' dir='ltr'><strong>et</strong></span> <span class='ocrx_word' id='word_1_195' title='bbox 3629 1468 3806 1528; x_wconf 89' lang='lat' dir='ltr'><strong>simul</strong></span> 
     </span>
    </p>
   </div>
   <div class='ocr_carea' id='block_1_29' title="bbox 2159 1550 3804 1630">
    <p class='ocr_par' dir='ltr' id='par_1_29' title="bbox 2159 1550 3804 1630">
     <span class='ocr_line' id='line_1_29' title="bbox 2159 1550 3804 1630; baseline 0.005 -21"><span class='ocrx_word' id='word_1_196' title='bbox 2159 1550 2446 1625; x_wconf 87' lang='lat' dir='ltr'><strong>continet,</strong></span> <span class='ocrx_word' id='word_1_197' title='bbox 2481 1552 2768 1630; x_wconf 77' lang='lat' dir='ltr'><strong>colligens</strong></span> <span class='ocrx_word' id='word_1_198' title='bbox 2818 1561 2876 1613; x_wconf 92' lang='lat' dir='ltr'><strong>et</strong></span> <span class='ocrx_word' id='word_1_199' title='bbox 2907 1572 3269 1615; x_wconf 90' lang='lat' dir='ltr'><strong>conservans</strong></span> <span class='ocrx_word' id='word_1_200' title='bbox 3312 1556 3522 1617; x_wconf 93' lang='lat' dir='ltr'><strong>horum</strong></span> <span class='ocrx_word' id='word_1_201' title='bbox 3551 1559 3804 1620; x_wconf 89' lang='lat' dir='ltr'><strong>duorum</strong></span> 
     </span>
    </p>
   </div>
   <div class='ocr_carea' id='block_1_30' title="bbox 2159 1637 3804 1724">
    <p class='ocr_par' dir='ltr' id='par_1_30' title="bbox 2159 1637 3804 1724">
     <span class='ocr_line' id='line_1_30' title="bbox 2159 1637 3804 1724; baseline 0.009 -27"><span class='ocrx_word' id='word_1_202' title='bbox 2159 1637 2633 1722; x_wconf 88' lang='lat' dir='ltr'><strong>iutelligentam,</strong></span> <span class='ocrx_word' id='word_1_203' title='bbox 2668 1641 2763 1703; x_wconf 87' lang='lat' dir='ltr'><strong>cui</strong></span> <span class='ocrx_word' id='word_1_204' title='bbox 2795 1642 3026 1703; x_wconf 88' lang='lat' dir='ltr'><strong>dicatur</strong></span> <span class='ocrx_word' id='word_1_205' title='bbox 3055 1652 3113 1704; x_wconf 90' lang='lat' dir='ltr'><strong>et</strong></span> <span class='ocrx_word' id='word_1_206' title='bbox 3168 1645 3307 1724; x_wconf 90' lang='lat' dir='ltr'><strong>quid</strong></span> <span class='ocrx_word' id='word_1_207' title='bbox 3342 1646 3592 1710; x_wconf 89' lang='lat' dir='ltr'><strong>dicatur.</strong></span> <span class='ocrx_word' id='word_1_208' title='bbox 3629 1647 3804 1710; x_wconf 91' lang='lat' dir='ltr'><strong>Prius</strong></span> 
     </span>
    </p>
   </div>
   <div class='ocr_carea' id='block_1_31' title="bbox 416 1726 3802 1812">
    <p class='ocr_par' dir='ltr' id='par_1_31' title="bbox 416 1726 3802 1812">
     <span class='ocr_line' id='line_1_31' title="bbox 416 1726 3802 1812; baseline -0 -14"><span class='ocrx_word' id='word_1_209' title='bbox 416 1735 646 1798; x_wconf 87' lang='lat' dir='ltr'><strong>Idcirco</strong></span> <span class='ocrx_word' id='word_1_210' title='bbox 677 1751 778 1794; x_wconf 80' lang='lat' dir='ltr'><strong>cor</strong></span> <span class='ocrx_word' id='word_1_211' title='bbox 820 1732 1167 1793; x_wconf 77' lang='lat' dir='ltr'><strong>contritum</strong></span> <span class='ocrx_word' id='word_1_212' title='bbox 1224 1736 1284 1788; x_wconf 81' lang='lat' dir='ltr'><strong>et</strong></span> <span class='ocrx_word' id='word_1_213' title='bbox 1342 1726 1736 1789; x_wconf 82' lang='lat' dir='ltr'><strong>humiliatum</strong></span> <span class='ocrx_word' id='word_1_214' title='bbox 1769 1731 1925 1790; x_wconf 84' lang='lat' dir='ltr'><strong>Deus</strong></span> <span class='ocrx_word' id='word_1_215' title='bbox 1955 1746 2076 1790; x_wconf 86' lang='lat' dir='ltr'><strong>non</strong></span> <span class='ocrx_word' id='word_1_216' title='bbox 2099 1756 2137 1804; x_wconf 79' lang='grc' dir='ltr'>Β</span> <span class='ocrx_word' id='word_1_217' title='bbox 2159 1729 2355 1809; x_wconf 91' lang='lat' dir='ltr'><strong>itaque</strong></span> <span class='ocrx_word' id='word_1_218' title='bbox 2384 1731 2654 1812; x_wconf 85' lang='lat' dir='ltr'><strong>credere,</strong></span> <span class='ocrx_word' id='word_1_219' title='bbox 2690 1740 2747 1792; x_wconf 92' lang='lat' dir='ltr'><strong>et</strong></span> <span class='ocrx_word' id='word_1_220' title='bbox 2789 1732 3166 1793; x_wconf 90' lang='lat' dir='ltr'><strong>reconciliari</strong></span> <span class='ocrx_word' id='word_1_221' title='bbox 3222 1736 3345 1796; x_wconf 88' lang='lat' dir='ltr'><strong>Deo</strong></span> <span class='ocrx_word' id='word_1_222' title='bbox 3409 1755 3656 1796; x_wconf 89' lang='lat' dir='ltr'><strong>necesse</strong></span> <span class='ocrx_word' id='word_1_223' title='bbox 3690 1746 3802 1812; x_wconf 90' lang='lat' dir='ltr'><strong>est,</strong></span> 
     </span>
    </p>
   </div>
   <div class='ocr_carea' id='block_1_32' title="bbox 421 1817 3806 1907">
    <p class='ocr_par' dir='ltr' id='par_1_32' title="bbox 421 1817 3806 1907">
     <span class='ocr_line' id='line_1_32' title="bbox 421 1817 3806 1907; baseline -0.001 -17"><span class='ocrx_word' id='word_1_224' title='bbox 421 1823 802 1907; x_wconf 77' lang='lat' dir='ltr'><strong>despiciet90.</strong></span> <span class='ocrx_word' id='word_1_225' title='bbox 833 1818 1120 1884; x_wconf 88' lang='lat' dir='ltr'><strong>Contrilio</strong></span> <span class='ocrx_word' id='word_1_226' title='bbox 1151 1825 1348 1877; x_wconf 86' lang='lat' dir='ltr'><strong>autem</strong></span> <span class='ocrx_word' id='word_1_227' title='bbox 1381 1817 1584 1878; x_wconf 90' lang='lat' dir='ltr'><strong>cordis</strong></span> <span class='ocrx_word' id='word_1_228' title='bbox 1617 1827 1814 1879; x_wconf 90' lang='lat' dir='ltr'><strong>mente</strong></span> <span class='ocrx_word' id='word_1_229' title='bbox 1833 1825 1893 1879; x_wconf 91' lang='lat' dir='ltr'><strong>et</strong></span> <span class='ocrx_word' id='word_1_230' title='bbox 1913 1818 2077 1896; x_wconf 84' lang='lat' dir='ltr'><strong>cogi-</strong></span> <span class='ocrx_word' id='word_1_231' title='bbox 2161 1827 2220 1879; x_wconf 90' lang='lat' dir='ltr'><strong>et</strong></span> <span class='ocrx_word' id='word_1_232' title='bbox 2271 1828 2391 1878; x_wconf 91' lang='lat' dir='ltr'><strong>tum</strong></span> <span class='ocrx_word' id='word_1_233' title='bbox 2423 1819 2507 1879; x_wconf 91' lang='lat' dir='ltr'><strong>illi</strong></span> <span class='ocrx_word' id='word_1_234' title='bbox 2543 1821 2799 1898; x_wconf 82' lang='lat' dir='ltr'><strong>psallere</strong></span> <span class='ocrx_word' id='word_1_235' title='bbox 2855 1819 2940 1882; x_wconf 90' lang='lat' dir='ltr'><strong>sic</strong></span> <span class='ocrx_word' id='word_1_236' title='bbox 2998 1829 3061 1881; x_wconf 92' lang='lat' dir='ltr'><strong>ut</strong></span> <span class='ocrx_word' id='word_1_237' title='bbox 3112 1823 3213 1902; x_wconf 92' lang='lat' dir='ltr'><strong>qui</strong></span> <span class='ocrx_word' id='word_1_238' title='bbox 3268 1824 3517 1902; x_wconf 89' lang='lat' dir='ltr'><strong>psallere</strong></span> <span class='ocrx_word' id='word_1_239' title='bbox 3575 1827 3806 1888; x_wconf 91' lang='lat' dir='ltr'><strong>consti-</strong></span> 
     </span>
    </p>
   </div>
   <div class='ocr_carea' id='block_1_33' title="bbox 424 1907 3810 1998">
    <p class='ocr_par' dir='ltr' id='par_1_33' title="bbox 424 1907 3810 1998">
     <span class='ocr_line' id='line_1_33' title="bbox 424 1907 3810 1998; baseline 0 -20"><span class='ocrx_word' id='word_1_240' title='bbox 424 1918 646 1978; x_wconf 88' lang='lat' dir='ltr'><strong>tatione</strong></span> <span class='ocrx_word' id='word_1_241' title='bbox 675 1915 797 1975; x_wconf 82' lang='lat' dir='ltr'><strong>ﬁat.</strong></span> <span class='ocrx_word' id='word_1_242' title='bbox 829 1909 956 1972; x_wconf 89' lang='lat' dir='ltr'><strong>Non</strong></span> <span class='ocrx_word' id='word_1_243' title='bbox 989 1915 1237 1984; x_wconf 72' lang='lat' dir='ltr'><strong>tangunt</strong></span> <span class='ocrx_word' id='word_1_244' title='bbox 1266 1907 1574 1966; x_wconf 75' lang='lat' dir='ltr'><strong>oculcrum</strong></span> <span class='ocrx_word' id='word_1_245' title='bbox 1609 1926 1853 1968; x_wconf 88' lang='lat' dir='ltr'><strong>sensum</strong></span> <span class='ocrx_word' id='word_1_246' title='bbox 1905 1925 2079 1968; x_wconf 90' lang='lat' dir='ltr'><strong>mens</strong></span> <span class='ocrx_word' id='word_1_247' title='bbox 2159 1907 2292 1981; x_wconf 89' lang='lat' dir='ltr'><strong>tuit,</strong></span> <span class='ocrx_word' id='word_1_248' title='bbox 2326 1917 2462 1969; x_wconf 86' lang='lat' dir='ltr'><strong>ante</strong></span> <span class='ocrx_word' id='word_1_249' title='bbox 2492 1909 2724 1970; x_wconf 89' lang='lat' dir='ltr'><strong>veniam</strong></span> <span class='ocrx_word' id='word_1_250' title='bbox 2758 1910 2833 1971; x_wconf 91' lang='lat' dir='ltr'><strong>de</strong></span> <span class='ocrx_word' id='word_1_251' title='bbox 2873 1910 3147 1972; x_wconf 87' lang='lat' dir='ltr'><strong>admissis</strong></span> <span class='ocrx_word' id='word_1_252' title='bbox 3177 1931 3290 1992; x_wconf 89' lang='lat' dir='ltr'><strong>qua</strong></span> <span class='ocrx_word' id='word_1_253' title='bbox 3322 1914 3657 1987; x_wconf 80' lang='lat' dir='ltr'><strong>verborum,</strong></span> <span class='ocrx_word' id='word_1_254' title='bbox 3693 1936 3810 1998; x_wconf 87' lang='lat' dir='ltr'><strong>qua</strong></span> 
     </span>
    </p>
   </div>
   <div class='ocr_carea' id='block_1_34' title="bbox 424 1995 3804 2086">
    <p class='ocr_par' dir='ltr' id='par_1_34' title="bbox 424 1995 3804 2086">
     <span class='ocr_line' id='line_1_34' title="bbox 424 1995 3804 2086; baseline -0.001 -18"><span class='ocrx_word' id='word_1_255' title='bbox 424 2015 626 2068; x_wconf 90' lang='lat' dir='ltr'><strong>nostra</strong></span> <span class='ocrx_word' id='word_1_256' title='bbox 657 2013 714 2066; x_wconf 91' lang='lat' dir='ltr'><strong>et</strong></span> <span class='ocrx_word' id='word_1_257' title='bbox 743 1998 1042 2079; x_wconf 83' lang='lat' dir='ltr'><strong>cogitatio,</strong></span> <span class='ocrx_word' id='word_1_258' title='bbox 1074 1997 1131 2058; x_wconf 91' lang='lat' dir='ltr'><strong>id</strong></span> <span class='ocrx_word' id='word_1_259' title='bbox 1167 2003 1280 2064; x_wconf 89' lang='lat' dir='ltr'><strong>est,</strong></span> <span class='ocrx_word' id='word_1_260' title='bbox 1320 1995 1450 2076; x_wconf 89' lang='lat' dir='ltr'><strong>ipsa</strong></span> <span class='ocrx_word' id='word_1_261' title='bbox 1481 1997 1698 2058; x_wconf 89' lang='lat' dir='ltr'><strong>anima.</strong></span> <span class='ocrx_word' id='word_1_262' title='bbox 1736 2000 1878 2086; x_wconf 66' lang='lat' dir='ltr'><strong>Haec</strong></span> <span class='ocrx_word' id='word_1_263' title='bbox 1901 1995 2079 2074; x_wconf 81' lang='lat' dir='ltr'><strong>igitur</strong></span> <span class='ocrx_word' id='word_1_264' title='bbox 2159 2015 2432 2086; x_wconf 74' lang='lat' dir='ltr'><strong>operum,</strong></span> <span class='ocrx_word' id='word_1_265' title='bbox 2463 2016 2577 2074; x_wconf 92' lang='lat' dir='ltr'><strong>qua</strong></span> <span class='ocrx_word' id='word_1_266' title='bbox 2605 1997 2928 2074; x_wconf 90' lang='lat' dir='ltr'><strong>actionum,</strong></span> <span class='ocrx_word' id='word_1_267' title='bbox 2991 2019 3107 2080; x_wconf 79' lang='lat' dir='ltr'><strong>qua</strong></span> <span class='ocrx_word' id='word_1_268' title='bbox 3164 2002 3586 2079; x_wconf 79' lang='lat' dir='ltr'><strong>cOgitationum</strong></span> <span class='ocrx_word' id='word_1_269' title='bbox 3623 1995 3804 2086; x_wconf 70' lang='lat' dir='ltr'><strong>petat.</strong></span> 
     </span>
    </p>
   </div>
   <div class='ocr_carea' id='block_1_35' title="bbox 428 2084 3802 2175">
    <p class='ocr_par' dir='ltr' id='par_1_35' title="bbox 428 2084 3802 2175">
     <span class='ocr_line' id='line_1_35' title="bbox 428 2084 3802 2175; baseline -0.001 -16"><span class='ocrx_word' id='word_1_270' title='bbox 428 2115 619 2169; x_wconf 90' lang='lat' dir='ltr'><strong>mens,</strong></span> <span class='ocrx_word' id='word_1_271' title='bbox 657 2096 922 2173; x_wconf 88' lang='lat' dir='ltr'><strong>inquam,</strong></span> <span class='ocrx_word' id='word_1_272' title='bbox 954 2096 1010 2148; x_wconf 90' lang='lat' dir='ltr'><strong>et</strong></span> <span class='ocrx_word' id='word_1_273' title='bbox 1039 2084 1316 2166; x_wconf 82' lang='lat' dir='ltr'><strong>cogitatio</strong></span> <span class='ocrx_word' id='word_1_274' title='bbox 1348 2085 1470 2146; x_wconf 90' lang='lat' dir='ltr'><strong>Deo</strong></span> <span class='ocrx_word' id='word_1_275' title='bbox 1505 2085 1606 2166; x_wconf 92' lang='lat' dir='ltr'><strong>qui</strong></span> <span class='ocrx_word' id='word_1_276' title='bbox 1637 2085 2076 2175; x_wconf 89' lang='lat' dir='ltr'><strong>intelligibitur,</strong></span> <span class='ocrx_word' id='word_1_277' title='bbox 2159 2084 2771 2149; x_wconf 81' lang='lat' dir='ltr'><strong>Reconciliataautem</strong></span> <span class='ocrx_word' id='word_1_278' title='bbox 2789 2095 2906 2150; x_wconf 81' lang='lat' dir='ltr'><strong>Deo</strong></span> <span class='ocrx_word' id='word_1_279' title='bbox 2928 2090 3148 2164; x_wconf 90' lang='lat' dir='ltr'><strong>anima,</strong></span> <span class='ocrx_word' id='word_1_280' title='bbox 3174 2107 3507 2175; x_wconf 88' lang='lat' dir='ltr'><strong>mansueta,</strong></span> <span class='ocrx_word' id='word_1_281' title='bbox 3537 2084 3802 2171; x_wconf 82' lang='lat' dir='ltr'><strong>humilis,</strong></span> 
     </span>
    </p>
   </div>
   <div class='ocr_carea' id='block_1_36' title="bbox 421 2174 3804 2260">
    <p class='ocr_par' dir='ltr' id='par_1_36' title="bbox 421 2174 3804 2260">
     <span class='ocr_line' id='line_1_36' title="bbox 421 2174 3804 2260; baseline -0.001 -12"><span class='ocrx_word' id='word_1_282' title='bbox 421 2203 535 2248; x_wconf 89' lang='lat' dir='ltr'><strong>nec</strong></span> <span class='ocrx_word' id='word_1_283' title='bbox 565 2184 815 2255; x_wconf 90' lang='lat' dir='ltr'><strong>videtur,</strong></span> <span class='ocrx_word' id='word_1_284' title='bbox 846 2175 1039 2239; x_wconf 87' lang='lat' dir='ltr'><strong>danda</strong></span> <span class='ocrx_word' id='word_1_285' title='bbox 1070 2183 1227 2237; x_wconf 92' lang='lat' dir='ltr'><strong>sunt.</strong></span> <span class='ocrx_word' id='word_1_286' title='bbox 1281 2175 1346 2236; x_wconf 94' lang='lat' dir='ltr'><strong>In</strong></span> <span class='ocrx_word' id='word_1_287' title='bbox 1383 2175 1496 2235; x_wconf 88' lang='lat' dir='ltr'><strong>hoc</strong></span> <span class='ocrx_word' id='word_1_288' title='bbox 1529 2174 1688 2234; x_wconf 91' lang='lat' dir='ltr'><strong>enim</strong></span> <span class='ocrx_word' id='word_1_289' title='bbox 1722 2174 1914 2235; x_wconf 91' lang='lat' dir='ltr'><strong>cultus</strong></span> <span class='ocrx_word' id='word_1_290' title='bbox 1945 2175 2078 2254; x_wconf 81' lang='lat' dir='ltr'><strong>ejus</strong></span> <span class='ocrx_word' id='word_1_291' title='bbox 2160 2192 2219 2238; x_wconf 87' lang='lat' dir='ltr'><strong>et</strong></span> <span class='ocrx_word' id='word_1_292' title='bbox 2252 2177 2503 2238; x_wconf 67' lang='lat' dir='ltr'><strong>contrita</strong></span> <span class='ocrx_word' id='word_1_293' title='bbox 2534 2178 2808 2255; x_wconf 84' lang='lat' dir='ltr'><strong>efﬁcitur,</strong></span> <span class='ocrx_word' id='word_1_294' title='bbox 2842 2179 2903 2242; x_wconf 92' lang='lat' dir='ltr'><strong>id</strong></span> <span class='ocrx_word' id='word_1_295' title='bbox 2949 2180 3103 2260; x_wconf 92' lang='lat' dir='ltr'><strong>quod</strong></span> <span class='ocrx_word' id='word_1_296' title='bbox 3138 2174 3640 2246; x_wconf 67' lang='lat' dir='ltr'><strong>reconciliationis</strong></span> <span class='ocrx_word' id='word_1_297' title='bbox 3670 2206 3804 2248; x_wconf 90' lang='lat' dir='ltr'><strong>cum</strong></span> 
     </span>
    </p>
   </div>
   <div class='ocr_carea' id='block_1_37' title="bbox 421 2262 3826 2355">
    <p class='ocr_par' dir='ltr' id='par_1_37' title="bbox 421 2262 3826 2355">
     <span class='ocr_line' id='line_1_37' title="bbox 421 2262 3826 2355; baseline 0.001 -19"><span class='ocrx_word' id='word_1_298' title='bbox 421 2271 711 2342; x_wconf 85' lang='lat' dir='ltr'><strong>consistit,</strong></span> <span class='ocrx_word' id='word_1_299' title='bbox 729 2278 788 2332; x_wconf 89' lang='lat' dir='ltr'><strong>ut</strong></span> <span class='ocrx_word' id='word_1_300' title='bbox 807 2262 1713 2355; x_wconf 80' lang='lat' dir='ltr'><strong>inaspectabiliainaspectabili,</strong></span> <span class='ocrx_word' id='word_1_301' title='bbox 1734 2264 2077 2355; x_wconf 82' lang='lat' dir='ltr'><strong>iutelligibi—</strong></span> <span class='ocrx_word' id='word_1_302' title='bbox 2157 2263 2281 2355; x_wconf 89' lang='lat' dir='ltr'><strong>Deo</strong></span> <span class='ocrx_word' id='word_1_303' title='bbox 2308 2277 2720 2345; x_wconf 64' lang='lat' dir='ltr'><strong>argumentum</strong></span> <span class='ocrx_word' id='word_1_304' title='bbox 2746 2276 2856 2330; x_wconf 90' lang='lat' dir='ltr'><strong>est.</strong></span> <span class='ocrx_word' id='word_1_305' title='bbox 2877 2267 3024 2330; x_wconf 92' lang='lat' dir='ltr'><strong>Sunt</strong></span> <span class='ocrx_word' id='word_1_306' title='bbox 3053 2271 3210 2331; x_wconf 87' lang='lat' dir='ltr'><strong>enim</strong></span> <span class='ocrx_word' id='word_1_307' title='bbox 3243 2273 3354 2335; x_wconf 89' lang='lat' dir='ltr'><strong>ista</strong></span> <span class='ocrx_word' id='word_1_308' title='bbox 3384 2275 3682 2355; x_wconf 63' lang='lat' dir='ltr'><strong>praecipua</strong></span> <span class='ocrx_word' id='word_1_309' title='bbox 3702 2278 3826 2340; x_wconf 82' lang='lat' dir='ltr'><strong>Dei&#39;</strong></span> 
     </span>
    </p>
   </div>
   <div class='ocr_carea' id='block_1_38' title="bbox 419 2353 3804 2440">
    <p class='ocr_par' dir='ltr' id='par_1_38' title="bbox 419 2353 3804 2440">
     <span class='ocr_line' id='line_1_38' title="bbox 419 2353 3804 2440; baseline 0.002 -16"><span class='ocrx_word' id='word_1_310' title='bbox 419 2364 500 2426; x_wconf 90' lang='lat' dir='ltr'><strong>lia</strong></span> <span class='ocrx_word' id='word_1_311' title='bbox 527 2357 906 2440; x_wconf 71' lang='lat' dir='ltr'><strong>intelligibili,</strong></span> <span class='ocrx_word' id='word_1_312' title='bbox 941 2364 999 2418; x_wconf 93' lang='lat' dir='ltr'><strong>et</strong></span> <span class='ocrx_word' id='word_1_313' title='bbox 1027 2354 1354 2434; x_wconf 87' lang='lat' dir='ltr'><strong>corporalia</strong></span> <span class='ocrx_word' id='word_1_314' title='bbox 1385 2371 1516 2414; x_wconf 90' lang='lat' dir='ltr'><strong>cum</strong></span> <span class='ocrx_word' id='word_1_315' title='bbox 1532 2353 1730 2414; x_wconf 88' lang='lat' dir='ltr'><strong>anima</strong></span> <span class='ocrx_word' id='word_1_316' title='bbox 1751 2354 2073 2434; x_wconf 86' lang='lat' dir='ltr'><strong>quoquead</strong></span> <span class='ocrx_word' id='word_1_317' title='bbox 2158 2354 2339 2429; x_wconf 91' lang='lat' dir='ltr'><strong>dona,</strong></span> <span class='ocrx_word' id='word_1_318' title='bbox 2374 2364 2434 2416; x_wconf 90' lang='lat' dir='ltr'><strong>et</strong></span> <span class='ocrx_word' id='word_1_319' title='bbox 2490 2356 2869 2430; x_wconf 89' lang='lat' dir='ltr'><strong>charismata,</strong></span> <span class='ocrx_word' id='word_1_320' title='bbox 2930 2362 3322 2422; x_wconf 89' lang='lat' dir='ltr'><strong>mansuetudo</strong></span> <span class='ocrx_word' id='word_1_321' title='bbox 3380 2353 3439 2423; x_wconf 85' lang='lat' dir='ltr'><strong>et</strong></span> <span class='ocrx_word' id='word_1_322' title='bbox 3477 2353 3804 2431; x_wconf 84' lang='lat' dir='ltr'><strong>humilitas.</strong></span> 
     </span>
    </p>
   </div>
   <div class='ocr_carea' id='block_1_39' title="bbox 419 2441 3806 2535">
    <p class='ocr_par' dir='ltr' id='par_1_39' title="bbox 419 2441 3806 2535">
     <span class='ocr_line' id='line_1_39' title="bbox 419 2441 3806 2535; baseline 0 -18"><span class='ocrx_word' id='word_1_323' title='bbox 419 2454 608 2517; x_wconf 91' lang='lat' dir='ltr'><strong>Deum</strong></span> <span class='ocrx_word' id='word_1_324' title='bbox 640 2449 954 2513; x_wconf 90' lang='lat' dir='ltr'><strong>colendum</strong></span> <span class='ocrx_word' id='word_1_325' title='bbox 987 2462 1052 2505; x_wconf 92' lang='lat' dir='ltr'><strong>se</strong></span> <span class='ocrx_word' id='word_1_326' title='bbox 1083 2441 1422 2535; x_wconf 81' lang='lat' dir='ltr'><strong>subjiciam,</strong></span> <span class='ocrx_word' id='word_1_327' title='bbox 1476 2443 1576 2521; x_wconf 91' lang='lat' dir='ltr'><strong>qui</strong></span> <span class='ocrx_word' id='word_1_328' title='bbox 1637 2441 1915 2535; x_wconf 82' lang='lat' dir='ltr'><strong>manibus</strong></span> <span class='ocrx_word' id='word_1_329' title='bbox 1956 2443 2070 2504; x_wconf 88' lang='lat' dir='ltr'><strong>hu-</strong></span> <span class='ocrx_word' id='word_1_330' title='bbox 2155 2443 2431 2535; x_wconf 85' lang='lat' dir='ltr'><strong>Animam</strong></span> <span class='ocrx_word' id='word_1_331' title='bbox 2458 2445 2660 2506; x_wconf 86' lang='lat' dir='ltr'><strong>mitem</strong></span> <span class='ocrx_word' id='word_1_332' title='bbox 2685 2446 3045 2508; x_wconf 89' lang='lat' dir='ltr'><strong>ethumilem</strong></span> <span class='ocrx_word' id='word_1_333' title='bbox 3063 2451 3366 2512; x_wconf 71' lang='lat' dir='ltr'><strong>daemones</strong></span> <span class='ocrx_word' id='word_1_334' title='bbox 3386 2453 3458 2513; x_wconf 91' lang='lat' dir='ltr'><strong>ad</strong></span> <span class='ocrx_word' id='word_1_335' title='bbox 3483 2454 3806 2535; x_wconf 88' lang='lat' dir='ltr'><strong>voluptates</strong></span> 
     </span>
    </p>
   </div>
   <div class='ocr_carea' id='block_1_40' title="bbox 421 2530 3804 2622">
    <p class='ocr_par' dir='ltr' id='par_1_40' title="bbox 421 2530 3804 2622">
     <span class='ocr_line' id='line_1_40' title="bbox 421 2530 3804 2622; baseline 0 -16"><span class='ocrx_word' id='word_1_336' title='bbox 421 2543 614 2606; x_wconf 88' lang='lat' dir='ltr'><strong>manis</strong></span> <span class='ocrx_word' id='word_1_337' title='bbox 642 2539 876 2602; x_wconf 90' lang='lat' dir='ltr'><strong>colitur.</strong></span> <span class='ocrx_word' id='word_1_338' title='bbox 923 2532 1088 2606; x_wconf 89' lang='lat' dir='ltr'><strong>Quod</strong></span> <span class='ocrx_word' id='word_1_339' title='bbox 1139 2549 1277 2592; x_wconf 91' lang='lat' dir='ltr'><strong>vero</strong></span> <span class='ocrx_word' id='word_1_340' title='bbox 1338 2530 1542 2603; x_wconf 88' lang='lat' dir='ltr'><strong>etiam,</strong></span> <span class='ocrx_word' id='word_1_341' title='bbox 1604 2549 1736 2610; x_wconf 70' lang='lat' dir='ltr'><strong>quae</strong></span> <span class='ocrx_word' id='word_1_342' title='bbox 1765 2531 1826 2591; x_wconf 90' lang='lat' dir='ltr'><strong>in</strong></span> <span class='ocrx_word' id='word_1_343' title='bbox 1859 2550 2074 2594; x_wconf 82' lang='lat' dir='ltr'><strong>sensus</strong></span> <span class='ocrx_word' id='word_1_344' title='bbox 2155 2533 2451 2622; x_wconf 89' lang='lat' dir='ltr'><strong>corporis,</strong></span> <span class='ocrx_word' id='word_1_345' title='bbox 2485 2543 2584 2594; x_wconf 89' lang='lat' dir='ltr'><strong>aut</strong></span> <span class='ocrx_word' id='word_1_346' title='bbox 2613 2535 2941 2611; x_wconf 88' lang='lat' dir='ltr'><strong>avaritiam,</strong></span> <span class='ocrx_word' id='word_1_347' title='bbox 3004 2546 3104 2598; x_wconf 92' lang='lat' dir='ltr'><strong>aut</strong></span> <span class='ocrx_word' id='word_1_348' title='bbox 3159 2539 3233 2600; x_wconf 93' lang='lat' dir='ltr'><strong>ad</strong></span> <span class='ocrx_word' id='word_1_349' title='bbox 3291 2559 3497 2603; x_wconf 89' lang='lat' dir='ltr'><strong>vanam</strong></span> <span class='ocrx_word' id='word_1_350' title='bbox 3555 2530 3804 2622; x_wconf 82' lang='lat' dir='ltr'><strong>gloriam</strong></span> 
     </span>
    </p>
   </div>
   <div class='ocr_carea' id='block_1_41' title="bbox 421 2619 2067 2705">
    <p class='ocr_par' dir='ltr' id='par_1_41' title="bbox 421 2619 2067 2705">
     <span class='ocr_line' id='line_1_41' title="bbox 421 2619 2067 2705; baseline -0.009 -9"><span class='ocrx_word' id='word_1_351' title='bbox 421 2633 659 2705; x_wconf 90' lang='lat' dir='ltr'><strong>cadunt,</strong></span> <span class='ocrx_word' id='word_1_352' title='bbox 687 2647 806 2689; x_wconf 90' lang='lat' dir='ltr'><strong>non</strong></span> <span class='ocrx_word' id='word_1_353' title='bbox 837 2621 1091 2702; x_wconf 90' lang='lat' dir='ltr'><strong>respuit,</strong></span> <span class='ocrx_word' id='word_1_354' title='bbox 1126 2619 1460 2692; x_wconf 88' lang='lat' dir='ltr'><strong>sciendum,</strong></span> <span class='ocrx_word' id='word_1_355' title='bbox 1498 2629 1636 2680; x_wconf 89' lang='lat' dir='ltr'><strong>tunc</strong></span> <span class='ocrx_word' id='word_1_356' title='bbox 1669 2639 1739 2680; x_wconf 84' lang='lat' dir='ltr'><strong>ea</strong></span> <span class='ocrx_word' id='word_1_357' title='bbox 1770 2621 2067 2701; x_wconf 66' lang='lat' dir='ltr'><strong>accipi-re,</strong></span> 
     </span>
    </p>
   </div>
   <div class='ocr_carea' id='block_1_42' title="bbox 421 2708 1828 2795">
    <p class='ocr_par' dir='ltr' id='par_1_42' title="bbox 421 2708 1828 2795">
     <span class='ocr_line' id='line_1_42' title="bbox 421 2708 1828 2795; baseline -0.009 -11"><span class='ocrx_word' id='word_1_358' title='bbox 421 2741 556 2784; x_wconf 90' lang='lat' dir='ltr'><strong>cum</strong></span> <span class='ocrx_word' id='word_1_359' title='bbox 590 2727 790 2781; x_wconf 90' lang='lat' dir='ltr'><strong>mente</strong></span> <span class='ocrx_word' id='word_1_360' title='bbox 821 2731 966 2795; x_wconf 89' lang='lat' dir='ltr'><strong>pura</strong></span> <span class='ocrx_word' id='word_1_361' title='bbox 993 2730 1059 2773; x_wconf 90' lang='lat' dir='ltr'><strong>ac</strong></span> <span class='ocrx_word' id='word_1_362' title='bbox 1091 2709 1326 2770; x_wconf 89' lang='lat' dir='ltr'><strong>sincera</strong></span> <span class='ocrx_word' id='word_1_363' title='bbox 1357 2708 1553 2770; x_wconf 87' lang='lat' dir='ltr'><strong>oblata</strong></span> <span class='ocrx_word' id='word_1_364' title='bbox 1584 2708 1828 2771; x_wconf 84' lang='lat' dir='ltr'><strong>fuerint.</strong></span> 
     </span>
    </p>
   </div>
   <div class='ocr_carea' id='block_1_43' title="bbox 500 2797 2073 2885">
    <p class='ocr_par' dir='ltr' id='par_1_43' title="bbox 500 2797 2073 2885">
     <span class='ocr_line' id='line_1_43' title="bbox 500 2797 2073 2885; baseline -0.008 -13"><span class='ocrx_word' id='word_1_365' title='bbox 500 2809 712 2872; x_wconf 89' lang='lat' dir='ltr'><strong>Omnis</strong></span> <span class='ocrx_word' id='word_1_366' title='bbox 735 2805 953 2885; x_wconf 90' lang='lat' dir='ltr'><strong>quippe</strong></span> <span class='ocrx_word' id='word_1_367' title='bbox 983 2797 1196 2876; x_wconf 89' lang='lat' dir='ltr'><strong>oratio,</strong></span> <span class='ocrx_word' id='word_1_368' title='bbox 1224 2816 1292 2858; x_wconf 89' lang='lat' dir='ltr'><strong>ac</strong></span> <span class='ocrx_word' id='word_1_369' title='bbox 1316 2797 1644 2876; x_wconf 90' lang='lat' dir='ltr'><strong>psalmodia</strong></span> <span class='ocrx_word' id='word_1_370' title='bbox 1665 2797 1882 2860; x_wconf 77' lang='lat' dir='ltr'><strong>divinae</strong></span> <span class='ocrx_word' id='word_1_371' title='bbox 1906 2798 2073 2860; x_wconf 86' lang='lat' dir='ltr'><strong>Scri-</strong></span> 
     </span>
    </p>
   </div>
   <div class='ocr_carea' id='block_1_44' title="bbox 420 2886 2073 2982">
    <p class='ocr_par' dir='ltr' id='par_1_44' title="bbox 420 2886 2073 2982">
     <span class='ocr_line' id='line_1_44' title="bbox 420 2886 2073 2982; baseline -0.007 -20"><span class='ocrx_word' id='word_1_372' title='bbox 420 2909 629 2982; x_wconf 86' lang='lat' dir='ltr'><strong>pturae,</strong></span> <span class='ocrx_word' id='word_1_373' title='bbox 653 2914 784 2958; x_wconf 91' lang='lat' dir='ltr'><strong>cum</strong></span> <span class='ocrx_word' id='word_1_374' title='bbox 805 2893 942 2982; x_wconf 87' lang='lat' dir='ltr'><strong>Deo_</strong></span> <span class='ocrx_word' id='word_1_375' title='bbox 959 2886 1380 2982; x_wconf 74' lang='lat' dir='ltr'><strong>reconciliatio</strong></span> <span class='ocrx_word' id='word_1_376' title='bbox 1401 2895 1510 2950; x_wconf 91' lang='lat' dir='ltr'><strong>est.</strong></span> <span class='ocrx_word' id='word_1_377' title='bbox 1539 2887 1656 2948; x_wconf 88' lang='lat' dir='ltr'><strong>Aut</strong></span> <span class='ocrx_word' id='word_1_378' title='bbox 1681 2887 1839 2948; x_wconf 90' lang='lat' dir='ltr'><strong>enim</strong></span> <span class='ocrx_word' id='word_1_379' title='bbox 1867 2887 2073 2982; x_wconf 83' lang='lat' dir='ltr'><strong>petitio</strong></span> 
     </span>
    </p>
   </div>
   <div class='ocr_carea' id='block_1_45' title="bbox 422 2975 2071 3063">
    <p class='ocr_par' dir='ltr' id='par_1_45' title="bbox 422 2975 2071 3063">
     <span class='ocr_line' id='line_1_45' title="bbox 422 2975 2071 3063; baseline -0.009 -10"><span class='ocrx_word' id='word_1_380' title='bbox 422 2975 732 3053; x_wconf 73' lang='lat' dir='ltr'><strong>esteorum</strong></span> <span class='ocrx_word' id='word_1_381' title='bbox 753 2999 884 3063; x_wconf 63' lang='lat' dir='ltr'><strong>qua;</strong></span> <span class='ocrx_word' id='word_1_382' title='bbox 913 2979 1066 3040; x_wconf 89' lang='lat' dir='ltr'><strong>Deus</strong></span> <span class='ocrx_word' id='word_1_383' title='bbox 1099 2995 1204 3056; x_wconf 88' lang='lat' dir='ltr'><strong>per</strong></span> <span class='ocrx_word' id='word_1_384' title='bbox 1231 2975 1506 3054; x_wconf 84' lang='lat' dir='ltr'><strong>gratiam,</strong></span> <span class='ocrx_word' id='word_1_385' title='bbox 1542 2994 1646 3057; x_wconf 92' lang='lat' dir='ltr'><strong>pro</strong></span> <span class='ocrx_word' id='word_1_386' title='bbox 1679 2995 1748 3038; x_wconf 90' lang='lat' dir='ltr'><strong>eo</strong></span> <span class='ocrx_word' id='word_1_387' title='bbox 1780 2996 1848 3038; x_wconf 90' lang='lat' dir='ltr'><strong>ac</strong></span> <span class='ocrx_word' id='word_1_388' title='bbox 1876 2976 2071 3058; x_wconf 89' lang='lat' dir='ltr'><strong>ipsum</strong></span> 
     </span>
    </p>
   </div>
   <div class='ocr_carea' id='block_1_46' title="bbox 2155 2620 3804 2709">
    <p class='ocr_par' dir='ltr' id='par_1_46' title="bbox 2155 2620 3804 2709">
     <span class='ocr_line' id='line_1_46' title="bbox 2155 2620 3804 2709; baseline 0.008 -28"><span class='ocrx_word' id='word_1_389' title='bbox 2155 2620 2370 2682; x_wconf 86' lang='lat' dir='ltr'><strong>iterum</strong></span> <span class='ocrx_word' id='word_1_390' title='bbox 2399 2641 2766 2703; x_wconf 85' lang='lat' dir='ltr'><strong>Oppugnare,</strong></span> <span class='ocrx_word' id='word_1_391' title='bbox 2795 2633 2858 2686; x_wconf 90' lang='lat' dir='ltr'><strong>ut</strong></span> <span class='ocrx_word' id='word_1_392' title='bbox 2881 2634 3039 2703; x_wconf 88' lang='lat' dir='ltr'><strong>ante,</strong></span> <span class='ocrx_word' id='word_1_393' title='bbox 3063 2646 3180 2688; x_wconf 90' lang='lat' dir='ltr'><strong>non</strong></span> <span class='ocrx_word' id='word_1_394' title='bbox 3205 2640 3453 2709; x_wconf 91' lang='lat' dir='ltr'><strong>possunt</strong></span> <span class='ocrx_word' id='word_1_395' title='bbox 3522 2620 3592 2693; x_wconf 80' lang='lat' dir='ltr'><strong>Et</strong></span> <span class='ocrx_word' id='word_1_396' title='bbox 3613 2634 3671 2693; x_wconf 89' lang='lat' dir='ltr'><strong>in</strong></span> <span class='ocrx_word' id='word_1_397' title='bbox 3708 2633 3804 2696; x_wconf 91' lang='lat' dir='ltr'><strong>his</strong></span> 
     </span>
    </p>
   </div>
   <div class='ocr_carea' id='block_1_47' title="bbox 2155 2710 3798 2802">
    <p class='ocr_par' dir='ltr' id='par_1_47' title="bbox 2155 2710 3798 2802">
     <span class='ocr_line' id='line_1_47' title="bbox 2155 2710 3798 2802; baseline 0.009 -32"><span class='ocrx_word' id='word_1_398' title='bbox 2155 2710 2387 2772; x_wconf 93' lang='lat' dir='ltr'><strong>duobus</strong></span> <span class='ocrx_word' id='word_1_399' title='bbox 2414 2713 2634 2773; x_wconf 87' lang='lat' dir='ltr'><strong>Christi</strong></span> <span class='ocrx_word' id='word_1_400' title='bbox 2665 2713 2838 2775; x_wconf 91' lang='lat' dir='ltr'><strong>donis</strong></span> <span class='ocrx_word' id='word_1_401' title='bbox 2887 2715 3264 2793; x_wconf 89' lang='lat' dir='ltr'><strong>levationem,</strong></span> <span class='ocrx_word' id='word_1_402' title='bbox 3325 2739 3391 2781; x_wconf 90' lang='lat' dir='ltr'><strong>ac</strong></span> <span class='ocrx_word' id='word_1_403' title='bbox 3424 2728 3692 2802; x_wconf 88' lang='lat' dir='ltr'><strong>requiem</strong></span> <span class='ocrx_word' id='word_1_404' title='bbox 3722 2724 3798 2785; x_wconf 92' lang='lat' dir='ltr'><strong>ab</strong></span> 
     </span>
    </p>
   </div>
   <div class='ocr_carea' id='block_1_48' title="bbox 2158 2800 3803 2884">
    <p class='ocr_par' dir='ltr' id='par_1_48' title="bbox 2158 2800 3803 2884">
     <span class='ocr_line' id='line_1_48' title="bbox 2158 2800 3803 2884; baseline 0.009 -24"><span class='ocrx_word' id='word_1_405' title='bbox 2158 2800 2503 2880; x_wconf 90' lang='lat' dir='ltr'><strong>hujusmodi</strong></span> <span class='ocrx_word' id='word_1_406' title='bbox 2534 2803 3016 2879; x_wconf 87' lang='lat' dir='ltr'><strong>necessitatibus,</strong></span> <span class='ocrx_word' id='word_1_407' title='bbox 3073 2806 3298 2869; x_wconf 90' lang='lat' dir='ltr'><strong>invenit</strong></span> <span class='ocrx_word' id='word_1_408' title='bbox 3325 2800 3543 2872; x_wconf 81' lang='lat' dir='ltr'><strong>anima.</strong></span> <span class='ocrx_word' id='word_1_409' title='bbox 3579 2812 3803 2884; x_wconf 88' lang='lat' dir='ltr'><strong>Quam-</strong></span> 
     </span>
    </p>
   </div>
   <div class='ocr_carea' id='block_1_49' title="bbox 2157 2888 3802 2981">
    <p class='ocr_par' dir='ltr' id='par_1_49' title="bbox 2157 2888 3802 2981">
     <span class='ocr_line' id='line_1_49' title="bbox 2157 2888 3802 2981; baseline 0.009 -31"><span class='ocrx_word' id='word_1_410' title='bbox 2157 2888 2362 2981; x_wconf 81' lang='lat' dir='ltr'><strong>obrem</strong></span> <span class='ocrx_word' id='word_1_411' title='bbox 2393 2908 2604 2970; x_wconf 90' lang='lat' dir='ltr'><strong>pauca,</strong></span> <span class='ocrx_word' id='word_1_412' title='bbox 2637 2910 2772 2953; x_wconf 91' lang='lat' dir='ltr'><strong>cum</strong></span> <span class='ocrx_word' id='word_1_413' title='bbox 2828 2893 3043 2956; x_wconf 92' lang='lat' dir='ltr'><strong>timore</strong></span> <span class='ocrx_word' id='word_1_414' title='bbox 3101 2907 3160 2959; x_wconf 90' lang='lat' dir='ltr'><strong>et</strong></span> <span class='ocrx_word' id='word_1_415' title='bbox 3218 2896 3520 2962; x_wconf 91' lang='lat' dir='ltr'><strong>intellectu</strong></span> <span class='ocrx_word' id='word_1_416' title='bbox 3552 2903 3802 2981; x_wconf 86' lang='lat' dir='ltr'><strong>psallere</strong></span> 
     </span>
    </p>
   </div>
   <div class='ocr_carea' id='block_1_50' title="bbox 2156 2977 3795 3070">
    <p class='ocr_par' dir='ltr' id='par_1_50' title="bbox 2156 2977 3795 3070">
     <span class='ocr_line' id='line_1_50' title="bbox 2156 2977 3795 3070; baseline 0.009 -32"><span class='ocrx_word' id='word_1_417' title='bbox 2156 2977 2466 3042; x_wconf 91' lang='lat' dir='ltr'><strong>debemus.</strong></span> <span class='ocrx_word' id='word_1_418' title='bbox 2515 2981 2679 3054; x_wconf 84' lang='lat' dir='ltr'><strong>Quod</strong></span> <span class='ocrx_word' id='word_1_419' title='bbox 2713 2990 2908 3070; x_wconf 89' lang='lat' dir='ltr'><strong>tamen</strong></span> <span class='ocrx_word' id='word_1_420' title='bbox 2941 2983 3106 3045; x_wconf 92' lang='lat' dir='ltr'><strong>omni</strong></span> <span class='ocrx_word' id='word_1_421' title='bbox 3159 2989 3449 3064; x_wconf 62' lang='lat' dir='ltr'><strong>smeulari,</strong></span> <span class='ocrx_word' id='word_1_422' title='bbox 3484 2977 3795 3070; x_wconf 80' lang='lat' dir='ltr'><strong>monacho,</strong></span> 
     </span>
    </p>
   </div>
   <div class='ocr_carea' id='block_1_51' title="bbox 420 3065 3803 3175">
    <p class='ocr_par' dir='ltr' id='par_1_51' title="bbox 420 3065 3803 3175">
     <span class='ocr_line' id='line_1_51' title="bbox 420 3065 3803 3175; baseline 0 -33"><span class='ocrx_word' id='word_1_423' title='bbox 420 3081 616 3152; x_wconf 80' lang='lat' dir='ltr'><strong>decet,</strong></span> <span class='ocrx_word' id='word_1_424' title='bbox 642 3071 983 3137; x_wconf 88' lang='lat' dir='ltr'><strong>hominibus</strong></span> <span class='ocrx_word' id='word_1_425' title='bbox 1005 3069 1229 3128; x_wconf 90' lang='lat' dir='ltr'><strong>donare</strong></span> <span class='ocrx_word' id='word_1_426' title='bbox 1253 3065 1423 3127; x_wconf 89' lang='lat' dir='ltr'><strong>solet.</strong></span> <span class='ocrx_word' id='word_1_427' title='bbox 1451 3068 1566 3127; x_wconf 88' lang='lat' dir='ltr'><strong>Aut</strong></span> <span class='ocrx_word' id='word_1_428' title='bbox 1589 3075 1723 3127; x_wconf 89' lang='lat' dir='ltr'><strong>sunt</strong></span> <span class='ocrx_word' id='word_1_429' title='bbox 1746 3067 2069 3146; x_wconf 80' lang='lat' dir='ltr'><strong>gratiarum</strong></span> <span class='ocrx_word' id='word_1_430' title='bbox 2090 3125 2128 3175; x_wconf 64' lang='grc' dir='ltr'>Ο</span> <span class='ocrx_word' id='word_1_431' title='bbox 2155 3067 2548 3175; x_wconf 63' lang='lat' dir='ltr'><strong>anachoretaa,</strong></span> <span class='ocrx_word' id='word_1_432' title='bbox 2583 3069 2827 3151; x_wconf 90' lang='lat' dir='ltr'><strong>clerico,</strong></span> <span class='ocrx_word' id='word_1_433' title='bbox 2861 3071 3138 3150; x_wconf 87' lang='lat' dir='ltr'><strong>diacono,</strong></span> <span class='ocrx_word' id='word_1_434' title='bbox 3173 3078 3492 3156; x_wconf 90' lang='lat' dir='ltr'><strong>sacerdoti,</strong></span> <span class='ocrx_word' id='word_1_435' title='bbox 3528 3065 3803 3162; x_wconf 83' lang='lat' dir='ltr'><strong>episcopo</strong></span> 
     </span>
    </p>
   </div>
   <div class='ocr_carea' id='block_1_52' title="bbox 419 3153 3809 3252">
    <p class='ocr_par' dir='ltr' id='par_1_52' title="bbox 419 3153 3809 3252">
     <span class='ocr_line' id='line_1_52' title="bbox 419 3153 3809 3252; baseline 0.001 -21"><span class='ocrx_word' id='word_1_436' title='bbox 419 3171 685 3231; x_wconf 86' lang='lat' dir='ltr'><strong>actiones</strong></span> <span class='ocrx_word' id='word_1_437' title='bbox 712 3164 834 3225; x_wconf 93' lang='lat' dir='ltr'><strong>Deo</strong></span> <span class='ocrx_word' id='word_1_438' title='bbox 869 3179 973 3241; x_wconf 92' lang='lat' dir='ltr'><strong>pro</strong></span> <span class='ocrx_word' id='word_1_439' title='bbox 1002 3155 1263 3237; x_wconf 82' lang='lat' dir='ltr'><strong>opiﬁcio,</strong></span> <span class='ocrx_word' id='word_1_440' title='bbox 1298 3153 1400 3236; x_wconf 93' lang='lat' dir='ltr'><strong>qui</strong></span> <span class='ocrx_word' id='word_1_441' title='bbox 1445 3156 1607 3218; x_wconf 91' lang='lat' dir='ltr'><strong>nulla</strong></span> <span class='ocrx_word' id='word_1_442' title='bbox 1637 3156 1908 3235; x_wconf 90' lang='lat' dir='ltr'><strong>subjecta</strong></span> <span class='ocrx_word' id='word_1_443' title='bbox 1939 3177 2070 3220; x_wconf 89' lang='lat' dir='ltr'><strong>ma-</strong></span> <span class='ocrx_word' id='word_1_444' title='bbox 2090 3153 2128 3175; x_wconf 66' lang='grc' dir='ltr'><strong>ν</strong></span> <span class='ocrx_word' id='word_1_445' title='bbox 2155 3156 2528 3252; x_wconf 87' lang='lat' dir='ltr'><strong>impossibile</strong></span> <span class='ocrx_word' id='word_1_446' title='bbox 2555 3168 2645 3220; x_wconf 90' lang='lat' dir='ltr'><strong>est</strong></span> <span class='ocrx_word' id='word_1_447' title='bbox 2664 3178 2930 3252; x_wconf 82' lang='lat' dir='ltr'><strong>prorsus,</strong></span> <span class='ocrx_word' id='word_1_448' title='bbox 2959 3163 3070 3252; x_wconf 90' lang='lat' dir='ltr'><strong>nisi</strong></span> <span class='ocrx_word' id='word_1_449' title='bbox 3091 3165 3301 3228; x_wconf 90' lang='lat' dir='ltr'><strong>horum</strong></span> <span class='ocrx_word' id='word_1_450' title='bbox 3335 3153 3809 3252; x_wconf 75' lang='lat' dir='ltr'><strong>uniuscujusque</strong></span> 
     </span>
    </p>
   </div>
   <div class='ocr_carea' id='block_1_53' title="bbox 421 3244 3810 3341">
    <p class='ocr_par' dir='ltr' id='par_1_53' title="bbox 421 3244 3810 3341">
     <span class='ocr_line' id='line_1_53' title="bbox 421 3244 3810 3341; baseline -0.003 -20"><span class='ocrx_word' id='word_1_451' title='bbox 421 3259 574 3321; x_wconf 90' lang='lat' dir='ltr'><strong>teria</strong></span> <span class='ocrx_word' id='word_1_452' title='bbox 591 3248 1227 3337; x_wconf 87' lang='lat' dir='ltr'><strong>procreavituniversa.</strong></span> <span class='ocrx_word' id='word_1_453' title='bbox 1267 3249 1378 3305; x_wconf 84' lang='lat' dir='ltr'><strong>Aut</strong></span> <span class='ocrx_word' id='word_1_454' title='bbox 1400 3263 1940 3308; x_wconf 89' lang='lat' dir='ltr'><strong>commemoramus</strong></span> <span class='ocrx_word' id='word_1_455' title='bbox 1964 3264 2073 3327; x_wconf 90' lang='lat' dir='ltr'><strong>per</strong></span> <span class='ocrx_word' id='word_1_456' title='bbox 2155 3244 2355 3341; x_wconf 73' lang='lat' dir='ltr'><strong>anima</strong></span> <span class='ocrx_word' id='word_1_457' title='bbox 2384 3264 2491 3325; x_wconf 89' lang='lat' dir='ltr'><strong>pro</strong></span> <span class='ocrx_word' id='word_1_458' title='bbox 2509 3266 2805 3341; x_wconf 72' lang='lat' dir='ltr'><strong>mensura</strong></span> <span class='ocrx_word' id='word_1_459' title='bbox 2835 3250 2974 3341; x_wconf 86' lang='lat' dir='ltr'><strong>ﬂdei</strong></span> <span class='ocrx_word' id='word_1_460' title='bbox 3006 3251 3191 3332; x_wconf 91' lang='lat' dir='ltr'><strong>ipsius</strong></span> <span class='ocrx_word' id='word_1_461' title='bbox 3221 3255 3281 3316; x_wconf 90' lang='lat' dir='ltr'><strong>in</strong></span> <span class='ocrx_word' id='word_1_462' title='bbox 3315 3244 3643 3341; x_wconf 75' lang='lat' dir='ltr'><strong>Christum,</strong></span> <span class='ocrx_word' id='word_1_463' title='bbox 3676 3244 3810 3341; x_wconf 58' lang='lat' dir='ltr'><strong>S&#39;pi.</strong></span> 
     </span>
    </p>
   </div>
   <div class='ocr_carea' id='block_1_54' title="bbox 419 3333 3809 3429">
    <p class='ocr_par' dir='ltr' id='par_1_54' title="bbox 419 3333 3809 3429">
     <span class='ocr_line' id='line_1_54' title="bbox 419 3333 3809 3429; baseline 0 -19"><span class='ocrx_word' id='word_1_464' title='bbox 419 3333 620 3410; x_wconf 72' lang='lat' dir='ltr'><strong>aetates</strong></span> <span class='ocrx_word' id='word_1_465' title='bbox 643 3340 996 3406; x_wconf 90' lang='lat' dir='ltr'><strong>admiranda</strong></span> <span class='ocrx_word' id='word_1_466' title='bbox 1025 3353 1226 3417; x_wconf 87' lang='lat' dir='ltr'><strong>opera,</strong></span> <span class='ocrx_word' id='word_1_467' title='bbox 1255 3334 1526 3429; x_wconf 78' lang='lat' dir='ltr'><strong>prodigia</strong></span> <span class='ocrx_word' id='word_1_468' title='bbox 1556 3342 1614 3396; x_wconf 90' lang='lat' dir='ltr'><strong>et</strong></span> <span class='ocrx_word' id='word_1_469' title='bbox 1643 3334 1812 3429; x_wconf 79' lang='lat' dir='ltr'><strong>signa</strong></span> <span class='ocrx_word' id='word_1_470' title='bbox 1843 3337 1915 3397; x_wconf 90' lang='lat' dir='ltr'><strong>ad</strong></span> <span class='ocrx_word' id='word_1_471' title='bbox 1947 3337 2063 3429; x_wconf 84' lang='lat' dir='ltr'><strong>glo-</strong></span> <span class='ocrx_word' id='word_1_472' title='bbox 2155 3333 2308 3429; x_wconf 77' lang='lat' dir='ltr'><strong>ritus</strong></span> <span class='ocrx_word' id='word_1_473' title='bbox 2335 3335 2536 3429; x_wconf 71' lang='lat' dir='ltr'><strong>sancti</strong></span> <span class='ocrx_word' id='word_1_474' title='bbox 2555 3337 2854 3429; x_wconf 78' lang='lat' dir='ltr'><strong>particeps</strong></span> <span class='ocrx_word' id='word_1_475' title='bbox 2911 3339 3031 3402; x_wconf 85' lang='lat' dir='ltr'><strong>ﬁat.</strong></span> <span class='ocrx_word' id='word_1_476' title='bbox 3082 3342 3386 3414; x_wconf 80' lang='lat' dir='ltr'><strong>Quoniam</strong></span> <span class='ocrx_word' id='word_1_477' title='bbox 3405 3364 3580 3409; x_wconf 83' lang='lat' dir='ltr'><strong>nemo</strong></span> <span class='ocrx_word' id='word_1_478' title='bbox 3605 3333 3809 3429; x_wconf 66' lang='lat' dir='ltr'><strong>potest</strong></span> 
     </span>
    </p>
   </div>
   <div class='ocr_carea' id='block_1_55' title="bbox 419 3423 3811 3515">
    <p class='ocr_par' dir='ltr' id='par_1_55' title="bbox 419 3423 3811 3515">
     <span class='ocr_line' id='line_1_55' title="bbox 419 3423 3811 3515; baseline 0.001 -16"><span class='ocrx_word' id='word_1_479' title='bbox 419 3437 570 3499; x_wconf 81' lang='lat' dir='ltr'><strong>riam</strong></span> <span class='ocrx_word' id='word_1_480' title='bbox 603 3435 755 3515; x_wconf 86' lang='lat' dir='ltr'><strong>ejus,</strong></span> <span class='ocrx_word' id='word_1_481' title='bbox 791 3437 850 3492; x_wconf 91' lang='lat' dir='ltr'><strong>et</strong></span> <span class='ocrx_word' id='word_1_482' title='bbox 878 3428 1127 3490; x_wconf 89' lang='lat' dir='ltr'><strong>salutem</strong></span> <span class='ocrx_word' id='word_1_483' title='bbox 1163 3423 1493 3515; x_wconf 81' lang='lat' dir='ltr'><strong>hominum,</strong></span> <span class='ocrx_word' id='word_1_484' title='bbox 1520 3431 1578 3485; x_wconf 90' lang='lat' dir='ltr'><strong>et</strong></span> <span class='ocrx_word' id='word_1_485' title='bbox 1610 3423 1930 3515; x_wconf 85' lang='lat' dir='ltr'><strong>vindictam</strong></span> <span class='ocrx_word' id='word_1_486' title='bbox 1960 3425 2071 3486; x_wconf 89' lang='lat' dir='ltr'><strong>ini-</strong></span> <span class='ocrx_word' id='word_1_487' title='bbox 2153 3424 2652 3515; x_wconf 60' lang='lat' dir='ltr'><strong>dicerem-minus</strong></span> <span class='ocrx_word' id='word_1_488' title='bbox 2667 3426 2857 3508; x_wconf 84' lang='lat' dir='ltr'><strong>Jesus,</strong></span> <span class='ocrx_word' id='word_1_489' title='bbox 2883 3430 3006 3491; x_wconf 74' lang='lat' dir='ltr'><strong>nisi</strong></span> <span class='ocrx_word' id='word_1_490' title='bbox 3027 3430 3093 3491; x_wconf 77' lang='lat' dir='ltr'><strong>in</strong></span> <span class='ocrx_word' id='word_1_491' title='bbox 3115 3431 3385 3511; x_wconf 81' lang='lat' dir='ltr'><strong>Spiritus</strong></span> <span class='ocrx_word' id='word_1_492' title='bbox 3403 3423 3619 3500; x_wconf 72' lang='lat' dir='ltr'><strong>sancto</strong></span> <span class='ocrx_word' id='word_1_493' title='bbox 3634 3437 3811 3501; x_wconf 68' lang='lat' dir='ltr'><strong>9i.Et</strong></span> 
     </span>
    </p>
   </div>
   <div class='ocr_carea' id='block_1_56' title="bbox 420 3511 3809 3609">
    <p class='ocr_par' dir='ltr' id='par_1_56' title="bbox 420 3511 3809 3609">
     <span class='ocr_line' id='line_1_56' title="bbox 420 3511 3809 3609; baseline 0.001 -21"><span class='ocrx_word' id='word_1_494' title='bbox 420 3511 695 3609; x_wconf 83' lang='lat' dir='ltr'><strong>quorum,</strong></span> <span class='ocrx_word' id='word_1_495' title='bbox 728 3513 2069 3609; x_wconf 33' lang='lat' dir='ltr'><strong>improborumqueexhibita.-Autarcaniori-</strong></span> <span class='ocrx_word' id='word_1_496' title='bbox 2153 3511 2293 3609; x_wconf 80' lang='lat' dir='ltr'><strong>quia</strong></span> <span class='ocrx_word' id='word_1_497' title='bbox 2322 3512 2579 3609; x_wconf 60' lang='lat' dir='ltr'><strong>Spiritus</strong></span> <span class='ocrx_word' id='word_1_498' title='bbox 2637 3517 2870 3609; x_wconf 72' lang='lat' dir='ltr'><strong>est,__i_n</strong></span> <span class='ocrx_word' id='word_1_499' title='bbox 2921 3535 3044 3609; x_wconf 79' lang='lat' dir='ltr'><strong>quo</strong></span> <span class='ocrx_word' id='word_1_500' title='bbox 3104 3522 3444 3600; x_wconf 86' lang='lat' dir='ltr'><strong>adoramus,</strong></span> <span class='ocrx_word' id='word_1_501' title='bbox 3507 3535 3566 3588; x_wconf 91' lang='lat' dir='ltr'><strong>et</strong></span> <span class='ocrx_word' id='word_1_502' title='bbox 3596 3546 3809 3607; x_wconf 88' lang='lat' dir='ltr'><strong>preces</strong></span> 
     </span>
    </p>
   </div>
   <div class='ocr_carea' id='block_1_57' title="bbox 419 3599 3804 3689">
    <p class='ocr_par' dir='ltr' id='par_1_57' title="bbox 419 3599 3804 3689">
     <span class='ocr_line' id='line_1_57' title="bbox 419 3599 3804 3689; baseline -0.001 -9"><span class='ocrx_word' id='word_1_503' title='bbox 419 3599 532 3679; x_wconf 72' lang='lat' dir='ltr'><strong>bus</strong></span> <span class='ocrx_word' id='word_1_504' title='bbox 569 3599 896 3677; x_wconf 83' lang='lat' dir='ltr'><strong>rationibus</strong></span> <span class='ocrx_word' id='word_1_505' title='bbox 925 3605 1181 3668; x_wconf 88' lang='lat' dir='ltr'><strong>divinam</strong></span> <span class='ocrx_word' id='word_1_506' title='bbox 1222 3602 1349 3682; x_wconf 90' lang='lat' dir='ltr'><strong>ejus</strong></span> <span class='ocrx_word' id='word_1_507' title='bbox 1376 3602 1848 3664; x_wconf 89' lang='lat' dir='ltr'><strong>administratam</strong></span> <span class='ocrx_word' id='word_1_508' title='bbox 1871 3605 2070 3684; x_wconf 84' lang='lat' dir='ltr'><strong>piovi-</strong></span> <span class='ocrx_word' id='word_1_509' title='bbox 2149 3599 2466 3662; x_wconf 61' lang='lat' dir='ltr'><strong>inimus92.</strong></span> <span class='ocrx_word' id='word_1_510' title='bbox 2511 3602 2579 3664; x_wconf 89' lang='lat' dir='ltr'><strong>Et</strong></span> <span class='ocrx_word' id='word_1_511' title='bbox 2595 3603 2734 3684; x_wconf 91' lang='lat' dir='ltr'><strong>quia</strong></span> <span class='ocrx_word' id='word_1_512' title='bbox 2768 3605 2876 3667; x_wconf 78' lang='lat' dir='ltr'><strong>Ubi</strong></span> <span class='ocrx_word' id='word_1_513' title='bbox 2902 3606 3172 3685; x_wconf 71' lang='lat' dir='ltr'><strong>Spiritus</strong></span> <span class='ocrx_word' id='word_1_514' title='bbox 3201 3599 3468 3689; x_wconf 65' lang='lat' dir='ltr'><strong>Domini,</strong></span> <span class='ocrx_word' id='word_1_515' title='bbox 3505 3599 3804 3680; x_wconf 49' lang='lat' dir='ltr'><strong>ibi-liber-</strong></span> 
     </span>
    </p>
   </div>
   <div class='ocr_carea' id='block_1_58' title="bbox 418 3691 3808 3777">
    <p class='ocr_par' dir='ltr' id='par_1_58' title="bbox 418 3691 3808 3777">
     <span class='ocr_line' id='line_1_58' title="bbox 418 3691 3808 3777; baseline -0.007 -9"><span class='ocrx_word' id='word_1_516' title='bbox 418 3705 702 3768; x_wconf 88' lang='lat' dir='ltr'><strong>dentiam.</strong></span> <span class='ocrx_word' id='word_1_517' title='bbox 739 3701 858 3763; x_wconf 87' lang='lat' dir='ltr'><strong>Aut</strong></span> <span class='ocrx_word' id='word_1_518' title='bbox 889 3695 1229 3777; x_wconf 80' lang='lat' dir='ltr'><strong>mysterium</strong></span> <span class='ocrx_word' id='word_1_519' title='bbox 1265 3691 1700 3753; x_wconf 90' lang='lat' dir='ltr'><strong>lncarnatiouis</strong></span> <span class='ocrx_word' id='word_1_520' title='bbox 1722 3691 1907 3754; x_wconf 87' lang='lat' dir='ltr'><strong>Verbi</strong></span> <span class='ocrx_word' id='word_1_521' title='bbox 1936 3692 2066 3774; x_wconf 90' lang='lat' dir='ltr'><strong>Dei,</strong></span> <span class='ocrx_word' id='word_1_522' title='bbox 2153 3696 2249 3752; x_wconf 83' lang='lat' dir='ltr'><strong>tas</strong></span> <span class='ocrx_word' id='word_1_523' title='bbox 2268 3691 2353 3767; x_wconf 76' lang='lat'><strong>93,</strong></span> <span class='ocrx_word' id='word_1_524' title='bbox 2389 3692 2634 3754; x_wconf 91' lang='lat' dir='ltr'><strong>libertas</strong></span> <span class='ocrx_word' id='word_1_525' title='bbox 2660 3703 2859 3756; x_wconf 91' lang='lat' dir='ltr'><strong>autem</strong></span> <span class='ocrx_word' id='word_1_526' title='bbox 2915 3705 2972 3757; x_wconf 90' lang='lat' dir='ltr'><strong>et</strong></span> <span class='ocrx_word' id='word_1_527' title='bbox 3028 3701 3319 3762; x_wconf 75' lang='lat' dir='ltr'><strong>securitas</strong></span> <span class='ocrx_word' id='word_1_528' title='bbox 3368 3721 3401 3763; x_wconf 68' lang='grc' dir='ltr'><strong>ει</strong></span> <span class='ocrx_word' id='word_1_529' title='bbox 3433 3705 3808 3768; x_wconf 48' lang='lat' dir='ltr'><strong>daemonibus</strong></span> 
     </span>
    </p>
   </div>
   <div class='ocr_carea' id='block_1_59' title="bbox 419 3779 3804 3874">
    <p class='ocr_par' dir='ltr' id='par_1_59' title="bbox 419 3779 3804 3874">
     <span class='ocr_line' id='line_1_59' title="bbox 419 3779 3804 3874; baseline 0.001 -19"><span class='ocrx_word' id='word_1_530' title='bbox 419 3791 718 3874; x_wconf 79' lang='lat' dir='ltr'><strong>quomodo</strong></span> <span class='ocrx_word' id='word_1_531' title='bbox 747 3805 925 3869; x_wconf 89' lang='lat' dir='ltr'><strong>quem</strong></span> <span class='ocrx_word' id='word_1_532' title='bbox 975 3779 1376 3874; x_wconf 87' lang='lat' dir='ltr'><strong>universitatis</strong></span> <span class='ocrx_word' id='word_1_533' title='bbox 1435 3779 1692 3841; x_wconf 90' lang='lat' dir='ltr'><strong>ambitus</strong></span> <span class='ocrx_word' id='word_1_534' title='bbox 1717 3783 2070 3874; x_wconf 76' lang='lat' dir='ltr'><strong>non_ccepit,</strong></span> <span class='ocrx_word' id='word_1_535' title='bbox 2152 3780 2454 3874; x_wconf 76' lang='lat' dir='ltr'><strong>videlicet,</strong></span> <span class='ocrx_word' id='word_1_536' title='bbox 2488 3783 2588 3874; x_wconf 90' lang='lat' dir='ltr'><strong>qui</strong></span> <span class='ocrx_word' id='word_1_537' title='bbox 2621 3783 2846 3852; x_wconf 85' lang='lat' dir='ltr'><strong>odium,</strong></span> <span class='ocrx_word' id='word_1_538' title='bbox 2909 3786 3228 3874; x_wconf 87' lang='lat' dir='ltr'><strong>tristitiam,</strong></span> <span class='ocrx_word' id='word_1_539' title='bbox 3263 3793 3804 3870; x_wconf 88' lang='lat' dir='ltr'><strong>perturbationem,</strong></span> 
     </span>
    </p>
   </div>
   <div class='ocr_carea' id='block_1_60' title="bbox 421 3869 3803 3964">
    <p class='ocr_par' dir='ltr' id='par_1_60' title="bbox 421 3869 3803 3964">
     <span class='ocr_line' id='line_1_60' title="bbox 421 3869 3803 3964; baseline 0 -19"><span class='ocrx_word' id='word_1_540' title='bbox 421 3869 818 3944; x_wconf 69' lang='lat' dir='ltr'><strong>immaculata:</strong></span> <span class='ocrx_word' id='word_1_541' title='bbox 836 3873 1096 3952; x_wconf 79' lang='lat' dir='ltr'><strong>Virginis</strong></span> <span class='ocrx_word' id='word_1_542' title='bbox 1113 3879 1279 3932; x_wconf 91' lang='lat' dir='ltr'><strong>utero</strong></span> <span class='ocrx_word' id='word_1_543' title='bbox 1300 3877 1527 3949; x_wconf 90' lang='lat' dir='ltr'><strong>captus,</strong></span> <span class='ocrx_word' id='word_1_544' title='bbox 1554 3878 1753 3945; x_wconf 84' lang='lat' dir='ltr'><strong>natus,</strong></span> <span class='ocrx_word' id='word_1_545' title='bbox 1789 3869 2073 3932; x_wconf 87' lang='lat' dir='ltr'><strong>educatus</strong></span> <span class='ocrx_word' id='word_1_546' title='bbox 2156 3869 2726 3949; x_wconf 79' lang='lat' dir='ltr'><strong>pusillanimitatem,</strong></span> <span class='ocrx_word' id='word_1_547' title='bbox 2768 3872 3110 3964; x_wconf 89' lang='lat' dir='ltr'><strong>pravitatem</strong></span> <span class='ocrx_word' id='word_1_548' title='bbox 3160 3869 3417 3954; x_wconf 82' lang='lat' dir='ltr'><strong>morum,</strong></span> <span class='ocrx_word' id='word_1_549' title='bbox 3451 3885 3803 3964; x_wconf 88' lang='lat' dir='ltr'><strong>nequitiam,</strong></span> 
     </span>
    </p>
   </div>
   <div class='ocr_carea' id='block_1_61' title="bbox 419 3958 3807 4053">
    <p class='ocr_par' dir='ltr' id='par_1_61' title="bbox 419 3958 3807 4053">
     <span class='ocr_line' id='line_1_61' title="bbox 419 3958 3807 4053; baseline 0.001 -19"><span class='ocrx_word' id='word_1_550' title='bbox 419 3975 522 4053; x_wconf 91' lang='lat' dir='ltr'><strong>sit,</strong></span> <span class='ocrx_word' id='word_1_551' title='bbox 583 3970 1008 4046; x_wconf 77' lang='lat' dir='ltr'><strong>caelestemque</strong></span> <span class='ocrx_word' id='word_1_552' title='bbox 1063 3959 1297 4022; x_wconf 89' lang='lat' dir='ltr'><strong>vivendi</strong></span> <span class='ocrx_word' id='word_1_553' title='bbox 1359 3977 1629 4020; x_wconf 89' lang='lat' dir='ltr'><strong>normam</strong></span> <span class='ocrx_word' id='word_1_554' title='bbox 1687 3960 1962 4022; x_wconf 86' lang='lat' dir='ltr'><strong>docuerit</strong></span> <span class='ocrx_word' id='word_1_555' title='bbox 2019 3969 2077 4053; x_wconf 82' lang='lat' dir='ltr'><strong>et</strong></span> <span class='ocrx_word' id='word_1_556' title='bbox 2156 3958 2662 4053; x_wconf 84' lang='lat' dir='ltr'><strong>incredulitatem,</strong></span> <span class='ocrx_word' id='word_1_557' title='bbox 2712 3963 3109 4053; x_wconf 75' lang='lat' dir='ltr'><strong>iracundiam,</strong></span> <span class='ocrx_word' id='word_1_558' title='bbox 3170 3958 3694 4050; x_wconf 79' lang='lat' dir='ltr'><strong>intemperantiam</strong></span> <span class='ocrx_word' id='word_1_559' title='bbox 3743 3958 3807 4035; x_wconf 80' lang='lat' dir='ltr'><strong>in</strong></span> 
     </span>
    </p>
   </div>
   <div class='ocr_carea' id='block_1_62' title="bbox 427 4049 3806 4144">
    <p class='ocr_par' dir='ltr' id='par_1_62' title="bbox 427 4049 3806 4144">
     <span class='ocr_line' id='line_1_62' title="bbox 427 4049 3806 4144; baseline -0.001 -20"><span class='ocrx_word' id='word_1_560' title='bbox 427 4049 780 4134; x_wconf 83' lang='lat' dir='ltr'><strong>ostenderit,</strong></span> <span class='ocrx_word' id='word_1_561' title='bbox 813 4056 1251 4131; x_wconf 90' lang='lat' dir='ltr'><strong>salutaremque</strong></span> <span class='ocrx_word' id='word_1_562' title='bbox 1306 4055 1557 4109; x_wconf 89' lang='lat' dir='ltr'><strong>mortem</strong></span> <span class='ocrx_word' id='word_1_563' title='bbox 1610 4068 1954 4132; x_wconf 72' lang='lat' dir='ltr'><strong>perpessus,</strong></span> <span class='ocrx_word' id='word_1_564' title='bbox 2003 4050 2075 4112; x_wconf 91' lang='lat' dir='ltr'><strong>ab</strong></span> <span class='ocrx_word' id='word_1_565' title='bbox 2160 4049 2358 4110; x_wconf 89' lang='lat' dir='ltr'><strong>anima</strong></span> <span class='ocrx_word' id='word_1_566' title='bbox 2384 4054 2660 4144; x_wconf 81' lang='lat' dir='ltr'><strong>excitant.</strong></span> <span class='ocrx_word' id='word_1_567' title='bbox 2697 4051 2925 4144; x_wconf 85' lang='lat' dir='ltr'><strong>Quibus</strong></span> <span class='ocrx_word' id='word_1_568' title='bbox 2954 4053 3055 4134; x_wconf 91' lang='lat' dir='ltr'><strong>qui</strong></span> <span class='ocrx_word' id='word_1_569' title='bbox 3110 4049 3420 4120; x_wconf 87' lang='lat' dir='ltr'><strong>constricti</strong></span> <span class='ocrx_word' id='word_1_570' title='bbox 3450 4073 3607 4136; x_wconf 89' lang='lat' dir='ltr'><strong>sunt,</strong></span> <span class='ocrx_word' id='word_1_571' title='bbox 3636 4064 3806 4144; x_wconf 88' lang='lat' dir='ltr'><strong>jeju-</strong></span> 
     </span>
    </p>
   </div>
   <div class='ocr_carea' id='block_1_63' title="bbox 429 4139 3804 4233">
    <p class='ocr_par' dir='ltr' id='par_1_63' title="bbox 429 4139 3804 4233">
     <span class='ocr_line' id='line_1_63' title="bbox 429 4139 3804 4233; baseline 0.001 -22"><span class='ocrx_word' id='word_1_572' title='bbox 429 4149 640 4211; x_wconf 84' lang='lat' dir='ltr'><strong>inferis</strong></span> <span class='ocrx_word' id='word_1_573' title='bbox 670 4142 1088 4216; x_wconf 83' lang='lat' dir='ltr'><strong>resurrexerit,</strong></span> <span class='ocrx_word' id='word_1_574' title='bbox 1147 4155 1436 4219; x_wconf 82' lang='lat' dir='ltr'><strong>spemque</strong></span> <span class='ocrx_word' id='word_1_575' title='bbox 1490 4139 1974 4214; x_wconf 88' lang='lat' dir='ltr'><strong>resurrectionis,</strong></span> <span class='ocrx_word' id='word_1_576' title='bbox 2020 4147 2078 4202; x_wconf 92' lang='lat' dir='ltr'><strong>et</strong></span> <span class='ocrx_word' id='word_1_577' title='bbox 2160 4147 2396 4214; x_wconf 88' lang='lat' dir='ltr'><strong>nantes,</strong></span> <span class='ocrx_word' id='word_1_578' title='bbox 2452 4139 2630 4200; x_wconf 90' lang='lat' dir='ltr'><strong>vitam</strong></span> <span class='ocrx_word' id='word_1_579' title='bbox 2691 4142 3010 4202; x_wconf 90' lang='lat' dir='ltr'><strong>solitariam</strong></span> <span class='ocrx_word' id='word_1_580' title='bbox 3073 4145 3452 4229; x_wconf 84' lang='lat' dir='ltr'><strong>quietamque</strong></span> <span class='ocrx_word' id='word_1_581' title='bbox 3484 4139 3804 4233; x_wconf 74' lang='lat' dir='ltr'><strong>sectantes,</strong></span> 
     </span>
    </p>
   </div>
   <div class='ocr_carea' id='block_1_64' title="bbox 425 4225 3811 4318">
    <p class='ocr_par' dir='ltr' id='par_1_64' title="bbox 425 4225 3811 4318">
     <span class='ocr_line' id='line_1_64' title="bbox 425 4225 3811 4318; baseline -0.002 -20"><span class='ocrx_word' id='word_1_582' title='bbox 425 4239 559 4301; x_wconf 62' lang='lat' dir='ltr'><strong>vitae</strong></span> <span class='ocrx_word' id='word_1_583' title='bbox 612 4245 851 4300; x_wconf 75' lang='lat' dir='ltr'><strong>aeternae</strong></span> <span class='ocrx_word' id='word_1_584' title='bbox 907 4228 1114 4312; x_wconf 82' lang='lat' dir='ltr'><strong>generi</strong></span> <span class='ocrx_word' id='word_1_585' title='bbox 1171 4225 1478 4289; x_wconf 89' lang='lat' dir='ltr'><strong>hominum</strong></span> <span class='ocrx_word' id='word_1_586' title='bbox 1537 4226 1870 4309; x_wconf 89' lang='lat' dir='ltr'><strong>donaverit,</strong></span> <span class='ocrx_word' id='word_1_587' title='bbox 1926 4228 2076 4318; x_wconf 89' lang='lat' dir='ltr'><strong>etin</strong></span> <span class='ocrx_word' id='word_1_588' title='bbox 2160 4229 2640 4318; x_wconf 80' lang='lat' dir='ltr'><strong>possessionibus</strong></span> <span class='ocrx_word' id='word_1_589' title='bbox 2669 4241 2960 4308; x_wconf 90' lang='lat' dir='ltr'><strong>carentes,</strong></span> <span class='ocrx_word' id='word_1_590' title='bbox 2997 4236 3244 4296; x_wconf 91' lang='lat' dir='ltr'><strong>multum</strong></span> <span class='ocrx_word' id='word_1_591' title='bbox 3268 4225 3613 4318; x_wconf 76' lang='lat' dir='ltr'><strong>psallentes,</strong></span> <span class='ocrx_word' id='word_1_592' title='bbox 3648 4225 3811 4306; x_wconf 62' lang='lat' dir='ltr'><strong>divi;</strong></span> 
     </span>
    </p>
   </div>
   <div class='ocr_carea' id='block_1_65' title="bbox 427 4316 3809 4404">
    <p class='ocr_par' dir='ltr' id='par_1_65' title="bbox 427 4316 3809 4404">
     <span class='ocr_line' id='line_1_65' title="bbox 427 4316 3809 4404; baseline 0 -11"><span class='ocrx_word' id='word_1_593' title='bbox 427 4330 666 4404; x_wconf 62' lang='lat' dir='ltr'><strong>caelum,</strong></span> <span class='ocrx_word' id='word_1_594' title='bbox 704 4334 768 4388; x_wconf 92' lang='lat' dir='ltr'><strong>ut</strong></span> <span class='ocrx_word' id='word_1_595' title='bbox 795 4325 998 4403; x_wconf 89' lang='lat' dir='ltr'><strong>homo,</strong></span> <span class='ocrx_word' id='word_1_596' title='bbox 1067 4325 1403 4397; x_wconf 90' lang='lat' dir='ltr'><strong>assumptus</strong></span> <span class='ocrx_word' id='word_1_597' title='bbox 1459 4316 1658 4392; x_wconf 89' lang='lat' dir='ltr'><strong>fuerit,</strong></span> <span class='ocrx_word' id='word_1_598' title='bbox 1694 4325 1757 4379; x_wconf 90' lang='lat' dir='ltr'><strong>ut</strong></span> <span class='ocrx_word' id='word_1_599' title='bbox 1787 4317 2074 4399; x_wconf 87' lang='lat' dir='ltr'><strong>Spiritum</strong></span> <span class='ocrx_word' id='word_1_600' title='bbox 2160 4336 2366 4378; x_wconf 91' lang='lat' dir='ltr'><strong>narum</strong></span> <span class='ocrx_word' id='word_1_601' title='bbox 2400 4316 2838 4398; x_wconf 91' lang='lat' dir='ltr'><strong>Scripturarum</strong></span> <span class='ocrx_word' id='word_1_602' title='bbox 2872 4322 3306 4401; x_wconf 84' lang='lat' dir='ltr'><strong>explanatores,</strong></span> <span class='ocrx_word' id='word_1_603' title='bbox 3343 4316 3809 4393; x_wconf 57' lang='lat' dir='ltr'><strong>orthodosorum</strong></span> 
     </span>
    </p>
   </div>
   <div class='ocr_carea' id='block_1_66' title="bbox 425 4406 3806 4504">
    <p class='ocr_par' dir='ltr' id='par_1_66' title="bbox 425 4406 3806 4504">
     <span class='ocr_line' id='line_1_66' title="bbox 425 4406 3806 4504; baseline 0 -22"><span class='ocrx_word' id='word_1_604' title='bbox 425 4427 694 4482; x_wconf 92' lang='lat' dir='ltr'><strong>sanctum</strong></span> <span class='ocrx_word' id='word_1_605' title='bbox 729 4434 796 4478; x_wconf 86' lang='lat' dir='ltr'><strong>ex</strong></span> <span class='ocrx_word' id='word_1_606' title='bbox 830 4416 952 4477; x_wconf 89' lang='lat' dir='ltr'><strong>Deo</strong></span> <span class='ocrx_word' id='word_1_607' title='bbox 1010 4411 1184 4473; x_wconf 91' lang='lat' dir='ltr'><strong>Patre</strong></span> <span class='ocrx_word' id='word_1_608' title='bbox 1234 4424 1342 4468; x_wconf 92' lang='lat' dir='ltr'><strong>suo</strong></span> <span class='ocrx_word' id='word_1_609' title='bbox 1402 4406 1849 4485; x_wconf 86' lang='lat' dir='ltr'><strong>procedentem,</strong></span> <span class='ocrx_word' id='word_1_610' title='bbox 1886 4408 1947 4470; x_wconf 90' lang='lat' dir='ltr'><strong>in</strong></span> <span class='ocrx_word' id='word_1_611' title='bbox 1977 4427 2079 4469; x_wconf 93' lang='lat' dir='ltr'><strong>eos</strong></span> <span class='ocrx_word' id='word_1_612' title='bbox 2101 4407 2514 4504; x_wconf 80' lang='lat' dir='ltr'><strong>Ddogmatum</strong></span> <span class='ocrx_word' id='word_1_613' title='bbox 2535 4409 2996 4504; x_wconf 82' lang='lat' dir='ltr'><strong>conscriptores,</strong></span> <span class='ocrx_word' id='word_1_614' title='bbox 3024 4415 3806 4504; x_wconf 88' lang='lat' dir='ltr'><strong>etmagistriEcclesiarum,</strong></span> 
     </span>
    </p>
   </div>
   <div class='ocr_carea' id='block_1_67' title="bbox 427 4497 2075 4593">
    <p class='ocr_par' dir='ltr' id='par_1_67' title="bbox 427 4497 2075 4593">
     <span class='ocr_line' id='line_1_67' title="bbox 427 4497 2075 4593; baseline -0.009 -20"><span class='ocrx_word' id='word_1_615' title='bbox 427 4511 531 4593; x_wconf 89' lang='lat' dir='ltr'><strong>qui</strong></span> <span class='ocrx_word' id='word_1_616' title='bbox 566 4509 628 4571; x_wconf 89' lang='lat' dir='ltr'><strong>in</strong></span> <span class='ocrx_word' id='word_1_617' title='bbox 661 4510 856 4589; x_wconf 91' lang='lat' dir='ltr'><strong>ipsum</strong></span> <span class='ocrx_word' id='word_1_618' title='bbox 886 4499 1302 4593; x_wconf 86' lang='lat' dir='ltr'><strong>credidissent,</strong></span> <span class='ocrx_word' id='word_1_619' title='bbox 1338 4497 1678 4593; x_wconf 77' lang='lat' dir='ltr'><strong>demitteret</strong></span> <span class='ocrx_word' id='word_1_620' title='bbox 1710 4517 1726 4574; x_wconf 93' lang='lat'>;</span> <span class='ocrx_word' id='word_1_621' title='bbox 1790 4517 1968 4593; x_wconf 78' lang='lat' dir='ltr'><strong>quem</strong></span> <span class='ocrx_word' id='word_1_622' title='bbox 2001 4497 2075 4593; x_wconf 80' lang='lat' dir='ltr'><strong>ab</strong></span> 
     </span>
    </p>
   </div>
   <div class='ocr_carea' id='block_1_68' title="bbox 424 4587 2075 4680">
    <p class='ocr_par' dir='ltr' id='par_1_68' title="bbox 424 4587 2075 4680">
     <span class='ocr_line' id='line_1_68' title="bbox 424 4587 2075 4680; baseline -0.008 -18"><span class='ocrx_word' id='word_1_623' title='bbox 424 4587 596 4663; x_wconf 76' lang='lat' dir='ltr'><strong>initio</strong></span> <span class='ocrx_word' id='word_1_624' title='bbox 630 4587 910 4680; x_wconf 81' lang='lat' dir='ltr'><strong>princeps</strong></span> <span class='ocrx_word' id='word_1_625' title='bbox 963 4595 1139 4654; x_wconf 90' lang='lat' dir='ltr'><strong>homo</strong></span> <span class='ocrx_word' id='word_1_626' title='bbox 1196 4590 1459 4651; x_wconf 87' lang='lat' dir='ltr'><strong>Adamus</strong></span> <span class='ocrx_word' id='word_1_627' title='bbox 1488 4587 1715 4680; x_wconf 84' lang='lat' dir='ltr'><strong>habuit,</strong></span> <span class='ocrx_word' id='word_1_628' title='bbox 1751 4598 1810 4650; x_wconf 92' lang='lat' dir='ltr'><strong>et</strong></span> <span class='ocrx_word' id='word_1_629' title='bbox 1832 4589 1907 4652; x_wconf 94' lang='lat' dir='ltr'><strong>ob</strong></span> <span class='ocrx_word' id='word_1_630' title='bbox 1934 4591 2075 4650; x_wconf 86' lang='lat' dir='ltr'><strong>inﬁ-</strong></span> 
     </span>
    </p>
   </div>
   <div class='ocr_carea' id='block_1_69' title="bbox 425 4678 2078 4758">
    <p class='ocr_par' dir='ltr' id='par_1_69' title="bbox 425 4678 2078 4758">
     <span class='ocr_line' id='line_1_69' title="bbox 425 4678 2078 4758; baseline -0.007 -6"><span class='ocrx_word' id='word_1_631' title='bbox 425 4678 732 4752; x_wconf 75' lang='lat' dir='ltr'><strong>delitatem</strong></span> <span class='ocrx_word' id='word_1_632' title='bbox 763 4685 983 4749; x_wconf 89' lang='lat' dir='ltr'><strong>amisit.</strong></span> <span class='ocrx_word' id='word_1_633' title='bbox 1035 4681 1146 4743; x_wconf 90' lang='lat' dir='ltr'><strong>Hic</strong></span> <span class='ocrx_word' id='word_1_634' title='bbox 1205 4696 1461 4758; x_wconf 88' lang='lat' dir='ltr'><strong>namque</strong></span> <span class='ocrx_word' id='word_1_635' title='bbox 1521 4678 1697 4738; x_wconf 92' lang='lat' dir='ltr'><strong>totius</strong></span> <span class='ocrx_word' id='word_1_636' title='bbox 1727 4684 2078 4742; x_wconf 64' lang='lat' dir='ltr'><strong>(economiaa</strong></span> 
     </span>
    </p>
   </div>
   <div class='ocr_carea' id='block_1_70' title="bbox 425 4765 2074 4855">
    <p class='ocr_par' dir='ltr' id='par_1_70' title="bbox 425 4765 2074 4855">
     <span class='ocr_line' id='line_1_70' title="bbox 425 4765 2074 4855; baseline -0.01 -12"><span class='ocrx_word' id='word_1_637' title='bbox 425 4781 584 4855; x_wconf 86' lang='lat' dir='ltr'><strong>ﬁnis,</strong></span> <span class='ocrx_word' id='word_1_638' title='bbox 616 4787 678 4840; x_wconf 93' lang='lat' dir='ltr'><strong>ut</strong></span> <span class='ocrx_word' id='word_1_639' title='bbox 727 4775 1042 4840; x_wconf 88' lang='lat' dir='ltr'><strong>credentes</strong></span> <span class='ocrx_word' id='word_1_640' title='bbox 1076 4773 1136 4832; x_wconf 91' lang='lat' dir='ltr'><strong>in</strong></span> <span class='ocrx_word' id='word_1_641' title='bbox 1167 4770 1360 4850; x_wconf 89' lang='lat' dir='ltr'><strong>ipsum</strong></span> <span class='ocrx_word' id='word_1_642' title='bbox 1393 4765 1550 4827; x_wconf 89' lang='lat' dir='ltr'><strong>velut</strong></span> <span class='ocrx_word' id='word_1_643' title='bbox 1579 4766 1766 4828; x_wconf 90' lang='lat' dir='ltr'><strong>Deum</strong></span> <span class='ocrx_word' id='word_1_644' title='bbox 1792 4776 1850 4829; x_wconf 90' lang='lat' dir='ltr'><strong>et</strong></span> <span class='ocrx_word' id='word_1_645' title='bbox 1877 4768 2074 4830; x_wconf 90' lang='lat' dir='ltr'><strong>homi-</strong></span> 
     </span>
    </p>
   </div>
   <div class='ocr_carea' id='block_1_71' title="bbox 423 4856 2074 4945">
    <p class='ocr_par' dir='ltr' id='par_1_71' title="bbox 423 4856 2074 4945">
     <span class='ocr_line' id='line_1_71' title="bbox 423 4856 2074 4945; baseline -0.009 -13"><span class='ocrx_word' id='word_1_646' title='bbox 423 4887 586 4945; x_wconf 90' lang='lat' dir='ltr'><strong>nem,</strong></span> <span class='ocrx_word' id='word_1_647' title='bbox 620 4869 681 4930; x_wconf 91' lang='lat' dir='ltr'><strong>in</strong></span> <span class='ocrx_word' id='word_1_648' title='bbox 711 4864 944 4928; x_wconf 88' lang='lat' dir='ltr'><strong>duabus</strong></span> <span class='ocrx_word' id='word_1_649' title='bbox 974 4861 1199 4924; x_wconf 88' lang='lat' dir='ltr'><strong>naturis</strong></span> <span class='ocrx_word' id='word_1_650' title='bbox 1228 4876 1349 4919; x_wconf 90' lang='lat' dir='ltr'><strong>non</strong></span> <span class='ocrx_word' id='word_1_651' title='bbox 1376 4856 1664 4937; x_wconf 88' lang='lat' dir='ltr'><strong>separatis</strong></span> <span class='ocrx_word' id='word_1_652' title='bbox 1697 4876 1894 4938; x_wconf 91' lang='lat' dir='ltr'><strong>neque</strong></span> <span class='ocrx_word' id='word_1_653' title='bbox 1925 4877 2074 4920; x_wconf 91' lang='lat' dir='ltr'><strong>con-</strong></span> 
     </span>
    </p>
   </div>
   <div class='ocr_carea' id='block_1_72' title="bbox 421 4945 2078 5029">
    <p class='ocr_par' dir='ltr' id='par_1_72' title="bbox 421 4945 2078 5029">
     <span class='ocr_line' id='line_1_72' title="bbox 421 4945 2078 5029; baseline -0.007 -9"><span class='ocrx_word' id='word_1_654' title='bbox 421 4959 570 5021; x_wconf 84' lang='lat' dir='ltr'><strong>fusis</strong></span> <span class='ocrx_word' id='word_1_655' title='bbox 601 4975 781 5020; x_wconf 92' lang='lat' dir='ltr'><strong>unum</strong></span> <span class='ocrx_word' id='word_1_656' title='bbox 835 4952 1159 5026; x_wconf 87' lang='lat' dir='ltr'><strong>Christum,</strong></span> <span class='ocrx_word' id='word_1_657' title='bbox 1211 4945 1494 5029; x_wconf 89' lang='lat' dir='ltr'><strong>Spiritum</strong></span> <span class='ocrx_word' id='word_1_658' title='bbox 1549 4953 1819 5007; x_wconf 89' lang='lat' dir='ltr'><strong>sanctum</strong></span> <span class='ocrx_word' id='word_1_659' title='bbox 1849 4946 1912 5007; x_wconf 90' lang='lat' dir='ltr'><strong>in</strong></span> <span class='ocrx_word' id='word_1_660' title='bbox 1941 4965 2078 5009; x_wconf 88' lang='lat' dir='ltr'><strong>suas</strong></span> 
     </span>
    </p>
   </div>
   <div class='ocr_carea' id='block_1_73' title="bbox 422 5035 2074 5126">
    <p class='ocr_par' dir='ltr' id='par_1_73' title="bbox 422 5035 2074 5126">
     <span class='ocr_line' id='line_1_73' title="bbox 422 5035 2074 5126; baseline -0.008 -16"><span class='ocrx_word' id='word_1_661' title='bbox 422 5049 677 5120; x_wconf 88' lang='lat' dir='ltr'><strong>animas,</strong></span> <span class='ocrx_word' id='word_1_662' title='bbox 712 5043 881 5126; x_wconf 90' lang='lat' dir='ltr'><strong>quasi</strong></span> <span class='ocrx_word' id='word_1_663' title='bbox 910 5041 1168 5104; x_wconf 89' lang='lat' dir='ltr'><strong>animam</strong></span> <span class='ocrx_word' id='word_1_664' title='bbox 1198 5035 1512 5126; x_wconf 80' lang='lat' dir='ltr'><strong>accipiant,</strong></span> <span class='ocrx_word' id='word_1_665' title='bbox 1554 5043 1614 5126; x_wconf 82' lang='lat' dir='ltr'><strong>et</strong></span> <span class='ocrx_word' id='word_1_666' title='bbox 1644 5035 1723 5096; x_wconf 88' lang='lat' dir='ltr'><strong>ita</strong></span> <span class='ocrx_word' id='word_1_667' title='bbox 1753 5036 2074 5126; x_wconf 84' lang='lat' dir='ltr'><strong>nominen-</strong></span> 
     </span>
    </p>
   </div>
   <div class='ocr_carea' id='block_1_74' title="bbox 426 5123 2074 5212">
    <p class='ocr_par' dir='ltr' id='par_1_74' title="bbox 426 5123 2074 5212">
     <span class='ocr_line' id='line_1_74' title="bbox 426 5123 2074 5212; baseline -0.007 -14"><span class='ocrx_word' id='word_1_668' title='bbox 426 5144 522 5198; x_wconf 91' lang='lat' dir='ltr'><strong>tur</strong></span> <span class='ocrx_word' id='word_1_669' title='bbox 548 5123 781 5208; x_wconf 80' lang='lat' dir='ltr'><strong>ﬁdeles,</strong></span> <span class='ocrx_word' id='word_1_670' title='bbox 808 5142 867 5195; x_wconf 92' lang='lat' dir='ltr'><strong>et</strong></span> <span class='ocrx_word' id='word_1_671' title='bbox 895 5128 1064 5212; x_wconf 88' lang='lat' dir='ltr'><strong>quasi</strong></span> <span class='ocrx_word' id='word_1_672' title='bbox 1086 5145 1316 5189; x_wconf 91' lang='lat' dir='ltr'><strong>sursum</strong></span> <span class='ocrx_word' id='word_1_673' title='bbox 1341 5123 1604 5198; x_wconf 85' lang='lat' dir='ltr'><strong>conﬂati,</strong></span> <span class='ocrx_word' id='word_1_674' title='bbox 1637 5143 1705 5185; x_wconf 90' lang='lat' dir='ltr'><strong>ac</strong></span> <span class='ocrx_word' id='word_1_675' title='bbox 1734 5124 1810 5185; x_wconf 91' lang='lat' dir='ltr'><strong>de</strong></span> <span class='ocrx_word' id='word_1_676' title='bbox 1841 5123 2074 5204; x_wconf 81' lang='lat' dir='ltr'><strong>integro</strong></span> 
     </span>
    </p>
   </div>
   <div class='ocr_carea' id='block_1_75' title="bbox 424 5213 2069 5304">
    <p class='ocr_par' dir='ltr' id='par_1_75' title="bbox 424 5213 2069 5304">
     <span class='ocr_line' id='line_1_75' title="bbox 424 5213 2069 5304; baseline -0.007 -17"><span class='ocrx_word' id='word_1_677' title='bbox 424 5225 571 5304; x_wconf 85' lang='lat' dir='ltr'><strong>ﬁcti,</strong></span> <span class='ocrx_word' id='word_1_678' title='bbox 607 5233 730 5287; x_wconf 89' lang='lat' dir='ltr'><strong>eta</strong></span> <span class='ocrx_word' id='word_1_679' title='bbox 778 5217 1074 5303; x_wconf 91' lang='lat' dir='ltr'><strong>principio</strong></span> <span class='ocrx_word' id='word_1_680' title='bbox 1131 5213 1456 5304; x_wconf 84' lang='lat' dir='ltr'><strong>informati,</strong></span> <span class='ocrx_word' id='word_1_681' title='bbox 1512 5231 1581 5275; x_wconf 90' lang='lat' dir='ltr'><strong>ac</strong></span> <span class='ocrx_word' id='word_1_682' title='bbox 1639 5222 2069 5304; x_wconf 53' lang='lat' dir='ltr'><strong>pensant-tum</strong></span> 
     </span>
    </p>
   </div>
   <div class='ocr_carea' id='block_1_76' title="bbox 425 5301 2072 5395">
    <p class='ocr_par' dir='ltr' id='par_1_76' title="bbox 425 5301 2072 5395">
     <span class='ocr_line' id='line_1_76' title="bbox 425 5301 2072 5395; baseline -0.007 -20"><span class='ocrx_word' id='word_1_683' title='bbox 425 5301 719 5395; x_wconf 85' lang='lat' dir='ltr'><strong>baptisma</strong></span> <span class='ocrx_word' id='word_1_684' title='bbox 741 5301 1074 5383; x_wconf 81' lang='lat' dir='ltr'><strong>reformati,</strong></span> <span class='ocrx_word' id='word_1_685' title='bbox 1094 5306 1348 5395; x_wconf 82' lang='lat' dir='ltr'><strong>factique</strong></span> <span class='ocrx_word' id='word_1_686' title='bbox 1368 5303 1594 5395; x_wconf 85' lang='lat' dir='ltr'><strong>denuo,</strong></span> <span class='ocrx_word' id='word_1_687' title='bbox 1632 5301 1824 5395; x_wconf 82' lang='lat' dir='ltr'><strong>qualis</strong></span> <span class='ocrx_word' id='word_1_688' title='bbox 1847 5302 2072 5383; x_wconf 91' lang='lat' dir='ltr'><strong>primus</strong></span> 
     </span>
    </p>
   </div>
   <div class='ocr_carea' id='block_1_77' title="bbox 422 5391 2072 5480">
    <p class='ocr_par' dir='ltr' id='par_1_77' title="bbox 422 5391 2072 5480">
     <span class='ocr_line' id='line_1_77' title="bbox 422 5391 2072 5480; baseline -0.007 -14"><span class='ocrx_word' id='word_1_689' title='bbox 422 5391 600 5466; x_wconf 71' lang='lat' dir='ltr'><strong>horno</strong></span> <span class='ocrx_word' id='word_1_690' title='bbox 632 5411 786 5480; x_wconf 87' lang='lat' dir='ltr'><strong>erat,</strong></span> <span class='ocrx_word' id='word_1_691' title='bbox 815 5399 1013 5462; x_wconf 89' lang='lat' dir='ltr'><strong>animo</strong></span> <span class='ocrx_word' id='word_1_692' title='bbox 1045 5405 1105 5460; x_wconf 88' lang='lat' dir='ltr'><strong>et</strong></span> <span class='ocrx_word' id='word_1_693' title='bbox 1131 5392 1520 5468; x_wconf 88' lang='lat' dir='ltr'><strong>conscientia,</strong></span> <span class='ocrx_word' id='word_1_694' title='bbox 1553 5399 1611 5454; x_wconf 91' lang='lat' dir='ltr'><strong>et</strong></span> <span class='ocrx_word' id='word_1_695' title='bbox 1638 5391 1916 5455; x_wconf 90' lang='lat' dir='ltr'><strong>sensibus</strong></span> <span class='ocrx_word' id='word_1_696' title='bbox 1946 5412 2072 5455; x_wconf 91' lang='lat' dir='ltr'><strong>om-</strong></span> 
     </span>
    </p>
   </div>
   <div class='ocr_carea' id='block_1_78' title="bbox 2163 4496 3806 4589">
    <p class='ocr_par' dir='ltr' id='par_1_78' title="bbox 2163 4496 3806 4589">
     <span class='ocr_line' id='line_1_78' title="bbox 2163 4496 3806 4589; baseline 0.01 -33"><span class='ocrx_word' id='word_1_697' title='bbox 2163 4504 2221 4556; x_wconf 92' lang='lat' dir='ltr'><strong>et</strong></span> <span class='ocrx_word' id='word_1_698' title='bbox 2244 4496 2626 4572; x_wconf 90' lang='lat' dir='ltr'><strong>sanctissimi,</strong></span> <span class='ocrx_word' id='word_1_699' title='bbox 2648 4516 2714 4559; x_wconf 90' lang='lat' dir='ltr'><strong>ac</strong></span> <span class='ocrx_word' id='word_1_700' title='bbox 2722 4499 3045 4578; x_wconf 90' lang='lat' dir='ltr'><strong>justissimi</strong></span> <span class='ocrx_word' id='word_1_701' title='bbox 3059 4551 3068 4560; x_wconf 94' lang='lat'><strong>.</strong></span> <span class='ocrx_word' id='word_1_702' title='bbox 3084 4519 3138 4563; x_wconf 77' lang='lat' dir='ltr'><strong>et</strong></span> <span class='ocrx_word' id='word_1_703' title='bbox 3156 4504 3333 4583; x_wconf 84' lang='lat' dir='ltr'><strong>longe</strong></span> <span class='ocrx_word' id='word_1_704' title='bbox 3349 4496 3806 4589; x_wconf 72' lang='lat' dir='ltr'><strong>religiosissimi,</strong></span> 
     </span>
    </p>
   </div>
   <div class='ocr_carea' id='block_1_79' title="bbox 2160 4586 3806 4672">
    <p class='ocr_par' dir='ltr' id='par_1_79' title="bbox 2160 4586 3806 4672">
     <span class='ocr_line' id='line_1_79' title="bbox 2160 4586 3806 4672; baseline 0.01 -27"><span class='ocrx_word' id='word_1_705' title='bbox 2160 4604 2293 4646; x_wconf 91' lang='lat' dir='ltr'><strong>cum</strong></span> <span class='ocrx_word' id='word_1_706' title='bbox 2328 4586 2585 4663; x_wconf 90' lang='lat' dir='ltr'><strong>Christo,</strong></span> <span class='ocrx_word' id='word_1_707' title='bbox 2621 4606 2756 4648; x_wconf 90' lang='lat' dir='ltr'><strong>vero</strong></span> <span class='ocrx_word' id='word_1_708' title='bbox 2792 4589 3037 4661; x_wconf 90' lang='lat' dir='ltr'><strong>lumine,</strong></span> <span class='ocrx_word' id='word_1_709' title='bbox 3075 4593 3175 4672; x_wconf 91' lang='lat' dir='ltr'><strong>qui</strong></span> <span class='ocrx_word' id='word_1_710' title='bbox 3227 4586 3483 4659; x_wconf 21' lang='lat' dir='ltr'><strong>omnemi</strong></span> <span class='ocrx_word' id='word_1_711' title='bbox 3500 4586 3806 4662; x_wconf 86' lang='lat' dir='ltr'><strong>hominem</strong></span> 
     </span>
    </p>
   </div>
   <div class='ocr_carea' id='block_1_80' title="bbox 2160 4676 3810 4754">
    <p class='ocr_par' dir='ltr' id='par_1_80' title="bbox 2160 4676 3810 4754">
     <span class='ocr_line' id='line_1_80' title="bbox 2160 4676 3810 4754; baseline 0.012 -20"><span class='ocrx_word' id='word_1_712' title='bbox 2160 4683 2375 4754; x_wconf 90' lang='lat' dir='ltr'><strong>sponte</strong></span> <span class='ocrx_word' id='word_1_713' title='bbox 2400 4694 2506 4738; x_wconf 88' lang='lat' dir='ltr'><strong>sua</strong></span> <span class='ocrx_word' id='word_1_714' title='bbox 2534 4676 2594 4737; x_wconf 91' lang='lat' dir='ltr'><strong>in</strong></span> <span class='ocrx_word' id='word_1_715' title='bbox 2630 4695 2832 4738; x_wconf 91' lang='lat' dir='ltr'><strong>verum</strong></span> <span class='ocrx_word' id='word_1_716' title='bbox 2856 4682 3142 4742; x_wconf 90' lang='lat' dir='ltr'><strong>mundum</strong></span> <span class='ocrx_word' id='word_1_717' title='bbox 3165 4683 3442 4749; x_wconf 90' lang='lat' dir='ltr'><strong>virtutum</strong></span> <span class='ocrx_word' id='word_1_718' title='bbox 3470 4689 3810 4754; x_wconf 89' lang='lat' dir='ltr'><strong>venientem</strong></span> 
     </span>
    </p>
   </div>
   <div class='ocr_carea' id='block_1_81' title="bbox 2160 4763 3813 4856">
    <p class='ocr_par' dir='ltr' id='par_1_81' title="bbox 2160 4763 3813 4856">
     <span class='ocr_line' id='line_1_81' title="bbox 2160 4763 3813 4856; baseline 0.014 -33"><span class='ocrx_word' id='word_1_719' title='bbox 2160 4763 2482 4841; x_wconf 88' lang='lat' dir='ltr'><strong>illuminat,</strong></span> <span class='ocrx_word' id='word_1_720' title='bbox 2543 4773 2768 4846; x_wconf 89' lang='lat' dir='ltr'><strong>partem</strong></span> <span class='ocrx_word' id='word_1_721' title='bbox 2829 4769 3050 4832; x_wconf 86' lang='lat' dir='ltr'><strong>habere</strong></span> <span class='ocrx_word' id='word_1_722' title='bbox 3108 4790 3225 4834; x_wconf 93' lang='lat' dir='ltr'><strong>non</strong></span> <span class='ocrx_word' id='word_1_723' title='bbox 3281 4787 3564 4856; x_wconf 88' lang='lat' dir='ltr'><strong>possunt:</strong></span> <span class='ocrx_word' id='word_1_724' title='bbox 3617 4781 3813 4846; x_wconf 77' lang='lat' dir='ltr'><strong>Nulla</strong></span> 
     </span>
    </p>
   </div>
   <div class='ocr_carea' id='block_1_82' title="bbox 2159 4856 3276 4928">
    <p class='ocr_par' dir='ltr' id='par_1_82' title="bbox 2159 4856 3276 4928">
     <span class='ocr_line' id='line_1_82' title="bbox 2159 4856 3276 4928; baseline 0.012 -13"><span class='ocrx_word' id='word_1_725' title='bbox 2159 4857 2316 4917; x_wconf 79' lang='lat' dir='ltr'><strong>enim</strong></span> <span class='ocrx_word' id='word_1_726' title='bbox 2342 4861 2594 4920; x_wconf 78' lang='lat' dir='ltr'><strong>societas</strong></span> <span class='ocrx_word' id='word_1_727' title='bbox 2623 4856 2746 4920; x_wconf 80' lang='lat' dir='ltr'><strong>luci</strong></span> <span class='ocrx_word' id='word_1_728' title='bbox 2774 4859 2856 4918; x_wconf 85' lang='lat' dir='ltr'><strong>ad</strong></span> <span class='ocrx_word' id='word_1_729' title='bbox 2889 4860 3166 4924; x_wconf 80' lang='lat' dir='ltr'><strong>tenebras</strong></span> <span class='ocrx_word' id='word_1_730' title='bbox 3191 4863 3276 4928; x_wconf 75' lang='grc'><strong>94.</strong></span> 
     </span>
    </p>
   </div>
   <div class='ocr_carea' id='block_1_83' title="bbox 2742 5018 3210 5092">
    <p class='ocr_par' dir='ltr' id='par_1_83' title="bbox 2742 5018 3210 5092">
     <span class='ocr_line' id='line_1_83' title="bbox 2742 5018 3210 5092; baseline 0.015 -8"><span class='ocrx_word' id='word_1_731' title='bbox 2742 5018 3026 5086; x_wconf 83' lang='lat' dir='ltr'><strong>ORATIO</strong></span> <span class='ocrx_word' id='word_1_732' title='bbox 3058 5023 3210 5092; x_wconf 85' lang='lat' dir='ltr'><strong>XVI.</strong></span> 
     </span>
    </p>
   </div>
   <div class='ocr_carea' id='block_1_84' title="bbox 2765 5144 3182 5197">
    <p class='ocr_par' dir='ltr' id='par_1_84' title="bbox 2765 5144 3182 5197">
     <span class='ocr_line' id='line_1_84' title="bbox 2765 5144 3182 5197; baseline 0.017 -7"><span class='ocrx_word' id='word_1_733' title='bbox 2765 5144 3161 5196; x_wconf 69' lang='lat' dir='ltr'><strong>ARGUMENTUM</strong></span> <span class='ocrx_word' id='word_1_734' title='bbox 3169 5183 3182 5197; x_wconf 92' lang='lat'><strong>.</strong></span> 
     </span>
    </p>
   </div>
   <div class='ocr_carea' id='block_1_85' title="bbox 2154 5260 3810 5338">
    <p class='ocr_par' dir='ltr' id='par_1_85' title="bbox 2154 5260 3810 5338">
     <span class='ocr_line' id='line_1_85' title="bbox 2154 5260 3810 5338; baseline 0.012 -20"><span class='ocrx_word' id='word_1_735' title='bbox 2154 5260 2584 5338; x_wconf 77' lang='lat' dir='ltr'><strong>Deum__propler</strong></span> <span class='ocrx_word' id='word_1_736' title='bbox 2600 5264 2958 5338; x_wconf 69' lang='lat' dir='ltr'><strong>excellentem</strong></span> <span class='ocrx_word' id='word_1_737' title='bbox 2987 5269 3322 5328; x_wconf 77' lang='lat' dir='ltr'><strong>charilatem</strong></span> <span class='ocrx_word' id='word_1_738' title='bbox 3346 5274 3530 5333; x_wconf 78' lang='lat' dir='ltr'><strong>multis</strong></span> <span class='ocrx_word' id='word_1_739' title='bbox 3572 5276 3810 5338; x_wconf 78' lang='lat' dir='ltr'><strong>calami-</strong></span> 
     </span>
    </p>
   </div>
   <div class='ocr_carea' id='block_1_86' title="bbox 2227 5333 3804 5415">
    <p class='ocr_par' dir='ltr' id='par_1_86' title="bbox 2227 5333 3804 5415">
     <span class='ocr_line' id='line_1_86' title="bbox 2227 5333 3804 5415; baseline 0.012 -25"><span class='ocrx_word' id='word_1_740' title='bbox 2227 5333 2433 5415; x_wconf 62' lang='lat' dir='ltr'><strong>tatibus</strong></span> <span class='ocrx_word' id='word_1_741' title='bbox 2463 5333 2737 5415; x_wconf 63' lang='lat' dir='ltr'><strong>hominem</strong></span> <span class='ocrx_word' id='word_1_742' title='bbox 2765 5341 3104 5408; x_wconf 73' lang='lat' dir='ltr'><strong>exposuisse.</strong></span> <span class='ocrx_word' id='word_1_743' title='bbox 3169 5344 3497 5415; x_wconf 77' lang='lat' dir='ltr'><strong>Penuriam,</strong></span> <span class='ocrx_word' id='word_1_744' title='bbox 3528 5333 3624 5405; x_wconf 76' lang='lat' dir='ltr'><strong>seu.</strong></span> <span class='ocrx_word' id='word_1_745' title='bbox 3653 5333 3804 5410; x_wconf 62' lang='lat' dir='ltr'><strong>indi-</strong></span> 
     </span>
    </p>
   </div>
   <div class='ocr_carea' id='block_1_87' title="bbox 2221 5402 3810 5492">
    <p class='ocr_par' dir='ltr' id='par_1_87' title="bbox 2221 5402 3810 5492">
     <span class='ocr_line' id='line_1_87' title="bbox 2221 5402 3810 5492; baseline 0.013 -31"><span class='ocrx_word' id='word_1_746' title='bbox 2221 5409 2461 5478; x_wconf 77' lang='lat' dir='ltr'><strong>gentiam</strong></span> <span class='ocrx_word' id='word_1_747' title='bbox 2509 5402 2608 5463; x_wconf 73' lang='lat' dir='ltr'><strong>Dei</strong></span> <span class='ocrx_word' id='word_1_748' title='bbox 2655 5402 2855 5467; x_wconf 72' lang='lat' dir='ltr'><strong>munus</strong></span> <span class='ocrx_word' id='word_1_749' title='bbox 2910 5426 3042 5484; x_wconf 80' lang='lat' dir='ltr'><strong>esse,</strong></span> <span class='ocrx_word' id='word_1_750' title='bbox 3093 5417 3294 5488; x_wconf 76' lang='lat' dir='ltr'><strong>quique</strong></span> <span class='ocrx_word' id='word_1_751' title='bbox 3333 5433 3457 5475; x_wconf 86' lang='lat' dir='ltr'><strong>eam</strong></span> <span class='ocrx_word' id='word_1_752' title='bbox 3481 5402 3810 5492; x_wconf 45' lang='lat' dir='ltr'><strong>fugitat.</strong></span> 
     </span>
    </p>
   </div>
   <div class='ocr_carea' id='block_1_88' title="bbox 501 5591 2074 5690">
    <p class='ocr_par' dir='ltr' id='par_1_88' title="bbox 501 5591 2004 5690">
     <span class='ocr_line' id='line_1_88' title="bbox 501 5591 2004 5690; baseline -0.001 -30"><span class='ocrx_word' id='word_1_753' title='bbox 501 5602 566 5690; x_wconf 54' lang='grc' dir='ltr'><strong>ἓξ</strong></span> <span class='ocrx_word' id='word_1_754' title='bbox 593 5599 747 5690; x_wconf 55' lang='lat' dir='ltr'><strong>Ijsal.</strong></span> <span class='ocrx_word' id='word_1_755' title='bbox 781 5599 980 5690; x_wconf 84' lang='grc' dir='ltr'><strong>ιι,</strong></span> <span class='ocrx_word' id='word_1_756' title='bbox 1065 5596 1129 5648; x_wconf 84' lang='grc'>89</span> <span class='ocrx_word' id='word_1_757' title='bbox 1156 5593 1316 5661; x_wconf 85' lang='lat' dir='ltr'><strong>Psal.</strong></span> <span class='ocrx_word' id='word_1_758' title='bbox 1347 5611 1406 5671; x_wconf 89' lang='lat' dir='ltr'><strong>L,</strong></span> <span class='ocrx_word' id='word_1_759' title='bbox 1438 5593 1538 5657; x_wconf 85' lang='grc'><strong>18.</strong></span> <span class='ocrx_word' id='word_1_760' title='bbox 1625 5592 1689 5645; x_wconf 83' lang='grc'>90</span> <span class='ocrx_word' id='word_1_761' title='bbox 1715 5591 1872 5658; x_wconf 91' lang='lat' dir='ltr'><strong>Ibid.</strong></span> <span class='ocrx_word' id='word_1_762' title='bbox 1903 5594 2004 5659; x_wconf 86' lang='grc'><strong>19.</strong></span> 
     </span>
    </p>
   </div>
   <div class='ocr_carea' id='block_1_89' title="bbox 2164 5591 3805 5690">
    <p class='ocr_par' dir='ltr' id='par_1_89' title="bbox 2175 5593 3805 5690">
     <span class='ocr_line' id='line_1_89' title="bbox 2175 5593 3805 5690; baseline 0.01 -29"><span class='ocrx_word' id='word_1_763' title='bbox 2175 5593 2202 5661; x_wconf 89' lang='grc' dir='ltr'>Ι</span> <span class='ocrx_word' id='word_1_764' title='bbox 2229 5595 2366 5662; x_wconf 88' lang='lat' dir='ltr'><strong>Cor.</strong></span> <span class='ocrx_word' id='word_1_765' title='bbox 2391 5617 2498 5682; x_wconf 82' lang='lat' dir='ltr'><strong>xu,</strong></span> <span class='ocrx_word' id='word_1_766' title='bbox 2531 5599 2594 5662; x_wconf 91' lang='lat'><strong>3.</strong></span> <span class='ocrx_word' id='word_1_767' title='bbox 2683 5597 2742 5649; x_wconf 70' lang='grc'><strong>9³</strong></span> <span class='ocrx_word' id='word_1_768' title='bbox 2769 5597 2942 5665; x_wconf 88' lang='lat' dir='ltr'><strong>Joan.</strong></span> <span class='ocrx_word' id='word_1_769' title='bbox 2974 5617 3055 5682; x_wconf 81' lang='lat' dir='ltr'><strong>1v,</strong></span> <span class='ocrx_word' id='word_1_770' title='bbox 3083 5605 3182 5671; x_wconf 79' lang='grc'><strong>24.</strong></span> <span class='ocrx_word' id='word_1_771' title='bbox 3266 5607 3331 5659; x_wconf 75' lang='lat'><strong>95</strong></span> <span class='ocrx_word' id='word_1_772' title='bbox 3359 5604 3413 5671; x_wconf 88' lang='grc' dir='ltr'>ΙΙ</span> <span class='ocrx_word' id='word_1_773' title='bbox 3431 5604 3565 5673; x_wconf 86' lang='lat' dir='ltr'><strong>Cor.</strong></span> <span class='ocrx_word' id='word_1_774' title='bbox 3588 5623 3678 5690; x_wconf 81' lang='lat' dir='ltr'><strong>tu,</strong></span> <span class='ocrx_word' id='word_1_775' title='bbox 3707 5611 3805 5678; x_wconf 85' lang='lat'><strong>17.</strong></span> 
     </span>
    </p>
   </div>
   <div class='ocr_carea' id='block_1_90' title="bbox 416 5679 957 5761">
    <p class='ocr_par' dir='ltr' id='par_1_90' title="bbox 416 5679 957 5761">
     <span class='ocr_line' id='line_1_90' title="bbox 416 5679 957 5761; baseline -0.017 -10"><span class='ocrx_word' id='word_1_776' title='bbox 416 5684 482 5737; x_wconf 71' lang='grc' dir='ltr'><strong>οι</strong></span> <span class='ocrx_word' id='word_1_777' title='bbox 507 5684 560 5751; x_wconf 81' lang='lat'>11</span> <span class='ocrx_word' id='word_1_778' title='bbox 589 5684 725 5750; x_wconf 77' lang='lat' dir='ltr'><strong>Cor.</strong></span> <span class='ocrx_word' id='word_1_779' title='bbox 745 5696 829 5761; x_wconf 79' lang='grc' dir='ltr'><strong>νι,</strong></span> <span class='ocrx_word' id='word_1_780' title='bbox 859 5679 957 5744; x_wconf 72' lang='lat'><strong>14.</strong></span> 
     </span>
    </p>
   </div>
  </div>
