4160 6406
321 371 442 440 389
839 374 875 392 ﬁ

1782 345 2062 439 omn
2103 368 2262 437 va.

3593 324 3715 432 390

402 501 954 567 Christianismum
989 505 1196 587 fugere
1219 528 1239 569 :
1281 505 1400 568 Dei
1435 507 1597 569 enim
1619 512 1976 569 sententiam
1999 511 2121 566 Aet
2153 502 2512 566 inevitabilia
2557 473 2793 566 vincula
2841 502 3184 582 indigentiae
3232 503 3434 584 fugere
3479 507 3711 580 volens,

401 591 693 646 naturam
725 589 895 647 nobis
923 591 1159 662 [actum
1176 610 1200 660 ;
1231 595 1292 650 et
1323 588 1751 650 tribulationes
1779 605 1982 648 omnes

398 668 749 746 gratiarum
776 668 1078 729 actionem
1128 668 1362 732 docere.
1423 669 1618 747 Cujus
1667 670 1760 730 rei
1792 685 1979 730 causa

394 753 744 827 peccatum,
779 749 1001 822 morbi,
1034 755 1095 809 et
1123 767 1285 811 mors
1313 750 1685 812 exstiterint.

407 866 566 928 Deus
591 867 896 928 hominem
922 878 1052 949 post
1070 868 1296 950 lapsum
1323 869 1635 931 timoribus
1666 870 1888 931 multis.
1923 875 1982 931 et

326 957 664 1036 omnigenis
681 957 939 1035 casibus,
964 960 1127 1038 quasi
1153 979 1321 1020 muro
1343 960 1594 1032 vallavit,
1631 971 1688 1020 et
1719 957 1982 1038 undique

329 1045 473 1108 fecit
507 1045 697 1108 turbis
745 1065 812 1108 ac
874 1047 1199 1109 terroribus
1254 1047 1459 1128 impeti
1517 1057 1690 1129 atque
1741 1047 1979 1127 jactari,

331 1134 721 1215 ipsumquein
744 1154 808 1196 se
839 1154 872 1195 a
901 1137 1227 1217 semetipso
1267 1157 1614 1218 Oppugnari.
1652 1140 1838 1200 Causa
1868 1136 1980 1196 hu-

331 1224 433 1304 jus
465 1226 573 1301 rei,
598 1225 985 1301 admirabilis,
1015 1227 1297 1307 omnique
1319 1227 1606 1289 charitate
1630 1248 1700 1287 ac
1723 1225 1985 1286 bonitate

334 1313 551 1373 referta
584 1323 692 1376 est.
748 1312 914 1376 Sicut
965 1316 1125 1376 enim
1179 1325 1343 1396 pater
1371 1317 1688 1396 quispiam,
1725 1315 1888 1376 dives
1917 1332 1983 1373 ac

329 1404 657 1464 fortunatus
691 1403 861 1464 bonis
889 1406 1190 1481 omnibus,
1243 1405 1290 1465 si
1343 1407 1532 1466 ﬁlium
1593 1405 1840 1466 habt-ret
1869 1402 1984 1463 sibi

331 1492 516 1552 multo
535 1493 976 1568 charissimum,
1008 1514 1076 1555 ac
1099 1505 1338 1575 propter
1359 1495 1790 1556 vehementiam
1815 1510 1985 1553 amo-

2064 613 2426 675 magnopere
2457 594 2784 670 contendit,
2819 603 2881 656 ut
2915 595 2974 656 in
3028 593 3141 654 vita
3200 595 3360 655 nulla
3404 613 3471 655 re
3522 603 3714 674 egeat.

2062 683 2214 746 Hinc
2246 691 2346 746 aut
2376 684 2662 759 occultus,
2725 693 2827 746 aut
2885 684 3229 745 manifestus
3287 693 3345 746 et
3402 683 3720 765 impudens

2063 773 2394 835 alienorum
2455 773 2710 848 invasor,
2770 792 3000 848 avarus,
3049 775 3327 854 injustus,
3381 792 3554 854 rapax
3611 772 3707 848 sit,

2062 883 2110 923 2c
2133 863 2190 924 lo
2217 865 2486 942 agitetur,
2519 862 2764 936 invidet,
2800 863 3041 939 rivatur,
3103 871 3410 944 mentitur,
3459 863 3705 944 pvjerat,

2063 952 2397 1023 insidiatur,
2431 952 2845 1026 calumniatur,
2881 953 3200 1024 maledicit,
3236 962 3476 1034 pugnat,
3499 953 3714 1015 irasci—

2067 1041 2397 1120 tur,bel|at,
2422 1041 2828 1115 seulciscizur,
2856 1042 3095 1120 occidit,
3115 1042 3288 1104 etiam
3315 1043 3507 1123 ipsum
3531 1042 3720 1105 Deum

2065 1141 2300 1192 contem
2314 1150 2459 1190 nens
2482 1130 2942 1210 quodammodo,
2969 1132 3066 1212 qui
3093 1133 3251 1192 velut
3271 1143 3720 1212 temporaneum

2066 1220 2423 1298 supplicium
2472 1220 2530 1279 in
2581 1220 2685 1281 hac
2736 1221 2851 1281 vita
2909 1221 3298 1301 indigentiam
3349 1241 3481 1283 esse
3514 1223 3720 1298 voluit,

2068 1329 2245 1387 quam
2285 1309 2616 1370 mortalium
2668 1311 2873 1390 generi
2933 1311 3280 1390 protop'asti
3329 1313 3722 1392 transgressio

2069 1398 2320 1470 induxit,
2360 1408 2417 1458 et
2448 1398 2566 1458 Deo
2612 1398 2954 1461 inimicitias
3005 1400 3234 1472 indicit,
3291 1421 3357 1462 ac
3408 1411 3728 1483 propterea

2068 1505 2269 1548 rerum
2297 1487 2497 1565 copias
2513 1487 2624 1548 sibi
2647 1507 2879 1568 parans.
2905 1489 3046 1550 inde
3064 1489 3381 1565 gloriosus,
3403 1491 3720 1572 superbus,

332 1579 416 1640 ris
441 1599 577 1658 erga
614 1583 769 1642 hunc
800 1601 1146 1662 germanum
1179 1601 1248 1645 ac
1274 1585 1555 1644 dilectum
1589 1584 1772 1643 ﬁlium
1815 1599 1987 1642 suum
2062 1576 2460 1654 jactabundus
2492 1577 2782 1639 redditur.
2819 1578 2968 1651 Quid
2991 1579 3259 1641 deinde?
3291 1581 3586 1643 Dominus
3614 1601 3725 1643 su-

334 1689 448 1731 nec
479 1670 704 1752 cibum,
741 1691 848 1732 nec
882 1681 1106 1752 potum,
1145 1693 1254 1734 nec
1284 1686 1530 1746 vestem,
1590 1692 1699 1734 nec
1731 1672 1984 1743 calceos,

339 1777 450 1820 nec
474 1760 631 1820 aliud
649 1762 1048 1842 commodum,
1069 1763 1598 1843 recreationemve,
1625 1762 1741 1822 nisi
1764 1769 1987 1822 tantum

337 1847 411 1909 ab
444 1867 508 1908 se
532 1850 808 1927 genitore
834 1851 1012 1911 vellet
1068 1852 1234 1912 illum
1285 1852 1582 1932 accipere,
1617 1861 1675 1912 ut
1704 1852 1925 1912 idcirco
1956 1868 1989 1910 a

339 1936 523 2017 patris
553 1939 734 2000 latere
794 1957 1091 2020 nunquam
1144 1942 1502 2014 discederet,
1561 1953 1618 2002 et
1649 1959 1828 2021 super
1857 1941 1989 2019 ejus

337 2045 531 2104 genua
559 2031 994 2109 requiesceret;
1027 2031 1075 2090 si
1102 2031 1338 2110 quando
1361 2039 1557 2092 autem
1585 2050 1618 2092 a
1639 2041 1803 2111 patre
1837 2029 1987 2090 alie—

341 2116 470 2177 nari
493 2137 627 2178 eum
650 2120 1043 2198 contingeret,
1079 2120 1228 2180 etab
1251 2121 1402 2193 aliis,
1439 2141 1554 2181 non
1589 2139 1621 2180 a
1647 2129 1887 2199 parente
1918 2117 1990 2179 ad

341 2223 514 2265 usum
543 2224 714 2266 suum
737 2207 1071 2268 neCessaria
1095 2207 1209 2268 sibi
1235 2207 1483 2288 praeberi
1516 2207 1715 2287 vellet,
1741 2214 1843 2266 aut
1875 2223 1992 2265 non

339 2293 658 2371 inveniret,
694 2304 796 2358 aut
823 2295 1092 2358 invenire
1123 2297 1391 2377 quidem,
1445 2297 1549 2358 sed
1587 2297 1644 2357 in
1677 2299 1894 2356 sudore
1925 2312 1993 2354 ac

344 2381 550 2444 labore
581 2394 638 2444 et
659 2385 980 2447 afﬂictione
1001 2387 1502 2467 acciperet,quod
1535 2386 1811 2448 omnibus
1845 2383 1994 2464 patri

345 2471 743 2534 servientibus
774 2475 941 2537 valde
972 2477 1132 2537 serio
1163 2476 1517 2557 imperatum
1579 2484 1759 2551 esset,
1814 2473 1994 2534 talem

348 2560 536 2622 ﬁlium
562 2563 809 2624 missum
829 2565 1045 2638 facere,
1069 2568 1386 2646 repellere,
1416 2575 1473 2628 et
1498 2565 1690 2627 modis
1717 2563 2000 2626 omnibus

346 2651 638 2714 molestiis
663 2653 921 2729 allicere,
947 2660 1184 2735 quando
1216 2667 1378 2717 extra
1403 2656 1583 2738 patris
1609 2660 1996 2734 conspectum

342 2757 684 2801 versantem
705 2743 994 2815 viderent,
1013 2754 1074 2804 ut
1090 2744 1227 2805 alibi
1246 2765 1361 2806 non
1377 2745 1690 2806 inveniens
1706 2743 2000 2823 requiem,

342 2828 613 2901 adactus,
640 2831 1020 2913 necessitate,
1048 2843 1106 2894 et
1125 2834 1342 2896 invitus
1359 2835 1428 2896 ad
1467 2846 1718 2916 patrem,
1745 2832 1846 2911 qui
1867 2848 2004 2891 eum

345 2917 807 3002 incredibiliter,
844 2932 902 2983 et
924 2923 1054 3003 plus
1085 2925 1364 2986 omnibus
1395 2925 1724 2998 dilexisset,
1749 2929 2007 2984 reverte-

344 3017 534 3082 retur,
565 3028 619 3070 In
652 3029 842 3091 eoque
865 3012 1320 3092 conquiesceret
1357 3034 1371 3074 :
1406 3015 1617 3076 eodem
1653 3012 1828 3074 modo
1848 3010 2010 3071 Deus

349 3095 469 3174 egit
499 3116 631 3158 cum
663 3098 931 3174 homine,
965 3111 1030 3160 ut
1079 3103 1299 3163 nullam
1334 3101 1395 3162 in
1426 3102 1537 3163 hac
1565 3100 1679 3162 vita
1707 3099 2008 3178 rebusque

2067 1667 2271 1745 perbis
2296 1668 2522 1728 resistit
2545 1668 2642 1743 95,
2681 1676 2739 1728 et
2772 1670 3007 1730 tandem
3035 1680 3299 1730 extrema
3321 1672 3448 1749 ejus
3479 1671 3537 1732 in
3566 1690 3727 1733 eam-

2074 1757 2206 1815 dem
2268 1755 2712 1820 damnationem
2776 1777 2910 1819 cum
2967 1759 3274 1820 desertore
3331 1760 3436 1820 Dei
3487 1761 3726 1822 diabolo

2073 1843 2311 1904 cadunt.
2346 1847 2515 1907 Scire
2540 1847 2717 1926 igitur
2737 1847 2895 1922 licet,
2933 1848 3564 1929 indigentiamjustum
3597 1868 3730 1912 esse

2072 1953 2105 1994 a
2136 1932 2256 1995 Deo
2287 1937 2668 2018 supplicium,
2723 1946 3008 2018 gratoque
3055 1939 3362 2000 ferendam
3407 1939 3632 2014 animo,
3669 1948 3730 2001 ut

2071 2021 2153 2083 ita
2183 2026 2767 2089 commiserationem
2803 2042 2862 2088 et
2909 2027 3404 2101 misericordiam,
3438 2036 3496 2090 et
3527 2029 3724 2108 provi-

2073 2110 2332 2202 dentiam
2359 2111 2464 2173 Dei
2484 2113 2542 2174 in
2562 2134 2669 2174 nos
2693 2115 3041 2178 excitemus.
3068 2116 3297 2179 Idcirco
3313 2117 3509 2194 Quem
3522 2121 3729 2202 diligit

2076 2199 2373 2263 Dominus
2402 2206 2680 2282 castigat,
2718 2207 2894 2284 longe
2925 2225 3058 2266 eum
3103 2225 3137 2266 a
3181 2208 3462 2287 superbia
3493 2199 3737 2290 propter

2075 2289 2465 2370 indigentiam
2501 2311 2813 2354 removens
2848 2312 2861 2357 :
2899 2295 3197 2373 [flagellat
3243 2308 3444 2360 autem
3493 2289 3734 2361 omnem

2077 2379 2299 2458 filium,
2329 2399 2498 2458 quem
2525 2382 2853 2464 reciptt96,
2887 2403 2994 2464 per
3025 2384 3264 2446 morbos
3294 2387 3509 2462 varios,
3545 2397 3602 2449 et
3632 2387 3730 2448 in-

2079 2467 2450 2531 valetudines
2469 2490 2603 2531 eum
2633 2471 2744 2532 sibi
2771 2474 3078 2553 copulans,
3113 2475 3330 2553 gratias
3353 2485 3651 2554 agentem,
3673 2484 3734 2539 et

2083 2556 2426 2636 patientem,
2453 2567 2512 2620 et
2536 2578 2640 2638 pro
2664 2561 3080 2640 hujuscemodi
3101 2566 3492 2626 certaminum
3516 2585 3737 2628 corona

2083 2645 2458 2736 adoptionem
2484 2659 2916 2728 reportantem.
2947 2654 3180 2714 Etenim
3207 2657 3604 2736 protoplastus
3617 2675 3736 2718 non

2085 2733 2160 2794 ob
2185 2735 2343 2796 aliud
2374 2736 2606 2799 violavit
2628 2741 2999 2820 mandatum,
3027 2743 3139 2802 nisi
3164 2743 3318 2823 quod
3365 2733 3521 2806 nulla
3558 2764 3737 2826 ριον-

2087 2841 2188 2885 sus
2211 2842 2276 2922 re
2295 2835 2514 2904 egeret,
2547 2837 2823 2909 essetque
2852 2831 2982 2892 sine
3005 2831 3206 2894 labore
3232 2833 3396 2896 dives
3440 2836 3735 2897 honorum

2090 2929 2384 2977 omnium.
2699 2925 2705 2931 '

2171 3089 2366 3163 Quare
2387 3093 2487 3174 qui
2510 3094 2894 3175 indigentiam
2920 3097 3086 3180 fugit,
3111 3117 3286 3180 quam
3308 3103 3567 3181 effugere
3591 3121 3746 3165 nun-

355 3186 559 3247 mundi
593 3190 862 3268 requiem
910 3189 1218 3253 inveniens
1281 3191 1581 3272 (quoniam
1635 3192 1759 3251 haec
1809 3186 2270 3259 omttivauaIn
2305 3183 2543 3272 poterit,
2598 3185 2720 3246 Deo
2754 3186 2987 3249 videtur
3024 3189 3347 3266 adversari,
3403 3203 3460 3252 et
3508 3191 3580 3253 ab
3614 3196 3741 3272 ipso

353 3277 612 3356 vanita~)
639 3281 714 3338 ad
749 3281 971 3341 bonum
1005 3280 1215 3356 Deum,
1249 3280 1589 3356 Dominum,
1629 3283 1875 3352 Herum,
1906 3275 2012 3336 Pa-

357 3374 530 3438 tram,
566 3365 870 3443 Tutorem,
904 3369 1301 3452 Provisorem,
1335 3371 1818 3450 Redemptorem,
1878 3367 2008 3429 Sal-

357 3463 620 3517 vatorem
645 3465 1066 3541 reverteretur,
1101 3469 1158 3522 et
1188 3480 1320 3522 cum
1354 3479 1423 3521 eo
1458 3459 1836 3521 continenter
1863 3474 2002 3517 ver-

364 3553 617 3618 saretur,
650 3547 1170 3630 etinveniretipse
1221 3550 1462 3630 quidem
1503 3554 1793 3630 requ.em,
1830 3549 2006 3608 Pater

367 3640 560 3719 autem
574 3634 789 3698 etDeus
803 3655 874 3701 eo
887 3641 1315 3719 perfrueretur.
1331 3659 1400 3701 ac
1413 3659 1478 3700 su
1488 3658 1595 3717 per
1606 3659 1675 3701 eo
1688 3640 2002 3700 uetaretur.

367 3718 505 3784 Erat
535 3725 710 3798 enim,
750 3718 1094 3791 cumihomo
1125 3730 1566 3792 circumﬂueret
1597 3731 1877 3791 omnibus
1903 3747 2008 3790 co-

365 3811 500 3893 piis,
537 3826 592 3875 et
621 3827 861 3897 propter
919 3838 1048 3880 eam
1108 3821 1529 3884 abundantiam
1589 3821 1649 3882 in
1709 3821 1910 3902 quiete
1943 3837 2012 3881 ac

361 3903 658 3984 voluptate
689 3914 866 3982 esset,
919 3918 1268 3989 vacaretque
1315 3910 1636 3972 afﬂictione
1681 3920 1739 3970 et
1768 3909 2010 3988 aegritu-

359 3989 526 4066 dine,
555 3995 820 4072 gaudens
852 4005 911 4058 et
968 3999 1290 4074 exsultans,
1342 4001 1720 4080 nesciretque
1772 4015 2014 4080 prorsus

363 4081 507 4160 quid
535 4083 828 4161 aegritudo
856 4095 1033 4147 esset.
1068 4087 1148 4148 Ex
1181 4087 1542 4167 negligentia
1570 4088 1745 4168 igitur
1776 4095 2017 4168 propter

361 4170 725 4233 afﬂuentiam
752 4175 1117 4238 desiderium
1144 4178 1670 4258 parturiviteorum
1695 4195 2015 4258 quaesupra

362 4258 557 4340 ipsum
589 4274 779 4337 erant,
816 4273 874 4326 et
903 4285 1033 4346 quae
1078 4269 1483 4348 assequi-non
1515 4277 1762 4348 poterat.
1799 4276 1856 4328 et
1886 4284 2017 4347 quae

364 4367 502 4410 cum
536 4352 846 4432 tetigisset,
882 4367 945 4418 ut
971 4357 1056 4418 illi
1091 4359 1415 4420 videbatur.
1455 4358 1529 4419 de
1560 4358 1688 4436 ipsa
1715 4356 1818 4418 illa
1846 4355 2018 4436 copia

365 4446 425 4500 et
452 4439 817 4505 abundantia
845 4446 1138 4526 dejectus,
1190 4450 1261 4511 ad
1312 4448 1656 4528 multorum,
1707 4447 1828 4508 imo
1872 4463 2016 4507 sane

2094 3270 2530 3347 pronuntiatam
2556 3275 2934 3346 sententiam,
2984 3285 3325 3357 naturzeque
3353 3277 3483 3339 loco
3514 3270 3742 3341 consti-

2095 3363 2299 3447 tutam,
2326 3361 2494 3438 quasi
2519 3371 2788 3422 evertere
2818 3365 3043 3438 conari,
3080 3385 3298 3446 nempe
3320 3367 3648 3447 quajubet,
3682 3375 3748 3431 ut

2092 3446 2154 3504 in
2169 3447 2598 3512 sudorevultus
2612 3446 3742 3534 nostripanemnostrumbomedamus,

2086 3535 2272 3626 donec
2285 3544 3744 3626 revertamurinterrumdequasumpttsumus97.

2094 3622 2383 3695 Quoniam
2417 3627 2594 3707 igitur
2623 3630 2950 3710 indigentia
2977 3622 3227 3713 quilibet
3269 3622 3495 3696 homini
3540 3637 3602 3698 in
3632 3639 3746 3701 hoc

2095 3716 2334 3783 saeculo,
2371 3736 2553 3798 parvo
2610 3730 2668 3781 et
2716 3740 2925 3802 magno
2973 3725 3258 3786 naturalis
3296 3744 3469 3805 poena
3497 3736 3607 3802 est,
3644 3729 3746 3810 qui

2095 3804 2248 3867 hanc
2278 3808 2793 3890 quazriteffugere,
2840 3811 2900 3872 in
2952 3829 3158 3892 poenas
3203 3804 3598 3894 sempiternas
3648 3804 3745 3880 i'n-

2097 3905 2319 3960 curret.
2352 3898 2544 3960 Aliter
2574 3901 2733 3961 enim
2766 3920 2940 3981 quam
2994 3922 3101 3984 per
3143 3905 3469 3983 avaritiam,
3505 3907 3745 3989 injusti-

2095 3985 2259 4077 tiam,
2284 3988 2578 4077 rapinam,
2599 3999 2954 4070 praesentem
2969 3991 3356 4072 indigentiam
3375 4015 3441 4057 ex
3453 3985 3616 4077 plere
3630 4017 3750 4059 non

2097 4073 2289 4136 datur.
2327 4075 2491 4139 Solet
2518 4089 2715 4140 autem
2765 4079 3055 4142 bonorum
3103 4084 3274 4164 copia
3323 4073 3612 4164 generare
3641 4107 3749 4149 su.

2099 4165 2390 4248 perbiam,
2434 4170 2591 4232 unde
2622 4170 2880 4250 peccatis
2921 4172 3310 4255 principium,
3347 4183 3405 4236 et
3434 4185 3630 4256 caput.
3666 4175 3750 4239 Ea

2100 4265 2417 4333 prostrata,
2453 4259 2774 4338 superbum
2811 4267 2869 4320 et
2916 4269 3294 4340 arrogantem
3339 4265 3534 4344 turpia
3579 4265 3746 4328 desi-

2097 4344 2316 4424 gnandi
2346 4347 2614 4409 voluntas
2644 4347 2886 4418 invadit,
2921 4369 3052 4431 quae
3082 4369 3151 4412 ex
3199 4352 3483 4428 amentia,
3541 4361 3600 4415 et
3628 4354 3749 4416 dis-

2099 4452 2272 4496 cessu
2301 4454 2331 4496 a
2365 4445 2527 4497 recta
2572 4436 2799 4498 ratione
2857 4439 3250 4521 progignitur.
3299 4439 3505 4510 Omnis
3552 4443 3749 4525 itaque

366 4531 634 4591 omnium
667 4519 974 4612 ρεηυιιίεξη
1009 4537 1283 4599 redactus
1330 4547 1440 4610 est,
1471 4537 1532 4598 in
1566 4519 1723 4599 ιδιῇίδ
1755 4544 2017 4616 egestate
2038 4519 2081 4568 ι)
2103 4522 2472 4586 Christianus
2493 4525 3008 4616 quiindigentiam
3038 4519 3265 4610 fugere
3290 4530 3545 4613 laborat,
3570 4519 3748 4594 etiam

367 4621 744 4697 constitutus,
780 4633 840 4685 ut
892 4645 1140 4689 summa;
1187 4627 1568 4690 abundantiae
1596 4645 1829 4688 summa
1855 4625 2017 4686 indi-

368 4711 572 4789 genia
599 4731 632 4774 e
666 4713 932 4792 regione,
964 4728 1021 4780 et
1043 4737 1112 4779 ex
1143 4719 1431 4780 diametro
1451 4727 1854 4798 opponeretur
1883 4737 1898 4792 ;
1930 4734 2021 4777 ar-

365 4801 694 4879 rogantiam
727 4805 857 4867 scil.
897 4807 1232 4883 vindicans,
1259 4806 1774 4869 undeaudaxillud
1796 4807 2026 4867 facinus

366 4894 713 4970 exstitisset,
749 4915 865 4976 quo
924 4897 985 4958 in
1034 4899 1311 4960 donatam
1360 4897 1474 4958 sibi
1509 4896 1870 4957 affluentiam
1903 4915 2024 4977 prae

363 4985 639 5046 satietate
671 4985 1140 5048 contumeliosus
1181 4987 1510 5049 exstiterat.
1562 4985 1642 5048 Ex
1677 5006 1793 5067 quo
1825 4995 2023 5048 autem

359 5073 422 5135 in
457 5083 776 5151 egestatem
811 5074 1068 5140 devenit.
1128 5077 1326 5137 multis
1387 5075 1462 5137 ob
1522 5095 1653 5136 eam
1710 5076 2016 5152 aerumnis,

361 5163 693 5242 laboribus,
729 5166 1250 5246 defatigationibus
1271 5165 1628 5246 cumulatur,
1650 5184 1759 5226 nec
1790 5166 2023 5245 expleta

365 5253 641 5338 penuria,
659 5255 947 5331 tristatur,
967 5256 1269 5338 affligitur,
1284 5257 1587 5337 desperat:
1614 5255 2023 5336 naturaliaque

455 5441 676 5508 9513c.
709 5459 792 5520 ιν,
826 5441 886 5504 6.
971 5443 1036 5495 96
1062 5443 1249 5510 Hebr.
1284 5458 1389 5517 x11,
1423 5438 1487 5504 6.

461 5614 544 5688 (6)
576 5613 684 5677 Illa
713 5613 896 5677 verba
926 5616 1163 5680 Domini
1209 5615 1281 5678 ad
1328 5615 1640 5695 Adamumr
1675 5619 1812 5695 post
1858 5610 2044 5674 divini

374 5697 661 5779 praecepti
695 5699 1228 5776 tranSgressionem
1272 5696 1423 5761 Gen.
1457 5711 1548 5777 ut,
1722 5692 1792 5779 l_n
1826 5697 2045 5779 sudore

372 5774 698 5875 uultus—tui
716 5774 969 5846 vesceris
982 5791 1292 5875 punctulo,
1337 5799 1458 5844 non
1471 5774 2046 5875 ‘magis‘signiﬁleaqt

376 5868 766 5946 praceptum,
790 5881 970 5947 quam
982 5855 1096 5932 illa
1116 5855 1388 5949 ejusdem
1416 5858 1493 5928 ad
1521 5855 1801 5927 eumdem
1838 5875 1853 5926 :
1887 5855 2041 5922 Put-

1572 5440 1636 5492 9⁷
1666 5442 1820 5506 Gen.
1857 5455 1944 5522 In,
1973 5442 2074 5508 19.

2102 4632 2449 4691 germanum
2481 4614 3001 4678 Christianismum
3034 4617 3200 4697 fugit.
3231 4618 3375 4683 Esse
3399 4623 3558 4684 enim
3586 4623 3754 4686 Chri-

2105 4703 2382 4778 stianum,
2409 4713 2466 4764 et
2489 4703 2708 4765 nullius
2731 4723 2927 4783 egere,
2979 4705 3348 4786 impossibile
3369 4721 3476 4772 est.
3515 4710 3751 4774 Etenim

2107 4791 2266 4853 Deus
2298 4792 2485 4854 nostri
2514 4794 2724 4855 similis
2754 4794 2911 4858 inter
2941 4812 3054 4858 nos
3084 4795 3296 4872 factus,
3327 4809 3390 4860 ut
3434 4801 3752 4864 humanam

2111 4891 2378 4944 naturam
2404 4901 2588 4964 usque
2611 4884 2950 4964 aprincipio
2973 4884 3356 4959 instauraret,
3372 4889 3751 4968 decretasua,

2106 4992 2238 5055 quae
2267 4971 2339 5034 ad
2368 4973 2811 5035 damnationem
2854 4977 3306 5053 transgressoris
3337 4980 3593 5042 mandati
3639 4981 3754 5058 sui,

2107 5063 2308 5144 primi,
2333 5063 2599 5143 inquam,
2630 5065 2894 5144 parentis
2915 5065 3104 5126 nostri
3125 5065 3288 5142 fecit,
3316 5069 3757 5151 corruptionem

2105 5153 2376 5216 videlicet
2393 5160 2451 5213 et
2475 5163 2753 5225 mortem,
2791 5172 2925 5214 cum
2958 5153 3106 5215 dixit
3135 5176 3150 5217 :
3184 5155 3262 5218 In
3307 5159 3532 5222 sudore
3561 5159 3762 5222 vultus

2105 5249 2198 5305 tui
2221 5243 2491 5305 comedes
2511 5259 2738 5324 pauem
2767 5249 2938 5306 tuum
2963 5243 3047 5324 (6)
3077 5261 3091 5308 :
3120 5243 3192 5307 Et
3225 5267 3238 5305 :
3276 5245 3464 5312 Terra
3493 5266 3577 5326 es,
3610 5257 3666 5312 et
3697 5249 3764 5311 in

2126 5613 2219 5695 eis
2239 5631 2324 5687 es,
2349 5623 2400 5678 et
2417 5615 2476 5677 in
2502 5612 2807 5695 pulverem
2833 5625 3180 5684 reverteris.
3209 5619 3317 5684 Del
3345 5621 3446 5684 illa
3466 5619 3538 5684 ad
3560 5619 3771 5684 Evam:

2127 5693 2199 5785 _l‘n
2223 5695 2430 5785 dolore
2442 5693 2645 5774 partes
2668 5697 2860 5778 ﬁlios;
2891 5702 2996 5763 sed
3019 5701 3365 5783 Significans
3385 5720 3644 5785 poenam,
3665 5719 3782 5785 qua

2127 5773 2310 5872 [leui
2318 5773 2546 5859 primos
2561 5773 2877 5872 parentes,
2913 5773 3240 5872 eorumque
3275 5773 3784 5872 pogterosnjpltaa

2126 5855 2230 5924 vit.
2265 5855 2456 5942 Ergo,
2477 5855 2803 5940 qui'modis
2831 5855 3014 5932 licitis
3055 5855 3299 5948 opérani
3347 5863 3472 5947 dat,
3514 5871 3584 5930 at
3606 5861 3779 5924 ῑδοιαν
