4160 6382
424 303 536 375 391

427 527 585 590 enim
618 536 674 590 et
705 531 889 591 sudor
917 529 989 590 ad
1024 548 1235 611 panem
1258 531 1682 613 acquirendum
1716 548 2027 615 permanet
2054 556 2071 613 ;

426 625 485 680 et
514 618 575 679 in
604 627 821 683 terram
854 617 930 682 de
960 639 1075 700 qua
1130 622 1351 701 sumpti
1399 642 1628 703 sumus,
1687 626 2067 687 revertimur.

427 707 545 771 Sed
581 707 819 770 virtutis
850 726 976 770 suae
1003 718 1064 771 ut
1096 710 1308 773 divinae
1359 711 1611 785 virtutis,
1659 721 1717 774 et
1766 712 2073 794 sapientiae

425 815 549 859 suae
567 804 633 859 ut
652 797 866 860 divinae
904 798 1211 878 sapientiae
1258 800 1575 881 participes
1603 802 1848 884 faciens,
1881 802 1981 884 qui
2013 806 2070 865 in

423 886 1027 967 ejusincarnationem
1040 888 1895 970 crediderunt.eatvnnslegem
1909 910 2075 953 suam

422 976 713 1051 inﬁrmat;
737 976 865 1056 ipse
890 977 1143 1056 primum
1171 976 1340 1039 nobis
1362 979 1666 1060 exemplar
1689 977 2074 1057 factus,'mul-

426 1066 503 1127 tis
532 1064 836 1127 doloribus
884 1073 943 1126 et
1000 1065 1418 1128 afﬂictionibus
1462 1086 1651 1148 usque
1695 1068 1769 1130 ad
1820 1076 2070 1130 mortem

424 1155 620 1217 crucis
641 1153 1091 1233 ignominiosam
1119 1155 1511 1234 perferendis.
1527 1154 2072 1239 Similiterapostoli

425 1252 485 1305 et
512 1243 720 1305 ﬁdeles
749 1261 957 1304 omnes
995 1262 1030 1304 a
1054 1243 1290 1305 Christo
1324 1244 1477 1307 bene
1511 1246 1900 1321 corroborati,
1933 1266 2067 1308 cum

423 1333 640 1415 gaudio
665 1337 916 1394 sudores
940 1342 999 1395 et
1023 1334 1376 1396 tentationes
1393 1336 1710 1418 sustinent,
1734 1343 1793 1397 et
1809 1337 1868 1398 in
1887 1338 2072 1399 multa

422 1420 705 1503 patientia
725 1420 975 1483 fructum
999 1422 1217 1484 ferunt.
1252 1424 1505 1503 Propter
1534 1426 1646 1488 hoc
1674 1425 1819 1487 item
1851 1434 2071 1507 marty-

419 1529 519 1573 res
549 1518 608 1572 et
637 1520 872 1593 ascetae,
906 1511 993 1572 illi
1026 1513 1264 1593 quidem
1305 1514 1494 1595 puenis
1528 1524 1587 1576 et
1615 1515 1924 1596 suppliciis
1949 1535 2069 1578 non

421 1599 623 1678 eximi,
650 1600 712 1663 hi
748 1619 885 1662 vero
916 1600 1151 1663 labores
1180 1603 1468 1666 asceticos
1499 1624 1616 1666 non
1646 1604 1931 1686 abjicere,
1962 1605 2068 1667 sed

422 1690 719 1770 egregiam
766 1689 883 1751 sibi
924 1690 1300 1754 tolerantiam
1352 1695 1717 1775 suppeditari
1762 1695 2065 1776 rogabant,

426 1779 799 1860 propositum
832 1788 1135 1842 certamen
1159 1800 1265 1862 per
1295 1783 1639 1863 patientiam
1663 1791 1980 1866 certantes,
2009 1795 2072 1848 ut

423 1888 531 1951 pro
563 1868 765 1957 labore
783 1888 888 1930 suo
912 1871 1252 1933 mercedem
1285 1872 1345 1933 in
1374 1873 1565 1935 futuro
1588 1875 1804 1936 saeculo
1833 1876 2068 1957 recipe-

424 1966 579 2021 rent.
612 1956 785 2021 Unde
812 1956 970 2019 Deus
1000 1959 1298 2040 patientiae
1327 1971 1386 2023 et
1417 1962 1889 2042 longanimitatis
1909 1965 2070 2028 Deus

420 2049 763 2110 nominatur
779 2049 877 2107 99.
902 2049 1087 2130 Igitur
1101 2070 1205 2132 pro
1227 2052 1473 2116 cuilibet
1491 2056 1778 2134 angustia,
1795 2066 1853 2119 et
1875 2058 2070 2120 omnis

420 2136 657 2201 tristitia
684 2139 1024 2201 necessaria
1052 2147 1163 2211 est,
1195 2150 1511 2223 propterea
1538 2145 1693 2225 quod
1730 2154 1866 2208 ante
1891 2166 2069 2209 omne

418 2234 845 2318 tentamentum
870 2246 1046 2290 nemo
1070 2230 1455 2293 tentationum
1489 2233 1758 2296 notitiam
1779 2236 2065 2318 adipisci-

421 2323 535 2379 tur.
561 2315 673 2379 Ubi
689 2324 887 2379 autem
907 2335 942 2378 a
966 2318 1390 2381 tentationibus
1410 2320 1778 2387 irruentibus
1802 2315 2063 2390 vindica-

419 2413 511 2466 tus
540 2406 744 2489 fnerit,
778 2405 997 2468 Vindici
1048 2406 1171 2469 sive
1219 2411 1365 2484 Deo,
1413 2410 1538 2473 sive
1579 2412 1807 2474 homini
1850 2418 2067 2495 gratias

416 2494 555 2575 agit.
589 2495 735 2559 Cum
767 2495 964 2577 itaque
995 2497 1173 2559 homo
1230 2516 1265 2558 a
1313 2498 1735 2564 tentatiouibus
1775 2494 2064 2570 immunis

416 2584 765 2660 custoditur,
792 2587 863 2647 ad
887 2587 1102 2665 gratias
1150 2586 1225 2649 ob
1261 2587 1317 2649 id
1347 2587 1470 2651 Deo
1493 2592 1750 2670 agendas
1774 2596 1973 2675 segnis
1993 2616 2065 2660 ac

415 2674 583 2767 piger
598 2684 709 2738 est.
740 2678 956 2767 hapsus
985 2683 1181 2767 autem
1202 2677 1265 2767 in
1289 2678 1682 2767 tentationes,
1709 2691 1768 2744 et
1793 2674 2059 2767 ereptus,

414 2766 683 2845 impense
705 2763 759 2825 ei
781 2766 998 2843 gratias
1021 2764 1160 2855 agit.
1189 2764 1340 2837 Quin
1364 2768 1414 2828 si
1455 2769 1589 2849 quis
1625 2771 1800 2834 etiam
1823 2763 2064 2855 semper

408 2852 533 2946 Deo
564 2853 962 2946 gratiasagat,
998 2873 1114 2916 non
1145 2854 1249 2927 ita,
1304 2874 1436 2946 nec,
1467 2865 1777 2940 tantopere
1823 2852 2061 2946 tamque

411 2941 691 3004 alacriter
710 2940 851 3022 agit,
885 2960 1060 3023 quam
1114 2943 1536 3007 tentatiouibus
1561 2956 1622 3008 et
1649 2940 2059 3015 tribulationi-

409 3028 521 3091 bus
553 3029 840 3091 liberatus
870 3048 1049 3107 agere
1079 3031 1407 3094 consuevit.
1460 3032 1536 3096 Ut
1564 3053 1704 3115 ergo
1736 3056 1803 3100 ex
1834 3040 2032 3104 animo

411 3122 469 3179 e't
497 3137 567 3180 ex
594 3126 714 3179 tota
745 3132 967 3200 mente,
1001 3130 1061 3182 et
1111 3138 1181 3180 ex
1237 3120 1513 3184 omnibus
1568 3125 1790 3189 viribus
1845 3130 2059 3209 gratias

407 3220 541 3286 agat
570 3209 631 3270 in
665 3206 1019 3297 tentationes
1048 3216 1106 3271 et
1146 3208 1519 3289 afllictiones,
1557 3221 1614 3275 et
1644 3206 1964 3297 angustias,
2001 3229 2059 3284 et

409 3296 1242 3389 tristitiasincidereoportet,
1291 3307 1355 3362 ut
1383 3300 1661 3366 virtutem
1694 3296 1799 3368 Dei
1832 3326 2056 3389 cogno-

406 3400 556 3450 scat.
588 3386 823 3475 Alioqui
838 3388 1136 3463 remissio,
1165 3398 1225 3452 et
1265 3390 1430 3454 feriae
1451 3392 1568 3456 duo
1592 3414 1709 3457 non
1734 3386 2073 3462 mediocria

406 3478 559 3541 mala
587 3476 845 3559 pariunt,
881 3478 1194 3557 nimirum,
1224 3488 1288 3541 ut
1334 3500 1451 3545 non
1479 3492 1596 3545 tota
1626 3486 1825 3549 anima
1853 3489 2058 3566 gratiae

405 3575 653 3646 agantur
671 3567 838 3657 Deo,
870 3576 1006 3629 etut
1035 3586 1205 3631 mens
1226 3571 1384 3632 curis
1403 3571 1682 3636 inanibus
1703 3587 2047 3657 occupetur.

402 3655 666 3747 Adamus
686 3655 745 3717 in
760 3654 874 3747 illa
924 3674 1029 3718 sua
1064 3658 1286 3747 quiete,
1324 3654 2052 3747 tranquilitateqnevinex-

404 3744 690 3823 plicabili,
726 3743 777 3805 si
807 3745 929 3806 Deo
950 3746 1166 3823 gratias
1190 3746 1430 3830 egisset,
1453 3743 1885 3832 deceptus—non
1915 3756 2055 3818 fuis-

403 3844 533 3911 set;
565 3851 760 3916 neqne
791 3833 1010 3895 malum
1041 3834 1188 3923 illud
1218 3838 1535 3901 consilium
1566 3860 1825 3923 unquam
1857 3845 2054 3908 admi-

403 3921 601 4003 sisset,
624 3939 819 4004 neqne
833 3925 992 4015 Deus
1012 3922 1607 4007 fiericoncupivisset.
1634 3921 1827 4003 Quare
1849 3953 2052 4015 quem-

402 4011 724 4073 admodum
754 4010 1118 4092 aspiratione
1147 4016 1330 4089 aeris,
1364 4015 1450 4077 sic
1477 4018 1795 4096 gratiarum
1822 4010 2056 4089 actione

403 4117 545 4180 erga
571 4099 758 4162 Deum
793 4119 941 4181 opus
977 4100 1289 4181 habemus,
1321 4104 1373 4166 si
1402 4105 1461 4167 in
1497 4113 1873 4189 tentationes,
1906 4115 2054 4177 affli-

401 4190 652 4265 ctiones,
687 4189 1014 4273 angustias,
1042 4198 1532 4277 mterores,'quod
1554 4199 1705 4263 velle
1730 4202 2023 4269 debemus

401 4281 813 4347 inciderimus.

1728 313 2115 403 mactus
2144 309 2505 385 JUNIonIs

426 444 663 502 terram
676 439 1004 503 reverteris
1019 438 1105 513 98,
1131 459 1250 503 non
1281 441 1364 506 ita
1391 441 1599 506 leviter
1633 444 1888 509 sustulit.
1922 446 2076 509 Ecce
2094 469 2139 507 Α

2730 453 3011 521 ORATIO
3054 454 3234 522 XVII.

2783 554 3021 600 ABGL'ME
3028 555 3204 603 NTUM.

2157 623 2244 685 De
2271 644 2418 716 nere
2438 630 2752 716 monacho,
2778 640 2833 692 et
2848 634 3137 712 pecuniae,
3165 641 3279 695 aut
3304 636 3662 716 voluptatis,
3698 643 3812 699 aut

2232 707 2446 798 gloria;
2458 711 2760 790 cupidum,
2783 707 2907 775 non
2924 731 3048 776 esse
3060 707 3424 798 monachum
3442 707 3464 778 Ξ
3489 719 3600 798 qui
3615 707 3814 780 rnorbi

2234 796 2302 877 u}
2331 806 2368 851 a
2396 790 2517 851 Deo
2539 800 2858 877 sanentur,
2893 796 3113 877 ascetis
3140 795 3300 857 dura
3328 790 3805 877 iperpertienda.

2243 869 2370 930 Cur
2394 888 2569 957 omne
2589 890 2746 957 opus
2778 874 3000 957 bonum
3032 875 3213 957 rhunc
3240 869 3471 939 Itab'eat'
3482 878 3686 957 ﬁnem,
3740 884 3811 940 ut

2235 952 2778 1033 sanctificationem
2803 953 3040 1017 Christi
3061 957 3345 1033 recipiat.
3372 952 3527 1020 Cain
3550 958 3813 1021 intellec-

2236 1036 2299 1113 ta
2326 1031 2603 1109 psallere,
2635 1036 2826 1096 solius
2875 1036 2983 1097 Dei
3030 1031 3308 1113 beneﬂcio
3361 1039 3802 1101 ascribendnm.

2239 1108 2366 1197 Quo
2391 1121 2567 1197 pacto
2596 1113 2761 1177 inter
2787 1116 3004 1197 Deum,
3030 1126 3087 1178 et
3142 1108 3419 1183 homines
3465 1121 3808 1182 inimicitiae

2233 1190 2635 1256 intercedant.

2232 1281 2549 1348 Monaches
2577 1295 2689 1361 est,
2722 1290 2822 1370 qui
2856 1289 3158 1370 professus
3187 1310 3384 1354 coram
3438 1291 3562 1356 Deo
3593 1300 3653 1354 et
3697 1311 3802 1355 an-

2150 1372 2320 1454 gelis,
2352 1393 2418 1436 se
2451 1377 2695 1454 mundo,
2728 1386 2787 1440 et
2814 1378 2887 1439 iis
2914 1398 3044 1460 quae
3074 1382 3132 1442 in
3175 1382 3398 1443 mundo
3450 1391 3608 1455 sunt,
3642 1402 3804 1444 nun-

2153 1462 2290 1552 tiam
2325 1465 2649 1541 remisisse,
2706 1476 2763 1529 et
2812 1467 2886 1530 ad
2947 1468 3249 1533 Christum
3308 1489 3374 1534 se
3426 1490 3802 1552 aggregasse,

2150 1549 2565 1633 divinagratia,
2603 1576 2733 1637 qua:
2760 1559 2958 1620 animo
2990 1561 3345 1642 concipitur,
3409 1549 3655 1641 mystice
3704 1562 3802 1622 di-

2153 1656 2364 1731 gnatus
2382 1652 2492 1718 est,
2518 1654 2576 1706 et
2606 1647 2738 1727 ejus
2767 1648 2968 1726 gratiae
2997 1667 3237 1711 sensum
3262 1651 3577 1731 quemdam
3619 1651 3798 1711 intel-

2153 1730 2442 1810 ligibilem
2464 1735 2678 1798 hausit.
2696 1734 2823 1798 Prae
2846 1736 2974 1817 ipsa
2987 1738 3146 1800 enim
3163 1730 3392 1816 omnes,
3418 1739 3614 1801 carnis
3637 1759 3807 1801 mun-

2092 1835 2132 1884 B
2155 1819 2333 1901 dique
2354 1820 2668 1886 illecebras
2698 1826 3044 1905 detestatus,
3070 1847 3177 1908 per
3205 1832 3474 1891 eamdem
3510 1838 3800 1901 mortuus,

2154 1917 2209 1969 et
2239 1910 2311 1971 ad
2346 1931 2557 1975 omnes
2577 1913 2706 1975 illas
2731 1914 3036 1997 inhabilis,
3070 1926 3129 1978 et
3158 1917 3394 1998 ineptus
3416 1918 3687 1979 eﬁicitur.
3716 1918 3800 1980 Ac

2152 2010 2292 2062 tunc
2322 2020 2455 2063 cum
2489 2021 2721 2064 summo
2740 2005 2977 2088 gaudio,
3009 2006 3382 2088 ferventique
3401 2007 3703 2069 desiderio
3727 2010 3796 2070 ad

2150 2090 2348 2152 divina
2376 2090 2595 2154 Christi
2628 2093 2902 2157 mandata
2948 2096 3012 2157 ﬁt
3051 2104 3354 2168 strenuus,
3409 2105 3467 2158 et
3516 2096 3589 2158 ab
3639 2098 3799 2158 omni

2149 2180 2467 2263 voluptate,
2546 2182 3073 2266 pecuniarumque,
3137 2195 3194 2247 et
3247 2188 3538 2248 honorum
3598 2187 3800 2249 studio

2148 2270 2380 2333 alienus
2415 2273 2595 2353 (velut
2624 2273 2727 2355 qui
2755 2282 2920 2336 extra
2945 2293 3208 2348 carnem,
3245 2285 3301 2338 et
3332 2276 3618 2338 mundum
3649 2280 3804 2339 vive-

2146 2361 2262 2443 ret)
2294 2366 2697 2447 cognoscitur,
2720 2373 2778 2426 et
2806 2363 2918 2426 soli
2949 2362 3194 2446 Spiritui
3240 2374 3445 2430 sancto
3467 2368 3799 2433 arctissime

2146 2450 2521 2530 conjunctus,
2555 2472 2796 2534 semper
2824 2454 2991 2515 laetus
3022 2461 3080 2515 et
3110 2454 3414 2535 psallens:
3458 2456 3579 2537 Ego
3594 2465 3798 2522 autem

2146 2544 2213 2601 in
2233 2538 2495 2603 Domino
2513 2543 2811 2624 gaudebo,
2835 2549 2894 2605 et
2913 2542 3228 2607 exsaitabo
3246 2546 3311 2607 in
3354 2544 3485 2609 Deo
3539 2546 3801 2613 salutari

2143 2630 2311 2690 meoi
2341 2679 2355 2694 .
2390 2630 2584 2693 Aliter
2607 2631 2898 2713 quispiam
2922 2632 3134 2694 referri
3166 2633 3226 2694 in
3251 2633 3453 2697 album
3481 2639 3798 2701 monacho-

2143 2734 2274 2778 rum
2302 2718 2642 2800 neutiquam
2679 2728 2890 2801 potest.
2949 2719 3088 2783 Tria
3119 2725 3282 2783 enim
3313 2732 3472 2801 sunt,
3505 2725 3792 2805 voluptas,

2144 2807 2417 2886 pecunia,
2448 2810 2657 2887 gloria.
2686 2810 3013 2874 Monachus
3042 2811 3141 2892 qui
3173 2812 3369 2874 adhuc
3396 2815 3793 2895 voluptatibus

2143 2911 2208 2956 se
2238 2895 2552 2977 submittit,
2584 2899 2846 2963 nondum
2898 2900 3253 2978 monachus,
3304 2902 3410 2964 sed
3468 2903 3789 2965 etiamnum

2144 2984 2390 3063 peccati,
2426 2994 2485 3048 et
2513 2984 2749 3051 Satanae
2779 2990 3143 3072 mancipium
3176 2998 3285 3052 est.
3340 2991 3663 3055 Monachus
3694 2993 3789 3053 cui

2038 3081 2118 3162 ξε
2144 3091 2310 3162 amor
2331 3076 2601 3155 pecuniae
2617 3078 2816 3142 adhuc
2846 3081 3119 3162 imperat,
3148 3081 3407 3142 nondum
3440 3081 3786 3159 monachus,

2140 3161 2247 3223 sed
2278 3162 2590 3228 idololatra
2642 3177 2752 3232 est.
2799 3161 3123 3232 Monachus
3173 3169 3366 3232 adhuc
3415 3169 3790 3252 ambitiosus,

2141 3251 2405 3314 nondum
2462 3257 2809 3335 monachus,
2862 3258 2968 3320 sed
3030 3257 3317 3339 principis
3376 3259 3551 3337 hujus
3582 3251 3794 3320 mundi

2140 3339 2594 3420 probatissimus
2624 3345 2799 3409 miles
2828 3355 2939 3410 est.
2976 3345 3089 3420 Qui
3119 3347 3299 3427 igitur
3325 3348 3666 3427 possidetur
3693 3354 3795 3410 aut

2137 3428 2211 3490 ab
2242 3430 2337 3492 bis
2369 3432 2555 3495 tribus
2587 3452 2656 3496 ex
2689 3443 2876 3517 parte,
2913 3443 3014 3498 aut
3043 3436 3117 3498 ab
3174 3456 3291 3499 uno
3345 3437 3557 3499 horum
3612 3435 3791 3498 trium

2138 3518 2441 3598 universe,
2476 3541 2579 3584 seu
2602 3524 2860 3604 jejunet,
2905 3543 3010 3588 seu
3071 3525 3291 3607 vigilet,
3342 3545 3451 3589 seu
3500 3534 3651 3602 oret,
3685 3544 3792 3588 seu

2138 3608 2366 3695 psallat,
2393 3628 2501 3672 seu
2523 3612 2689 3673 humi
2711 3613 2912 3689 cubet,
2937 3623 2995 3676 et
3013 3614 3235 3695 quaevis
3253 3614 3368 3677 alia
3389 3613 3787 3690 incommoda,

2137 3694 2491 3785 laboresque
2519 3719 2588 3762 ac
2617 3701 2917 3765 molestias
2938 3694 3173 3773 subeat,
3213 3698 3574 3785 omnemque
3599 3702 3793 3766 scien-

2139 3784 2277 3874 tiam
2310 3788 2488 3865 norit,
2524 3808 2657 3852 cum
2689 3790 2888 3873 Patre,
2910 3791 3085 3873 Filio,
3122 3802 3181 3854 et
3211 3792 3433 3874 Spiritu
3452 3801 3654 3855 saneto
3683 3811 3786 3854 so-

2135 3872 2409 3938 cietatem
2443 3898 2560 3941 non
2591 3880 2789 3945 habet.
2832 3872 3090 3944 Necesse
3118 3890 3206 3945 est
3236 3872 3397 3944 enim
3436 3882 3594 3943 hunc
3626 3881 3790 3962 prius

2136 3962 2495 4047 libertatem,
2523 3988 2653 4049 quae
2674 3980 2872 4033 mente
2893 3970 3125 4032 videtur
3152 3990 3186 4033 a
3207 3972 3315 4033 Dei
3338 3970 3489 4032 Filio
3511 3970 3784 4051 adipisci,

2135 4052 2352 4134 quiait,
2372 4057 2584 4119 Omnis
2597 4066 2705 4139 qui
2713 4061 2860 4138 facit
2869 4068 3176 4141 peccatum
3187 4078 3398 4123 servus
3413 4066 3499 4122 est
3506 4061 3742 4138 peccati
3766 4079 3786 4120 :

2134 4160 2344 4206 servus
2354 4151 2555 4209 autem
2559 4155 2794 4228 peccati
2804 4167 2922 4211 non
2938 4157 3137 4211 manet
3151 4151 3219 4212 in
3231 4149 3403 4211 domo
3413 4150 3529 4211 Dei
3538 4152 3601 4211 in
3617 4154 3788 4211 ceter-

2132 4248 2278 4295 num
2300 4231 2332 4281 2
2355 4281 2368 4296 .
2403 4233 2504 4295 Est
2524 4245 2722 4298 autem
2746 4238 2959 4301 domus
2982 4238 3089 4301 Dei
3105 4256 3355 4317 regnum
3384 4237 3533 4318 ejus.
3560 4236 3784 4313 Audin,

2128 4319 2564 4387 formidandam
2595 4327 2949 4389 sententiam
2973 4334 3001 4391 ?
3022 4326 3099 4392 Si
3118 4329 3309 4408 igitur
3323 4325 3485 4392 ﬁlius
3502 4344 3603 4390 vos
3626 4325 3784 4390 iibe-

478 4465 546 4518 98
575 4463 727 4530 Gen;
767 4482 855 4545 III,
893 4467 989 4534 19.
1075 4467 1141 4521 99
1167 4469 1345 4536 Rom.
1379 4489 1422 4536 ιι
1451 4480 1510 4538 et
1536 4491 1637 4538 xv.
1724 4477 1746 4520 ί
1777 4478 2003 4548 Hahae.
2034 4503 2123 4567 Ill,
2162 4491 2257 4555 18.
2343 4491 2371 4535 2
2396 4490 2565 4558 Joan.
2602 4511 2726 4574 vni,
2763 4495 2862 4573 34,
2896 4495 2997 4559 35.

400 4645 508 4691 seu
538 4626 954 4720 indigentiam,
996 4629 1198 4720 partis
1235 4633 1469 4720 opibus,
1502 4636 1757 4720 effugiat,
1814 4642 1865 4705 is
1925 4665 2046 4714 non

403 4708 590 4788 magis
602 4717 813 4809 peccat
854 4709 913 4770 in
940 4708 1308 4809 praeceptum
1340 4708 1653 4798 Dei'quam
1687 4708 1844 4785 si'de
1892 4708 2043 4809 ope:

400 4808 528 4852 ram
559 4789 623 4852 ut
650 4789 891 4879 morbos
908 4789 1188 4879 effugiat;
1220 4789 1525 4879 ipsamque
1553 4809 1825 4879 mortem,
1861 4807 1911 4868 si
1934 4789 2052 4872 non

399 4887 670 4960 semper;
672 4870 834 4947 vitet,
858 4882 1020 4960 certe
1043 4870 1294 4960 ditl'era't.
1323 4870 1528 4960 Itaque
1551 4882 1787 4960 quando
1808 4870 2052 4953 Simeon

399 4949 584 5045 dicit:
610 4950 800 5033 Eum,
823 4953 928 5031 qui
949 4953 1353 5045 indigentiam
1362 4949 1586 5037 ru‘gere'
1593 4963 1833 5045 nititur,
1850 4949 2052 5045 [αρεὶὲ

398 5033 595 5124 etiam
615 5049 985 5124 germanam
1006 5033 1566 5124 Christianis-mam,
1589 5050 1647 5101 et
1665 5042 1716 5102 si
1736 5033 1876 5124 quid
1890 5033 2050 5113 aliud

397 5110 577 5192 hujus
605 5110 849 5192 generis
878 5115 938 5174 in
970 5114 1082 5175 hac
1110 5116 1379 5179 oratione
1437 5110 1712 5184 occurret
1754 5110 1829 5185 'id
1880 5110 2047 5192 acci;

400 5190 682 5279 piendum
698 5200 788 5255 est
806 5193 882 5255 de
906 5192 1008 5255 illo
1030 5193 1133 5279 qui
1165 5208 1571 5279 paupertatem
1602 5190 2047 5273 intolerandum

402 5271 932 5366 gravissimumque
955 5271 1179 5366 malum
1201 5271 1459 5366 reputat,
1476 5271 2047 5366 immissamquesibi

401 5351 581 5433 invito
613 5361 672 5433 et
700 5351 904 5433 iniquo
934 5356 1132 5416 animo
1184 5351 1391 5421 tolerat
1419 5351 1690 5424 {oblitus
1731 5351 2046 5433 Sal'vatoris

402 5429 517 5503 sui,
552 5432 653 5511 qui
683 5429 833 5495 hanc
859 5437 1155 5523 omnibus
1182 5436 1404 5502 divitiis
1431 5445 1791 5523 anteposuit,
1824 5429 2042 5513 imme:

401 5526 650 5609 mprque
669 5531 859 5609 prensa
882 5514 1382 5609 illinsprimeevaa,
1405 5514 1591 5609 quam'
1619 5514 1856 5609 Deus'in
1876 5549 2042 5593 mor-

401 5589 806 5669 tales’statuit,
840 5601 905 5655 ut
954 5589 1182 5658 scilicet
1216 5597 1279 5660 in
1327 5589 1545 5664 sudore
1594 5604 1784 5668 vultus
1815 5589 2042 5674 suiive-

397 5678 712 5736 scerentur
738 5692 891 5754 pane
917 5695 1052 5753 suo,
1080 5676 1381 5761 vitamque
1413 5681 1575 5750 inter
1603 5686 1792 5753 varias
1816 5708 2041 5757 terum-

2129 4671 2239 4715 nas
2255 4660 2314 4715 et
2334 4655 3096 4739 paupertatisincommoda
3113 4657 3441 4739 exigerent,
3469 4674 3643 4739 quam
3663 4673 3786 4738 pte-

2127 4751 2287 4819 nam.
2312 4735 2514 4819 cutn'a
2546 4735 2663 4798 Deo
2695 4736 3006 4819 inﬂigitur,
3064 4735 3255 4819 quivis
3300 4735 3595 4819 patienter
3638 4735 3783 4818 per-

2135 4814 2363 4876 solvere
2393 4815 2570 4900 debet
2591 4814 2882 4900 ;_tamets_i_
2896 4814 3147 4900 ipsemEt
3177 4839 3249 4881 ea
3274 4814 3339 4880 se
3370 4814 3781 4900 afticere,'nec

2134 4902 2393 4976 tenetur,
2417 4916 2526 4958 nec
2540 4896 2804 4981 jubetur.
2840 4896 2989 4962 Et’si
3023 4900 3154 4981 quis
3183 4908 3286 4962 aut
3321 4899 3653 4981 exsisteret,
3680 4905 3782 4960 aut

2133 4993 2392 5061 unquam
2406 4977 2745 5061 exstitisset,
2767 4977 3261 5061 quemsudoriste
3274 4980 3464 5041 vultus
3479 4997 3779 5061 nunquam

2134 5055 2449 5140 tetigisset,
2501 5055 3197 5140 omnisqueindigentiaa
3245 5069 3545 5139 expertem
3598 5055 3779 5137 vitam

2133 5137 2512 5230 traduxisset,
2536 5137 2774 5230 paratus
2805 5137 3029 5230 ferres:
3053 5141 3192 5230 quid
3223 5160 3257 5203 a
3288 5137 3409 5201 Deo
3439 5140 3554 5230 sibi
3586 5142 3781 5230 mitte:

2127 5216 2402 5302 retur:_is
2434 5216 2582 5280 nihil
2614 5231 2930 5300 propterea
2967 5224 3029 5283 in
3061 5216 3243 5284 ullum
3279 5229 3639 5302 praeceptum
3671 5219 3781 5302 Dei

2129 5297 2547 5383 commisisset,
2606 5297 2943 5383 quanquam
3004 5302 3137 5383 quis
3193 5297 3642 5383 unquam—fuit,
3676 5300 3780 5378 qui

2127 5376 2519 5463 indigentiam
2556 5376 2845 5460 penitusa
2868 5402 2976 5443 suo
3002 5376 3209 5445 limine
3231 5376 3550 5444 ett-cludere
3575 5376 3780 5463 potue-

2126 5456 2227 5549 rit,
2261 5456 2320 5521 et
2351 5460 2462 5549 hoc
2491 5456 2708 5549 sudore
2751 5479 3060 5549 aspersus
3087 5482 3206 5524 non
3259 5464 3480 5549 fuerit?
3510 5456 3631 5523 iniu
3660 5481 3776 5541 quo

2126 5541 2261 5626 quis
2288 5541 2519 5602 avarior
2568 5548 2689 5616 est;
2745 5541 2837 5603 eo’
2868 5543 3138 5626 egentior
3193 5553 3303 5607 est.
3362 5542 3521 5608 Vere
3551 5550 3775 5624 poeta;

2123 5624 2383 5704 Semper
2408 5638 2643 5687 avarus
2669 5629 2821 5703 eget.
