4160 6400
282 426 404 498 393

1746 420 2027 490 ORATIO
2067 419 2258 490 XVII.

3579 385 3698 491 394

271 563 530 637 raverit,
553 561 930 642 inquit,vere
947 559 1130 624 liberi
1159 558 1389 622 eritis3.
1409 556 1555 621 Cum
1586 573 1727 638 ergo
1755 555 1889 646 quis
1910 563 2007 617 aA
2028 555 2204 620 sibile
2234 563 2347 622 est.
2406 555 2672 622 Affectus
2722 551 2884 622 enim
2941 557 3151 623 morbo
3209 559 3532 644 quispiam,
3587 563 3694 646 qui

272 650 468 712 tribus
501 650 673 712 hisce
703 650 989 713 liberatus
1020 648 1217 725 fuerit,
1249 656 1373 710 tum
1427 646 1696 721 demum,
1733 654 1796 707 ut
1815 645 1940 726 jam

273 739 676 818 Christianus,
713 749 769 802 et
800 739 1018 804 Christi
1061 757 1267 802 servus
1297 738 1565 812 effectus,
1599 736 1857 818 psallere
1887 749 1946 803 et

273 849 447 892 orare
473 830 677 893 debet.
713 831 888 895 Certe
921 828 1080 892 enim
1117 828 1218 910 qui
1248 836 1348 890 aut
1393 825 1467 888 ab
1499 825 1593 888 his
1624 825 1815 886 tribus
1849 829 1944 903 ty-

274 919 545 983 rannicis
580 918 1022 996 affectionibus,
1049 927 1150 981 aut
1171 918 1244 981 ab
1276 919 1486 979 harum
1518 915 1717 997 aliqua
1746 911 1947 992 subju-

275 1024 444 1090 gatus
474 1019 586 1081 cst,
627 1010 803 1071 etiam
840 1009 1042 1070 volens
1071 1009 1132 1070 in
1174 1003 1514 1069 libertatem
1547 1023 1611 1067 se
1639 1003 1943 1065 vindicare

283 1100 519 1180 nequit.
552 1099 678 1162 Soli
711 1099 870 1161 enim
899 1098 1008 1162 Dei
1041 1097 1212 1173 Filio,
1239 1105 1413 1179 atque
1435 1095 1583 1173 Regi
1613 1095 1750 1158 Jesu
1783 1090 1948 1153 Chri-

286 1202 404 1264 sto,
437 1190 760 1252 secundum
797 1195 1147 1269 potestatem
1180 1206 1354 1268 quam
1387 1206 1420 1248 a
1470 1185 1646 1247 Patre
1703 1189 1946 1264 propter

287 1297 495 1341 necem
526 1296 864 1360 perpessam
890 1275 1142 1358 accepit,
1170 1275 1340 1337 istam
1365 1274 1590 1338 donare
1609 1272 1943 1360 libertatem

286 1359 634 1430 concessum
657 1376 767 1442 est,
786 1366 885 1448 qui
910 1364 1561 1447 postresurrectionem
1584 1382 1750 1426 suam
1775 1359 1940 1424 dicit:

281 1455 449 1520 Data
479 1466 567 1520 est
597 1458 752 1520 mihi
781 1457 976 1519 omnis
997 1463 1265 1537 potestas
1285 1457 1349 1517 in
1371 1454 1515 1516 creto
1539 1463 1598 1516 et
1620 1459 1688 1515 in
1710 1461 1874 1518 terra
1889 1451 1942 1502 4ο

281 1545 368 1606 Ad
403 1547 782 1609 liberatorem
815 1546 1000 1626 igitur
1029 1543 1512 1624 confugiendum,
1548 1562 1722 1626 quem
1757 1562 1942 1624 penes

279 1636 472 1697 solum
507 1645 599 1699 est
628 1637 738 1698 ista
769 1635 1106 1697 auctoritas.
1140 1633 1212 1696 Et
1252 1653 1328 1696 ne
1371 1631 1511 1714 quid
1563 1633 1932 1718 omittamus,

284 1743 398 1804 quo
431 1724 503 1786 ab
537 1745 608 1787 eo
639 1745 673 1787 a
703 1724 889 1787 tribus
921 1723 1086 1786 hisce
1111 1721 1371 1804 tyrannis
1395 1723 1455 1784 in
1480 1721 1815 1784 libertatem
1836 1741 1936 1784 as-

279 1831 576 1895 seramur,
610 1833 716 1895 pro
747 1833 817 1876 ea
845 1832 956 1875 nos
986 1812 1186 1874 inedia
1235 1829 1628 1887 maceremus,
1681 1818 1739 1873 et
1768 1811 1934 1874 elee-

279 1920 552 1984 mosynas
584 1903 1034 1977 distribuamus,
1062 1910 1124 1964 ut
1156 1901 1350 1963 videat
1377 1920 1486 1963 nos
1508 1919 1730 1982 cupere
1759 1900 1935 1964 liber-

279 1999 485 2072 tatem,
539 1992 639 2074 qui
696 1993 817 2054 vult
861 1990 1361 2055 misericordiam.
1415 1986 1705 2053 Cteterum
1756 1997 1937 2071 parta

277 2079 571 2144 libertatis
594 2083 880 2144 indicium
909 2090 1022 2157 est,
1050 2081 1379 2163 perfectum
1413 2080 1617 2142 odium
1647 2080 1930 2154 illorum;

278 2179 344 2231 ut
375 2190 407 2232 a
437 2191 690 2252 quorum
721 2171 1053 2234 cervicibus
1083 2173 1191 2233 hoc
1217 2171 1426 2250 jugum
1474 2169 1690 2231 servile
1717 2169 1933 2252 depul-

274 2280 409 2322 sum
442 2271 551 2342 est,
586 2263 712 2324 haec
763 2271 1040 2344 tanquam
1096 2267 1359 2322 monstra
1399 2257 1744 2336 fmdissima,
1797 2279 1930 2341 qum

274 2350 609 2412 secundum
642 2349 975 2413 Salomonis
1007 2349 1476 2413 exsecrationem
1498 2367 1798 2430 nunquam
1822 2348 1931 2410 im-

275 2439 431 2520 pleri
467 2443 780 2520 queant5,
813 2441 1184 2504 detestentur
1213 2438 1415 2501 etiam.
1456 2436 1659 2518 Itaque
1710 2438 1931 2500 bonum

273 2535 363 2589 est
386 2529 640 2608 psallere
661 2529 808 2605 Deo,
835 2547 1030 2610 orare,
1047 2529 1349 2609 jejunare,
1379 2526 1642 2604 vigilare,
1690 2527 1932 2590 miseri-

271 2617 533 2680 cordiam
570 2637 874 2694 exercere,
907 2627 966 2681 et
995 2625 1238 2699 propter
1259 2615 1561 2680 Christum
1592 2633 1788 2696 egere.
1823 2617 1933 2680 Bo-

271 2725 414 2768 num
447 2725 512 2769 se
543 2708 859 2770 humiliare
893 2726 908 2771 :
945 2707 1047 2769 sed
1080 2706 1350 2769 videmus
1403 2705 1462 2766 in
1516 2706 1634 2782 his,
1690 2705 1922 2789 fratres,

279 2795 500 2858 multos
530 2797 591 2858 in
621 2817 866 2860 vacuum
899 2804 999 2858 aut
1029 2795 1387 2870 cucurrisse,
1440 2803 1540 2858 aut
1568 2814 1836 2868 currere,
1872 2805 1931 2859 et

270 2882 546 2946 laborare
578 2885 889 2949 inutiliter.
921 2883 1105 2948 Causa
1129 2893 1335 2964 aperta
1352 2891 1458 2946 est.
1489 2882 1721 2945 Etenim
1747 2883 1926 2965 quid-

273 2973 412 3053 quid
444 2974 660 3053 agitur,
687 2986 930 3056 propter
949 2973 1172 3054 aliquid
1205 2973 1412 3053 agitur.
1461 2971 1606 3044 Quia
1640 2991 1778 3035 vero
1811 2980 1930 3034 tota

274 3069 480 3125 natura
512 3064 824 3125 hominum
857 3073 987 3145 post
1033 3062 1578 3144 praevaricationem
1631 3063 1924 3143 corrupti-

276 3148 410 3212 bilis
440 3160 496 3214 et
531 3153 800 3214 mortalis
829 3171 963 3215 esse
992 3152 1194 3232 coepit,
1229 3159 1405 3233 atque
1454 3150 1678 3213 idcirco
1727 3151 1925 3215 imbe-

275 3239 410 3302 cilla
440 3249 498 3303 et
529 3261 885 3318 aerumnosa,
920 3241 1309 3322 omniumque
1339 3238 1616 3302 vitiorum
1639 3247 1698 3302 et
1726 3239 1923 3302 stulti-

269 3327 365 3392 tia;
395 3348 601 3413 capax,
635 3351 893 3413 quonam
947 3340 1117 3413 pacto
1174 3331 1303 3412 ipsa
1353 3349 1486 3393 sese
1530 3349 1565 3392 a
1609 3329 1929 3412 semetipsa

274 3416 667 3482 liberaverit?
689 3420 995 3494 Quomodo
1017 3439 1156 3500 ergo
1180 3418 1528 3481 liberabitur
1544 3419 1574 3479 ?
1599 3417 1661 3481 Si
1672 3418 1924 3499 jejunia,

274 3505 532 3586 vigilias,
565 3511 933 3590 precationes
963 3508 1377 3591 frequentarit,
1425 3516 1484 3570 et
1529 3507 1836 3585 laborarit,
1872 3512 1931 3570 et

275 3595 593 3660 facultates
625 3618 757 3662 suas
787 3598 1146 3682 pauperibus
1187 3597 1580 3679 distribuerit,
1612 3605 1680 3660 ut
1721 3617 1756 3661 a
1785 3617 1924 3661 cor-

274 3695 450 3766 rupta
480 3688 772 3752 voluntate
801 3689 1092 3753 diviniore
1121 3687 1336 3750 virtute
1383 3687 1697 3763 liberetur,
1748 3687 1822 3751 ab
1853 3708 1922 3752 eo

272 3775 377 3855 qui
406 3775 568 3839 solus
585 3777 814 3852 liberat,
839 3788 897 3841 et
917 3778 1018 3861 qui
1039 3777 1202 3840 venit
1221 3777 1433 3840 tollere
1455 3785 1699 3858 peccata
1717 3779 1925 3841 mundi

265 3865 441 3929 Jesus
471 3867 739 3930 Christus
769 3875 830 3932 et
856 3869 1036 3932 Deus.
1071 3868 1184 3941 Qui
1215 3867 1289 3930 ob
1342 3869 1494 3928 hanc
1541 3885 1778 3930 causam
1820 3869 1922 3949 je-

259 3955 454 4035 junat,
488 3957 714 4038 vigilat,
747 3958 979 4040 aliaque
1011 3958 1170 4033 facit,
1198 3966 1256 4020 et
1276 3957 1528 4030 laborat,
1564 3957 1778 4038 optatis
1808 3977 1918 4039 po-

267 4045 465 4119 tietur,
495 4053 552 4108 et
574 4063 915 4127 cognoscet,
942 4049 1230 4128 etgratias
1251 4054 1407 4126 aget,
1428 4045 1921 4110 ethumiliabz‘tur

263 4132 374 4196 sub
396 4141 636 4215 potenti
654 4154 842 4200 manu
873 4136 1030 4201 Dei6
1056 4187 1070 4201 .
1102 4136 1214 4210 Qui
1245 4145 1440 4199 autem
1471 4135 1533 4196 in
1556 4135 1670 4197 vita
1689 4135 1920 4216 agenda

263 4223 424 4310 hunc
445 4243 693 4306 scopum
711 4227 826 4290 sibi
849 4227 1214 4310 propositum
1259 4246 1377 4288 non
1401 4227 1600 4306 habet,
1619 4224 1918 4287 incassum

264 4309 576 4389 laborabit,
603 4315 926 4397 infelixque
946 4309 1004 4378 et
1028 4318 1211 4378 miser
1239 4315 1613 4380 Christianus
1644 4313 1720 4376 ad
1750 4313 1918 4377 futu-

264 4417 398 4462 rum
433 4404 714 4466 saeculum
748 4406 1204 4470 transmittetur.

2025 647 2192 727 prius
2225 646 2378 710 bene
2409 647 2665 724 valebat,
2719 648 2795 711 de
2837 656 2992 713 statu
3047 669 3154 714 suo
3213 649 3276 713 in
3332 672 3450 735 quo
3508 673 3689 718 sanus

2027 744 2174 819 erat,
2209 737 2446 818 cogitat.
2480 736 2707 800 Verum
2741 737 2813 801 ab
2843 738 2973 821 ipsa
3013 741 3428 822 conceptione,
3463 744 3686 808 nedum

2026 823 2261 914 abortu
2297 831 2354 888 et
2385 828 2540 889 exitu
2572 825 2634 887 in
2667 827 2884 904 lucem,
2930 837 3138 891 natura
3176 848 3353 910 aeger,
3387 834 3686 914 quomodo

2028 911 2172 993 quid
2202 913 2275 975 sit
2305 913 2526 977 sanitas
2556 934 2734 978 nosse
2765 915 2998 998 possit?
3029 915 3142 990 Qui
3189 919 3366 982 etiam
3405 911 3488 984 de
3516 922 3683 984 sani-

2031 1008 2154 1064 tate
2180 1001 2455 1094 audiens,
2489 1023 2607 1066 non
2642 1005 2816 1068 modo
2846 1006 3182 1070 doctrinam
3229 1028 3350 1072 non
3379 1013 3681 1094 complec-

2027 1094 2204 1168 tetur,
2238 1093 2346 1156 sed
2377 1101 2434 1186 et
2465 1094 2780 1186 pronugis
2810 1095 3008 1174 ducet,
3045 1116 3178 1179 quae
3207 1093 3681 1186 dicuntur,ipro-

2029 1187 2161 1274 pter
2187 1201 2350 1244 suam
2384 1182 2867 1274 incredulitatem
2899 1189 3118 1261 omnia,
3156 1187 3389 1267 jejunia
3424 1182 3678 1274 scilicet,

2027 1268 2274 1366 ejusque
2305 1272 2554 1366 comites
2585 1292 2689 1366 pro
2721 1274 3182 1366 incredibilibus
3205 1277 3456 1364 habens,
3483 1290 3543 1345 et
3572 1268 3678 1366 pro

2031 1357 2284 1451 vinculis
2328 1359 2548 1451 ferreis
2605 1363 2681 1425 de
2732 1363 2988 1444 peccatis
3040 1373 3163 1426 tum
3222 1357 3500 1451 prOprii's,
3553 1357 3674 1438 tum

2026 1444 2273 1539 fratrum
2307 1449 2532 1532 dolere,
2566 1458 2624 1513 et
2652 1453 2795 1514 flere
2827 1470 2960 1518 cum
3019 1444 3348 1539 ﬂentibus;
3380 1473 3446 1522 ut
3483 1444 3673 1537 etiam

2024 1537 2452 1638 gauderecum
2481 1539 2896 1638 gaudentibus.
2941 1541 3058 1638 Sed
3092 1544 3217 1638 hmo
3267 1537 3468 1614 omnia
3493 1554 3675 1638 bona,

2021 1627 2421 1726 admirabilia,
2455 1636 2511 1691 et
2541 1629 2716 1692 laude
2746 1630 2925 1711 digna
2953 1631 3312 1714 injnihilum
3362 1627 3660 1726 recidunt,

2021 1715 2072 1818 si
2103 1717 2178 1794 is,
2211 1719 2312 1799 qui
2340 1736 2420 1818 ea
2441 1727 2839 1818 consectatur,
2872 1720 2980 1783 Dei
3009 1725 3498 1795 sanctificationis
3528 1715 3670 1818 par:-

2021 1806 2356 1910 ticeps‘non
2388 1808 2485 1910 ﬁat
2515 1829 2528 1871 :
2563 1808 2679 1910 huc
2707 1809 2870 1910 enim
2901 1829 3020 1874 una
3051 1814 3333 1910 _tendunt
3374 1806 3672 1910 universa,

2019 1897 2172 1960 sicut
2197 1896 2515 1980 Apostolus
2543 1898 2624 1961 ait
2642 1899 2672 1948 7
2699 1898 2774 1962 de
2806 1900 2880 1962 iis
2908 1901 3068 1981 quod
3085 1906 3244 1968 Deus
3275 1912 3514 1978 erudire
3546 1896 3671 1979 tan:

2019 2005 2197 2087 quam
2230 1986 2712 2087 ﬁliosdignatur,
2746 1989 3028 2087 quoniam
3074 1994 3275 2087 erudit
3321 2000 3394 2062 ad
3426 2001 3486 2064 id
3518 2006 3678 2087 quod

2019 2075 2184 2176 utile.
2223 2083 2336 2176 est,
2371 2075 2456 2176 “in
2515 2077 2865 2176 recipiendo
2922 2081 3458 2176 sanctificationem
3515 2075 3670 2176 ejus.

2019 2162 2187 2236 Quod
2220 2163 2336 2226 nisi
2364 2163 2486 2240 fiat,
2521 2165 2714 2228 inanis
2749 2165 2938 2244 labor,
2969 2167 3166 2233 inanis
3197 2173 3367 2238 fides.
3402 2162 3671 2247 Primum

2014 2253 2194 2333 igitur
2224 2272 2419 2336 neque
2448 2254 2580 2352 sine
2613 2256 3008 2336 virtuteJesu,
3037 2266 3095 2322 et
3114 2263 3219 2325 Dei
3244 2265 3376 2346 ipsa
3396 2268 3670 2352 legitime

2014 2362 2308 2444 exercere
2328 2344 2571 2444 pos-sis}
2608 2351 2667 2407 et
2695 2364 2813 2444 non
2845 2361 3190 2444 coronatur,
3232 2344 3334 2436 qui
3367 2344 3488 2422 non
3517 2361 3673 2444 legi-

2013 2432 2158 2495 time
2189 2441 2397 2496 certat.
2429 2434 2546 2497 Lex
2580 2453 2760 2523 porro
2791 2433 2851 2497 in
2896 2436 3185 2522 his‘Euna,
3242 2432 3334 2523 ut}
3353 2432 3677 2518 occulteVet

2014 2523 2361 2626 cautissime
2387 2523 2551 2626 fiant,
2585 2518 2783 2626 coram
2817 2525 3004 2626 oculis
3033 2518 3246 2606 Lsoli'us
3293 2518 3425 2615 Dei,
3480 2561 3673 2626 usque

2015 2611 2163 2674 adeo
2192 2611 2533 2710 diligenter,
2565 2614 3128 2710 utneque‘sinistra
3184 2631 3387 2688 nostra
3407 2611 3417 2615 ⁷
3438 2611 3664 2710 cogno-

2009 2708 2155 2778 seat,
2182 2701 2336 2797 quid
2365 2701 2608 2797 ἀεξιφτᾶ
2637 2702 2834 2768 faciat.
2867 2703 3012 2777 Quae
3061 2715 3259 2797 autem
3305 2701 3574 2797 sinistra,
3607 2731 3667 2786 et

2010 2809 2142 2871 quae
2165 2790 2406 2854 dextera
2429 2791 2461 2852 ‘I
2489 2791 2740 2856 Dextera
2763 2800 2874 2870 est,
2899 2814 3030 2876 quae
3049 2795 3346 2864 Christum
3364 2790 3662 2876 dicentem

2009 2879 2218 2973 audit_:
2255 2881 2411 2943 Cum
2465 2884 2672 2945 omnia
2719 2883 3007 2961 feceritis,
3061 2887 3262 2972 dicite,
3311 2896 3457 2973 quia
3501 2903 3668 2966 servi

2011 2967 2257 3066 inutiles
2282 2988 2518 3066 smnus,
2553 2977 2850 3066 quoniam
2886 2975 3050 3066 quod
3092 2967 3664 3066 facere-debemus,

2009 3059 2266 3160 [coimus
2281 3061 2356 3160 8..
2385 3059 2708 3160 Ξεᾱλθηίξη,
2727 3061 2873 3160 quis
2891 3062 2992 3126 ille
3005 3065 3106 3145 qui
3129 3067 3329 3160 omnia
3344 3066 3505 3153 fecit,
3534 3059 3666 3160 qua;

2008 3146 2204 3210 facere
2231 3148 2460 3212 debet?
2489 3148 2655 3222 Quod
2691 3149 2745 3213 si
2776 3150 2908 3232 quis
2963 3163 3063 3215 aut
3104 3157 3325 3238 omnia,
3377 3173 3476 3227 aut
3492 3146 3664 3232 ἠδη-

1945 3213 1984 3263 C
2009 3237 2178 3338 nulla
2204 3213 2537 3338 aliquando
2561 3239 2742 3338 fecit,
2792 3213 2928 3321 quis
2985 3213 3476 3329 megilliuji

2011 3326 2314 3421 mysticam
2357 3327 2577 3421 Christi
2625 3331 2902 3421 virtutem
2951 3351 3073 3421 non
3123 3326 3458 3421 susceperit
3480 3326 3517 3407 ἔν’
3551 3346 3658 3413 Sin

2009 3423 2205 3516 autem
2237 3415 2367 3479 sine
2397 3417 2630 3481 Christo
2662 3417 3122 3516 fecithvaa‘nips‘i,
3184 3434 3242 3487 et
3299 3415 3465 3512 operi
3497 3436 3657 3516 ejus.

2011 3504 2263 3595 Sinistra
2291 3515 2402 3582 est,
2437 3525 2572 3569 cum
2621 3507 2754 3588 quis
2795 3507 2990 3571 officio
3049 3511 3305 3595 functus,
3338 3504 3657 3589 'honorem

2010 3593 2340 3658 sibiaDeo
2382 3595 2589 3687 deberi
2636 3596 2957 3687 existimat.
3019 3599 3178 3664 Talis
3237 3593 3369 3687 post
3425 3617 3650 3678 tantum

2007 3690 2334 3784 certamen,
2367 3691 2426 3746 et
2453 3684 2716 3784 laborem
2747 3703 2818 3784 ac
2837 3684 3317 3784 defatigationem
3351 3716 3656 3784 nunquam

2007 3771 2226 3870 Christi
2279 3773 2746 3870 sanctificatione
2802 3774 3196 3870 impertietur.
3255 3783 3333 3851 Et
3381 3771 3653 3870 vafilli,

2007 3868 2326 3955 postquam,
2351 3880 2420 3924 ex
2452 3863 2728 3955 hac_luce
2757 3863 3117 3955 migraverit.
3151 3869 3223 3933 Et
3255 3893 3386 3955 quae
3416 3863 3656 3944 tandem

2003 3953 2364 4043 receptionis
2395 3952 2593 4016 natae?
2622 3973 2756 4036 quas
2774 3955 2804 4016 ?
2826 3954 2956 4018 Non
2975 3957 3175 4043 irasci,
3204 3952 3492 4030 mundum
3515 3990 3655 4036 esse

2005 4042 2365 4134 asordibus,
2397 4061 2542 4134 quas
2581 4062 2752 4106 amor
2797 4045 3045 4127 impura;
3095 4042 3409 4134 veluptatis
3466 4069 3648 4124 creat.

2002 4129 2148 4194 Item
2173 4133 2589 4214 mansuetudo,
2615 4143 2674 4195 et
2690 4134 3031 4200 firmissima
3053 4129 3266 4205 horum
3278 4143 3438 4210 basis
3460 4149 3658 4214 humi-

2001 4219 2156 4297 litas,
2215 4222 2504 4314 malorum
2563 4223 2875 4314 tolerantia
2944 4235 3003 4290 et
3059 4235 3475 4314 compassione
3531 4259 3653 4304 non

2001 4329 2176 4374 secus
2201 4329 2375 4392 quam
2397 4312 2608 4376 ferreis
2652 4313 2796 4377 fulta
2816 4315 3162 4381 tibicinibus
3183 4312 3384 4388 ferens
3405 4326 3650 4393 dextera

2001 4400 2240 4498 globum
2271 4419 2542 4498 aureum,
2576 4402 2876 4498 lucentem
2922 4415 2981 4469 et
3026 4429 3360 4497 coruscam,
3411 4416 3651 4498 simpli-

352 4491 808 4573 Intelligendum
815 4504 913 4592 est
924 4503 1145 4592 autem,
1159 4511 1396 4592 omnem
1408 4510 1653 4592 operam
1665 4490 1910 4592 diaboli,
1936 4493 1981 4544 D
2000 4507 2154 4566 cem,
2179 4491 2618 4554 immaculatam
2639 4493 2780 4592 (per
2792 4495 3171 4592 bonamputa
3186 4490 3645 4592 conscientiam)

270 4576 731 4665 daemonumque
759 4585 1042 4648 adversus
1081 4584 1443 4646 Christianos
1493 4583 1554 4644 in
1585 4583 1698 4644 hoc
1729 4582 1917 4645 collo-

268 4669 415 4749 cari,
444 4679 511 4732 ut
557 4671 710 4734 hanc
755 4673 1152 4754 ignorantiam
1210 4691 1316 4756 per
1372 4670 1638 4734 omnium
1689 4680 1920 4734 mentes

263 4756 625 4825 diffundant.
657 4763 848 4846 Atque
880 4764 956 4826 ob
988 4784 1119 4827 eam
1149 4782 1276 4826 rem
1327 4761 1628 4824 daemones
1654 4760 1726 4822 ad
1752 4761 1883 4841 jeju

2001 4597 2251 4661 quasque
2281 4599 2580 4662 nunquam
2615 4582 2852 4660 excidit,
2889 4586 3205 4667 benignam
3255 4591 3598 4659 charitatem
3622 4582 3652 4662 ἐ

2000 4669 2240 4732 sinistra
2271 4677 2467 4732 autem
2485 4671 2688 4747 fidem,
2707 4679 2768 4733 ut
2788 4675 3348 4745 armasolidissima.
3375 4682 3654 4750 Credidit

2001 4758 2160 4820 enim
2185 4759 2306 4822 Deo
2325 4759 2456 4821 sine
2490 4759 2880 4836 dubitatione,
2912 4769 3340 4848 etgreputatum
3368 4779 3456 4836 est
3484 4777 3545 4836 εἰ
3574 4777 3659 4839 ad

262 4847 386 4924 nia,
407 4849 664 4943 vigilias,
691 4854 856 4916 humi
885 4856 1258 4923 cnbationes.
1281 4861 1338 4916 et
1354 4859 1588 4943 caetera,
1611 4869 1743 4932 qum
1761 4852 1920 4943 dicta
1991 4850 2304 4943 justitiam
2321 4849 2354 4899 9
2385 4866 2399 4911 :
2457 4848 2675 4943 alioqui
2705 4852 2922 4943 :omnia
2950 4854 3128 4943 faciet
3157 4858 3360 4922 volens
3393 4863 3609 4926 nolens
3630 4912 3650 4943 ,

262 4947 428 5013 sunt,
484 4940 742 5004 ascetica
793 4943 1173 5007 administros
1209 4961 1274 5006 se
1305 4941 1594 5023 praebent,
1631 4947 1695 5002 ut
1722 4941 1824 5022 qui
1855 4959 1919 5004 se

262 5026 558 5106 afﬂigunt,
583 5033 806 5112 cumjse
845 5041 1010 5097 recte
1038 5033 1250 5097 fecisse
1281 5031 1638 5115 putaverint,
1673 5031 1920 5094 minime

263 5133 329 5178 se
359 5115 564 5180 aJesu
616 5129 854 5184 curatos
909 5123 1235 5186 inveniant.
1293 5123 1413 5184 Lex
1471 5121 1629 5183 enim
1687 5120 1918 5184 Christo

266 5204 460 5286 posita
491 5215 582 5269 est
608 5209 996 5294 inviolabilis,
1034 5232 1110 5275 ne
1139 5230 1499 5294 quemquam
1533 5210 1927 5292 perturbatio-

267 5309 401 5368 nes,
430 5301 489 5382 et
511 5296 752 5360 morbos
772 5317 935 5378 suos,
963 5319 1293 5382 eorumque
1308 5299 1628 5376 medicum,
1655 5307 1713 5361 et
1740 5299 1929 5381 ipsam

267 5381 641 5471 sanationem
675 5388 1048 5466 ignorantem
1081 5381 1290 5454 curare
1321 5388 1548 5471 possit:
1584 5407 1760 5470 quam
1793 5389 1930 5471 qui-

264 5468 408 5532 dem
441 5474 702 5554 primum
734 5479 1011 5562 apostoli,
1037 5487 1170 5562 post
1190 5468 1398 5544 eorum
1420 5468 1700 5559 discipuli
1719 5468 1934 5542 docue-

263 5564 436 5626 runt.
469 5562 650 5646 Atqui
673 5585 794 5630 non
817 5569 1047 5648 doceri,
1077 5577 1137 5633 et
1157 5587 1335 5633 nosse
1364 5568 1675 5632 sanitatem
1699 5567 1931 5651 impos-

2000 4947 2068 5000 ut
2096 4937 2464 5016 glorificatur
2491 4937 2564 5000 ab
2596 4938 2961 5006 hominibus.
2994 4941 3126 5006 Non
3158 4946 3318 5009 enim
3349 4949 3452 5011 ubi
3481 4937 3651 5016 Chri;

2001 5034 2155 5118 stus,
2181 5027 2304 5118 illic
2335 5027 2680 5118 daemones;
2723 5028 2826 5091 ubi
2874 5039 3072 5094 autem
3129 5034 3456 5118 daemones,
3506 5040 3590 5104 ibi
3620 5061 3655 5107 a

2001 5115 2300 5179 curriculo
2330 5125 2510 5179 rectae
2535 5117 2783 5181 rationis
2811 5119 3170 5189 deﬂectitur.
3231 5124 3378 5189 Nam
3427 5115 3494 5195 ut
3520 5151 3660 5196 ves-

2014 5207 2362 5299 pertiliones
2391 5216 2569 5271 noctu
2601 5209 3048 5291 circumvolant,
3083 5223 3140 5278 et
3189 5226 3549 5299 pascuntur:
3581 5220 3664 5286 ita

2016 5297 2192 5360 etiam
2223 5297 2528 5361 daemones
2556 5318 2691 5362 cum
2723 5300 2994 5385 principe
3021 5322 3152 5382 suo,
3187 5297 3415 5372 naturae
3439 5310 3661 5376 intelli-

2014 5393 2248 5468 gentes,
2308 5386 2630 5470 solutaeque
2685 5408 2754 5452 ac
2806 5390 3013 5455 liberae
3065 5394 3129 5457 in
3182 5395 3302 5459 vita
3349 5399 3661 5470 hominum

2017 5474 2236 5574 misera
2261 5494 2329 5539 ac
2363 5477 2625 5574 perdita,
2645 5480 2808 5544 velut
2835 5489 3017 5547 noctu
3046 5491 3236 5550 terras
3264 5497 3442 5574 atque
3468 5491 3662 5557 aerias

2013 5565 2292 5644 regiones
2318 5567 2760 5648 perambulant.

345 5691 563 5799 flbid.
605 5695 747 5799 3?."
793 5700 828 5750 4
853 5700 1068 5799 Matth:
1099 5719 1308 5779 xxvut,
1342 5699 1444 5765 l8.
1525 5699 1559 5751 5
1587 5699 1762 5773 Prov.
1791 5715 1980 5782 nvn,
2004 5697 2107 5765 20.
2192 5698 2229 5752 ϐ
2255 5697 2413 5764 Petr.
2446 5719 2509 5768 ν.
2540 5704 2602 5768 6.
2688 5703 2719 5766 ’1
2746 5703 2801 5770 II
2827 5706 2985 5775 Tim.
3017 5723 3084 5794 II,
3123 5711 3146 5778 l
3183 5729 3358 5799 seqq.
3439 5709 3475 5767 8
3511 5713 3666 5780 Luc.

252 5788 405 5853 xvn,
439 5775 540 5841 10.
641 5777 676 5830 9
704 5780 858 5850 Gen.
888 5800 990 5865 xv,
1022 5782 1087 5849 6.

589 5914 863 5986 mmor»
896 5919 1013 5989 Gn.
1045 5918 1230 5992 CXX.

3266 5924 3348 5994 13
