4160 6400
453 369 575 439 395

1754 368 2139 436 SYMEONIS
2177 369 2533 437 IUNIORIS

3731 365 3854 432 396

528 506 997 572 Similitudinem
1027 506 1323 590 quispiam
1341 523 1414 570 ex
1441 512 1648 569 nostra
1673 511 1873 567 mente
1903 504 2100 568 ducat.
2124 512 2168 562 A
2190 503 2370 569 rebus
2382 503 3241 586 contendimus,etjurgamur,
3258 502 3548 567 adhibere
3560 501 3853 590 solemus.

447 596 591 673 Quae
621 598 782 662 enim
835 599 964 662 haec
1014 595 1333 680 aliquando
1387 595 1680 675 cognovit,
1736 594 2111 676 quantumvis

448 688 629 771 longe
662 688 875 772 posita,
908 696 1210 751 momento
1241 705 1309 749 ac
1331 694 1550 768 puncto
1585 684 1874 763 temporis
1907 702 2113 765 perva-

449 779 559 855 dit,
592 780 773 861 idque
802 778 997 840 adhuc
1026 776 1295 859 corporis
1320 775 1412 837 sui
1458 773 1782 836 constricta
1832 772 2106 834 vinculis.

450 867 604 932 Hinc
634 888 751 930 non
785 874 875 929 est
904 874 1241 947 promptum
1269 882 1407 927 vero
1438 862 1779 925 Christiano
1839 861 2104 922 animum

448 978 684 1022 sursum
712 957 787 1019 ad
829 958 1043 1032 Deum,
1104 954 1563 1034 divinorumque
1612 949 2104 1033 perspicientiam

446 1049 701 1129 erigere,
733 1054 909 1127 atque
937 1044 1274 1119 sustollere,
1300 1051 1357 1105 et
1384 1061 1520 1105 cum
1552 1040 1655 1102 illo
1682 1059 1916 1101 summo
1949 1039 2104 1100 beno

449 1135 734 1219 colloqui,
769 1143 828 1196 et
858 1152 967 1215 per
986 1132 1395 1196 sanctissimas
1416 1130 1689 1192 notiones
1712 1129 1833 1191 illic
1855 1129 2107 1191 circum-

445 1226 566 1290 fusi
599 1218 841 1287 Inminis
872 1223 1221 1305 participem
1251 1221 1408 1297 fieri,
1441 1220 1557 1282 nisi
1613 1228 1750 1281 ante
1799 1238 1833 1281 a
1884 1218 2109 1299 Spiritu

442 1323 648 1379 sancto
677 1313 839 1375 velut
869 1310 1066 1390 sigillo
1119 1310 1440 1391 insignitus
1472 1308 1567 1372 sit.
1604 1311 1750 1373 Cum
1783 1308 1942 1369 enim
1975 1307 2109 1368 dia—

442 1404 619 1469 bolus
649 1421 780 1465 eam
813 1400 1011 1463 divina
1038 1400 1226 1481 gratia
1285 1399 1650 1473 destitutam,
1700 1415 1900 1460 aerem
1935 1396 2111 1458 modo

444 1493 704 1577 quodam
735 1490 1032 1573 Spirituali
1061 1490 1418 1553 concitatam
1462 1496 1798 1570 penetrare,
1834 1495 1892 1548 et
1922 1489 2110 1549 Deum

443 1584 790 1666 concipere,
818 1601 1181 1664 suorumque
1201 1590 1531 1644 erratorum
1546 1580 1851 1641 recordari
1874 1578 2113 1657 viderit,

442 1675 730 1737 audacter
786 1673 940 1735 viam
992 1670 1361 1745 custodiens,
1390 1668 1829 1751 quodammodo
1871 1668 2109 1730 clamat.

2194 593 2346 657 Hinc
2365 594 2743 676 perspicitur,
2769 613 2885 675 quo
2934 601 3109 675 pacto
3140 592 3413 655 diabolus
3445 598 3707 655 mentem
3740 589 3851 650 hoc

2192 692 2311 747 tam
2344 684 2505 764 gravi
2555 684 2710 745 malo
2765 683 3013 745 involuti
3063 682 3494 746 circumducat.
3538 683 3615 745 Et
3658 677 3854 741 omnis

2196 773 2498 835 medicina
2526 771 2873 853 spiritualis,
2897 771 3241 854 curatioque
3266 769 3627 852 experienda
3650 773 3760 842 est,
3788 770 3853 825 ut

2191 864 2462 925 medicus
2488 864 2849 944 animorum,
2884 871 2939 924 et
2963 881 3278 943 corporum
3308 863 3477 924 .lesus
3508 860 3669 921 hunc
3701 872 3859 917 mor—

2190 951 2333 1014 bum
2366 960 2560 1016 sanet.
2592 953 2699 1015 Sin
2732 952 2949 1027 minus,
2981 951 3309 1033 psalmodia
3326 960 3469 1026 tota,
3493 949 3851 1026 habitusque

2187 1042 2264 1103 ad
2294 1042 2482 1105 Deum
2516 1061 2712 1105 sermo
2742 1042 2937 1103 inanis
2995 1051 3106 1118 est,
3168 1050 3226 1103 et
3282 1041 3603 1105 evanescit.
3658 1036 3851 1108 Quare

2188 1131 2605 1212 ingemiscere,
2642 1141 2700 1194 et
2730 1132 2962 1212 plorare
2996 1131 3372 1212 insipienter,
3408 1149 3476 1191 ac
3507 1129 3638 1190 sine
3671 1123 3849 1186 intel-

2192 1219 2349 1283 lectu
2380 1221 2733 1303 psallentem
2765 1230 3021 1300 Oportet,
3072 1239 3182 1281 nec
3214 1228 3442 1301 putare,
3494 1237 3559 1279 se
3591 1214 3852 1298 psalmos

2194 1312 2508 1373 cecinisse.
2540 1310 2707 1384 Quod
2734 1311 2785 1373 si
2807 1311 3032 1372 idcirco
3054 1329 3174 1371 non
3206 1310 3388 1386 dolet,
3425 1307 3565 1389 quid
3599 1305 3847 1367 salutem

2195 1405 2443 1480 sperat?
2470 1400 2619 1461 Illud
2653 1399 2851 1462 enim:
2887 1399 3027 1463 Non
3057 1406 3145 1462 est
3172 1405 3439 1479 speciosa
3484 1397 3617 1459 laus
3656 1398 3722 1456 in
3746 1407 3852 1452 ore

2193 1492 2531 1571 peccatoris
2562 1490 2619 1540 49
2642 1539 2659 1567 ,
2693 1509 2811 1551 non
2844 1490 2922 1551 de
2966 1489 3164 1566 atheo,
3200 1497 3258 1550 et
3302 1486 3531 1549 inﬁdeli
3572 1482 3850 1565 quopiam

2199 1580 2487 1661 scriptum
2522 1589 2613 1643 est
2634 1580 2861 1659 (nullus
2893 1580 3115 1661 quippe
3145 1579 3357 1640 horum
3408 1576 3605 1638 laudat
3632 1573 3846 1641 Deum,

2199 1687 2377 1749 quem
2410 1670 2662 1750 ignorat)
2696 1670 2800 1732 sed
2826 1669 2900 1731 de
2921 1688 2991 1731 eo
3016 1668 3117 1750 qui
3147 1667 3337 1730 Deum
3368 1681 3758 1746 cognoscens,
3792 1666 3852 1720 et

442 1763 573 1837 Quo
602 1761 812 1825 infelix
834 1779 942 1843 per
966 1777 1167 1850 meum
1188 1756 1786 1850 imperiumpergis?
1816 1759 1939 1837 Ego
1957 1756 2117 1850 prin-
2138 1802 2176 1850 Β
2201 1757 2261 1817 ἰη
2292 1776 2428 1819 eum
2461 1758 2740 1833 credens,
2776 1777 2882 1839 per
2913 1776 3095 1839 opera
3145 1757 3299 1818 mala
3348 1755 3591 1836 impius,
3643 1760 3700 1813 et
3746 1765 3853 1850 per

442 1871 584 1935 ceps
614 1839 1030 1915 tenebrarum.
1053 1849 1176 1930 Ego
1204 1839 1413 1912 eorum
1438 1848 1541 1930 qui
1562 1847 1847 1910 mundum
1876 1846 2117 1927 sapiunt
2139 1839 2175 1850 ”
2199 1860 2513 1928 peccatum
2543 1847 2963 1927 Deiginimicus
2993 1854 3169 1928 atque
3192 1846 3376 1908 hostis
3405 1855 3517 1906 est.
3555 1839 3852 1915 Quemad-

448 1942 737 2024 princeps
766 1939 1101 2020 appellatus
1126 1958 1282 2002 sum.
1311 1937 1429 2018 Ego
1452 1937 1717 2018 corrupti
1742 1937 1896 1999 aeris
1919 1937 2117 1998 Domi-

446 2050 559 2094 nus
591 2038 651 2094 et
682 2028 909 2092 arbiter
939 2027 1215 2093 Satanas.
1246 2026 1523 2090 Nondum
1556 2048 1589 2090 e
1634 2035 1930 2109 potestate
1984 2045 2116 2087 mea

447 2121 730 2184 translata
757 2136 822 2183 es
850 2120 941 2200 (ut
1002 2119 1198 2200 inquit
1255 2119 1577 2201 Apostolus
1603 2118 1659 2168 1ο
1706 2116 1781 2179 de
1812 2116 1927 2184 his.
1959 2135 2112 2197 quos

445 2209 736 2299 Christus
760 2208 1062 2299 transtulit
1089 2208 1166 2299 de
1197 2215 1485 2299 potestate
1510 2206 1740 2270 Satanas
1766 2210 1837 2268 ad
1862 2209 2049 2299 Deum
2070 2218 2106 2299 .)

441 2298 659 2364 Adhuc
682 2297 893 2361 ditioni
910 2314 1060 2359 mete
1076 2295 1373 2377 subjecta,
1398 2316 1528 2378 quae
1540 2315 1673 2359 mea
1692 2303 1831 2357 sunt
1850 2294 2106 2375 respice,

448 2389 587 2452 Mea
619 2394 709 2449 est
741 2386 903 2448 enim
929 2385 1222 2462 salacitas,
1272 2385 1612 2460 insolentia,
1646 2384 1956 2465 injustitia,
1992 2383 2109 2443 im~

446 2476 738 2562 probitas,
774 2493 906 2558 quae
934 2482 993 2539 te
1043 2483 1239 2552 antea,
1272 2482 1335 2537 ut
1366 2475 1688 2538 admodum
1722 2475 1878 2536 bona
1907 2473 2106 2536 dorui.

444 2566 683 2644 Vidisti,
717 2564 985 2647 gustasti,
1021 2565 1315 2627 delectata
1345 2583 1432 2640 es,
1494 2583 1671 2626 mane
1729 2564 1905 2625 infra.
1968 2562 2107 2623 Ideo

446 2657 736 2738 scriptum
766 2661 858 2719 est
889 2675 905 2716 :
940 2653 1025 2717 Ei
1062 2672 1235 2717 nemo
1282 2660 1479 2733 potest
1526 2654 1754 2728 dicere,
1808 2652 2105 2713 Dominus

447 2747 646 2821 locus,
680 2745 803 2807 nisi
823 2745 894 2806 in
921 2741 1168 2823 Spiritu
1193 2750 1400 2805 saneto
1431 2743 1479 2786 ίί
1506 2786 1523 2804 .

529 2832 663 2897 Νοη
693 2851 833 2913 ergo
864 2831 1054 2893 ullum
1110 2830 1507 2895 Christianum
1551 2830 1627 2893 ad
1683 2829 2100 2912 psalmodiam,

445 2923 805 3003 divinosque
832 2920 1093 3001 hymnos
1140 2919 1547 2982 concinendos
1596 2929 1791 2981 astare
1847 2929 2099 3001 oportet,

441 3015 544 3098 qui
572 3013 736 3095 prius
764 3030 799 3075 a
828 3019 1034 3073 sancto
1066 3010 1285 3073 Sriritu
1307 3017 1571 3072 mentem
1590 3009 1952 3089 {insignitam
1986 3029 2106 3070 non

2198 1936 2442 1998 modum
2471 1956 2728 2018 namque
2751 1938 3086 2017 speciosum
3101 1935 3325 2017 aliquid
3351 1934 3665 2015 pulchrum
3683 1937 3775 1991 est
3795 1934 3854 1989 et

2197 2025 2462 2106 elegans,
2486 2035 2546 2089 ut
2564 2027 3073 2108 pulchritudinem
3094 2037 3152 2088 et
3177 2025 3524 2104 elegantiam
3539 2021 3855 2085 continens

2196 2118 3098 2200 aspectuquejucundissimum,
3117 2125 3174 2179 et
3191 2117 3325 2178 ideo
3343 2116 3518 2178 etiam
3541 2113 3847 2176 oculorum

2196 2205 2466 2269 obtutum
2489 2208 2559 2269 ad
2589 2227 2652 2270 se
2673 2208 2909 2270 allectat
2942 2228 2955 2268 :
2991 2206 3261 2269 deforme
3312 2215 3518 2268 contra
3558 2212 3647 2267 est
3676 2201 3851 2263 odio-

2196 2313 2351 2373 sum,
2386 2304 2445 2359 et
2473 2296 2830 2360 intuentium
2881 2298 3085 2359 oculos
3133 2316 3167 2358 a
3195 2315 3259 2359 se
3291 2295 3507 2359 avertit
3540 2314 3555 2358 :
3588 2294 3674 2356 sic
3722 2292 3852 2355 laus

2199 2387 2525 2465 peccatoris
2554 2388 2785 2449 divinos
2813 2387 3015 2450 oculos
3056 2406 3090 2449 a
3120 2406 3184 2451 se
3212 2387 3472 2466 repellit.
3508 2384 3662 2449 Solis
3690 2382 3850 2443 enim

2197 2472 2371 2536 labiis
2401 2492 2530 2536 eam
2566 2475 2934 2556 pronuntiat,
2963 2476 3144 2537 corde
3165 2483 3362 2537 autem
3397 2493 3531 2535 cum
3565 2472 3849 2554 peccatis,

2195 2582 2327 2643 quae
2355 2564 2414 2625 id
2448 2573 2958 2646 praeoccuparunt,
2993 2564 3297 2646 loquitur:
3325 2582 3359 2624 a
3388 2562 3604 2644 quibus
3634 2570 3698 2623 ut
3730 2568 3853 2622 tuta

2192 2671 2263 2713 ac
2296 2660 2463 2715 certa
2494 2656 2794 2735 possessio
2824 2655 3143 2719 retinetur.
3178 2653 3365 2717 Nemo
3398 2653 3694 2734 siquidem
3726 2651 3849 2713 Deo

2187 2749 2449 2829 cantare,
2475 2751 2534 2804 et
2556 2743 2791 2806 interim
2817 2765 2935 2806 non
2960 2745 3021 2806 iu
3045 2753 3285 2825 pectore
3315 2743 3559 2805 infanda
3586 2743 3848 2804 volutare

2190 2838 2401 2912 potest,
2438 2832 2497 2892 ni
2528 2833 2692 2913 prius
2724 2853 2831 2915 per
2852 2834 3283 2915 paenitentiam,
3319 2842 3378 2896 et
3408 2832 3843 2894 confessionem

2188 2919 2356 2981 illum
2386 2920 2501 2982 sibi
2552 2923 3068 2999 reconciliaverit;
3130 2942 3260 3004 quae
3316 2922 3697 2984 reconciliato
3756 2925 3847 2980 est

2191 3008 2485 3088 quaedam,
2520 3030 2649 3092 quae
2678 3011 2987 3074 intellectu
3018 3012 3369 3093 percipitur,
3421 3014 3547 3091 ejus
3576 3010 3653 3072 ad
3704 3007 3840 3071 ani-

442 3096 762 3180 habuerit;
797 3120 874 3163 ne
898 3118 1098 3163 coram
1121 3098 1244 3162 Deo
1267 3110 1489 3175 astans,
1517 3117 1650 3181 quae
1678 3100 1909 3161 Satanae
1939 3104 2097 3162 sunt.
2127 3122 2166 3171 ρ
2193 3114 2349 3157 mam
2379 3096 2787 3163 obumbratio.
2823 3100 3003 3182 Cujus
3033 3098 3505 3163 obumbrationis
3534 3114 3844 3177 argumen-

446 3201 513 3256 ut
541 3191 818 3255 minister
847 3191 1002 3271 ejus,
1036 3189 1271 3271 operari
1317 3189 1682 3269 intelligatur
1714 3207 1728 3252 :
1781 3196 1840 3253 et
1891 3206 1965 3251 ex
1997 3190 2110 3251 hac

451 3300 631 3347 causa
654 3279 933 3344 sordibus
977 3278 1365 3361 inquinatior,
1400 3278 1688 3360 malisque
1717 3278 1845 3353 irae,
1881 3288 1941 3341 et
1972 3296 2108 3340 car-

453 3372 608 3437 nalis
635 3369 977 3452 cupiditatis
1006 3367 1219 3442 dirius,
1264 3376 1324 3430 et
1373 3368 1613 3431 suavius
1662 3368 1928 3449 repletus
1960 3368 2109 3430 sub-

445 3470 735 3525 vertatur.
770 3459 880 3533 Qui
914 3477 1173 3540 namque
1204 3457 1267 3520 in
1292 3458 1590 3521 ofﬁcinam
1638 3458 2110 3521 medicamenta-

442 3551 594 3614 riam
653 3552 982 3629 ingressus,
1044 3547 1293 3609 vulnera
1349 3548 1609 3610 vibicum
1678 3546 1968 3609 immitius
1997 3547 2114 3618 sibi

444 3638 808 3713 refricuerit,
846 3635 1159 3717 praestabat
1188 3636 1350 3699 hunc
1402 3655 1472 3698 eo
1518 3654 1820 3717 nunquam
1871 3636 2110 3717 ingres-

444 3746 601 3791 sum.
640 3726 827 3789 Multo
859 3726 1039 3805 igitur
1089 3725 1312 3800 studio,
1358 3726 1860 3806 accurationeque
1911 3728 2113 3807 cujus-

446 3834 564 3897 que
591 3813 915 3879 Christiani
947 3831 1119 3875 mens
1157 3813 1513 3893 corrigenda
1542 3822 1631 3875 est
1661 3819 1850 3895 prius,
1884 3833 1961 3877 ne
1992 3816 2106 3879 hoc

443 3903 576 3986 ipso
607 3902 708 3965 ﬁat
741 3901 1034 3978 deterior,
1058 3901 1215 3982 quod
1245 3910 1385 3965 ante
1414 3902 1848 3965 correctionem
1879 3904 2101 3987 psallit,

444 3994 814 4075 hymnosque
842 4009 912 4054 ac
943 4009 1152 4073 preces
1188 3992 1489 4072 persolvit.
1523 3990 1653 4054 Non
1686 3993 1846 4054 enim
1908 4003 2105 4076 potest

444 4081 720 4163 impurus
746 4077 983 4141 animus
1012 4088 1205 4141 astare
1263 4078 1409 4156 Deo,
1465 4080 1840 4161 quantumvis
1883 4100 2104 4164 corpus

447 4177 645 4234 astet:
707 4168 847 4251 quia
902 4187 1023 4231 non
1097 4167 1228 4250 ipse
1283 4173 1718 4251 unusquisque,
1792 4170 1899 4233 sed
1971 4191 2105 4254 quae

446 4275 941 4340 unumquemque
972 4257 1290 4320 obumbrat
1335 4259 1562 4322 Christi
1609 4259 1818 4339 gratia,
1871 4278 1944 4324 ea
1991 4270 2101 4339 est,

446 4367 580 4431 quae
608 4350 800 4412 Deum
833 4347 1157 4423 benedicit,
1192 4354 1253 4410 et
1285 4349 1346 4409 in
1388 4349 1517 4431 ipso
1548 4349 1770 4428 laudat,
1794 4357 1852 4413 et
1880 4359 2104 4433 myste-

2192 3192 2340 3261 tum,
2376 3185 2439 3248 in
2470 3188 2749 3252 laudibus
2780 3190 3000 3253 divinis
3033 3191 3245 3252 timore
3276 3189 3531 3271 quodam
3585 3195 3644 3250 et
3671 3204 3846 3248 reve-

2190 3277 2384 3337 rentia
2413 3277 2687 3358 perfusus
2718 3279 2977 3355 animus,
3028 3281 3223 3342 bonus
3269 3278 3441 3352 ordo,
3497 3285 3556 3339 et
3604 3276 3849 3339 attentio

2191 3363 2265 3424 ad
2294 3382 2365 3427 ea
2389 3384 2524 3447 quae
2545 3377 2839 3432 canuntur
2870 3390 2889 3433 :
2922 3368 3088 3445 Quia
3110 3386 3288 3432 nemo
3303 3374 3495 3450 potest
3512 3369 3704 3431 dicere
3739 3363 3855 3426 Do-

2194 3451 2431 3517 minum
2458 3454 2687 3535 Iesum,
2720 3459 2842 3521 nisi
2864 3460 2930 3521 in
2950 3458 3194 3539 Spiritu
3220 3464 3453 3522 sancto.
3478 3456 3594 3530 Qui
3621 3455 3708 3518 sic
3730 3470 3851 3515 non

2195 3542 2458 3623 laudant,
2492 3545 2617 3609 sive
2646 3548 2990 3610 sacerdotes
3033 3548 3175 3630 sint,
3227 3548 3351 3610 sive
3397 3545 3687 3610 celsiores
3726 3542 3849 3618 his,

2193 3631 2446 3696 aliorum
2476 3636 2633 3717 apud
2664 3639 2854 3701 Deum
2904 3638 3263 3719 interpretes
3301 3656 3369 3699 ac
3398 3636 3847 3717 deprecatores,

2192 3721 2387 3785 adhuc
2413 3742 2450 3786 a
2478 3725 2679 3788 divino
2708 3734 3035 3809 conspectu
3062 3726 3278 3790 remoti
3317 3734 3478 3791 sunt.
3510 3724 3677 3798 Quod
3708 3723 3760 3785 si
3785 3721 3851 3784 hi

2192 3809 2422 3875 inimici
2444 3823 2583 3877 sunt
2604 3815 2734 3896 ejus
2755 3817 2909 3898 apud
2933 3835 3110 3898 quem
3135 3817 3249 3878 hoc
3280 3814 3474 3878 ofﬁcio
3495 3814 3843 3895 funguntur,

2188 3900 2331 3981 quid
2355 3902 2591 3980 facient,
2613 3904 2715 3986 qui
2755 3905 3103 3986 hujusmodi
3132 3904 3516 3985 interpretes,
3568 3912 3628 3965 et
3654 3919 3849 3965 causa)

2186 4006 2307 4050 sua:
2335 3998 2567 4054 actores
2596 3994 3039 4074 quaesiverunt?
3071 3994 3145 4056 At
3176 3992 3337 4055 enim
3369 3993 3420 4054 si
3475 3991 3566 4054 sol
3619 3990 3849 4053 calidus

2186 4096 2321 4139 cum
2352 4079 2450 4157 sit,
2484 4082 2819 4163 apricantes
2845 4083 3034 4146 radiis
3060 4082 3185 4145 suis
3228 4081 3553 4145 calefacere
3586 4098 3845 4142 consue-

2185 4167 2265 4228 vit
2296 4185 2311 4230 :
2343 4171 2641 4250 quomodo
2669 4171 2851 4249 Deus,
2886 4191 3021 4236 cum
3050 4172 3126 4234 sit
3171 4180 3434 4249 sanctus,
3485 4188 3696 4231 omnes
3738 4187 3849 4250 per

2187 4257 2516 4321 orationem
2539 4278 2741 4323 secum
2753 4270 2996 4341 agentes
3010 4282 3126 4324 non
3150 4262 3479 4324 sanctificat
3499 4259 3529 4320 ?
3553 4260 3843 4332 Quoniam

2186 4345 2272 4407 ibi
2302 4347 2392 4409 sol
2424 4348 2497 4410 iis
2552 4349 2655 4431 qui
2712 4351 2991 4413 caleﬁunt
3046 4370 3287 4413 sensum
3339 4351 3530 4425 affert,
3580 4348 3846 4411 sentiunt

450 4439 609 4502 rium
670 4436 818 4500 illud
871 4435 1225 4499 admirabile
1281 4437 1562 4501 admittit.
1624 4436 1849 4501 Omnes
1904 4434 2411 4522 itaququuippe
2439 4455 2505 4499 se
2535 4439 2819 4514 caleﬁeri,
2870 4448 2928 4501 et
2958 4439 3033 4502 ob
3094 4441 3206 4503 hoc
3263 4439 3459 4520 ipsum
3521 4439 3598 4500 ad
3654 4438 3841 4500 solem

445 4526 721 4590 homines
752 4525 1230 4608 congredientes,
1255 4535 1485 4589 norunt
1509 4527 1648 4609 quid
1682 4530 2018 4610 loquantur,
2052 4538 2111 4592 et

445 4633 717 4699 quaenam
751 4614 895 4696 sint,
927 4632 1063 4696 quas
1095 4622 1299 4677 mutuo
1334 4615 1659 4698 disserunt,
1713 4627 2102 4694 cognoscunt.

444 4702 557 4776 Qui
586 4721 724 4766 vero
753 4703 1026 4779 audiunt,
1059 4705 1371 4786 quaeipsis
1429 4704 1703 4767 dicantur
1760 4726 1880 4768 non
1929 4707 2103 4788 igno-

442 4800 617 4872 rant;
651 4801 713 4856 et
740 4801 834 4856 est
863 4791 1175 4855 manifesta
1233 4792 1505 4876 stultitia,
1552 4790 1960 4876 colloquentes
2010 4797 2103 4858 vi-

443 4880 655 4944 cissim
684 4899 863 4944 aures
892 4899 1013 4943 non
1044 4881 1210 4945 dare.
1245 4880 1536 4955 Quoniam
1577 4902 1743 4959 vero,
1792 4903 1929 4946 cum
1979 4884 2102 4948 Deo

445 4978 708 5033 astantes
738 4988 876 5033 eum
907 4969 1287 5051 alloquimur,
1322 4978 1388 5032 ut
1419 4971 1832 5054 imprudentes
1861 4994 1931 5037 ac
1961 4974 2104 5037 fatui

442 5058 711 5121 animum
771 5058 827 5122 ei
881 5076 1000 5120 non
1030 5058 1418 5135 attendimus,
1477 5060 1637 5123 unde
1694 5062 1944 5126 salutem
1993 5083 2104 5125 nos

442 5148 768 5231 adepturos
798 5146 1206 5210 conﬁdimus?
1235 5150 1567 5231 praesertim
1591 5152 1642 5213 si
1670 5151 1731 5214 id
1762 5152 1864 5214 diu
1893 5152 2103 5215 feceri-

444 5257 601 5315 mus,
634 5248 839 5302 noctes
897 5238 1130 5301 scilicet
1183 5249 1252 5301 ac
1304 5238 1434 5302 dies
1490 5240 1573 5303 ita
1609 5242 1740 5304 sine
1795 5243 2104 5306 intellectu

442 5328 788 5410 psallentes,
814 5335 873 5391 et
888 5346 999 5390 nos
1014 5327 1139 5391 Deo
1158 5328 1481 5410 placituros
1500 5330 1924 5395 existimantes.
1939 5331 2103 5415 Opus

442 5423 533 5478 est
560 5416 720 5479 enim
753 5436 889 5480 cum
919 5416 1043 5480 Deo
1075 5416 1389 5499 loquentes
1422 5426 1641 5481 tantam
1673 5420 1883 5483 saltem
1913 5429 2107 5485 atten-

443 5503 668 5568 tionem
695 5505 1010 5586 adhibere,
1042 5514 1327 5589 quantam
1384 5508 1526 5571 dum
1588 5527 1694 5592 pro
1738 5510 1916 5591 hujus
1969 5512 2106 5577 vitae

1561 5592 1578 5623 Ι

2188 4524 2401 4587 sedere
2422 4545 2487 4587 se
2516 4527 2757 4604 sciunt;
2790 4528 2852 4588 hi
2880 4538 3081 4591 autem
3125 4528 3227 4609 qui
3278 4529 3398 4590 Deo
3450 4545 3659 4608 preces
3702 4527 3843 4589 fun-

2188 4613 2359 4697 dunt,
2395 4615 2536 4695 quid
2569 4624 2770 4697 petant
2798 4618 3077 4681 nesciunt
3111 4639 3124 4681 :
3158 4618 3315 4699 quod
3358 4620 3529 4679 matri
3585 4617 3845 4678 ﬁliorum

2187 4702 2480 4781 Zebedaei,
2513 4704 2779 4786 ipsisque
2809 4706 2948 4769 ﬁliis
2991 4708 3119 4787 ejus
3169 4706 3440 4769 Christus
3485 4706 3723 4768 dicebat
3750 4708 3844 4770 Β.

2187 4791 2447 4866 Talibus,
2476 4804 2537 4853 ut
2558 4795 2649 4855 vel
2671 4802 2910 4855 centum
2932 4814 3123 4858 annos
3142 4795 3436 4876 precando
3466 4802 3841 4857 consumant.

2187 4882 2345 4942 Deus
2378 4881 2527 4943 nihil
2557 4883 2678 4946 dat.
2710 4884 2863 4956 Quia
2890 4884 3077 4964 igitur
3125 4884 3344 4947 frustra
3392 4883 3690 4960 laborant,
3744 4883 3849 4963 qui

2187 4968 2445 5049 psallunt
2474 4979 2535 5032 et
2562 4983 2895 5053 orant,_nec
2944 4973 3419 5048 sanetiﬁcantur,
3465 4972 3782 5052 magistros
3810 4990 3848 5033 a

2184 5059 2310 5120 Deo
2334 5060 2569 5123 amatos
2599 5064 2763 5141 prius
2784 5063 3019 5137 adeant,
3049 5071 3106 5125 et
3129 5063 3477 5138 doceantur,
3503 5061 3646 5143 quid
3669 5080 3846 5124 orare

2187 5147 2461 5210 debeant.
2498 5149 2573 5213 Ni
2606 5150 2813 5228 faxint,
2839 5170 2945 5214 seu
2979 5153 3302 5232 sapientes,
3335 5169 3440 5216 seu
3490 5149 3847 5231 insipientes

2186 5237 2325 5315 sint,
2361 5240 2591 5320 profani
2617 5242 3043 5323 atqueimpuri
3094 5242 3450 5305 morientur.
3498 5242 3649 5305 Nam
3700 5242 3844 5321 quid

2186 5338 2391 5407 petant
2420 5331 2781 5417 nescientes,
2816 5330 2975 5397 Deus
3008 5332 3290 5395 exaudire
3327 5332 3540 5394 nescit.

526 5686 579 5731 ιο
604 5685 835 5752 Coloss.
870 5706 913 5767 ι,
946 5688 1048 5753 13.
1136 5688 1189 5733 ιι
1217 5689 1244 5753 Ι
1275 5691 1413 5755 Cor.
1445 5709 1552 5773 xu,
1584 5691 1646 5754 3.
1731 5691 1786 5735 ‘3
1814 5693 2007 5759 Eccli.
2045 5711 2106 5758 ιι

2191 5698 2239 5761 9.
2328 5693 2380 5738 ³³
2407 5695 2615 5762 Matth.
2648 5711 2751 5772 xx,
2785 5700 2886 5759 22.
