4160 6408
1710 449 1996 517 ORATIO
2034 447 2262 518 XVIII.
2939 516 2944 520 .
3563 461 3685 528 398

1954 591 1998 640 Α
2019 581 2274 680 tingunt,
2298 591 2364 680 et
2384 585 2434 648 si
2459 602 2642 668 parvo
2668 589 2907 680 negotio
2926 587 3242 656 videantur
3259 611 3439 676 posse
3463 596 3686 680 dijudi-

2021 673 2166 764 cari,
2200 674 2494 757 facileque
2520 677 2820 755 cognosci,
2874 687 3073 743 tamen
3102 673 3278 748 aliter
3329 687 3454 764 res:
3475 673 3678 752 habet.

2020 759 2088 856 In
2128 762 2256 856 hoc
2315 767 2476 856 enim
2537 767 2911 856 potissimum
2960 770 3144 834 multa
3197 759 3684 856 frequentissime

2023 848 2232 941 incidit
2260 854 2526 941 mutatio.
2561 855 2777 920 Anima
2804 877 3063 941 namque
3092 848 3392 928 natura-et
3423 869 3688 932 essentia

357 951 626 1023 pomme,
662 956 849 1029 mque
868 937 1118 1010 etiam},
1143 946 1521 1010 daemonibus
1548 945 1850 1009 accidunt,
2023 937 2412 1003 immutabilis
2435 951 2524 1004 est
2559 961 2572 1006 :
2607 944 2887 1008 similiter
2904 937 3160 1013 et—mens
3180 951 3275 1014 illi
3300 972 3335 1015 a
3357 951 3688 1023 Conditore

362 1031 492 1130 μοι]
523 1036 714 1096 solum
747 1040 1192 1110 conversiones,
1225 1045 1284 1099 et
1303 1036 1682 1111 mutationes,
1718 1052 1849 1115 qum
1877 1032 1938 1094 in
2022 1029 2589 1130 concreatae._Solae
2649 1036 2900 1130 consil-io
2945 1048 3257 1120 reguntur,
3321 1047 3686 1130 propriaque

265 1123 484 1206 "animo
516 1129 826 1203 exsistunt,
852 1145 1056 1189 verum
1088 1127 1261 1187 etiam
1294 1145 1500 1188 eorum
1533 1143 1761 1205 causas,
1790 1142 1938 1204 qua-
2020 1117 2318 1216 voluntate
2353 1120 2634 1184 virtutem
2664 1133 2765 1186 aut
2793 1126 2935 1188 vitia
2966 1117 3370 1210 capessentes,
3407 1117 3678 1216 luminis,

269 441 389 512 397

839 586 1120 652 ORATIO
1163 585 1372 651 XVIII.

899 680 1338 741 ARGUMENTUM.

285 764 370 826 De
381 763 818 832 immutatione
833 775 1076 845 animae,
1093 777 1150 831 et
1169 772 1439 850 corporis
1453 785 1528 831 ea:
1539 768 1756 847 iisquae
1770 764 1938 828 nobis

361 862 496 917 tum
518 856 597 918 ab
617 876 782 936 aere,
805 859 1159 939 cwterisque
1170 857 1504 933 elementis,
1529 865 1655 920 tum
1671 873 1710 918 α
1728 854 1938 918 ciboac

291 1213 376 1273 les
410 1214 642 1276 tandem
674 1215 812 1291 sint,
844 1224 900 1277 et
924 1217 1083 1278 unde
1126 1216 1239 1277 sibi
1279 1216 1574 1289 eveniant,
1610 1213 1934 1274 monachus

290 1302 464 1382 scire,
494 1311 668 1385 a'que
723 1305 1061 1386 intelligere
1109 1305 1308 1370 debet.
1361 1304 1666 1368 Interdum
1714 1302 1936 1384 quippe

286 1393 659 1472 repentinum
693 1395 970 1473 gaudium
1001 1395 1262 1457 animam
1308 1395 1553 1456 incessit
1583 1414 1597 1455 :
1633 1392 1934 1455 interdum

286 1481 602 1562 improvisa
628 1484 862 1546 tristitia
920 1485 1192 1546 eamdem
1239 1492 1510 1566 occupat,
1567 1490 1627 1545 et
1657 1491 1932 1563 tanquam

2020 1215 2119 1268 aut
2155 1208 2540 1273 tenebrarum
2600 1215 2778 1276 sociae
2834 1223 2893 1277 et
2946 1208 3222 1283 hiet-edes
3276 1208 3360 1286 ini
3396 1208 3683 1290 aeternam

2018 1298 2501 1388 constituuntur;
2553 1303 2771 1380 anima,
2833 1305 3101 1388 inquam,
3157 1317 3220 1374 et
3280 1332 3452 1377 mens
3510 1318 3684 1382 alteri

2018 1386 2229 1480 horum
2279 1389 2548 1464 consilio,
2585 1400 2650 1453 ut
2678 1386 3059 1473 dictum‘est,
3095 1407 3152 1462 et
3181 1402 3484 1468 voluntate
3523 1410 3682 1473 ultro

2017 1476 2411 1554 adhaerentes,
2449 1498 2553 1542 seu
2577 1480 2755 1558 bono,
2789 1483 2946 1548 bona
2972 1487 3143 1566 fiunt,
3176 1509 3282 1553 seu
3319 1495 3500 1573 malo,
3526 1500 3682 1564 mala

283 1589 431 1632 onus
489 1573 786 1653 quoddam
847 1574 1086 1654 premit.
1152 1576 1223 1637 Et
1281 1593 1438 1636 nunc
1487 1572 1726 1654 quidem
1763 1570 1934 1632 facile
2016 1573 2319 1628 vocantur.
2362 1577 2434 1630 At
2490 1589 2626 1632 vero
2677 1589 2895 1654 corpus
2952 1577 3129 1640 etiam
3195 1591 3407 1647 natura
3455 1570 3562 1651 sua
3593 1599 3683 1653 est

283 1662 704 1741 οοιηρυηείιυτ
733 1684 748 1738 ς
781 1683 939 1726 nunc
987 1665 1068 1727 ita
1109 1665 1182 1725 ad
1241 1664 1506 1726 dolorem
1545 1662 1620 1725 de
1671 1661 1934 1742 peccatis
2015 1655 2323 1733 mutabile,
2381 1658 2520 1739 quia
2561 1664 2978 1742 compositum,
3032 1676 3091 1730 et
3125 1672 3382 1734 essentia
3416 1677 3676 1742 ﬂuxum:

285 1731 658 1827 obﬁrmalur,
695 1763 752 1814 et
783 1753 1144 1830 obdurescit,
1178 1763 1239 1816 ut
1283 1762 1400 1815 tota
1430 1772 1604 1815 saxea
1632 1731 1932 1814 videatur.

2017 1761 2234 1826 nempe
2262 1765 2334 1842 ex
2357 1749 2610 1842 materia
2638 1731 2908 1816 interitui
2933 1731 3211 1837 obnoxia,
3241 1769 3299 1824 et
3329 1731 3680 1842 caduca,"eii

287 1840 612 1922 Aliquando
670 1842 827 1904 mitis
884 1843 970 1917 fit,
1032 1854 1089 1906 et
1145 1845 1386 1906 humilis
1420 1861 1432 1906 :
1485 1843 1656 1924 paulo
1705 1850 1834 1921 post
1865 1860 1992 1927 seB
2014 1834 2330 1930 contrariis
2360 1835 2592 1930 scilicet
2621 1842 2999 1930 commistum
3023 1846 3146 1908 sive
3169 1834 3674 1930 coagmentatum.

291 1920 482 2011 eris-it,
515 1931 936 2026 iracundiaqpe
965 1941 1030 1995 et
1073 1933 1238 2026 I.Aabiﬁ
1272 1920 1596 2026 coniugia,
1649 1931 1931 2026 imper-sus
1953 1920 1988 1927 ⁷
2015 1920 2098 1982 Ex
2126 1923 2323 2026 calido
2353 1926 2514 2026 enim
2539 1928 2840 2026 etfrigido
2876 1932 2962 2014 (ut
2983 1935 3203 2026 docent
3235 1920 3599 2026 philosopht,
3621 1920 3682 2012 et

295 2039 501 2118 omnes
525 2021 734 2118 fratres
762 2012 928 2118 furit,
983 2031 1041 2085 et
1092 2023 1344 2118 insanit,
1394 2022 1496 2084 Est
1552 2021 1788 2102 quando
1830 2041 1933 2084 re-

2017 2012 2419 2118 veritasdoem
2434 2023 2720 2118 testatur.)
2785 2039 2858 2082 ex
2885 2012 3082 2088 arido
3119 2037 3198 2118 et
3229 2012 3680 2118 humido-hujus

291 2110 487 2184 missa,
518 2119 573 2171 et
602 2112 765 2173 iners
795 2112 866 2173 ad
900 2132 1078 2176 omne
1131 2133 1280 2194 opus
1329 2112 1551 2174 bonum
1585 2121 1813 2193 torpet;
1851 2120 1942 2174 est
2022 2105 2623 2201 essenliélﬁonﬂamr-
2659 2105 3086 2201 Ῡθτυωιοιηθη
3114 2116 3310 2198 ipsum
3342 2105 3676 2189 Secundam

289 2199 515 2279 quando
539 2201 823 2293 excitatur
843 2211 905 2293 et
925 2189 1348 2293 vigilatietad
1373 2220 1613 2293 omnem
1645 2189 1941 2264 obedien-
2024 2205 2090 2293 Sf
2143 2189 2414 2293 arbitrio,
2453 2202 2536 2293 et
2590 2197 2905 2293 voluntate
2946 2189 3356 2291 caret,.atque
3388 2213 3590 2293 etiam,
3628 2220 3680 2281 si

288 2277 399 2350 tam
428 2291 621 2369 gestit,
658 2301 719 2352 ut
750 2301 808 2354 et
835 2292 896 2354 in
940 2277 1145 2356 socios,
1193 2312 1262 2355 ac
1315 2292 1639 2354 familiares
1674 2292 1936 2372 jocetur,
2027 2277 2345 2342 dicendum
2376 2290 2486 2364 es"
2547 2298 2710 2350 ιηοῑυ
2745 2309 2758 2346 ε
2796 2289 2909 2352 ηῖεί
2963 2277 3206 2358 omnim
3246 2277 3426 2381 Ilujus
3457 2277 3674 2369 ﬂuxio:

284 2396 499 2459 eosque
523 2380 594 2440 ad
629 2381 1058 2461 capessendam
1078 2382 1353 2443 virtutem
1377 2380 1746 2443 eXstimulet.
1786 2378 1933 2441 Non-

2028 2385 2163 2467 nem
2195 2387 2695 2476 progressumque
2722 2378 2794 2440 ad
2815 2379 3143 2462 interitum,
3172 2378 3496 2454 motionem
3520 2396 3685 2476 quis-

282 2486 580 2567 nunquam
646 2471 858 2532 timore
928 2471 1322 2567 contrahitur,
1402 2477 1461 2567 et
1533 2468 1948 2567 circumspicit
2222 2463 2350 2567 ejus
2405 2463 2797 2567 bypostaseos
2828 2473 3197 2567 Anaturalemg
3237 2477 3416 2558 dicat,
3468 2463 3682 2567 in-qua

281 2547 520 2636 omnia;
594 2579 1019 2642 nonnunquam
1090 2581 1154 2623 se
1217 2560 1605 2642 impudenter
1655 2547 1940 2622 θατηιίάίι,
2028 2547 2177 2608 nihil
2205 2549 2452 2642 rationis
2495 2555 2784 2618 cernitur.
2809 2557 2987 2638 Quod
3020 2581 3155 2624 cum
3186 2565 3266 2627 ita
3293 2547 3414 2642 sit;
3444 2547 3678 2636 certum

281 2647 448 2710 Modo
471 2638 930 2726 uugatorumJet
950 2638 1335 2712 ridiculorum
1359 2649 1618 2713 libenter
1635 2649 1926 2724 meminit,
2027 2646 2117 2698 θεῖ
2145 2638 2344 2734 filiam.
2380 2660 2495 2734 μορ
2539 2642 2738 2707 inesse
2779 2657 3112 2734 Peccatum:
3164 2673 3274 2718 nec
3317 2638 3446 2721 θέω
3479 2681 3515 2724 ἃ
3545 2662 3674 2726 Πθο

282 2756 500 2818 eosque
525 2741 598 2800 ad
631 2759 697 2801 se
725 2741 1015 2811 accersit;
1049 2739 1223 2802 modo
1248 2759 1359 2801 nec
1389 2739 1546 2814 illos,
1580 2753 1693 2800 nec
1722 2743 1929 2800 contu-
2012 2727 2792 2828 00.ﬂdemﬂ§fi-_Elimefit0-
2831 2740 2998 2812 Ωιιοά
3047 2727 3209 2806 (illim
3260 2762 3532 2813 naturam
3564 2771 3672 2815 co-

278 2825 556 2890 hemales
582 2829 798 2891 ίηιυθιιί
829 2829 1098 2892 δυδίίηθι.
1158 2828 1522 2909 Quandoque
1572 2827 1635 2888 in
1682 2846 1749 2889 se
1798 2827 1927 2908 ipsa
1957 2843 1971 2856 ο
2011 2819 2278 2909 mitatur,
2303 2819 2447 2882 illud
2466 2841 2704 2905 quoque
2726 2825 3170 2894 damnationem
3198 2834 3356 2900 haud
3383 2847 3671 2906 meretur.

276 2917 357 2978 ita
389 2925 709 2995 pressatur,
762 2926 822 2980 et
872 2926 1154 2991 arctatur,
1216 2925 1278 2979 ut
1327 2906 1505 2980 etiam
1552 2919 1728 2997 hujus
1775 2906 1926 2978 lucis

2017 2906 2306 3014 Ardorem
2358 2919 2600 2987 autem,
2681 2918 3228 3004 appetitionemque
3300 2929 3674 3014 nuptiarum,

275 3007 596 3100 pertmdeat
611 3029 627 3084 ;
645 3010 997 3100 quandoque
1020 3008 1105 3069 sic
1127 3007 1422 3082 dilatatur,
1440 3015 1499 3068 et
1515 3007 1602 3069 sic
1624 3005 1924 3100 amplifice

2017 2996 2494 3100 conjunctionem
2523 3022 2840 3100 corporum
2894 2996 3233 3091 veneream,
3277 2996 3673 3100 voluptatem:

272 3083 543 3173 exsultat,
605 3083 681 3159 ω·
727 3083 992 3179 quamvis
1053 3115 1264 3176 magno
1323 3105 1540 3159 conatu
1589 3083 1923 3176 reprimere
2006 3083 3676 3188 belluationem,_ingluviem,somnolentiam,pigritiam,

271 3194 449 3267 atque
478 3185 773 3280 cohibere
794 3205 859 3248 se
889 3195 1164 3268 nequeat.
1212 3188 1282 3280 Et
1330 3186 1442 3247 ista
1489 3185 1731 3268 quidem
1762 3186 1922 3246 circa

2017 3184 2299 3280 ornatum,
2335 3181 2608 3256 vestium,
2669 3186 2902 3280 aliaque
2970 3192 3194 3270 omnia,
3269 3181 3434 3278 quae-
3457 3181 3669 3280 vulgus

271 3277 576 3340 naturales
593 3275 778 3338 animi
802 3277 1098 3339 motiones
1130 3275 1261 3338 ﬁeri
1293 3267 1753 3351 consueverunt,
1787 3292 1924 3336 cum

2017 3267 2306 3369 existimat
2363 3289 2578 3352 corpus
2636 3267 2966 3369 requirere,
3030 3267 3426 3366 non'corpus
3484 3267 3666 3369 (haud

271 3367 344 3458 ad
373 3375 678 3458 certamen
708 3366 1135 3458 inexercenda
1161 3365 1397 3458 virtute,
1451 3374 1512 3458 e_t
1541 3365 1615 3428 ad
1631 3364 1927 3458 mandata
2009 3364 2219 3458 magiS,
2250 3377 2425 3458 quam
2459 3380 2603 3458 cum
2625 3366 2896 3458 examine
2949 3371 3125 3449 jacet)
3181 3374 3287 3435 sed
3317 3364 3518 3438 anima
3555 3395 3668 3458 per

273 3457 643 3520 observanda
670 3457 1017 3536 accingitur.
1077 3455 1194 3518 Sed
1252 3454 1755 3538 quemadmodum
1796 3452 1925 3520 ani-
2009 3446 2131 3538 hoc,
2178 3449 2449 3530 ι’θψιίΐίῐ,
2508 3452 2728 3530 anima,
2787 3446 3053 3538 inquam,
3107 3463 3296 3524 εθπιθι
3355 3465 3494 3528 huic
3541 3446 3664 3528 luto

277 3567 431 3622 mus,
463 3547 544 3608 ita
571 3558 632 3609 et
662 3565 832 3610 mens
888 3553 1089 3608 nostra
1141 3546 1488 3608 immutatur
1521 3545 1916 3625 variaturque.

278 3638 443 3698 Alias
469 3637 682 3698 etenim
715 3637 788 3699 ad
818 3637 1274 3716 intelligendum
1307 3635 1583 3716 expedita
1613 3641 1726 3710 est,
1762 3643 1821 3696 et
1847 3632 1921 3694 ad

279 3743 353 3787 ea
382 3743 513 3806 qua;
538 3725 830 3805 intelligit,
864 3744 972 3787 seu
1020 3725 1309 3806 perspicit
1358 3724 1638 3787 celeriter
1667 3739 1919 3801 percur-

279 3816 465 3878 ronda
493 3835 558 3878 ac
612 3815 1008 3878 discernenda
1057 3815 1387 3896 expeditior
1419 3833 1433 3878 :
1467 3815 1614 3876 alias
1641 3813 1830 3893 pigra,
1865 3818 1924 3874 et

279 3905 442 3967 tarda
471 3905 542 3966 ad
575 3913 914 3986 utrumque.
959 3903 1263 3966 Interdum
1312 3904 1520 3966 eadem
1543 3920 1724 3977 mens
1754 3899 1924 3983 quasi

274 4012 504 4068 amens,
559 4003 722 4056 muta
768 4003 829 4058 et
885 3993 1068 4056 surda
1117 3994 1230 4057 ﬁt:
1288 3993 1590 4054 interdum
1635 3992 1812 4070 viget,
1868 3996 1926 4051 et

272 4085 528 4146 facunda
585 4091 694 4166 est,
755 4093 813 4146 et
868 4083 1076 4146 audire
1124 4090 1336 4164 potest,
1385 4090 1561 4162 atque
1591 4080 1920 4162 percipere.

272 4173 612 4256 Aliquando
636 4191 812 4256 caaca,
847 4173 1168 4254 aliquando
1200 4172 1532 4247 oculata,in
1563 4170 1928 4252 profundita~

274 4272 396 4326 tem
431 4274 490 4326 et
518 4261 887 4326 altitudinem
934 4261 1454 4344 contemplationis
1482 4279 1664 4342 supra
1690 4268 1925 4340 captum

271 4353 552 4414 humanae
609 4361 834 4415 natura;
880 4353 1113 4432 ingredi
1169 4351 1454 4427 enititur;
1503 4350 1823 4430 aliquando
1854 4348 1928 4410 ad

273 4461 519 4504 omnem
552 4443 1119 4524 contemplationem
1173 4442 1395 4522 inepta,
1445 4455 1634 4522 eaque
1690 4457 1926 4520 vacans,

2009 3533 2220 3618 indita,
2251 3539 2538 3621 gaudens,
2573 3550 2632 3606 et
2660 3544 2815 3606 velut
2837 3533 2936 3608 sus
2966 3533 3228 3614 in'cceno
3255 3551 3315 3614 in
3348 3555 3441 3616 his
3477 3558 3656 3619 volu-

2003 3624 2114 3686 tari
2144 3628 2600 3707 concupiscens,
2626 3633 2944 3716 carnisque
2967 3636 3082 3699 sibi
3100 3641 3455 3706 consociata:
3489 3651 3664 3707 volu-

2005 3722 2193 3795 ptates
2222 3715 2751 3811 ati‘ectans._0uare
2778 3715 2952 3786 nemo
2971 3745 3004 3788 a
3025 3746 3276 3811 corpore
3307 3750 3414 3794 suo
3437 3734 3514 3796 ad
3537 3735 3666 3798 haec

2005 3804 2306 3900 compelli,
2339 3813 2397 3867 et
2424 3808 2656 3900 cogiaee
2683 3813 3042 3892 arbitretur,
3099 3804 3259 3900 quod
3290 3820 3504 3885 falsum
3540 3833 3656 3887 est.

2007 3892 2125 3987 _Sed
2155 3896 2318 3987 audi,
2351 3897 2691 3987 etintellige
2708 3904 3032 3982 quomodo.
3049 3905 3097 3968 E
3111 3892 3286 3987 gleba
3305 3917 3481 3974 terra;
3503 3912 3672 3977 Deus

2007 3983 2313 4082 hominem
2345 3985 2533 4082 tinuit.
2583 3987 2670 4082 En
2727 3993 2961 4055 ostendi
3002 3983 3138 4074 jam
3164 3995 3269 4060 tibi
3299 4018 3538 4082 corpus.
3576 4000 3671 4066 Tu

2007 4073 2294 4150 vicissim,
2331 4077 2536 4157 quales
2584 4077 2645 4138 in
2699 4097 2768 4141 eo
2825 4073 3276 4162 concitationes,
3323 4073 3672 4153 ac-turbidi

2011 4171 2206 4261 motus
2238 4165 2379 4240 sint,
2410 4167 2683 4261 ostende,
2717 4170 2894 4261 quod
2944 4175 3182 4253 penitus
3238 4195 3358 4238 non
3416 4181 3674 4261 poteris.

2011 4252 2162 4350 Quid
2186 4262 2391 4350 postea
2408 4254 2440 4315 ?
2463 4257 2542 4319 Et
2565 4259 2892 4350 inspiravit
2918 4252 3076 4324 Deus
3101 4265 3170 4326 in
3189 4252 3592 4350 faciem-eius,
3619 4274 3681 4333 et

2009 4341 2206 4420 factus
2222 4353 2307 4406 est
2325 4344 2503 4408 homo
2520 4351 2588 4408 in
2607 4348 2878 4411 animam
2904 4341 3204 4416 viventem
3225 4354 3302 4419 14.
3319 4341 3674 4420 Etabhuino

2012 4431 2328 4509 excitatus,
2361 4434 2570 4515 spiritu
2600 4437 2701 4516 qui
2731 4437 2792 4498 in
2822 4436 2950 4519 ipso
2982 4449 3108 4504 erat
3135 4443 3339 4524 (herili
3369 4446 3667 4523 videlicet)

269 4533 554 4594 universe
584 4540 960 4613 peccatorum
985 4531 1425 4612 praeteritorum
1453 4529 1748 4602 meminit,
1780 4528 1928 4590 nihil
1951 4533 2535 4626 Deorpusmovente
2565 4526 2902 4626 ambulabat
2931 4550 2953 4626 ;_
2994 4533 3196 4609 ardor,
3246 4542 3346 4596 aut
3395 4535 3674 4599 incitatio

269 4623 595 4704 quidquam
615 4621 812 4683 simile
835 4621 1176 4700 excogitans
1198 4639 1439 4702 prorsus
1466 4641 1481 4696 ;
1503 4637 1931 4700 nonnunquam
1953 4613 1994 4626 “’
2027 4613 2317 4691 libidinis,
2351 4622 2452 4677 aut
2479 4614 2655 4677 bruta
2685 4618 2905 4680 ventris
2935 4618 3187 4697 insania,
3224 4631 3284 4685 et
3310 4624 3679 4688 immodera-

269 4712 463 4785 varie,
499 4710 660 4772 velut
688 4730 808 4772 non
838 4710 990 4774 facta
1029 4710 1316 4790 cogitans,
1351 4717 1409 4772 et
1443 4706 1944 4790 comminiscens,

271 4807 336 4862 et
367 4801 641 4881 nequiter
669 4818 876 4881 agens,
932 4805 989 4862 et
1040 4806 1315 4880 tanquam
1351 4800 1589 4861 ﬂamma
1652 4797 1713 4856 in
1769 4796 1948 4874 lignis

275 4889 545 4952 humidis
573 4889 734 4953 fumo
766 4892 1072 4965 suﬂ‘ocata,
1127 4890 1192 4951 fit
1224 4890 1505 4970 maligna,
1539 4903 1662 4952 non
1694 4885 1755 4948 in
1788 4905 1943 4968 prae-

276 4989 487 5042 sentes
543 4987 793 5055 tantum,
852 4979 959 5042 sed
1021 4981 1182 5043 etde
1239 4978 1586 5041 absentibus
1639 4976 1944 5038 nonnullis

280 5087 444 5151 saepe
474 5069 696 5151 inania,
733 5078 788 5132 et
819 5069 966 5132 falsa
1020 5069 1080 5131 in
1135 5068 1456 5150 semetipsa
1511 5066 1829 5128 fabricans.
1868 5067 1948 5134 Et

278 5178 421 5222 cum
452 5177 556 5221 cor
585 5160 835 5221 multum
866 5158 1270 5234 contristetur,
1318 5176 1431 5219 nec
1482 5173 1617 5218 cum
1650 5160 1851 5217 mente
1881 5154 1942 5216 in

276 5248 501 5310 talibus
532 5249 770 5325 sentiat,
804 5249 952 5311 nihil
987 5249 1226 5331 penitus
1255 5256 1450 5309 tamen
1485 5246 1799 5328 proficere,
1831 5263 1943 5306 nec

275 5345 556 5402 avertere
612 5339 800 5420 ipsam
851 5358 885 5401 a
929 5338 1094 5401 vanis
1141 5336 1593 5416 cogitationibus
1624 5341 1836 5416 potest.
1872 5333 1944 5395 Et

272 5428 572 5490 hactenus
602 5427 676 5491 de
712 5428 1145 5492 mutationibus
1177 5425 1413 5506 mentis,
1445 5425 1777 5505 animaeque
1824 5443 1938 5486 no-

272 5524 420 5578 strae
451 5517 862 5598 intelligentis,
897 5537 965 5581 ac
995 5517 1211 5580 divinae
1239 5515 1462 5579 dictum
1495 5521 1649 5577 esto.

361 5605 506 5680 Quae
542 5627 720 5690 porro
752 5608 912 5672 circa
962 5624 1178 5690 corpus
1231 5603 1548 5669 varietates
1581 5600 1755 5667 nobis
1785 5619 1937 5663 con-

1409 5793 1470 5845 ¹6
1497 5791 1654 5860 Ibid.
1687 5789 1788 5855 25.

360 5797 421 5848 ¹4
449 5799 604 5864 Gen.
645 5815 713 5878 ιι,
743 5799 806 5867 7.
893 5799 952 5853 ‘5
977 5798 1130 5865 Gen.
1163 5815 1228 5878 tl,
1261 5797 1322 5863 9.

2028 4711 2123 4766 tus
2179 4705 2296 4766 cibi
2355 4705 2649 4786 appetitus
2705 4725 2996 4790 nusquam
3036 4710 3232 4775 adhuc
3280 4713 3675 4794 apparebant,

2030 4794 2263 4876 vitaque
2294 4795 2631 4876 tranquille,
2667 4804 2727 4858 et
2757 4797 2906 4860 citra
2945 4801 3284 4864 molestiam
3318 4803 3682 4869 traduceba-

2029 4892 2144 4946 tur.
2179 4883 2501 4947 Videamus
2531 4884 2730 4965 igitur,
2767 4904 2843 4949 ne
2873 4887 3045 4965 forte,
3079 4891 3217 4972 quia
3263 4911 3384 4954 non
3413 4893 3683 4957 exstabat

2029 4974 2272 5052 femina,
2305 4983 2407 5065 aut
2434 4975 2574 5056 quia
2603 4994 2723 5065 non
2763 4977 3221 5057 suppeditabant
3242 4999 3413 5060 escae,
3442 4983 3682 5065 cupidi-

2027 5072 2210 5127 tatem
2244 5063 2563 5144 irritantes,
2598 5063 2821 5127 idcirco
2866 5067 3045 5129 homo
3077 5088 3190 5132 nec
3219 5071 3292 5134 ad
3323 5063 3689 5136 concubitus

2026 5151 2413 5226 desiderium,
2469 5170 2582 5214 nec
2626 5153 2699 5215 ad
2757 5153 3078 5232 ingluviem
3139 5165 3499 5224 moveretur.
3530 5160 3683 5234 Quid

2025 5261 2166 5322 ergo
2197 5240 2325 5304 ait?
2353 5241 2782 5323 Produxz'tque
2820 5246 3118 5308 Dominus
3169 5247 3327 5311 Deus
3375 5251 3451 5315 de
3502 5250 3688 5314 humo

2023 5349 2200 5394 omne
2217 5332 2452 5412 lignum
2469 5329 2790 5412 pulchrum
2822 5333 2954 5396 risu
2970 5335 3029 5386 45
3051 5378 3066 5394 .
3099 5335 3187 5398 Et
3205 5347 3381 5404 erant
3410 5340 3613 5403 Adam
3633 5347 3688 5403 et

2019 5421 2159 5484 Eva
2179 5421 2245 5482 in
2257 5419 2550 5500 paradiso
2571 5419 2744 5502 nudi,
2768 5427 2828 5484 et
2850 5440 2974 5486 non
2993 5423 3493 5491 erubescebant“
3512 5478 3527 5492 .
3551 5426 3692 5492 Cer-

2021 5510 2136 5586 nis,
2174 5527 2370 5590 neque
2419 5508 2579 5600 quia,
2618 5509 2842 5574 femina
2888 5521 3054 5575 esset
3108 5515 3252 5594 Eva,
3315 5535 3511 5600 neque
3554 5515 3695 5600 quia

2025 5609 2232 5666 essent
2258 5601 2434 5665 ambo
2465 5599 2636 5682 nudi,
2669 5600 2809 5668 ideo
2865 5604 3114 5669 alterius
3170 5624 3244 5670 ex
3298 5599 3452 5691 ipsis
3482 5599 3692 5676 lasani
