4160 6418
442 441 583 509 399·

1769 406 2148 486 SYMEONIS
2186 408 2540 481 JUNIORIS

3728 404 3853 473 400

444 595 582 644 esse
611 565 1015 657 pudicitiam?
1045 563 1165 632 Sed
1219 569 1279 657 et
1328 559 1473 657 nudi
1531 563 1720 633 erant,
1780 563 1839 618 et
1887 572 1952 615 se
1984 570 2106 614 non
2125 559 2169 608 Α
2190 550 2412 657 tundit.
2449 550 2755 657 P'pstremo
2777 547 2894 611 alia
2914 554 3117 629 restat,
3141 564 3275 657 quae
3306 550 3664 612 connivente
3693 547 3853 651 bono

445 650 911 749 cognoscebant,
971 677 1085 722 nec
1147 650 1604 749 erubescebant,
1652 653 2021 749 necotamen
2070 660 2103 703 a

446 733 659 822 natura
689 733 957 833 corporis
984 747 1056 811 ad
1089 764 1217 809 rem
1240 740 1586 833 habendam,
1605 733 2098 799 sollicitabantur.

451 846 570 911 Sed
604 850 733 927 post
762 828 1189 927 peccatum,_et
1233 828 1794 927 transgressionem,
1848 832 1907 885 et
1937 830 2102 927 post:

450 914 629 1020 quam
661 914 934 1020 paradiso
966 914 1144 1009 pulsi,
1178 942 1273 1020 ac
1303 924 1427 984 Deo
1486 914 1692 980 nudati
1750 915 2011 1020 fuerunt,
2048 916 2108 972 et

448 1002 825 1102 d‘ivinaeius
857 1002 1046 1099 gloria
1105 1011 1479 1086 exciderunt,
1527 1014 1688 1082 tunc,
1723 1011 1791 1066 ut
1817 1002 2106 1083 scriptum

447 1124 542 1182 est
574 1134 590 1179 ε
628 1096 1130 1193 σοάηουῖίΑάαωη
1152 1119 1412 1193 umorem
1428 1116 1628 1193 suam,
1655 1098 2042 1193 concepitque
2054 1096 2109 1153 et

442 1204 684 1288 peperit
708 1181 804 1263 ῖτ.
840 1194 1125 1288 Proinde,
1149 1192 1402 1288 dilecte,
1438 1188 1875 1288 si‘tu‘quoque
1918 1181 2104 1283 Deum

450 1270 685 1356 sincere
712 1285 1026 1366 amaveris,
1061 1270 1121 1345 et
1147 1281 1208 1343 in
1253 1280 1384 1360 ejus
1436 1273 1758 1366 dilectione
1788 1270 2105 1366 manseris,

450 1398 755 1464 nunquam
784 1377 940 1439 ullus
969 1357 1154 1436 animi
1201 1357 1399 1464 motus
1430 1387 1464 1430 a
1492 1364 1728 1464 ratione
1764 1362 2005 1464 alienus.
2028 1357 2110 1419 tui

449 1449 857 1536 dominabitur
887 1483 901 1530 :
939 1483 1135 1544 neque
1165 1457 1435 1540 corporis
1466 1452 1827 1544 necessitate
1856 1449 2108 1544 quadam

452 1558 765 1646 tyrannide
795 1538 1116 1637 opprimet.
1152 1538 1501 1646 Sicut-cnim
1523 1539 1743 1646 corpus
1765 1540 1893 1602 sine
1915 1538 2113 1646 anima

450 1625 528 1715 ad
557 1648 711 1713 nihil
743 1625 969 1709 moveri
1000 1646 1195 1724 potest
1226 1656 1240 1701 :
1292 1637 1379 1699 sic
1410 1650 1603 1724 neque
1632 1631 1755 1694 Deo
1788 1646 1895 1724 per
1924 1625 2115 1724 chari-

452 1748 634 1803 tatem
669 1715 1219 1815 conjuncta-anima
1272 1724 1347 1787 ad
1403 1723 1634 1815 ventris
1685 1726 1745 1782 et
1794 1715 2112 1815 libidinum

450 1803 1355 1910 voluptates-pessumdari:nec
1375 1812 1450 1875 ad
1473 1806 1921 1890 aliaquuasdam
1955 1803 2117 1910 cupi-
2135 1849 2176 1899 Β

453 1892 669 1982 ᾱίιδίθε
699 1892 901 1977 rerum
934 1904 1416 1991 aspectabilium,
1450 1906 1552 1963 aut
1608 1917 1735 1991 non
1775 1892 2112 1991 aspectabi-

453 2004 625 2081 lium,
656 2004 719 2065 iu
740 1999 959 2083 quibus
980 1982 1177 2058 locum
1206 1992 1387 2083 habet
1411 1986 1818 2083 perturbatio:
1855 1982 2116 2082 quando-

460 2071 700 2178 quidem
725 2071 1022 2172 appetitus
1051 2083 1250 2178 cordis
1302 2071 1456 2163 ejus,
1517 2084 1617 2178 aut
1651 2075 1867 2178 potius
1924 2071 2118 2178 ominis

457 2159 1117 2249 ibclinatio-ioluntatis
1169 2159 1507 2254 ejus,'cum
1568 2164 1729 2230 dulci
1779 2181 1983 2254 amore
2011 2159 2116 2221 Dei

458 2274 733 2338 devincta
763 2275 875 2332 est.
907 2267 1043 2348 Ipsa
1063 2253 1248 2344 igitur
1272 2256 1581 2325 Conditori
1608 2274 1713 2348 suo
1736 2253 2030 2348 colligata,
2060 2256 2125 2310 ut

459 2362 743 2442 diximus,
776 2341 956 2428 cedo,
985 2341 1283 2437 quomodo
1313 2369 1347 2412 a
1377 2364 1629 2442 corpore
1686 2341 1970 2442 incendi,
2026 2348 2127 2401 aut

458 2429 847 2527 moveri,'aut
874 2463 984 2529 per
1003 2429 1235 2526 —ipsum
1295 2429 1709 2518 suastmnino
1770 2429 2130 2513 cupiditates

460 2541 705 2625 explere
732 2534 976 2622 potest?

541 2612 832 2696 Naturam
853 2633 1054 2689 autem
1077 2622 1538 2699 consequentes,
1562 2621 1621 2675 et
1640 2612 1700 2674 in
1722 2612 1851 2693 ipso
1870 2625 2118 2699 corpore

460 2719 816 2784 exsistentes
845 2714 1206 2777 mutationes
1237 2697 1570 2769 manifestae
1626 2710 1807 2777 sunt;
1842 2697 2122 2761 omnibus

460 2809 647 2891 enim,
672 2807 852 2871 etiam
870 2800 1112 2882 sanctis,
1137 2796 1511 2891 contingunt.
1526 2790 1865 2891 Aliquando
1880 2796 1939 2851 et
1958 2787 2117 2850 enim

464 2880 678 2963 sanum
717 2913 849 2959 esse
867 2880 1107 2965 dicitur,
1133 2905 1268 2950 cum
1292 2884 1396 2947 illa
1415 2902 1485 2944 ex
1508 2880 1726 2963 quibus
1755 2885 2121 2948 concretum,

464 2997 526 3052 et
554 2984 949 3067 compositum
980 2987 1088 3046 est,
1121 2995 1243 3039 non
1273 2972 1585 3067 dissident.
1620 2966 1954 3049 Aliquando
1974 2984 2129 3067 mpr-

468 3078 614 3140 bum
645 3055 871 3138 sentire
891 3069 1147 3148 cogitur,
1173 3063 1408 3147 quando
1430 3078 1616 3124 unum
1639 3077 1710 3120 ex
1729 3064 1980 3138 quatuor
2003 3055 2128 3148 ele-

2188 641 2334 715 Deo,
2369 659 2440 702 ac
2470 637 2723 703 Domino
2754 644 2983 718 nostro,
3037 638 3370 700 secundum
3417 638 3855 703 oeconomicam

2186 729 2623 791 institutionem
2655 727 2729 789 ad
2759 725 3155 788 humilitatem
3188 726 3365 789 nobis
3411 746 3444 791 a
3475 726 3857 791 damonibus

2188 817 2718 880 inferturtentatio.
2742 815 3022 888 Quaenam
3044 815 3251 878 isthaec
3277 817 3302 878 Υ
3328 818 3523 899 ipsum
3550 819 3660 880 hoc
3677 837 3852 891 onus,

2189 915 2249 970 et
2279 906 2808 990 pondusicorporis
2832 905 3038 981 nostri,
3074 906 3231 985 quod
3263 908 3530 987 quamvis
3552 908 3716 969 nulla
3739 909 3857 970 alia

2188 997 2264 1059 de
2297 1016 2494 1078 causa,
2533 1004 2775 1078 propter
2819 1012 3030 1058 vanam
3061 994 3308 1074 gloriam
3339 997 3559 1069 solum,
3593 1006 3694 1059 aut
3724 998 3850 1060 ela-

2189 1086 2413 1148 tionem
2442 1086 2626 1148 animi
2673 1093 2773 1147 aut
2822 1104 2929 1166 per
2975 1085 3419 1148 damnationem
3477 1086 3745 1163 alterius,
3783 1098 3850 1150 ut

2191 1177 2563 1258 negligentis,
2601 1185 2699 1238 aut
2727 1184 2971 1256 propter
2998 1175 3142 1236 alias
3197 1176 3374 1237 etiam
3409 1195 3622 1239 causas
3655 1177 3851 1258 pluri-

2192 1285 2340 1343 mas,
2379 1265 2634 1329 daamoni
2666 1264 2916 1326 traditur
2944 1264 3005 1325 in
3028 1263 3333 1325 interitum
3368 1266 3587 1342 carnis,
3621 1274 3681 1328 et
3711 1286 3853 1329 con-

2195 1355 2495 1417 tritionem
2510 1354 2724 1416 animae
2748 1374 2762 1435 ;
2789 1352 3203 1434 probationem
3229 1372 3391 1430 vero,
3410 1364 3467 1416 et
3482 1356 3856 1419 exercitatio-

2195 1463 2332 1506 nem
2355 1444 2707 1525 ampliorem
2729 1443 3021 1522 ejusdem,
3052 1451 3109 1504 et
3124 1450 3333 1505 utcum
3345 1444 3576 1506 viscera
3594 1445 3851 1526 pietatis.

2196 1541 2254 1595 et
2274 1533 2718 1596 miserationem
2742 1532 2845 1594 Dei
2860 1532 3019 1595 circa
3041 1552 3150 1595 nos
3172 1533 3644 1612 cognoverimus,
3666 1542 3850 1596 totum

2195 1622 2415 1685 amoris
2452 1623 2728 1686 affectum
2771 1620 2843 1684 ad
2875 1642 3010 1684 eum
3037 1623 3482 1704 transferamus,
3517 1631 3758 1705 totoque
3787 1624 3850 1685 in

2197 1713 2365 1773 illum
2396 1712 2695 1774 desiderio
2725 1711 3009 1775 feramur.
3043 1711 3235 1784 Quare
3265 1720 3323 1774 et
3350 1712 3478 1774 haec
3502 1731 3622 1774 non
3645 1732 3853 1776 omnes

2200 1802 2399 1863 omnia
2427 1809 2645 1863 norunt
2676 1822 2689 1863 :
2725 1801 2830 1863 sed
2851 1801 3065 1863 animae
3093 1803 3334 1882 quidem
3365 1801 3770 1876 alterationes,
3795 1811 3856 1866 et

2199 1891 2468 1971 corporis
2496 1891 2879 1966 mutationes,
2913 1892 3012 1972 qui
3058 1891 3443 1952 mediocriter
3469 1890 3542 1952 ad
3570 1890 3851 1955 virtutem

2199 1981 2395 2042 affecti
2423 1987 2585 2056 sunt,
2620 1999 2826 2042 eorum
2852 1981 3102 2061 quisque
3123 2000 3192 2042 ex
3219 1989 3383 2062 parte
3414 1972 3598 2057 novit,
3627 1982 3678 2043 si
3700 1983 3855 2045 forte
3915 2026 3918 2030 ι

2201 2070 2611 2153 εοηιὶεθνὶιξίιι
2665 2070 2795 2152 ipso
2855 2070 3158 2152 quippiam
3213 2072 3628 2151 hujuscemodi
3665 2092 3677 2132 :
3714 2091 3854 2135 nam

2203 2162 2376 2242 plane
2408 2161 2674 2224 tenebris
2704 2161 2924 2223 oﬂ‘usos
2956 2180 3076 2222 non
3105 2179 3406 2223 curamus.

2283 2253 2363 2314 At
2392 2270 2538 2332 quas
2567 2269 2738 2314 mens
2768 2249 2987 2329 patitur
3016 2250 3458 2332 conversiones,
3492 2258 3551 2312 et
3582 2251 3860 2314 mutatio-

2204 2359 2334 2415 nes,
2366 2340 2440 2403 de
2466 2340 2681 2422 quibus
2730 2338 3011 2414 diximus,
3070 2338 3179 2401 soli
3236 2338 3491 2401 turbidis
3548 2339 3859 2403 affectibus

2206 2438 2502 2505 carentes,
2539 2437 2596 2493 et
2625 2428 2896 2511 perfecti,
2931 2428 3065 2509 puri
3095 2436 3154 2490 et
3208 2428 3384 2490 liberi
3436 2430 3637 2491 anima
3683 2437 3858 2511 atque

2205 2528 2404 2583 mente
2462 2533 2855 2599 cognoscunt.
2916 2516 3071 2589 Quin
3129 2534 3205 2580 ne
3255 2516 3370 2597 ipsi
3419 2517 3687 2599 quidem.
3723 2519 3855 2581 Non

2205 2609 2363 2671 enim
2395 2609 2487 2670 sui
2529 2609 2821 2689 ipsorum,
2859 2606 2965 2669 sed
2989 2606 3240 2669 alterius
3262 2614 3421 2683 sunt,
3446 2626 3480 2669 a
3510 2627 3626 2688 quo
3658 2607 3733 2669 de
3763 2607 3858 2669 his

2205 2700 2381 2760 etiam
2413 2697 2784 2760 erudiuntur.
2820 2695 3123 2760 Interdum
3147 2695 3367 2776 quippe
3394 2714 3463 2758 ex
3496 2697 3623 2759 istis
3652 2696 3856 2758 diver-

2203 2787 2473 2850 sitatibus
2503 2786 2690 2848 menti
2720 2784 3151 2860 accidentibus,
3184 2785 3624 2864 constringitur,
3650 2785 3852 2846 trista-

2208 2886 2422 2957 turque
2451 2876 2670 2950 anima,
2706 2894 2841 2937 cum
2900 2874 2976 2935 de
3027 2873 3304 2954 praesenti
3358 2873 3571 2953 gaudio
3632 2871 3856 2951 aliquid

2210 2966 2496 3027 amiserit.
2513 2966 2944 3026 Verumtamen
2957 2962 3205 3024 viriliter
3222 2970 3479 3023 mentem
3509 2960 3854 3023 exsuscitat.

2211 3054 2519 3117 Interdum
2550 3072 2689 3117 vero
2736 3070 2906 3116 mens
2956 3050 3019 3111 in
3068 3050 3160 3112 his
3214 3069 3345 3131 quae
3402 3049 3625 3129 patitur
3660 3047 3865 3109 anima

730 3162 925 3243 seipso
951 3136 1043 3221 vvel
1077 3136 1337 3234 acuiius,
1359 3150 1452 3213 vel
1476 3136 1767 3211 minutius
1787 3153 1993 3208 contra
2019 3143 2133 3205 alia
2152 3174 2191 3223 ο
2217 3146 2571 3225 compatitur
2592 3142 2816 3224 etipsa,
2843 3148 2902 3203 et
2925 3141 2989 3202 in
3027 3148 3202 3202 nocte
3238 3138 3460 3201 versari
3486 3146 3735 3219 urgetur
3763 3136 3869 3198 illa

471 3239 897 3325 insurrexerit,
931 3249 1049 3309 imo
1081 3244 1153 3309 ab
1183 3242 1302 3306 illis
1334 3239 1632 3303 devictum
1662 3250 2134 3325 oppressumque

473 3344 680 3408 fuerit.
710 3322 1358 3409 Hinc'distillationes,
1414 3334 1812 3392 extremarum
1862 3322 2133 3403 corporis

472 3433 725 3517 partium
762 3426 1184 3500 mutilationes,
1221 3430 1300 3517 et-
1326 3434 1754 3517 nonnunquam
1788 3413 1969 3476 totius
1997 3411 2131 3513 ani-

474 3501 693 3585 inantis
718 3517 1019 3602 pernicies
1041 3523 1105 3577 et
1125 3510 1426 3602 interitus,
1445 3507 1595 3602 citra
1615 3505 1896 3567 damnum
1921 3501 2135 3602 animae

472 3590 883 3687 nostrae,.cum
912 3606 1130 3668 horum
1161 3598 1418 3687 plurima
1471 3614 1540 3658 ex
1569 3590 2027 3673 intemperantia
2055 3590 2137 3651 vi-

472 3709 607 3764 ctus
636 3685 1029 3778 generentur.
1062 3685 1469 3778 Quorumdam
1498 3698 1638 3745 vero
1663 3698 1978 3778 corporum
2010 3698 2110 3778 mu

472 3789 616 3852 tatio
637 3768 845 3850 ventis
875 3789 935 3845 et
963 3780 1089 3843 aeri
1120 3773 1481 3840 ascribenda
1511 3779 1622 3835 est.
1656 3770 1775 3832 Aer
1803 3770 1964 3831 enim
1996 3768 2134 3849 quia

471 3876 747 3959 frigidus,
800 3869 1065 3951 corporis
1111 3864 1382 3959 frigidam
1406 3860 1613 3959 sortita
1643 3858 2131 3959 naturamque-n-

476 3946 586 4042 dit:
617 3984 688 4027 ac
716 3946 1013 4035 debililat,
1047 3964 1112 4019 ut
1143 3953 1395 4016 nimium
1428 3946 2130 4042 {refrigeratavideliceh

475 4036 630 4136 Alia,
666 4050 950 4134 quoniam
978 4042 1401 4110 constitutione
1449 4037 1735 4136 calidiora
1767 4044 1928 4113 sunt,
1962 4036 2130 4136 coelo

2217 3234 2483 3315 quidem,
2515 3233 2620 3294 sed
2638 3251 2757 3294 non
2795 3230 2993 3293 cedit:
3027 3236 3272 3293 conatur
3302 3236 3499 3290 autem
3539 3244 3784 3289 manere
3803 3225 3870 3286 in

2217 3314 2466 3400 lumine,
2502 3329 2560 3384 et
2584 3320 2827 3383 forsitan
2861 3320 3039 3382 etiam
3072 3318 3330 3383 animam
3385 3317 3666 3380 illustrat.
3698 3314 3872 3379 Alias

2216 3431 2454 3475 rursum
2484 3411 2558 3474 ab
2590 3409 2953 3473 inconstanti
2985 3416 3044 3472 et
3061 3407 3341 3490 inaequali
3369 3406 3638 3488 corporis
3667 3404 3872 3468 habitu

2216 3503 2847 3585 utraquejpremuntur
2862 3500 3271 3563 vehementer.
3292 3495 3625 3579 Aliquando
3638 3494 3871 3585 extrin-

2216 3581 2390 3655 secus
2417 3581 2753 3672 gravantur,
2789 3597 2848 3653 et
2893 3607 3043 3651 onus
3093 3586 3397 3664 sentiunt;
3451 3592 3511 3648 et
3562 3593 3763 3647 tamen
3807 3581 3872 3644 in

2218 3699 2364 3763 pace
2420 3687 2579 3743 sunt.
2635 3678 2937 3741 Interdum
2997 3676 3362 3739 intrinsecus
3411 3673 3748 3763 turbantur,
3807 3678 3874 3763 et

2218 3757 2687 3843 commoventur,
2716 3761 3719 3849 perturbationibusquegeneratim
3733 3757 3873 3821 sub-

2216 3858 2460 3933 duntur,
2494 3864 2560 3919 ut
2587 3856 2687 3938 qui
2719 3856 2959 3937 patitur,
2996 3854 3257 3937 priorem
3279 3850 3723 3934 tranquillitatis
3751 3865 3874 3910 suae

2217 3947 2622 4010 conditionem
2653 3963 2895 4027 sperare
2913 3963 3033 4007 non
3056 3943 3269 4024 possit.
3300 3943 3402 4005 Sic
3422 3941 3623 4022 itaque
3644 3938 3871 4011 anima,

2216 4044 2275 4099 et
2304 4055 2474 4098 mens
2506 4055 2539 4097 a
2567 4053 2841 4117 corpore,
2871 4052 3039 4097 mens
3068 4033 3142 4095 ab
3173 4032 3372 4095 anima
3398 4032 3549 4113 ipsa,
3588 4038 3648 4092 et
3676 4027 3878 4117 anima

477 4116 787 4225 Irigidiore
816 4134 1177 4219 temporaria
1203 4135 1397 4225 potius
1419 4148 1488 4192 ac
1504 4127 1845 4225 valentiora
1865 4126 2135 4225 reddun-
2212 4125 2474 4225 denique
2495 4132 2762 4225 amente,
2793 4132 2852 4224 et
2873 4141 3123 4204 cerpore
3145 4121 3342 4198 habet,
3364 4119 3522 4203 quod
3544 4116 3874 4225 delinquit.

477 4207 594 4297 tur:
627 4232 868 4305 Contra,
903 4207 1038 4290 cum
1070 4242 1173 4287 aer
1204 4207 1567 4295 'incaluerit,
1618 4217 1830 4297 frigida
1858 4218 2135 4279 foventur
2212 4212 2418 4305 Neque
2443 4214 2571 4305 haec
2600 4214 2739 4289 duo,
2759 4211 2956 4305 anima
2971 4219 3037 4303 et.
3051 4229 3221 4273 mens
3240 4228 3481 4302 semper
3505 4207 3825 4305 turbantur
3856 4222 3871 4268 :

479 4288 939 4404 quodammodo,
966 4324 1025 4378 et
1042 4311 1403 4404 reviviscunt
1432 4330 1447 4387 ;
1469 4315 1540 4404 ut
1560 4288 1798 4382 muscae,
1817 4306 2134 4404 et-reliqua
2213 4288 2419 4404 stiti-ex
2451 4294 2526 4356 iis
2557 4301 2646 4356 est
2676 4293 2912 4404 (103qu
2943 4292 3141 4404 {lilii-Ila
3182 4288 3405 4404 ρᾶῐίιυξ·
3435 4288 3875 4404 Ξίῗὲῗνοὲθΐθυηθ

475 4378 988 4475 fn'ééBEix—‘édiis
1007 4401 1303 4467 solaribus
1324 4378 1637 4481 tepefacta,
1665 4403 1725 4459 et
1742 4378 2054 4471 validiora,
2073 4405 2134 4458 et
2215 4391 2525 4481 Naturane
2549 4402 2742 4481 mens,
2769 4390 2848 4481 et,
2869 4381 3034 4464 quid,
3061 4382 3275 4462 inquit,
3301 4388 3391 4443 est
3409 4379 3518 4481 tibi
3542 4378 3567 4440 ?
3588 4378 3878 4481 illamque

1051 4465 1140 4557 iAt
1167 4465 1405 4574 quibus.
1425 4465 1768 4554 constitutio
1802 4485 1994 4548 calida
2023 4465 2130 4561 est,
2156 4511 2201 4561 ι)
2220 4476 2581 4582 fonsolatur.
2612 4471 2921 4534 Interdum
2968 4477 3522 4582 mensLexcaecatur,
3560 4476 3619 4569 et
3647 4465 3871 4567 obtegi:

473 4554 1001 4656 vehementissime
1030 4554 1448 4653 exardescunt,
1480 4585 1538 4640 et
1568 4579 1641 4638 ad
1673 4594 1909 4638 omnem
1942 4554 2130 4636 actio;
2158 4554 2193 4561 —
2220 4569 2340 4640 ίιπ,
2400 4564 2729 4656 animati“?
2774 4579 2908 4656 ςειηη
2961 4561 3039 4621 Sit
3089 4558 3299 4656 Ιίὺςεξει,
3352 4554 3753 4656 νίΐξυῑθ-ίὲηίε
3785 4555 3877 4617 δαί

475 4700 616 4744 nem
644 4688 820 4761 atque
850 4682 1076 4739 motum
1101 4670 1384 4761 similiter
1400 4647 1700 4747 languida,
1731 4672 1789 4726 et
1830 4663 2134 4726 imbecilla
2214 4652 2593 4761 persequi-tur
2623 4650 2960 4761 caliginem,
3016 4658 3075 4711 et
3102 4648 3334 4761 sublato
3376 4647 3877 4761 velaminetm‘en-

1040 4735 1638 4839 unumquodquevpro
1664 4735 2133 4834 temperamento
2214 4735 2342 4839 tem
2368 4743 2510 4803 facit
2541 4741 2833 4839 aspicere.
2870 4737 3293 4839 Quamobrem,
3345 4746 3544 4837 patres
3575 4743 3634 4797 et
3668 4735 3883 4797 fratres

477 4875 587 4921 suo
611 4856 675 4919 in
695 4854 851 4919 aeris
870 4827 1298 4930 ventorumque
1329 4827 1657 4907 mutatione
1683 4827 1877 4923 ipsum
1901 4860 2136 4923 quoque
2227 4832 2366 4930 mei2
2406 4850 2526 4892 non
2555 4832 2747 4930 solum
2772 4829 3150 4930 mutationes,
3180 4827 3602 4926 conversiones
3634 4839 3885 4930 quaeque

480 4964 587 5029 pro
619 4952 749 5009 rata
778 4912 1463 5029 portionemutationem
1489 4912 2143 5029 admittit.Quin_eti.am
2226 4921 2401 5023 nobis
2432 4921 2713 5029 eveniunt
2768 4917 3176 5029 alterationes,
3234 4934 3438 5029 verum
3487 4915 3663 5015 etiam
3725 4912 3885 5029 unde

477 5002 612 5098 sine
633 5035 728 5098 his
752 5002 1073 5115 separatim
1116 5047 1187 5091 ex
1219 5026 1378 5102 cibo,
1414 5030 1678 5105 potuque
1708 5002 2055 5092 immodico,
2090 5027 2147 5082 et
2229 5013 2527 5112 eveniant,
2563 5017 2620 5071 et
2654 5008 2976 5110 quomodo,
3013 5014 3071 5069 et
3098 5027 3133 5069 a
3180 5007 3418 5115 quibus,
3475 5004 3695 5086 quique
3725 5002 3889 5115 vetuli

474 5142 549 5189 ex
575 5093 1040 5205 intemperantia
1059 5093 1724 5205 immutatio-sequitur,
1753 5108 2146 5205 Praetereaex
2228 5100 2651 5202 cogitationum
2682 5098 2930 5199 spirent,
2966 5105 3023 5159 et
3052 5116 3126 5205 ei:
3151 5095 3365 5197 quibus
3378 5112 3708 5205 ‘pravarjum
3735 5093 3884 5155 atl'e-

475 5183 956 5290 mult—onsdmno,
1016 5224 1084 5269 ac
1144 5203 1375 5277 labore,
1426 5183 1537 5262 aut
1575 5197 1814 5280 pigritia
1842 5197 2134 5278 corporis.
2228 5189 3061 5290 ctionumttentationumque
3092 5186 3338 5290 ﬂpmina
3361 5183 3748 5259 descendant,
3782 5191 3889 5244 aut

477 5301 736 5365 Rursum
766 5299 880 5361 alia
909 5285 1020 5374 est,
1053 5292 1211 5376 quod
1245 5310 1315 5353 ex
1346 5289 1473 5371 ipsa
1505 5285 1890 5349 concretione
1918 5304 2135 5376 corpo-

475 5389 581 5467 ris,
617 5397 679 5452 et
706 5388 904 5453 calore
938 5374 1191 5448 naturali
1224 5376 1572 5462 producitur
1601 5376 1899 5467 fumosum
1931 5374 2137 5437 incen-

477 5463 665 5556 dium,
695 5477 860 5543 velut
886 5475 960 5538 ab
991 5490 1144 5555 aqua
1171 5468 1484 5533 exstinctis
1542 5463 1926 5543 carbonibus,
1979 5466 2135 5556 quod

477 5564 625 5630 alias
647 5552 830 5649 caput
856 5552 1246 5644 solum—petit,
1305 5556 1451 5623 alias
1483 5562 1608 5619 toto
1641 5572 1709 5618 se
1737 5570 1987 5635 corpore
2015 5552 2135 5616 dif-

574 5754 633 5807 Π
668 5752 819 5821 Gen.
850 5771 930 5835 Iv,
964 5755 1025 5821 1.

2221 5274 2669 5364 superveniant,
2693 5277 3031 5357 intelligere
3056 5274 3370 5354 debemus,
3399 5283 3461 5337 ut
3484 5275 3729 5337 domum
3752 5271 3884 5333 ani-

2221 5361 2337 5434 ma:
2367 5378 2489 5432 tuto
2520 5369 2856 5445 ﬁrmemus,
2889 5375 2948 5428 et
2977 5366 3196 5445 navigii
3230 5368 3460 5429 clavum
3482 5364 3640 5428 bene
3669 5361 3884 5425 mode-

2219 5478 2427 5525 remur
2448 5478 2525 5521 ne
2546 5458 2694 5521 artis
2717 5456 3003 5538 imperiti,
3026 5465 3353 5538 naturaque
3373 5454 3672 5517 inhabiles
3687 5452 3886 5534 ipsum

2220 5567 2528 5616 versemus
2560 5566 2575 5612 :
2612 5566 2869 5629 quorum
2900 5545 3302 5627 cognitionem
3334 5547 3453 5610 vita
3489 5543 3755 5609 studiose
3785 5559 3886 5604 se-
