4160 6420
324 329 438 394 401

1787 335 2071 400 ORATIO
2115 336 2278 398 XIX.

3607 308 3730 386 402

324 465 587 528 cundum
618 468 882 547 regulam
936 479 1221 551 perpetuo
1276 478 1406 532 acta
1455 469 1817 550 suppeditat.
1856 464 1980 528 Sibi
2001 474 2042 522 Α
2066 466 2233 544 pias;
2267 461 2647 526 sedarculam
2671 458 2917 551 quidem
2944 458 3724 551 obsignatam,_t_nag_n0ql_192

322 554 482 614 enim
515 554 625 636 ipsi
661 559 983 620 terminum
1015 578 1081 621 ac
1131 571 1330 640 typum
1363 578 1586 640 ponere
1619 560 1980 621 monachum

319 652 577 722 oportet,
618 655 676 707 et
710 647 866 709 scire
895 669 1011 730 quo
1048 659 1218 727 pacto
1250 649 1468 729 singuli
1497 650 1628 710 dies
1660 646 1984 730 peragendi

319 732 462 807 sint,
500 743 560 795 ut
579 737 945 798 curriculum
969 739 1201 800 virtntis
1222 739 1494 820 expedite
1517 747 1693 820 queat
1714 755 1979 808 currere,

319 830 377 884 et
413 842 488 884 ne
519 844 627 904 per
656 827 948 888 inscitiam
999 846 1208 889 cursus
1260 829 1388 909 ejus
1443 829 1831 910 impediatur.
1886 826 1984 886 Sic

320 909 497 973 etiam
531 913 646 974 sibi
677 916 831 976 viam
865 917 1096 980 virtutis
1119 936 1399 995 aSperam
1425 917 1600 978 simul
1636 925 1694 978 et
1723 915 1982 978 laborio-

319 1017 446 1062 sam
475 1004 882 1084 complanabit
909 1028 920 1068 :
945 1026 1079 1068 cum
1109 1007 1393 1068 nimirum
1418 1007 1710 1082 habitum,
1740 1023 1993 1068 consue-

321 1091 710 1174 tudinemque
727 1105 886 1156 recte
905 1096 1160 1157 faciendi
1186 1096 1550 1176 acquisierit,
1566 1103 1623 1156 et
1641 1094 1982 1176 proficiens,

321 1183 823 1265 ascensionesque
881 1186 941 1247 in
993 1187 1172 1248 corde
1245 1205 1352 1246 suo
1401 1185 1748 1266 disponens,
1805 1193 1864 1246 et
1917 1202 1983 1244 ex

328 1270 523 1350 parvis
552 1271 624 1332 ad
655 1275 881 1354 majora
913 1275 1386 1356 perfectioraque
1444 1293 1508 1337 se
1554 1275 1833 1337 attollens
1860 1272 1983 1334 Deo

327 1358 609 1438 placebit,
645 1361 1058 1445 dictorumque
1121 1383 1154 1425 a
1201 1364 1374 1426 nobis
1417 1365 1683 1426 omnium
1715 1363 1981 1424 notitiam

324 1447 569 1510 habebit
595 1451 650 1500 ¹8
678 1500 693 1527 ,
730 1459 787 1513 et
819 1453 1136 1514 multorum
1160 1453 1411 1514 aliorum
1446 1453 1726 1533 magister
1754 1452 1977 1527 audiet,

321 1554 630 1612 sermone,
667 1547 723 1600 et
754 1559 983 1601 morum
1019 1541 1360 1603 innocentia
1402 1561 1503 1604 eos
1535 1540 1801 1622 quicum
1851 1541 1981 1621 ipso

318 1626 722 1689 versabuntur
749 1629 1124 1705 illuminans,
1160 1638 1221 1691 ut
1241 1631 1339 1711 qui
1364 1631 1538 1692 etiam
1564 1631 1690 1710 ipse
1722 1630 1983 1710 desuper

323 1715 690 1778 illuminatus
720 1717 834 1793 sit;
870 1727 928 1781 et
952 1719 1242 1799 profunda
1263 1720 1536 1782 revelans
1561 1719 1677 1799 his,
1709 1719 1811 1800 qui
1844 1737 1974 1779 cum

326 1803 627 1867 desiderio
658 1781 933 1887 quairunt
950 1781 1184 1870 discere
1209 1809 1502 1889 profunda
1531 1781 1773 1886 spiritds
1791 1809 1848 1858 19
1874 1855 1888 1882 ,
1915 1808 1976 1868 in
2003 1781 2038 1828 Β

330 1893 557 1956 Christo
585 1895 747 1964 Jesu,
784 1896 1036 1959 Domino
1071 1905 1296 1972 nostro,
1332 1898 1426 1960 cui
1456 1897 1663 1978 gloria,
1696 1906 1754 1958 et
1782 1897 1977 1978 impe-

334 1983 487 2044 rium
519 2003 642 2045 cum
667 1985 856 2062 Patre,
883 1995 940 2048 et
959 1997 1164 2049 sancto
1190 1986 1410 2068 Spiritu
1437 2007 1595 2050 nunc
1617 1987 1748 2049 etin
1767 1987 1981 2049 saecula

335 2073 701 2136 saeculorum.
738 2076 953 2140 Amen.

909 2178 1180 2244 ORATiO
1238 2179 1388 2244 XIX.

942 2270 1378 2332 ARGUMENTUM.

333 2363 426 2448 De
442 2368 780 2442 cognitione
801 2368 1113 2448 spirituati
1136 2386 1154 2430 :
1182 2376 1238 2431 et
1260 2369 1603 2432 thesaurum
1627 2369 1884 2448 spiritus
1911 2369 1978 2428 in

405 2443 605 2506 littera
624 2443 977 2510 sanctarum
1014 2450 1485 2528 Scripturarum
1527 2443 1970 2522 absconditum,

404 2542 526 2586 non
549 2529 852 2600 omnibus,
897 2547 1246 2609 quanquam
1269 2528 1650 2610 cupientibus
1677 2529 1976 2610 manifes-

407 2613 533 2666 tum
555 2625 681 2669 esse
707 2629 721 2668 :
749 2609 1624 2690 sexfpossidentibusduntamt
1650 2609 1848 2683 illum,
1872 2613 1977 2688 qui

401 2704 643 2748 sensum
672 2690 751 2750 ad
775 2689 1128 2770 Scripturas
1152 2691 1586 2772 intelligendas
1616 2693 1837 2769 ape-rit.

403 2792 735 2872 Spiritualis
765 2796 1045 2876 cognitio,
1083 2797 1316 2872 fratres,
1373 2797 1631 2878 cuipiam
1679 2797 1884 2859 domui
1917 2797 1980 2857 in

330 2882 528 2943 medio
562 2885 897 2962 mundanze,
935 2894 993 2947 et
1022 2886 1262 2964 gentilis
1289 2885 1643 2965 cognitionis
1671 2887 1979 2948 aedificatae

331 2971 544 3034 similis
567 2983 659 3035 est
685 2995 698 3034 :
730 2975 916 3056 inqua
933 2975 1131 3050 domo,
1149 2976 1305 3036 velut
1323 2975 1669 3036 scriniolum
1693 2975 1974 3049 solidum,

325 3069 385 3122 et
409 3065 840 3126 communitum
891 3072 948 3127 et
1003 3064 1258 3144 cognitio
1312 3083 1346 3126 a
1389 3064 1508 3160 Dee
1560 3064 2041 3160 inspiratarumc

330 3150 792 3233 Scripturarum,
831 3163 888 3214 et
920 3153 1282 3228 divitiarum,
1322 3173 1453 3234 quae
1476 3152 1537 3214 in
1561 3171 1629 3214 eo
1652 3153 1980 3233 inexplica-

329 3238 508 3311 biles,
535 3242 721 3304 instar
743 3243 1006 3304 thesauri
1024 3245 1228 3323 jacent
1249 3243 1572 3304 reconditae
1595 3259 1609 3304 :
1636 3260 1838 3322 quem,
1883 3246 1985 3323 qui

329 3328 573 3392 domum
606 3331 1046 3412 ingrediuntur,
1073 3333 1274 3394 videre
1298 3338 1624 3414 nequeunt,
1647 3331 1763 3391 nisi
1783 3333 1986 3395 arcula

328 3419 448 3480 illis
477 3421 713 3499 penitus
734 3431 1060 3496 reseretur;
1079 3440 1252 3503 quam
1269 3430 1467 3482 tamun
1484 3423 1739 3482 humana
1752 3421 1986 3501 sapien-

339 3504 418 3564 tia
446 3524 718 3567 reserare
769 3527 1071 3591 nunquam
1118 3509 1374 3570 valebit.’
1405 3509 1695 3582 Quocirca
1743 3509 1986 3589 spiritus

344 3611 488 3672 opes
521 3593 579 3654 in
615 3614 679 3656 ea
707 3597 997 3678 reposita},
1056 3598 1399 3660 mortalibus
1450 3597 1740 3661 universis
1769 3599 1985 3676 ignotae

345 3693 604 3746 manent.
636 3684 704 3745 Et
729 3688 1254 3767 quemadmodum,
1303 3688 1442 3750 licet
1487 3690 1676 3768 ipsam
1721 3688 1985 3750 arculam

343 3780 518 3834 totam
550 3775 812 3839 humeris
833 3782 956 3840 suis
1003 3779 1342 3860 impositam
1369 3781 1502 3861 quis
1536 3781 1707 3856 ferat,
1729 3779 1983 3840 locatum

341 3861 399 3922 in
421 3880 491 3926 ea
515 3867 855 3928 thesaurum
883 3869 1150 3947 ignorat:
1182 3870 1292 3945 sic,
1311 3870 1798 3950 etsiquisomnes
1819 3866 1984 3930 Scri-

336 3962 540 4032 pturas
571 3956 804 4033 legerit,
840 3967 897 4019 et
927 3959 984 4019 in
1012 3968 1252 4040 pectore
1282 3959 1710 4033 recondiderit,
1737 3968 1795 4020 et
1816 3956 1986 4039 quasi

332 4062 516 4105 unum
554 4047 848 4126 psalmum
879 4067 978 4109 eas
1006 4052 1262 4111 recitare
1314 4068 1382 4111 ex
1439 4049 1728 4111 memoria
1779 4045 1984 4128 possit,

329 4138 742 4201 absconditum
776 4141 1163 4204 nihilominus
1188 4143 1247 4204 in
1271 4145 1473 4205 arcula
1503 4142 1693 4204 sancti
1733 4140 1990 4221 Spiritus

332 4228 558 4290 donum
601 4231 812 4294 nescit.
830 4231 1032 4313 Neque
1055 4233 1214 4295 enim
1232 4253 1338 4313 per
1362 4235 1624 4294 arculam
1641 4231 1989 4312 quaeinsunt

2068 541 2126 614 et
2161 553 2444 634 opulento
2494 541 2770 613 thesauro
2815 550 3122 624 refertam,
3176 544 3439 626 quandiu
3491 543 3553 605 in
3604 541 3724 604 vita

2069 641 2482 723 commoraris,
2517 640 2926 716 circumferas,
2962 647 3022 699 ut
3082 636 3363 710 diximus,
3416 643 3478 696 tu
3519 640 3726 723 autem

2068 732 2196 812 ipse
2227 720 2660 806 interea-fame,
2695 729 2818 805 siti,
2853 727 3120 790 nuditate
3141 724 3427 788 crucieris
3448 723 3480 784 ‘l
3518 720 3728 812 Nullus

2070 811 2246 902 plane
2277 822 2509 902 opinor.
2540 820 2654 882 Ista
2686 819 2854 900 mihi,
2879 818 3064 880 frater
3085 816 3189 898 mi,
3223 815 3402 878 etiam
3434 813 3509 875 de
3539 811 3728 892 spiri-

2076 911 2334 972 tualiuus
2364 911 2576 991 cogita,
2611 919 2668 972 et
2697 909 2915 970 arculze
2937 907 3180 969 nomine
3204 904 3421 970 Christi
3441 903 3725 983 Evange-

2074 1000 2242 1076 lium,
2276 1007 2640 1082 caeterasque
2671 997 3002 1079 Scripturas
3023 996 3310 1075 intellige,
3339 993 3632 1056 habentes
3661 993 3726 1054 in

2071 1108 2137 1152 se
2169 1090 2532 1164 conclusam,
2557 1096 2616 1150 et
2656 1088 2941 1167 signatam
2977 1086 3157 1149 vitam
3181 1090 3726 1160 aeternam,.etcum

2071 1181 2278 1242 eadem
2313 1200 2444 1262 qua:
2470 1179 2531 1241 in
2554 1179 2654 1241 illa
2671 1187 2827 1254 sunt,
2855 1177 3034 1240 nullis
3073 1173 3462 1258 exprimenda
3497 1171 3720 1248 verbis,

2068 1289 2316 1352 quaeque
2349 1270 2538 1330 oculis
2563 1268 2869 1350 corporeis
2892 1286 3011 1329 non
3032 1273 3359 1329 cernuntur
3376 1263 3533 1352 bona
3555 1269 3727 1325 aeter-

2065 1378 2161 1434 na,
2190 1359 2521 1421 secundum
2546 1357 2785 1420 Domini
2806 1373 3034 1419 vocem:
3051 1354 3432 1418 Scrutamini
3447 1351 3727 1432 Scriptu-

2065 1467 2188 1522 ras,
2214 1449 2505 1528 quoniam
2525 1449 2589 1510 in
2617 1449 2766 1528 ipsis
2789 1453 2874 1510 est
2897 1448 3022 1510 vita
3043 1452 3278 1509 wtema
3297 1443 3379 1508 90.
3404 1441 3722 1506 Hominem

2065 1561 2265 1623 porro,
2296 1542 2398 1623 qui
2417 1541 2755 1604 arculamin
2781 1542 3065 1603 humeros
3094 1539 3353 1615 sustulit,
3378 1555 3533 1619 pone
3555 1535 3723 1597 illum

2064 1649 2218 1704 esse,
2241 1631 2344 1712 qui
2367 1629 2708 1711 Scripturas
2739 1648 2945 1692 omnes
2975 1628 3230 1691 reddere
3278 1633 3454 1708 queat
3485 1643 3556 1687 ex
3587 1644 3723 1688 me-

2064 1721 2274 1802 moria,
2307 1727 2367 1782 et
2397 1722 2456 1782 in
2491 1738 2594 1782 ore
2626 1738 2726 1782 eas
2755 1737 2993 1800 semper
3017 1717 3252 1780 habeat.
3289 1717 3403 1780 Eas
3431 1716 3633 1797 itaque
3661 1713 3724 1775 in

2063 1809 2264 1870 arcula
2283 1808 2615 1870 memoriali
2639 1807 2875 1882 animae,
2905 1807 3180 1869 mandata
3209 1807 3318 1869 Dei
3343 1813 3405 1868 ut
3430 1803 3726 1886 pretiosos

2064 1897 2352 1979 quosdam
2409 1897 2636 1978 lapides
2693 1897 3062 1970 continente,
3123 1896 3186 1957 in
3244 1895 3462 1978 quibus
3492 1891 3728 1956 estvita

2062 1993 2286 2049 aterna
2310 1985 2512 2066 (verba
2534 1987 2694 2048 enim
2720 1985 2939 2049 Christi
2968 1987 3069 2047 lux
3094 1993 3152 2047 et
3173 1986 3288 2048 vita
3309 1994 3447 2048 sunt
3465 1991 3528 2045 ut
3559 1979 3721 2042 idem

2063 2077 2192 2158 ipse
2225 2076 2368 2138 ait21
2401 2125 2416 2152 ,
2453 2083 2509 2136 et
2537 2078 2636 2157 qui
2673 2094 2791 2137 non
2836 2075 3030 2138 credit
3076 2074 3139 2136 in
3168 2074 3387 2137 Filium
3438 2074 3573 2150 Dei,
3606 2092 3728 2138 non

2062 2165 2285 2228 videbit
2313 2165 2517 2247 vitam)
2547 2173 2840 2246 apportat.
2877 2167 3023 2230 Cum
3049 2164 3349 2228 mandatis
3380 2173 3581 2228 autem
3613 2166 3728 2228 vir-

2063 2263 2233 2335 tutes,
2273 2263 2334 2315 ut
2363 2256 2707 2335 margaritas
2753 2255 3061 2336 quasdam,
3124 2271 3159 2317 a
3206 2253 3504 2316 mandatis
3560 2256 3722 2318 enim

2059 2345 2326 2421 virtutes,
2347 2344 2408 2404 in
2421 2344 3073 2425 quibusmysteriorum
3097 2347 3156 2405 in
3173 2343 3722 2428 litteralatentium,

2063 2440 2122 2492 et
2153 2431 2561 2494 obvelatorum
2593 2433 2903 2495 revelatio.
2959 2432 3323 2495 Factitandis
3355 2433 3516 2494 enim
3551 2452 3726 2496 man-

2059 2523 2212 2584 datis
2242 2525 2485 2585 virtutes
2534 2531 2940 2587 exercentur:
3001 2523 3319 2585 virtutibus
3365 2524 3730 2587 exercendis

2061 2613 2340 2673 mandata
2367 2612 2716 2693 implentur.
2743 2613 2939 2692 Atque
2965 2615 3045 2675 ita
3069 2632 3174 2694 per
3196 2615 3320 2676 haec
3338 2613 3514 2675 nobis
3539 2614 3737 2694 janua

2062 2701 2418 2781 cognitionis
2447 2702 2758 2778 aperitur;
2798 2703 2918 2764 imo
2972 2721 3109 2765 vero
3143 2722 3263 2765 non
3294 2721 3401 2785 per
3430 2703 3581 2783 haec,
3617 2704 3724 2769 sed

2065 2809 2170 2872 per
2201 2809 2339 2853 eum
2373 2792 2473 2872 qui
2505 2791 2651 2854 dixit
2682 2814 2695 2852 :
2740 2794 2862 2868 Qui
2889 2809 2985 2855 me
3005 2793 3232 2873 diligit,
3268 2795 3563 2858 mandata
3594 2811 3731 2856 mea

2061 2881 2349 2962 servabit,
2386 2887 2444 2944 et
2477 2883 2660 2944 Pater
2692 2900 2859 2945 meus
2888 2881 3103 2963 diliget
3122 2901 3282 2959 eum,
3310 2889 3369 2948 et
3396 2902 3502 2967 ego
3518 2885 3727 2946 mani-

2064 2971 2293 3048 festabo
2325 2972 2384 3032 ei
2407 2971 2778 3052 meipsum”
2811 3022 2824 3035 .

2145 3059 2206 3120 Si
2237 3077 2376 3139 ergo
2420 3060 2792 3137 habitaverit,
2849 3068 2908 3124 et
2962 3061 3354 3125 ambulaverit
3404 3063 3562 3126 inter
3611 3081 3722 3126 nos

2073 3151 2248 3224 Deus,
2285 3158 2342 3210 et
2362 3149 2491 3231 ipse
2519 3151 2789 3230 seipsum
2834 3151 3008 3214 nobis
3040 3153 3199 3215 clare
3233 3153 3723 3230 manifestaverit,

2071 3248 2208 3299 tunc
2238 3257 2366 3319 quae
2397 3240 2459 3300 in
2487 3241 2709 3316 arcula,
2767 3241 2826 3303 id
2881 3248 2990 3316 est,
3059 3243 3116 3302 in
3147 3241 3364 3304 divinis
3395 3243 3729 3323 Scripturis

2067 3327 2415 3390 abscondita
2428 3336 2565 3391 sunt
2579 3330 2876 3410 mysteria,
2895 3333 3313 3411 cognoscendo
3330 3333 3719 3397 intuebimur:

2068 3417 2245 3480 aliter
2260 3417 2345 3478 fas
2365 3437 2484 3478 non
2511 3426 2620 3481 est.
2655 3419 2840 3482 Nemo
2865 3428 3043 3497 erret,
3072 3421 3241 3502 quasi
3285 3421 3342 3483 ei
3381 3423 3585 3484 arcula
3615 3441 3720 3485 co-

2067 3506 2351 3585 gnitionis
2379 3517 2580 3590 aperta
2611 3509 2705 3587 sit,
2741 3517 2801 3572 et
2845 3509 3021 3572 bonis
3062 3529 3193 3593 qua».
3221 3511 3283 3572 in
3315 3529 3386 3573 ea
3414 3519 3550 3574 sunt
3584 3531 3726 3593 per-

2068 3596 2334 3672 fruatur;
2366 3605 2468 3658 aut
2496 3615 2701 3658 eorum
2733 3599 2809 3660 sit
2857 3600 3176 3681 particeps,
3226 3619 3414 3681 eaque
3444 3601 3722 3682 aspiciat.

2068 3684 2339 3757 Qualium
2371 3704 2536 3760 vero,
2572 3706 2944 3768 quorumque
2974 3691 3214 3767 hornm,
3245 3691 3495 3753 obsecro
3519 3690 3550 3751 ε)
3585 3709 3729 3772 per-

2069 3775 2236 3836 fectae
2258 3776 2560 3838 charitatis
2582 3796 2721 3857 erga
2741 3777 2955 3855 Deum,
2981 3787 3039 3842 et
3070 3781 3432 3861 proximum.
3451 3781 3733 3844 Contem-

2072 3874 2204 3944 ptus
2227 3885 2434 3928 eorum
2454 3886 2585 3948 quze
2604 3868 2882 3930 videntur
2905 3869 3209 3947 omnium;
3247 3871 3727 3935 mortiﬁcationis

2071 3955 2288 4028 carnis,
2325 3964 2382 4017 et
2411 3956 2817 4018 membrorum
2847 3960 2998 4038 ejus,
3042 3978 3175 4041 quae
3222 3967 3360 4021 sunt
3389 3978 3571 4041 super
3600 3969 3728 4024 ter-

2074 4062 2221 4117 ram,
2249 4063 2434 4126 usque
2456 4046 2528 4106 ad
2555 4047 2768 4108 malam
2787 4047 3174 4129 cupiditatem
3195 4049 3253 4099 93
3282 4071 3295 4108 :
3329 4057 3394 4111 ut
3422 4051 3722 4132 quomodo

2076 4140 2341 4194 mortuus
2371 4135 2608 4215 penitus
2641 4155 2752 4198 nec
2799 4138 3034 4219 cogitat,
3088 4157 3200 4200 nec
3250 4139 3434 4202 sentit
3484 4140 3734 4220 aliquid,

2072 4222 2152 4282 ita
2182 4230 2240 4283 et
2263 4242 2368 4284 nos
2389 4223 2505 4304 ipsi
2537 4226 2757 4287 nullam
2791 4227 3208 4304 cogitationem
3240 4226 3530 4309 improbae
3556 4228 3732 4309 cupi-

327 4317 387 4378 in
420 4320 638 4394 arcula,
677 4339 870 4402 neque
897 4311 1007 4403 per
1036 4311 1406 4403 Scripturam
1439 4341 1570 4403 quae
1591 4311 1730 4382 sunt
1752 4320 1813 4381 in
1837 4320 1992 4382 Scri-
2017 4387 2053 4403 ἢ
2074 4311 2294 4403 dilatis,
2329 4322 2429 4374 aut
2470 4333 2680 4376 sensus
2736 4335 2870 4378 cum
2933 4317 3378 4396 perturbatione
3429 4319 3738 4399 conjuncti

331 4415 525 4487 ptura,
562 4387 912 4472 notescunt.‘
949 4411 1104 4473 Audi
1163 4387 1415 4492 quanam
1457 4387 1722 4472 ratione.
1778 4408 1987 4472 Cernis
2013 4387 2055 4436 θ
2073 4402 2320 4492 omnino
2347 4423 2606 4484 unqmm
2651 4405 3090 4487 concipiamus;
3133 4416 3234 4469 aut
3263 4407 3582 4489 tyrannicae
3615 4417 3738 4470 tur-

326 4517 522 4560 arcam
547 4501 868 4579 parvulam,
898 4501 1052 4563 bene
1070 4501 1333 4562 clausam
1359 4501 1641 4580 undique,
1663 4507 1984 4579 quantum-

326 4606 439 4667 que
467 4608 535 4650 ex
560 4589 691 4669 ejus
716 4589 1002 4670 pondere,
1031 4598 1090 4652 et
1113 4590 1409 4654 exteriore
1445 4589 1736 4666 elegantia
1757 4586 1988 4666 colligis

331 4681 453 4756 (aut
480 4678 748 4740 forsitam
772 4679 949 4740 etiam
993 4680 1066 4741 ab
1100 4680 1234 4742 aliis
1268 4679 1564 4759 audivisti)
1619 4678 1818 4741 credis
1850 4677 1984 4738 the-

329 4784 571 4837 saurum
621 4767 778 4828 intus
803 4768 988 4830 latere
1022 4790 1034 4829 :
1073 4788 1187 4850 qua
1209 4769 1388 4830 etiam
1416 4768 1665 4848 sublata,
1703 4767 1990 4850 festinang

333 4864 424 4916 ter
453 4855 744 4919 ambulas.
780 4855 964 4918 Narra
1005 4858 1185 4937 igitur
1215 4858 1384 4938 mihi,
1419 4859 1558 4937 quid
1611 4857 1903 4939 proderit,
1940 4849 1988 4916 si

329 4944 720 5023 obsignatam,
751 4953 811 5006 et
833 4945 1090 5007 clausam
1116 4947 1308 5027 ipsam
1350 4949 1536 5008 solam
1586 4946 1645 5007 in
1683 4945 1848 5006 omni
1875 4944 1993 5005 vita

329 5033 736 5108 circumferas,
774 5053 885 5095 nec
931 5035 1188 5115 aperias,
1244 5053 1356 5095 nec
1411 5034 1731 5116 aliquando
1762 5032 1986 5093 ibidem

328 5123 654 5202 repositum
688 5123 1034 5184 thesaurum
1078 5122 1415 5204 inspicias?
1462 5125 1508 5184 si
1552 5121 1889 5202 lapillorum
1923 5120 1983 5180 in

329 5231 399 5272 ea
428 5211 739 5291 fulgorem,
779 5212 1232 5290 margaritarum
1259 5211 1610 5282 claritatem,
1640 5209 1769 5271 auri
1801 5227 1980 5270 coru—

329 5321 493 5363 scum
527 5303 908 5383 splendorem
943 5321 1060 5362 non
1092 5302 1292 5364 videas
1315 5302 1344 5361 ‘?
1375 5301 1514 5373 Quis
1540 5301 1785 5380 fructus,
1810 5298 1976 5360 sidi-

330 5409 482 5470 gnns
504 5410 621 5452 non
669 5391 771 5467 sis,
817 5391 917 5472 qui
950 5409 1019 5452 ex
1051 5391 1120 5452 iis
1156 5392 1248 5455 vel
1282 5390 1604 5472 pauxillum
1633 5389 1888 5465 auferas,
1924 5395 1982 5449 et

331 5482 473 5543 inde
504 5480 581 5543 ad
611 5479 830 5543 victum
852 5478 1201 5543 vestitumve
1222 5479 1446 5563 aliquid
1471 5479 1770 5542 commodi
1795 5479 1980 5560 perci-

417 5613 469 5657 18
497 5613 655 5678 Psal.
691 5631 947 5692 Lxxxnl,
983 5617 1042 5678 6.

333 5695 484 5761 loss.
519 5713 604 5759 Ill.
643 5696 702 5758 5.
788 5696 852 5748 Ἄ
880 5699 1057 5763 Rom.
1093 5713 1226 5774 vm,
1279 5699 1372 5761 17.

2071 4490 2323 4552 bationis
2339 4494 2558 4554 malum
2576 4495 2981 4575 experiamur,
2997 4505 3052 4557 et
3069 4504 3292 4558 tantum
3314 4496 3734 4558 mandatorum

2074 4579 2391 4642 Salvatoris
2415 4601 2711 4644 memores
2734 4588 2944 4646 simus.
2971 4585 3223 4666 Insuper
3243 4586 3730 4669 immortalitatis,

2068 4669 2557 4750 incorruptionis,
2594 4680 2832 4734 aeternae
2880 4673 3102 4754 glorize,
3160 4674 3292 4736 vitae
3324 4675 3729 4755 sempiternae,

2075 4761 2241 4838 regni
2291 4761 2599 4838 ccelorum,
2660 4763 2993 4845 adoptionis
3053 4781 3158 4844 per
3212 4764 3730 4843 regenerationem

2073 4849 2261 4911 sancti
2295 4848 2573 4933 Spiritus,
2609 4860 2667 4914 et
2695 4860 2760 4913 ut
2814 4871 2920 4933 per
2948 4853 3358 4933 adoptionem,
3395 4861 3455 4914 et
3480 4853 3731 4933 gratiam

2073 4939 2154 5000 dii
2188 4938 2420 5014 fiamus,
2451 4959 2848 5022 vocemurque
2888 4943 3158 5004 bzeredes
3209 4941 3338 5024 Dei,
3390 4943 3736 5008 cohaeredes

2074 5037 2270 5090 autem
2307 5027 2529 5094 Christi
2553 5030 2617 5081 24
2639 5082 2654 5108 ,
2707 5039 2766 5094 et
2798 5051 2913 5093 una
2944 5051 3079 5095 cum
3112 5032 3206 5095 his
3239 5032 3459 5097 Christi
3489 5051 3735 5096 sensum

2073 5120 2512 5200 possideamus,
2549 5141 2654 5204 per
2678 5142 2856 5205 quem
2885 5123 3101 5200 Deum,
3127 5132 3186 5186 et
3215 5125 3511 5189 Christum
3538 5126 3741 5206 ipsum

2077 5210 2408 5272 secundum
2442 5211 2809 5274 divinitatem
2855 5212 3013 5274 inter
3074 5232 3184 5276 nos
3239 5213 3633 5289 habitantem,
3681 5222 3743 5277 et

2074 5299 2478 5362 ambulantem
2509 5301 2834 5378 videamus,
2862 5309 2920 5364 et
2940 5321 3395 5382 cognoscamus.
3430 5303 3536 5366 His
3554 5303 3740 5384 igitur

2069 5389 2372 5466 omnibus,
2408 5398 2465 5453 et
2495 5391 2588 5454 his
2621 5393 2973 5473 majoribus,
3009 5403 3177 5474 [quae
3221 5393 3420 5456 verbis
3465 5411 3747 5476 compre-

2066 5479 2253 5542 hendi
2283 5488 2341 5542 et
2369 5481 2655 5563 explicari
2679 5490 3010 5564 nequeunt,
3047 5483 3323 5547 mandata
3343 5483 3454 5548 Dei
3476 5483 3734 5547 audien-

1135 5615 1237 5678 191
1268 5615 1403 5702 ῼρτ.
1439 5614 1636 5691 11,10.
1721 5612 1785 5665 20
1810 5610 1986 5678 Joan.
2019 5633 2080 5694 ν,
2114 5616 2216 5680 39.
2303 5615 2562 5683 21Joan.
2598 5635 2683 5702 v1,
2718 5619 2818 5684 64.
2911 5619 2974 5671 22
2998 5618 3170 5687 Joan.
3198 5637 3318 5698 xxv,
3350 5619 3452 5684 3t.
3537 5618 3594 5664 33
3623 5618 3744 5686 Co-
