4160 6420
469 293 592 364 403

1778 291 2161 363 SYMEONIS
2200 291 2555 362 JUNIORIS

3753 299 3871 366 404

467 439 584 510 tes,
617 451 809 516 eaque
840 431 1249 498 custodientes
1278 451 1348 496 ac
1377 431 1692 510 facientes,
1729 452 1838 516 per
1863 439 2131 516 apertam
2152 450 2194 490 Α
2215 449 2332 513 que
2362 432 2426 494 in
2455 432 2604 514 ipsis
2628 440 2720 496 est
2767 434 3014 513 gloriam
3058 434 3308 516 mystice
3353 435 3870 497 demoustrantem

467 541 696 599 arcam,
721 523 797 586 de
820 543 940 606 qua
971 523 1153 586 locuti
1189 541 1419 599 sumus,
1457 522 1516 585 id
1549 530 1661 606 est,
1695 543 1803 604 per
1823 523 2132 586 revelatio-

469 633 613 678 nem
642 612 1109 692 intelligibilium
1165 613 1497 690 oculorum,
1544 612 1761 675 intuitu
1816 613 1877 676 in
1931 613 2131 674 divina

472 703 1110 786 Scripturalatentium
1137 701 1301 782 digni
1343 701 1664 776 habentur,
1695 710 1753 764 et
1782 702 1855 764 iis
1883 701 2130 782 largiter

469 793 769 857 fruuntur.
800 792 1012 855 Crateri
1032 792 1232 855 omnia
1261 811 1392 874 quae
1434 792 1656 874 scripta
1687 800 1825 854 sunt
1853 793 2128 874 imperite

470 882 835 959 nescientes,
853 901 1057 945 eorum
1071 881 1447 946 dulcedinem
1464 881 1639 944 vitam
1662 890 1946 944 aeternam
1959 901 2126 943 com-

472 974 830 1056 plectentem
883 992 1002 1034 non
1059 979 1459 1052 gustaverunt,
1513 972 1626 1034 soli
1686 969 2125 1052 Scripturarum

471 1062 759 1127 doctrinae
777 1061 1124 1143 innitentes,
1139 1081 1288 1144 quos
1310 1061 1439 1144 ipsa
1459 1061 1520 1122 in
1543 1061 1726 1143 exitu,
1754 1065 2123 1143 magisquam

473 1172 577 1216 eos
599 1152 701 1234 qui
726 1151 968 1214 omnino
991 1170 1110 1213 non
1136 1151 1476 1226 audierunt,
1505 1151 1868 1232 judicatura,
1897 1159 1954 1212 et
1976 1171 2123 1214 con-

472 1243 827 1306 damnatura
854 1248 964 1304 est.
998 1239 1082 1303 Ex
1111 1240 1207 1304 his
1231 1244 1390 1303 enim
1412 1241 1652 1322 quidam
1678 1249 1968 1316 errantes,
2003 1259 2126 1302 om-

471 1351 581 1395 nes
610 1332 838 1394 divinas
896 1329 1233 1412 Scripturas
1265 1337 1628 1412 pervertunt,
1665 1349 1765 1393 eas
1795 1331 2126 1393 secundum

472 1439 680 1504 pravas
708 1421 972 1503 ipsorum
1023 1419 1379 1502 cupiditates
1424 1419 1914 1501 interpretantes,
1957 1439 2127 1482 com—

473 1510 760 1574 mendare
789 1511 1054 1573 volentes
1086 1509 1316 1593 seipsos
1343 1530 1360 1588 ;
1416 1510 1587 1590 quasi
1634 1510 1916 1572 nimirum
1949 1511 2126 1572 etiam

471 1600 603 1664 sine
650 1609 926 1664 accurata
975 1599 1388 1662 mendatorum
1420 1598 1670 1676 ,Christi
1716 1598 2129 1662 observatione

2211 521 2510 585 habuerit.
2546 527 2756 604 Neque
2779 523 2891 586 hoc
2913 525 3132 605 solum,
3157 525 3261 586 sed
3289 525 3464 587 etiam
3489 525 3547 586 in
3569 524 3662 586 his
3685 526 3873 586 laten-

2211 613 2313 687 tia,
2350 621 2407 674 et
2433 619 2663 677 aeterna
2694 614 2799 678 Dei
2831 613 3006 685 bona,
3042 633 3175 676 cum
3208 613 3340 700 ipsa
3368 615 3494 677 haec
3525 614 3870 678 effundente

2209 701 2440 764 Deitate
2458 704 2848 767 revelantem:
2875 723 3005 786 quae
3025 704 3306 767 omnibus
3329 704 3866 785 eontemptoribus,

2213 801 2270 854 et
2299 794 2834 873 negligentioribus
2883 803 3088 876 operta
3119 803 3180 858 et
3209 795 3463 858 obscura
3495 802 3636 859 sunt
3665 796 3866 858 omni-

2212 881 2428 944 modis.
2459 882 2580 946 Nec
2617 884 2856 964 injuria.
2891 885 3038 958 Quia
3069 886 3229 948 enim
3249 905 3464 949 sensus
3491 905 3634 948 suos
3661 904 3870 947 omnes

2210 973 2418 1034 mundi
2472 973 2829 1035 vanitatibus
2881 975 3228 1051 affixerunt,
3290 983 3348 1037 et
3396 975 3870 1055 jucunditatibus

2208 1061 2362 1143 vitae,
2383 1081 2818 1144 corporumque
2831 1065 3276 1145 pulchritudine
3288 1066 3870 1142 afﬁciuntur,animae

2209 1151 2449 1213 videndi
2472 1153 2811 1215 facultatem
2836 1155 3221 1234 caliginosam
3242 1156 3756 1232 circumferentes,
3783 1157 3869 1217 in-

2211 1241 2634 1304 enarrabilium
2659 1244 2950 1306 bonorum
2978 1245 3322 1325 elegantias,
3349 1245 3422 1308 ad
3464 1265 3613 1327 quas
3635 1245 3870 1308 intelli-

2211 1332 2410 1411 gentia
2442 1339 2818 1418 penetratur,
2849 1333 3071 1397 intueri
3100 1345 3426 1418 nequeunt.
3461 1337 3535 1400 Et
3565 1335 3867 1417 quomodo

2211 1421 2307 1482 cui
2337 1420 2548 1483 obtusa
2578 1429 2670 1483 est
2699 1422 2859 1484 acies
2908 1424 3240 1504 oculorum,
3295 1445 3408 1488 nec
3441 1425 3651 1488 leviter
3681 1433 3871 1506 potest

2213 1511 2510 1590 puriorem
2565 1511 2706 1574 solis
2754 1512 2988 1575 radium
3041 1515 3330 1595 aspicere,
3381 1515 3484 1577 sed
3518 1515 3570 1578 si
3599 1516 3658 1576 in
3693 1514 3862 1575 illum

2211 1599 2414 1660 oculos
2462 1599 2755 1673 intendat,
2814 1603 3236 1685 statim‘quem
3293 1605 3500 1667 habuit
3557 1611 3861 1686 aspectum

471 1692 725 1755 salutem
754 1689 1026 1772 adepturi
1057 1689 1198 1766 sint,
1227 1689 1503 1780 virtut_em
1536 1697 1874 1780 sanctarum
1905 1689 2188 1780 littera-B
2213 1688 2388 1770 plane
2413 1690 2630 1751 amittit
2663 1711 2678 1752 :
2713 1691 2798 1754 sic
2831 1712 3044 1774 nempe
3075 1694 3175 1775 qui
3216 1695 3450 1757 vitiatos
3497 1695 3679 1756 animi
3709 1713 3858 1754 ocu-

470 1800 604 1845 rum
637 1780 902 1843 funditus
947 1780 1334 1859 abnegantes.
1386 1777 1460 1840 Et
1513 1778 1750 1842 merito.
1809 1777 2130 1860 Obsignata

475 1871 661 1946 enim,
698 1877 760 1932 et
785 1869 1007 1952 clausa,
1029 1888 1160 1951 qua;
1182 1867 1330 1931 nulli
1350 1867 1689 1930 mortalium
1723 1886 1835 1930 nec
1863 1869 1988 1931 visa
2016 1889 2129 1932 nec

475 1959 712 2040 cognita
733 1971 894 2036 sunt,
918 1978 954 2022 a
973 1960 1100 2021 solo
1135 1966 1332 2023 autem
1365 1964 1567 2020 sancto
1593 1957 1814 2038 Spiritu
1843 1967 2125 2034 reserata,

475 2057 536 2114 et
562 2049 646 2110 ita
674 2048 848 2111 nobis
901 2049 1185 2122 revalata,
1242 2047 1514 2128 factaque
1543 2046 1935 2128 [spectabilia,
1970 2057 2029 2109 et
2056 2048 2129 2110 ad

475 2139 957 2220 cognoscendum
991 2137 1280 2220 exposita,
1314 2137 1617 2217 quomodo
1678 2139 1915 2200 tandem
1949 2138 2127 2219 scire,

476 2237 981 2309 autcognoscere,
1001 2235 1102 2290 aut
1123 2227 1331 2290 saltem
1362 2226 1720 2308 aliquantam
1752 2227 1951 2288 animo
1989 2246 2130 2308 per-

473 2325 732 2382 tractare
767 2325 1069 2398 poterunt,
1103 2317 1205 2398 qui
1249 2315 1568 2380 adventum
1621 2315 1810 2378 sancti
1847 2316 2128 2396 Spiritus,

475 2409 1001 2490 illuminationem,
1031 2405 1514 2487 illustrationem,
1547 2404 2040 2468 inhabitationem
2073 2408 2132 2469 in

477 2497 816 2580 semetipsis
864 2516 1164 2579 nunquam
1219 2514 1284 2559 se
1334 2495 1679 2576 cognovisse
1720 2495 1976 2558 dicunt?
2007 2496 2134 2570 Quo

478 2597 648 2671 pacto
678 2588 817 2652 talia
865 2587 1144 2671 mysteria
1192 2595 1606 2668 assequamur,
1669 2585 1771 2665 qui
1831 2605 2134 2666 nunquam

481 2699 724 2763 prorsus
755 2699 886 2743 sese
917 2679 990 2742 ab
1032 2679 1244 2742 eodem
1296 2677 1508 2759 spiritu
1556 2677 1772 2741 iterum
1822 2680 2130 2756 conﬂatos,

478 2778 820 2845 renovatos,
852 2769 1220 2845 immutatos,
1253 2775 1638 2848 regeneratos
1693 2767 2134 2831 animadverte-

477 2861 668 2925 runt?
699 2859 869 2934 Quod
898 2860 948 2921 si
976 2859 1242 2922 nondum
1271 2857 1333 2918 in
1365 2855 1590 2938 Spiritu
1622 2865 1827 2918 sancto
1859 2857 2134 2940 baptizati

2210 1785 2324 1859 los,
2358 1787 2416 1839 et
2445 1798 2656 1842 sensus
2696 1781 2858 1862 ipsos
2890 1783 3252 1847 motionibus
3282 1783 3641 1846 turbulentis
3671 1783 3866 1844 obno-

2209 1868 2338 1930 xios
2368 1867 2570 1944 habet,
2603 1869 2735 1932 sine
2783 1873 3209 1951 commotione,
3259 1875 3526 1955 citraque
3581 1874 3868 1936 damnum

2210 1965 2579 2019 venustatem
2599 1957 3070 2042 elegantiamque
3103 1982 3414 2044 corporum
3449 1961 3726 2024 contueri
3759 1979 3868 2022 ne-

2213 2045 2384 2127 quit?
2413 2045 2518 2109 sed
2549 2054 2608 2109 et
2637 2067 2811 2129 quam
2844 2059 2980 2112 ante
3032 2051 3092 2113 id
3154 2058 3393 2134 tempus
3436 2051 3869 2130 cogitationum

2214 2154 2444 2216 pacem,
2499 2144 2558 2198 et
2600 2157 2634 2199 a
2668 2139 2860 2219 pravis
2909 2141 3330 2222 cupiditatibus
3375 2142 3866 2223 tranquillitatem

2213 2224 2540 2300 obtinebat,
2575 2227 2728 2289 hanc
2757 2230 2944 2310 ipsam
2978 2231 3039 2292 iu
3089 2232 3469 2294 meditatione
3499 2233 3748 2295 affectus
3777 2231 3869 2292 sui

2214 2332 2594 2377 commorans
2623 2319 2859 2383 amittit.
2922 2321 3182 2384 Proinde
3239 2342 3350 2385 nec
3393 2322 3867 2385 imbecillitatem

2216 2421 2382 2465 suam
2415 2406 2546 2467 talis
2573 2408 2693 2469 ullo
2726 2409 2902 2471 modo
2947 2431 3306 2491 pernoscere
3359 2421 3570 2494 potest.
3607 2412 3670 2476 Si
3705 2412 3866 2474 enim

2218 2511 2282 2584 se
2306 2501 2489 2556 totum
2513 2508 2798 2576 mgrotare
2822 2500 2938 2564 sibi
2971 2503 3384 2582 persuasisset,
3412 2503 3562 2566 alios
3582 2503 3870 2584 quosdam

2219 2583 2372 2674 bene
2403 2585 2598 2674 valere
2628 2588 3002 2666 credidisset,
3054 2600 3114 2653 et
3164 2593 3406 2654 forsitan
3456 2583 3775 2674 aliquando
3807 2609 3872 2653 se

2215 2670 2776 2752 ipsumincusasset,
2803 2698 2986 2760 seque
2999 2680 3236 2744 sibimet
3257 2701 3496 2744 causam
3522 2670 3713 2743 morbi
3739 2699 3873 2743 esse

2217 2760 2490 2839 dixisset,
2525 2773 2585 2826 et
2613 2785 2744 2846 quae
2773 2768 2846 2828 ad
2890 2769 3203 2832 sanitatem
3232 2771 3699 2852 recuperandam
3730 2771 3868 2831 atti-

2218 2857 2450 2926 nerent,
2471 2853 2670 2916 animo
2685 2864 3041 2936 reputasset.
3063 2857 3232 2922 Nunc
3254 2859 3668 2939 hujuscemodi
3691 2858 3867 2918 homo

481 2958 642 3032 sunt,
674 2949 1149 3012 immutationem
1181 2947 1243 3008 in
1280 2965 1349 3008 eo
1381 2945 1804 3027 baptizatorum
1835 2948 2132 3028 quomodo
2217 2957 2425 3001 omnes
2454 2941 2748 3006 arbitrans
2772 2947 3147 3026 passionihus
3175 2949 3430 3021 deditos,
3465 2967 3530 3008 se
3563 2946 3676 3008 illis
3705 2962 3865 3005 exas-

483 3040 640 3103 scire
659 3045 950 3121 possunt?
977 3037 1090 3111 Qui
1111 3037 1307 3099 denuo
1341 3036 1462 3098 nati
1485 3055 1604 3098 non
1635 3044 1774 3098 sunt
1796 3037 1993 3102 denuo
2021 3056 2134 3100 na-
2155 3040 2194 3090 C
2219 3038 2384 3121 quat,
2418 3039 2476 3091 et
2503 3040 2566 3092 ut
2594 3032 2722 3114 ipse
2751 3036 2914 3098 solus
2944 3038 3020 3100 sit
3060 3037 3333 3112 invictus,
3367 3046 3422 3098 et
3453 3036 3728 3098 omnibus
3757 3053 3864 3095 su-

483 3120 684 3194 torum
721 3128 810 3210 (ut
835 3130 914 3191 ait
941 3127 1260 3208 Dominus)
1306 3145 1377 3190 ex
1409 3129 1554 3204 Deo,
1589 3125 1852 3207 inquam,
1887 3137 1946 3190 et
1990 3130 2143 3190 inter
2225 3120 2450 3199 perior,
2481 3121 2611 3185 fieri
2631 3125 2968 3207 neutiquam
3005 3147 3175 3208 posse
3203 3136 3484 3190 autumat.
3519 3125 3670 3198 Quid
3703 3126 3865 3187 hoc?

486 3221 643 3284 filios
671 3218 779 3284 Dei
814 3217 1212 3300 ascriptorum
1242 3215 1493 3299 gloriam
1523 3217 1824 3298 quomodo
1856 3217 2138 3284 videant?
2224 3218 2288 3300 ul
2318 3231 2434 3273 una
2461 3231 2594 3274 cum
2626 3214 2898 3296 improbo
2951 3220 3161 3281 affectu
3213 3238 3317 3280 suo
3351 3217 3634 3278 moriatur
3664 3215 3872 3286 miser.

481 3311 596 3386 Qui
624 3311 738 3374 hoc
765 3308 879 3372 sibi
908 3299 1255 3386 contingere
1312 3307 1658 3382 noluerunt,
1691 3307 1795 3369 sed
1826 3309 1977 3372 hanc
2006 3309 2138 3390 glo-
2223 3299 2297 3361 ab
2328 3301 2442 3362 hoc
2473 3303 2627 3364 malo
2658 3303 2902 3369 liberari
2948 3308 3271 3387 refugiens.
3306 3307 3369 3370 Si
3397 3307 3554 3368 enim
3587 3305 3870 3367 voluisset

482 3403 634 3466 riam
666 3399 1007 3481 neglectum
1031 3399 1286 3476 iverunt,
1307 3397 1562 3470 (etenim
1589 3405 1942 3478 potestatem
1973 3419 2132 3463 acce-

2230 3390 2493 3467 liberari,
2529 3393 2837 3473 potuisset,
2872 3405 3072 3478 utpote
3116 3398 3217 3480 qui
3267 3417 3302 3460 a
3348 3400 3469 3459 Deo
3523 3402 3873 3477 potestatem

479 3499 714 3574 perant,
746 3498 810 3552 ut
835 3489 984 3552 tales
1010 3488 1244 3570 tierent)
1279 3487 1377 3550 dic
1409 3486 1578 3561 mihi,
1614 3486 1774 3568 quali
1806 3491 2147 3569 cognitione
2228 3490 2569 3574 ἃοεθρφῐῖἃίοί
2593 3481 2944 3566 Quicunque
2975 3488 3138 3551 enim
3171 3489 3234 3549 in
3263 3487 3506 3550 nomine
3534 3485 3663 3566 ejus
3695 3482 3878 3564 bapti~

480 3571 850 3664 perspicere,
881 3585 985 3641 aut
1017 3576 1244 3640 saltem
1292 3595 1531 3658 quoquo
1576 3575 1754 3638 modo
1785 3579 2145 3658 cogitatione
2227 3571 2576 3664 smoabluti
2605 3592 2832 3648 sumus,
2893 3579 3248 3659 praeteritam
3279 3576 3706 3657 ignobilitatem
3736 3592 3874 3664 cor-

478 3661 802 3734 informare
832 3676 1132 3750 poterunt,
1164 3667 1368 3748 quales
1395 3665 1482 3728 illi
1513 3666 1792 3747 appellati
1819 3670 2009 3732 sunt?
2223 3661 2541 3741 ruptionis,
2575 3671 2638 3724 ut
2668 3665 3082 3728 vestimentum
3113 3677 3278 3730 vetus
3303 3666 3580 3738 exuendi,
3615 3674 3672 3726 et
3701 3663 3870 3726 Chri-

561 3761 819 3841 Spiritus
849 3768 940 3823 est
967 3758 1147 3834 Deus,
1183 3759 1282 3840 qui
1313 3756 1423 3820 sub
1469 3764 1775 3838 aspectum
1806 3779 1926 3821 non
1954 3761 2143 3834 venit,
2231 3759 2385 3810 stum
2417 3752 2907 3832 superinduendi,
2945 3775 3012 3817 ac
3045 3757 3197 3819 filios
3245 3755 3352 3819 Dei
3400 3775 3507 3818 nos
3537 3753 3875 3836 appellandi

482 3849 862 3926 immortalis,
897 3850 1262 3923 inaccessas,
1295 3846 1835 3927 incomprehensus
1863 3871 1878 3922 ;
1908 3857 1968 3912 et
2000 3852 2148 3914 tales
2231 3845 2639 3905 auctoritatem
2669 3843 2742 3904 ab
2775 3863 2845 3906 eo
2876 3847 3177 3909 consecuti
3201 3866 3428 3909 sumus.
3454 3844 3672 3906 Verum
3696 3843 3871 3918 absit,

484 3941 688 4017 efﬁcit,
716 3959 792 4005 ex
818 3958 884 4003 se
913 3947 1104 4015 natos,
1139 3937 1368 4001 similes
1399 3938 1550 4018 patri
1581 3958 1713 4014 suo,
1746 3959 1781 4002 a
1809 3960 1927 4021 quo
1958 3937 2146 4022 geniti
2229 3929 2464 4007 fratres,
2487 3942 2550 3994 ut
2576 3933 2658 3995 ita
2687 3936 2932 4011 affectis,
2965 3947 3022 3998 et
3053 3937 3188 3999 talia
3217 3935 3588 4018 sapientibus
3603 3934 3874 4015 captivis,

485 4038 646 4107 sunt,
665 4047 918 4112 corpore
938 4029 1067 4091 solo
1092 4027 1691 4108 comprehensibiles,
1716 4038 1773 4091 et
1795 4032 2131 4112 aspectabi-
2231 4037 2299 4080 ac
2335 4022 2589 4112 terrenis
2636 4023 2866 4089 similes
2921 4028 3263 4090 evadamus.
3311 4027 3625 4104 Contingat
3675 4035 3873 4087 autem

485 4123 598 4199 les,
623 4109 834 4184 cateia
862 4118 974 4182 soli
993 4118 1116 4180 Deo
1159 4119 1450 4196 cognitos,
1491 4124 1552 4178 et
1579 4121 1771 4181 solum
1806 4109 1994 4184 Deum
2027 4142 2134 4186 οο-
2217 4109 2387 4190 sequi
2411 4110 2735 4189 Christum,
2767 4116 2868 4196 qui
2909 4127 3112 4179 nostra
3143 4137 3318 4179 causa
3366 4125 3634 4178 mortuus
3665 4123 3780 4184 est,
3818 4123 3879 4175 et

483 4217 863 4292 gnoscentes,
888 4207 979 4270 vel
1004 4207 1200 4288 potius
1221 4205 1392 4268 asolo
1405 4208 1530 4270 Deo
1541 4210 1821 4286 cognosci
1842 4212 2132 4290 volentes,

2220 4202 2566 4292 resurrexit,
2593 4211 2650 4265 et
2681 4223 2788 4266 nos
2813 4224 3014 4268 secum
3046 4207 3107 4268 in
3139 4207 3354 4269 coelum
3389 4205 3679 4279 exallavit,
3708 4206 3874 4285 ejus-

485 4291 560 4364 ad
593 4319 772 4382 quem
803 4306 861 4361 et
889 4316 1130 4379 semper
1146 4296 1473 4378 respicere,
1508 4303 1568 4358 et
1590 4297 1663 4359 ab
1693 4315 1763 4363 eo
1795 4302 2012 4382 respici
2032 4303 2136 4366 de-
2158 4309 2338 4381 une
2365 4291 2629 4382 vestigiis
2658 4313 2897 4376 semper
2919 4296 3217 4377 insistere,
3259 4296 3520 4377 purgatis
3555 4314 3659 4376 per
3677 4295 3875 4375 poeni-

485 4381 775 4454 siderant.
807 4389 1101 4452 Praeterea
1127 4387 1301 4450 sicuti
1334 4395 1608 4467 expertes
1636 4381 1991 4467 litterarum,
2026 4413 2132 4474 pe-

2222 4381 2466 4474 tentiam
2495 4401 2533 4474 a
2558 4383 2693 4445 labe
2725 4387 2974 4465 peccati,
3011 4405 3106 4463 ,ac
3163 4387 3570 4466 superindutis
3617 4385 3878 4447 lucidam

486 4480 662 4544 rinde
691 4486 755 4542 ut
780 4496 984 4542 earum
1017 4477 1187 4556 gnari
1227 4475 1412 4539 libros
1442 4476 1642 4555 legere
1670 4489 1977 4561 nequeunt
2009 4469 2144 4546 {sic
2225 4469 2486 4561 tunicam
2519 4472 2985 4554 incorruptionis
3027 4475 3292 4556 spiritus,
3355 4476 3414 4536 in
3472 4475 3602 4556 ipso
3644 4474 3878 4538 Christo

486 4587 684 4653 neque
740 4569 844 4652 qui
894 4569 1065 4631 factis
1121 4585 1230 4650 per
1279 4565 1496 4630 Christi
1523 4559 1797 4631 maudata
1842 4571 2146 4637 ambulare
2227 4559 2352 4621 D80
2382 4569 2607 4653 ῐιοξιιξο2
2642 4562 2736 4624 cui
2767 4564 2978 4643 gloria,
3007 4575 3064 4626 et
3086 4565 3402 4645 imperium
3435 4585 3568 4627 cum
3596 4564 3799 4638 Patre,
3824 4572 3884 4624 et

491 4647 837 4746 noluerunt,
871 4677 1061 4741 aeque,
1098 4647 1164 4721 ut
1187 4658 1294 4746 qui
1345 4656 1490 4737 ipsis
1521 4655 1926 4736 invigilarunt,
1960 4681 2150 4746 eaque
2230 4657 2433 4746 sancto
2456 4647 2679 4732 Spiritu
2711 4673 2867 4746 uunc
2910 4661 2968 4716 et
2990 4673 3249 4734 semper,
3280 4668 3338 4716 et
3366 4654 3660 4735 inplnnes
3688 4672 3882 4715 saecu-

486 4743 908 4834 impleverunt,
939 4737 1000 4813 et
1027 4767 1134 4832 pro
1179 4737 1253 4809 iis
1289 4747 1639 4826 sanguinem
1669 4769 1840 4813 suum
1875 4737 2124 4834 profude

2239 4737 2433 4802 lorum
2451 4749 2670 4804 anates.
2696 4743 2909 4808 Amen.

492 4855 658 4920 runt,
687 4839 1149 4922 sanctiSpiritus
1165 4837 1547 4921 revelatione,
1567 4840 1816 4902 sicutilli
1837 4843 2154 4926 aliquando
2842 4837 3123 4926 ORATIO
3157 4840 3280 4904 XX.

490 4936 918 5017 dignabuntur.
943 4929 1092 4994 Nam
1119 4929 1383 4991 utliomo
1406 4936 1652 5009 accepto
1675 4929 1832 4993 libro
1856 4922 2156 5010 clauso,et
2245 4996 2324 5017 π
2680 5006 2692 5017 ,
2791 4922 3324 5017 ,ᾼηδξτξίεξΨυΜοη
3380 5005 3390 5017 ,
3442 5002 3479 5017 η
3549 5001 3560 5012 ,
3677 5008 3688 5017 _
3745 5001 3783 5017 η

491 4996 750 5108 signato,
782 5023 847 5085 in
877 5041 947 5084 eo
1002 5019 1224 5101 scripta
1284 5017 1488 5080 videre
1531 4996 1635 5080 aut
1688 5022 1884 5102 qualia
1933 4996 2152 5108 scripta
2235 4996 3888 5118 Πεηεξλαηίξηδξξξξξίξηιξξξξηξίξίίξ

491 5082 633 5218 δὲἶῖίν
659 5082 919 5222 esitare
939 5110 1097 5222 ηοηῖ.
1113 5082 1328 5208 MF"
1361 5106 1623 5209 (ινδηάίυ
1651 5082 1806 5172 ¹ίίδθτ
1835 5082 2158 5222 εἱδυευέεί
2317 5084 3362 5222 $3.431?335%”332’551532‘2'3;$533
3379 5082 3892 5222 satiatam:

493 5167 890 5287 sigriatugzest,
917 5167 1295 5281 quantdmvis
1316 5167 1653 5260 universam
1688 5201 1896 5263 mundi
1920 5204 2132 5284 sapient

495 5297 635 5326 ηρ...
669 5290 943 5326 manu...“
972 5310 985 5323 ο
1022 5288 1107 5326 εἴη
1158 5304 1355 5326 nan-1n
1383 5286 1482 5326 ηηί
1527 5305 1752 5326 τωρωι-σιω
1787 5291 2132 5326 Caninium...

2318 5167 2426 5238 gm‘
2459 5167 2525 5224 in
2553 5167 2761 5242 gratia
2791 5182 2979 5243 supra
3002 5167 3194 5244 legem
3223 5167 3353 5242 iam
3380 5171 3545 5236 sunt,
3565 5179 3665 5222 eos
3694 5167 3892 5222 divini

2317 5241 2568 5326 luminis
2596 5245 2866 5322 gratiam
2899 5246 2963 5306 in
2994 5247 3202 5326 seipsis
3241 5246 3538 5324 accipere.
3583 5241 3757 5326 (land
3787 5242 3895 5326 qui

495 5291 1125 5405 fise__d39i<3§{ilg_§ig
1158 5291 2153 5405 "fit":fljlfffffamjfgigtgras}
2315 5291 2651 5386 angat;
2665 5291 2877 5405 5.213;;
2891 5291 3560 5404 ;ιί;,ῑᾱ;,ντ;ῖ;η;ιῖ’ξίξ;ιῑιε
3577 5291 3892 5405 signa;

495 5392 679 5448 totam
705 5381 770 5444 in
798 5398 904 5444 ore
949 5378 1149 5453 habet,
1195 5384 1260 5438 ut
1307 5376 1675 5454 dicebamus,
1729 5380 2058 5462 mysticam,
2093 5392 2151 5446 et

497 5401 679 5485 “Imm
705 5401 770 5444 m
798 5401 904 5444 πθ
929 5401 1152 5481 Pam”:
1195 5401 1260 5438 ιη
1307 5401 1675 5480 ⁰¹⁶θ⁰³¹¹3¹¹είν
1729 5401 2058 5479 ξηῐείιθδιην
2093 5401 2151 5446 ει
2321 5411 2594 5479 cernunt,
2617 5423 2715 5466 eos
2745 5401 2945 5469 adhuc
2982 5405 3092 5468 sub
3133 5401 3350 5468 umbra
3381 5401 3531 5483 legis
3561 5401 3793 5477 esse,'et
3817 5401 3894 5463 ab

497 5471 761 5536 άινίηδω
790 5470 1067 5564 Βίοηδιξην
1099 5473 1505 5564 νιτίξξιθωίίιὲθ
1551 5484 1792 5564 mil)?“
1823 5478 2159 5564 ορηῑεαῑεξη
2322 5501 2396 5547 ea
2413 5485 2763 5564 judicatum
2785 5488 2888 5548 in“.
2928 5485 3443 5562 Quemadmodum
3466 5483 3676 5564 ﬁdeles
3697 5481 3899 5562 Spiri-

2324 5572 2448 5628 tum
2471 5573 2770 5642 sanctum,
2790 5570 3286 5635 sanctimoniam,
3325 5565 3893 5647 perturbationum-

2321 5663 2436 5727 que
2458 5652 2830 5710 vacuitatem
2860 5649 3326 5711 nanciseantur.

2318 5739 2710 5806 Scrutamim'
2731 5740 3107 5825 Scripturas,
3133 5740 3328 5827 inquit
3342 5741 3632 5806 Dominus
3641 5756 3711 5802 ac
3733 5741 3898 5803 Deus

498 5575 700 5642 nosse,
731 5567 790 5622 et
814 5557 1157 5640 perspicere
1183 5555 1501 5638 aliquando
1544 5556 1782 5638 poterit,
1815 5558 1931 5621 nisi
1961 5562 2162 5625 omnia

498 5651 613 5719 Dei
641 5650 939 5729 mandata,
972 5667 1045 5713 ea
1087 5647 1378 5736 servando
1420 5648 1592 5730 quasi
1641 5651 2066 5736 peragraverit,
2101 5661 2160 5720 et

500 5739 872 5811 Paracletum
901 5756 1080 5805 sensa
1094 5736 1208 5817 illi,
1224 5743 1290 5802 ut
1309 5735 1530 5802 librum
1556 5738 1953 5824 aperientem,
1983 5735 2152 5826 quae-
