4160 6378
349 318 471 386 405

1821 315 2104 383 ORATIO
2145 317 2256 380 XX

3617 318 3737 386 406

331 461 538 518 noster
564 454 742 517 Jesus
771 454 1044 516 Christus
1063 455 1123 507 ’ὅ
1147 503 1162 530 ,
1196 463 1261 516 ut
1317 463 1454 517 ante
1502 453 1702 516 omnia
1756 453 2051 517 scilicetA
2071 459 2338 513 mentum
2362 450 2574 514 vivetis
2607 469 2621 514 :
2663 449 2778 515 Ubi
2831 452 2995 514 enim
3043 451 3306 534 spiritus
3336 451 3593 515 Domini
3620 460 3734 531 est,

326 545 478 606 viam
512 543 723 605 salutis
753 542 1096 607 doceamur.
1128 543 1357 606 Deinde
1388 543 1567 606 etiam
1597 543 1660 606 in
1690 541 1988 608 mandatis

325 634 455 715 ejus
488 633 640 696 citra
692 633 1146 696 conversionem
1201 641 1436 715 peracta
1487 632 1604 715 via,
1667 634 1740 696 ad
1796 633 1987 716 ipsam

325 723 662 786 animarum
702 731 1038 785 nostrarum
1082 723 1328 785 salutem
1375 723 1811 805 perveniamus.
1848 723 1989 797 Quae

327 817 422 876 est
451 811 633 893 igitur
654 812 812 874 salus
847 811 1098 876 nostra?
1125 814 1298 876 Jesus
1314 813 1609 890 Christus,
1652 813 1712 876 id
1741 813 1902 895 quod
1933 821 1991 875 et

328 903 576 981 angelus
599 902 939 983 pastoribus
962 910 1160 965 astans
1190 902 1587 984 praedicabat:
1621 903 1780 966 Ecce
1800 921 1988 966 evan-

325 993 527 1073 gelizo
550 991 720 1054 vobis
734 991 1027 1073 gaudium
1051 1010 1358 1071 magnum,
1384 995 1546 1074 quod
1559 995 1676 1057 erit
1695 993 1864 1056 omni
1889 1010 1993 1074 po-

325 1081 494 1162 pulo,
521 1082 668 1162 quia
690 1090 882 1143 natus
905 1087 1015 1157 est,
1045 1082 1214 1144 vobis
1241 1082 1416 1145 hodie
1438 1081 1742 1157 Salvator,
1769 1085 1878 1162 qui
1905 1087 1993 1145 est

329 1171 608 1234 Christus
624 1169 946 1251 Dominus,
962 1178 1027 1231 in
1039 1172 1282 1234 civitate
1294 1171 1494 1234 David
1501 1170 1562 1221 96
1577 1220 1591 1235 .
1617 1171 1992 1234 Festinemus

332 1260 514 1339 igitur
540 1259 972 1341 unusquisque,
1034 1260 1275 1342 dilecti;
1332 1279 1638 1324 curramus
1684 1268 1987 1337 contente,

329 1348 472 1409 nihil
500 1346 725 1422 oneris,
753 1355 858 1410 aut
884 1349 956 1410 ad
983 1349 1162 1411 vitam
1187 1349 1341 1411 hanc
1358 1348 1688 1430 pertinens,
1716 1355 1817 1411 aut
1846 1366 1991 1430 por-

332 1444 452 1499 tatu
478 1455 656 1517 grave
687 1436 1000 1500 nobiscum
1048 1445 1387 1518 gestantes;
1418 1457 1496 1501 ne
1525 1437 1600 1500 ob
1633 1439 1746 1500 hoc
1774 1437 1993 1501 lentius

333 1527 522 1588 coacti
556 1526 864 1602 incedere,
904 1528 1198 1590 civitatem
1236 1527 1418 1592 David
1449 1527 1768 1609 attingere,
1808 1533 1992 1608 atque

325 1615 566 1695 ingredi
601 1633 719 1680 non
752 1617 1070 1697 possimus.
1104 1614 1365 1680 Obsecro
1415 1636 1544 1692 vos,
1595 1635 1703 1696 per
1731 1634 1992 1698 operan-

2067 537 2282 621 inquit,
2308 539 2396 603 ibi
2419 538 2676 603 libertas
2694 540 2760 591 30
2780 589 2798 622 ,
2843 538 3090 602 libertas
3117 557 3190 602 ex
3220 537 3597 620 subjectione
3622 540 3733 604 sub

2069 626 2264 708 legem
2295 647 2404 711 per
2434 627 2654 691 omnia.
2683 631 2808 694 Lex
2830 628 3052 711 quippe
3078 626 3197 691 dux
3212 626 3340 704 vim,
3373 635 3432 692 et
3465 629 3735 712 paedago-

2071 735 2200 796 gus,
2240 724 2298 778 et
2320 716 2754 799 manuductrix,
2783 725 2844 781 et
2876 716 3156 798 magistra
3183 716 3434 799 justitiaa
3455 727 3569 800 est,
3593 718 3733 782 dum

2072 805 2238 881 dicit,
2264 807 2377 868 hoc
2406 813 2465 868 et
2517 806 2633 869 hoc
2678 806 2883 870 facies.
2919 805 3124 872 Gratia
3168 815 3368 871 autem
3410 815 3471 870 et
3514 807 3734 872 veritas

2073 913 2192 955 non
2225 893 2337 954 ita:
2373 893 2477 956 sed
2499 896 2804 977 quomodo
2824 897 2856 958 ‘l
2885 903 2946 958 et
2964 894 3148 958 facies
3178 895 3404 980 omnia,
3430 904 3489 960 et
3517 897 3732 980 loque-

2071 983 2156 1044 ris
2179 983 2508 1046 secundum
2543 985 2741 1046 datam
2784 982 2913 1062 tibi,
2948 992 3008 1046 et
3036 984 3382 1068 loquentem
3412 985 3475 1048 in
3499 992 3560 1050 te
3588 1004 3728 1068 gra-

2075 1073 2237 1147 tiam,
2269 1072 2426 1136 sicut
2441 1073 2734 1156 scriptum
2755 1080 2880 1138 est:
2911 1074 2995 1139 Et
3015 1081 3198 1140 erunt
3226 1093 3430 1140 omnes
3450 1077 3736 1142 docibiles

2072 1163 2254 1227 Βθὶὄί
2284 1183 2302 1238 ;
2334 1183 2454 1226 non
2487 1180 2596 1246 per
2652 1163 2990 1228 litterarum
3042 1171 3236 1240 notas,
3289 1173 3347 1229 et
3375 1166 3547 1247 signa
3571 1167 3734 1250 quod

2072 1251 2296 1314 bonum
2352 1259 2442 1316 est
2498 1251 2821 1332 discentes,
2885 1253 2991 1316 sed
3041 1252 3104 1315 in
3158 1252 3390 1336 Spiritu
3439 1264 3644 1319 sancto
3669 1255 3733 1320 id

2072 1341 2269 1404 edocti
2301 1364 2315 1402 :
2351 1359 2464 1405 nec
2484 1342 2548 1404 in
2577 1341 2756 1406 verbo
2781 1342 2931 1420 solo,
2962 1341 3068 1406 sed
3091 1342 3154 1404 in
3185 1342 3414 1408 lumine
3441 1343 3624 1408 Verbi
3647 1345 3733 1409 lu-

2073 1430 2531 1513 minismystice
2564 1430 2780 1494 divinis
2838 1429 3086 1496 initiati.
3137 1434 3312 1496 Tunc
3359 1432 3523 1496 enim
3566 1433 3734 1498 vobis

2071 1520 2240 1601 ipsis,
2267 1520 2478 1603 inquit,
2511 1528 2569 1584 et
2600 1521 2885 1602 proximis
2926 1520 3203 1584 doctores
3226 1521 3416 1598 eritis,
3445 1540 3642 1606 neque
3669 1523 3734 1587 id

2072 1612 2289 1688 solum,
2325 1611 2430 1674 sed
2466 1618 2523 1674 et
2574 1611 2673 1673 lux
2725 1610 3015 1674 mundi-'33
3041 1661 3057 1688 ,
3106 1619 3166 1674 et
3195 1611 3282 1675 sal
3311 1613 3569 1677 terrae33
3591 1659 3607 1676 .
3639 1611 3737 1677 Illi

324 1713 466 1794 tem,
489 1704 551 1766 in
582 1703 762 1794 nobis
781 1709 1053 1784 gratiam,
1086 1723 1165 1768 ne
1197 1706 1449 1768 salutem
1481 1714 1743 1768 nostram
1774 1705 1837 1766 in
1867 1705 1949 1765 mi
1973 1744 1982 1750 -
2008 1743 2050 1794 Β
2072 1720 2213 1794 ergo
2270 1710 2407 1766 ante
2464 1703 2712 1794 gratiam
2759 1703 2923 1794 velut
2980 1704 3090 1766 sub
3137 1703 3274 1784 lege
3304 1711 3502 1784 erant,
3535 1712 3595 1769 et
3622 1703 3732 1770 sub

329 1793 506 1856 nimis
559 1793 850 1856 ducamus
911 1816 924 1854 :

333 1883 704 1964 arrogantiae,
733 1884 1140 1966 socordiaeque
1174 1882 1593 1965 expergefacti,
1627 1901 1703 1945 ue
1735 1891 1981 1958 stemus,

335 1989 447 2033 nec
475 1973 810 2046 sedeamus,
860 1973 1054 2036 donec
1103 1989 1266 2036 extra
1322 1975 1481 2035 hunc
1538 1971 1828 2034 mundum
1862 1979 1984 2034 toto

333 2061 528 2122 animo
550 2061 1257 2144 simus,Salvatoremque
1278 2081 1345 2124 ac
1368 2061 1692 2123 Dominum
1713 2068 1980 2122 nostrum

332 2151 652 2226 inventum,
683 2161 746 2215 et
775 2162 1161 2234 conspectum
1200 2153 1324 2216 illic
1349 2152 1728 2234 procidentes
1756 2151 1975 2214 adore-

315 2259 481 2305 mus.
513 2241 581 2303 Et
611 2261 807 2324 neque
840 2256 966 2304 tum
1001 2253 1251 2324 stemus,
1288 2243 1393 2306 sed
1435 2243 1628 2305 donec
1675 2242 1774 2304 ille
1803 2241 1982 2304 nobis

326 2329 520 2393 dicat:
558 2331 670 2394 Vos
691 2351 819 2394 non
860 2335 1005 2396 estis
1037 2335 1108 2396 de
1145 2335 1257 2396 hoc
1284 2335 1536 2414 mundo,
1568 2333 1669 2396 sed
1698 2349 1804 2412 ego
1833 2330 1987 2412 elegi

323 2437 426 2483 vos
447 2422 521 2485 de
541 2424 771 2486 mundo
790 2423 849 2473 2’1
877 2469 892 2485 .
927 2423 1179 2496 Quinam
1209 2431 1405 2485 autem
1428 2421 1643 2504 aliquis
1668 2441 1737 2484 eo
1767 2439 1984 2503 perve-

326 2511 464 2587 niat,
491 2521 554 2574 ut
585 2532 707 2574 non
736 2513 813 2575 sit
843 2513 918 2576 de
949 2517 1059 2576 hoc
1089 2513 1360 2576 mundo?
1389 2513 1440 2575 si
1467 2513 1729 2593 seipsum
1763 2511 1986 2574 mundo

323 2602 693 2664 cruciﬁxerit
720 2613 779 2665 et
811 2604 1098 2666 mundum
1152 2604 1213 2666 in
1243 2603 1470 2685 seipso,
1519 2610 1583 2664 ut
1613 2601 1826 2664 Paulus
1853 2601 1936 2662 ait
1965 2611 1980 2652 ε

323 2691 471 2754 Mihi
497 2693 769 2756 mundus
797 2694 1133 2774 cruciﬁxus
1174 2700 1280 2766 est,
1315 2701 1372 2756 et
1401 2710 1508 2774 ego
1538 2691 1846 2755 mundo”
1868 2742 1882 2756 .
1913 2691 1988 2754 Et

321 2783 622 2863 quomodo
655 2783 783 2844 haec
812 2782 997 2845 verba
1028 2803 1161 2846 cum
1193 2783 1309 2845 illis
1324 2780 1753 2844 consentiunt?
1785 2781 1988 2845 Verba

318 2871 590 2952 quidem,
634 2872 853 2954 inquit,
885 2873 1000 2935 alia
1029 2881 1189 2949 sunt,
1246 2873 1333 2935 vis
1365 2871 1677 2935 amborum
1726 2890 1846 2934 una
1878 2890 1984 2935 ea-

986 1795 1092 1858 sed
1148 1795 1310 1858 velut
1358 1813 1392 1856 a
1435 1813 1644 1857 somno
1695 1811 1988 1875 perversae
2010 1791 2041 1794 ⁷
2071 1792 2282 1856 umbra
2312 1794 2443 1875 ejus
2472 1792 2782 1856 sedebant.
2815 1791 2936 1855 Nos
2965 1799 3163 1856 autem
3211 1800 3346 1876 post
3392 1793 3642 1876 gratiam
3670 1802 3736 1858 ut

2065 1882 2127 1944 in
2160 1883 2410 1959 lumine,
2444 1890 2504 1945 et
2532 1882 2632 1946 die
2666 1881 2994 1960 constituti,
3037 1882 3110 1946 ab
3136 1882 3352 1946 umbra
3380 1901 3490 1946 seu
3539 1883 3731 1949 servi-

2066 1973 2376 2052 tutejlegis
2407 1971 2644 2036 liberati
2675 1991 2903 2050 sumus,
2964 1973 3306 2056 superiores
3352 1971 3587 2038 scilicet
3631 1973 3738 2038 illa

2063 2061 2223 2155 facti,
2249 2062 2426 2155 quasi
2455 2080 2563 2144 per
2590 2061 2806 2155 gradus
2837 2062 3150 2155 quosdam
3186 2063 3322 2155 vitae
3367 2063 3732 2155 evangelicae

2064 2151 2129 2212 in
2162 2151 2538 2215 altitudinem
2567 2151 2809 2228 sublati,
2844 2159 2904 2214 et
2949 2171 3086 2214 cum
3135 2151 3479 2231 legislatore
3524 2153 3730 2218 viven-

2071 2247 2181 2314 tes,
2215 2241 2305 2303 vel
2335 2241 2533 2322 potius
2565 2240 2892 2324 etiamlipsi
2936 2240 3334 2324 legislatores,
3375 2251 3482 2307 aut
3530 2241 3729 2326 legum

2069 2330 2371 2394 custodes.

2152 2420 2303 2483 Num
2333 2419 2512 2501 igitur
2534 2427 2648 2498 est,
2711 2421 2812 2503 qui
2855 2419 3037 2484 habet
3091 2438 3268 2483 aures
3321 2420 3636 2498 audiendi,
3668 2428 3734 2484 ut

2067 2529 2274 2573 eorum
2305 2529 2436 2592 quas
2465 2529 2500 2572 a
2525 2509 2753 2592 Spiritu
2786 2509 3072 2573 dicuntur
3093 2508 3211 2572 vim
3228 2509 3535 2574 auditione
3551 2518 3732 2594 queat

2069 2599 2426 2682 percipere?
2455 2598 2606 2662 Num
2639 2599 2818 2662 etiam
2835 2607 2948 2668 est,
2973 2599 3076 2682 qui
3096 2617 3341 2662 sensum
3359 2598 3582 2663 Christi
3609 2601 3726 2662 ha-

2069 2689 2228 2766 beat,
2261 2700 2325 2752 ut
2353 2689 2538 2772 probe
2569 2697 2628 2752 et
2652 2692 2776 2752 Deo
2807 2687 3236 2752 convenienter
3265 2688 3565 2768 intelligat
3591 2706 3725 2772 quat

2067 2778 2140 2841 ab
2158 2799 2228 2840 eo
2250 2779 2472 2863 scripta
2496 2784 2662 2842 sunt?
2672 2777 2826 2841 Num
2847 2777 3028 2841 etiam
3048 2776 3387 2840 invenietur
3402 2777 3723 2862 quispiam,

2067 2869 2370 2932 Chiistum
2402 2869 2464 2931 in
2491 2887 2555 2932 se
2582 2869 2713 2952 ipso
2761 2869 3108 2952 loquentem
3150 2865 3404 2945 habens,
3455 2873 3522 2930 ut
3567 2866 3725 2933 bene

319 2961 602 3042 demque.
634 2961 1152 3035 Quemadmodum
1206 2962 1366 3026 enim
1412 2961 1514 3043 qui
1546 2968 1711 3023 extra
1739 2961 1980 3023 domum
2002 2991 2044 3045 ο
2070 2961 2255 3044 possit
2284 2959 2503 3042 eloqui,
2536 2979 2667 3042 quae
2695 2959 2893 3023 verbis
2947 2959 3225 3039 leguntur
3254 2957 3582 3043 mysteria?
3609 2958 3723 3023 Sa-

319 3059 430 3121 est,
467 3051 631 3113 intus
661 3051 977 3114 conclusos
1010 3071 1126 3113 non
1159 3052 1356 3127 videt;
1413 3051 1498 3113 sic
1530 3050 1751 3112 mundo
1782 3049 1982 3112 cruci-

319 3139 494 3218 fixus,
533 3149 633 3203 aut
663 3143 1076 3216 mortiﬁcatus,
1115 3161 1317 3204 rerum
1372 3140 1805 3202 mundanarum
1837 3158 1982 3202 sen-

319 3247 453 3290 sum
478 3231 704 3292 nullum
731 3231 933 3295 habet.
956 3231 1210 3294 Rursum
1243 3231 1417 3293 sicuti
1446 3249 1664 3311 corpus
1686 3237 1981 3291 mortuum

320 3337 432 3380 nec
461 3320 610 3401 viva,
635 3339 746 3383 nec
765 3340 967 3384 secum
993 3321 1255 3403 jacentia
1280 3338 1530 3401 corpora
1550 3326 1782 3380 mortua
1804 3318 1984 3382 sentit

322 3426 562 3487 quoquo
594 3411 768 3473 modo
804 3433 818 3472 :
855 3411 942 3474 sic
974 3431 1084 3474 nec
1117 3410 1216 3494 qui
1248 3418 1414 3472 extra
1444 3407 1732 3470 mundum
1760 3407 1821 3468 in
1856 3411 1982 3490 spi-

319 3496 441 3556 ritu
470 3497 578 3558 Dei
608 3508 714 3572 est,
747 3509 972 3563 etcum
1035 3501 1157 3563 Deo
1201 3507 1312 3571 est,
1366 3498 1615 3572 mundo,
1675 3503 1778 3558 aut
1803 3497 1986 3569 rebus

326 3586 642 3648 mundanis
668 3589 821 3651 afﬁci
856 3597 1067 3670 potest.
1129 3590 1323 3670 Atque
1353 3588 1456 3668 ita,
1491 3586 1729 3663 fratres,
1765 3593 1822 3648 et
1849 3595 1986 3650 ante

327 3682 575 3736 mortem
607 3696 788 3761 mors,
822 3689 883 3742 et
915 3686 1053 3741 ante
1100 3695 1423 3758 corporum
1471 3673 1982 3737 resurrectionem

325 3762 649 3827 animarum
680 3768 1046 3831 resurrectio
1071 3770 1132 3831 ﬁt
1164 3785 1369 3848 opere,
1397 3765 1635 3838 virtute,
1672 3765 1985 3846 experien-

327 3851 425 3928 tia,
453 3855 718 3920 veritate.
743 3858 974 3921 Mortali
1004 3858 1166 3920 enim
1189 3856 1547 3936 cogitatione
1563 3854 1635 3916 ab
1659 3854 1981 3916 immortali

321 3959 499 4004 sensu
530 3945 727 4008 deleta
768 3965 838 4008 ac
883 3947 1214 4027 proﬂigata,
1269 3953 1326 4007 et
1385 3943 1746 4006 mortalitate
1788 3963 1823 4005 a
1861 3945 1983 4007 vita

320 4031 593 4112 effugata,
645 4035 845 4097 anima
885 4047 1006 4097 tum
1037 4037 1194 4097 velut
1222 4054 1256 4096 a
1287 4033 1538 4096 mortuis
1570 4033 1846 4109 excitata,
1881 4052 1985 4096 se-

325 4129 444 4181 met
473 4125 898 4187 convenienter
926 4125 1087 4187 videt
1109 4125 1201 4204 (ut
1223 4123 1325 4205 qui
1360 4123 1435 4185 de
1469 4140 1680 4184 somno
1699 4141 1980 4184 surrexe-

321 4220 482 4287 runt,
516 4216 872 4296 semetipsos
892 4215 1286 4297 conspiciunt)
1305 4222 1364 4276 et
1393 4212 1581 4275 Deum
1613 4231 1647 4273 a
1676 4231 1794 4293 quo
1825 4215 1983 4276 exci-

2061 3053 2359 3133 pientium
2387 3051 2549 3113 enim
2579 3050 2912 3130 loquimur,
2955 3049 3173 3132 inquit,
3204 3066 3332 3112 non
3357 3047 3569 3112 saeculi
3599 3048 3720 3113 ltu-

2055 3139 3724 3221 jus,quwevacuatur,sedsapientiaminmysterio,guo:

2067 3229 2419 3291 abscondita
2447 3227 2616 3290 est-54
2642 3227 2864 3305 multis,
2899 3227 3074 3290 nobis
3100 3233 3299 3290 autem
3330 3226 3518 3309 probe
3544 3245 3723 3292 reve-

2068 3319 2207 3400 lata,
2246 3326 2308 3381 et
2335 3316 2592 3396 cognita,
2625 3317 2727 3398 qui
2757 3317 2820 3379 in
2864 3317 3078 3380 timore
3132 3315 3242 3380 Dei
3278 3315 3440 3379 velut
3493 3316 3568 3379 ab
3592 3317 3722 3382 ele-

2068 3406 2557 3470 mentisinstituti
2595 3425 2824 3480 sumus,
2866 3414 2926 3469 et
2953 3406 3028 3469 ad
3060 3405 3230 3469 illum
3260 3423 3504 3488 semper
3533 3407 3720 3490 respi-

2067 3497 2283 3562 cimus.
2315 3496 2444 3560 Non
2495 3496 2654 3559 enim
2706 3497 2866 3578 quod
2910 3495 3214 3560 nescimus
3246 3495 3582 3578 loquimur;
3617 3497 3723 3561 sed

2067 3587 2224 3668 quod
2251 3585 2474 3648 scimus
2503 3585 2918 3664 testiﬁcamur,
2943 3587 3224 3670 quoniam
3247 3584 3344 3648 lux
3367 3585 3430 3647 in
3459 3585 3726 3650 tenebris

2059 3678 2184 3756 jam
2216 3677 2456 3740 lucet55
2477 3723 2494 3752 ,
2522 3682 2582 3738 et
2606 3676 2667 3738 in
2699 3683 2898 3752 nocte,
2925 3684 2984 3738 et
3011 3675 3074 3738 in
3093 3674 3217 3751 die,
3239 3682 3298 3738 et
3318 3674 3500 3752 intus,
3537 3683 3598 3738 et
3631 3694 3728 3740 ex-

2067 3777 2177 3832 tra.
2213 3769 2376 3830 Intus
2405 3765 2648 3848 quidem
2689 3767 2753 3827 in
2801 3764 3084 3829 cordibus
3115 3764 3380 3844 nostris;
3414 3774 3579 3828 extra
3607 3784 3720 3830 au-

2064 3867 2183 3920 tem
2214 3859 2275 3920 in
2328 3857 2527 3919 animo
2588 3856 3079 3921 circumlustrans
3137 3872 3245 3918 nos
3274 3855 3405 3918 sine
3447 3874 3717 3938 vespera,

2063 3947 2194 4009 sine
2210 3947 2553 4024 mutatione,
2572 3945 2703 4008 sine
2718 3945 3021 4021 varietate,
3041 3944 3175 4007 sine
3203 3945 3415 4025 figura,
3442 3945 3692 4029 loquens
3704 3995 3721 4023 ,

2063 4055 2339 4118 operans,
2369 4036 2592 4110 vivens,
2627 4042 2684 4097 et
2714 4035 3040 4111 vivificans,
3091 4041 3152 4098 et
3192 4034 3574 4098 collustratos
3623 4035 3721 4098 lu-

2064 4127 2226 4186 mine
2253 4123 2537 4188 reddens.
2561 4123 2684 4188 Nos
2706 4124 3096 4188 testiﬁcamur
3123 4123 3404 4206 quoniam
3429 4123 3587 4187 Deus
3616 4125 3720 4189 lux

2064 4221 2175 4292 est,
2210 4222 2270 4276 et
2298 4212 2402 4294 qui
2431 4213 2595 4293 digni
2643 4221 2782 4276 sunt
2839 4213 3045 4289 habiti,
3106 4221 3172 4275 ut
3220 4232 3358 4276 eum
3413 4213 3715 4291 viderent,

325 4307 444 4402 tata
477 4312 565 4364 est
592 4306 898 4402 agnoscit:
934 4323 1108 4402 quem
1162 4302 1527 4402 intelligens,
1577 4303 1794 4402 gratias
1834 4305 1975 4402 agit,
1999 4349 2046 4402 Β
2065 4321 2272 4402 omnes
2299 4311 2362 4364 ut
2389 4302 2584 4365 lucem
2615 4302 2920 4402 viderunt,
2944 4311 3004 4366 et
3029 4303 3132 4402 qui
3157 4321 3297 4365 eum
3328 4311 3715 4402 acceperunt,

321 4391 552 4475 adorat,
585 4403 644 4456 et
673 4394 1022 4457 immensam
1057 4395 1184 4474 ejus
1226 4393 1556 4455 bonitatem
1587 4391 1872 4455 dilaudat.
1906 4391 2041 4462 At"
2067 4403 2128 4458 ut
2185 4395 2376 4456 lucem
2437 4402 2823 4473 acceperunt.
2879 4392 3170 4466 Quoniam
3246 4391 3530 4474 praecedit
3575 4400 3718 4458 ante

323 4497 464 4542 vero
515 4501 731 4565 corpus
785 4484 858 4545 ad
907 4483 1175 4566 proprias
1220 4480 1574 4563 cupiditates
1621 4481 1842 4544 nullam
1889 4483 1977 4544 vel

319 4573 793 4654 qualemcunque
823 4573 1295 4654 inspirationem,
1351 4577 1454 4633 aut
1493 4571 1845 4647 motionem,
1881 4581 1981 4635 aut

317 4660 735 4739 cogitationem
765 4663 987 4725 habet:
1025 4663 1128 4725 sed
1182 4670 1270 4724 est
1327 4661 1390 4722 in
1448 4661 1542 4723 his
1586 4667 1777 4723 totum
1811 4681 1978 4724 mor-

315 4755 484 4814 tuum
518 4761 576 4814 et
603 4753 898 4815 exanime.
929 4755 1395 4834 Nonnunquam,
1431 4750 1551 4812 imo
1576 4768 1756 4830 saepe,
1795 4751 1978 4814 etiam

317 4859 522 4903 eorum
556 4862 687 4924 quae
705 4843 1034 4905 secundum
1068 4851 1337 4904 naturam
1370 4846 1528 4920 sunt,
1554 4845 1799 4920 propter
1825 4841 1979 4903 assi-

315 4931 491 4994 duam
522 4934 826 4996 animaaiu
885 4933 1067 4996 rebus
1125 4952 1258 5015 quae
1311 4927 1490 5013 supra
1546 4938 1815 4993 naturam
1844 4939 1982 4995 sunt

320 5023 638 5085 mentalem
670 5025 1121 5105 occupationem
1162 5041 1231 5085 ac
1281 5021 1544 5085 studium
1578 5019 1967 5085 obliviscitur.

312 5110 380 5174 Et
399 5121 583 5194 recte,
608 5113 1014 5192 inquitenim:
1045 5112 1282 5193 Spiritu
1306 5109 1634 5183 ambulate,
1661 5117 1720 5170 et
1740 5110 1970 5174 deside-

316 5200 1196 5284 riacarnisnonperﬂcietisiil.
1233 5205 1382 5266 Caro
1417 5199 1615 5279 igitur,
1650 5207 1714 5260 ut
1745 5198 1968 5263 dictum

317 5299 426 5369 est,
464 5311 570 5373 per
596 5293 913 5355 adventum
960 5291 1215 5372 Spiritus
1265 5291 1418 5352 facta
1451 5300 1706 5364 mortua,
1736 5288 1966 5371 imper-

319 5381 582 5444 turbatos
611 5381 687 5445 de
715 5389 930 5445 caetero
959 5400 1061 5444 vos
1091 5380 1410 5462 relinquet,
1440 5385 1500 5442 et
1529 5377 1678 5440 citra
1703 5377 1968 5460 impedi-

2061 4485 2227 4546 illum
2259 4484 2460 4545 lumen
2478 4482 2683 4563 gloriae
2712 4483 2896 4560 illius,
2917 4490 2978 4545 et
3007 4483 3140 4545 sine
3171 4481 3397 4544 lumine
3425 4500 3718 4566 apparere

2063 4594 2180 4637 non
2212 4580 2443 4655 potest:
2479 4573 2700 4656 quique
2730 4574 2861 4655 ejus
2888 4574 3087 4636 lumen
3121 4591 3242 4635 non
3267 4571 3567 4648 viderunt,
3601 4591 3716 4638 nec

2061 4665 2226 4726 illum
2255 4663 2557 4742 viderunt,
2591 4664 2876 4746 quoniam
2905 4664 3035 4744 ipse
3077 4663 3177 4725 lux
3207 4670 3317 4725 est.
3348 4661 3422 4724 Et
3469 4662 3573 4745 qui
3615 4662 3712 4726 lu-

2063 4773 2199 4816 men
2225 4772 2342 4815 non
2365 4761 2747 4834 acceperunt,
2773 4752 3038 4816 nondum
3060 4751 3304 4833 gratiam
3327 4761 3712 4834 acceperunt.

2061 4843 2174 4916 Qui
2204 4861 2460 4924 namque
2489 4842 2733 4922 gratiam
2783 4849 3168 4925 acceperunt,
3226 4841 3430 4903 lumen
3482 4839 3592 4904 Dei
3652 4851 3714 4907 et

2060 4933 2249 4997 Denm
2279 4939 2660 5015 acceperunt,
2719 4933 2873 4996 sicut
2918 4932 3050 5015 ipsa
3103 4932 3202 4994 lux
3259 4929 3531 4994 Christus
3575 4931 3706 4998 ait:

2053 5023 2438 5100 lnhabitabo,
2454 5030 2510 5086 et
2535 5022 2927 5087 inambulabo
2947 5023 3014 5086 in
3027 5024 3114 5086 eis
3137 5021 3192 5066 ³⁸
3217 5071 3232 5084 .
3265 5019 3491 5093 Quibus
3512 5029 3710 5087 autem

2053 5113 2168 5176 hoc
2202 5113 2466 5176 nondum
2489 5113 2760 5194 contigit,
2789 5131 2904 5178 nec
2933 5111 3098 5192 digni
3127 5118 3266 5174 sunt
3289 5109 3498 5189 habiti,
3523 5111 3626 5194 qui
3646 5113 3710 5177 id

2053 5209 2540 5284 assequerentur,
2571 5220 2778 5264 omnes
2834 5202 2898 5265 hi
2949 5200 3060 5264 sub
3112 5200 3244 5282 lege
3293 5207 3429 5262 ante
3457 5200 3709 5282 gratiam

2051 5300 2396 5368 censentur,
2445 5291 2626 5369 servi,
2671 5309 3102 5374 servorumque
3155 5287 3459 5370 discipuli.
3492 5289 3564 5352 Et
3593 5309 3708 5354 au-

2050 5380 2274 5444 ditores
2301 5381 2474 5466 legis,
2525 5381 2752 5446 circum
2804 5381 3081 5445 umbram
3140 5386 3201 5444 et
3245 5386 3452 5463 typum
3509 5378 3708 5446 adhuc

395 5571 460 5624 25
485 5569 658 5634 loan.
688 5587 751 5647 v,
782 5569 911 5650 39.7
967 5567 1032 5620 96
1059 5571 1202 5634 Luc.
1236 5585 1304 5646 ιι,
1342 5567 1579 5650 10,}!1
1658 5564 1722 5650 ?7
1747 5563 1926 5650 Joan.
1958 5586 1983 5650 ξι

2098 5570 2194 5633 19.
2279 5571 2341 5624 98
2393 5569 2586 5639 Galat.
2633 5588 2719 5650 vr,
2753 5571 2854 5635 14.
2937 5570 3000 5624 ²9
3038 5569 3230 5650 Galat.
3252 5585 3344 5650 νίν,
3373 5570 3474 5636 16.
3555 5569 3622 5624 50
3652 5567 3706 5634 II

317 5653 456 5750 Sor.
491 5668 576 5750 tu,
614 5645 742 5714 17(
793 5649 1181 5750 alogum,
1225 5647 1482 5750 {idm-52
1525 5645 1732 5714 Matth.
1762 5663 1840 5750 v,
1898 5647 1999 5714 14.

309 5733 365 5779 εδ
391 5731 578 5797 Levit.
609 5749 773 5809 xxw,
805 5732 923 5808 i2;
957 5729 1013 5797 II
1054 5733 1192 5798 Cor.
1224 5748 1310 5808 vn,
1344 5730 1442 5795 16.

2082 5619 2355 5719 arma.
2397 5619 2719 5718 ἷΞῗ⁹⁶δέἰ²
2751 5619 2887 5720 ea}.
2936 5619 3002 5732 ιὶ,
3041 5619 3484 5718 ⁹σῗ“’ῐιδ’ἰοὶὶζ
3542 5619 3614 5736 ιζ
3641 5619 3702 5719 εἰ
