4160 6420
425 291 550 360 407

1735 282 2041 348 SYMEON
2047 279 2118 345 IS
2156 276 2511 346 JUNIORIS

3698 259 3818 326 408

428 421 806 505 oberrantes,
843 419 951 485 filii
980 419 1239 495 ancillae,
1281 424 1340 482 et
1369 417 1477 482 filii
1509 416 1888 480 tenebrarum
1920 421 2080 505 sunt,
2104 436 2147 474 Α
2167 409 2788 505 omniqueignominia
2807 404 3073 505 undique
3090 401 3505 505 replebantur.
3523 398 3652 505 Nec
3667 399 3822 462 istuc

431 513 558 576 sive
585 489 1004 595 imperatores,
1041 510 1166 574 sive
1209 489 1582 591 patriarchm,
1617 507 1746 595 sive
1787 489 2080 588 episcOpi,
2167 489 2420 595 tantum,
2451 489 2556 564 sed
2610 509 2669 595 et
2714 497 2907 561 omnis
2959 493 3280 595 cujuslibet
3310 489 3462 595 actio
3498 509 3605 552 seu
3637 490 3820 571 bona,

430 602 555 666 sive
585 581 948 679 sacerdotes,
985 581 1109 663 sive
1158 581 1483 682 principes,
1516 581 1639 660 sive
1668 581 1944 676 subjecti,
1980 581 2083 657 seu
2168 611 2275 656 seu
2299 581 2473 673 mala,
2496 589 2694 682 omnis
2725 605 2948 682 sermo,
2982 583 3177 647 omnis
3206 581 3482 682 cogitatio
3515 600 3821 682 commen:

433 692 690 776 profani,
724 710 829 755 seu
858 689 1158 767 monachi,
1191 707 1295 752 seu
1325 698 1560 764 ascetae,
1605 704 1710 776 seu
1760 684 2081 776 praepositi,

432 771 540 846 seu
570 799 889 864 pauperes,
927 798 1030 843 seu
1061 778 1298 854 divites,
1347 796 1452 839 seu
1511 775 1736 864 aegroti,
1799 792 1904 837 seu
1959 771 2087 835 sani

434 863 585 934 sint.
611 869 834 936 Omnes
864 869 1048 946 enim,
1081 867 1184 950 qui
1211 867 1274 929 in
1303 865 1568 929 tenebris
1599 863 1830 940 sedent,
1869 871 1926 924 et
1957 881 2087 943 pce-

435 961 631 1025 nitere
660 960 889 1037 nolunt,
911 957 1019 1022 filii
1040 956 1424 1020 tenebrarum
1457 961 1870 1017 numerantur.
1897 950 2090 1016 Paeni-

437 1050 629 1114 tentia
655 1049 950 1131 siquidem
982 1055 1071 1110 est
1091 1048 1297 1129 janua,
1331 1063 1459 1127 qum
1503 1063 1537 1107 e
1567 1041 1826 1106 tenebris
1866 1041 2086 1114 educit,

436 1147 498 1203 et
527 1139 602 1202 ad
630 1138 836 1202 lumen
865 1136 1134 1201 deducit.
1168 1135 1279 1209 Qui
1310 1134 1490 1214 igitur
1517 1132 1589 1195 ad
1620 1132 1823 1194 lumen
1854 1131 2089 1211 ingres-

2171 682 2428 763 tatioque
2459 670 2530 743 ab
2562 680 2690 761 ipso
2723 679 3014 758 cujusque
3045 681 3179 737 ortu
3208 672 3508 746 videlicet,
3533 690 3727 763 usque
3745 670 3820 732 ad

2171 761 2443 833 ultimum
2476 769 2724 832 halitum
2757 767 2880 829 illic
2911 764 3208 829 collectim
3242 763 3303 824 in
3326 781 3686 843 unoquoque
3717 761 3824 822 ho-

2175 861 2402 924 minum
2435 858 2764 942 apparebit.
2801 860 2872 919 Et
2899 875 3104 938 quam,
3141 873 3365 936 quaeso,
3391 854 3623 917 fratres.
3656 852 3825 932 igno-

2173 950 2419 1012 miniam
2452 969 2585 1012 cum
2619 950 2750 1018 hac,
2779 965 2910 1028 quae
2957 964 3095 1008 vere
3145 944 3270 1007 sola
3323 955 3414 1005 est
3464 943 3817 1024 ignominia.

2173 1048 2312 1102 tunc
2363 1036 2891 1120 comparabimus?
2934 1043 3037 1098 aut
3066 1053 3198 1117 quae
3229 1053 3405 1114 paena
3456 1033 3673 1095 timore
3718 1032 3821 1094 illo

2175 1127 2525 1208 pudoreque
2558 1125 2765 1207 major,
2792 1143 2951 1198 cum,
2985 1130 3049 1184 ut
3077 1122 3306 1184 dictum
3340 1128 3450 1197 est,
3486 1121 3634 1182 adeo
3658 1131 3823 1184 tene-

436 1248 537 1293 sus
566 1247 686 1292 non
716 1235 828 1304 est,
865 1229 1109 1308 januam
1163 1210 1532 1308 poenitentiae
1589 1242 1708 1285 non
1766 1210 2088 1302 beneper-
2170 1215 2360 1308 brosi,
2395 1224 2453 1278 et
2482 1216 2611 1277 sine
2640 1213 3014 1308 illuminante
3040 1212 3252 1308 spiritu
3283 1210 3506 1273 inventi
3547 1210 3822 1308 fuerint?

435 1317 689 1382 transiit.
723 1301 887 1381 Nam
907 1316 958 1379 si
993 1301 1436 1398 pertransisset,
1467 1313 1541 1376 ad
1571 1313 1774 1375 lumen
1806 1301 2087 1374 venisset.
2173 1305 2421 1398 Qualem
2440 1301 3540 1398 porrovitam,qualeoblectamentum
3572 1301 3824 1362 habebit

436 1407 548 1482 Qui
578 1415 774 1470 autem
807 1423 926 1469 non
973 1391 1244 1488 paenitet,
1296 1411 1523 1485 peccat,
1585 1409 1904 1484 propterea
1953 1398 2093 1481 quia
2173 1396 2382 1488 homo,
2414 1395 2515 1488 qui
2638 1393 2903 1488 tenebris
2929 1391 3474 1488 sedet,_ac_me_tuit,
3503 1410 3579 1453 ne
3600 1409 3820 1488 repen-

435 1480 556 1560 non
586 1495 832 1578 poenitet
864 1515 879 1560 :
913 1480 1152 1560 scienti
1181 1480 1345 1556 autin
1374 1480 1618 1569 bonum,
1646 1480 1858 1572 inquit,
1888 1497 1949 1552 et
1967 1480 2094 1552 non
2177 1486 2302 1549 tina
2340 1487 2498 1578 lucis
2541 1483 2973 1578 illuminatione
3007 1481 3402 1578 cogitationis,
3436 1488 3535 1542 aut
3564 1480 3818 1544 actionis

433 1571 710 1668 facienti,
720 1591 1033 1667 peccatum
1050 1583 1470 1649 estilhmJam
1485 1585 1589 1664 qui
1599 1571 1747 1661 facit
1755 1571 2090 1662 peCcatum,
2177 1573 2429 1668 alicujus
2457 1574 2666 1668 sordes
2695 1573 2754 1635 in
2786 1571 3366 1668 ipsoAreperiantur?

435 1661 1231 1756 ξςθνυαεεέιρθοσαείβεοάέι
1262 1661 2149 1754 ἱαεενηξεῐηοηυὲηίῑαάία-Β
2251 1663 2856 1756 Quarestudeamus,
2911 1661 3125 1724 fratres
3175 1661 3317 1756 mei,
3364 1661 3506 1756 hinc
3556 1661 3821 1756 jam_per

439 1784 590 1841 cem,
605 1751 1240 1847 neaizguantdropera
1255 1767 1383 1844 ejus
1395 1751 1471 1823 33.
1499 1761 1667 1824 Nunc
1687 1761 1847 1824 enim
1878 1769 2089 1842 sponte
2171 1754 2579 1847 paenitentiam
2608 1762 2834 1835 portam
2867 1760 3174 1847 augustam
3198 1751 3421 1813 intrare
3443 1752 3523 1829 40,
3545 1751 3822 1847 quodque

440 1865 501 1920 et
528 1863 728 1918 nostro
760 1841 1026 1936 ipsorum
1059 1841 1345 1917 arbitra-tu
1376 1853 1451 1916 ad
1501 1853 1704 1914 lumen
1757 1867 1863 1932 per
1892 1850 2089 1930 poeni-
2172 1845 2333 1908 intus
2365 1852 2457 1936 est
2485 1845 2688 1936 lumen
2719 1851 3015 1936 spectare.
3049 1841 3260 1918 Etiam,
3283 1861 3449 1936 rogo,
3478 1863 3550 1904 no
3573 1841 3820 1904 delicia-

442 1944 692 2010 tentiam
724 1933 979 2024 ingressi
1006 1944 1445 2026 redarguimur,
1477 1941 1901 2022 etjudicamur
1935 1960 1948 2001 :
1986 1940 2090 2003 sed
2175 1953 2312 1996 mus
2349 1933 2675 2026 pulsando,
2725 1933 3070 2026 quaerendo,
3107 1941 3164 2026 et
3197 1933 3458 2026 petendo
3503 1941 3826 2026 antequam

446 2033 694 2116 mystice
717 2032 1012 2112 judicium
1029 2033 1204 2109 istuc,
1231 2040 1291 2095 et
1307 2030 1681 2106 abscondite,
1715 2029 1776 2090 in
1805 2028 2094 2091 interiore

447 2123 782 2186 animarum
812 2131 1148 2185 nostrarum
1179 2121 1480 2196 cubiculo,
1533 2119 1606 2182 ad
1659 2118 2092 2200 purgationem,

447 2219 508 2275 et
531 2211 948 2275 remissionem
981 2219 1360 2294 peccatorum
1393 2217 1732 2274 nostrorum
1763 2207 2102 2270 misericor-

449 2301 570 2378 dia,
607 2308 667 2363 et
693 2300 1059 2381 benignitate
1072 2301 1180 2363 Dei
1202 2300 1495 2381 subimus,
1522 2300 1648 2361 solo
1671 2297 1954 2359 nimirum
1977 2298 2116 2383 Deo

449 2408 549 2454 res
573 2397 804 2451 nostras
833 2389 1060 2452 sciente
1117 2406 1186 2454 ac
1235 2389 1527 2452 intuente.
1575 2385 1701 2450 Hoc
1745 2385 1924 2465 igitur
1980 2393 2098 2446 tam

447 2477 734 2562 praeclaro
782 2477 1014 2557 judicio
1073 2477 1343 2561 quisquis
1394 2476 1490 2538 hic
1541 2475 1845 2557 judicatus
1891 2475 2094 2559 fuerit,

443 2566 606 2631 aliud
637 2567 995 2649 supplicium
1057 2577 1159 2630 aut
1215 2585 1462 2630 examen
1519 2584 1639 2627 non
1697 2563 1951 2641 timebit,
1986 2585 2096 2629 nec

443 2655 803 2719 tentationes
858 2655 971 2719 sibi
1027 2664 1486 2738 superventuras
1529 2652 1892 2716 formidabit.
1945 2653 2094 2716 Tum

2178 2023 2590 2097 exaudiamur,
2617 2031 2676 2084 et
2691 2022 3015 2102 aperiatur,
3038 2031 3095 2083 et
3117 2024 3292 2085 detur
3321 2021 3492 2084 nobis
3529 2044 3540 2082 :
3579 2022 3828 2103 insuper

2180 2112 2374 2176 donec
2404 2112 2655 2192 ingressi
2689 2112 2893 2173 lumen
2924 2111 3307 2192 accipiamus,
3330 2121 3391 2173 et
3422 2111 3568 2174 illud
3595 2113 3825 2173 exstin-

2181 2212 2339 2265 ctum
2373 2203 2432 2264 in
2465 2201 2744 2265 cordibus
2777 2203 2996 2262 nostris
3034 2200 3380 2262 habeamus.
3426 2200 3618 2262 Nolite
3649 2200 3828 2280 igitur

2185 2311 2407 2370 errare,
2441 2293 2678 2355 fratres.
2701 2291 2813 2365 Qui
2837 2291 2897 2352 in
2929 2291 3194 2352 tenebris
3224 2291 3382 2364 vivit,
3418 2300 3582 2352 extra
3609 2291 3825 2352 ostinm

2183 2395 2293 2450 est.
2345 2386 2454 2460 Qui
2503 2394 2700 2448 antem
2745 2404 2812 2446 se
2847 2385 3182 2464 ingressum
3241 2385 3557 2458 existimat,
3608 2391 3667 2446 et
3723 2400 3828 2463 per

2183 2476 2398 2538 ostium
2433 2475 2739 2556 ingressus
2773 2493 2892 2535 non
2924 2483 3033 2548 est,
3069 2474 3248 2535 etiam
3281 2473 3410 2554 ipse
3459 2482 3626 2536 extra
3675 2472 3827 2533 ovile

2182 2573 2294 2628 est.
2327 2565 2391 2627 Si
2421 2565 2580 2628 enim
2612 2565 2708 2626 lux
2736 2563 2964 2639 mundi,
2999 2572 3057 2625 et
3113 2562 3327 2625 ostium
3389 2571 3480 2626 est
3536 2561 3822 2637 Christus,

2180 2655 2426 2718 omnino
2470 2654 2734 2718 lucidum
2768 2654 2981 2715 ostium
3015 2660 3125 2727 est,
3152 2672 3270 2714 non
3301 2653 3517 2715 ostium
3548 2652 3822 2733 simplex.

445 2763 608 2822 vero,
643 2745 759 2806 hoc
790 2755 904 2822 est,
953 2745 1016 2808 in
1074 2746 1328 2808 adventu
1358 2743 1616 2825 Domini,
1679 2741 1752 2804 iis
1807 2742 1909 2824 qui
1939 2762 2097 2806 nunc

447 2833 522 2896 ad
553 2833 754 2896 lumen
783 2835 1010 2912 venire,
1041 2842 1102 2897 et
1129 2833 1202 2896 ab
1233 2835 1360 2916 ipso
1407 2833 1689 2914 judicari,
1741 2832 2097 2914 purgarique
2180 2838 2388 2900 mundi
2419 2845 2530 2913 est,
2565 2857 2684 2900 non
2715 2857 2889 2920 quam
2924 2837 3232 2899 oculorum
3263 2855 3476 2898 sensus
3507 2836 3821 2916 percipiat,

449 2921 681 3000 nolunt,
715 2922 823 2986 sed
850 2922 910 2985 id
943 2923 1218 3000 oderunt,
1271 2923 1431 3005 quod
1474 2921 1652 2984 modo
1683 2920 2094 2983 absconditum
2122 2995 2153 3009 __
2180 2927 2286 2988 sed
2335 2947 2511 3009 quam
2563 2927 2798 2990 animus
2846 2926 3066 3003 videat,
3127 2936 3300 3006 atque
3359 2925 3819 3005 contempletur.

443 3020 539 3092 est
567 3012 771 3074 lumen
799 3012 1178 3092 revelabitur,
1227 3001 1582 3095 occultaque
1631 3012 1845 3074 horum
1896 3001 2327 3081 omniacNam
2353 3001 2446 3081 sol
2479 3017 2598 3094 hic,
2631 3037 2808 3100 quem
2851 3001 3060 3080 sensus
3107 3001 3363 3097 attingit,
3413 3001 3822 3077 tantummodo

447 3102 1004 3169 manifestabuntur.
1035 3103 1108 3166 Et
1135 3103 1342 3186 quales
1371 3121 1532 3166 nunc
1551 3102 2095 3184 sumusunusquis-
2178 3107 2448 3188 corporis
2493 3107 2696 3170 oculos
2739 3105 3035 3168 illuminat
3085 3105 3422 3179 hominum,
3469 3104 3820 3180 bestiarum,

448 3209 566 3274 que
593 3199 886 3271 nostrum,
913 3211 1022 3256 nos
1061 3193 1224 3275 ipsos
1257 3193 1643 3274 occultantes,
1677 3200 1735 3255 et
1764 3209 1872 3274 per
1899 3192 2093 3271 poeni-
2175 3198 2480 3260 volucrum
2518 3219 2532 3259 :
2568 3206 2628 3260 at
2655 3199 2742 3260 sol
2765 3197 2866 3278 qui
2895 3195 3002 3258 sub
3025 3195 3475 3276 intelligentiam
3506 3194 3686 3268 cadit,
3721 3194 3825 3276 qui

445 3281 693 3344 tentiam
728 3290 931 3345 nostra
977 3282 1358 3346 manifestare
1398 3282 1691 3359 nolentes,
1728 3289 1866 3344 tunc
1895 3302 1927 3342 a
1960 3282 2094 3346 luce
2185 3289 2406 3350 mundo
2435 3288 2650 3364 illuxit,
2685 3291 2912 3350 animas
2942 3287 3221 3348 duntaxat
3254 3285 3485 3347 ratione
3517 3285 3819 3366 praeditas,

2178 2747 2251 2810 Et
2279 2749 2381 2830 qui
2409 2748 2471 2810 in
2502 2767 2572 2810 eo
2605 2756 2719 2829 est,
2750 2747 2812 2808 in
2857 2748 2992 2808 luce
3042 2746 3248 2808 mundi
3301 2755 3414 2809 est.
3457 2749 3579 2810 Lux
3627 2753 3825 2808 autem

448 3371 772 3449 manifesti,
806 3381 864 3436 et
891 3374 1081 3456 aperti
1111 3373 1232 3438 Deo
1254 3381 1314 3436 et
1331 3371 1606 3436 omnibus
1635 3391 1864 3450 sumus,
1899 3381 1958 3436 et
1985 3373 2099 3436 eri-

441 3481 578 3526 mus
603 3485 619 3540 ;
644 3470 702 3526 et
729 3463 1073 3544 magnitudo
1101 3463 1347 3548 pudoris
1367 3483 1436 3526 ac
1457 3463 1769 3527 dedecoris
1797 3462 1919 3528 illic
1949 3483 2092 3546 pro-

439 3553 782 3635 spectaculo
810 3553 944 3616 erit.

520 3641 757 3706 Etenim
787 3642 940 3705 sicut
975 3642 1039 3705 in
1085 3643 1263 3706 domo
1315 3644 1525 3723 januas
1576 3641 1740 3704 intus
1791 3641 2096 3706 obseratas

440 3731 725 3810 habente,
756 3731 808 3795 si
839 3731 973 3813 quis
1007 3732 1253 3809 enobis,
1287 3733 1457 3815 quasi
1491 3731 1635 3794 foris
1665 3749 1698 3795 a
1729 3732 1973 3796 nemine
2003 3735 2092 3796 vi-

444 3841 546 3886 sus
576 3823 760 3886 effuse
788 3831 1015 3902 peccet,
1049 3823 1346 3886 adulteria
1375 3823 1628 3896 scilicet,
1664 3831 1765 3885 aut
1793 3825 2094 3889 masculo-

442 3932 578 3978 rum
608 3912 980 3989 concubitus,
1025 3921 1126 3977 aut
1155 3913 1270 3976 alia
1299 3913 1668 3978 exsecranda
1718 3931 2092 3996 perpetrans,

447 4003 668 4067 deinde
691 4001 888 4065 subito
917 4003 978 4065 in
1008 4002 1138 4086 ipso
1169 4003 1390 4084 ﬂagitio
1421 4003 1929 4086 deprehendatur,
1963 4024 2094 4068 ma-

445 4110 622 4172 gnam
653 4091 908 4154 incurrit
937 4092 1244 4154 infamiam
1270 4110 1287 4169 ;
1315 4099 1414 4155 aut
1447 4095 1540 4172 (ut
1566 4092 1725 4155 aliud
1757 4095 2093 4176 exemplum

445 4182 712 4263 demus),
748 4182 797 4244 si
827 4181 960 4264 quis
980 4181 1262 4245 adversus
1287 4201 1488 4263 regem
1507 4182 1756 4246 insidias
1776 4183 2097 4249 meditetur

2178 3396 2374 3460 neque
2413 3379 2518 3441 has
2565 3381 2718 3442 citra
2771 3377 3095 3440 discrimen
3145 3394 3379 3450 omnes,
3425 3384 3483 3437 et
3540 3375 3818 3454 indtgnas

2173 3468 2352 3530 etiam
2383 3469 2723 3531 illuminare
2749 3467 2932 3531 novit.
2966 3466 3135 3531 Haud
3155 3465 3316 3528 enim
3349 3466 3820 3548 inanimus,seu,

2170 3564 2238 3620 ut
2281 3560 2496 3622 melius
2523 3559 2739 3634 dicam,
2768 3577 2885 3618 non
2917 3557 3134 3619 animal
3170 3563 3282 3632 est,
3316 3576 3427 3618 nec
3457 3575 3686 3634 servus,
3722 3563 3824 3618 aut

2177 3655 2450 3710 creatura
2503 3648 2576 3711 ad
2626 3648 2759 3710 aliis
2787 3645 3247 3709 ministrandum
3291 3646 3636 3720 constituta,
3671 3646 3825 3708 sicut

2178 3757 2393 3820 nempe
2425 3739 2537 3802 iste
2567 3739 2656 3802 sol
2686 3756 2864 3820 quem
2901 3736 3225 3812 cernimus,
3261 3737 3480 3818 quique
3511 3735 3699 3797 oritur
3728 3753 3825 3796 su-

2185 3846 2289 3908 per
2297 3830 2493 3910 justos
2517 3828 2868 3910 etinjustos,
2897 3826 3116 3908 probos
3137 3826 3316 3889 simul
3341 3840 3396 3887 el
3420 3825 3725 3907 improbos
3739 3827 3820 3886 41.

2183 3915 2297 3980 Sed
2329 3937 2662 4001 quanquam
2723 3918 2844 3995 lux,
2907 3924 2967 3979 et
3011 3916 3098 3976 sol
3139 3916 3500 3996 nominatur,
3537 3924 3732 3978 tamen
3764 3925 3824 3980 et

2178 4025 2358 4089 supra
2386 4007 2608 4084 lucem,
2641 4015 2699 4068 et
2727 4025 2908 4087 supra
2957 4005 3170 4078 solem,
3204 4011 3262 4066 et
3292 4012 3354 4065 ut
3398 4004 3548 4066 lucis
3577 4022 3646 4065 ac
3679 4004 3821 4066 solis

2177 4097 2455 4160 conditor
2481 4115 2550 4159 ac
2581 4096 2870 4158 Dominus
2899 4110 3011 4168 est,
3061 4093 3200 4169 vita,
3251 4093 3540 4170 vivificus,
3577 4095 3817 4169 veritas,

2169 4187 2418 4269 justitia,
2445 4195 2503 4248 et
2532 4185 2918 4248 sanctiﬁcatio
2941 4185 3024 4257 42,
3059 4184 3332 4264 simplex,
3366 4184 3438 4246 ab
3470 4185 3632 4246 omni
3663 4203 3823 4246 com-

447 4289 666 4354 easque
699 4271 786 4335 illi
825 4271 1046 4353 scripto
1079 4281 1355 4354 exponat,
1387 4281 1486 4335 aut
1515 4272 1565 4336 si
1594 4273 1775 4344 dicat,
1809 4281 2160 4340 statuaturD
2182 4276 2474 4358 positione
2503 4277 2678 4351 liber,
2730 4283 2788 4336 et
2836 4292 3014 4340 omne
3044 4273 3291 4349 bonum,
3329 4283 3381 4337 et
3413 4275 3626 4336 melior
3658 4275 3821 4337 omni

445 4361 613 4425 nefas
639 4361 901 4445 aliquod,
935 4363 1179 4426 omnino
1213 4363 1372 4426 intra
1416 4364 1597 4441 asdes,
1632 4371 1696 4426 ut
1721 4364 1944 4427 dictum
1979 4375 2089 4446 est,

441 4451 704 4528 latitans,
741 4459 873 4533 post
900 4470 1006 4515 rex
1034 4472 1167 4515 cum
1218 4460 1337 4516 toto
1367 4460 1577 4516 senatu
1603 4472 1734 4531 suo,
1769 4463 2092 4519 consueto-

439 4561 556 4623 que
585 4540 864 4604 satellitio
894 4542 1191 4618 adveniat,
1223 4551 1282 4606 et
1312 4543 1553 4606 domum
1606 4543 1825 4624 cingat,
1853 4546 2091 4608 statim-

437 4649 556 4714 que
585 4649 654 4694 ea
682 4637 809 4696 tota
839 4649 1046 4695 eversa
1083 4633 1234 4715 ipse,
1295 4641 1356 4694 et
1402 4632 1605 4696 omnia
1657 4635 1786 4714 ejus
1845 4635 2092 4698 consilia

435 4729 780 4804 appareant,
810 4739 1046 4804 poenam
1070 4741 1342 4804 magnam
1369 4722 1930 4806 damnationemque
1951 4745 2090 4788 sus-

435 4811 621 4885 tinet;
653 4813 725 4875 ad
758 4811 1034 4876 eumdem
1090 4812 1332 4874 modum
1380 4819 1522 4874 tunc
1571 4812 1849 4875 Omnibus
1895 4815 1995 4896 qui
2026 4817 2090 4880 in

433 4901 655 4966 mundo
686 4909 828 4965 sunt
857 4902 978 4966 fiet.
1012 4901 1099 4965 Et
1117 4920 1240 4966 non:
1257 4903 1498 4983 quidem
1521 4903 1823 4965 sicutdz'es
1851 4903 2087 4969 illumi-

429 4993 686 5056 nabitur
704 4992 780 5065 3°,
811 4991 1026 5055 domus
1054 5001 1253 5054 autem
1296 4992 1514 5073 omnis,
1549 5000 1608 5056 et
1662 4993 1971 5075 spelunca,
2026 5004 2090 5061 et

427 5083 646 5145 coelum
677 5081 873 5163 ipsum
929 5100 997 5144 ac
1046 5090 1207 5145 terra
1258 5083 1562 5156 tollentur,
1618 5101 1952 5164 omnesque
1983 5085 2083 5167 qui

425 5172 730 5237 Christum
761 5190 879 5234 non
906 5171 1247 5248 induerunt,
1273 5191 1378 5235 seu
1403 5173 1505 5255 qui
1533 5173 1734 5234 lumen
1756 5190 1876 5234 non
1906 5192 2082 5238 acce-

423 5270 658 5342 perunt,
692 5269 761 5326 ut
789 5280 970 5344 supra
997 5261 1384 5337 docebamus,
1420 5269 1480 5324 et
1515 5261 1577 5323 in
1606 5264 1736 5342 ipso
1769 5262 1934 5344 prius
1965 5283 2084 5327 non

420 5349 684 5430 fuerunt,
718 5360 778 5417 et
806 5353 1008 5416 lumen
1037 5371 1159 5416 non
1187 5351 1455 5429 fuerunt,
1510 5355 1655 5417 nudi
1683 5352 2079 5436 apparebunt,

495 5558 704 5640 ﬁ'gac.
751 5574 834 5639 Iv,
889 5561 991 5628 17.
1074 5561 1332 5627 88Joan.
1384 5578 1475 5640 ιιι,
1521 5562 1621 5629 2t.

414 5637 528 5704 ⁸1
563 5637 700 5706 Cor.
731 5656 778 5719 ι,
811 5637 914 5708 3ο.

2177 4366 2356 4429 bono.
2388 4365 2464 4429 Ut
2493 4365 2670 4445 igitur
2704 4364 2922 4427 veritas
2979 4377 3066 4426 est
3120 4383 3189 4426 ac
3231 4362 3473 4445 dicitur,
3500 4383 3636 4425 vere
3667 4382 3819 4425 can-

2175 4455 2538 4518 vertentibus
2595 4473 2659 4516 se
2711 4453 2926 4516 veritas
2981 4453 3262 4517 efficitur.
3315 4453 3391 4517 Ut
3426 4453 3658 4534 justitia
3703 4462 3814 4528 est,

2177 4565 2416 4610 omnem
2447 4544 2800 4627 injustitiam
2833 4544 3058 4608 exorsis
3081 4543 3312 4624 justitia
3343 4553 3453 4608 est.
3489 4544 3562 4608 Ut
3588 4545 3817 4608 sancti-

2175 4637 2396 4712 ﬁcatio,
2431 4634 2600 4698 elatis
2622 4653 2691 4696 ac
2713 4652 2820 4716 per
2841 4635 3129 4715 lacrymas
3151 4633 3427 4714 purgatis.
3448 4633 3520 4697 Ut
3538 4634 3816 4714 simplex,

2174 4727 2292 4790 illis
2314 4726 2413 4808 qui
2445 4725 2670 4788 nullam
2691 4725 3278 4806 perversitatem,aut
3310 4723 3632 4804 nequitiam
3657 4725 3822 4788 intus

2173 4824 2404 4898 gestant
2434 4816 2495 4877 in
2527 4815 2890 4897 praecordiis.
2930 4816 3007 4879 Ut
3042 4833 3158 4875 non
3185 4818 3570 4897 compositus,
3593 4817 3817 4879 nullam

2171 4905 2606 4989 duplicitatem,
2663 4913 2763 4968 aut
2819 4904 3290 4984 ambiguitatem,
3349 4914 3447 4966 aut
3488 4904 3817 4970 increduli-

2172 5006 2293 5059 tem
2325 4996 2508 5059 animi
2537 4996 2913 5058 habentibus.
2948 4993 3022 5059 Ut
3051 4995 3266 5074 bonus,
3300 4993 3374 5055 iis
3403 4996 3502 5076 qui
3536 4997 3820 5076 spiritua-

2165 5087 2324 5149 libus
2353 5087 2696 5169 penitentize
2726 5086 3034 5168 operibus,
3084 5083 3156 5147 ad
3199 5104 3436 5166 corpus,
3493 5095 3593 5148 aut
3643 5087 3815 5151 vitam

2166 5177 2337 5238 istam
2370 5177 2740 5256 pertinentes
2768 5195 2943 5239 curas
2989 5193 3058 5237 ac
3099 5174 3535 5237 sollicitudines
3567 5197 3685 5240 non
3717 5180 3816 5242 in—

2166 5267 2412 5342 ducunt,
2469 5266 2685 5348 quibus
2738 5285 2808 5328 ea
2859 5265 3148 5327 misceant
3201 5273 3378 5347 atque
3412 5266 3814 5343 confundant;

2165 5356 2271 5420 sed
2304 5356 2464 5419 nuda
2489 5357 2814 5432 voluntate,
2841 5363 2900 5418 ct
2920 5355 3319 5438 applicatione
3339 5357 3524 5419 animi
3550 5358 3611 5420 in
3636 5360 3818 5422 malo-

1707 5565 1764 5612 39
1791 5564 1953 5634 Psal.
2003 5583 2091 5634 cx:

2175 5584 2268 5649 nt,
2327 5565 2426 5632 12.
2512 5566 2576 5619 40
2621 5565 2827 5631 Matth.
2884 5584 2986 5646 vn,
3041 5566 3142 5633 t3.
3230 5570 3284 5621 41
3340 5570 3548 5635 Matth.
3601 5585 3666 5651 v,
3713 5570 3816 5635 45.
