4160 6408
392 348 511 418 409
1860 356 2012 420 ΟΡιΑ

2095 354 2145 420 Ο
2186 356 2351 421 XX.’
3654 348 3775 420 410

383 500 517 545 rum
550 482 835 564 patientia
861 483 938 548 ad
967 503 1107 550 eum
1135 486 1591 564 accedentibus;
1615 505 1869 568 quorum
1902 487 2034 550 sin-
2052 498 2097 545 Α
2125 486 2438 550 sanctusin
2451 485 2757 550 hominem
2777 504 2897 549 non
2919 484 3175 563 venerit,
3204 503 3314 549 nec
3339 487 3483 549 ineo
3505 483 3779 548 habitare

380 572 694 635 ceritatem
726 575 1088 657 approbans,
1116 576 1281 639 omni
1300 575 1459 643 bono
1490 576 1658 640 brevi
1688 595 1792 640 eos
1822 596 2039 640 cumu-
2123 576 2396 655 cognitus
2408 575 2609 654 fuerit,
2625 575 2679 637 al
2707 593 2886 638 enum
2905 574 3275 657 estquemvis
3287 573 3657 656 spiritualem
3675 592 3776 656 ap-

377 660 485 736 lat,
521 671 584 725 et
614 663 907 727 bonorum
939 665 1334 745 intellectum,
1360 666 1898 749 cogitationemque
1917 668 2042 729 vin-
2123 665 2356 747 pellavi.
2374 665 2488 739 Qui
2508 677 2711 728 autem
2730 664 3066 747 spiritualis
3089 665 3352 727 nondum
3377 664 3775 746 estquomodo

375 751 678 830 centibus,
714 755 856 816 dum
889 756 1009 818 illis
1039 757 1361 833 revelatur,
1396 769 1782 841 apparetque,
1837 757 2035 820 statim
2119 762 2361 818 sanctus
2398 754 2564 818 erit?
2604 756 2705 837 qui
2745 763 2987 817 sanctus
3008 753 3277 816 nondum
3305 760 3396 817 est
3416 753 3632 828 factus,
3667 770 3775 841 per

378 842 706 925 participes
732 844 952 909 reddit.
986 847 1051 909 Si
1082 846 1244 909 enim
1289 840 1466 923 bona,
1505 864 1638 927 quae
1677 849 1886 911 oculus
1911 866 2037 911 non
2117 863 2387 925 quaenam
2419 845 2533 907 alia
2565 862 2771 926 opera,
2821 843 3209 926 actionesque
3263 843 3472 907 beatus
3515 840 3775 904 evadet?

376 932 555 1007 vidit,
574 950 683 996 nec
700 935 877 997 auris
890 935 1153 1013 audivit,
1169 954 1277 999 nec
1298 937 1363 1000 in
1378 954 1482 1000 cor
1497 937 1761 1001 hominis
1771 939 2038 1001 ascende-

378 1029 545 1094 runt,
576 1039 709 1102 qua:
735 1027 1104 1105 prteparavit
1134 1025 1302 1088 Deus
1334 1025 1727 1107 diligentibus
1749 1046 1813 1091 se
1826 1028 2031 1104 Eliu-

383 1111 541 1173 mani
569 1112 794 1194 ingenii
825 1122 1061 1196 captum
1084 1115 1396 1191 excedunt,
1433 1124 1493 1179 et
1517 1118 1715 1181 omnia
1736 1136 1869 1199 quas
1892 1136 2029 1181 cer-

383 1201 767 1266 nunturbona
785 1215 1168 1287 exsuperant,
1189 1213 1407 1288 quanto
1431 1205 1617 1286 magis
1633 1206 1761 1287 ipse
1778 1208 1881 1288 qui
1901 1208 2028 1270 haec

382 1292 732 1372 praeparavit
775 1292 936 1356 Deus
970 1312 983 1354 :
1019 1313 1130 1357 nec
1163 1294 1353 1357 solum
1384 1295 1534 1376 ipse,
1576 1295 1683 1358 sed
1719 1295 1895 1358 etiam
1926 1296 2028 1378 qui

378 1397 511 1442 cum
546 1380 772 1459 videre,
798 1387 853 1446 ei
883 1383 1191 1460 assistere,
1220 1391 1423 1447 etcum
1447 1402 1517 1446 eo
1538 1385 1761 1447 versari
1786 1404 2029 1449 merue-

374 1476 514 1529 runt
543 1477 603 1531 et
630 1471 766 1552 ejus
803 1470 1153 1549 divinitatis,
1206 1474 1528 1555 gloriaeque
1584 1483 1911 1554 consortes,
1961 1495 2031 1539 ac

380 1559 702 1641 participes
725 1561 945 1637 eﬂ'ecti,
971 1562 1311 1643 superiores
1335 1563 1579 1625 omnino
1605 1564 1801 1646 bonis,
1834 1564 2031 1645 ipsisa

375 1648 506 1711 Deo
536 1648 783 1731 paratis,
815 1658 1020 1732 utpote
1041 1651 1362 1716 Dominum
1392 1653 1726 1735 ipsum,qui
1755 1653 1910 1717 bona
1933 1656 2031 1718 illa

2113 932 2430 997 Beatitudo
2457 933 2619 997 Deus
2642 934 2942 1016 est,cujus
2970 934 3073 1016 qui
3100 952 3218 997 non
3240 943 3328 997 est
3346 931 3770 1016 particeps,vel

2115 1024 2311 1103 potius
2337 1041 2516 1105 quem
2552 1023 2655 1105 qui
2686 1031 2872 1085 totum
2913 1024 2976 1086 in
3017 1042 3083 1086 se
3119 1043 3237 1086 non
3261 1023 3460 1096 habet,
3495 1042 3610 1104 quo
3634 1029 3769 1082 tan-

2113 1112 2250 1174 dem
2290 1112 2466 1177 modo
2501 1113 2752 1178 beatus?
2782 1114 2966 1192 nullo,
2990 1123 3055 1177 ut
3079 1113 3222 1176 mihi
3243 1113 3489 1195 quidem
3513 1112 3765 1175 videtur.

2113 1201 2213 1266 Sol
2245 1202 2375 1265 sine
2406 1204 2561 1281 luce,
2590 1222 2730 1265 num
2765 1204 2997 1266 dicetur
3025 1204 3166 1266 sol?
3197 1211 3258 1265 et
3304 1203 3482 1265 homo
3514 1199 3767 1282 Spiritus

2112 1290 2302 1353 sancti
2331 1308 2567 1374 expers,
2603 1312 2743 1355 num
2791 1300 3031 1355 sanctus
3059 1292 3339 1356 dicatur?
3368 1291 3585 1357 Estote
3612 1306 3765 1352 san-

2113 1385 2219 1456 cli,
2247 1379 2328 1442 ait
2347 1379 2969 1464 Dominus,quoniam
2987 1400 3092 1461 ego
3121 1390 3365 1445 sanctus
3385 1377 3766 1452 summ-Qui-

2112 1467 2223 1531 bus
2256 1469 2456 1533 verbis
2485 1472 2930 1552 nosjexplorate
2975 1472 3244 1551 cognitos
3288 1477 3636 1551 peccatores
3687 1467 3762 1530 ad

2111 1557 2503 1623 imitationem
2536 1578 2641 1642 per
2674 1579 2857 1642 opera
2888 1560 3230 1623 misericors
3263 1559 3365 1622 ille
3387 1559 3759 1635 cohortatur;

2110 1667 2181 1711 ac
2210 1649 2263 1711 si
2293 1648 2519 1712 diceret
2553 1670 2570 1712 :
2603 1649 2884 1713 Desistite
2932 1669 2966 1712 a
3012 1650 3194 1712 rebus
3246 1648 3560 1731 improbis,
3596 1655 3654 1708 et
3684 1646 3759 1708 ad

375 1738 727 1819 praeparavit
759 1758 864 1821 pro
895 1740 1241 1803 haereditate
1272 1742 1651 1823 possidentes
1680 1746 2024 1808 evaserunt?
2047 1748 2084 1797 Β
2106 1757 2345 1800 omnem
2370 1739 2724 1820 probitatem
2744 1738 3093 1815 incumbite,
3116 1758 3296 1801 omne
3313 1756 3501 1819 genus
3525 1735 3761 1801 virtutis

375 1823 550 1888 Tales
579 1838 777 1891 autem
806 1848 909 1892 eos
942 1833 1222 1906 evasisse,
1256 1839 1313 1893 et
1338 1849 1527 1913 usque
1558 1853 1718 1897 nunc
1745 1836 2018 1913 evadere,

379 1933 499 1978 non
531 1916 665 1979 dico
691 1927 821 1998 post
851 1931 1105 1983 mortem
1126 1922 1342 1998 solum,
1367 1921 1473 1984 sed
1503 1923 1697 1987 adhuc
1726 1928 2021 2004 supersti-

376 2012 491 2081 tes,
508 2013 630 2068 tota
642 2008 925 2072 divinitus
944 2010 1232 2092 inspirata
1250 2011 1556 2093 Scriptura
1576 2013 1771 2090 docet,
1788 2034 2024 2079 omnes-

379 2114 497 2176 que
518 2097 813 2176 pervitam
833 2110 893 2163 et
919 2118 1115 2162 mores
1133 2118 1271 2165 suos
1297 2101 1668 2166 sanctitatem
1691 2106 2016 2183 consecuti,

381 2184 787 2250 testimonium
816 2188 1036 2252 ferunt.
1056 2191 1240 2252 Porro
1270 2199 1610 2253 sanctorum
1642 2193 1769 2256 laus
1799 2196 2016 2271 omnis,

369 2286 428 2335 et
455 2272 764 2339 beatitudo
794 2277 889 2340 his
918 2277 1149 2340 duobus
1173 2287 1424 2355 constat,
1459 2282 1785 2345 orthodoxa
1806 2284 1945 2361 ﬁde,
1962 2294 2022 2348 et

369 2361 655 2427 laudabili
676 2365 814 2430 vita.
838 2365 983 2430 Item
1014 2367 1172 2429 dono
1205 2369 1393 2431 sancti
1424 2370 2017 2452 Spiritus,etcharis-

373 2460 596 2515 matum
629 2456 782 2538 ejus,
818 2455 1050 2519 duobus
1075 2457 1235 2520 enim
1269 2458 1362 2520 his
1380 2460 1493 2522 hoc
1513 2460 1753 2523 tertium
1779 2464 2026 2545 copula-

374 2549 491 2603 tur.
524 2545 676 2608 Nam
707 2564 841 2608 cum
873 2546 1005 2628 quis
1028 2546 1206 2609 vitam
1241 2547 1417 2625 bene,
1451 2556 1509 2611 et
1538 2568 1672 2612 cum
1703 2553 2026 2617 amoreDei

373 2631 661 2708 traduxit,
696 2653 831 2696 cum
859 2652 1040 2697 sensu
1073 2634 1431 2714 orthodoxo,
1453 2644 1511 2699 et
1540 2639 1724 2718 gratia
1746 2639 2019 2724 donatus,

375 2727 552 2802 atque
572 2740 607 2783 a
630 2724 754 2785 Deo
782 2741 888 2805 per
912 2724 1103 2786 sancti
1123 2725 1376 2806 Spiritus
1407 2726 1633 2790 donum
1663 2729 2023 2809 gloriﬁcatus

376 2817 487 2885 est,
521 2809 835 2874 comitatur
864 2812 1033 2875 illum
1061 2812 1211 2891 laus,
1247 2829 1305 2876 et
1332 2814 1408 2877 ab
1438 2815 1601 2877 omni
1628 2817 1892 2880 fidelium
1913 2822 2023 2883 Ec-

370 2897 572 2990 clesia,
607 2899 696 2990 ab
713 2901 1110 2985 omnibusque
1138 2904 1438 2982 magistris
1467 2906 1599 2986 ejus
1628 2906 1837 2972 beatus
1868 2928 2016 2990 prte-

371 2986 627 3079 dicatur.
658 2988 806 3053 Fide
827 2999 1048 3070 autem,
1068 3000 1126 3054 et
1147 2993 1431 3075 operibus
1460 2993 1720 3076 perfecte
1745 2986 2021 3079 non—sup-

2106 1846 2214 1909 pro
2234 1827 2460 1890 viribus
2481 1828 2698 1893 vestris
2720 1828 3172 1910 consectemini,
3198 1837 3253 1892 et
3270 1840 3556 1909 quantum
3583 1833 3756 1907 pote-

2102 1915 2232 1993 stis,
2248 1916 2439 1979 sancti
2459 1918 2712 1999 evadite,
2729 1917 2780 1980 si
2800 1919 2975 1980 modo
3002 1918 3485 1981 communionem
3521 1933 3755 1979 mecum

2103 2006 2329 2070 habere
2374 2008 2748 2072 desideratis.
2784 2011 2905 2089 Ego
2960 2013 3118 2072 enim
3169 2018 3408 2072 sanctus
3452 2027 3607 2082 sum,
3641 2007 3757 2068 hoc

2105 2104 2215 2170 est,
2251 2098 3017 2178 puruskincontaminatus,
3046 2098 3226 2181 idque
3252 2097 3611 2162 natura.Vos
3642 2115 3754 2159 au-

2104 2193 2220 2247 tem
2241 2186 2300 2248 in
2320 2189 2618 2251 mandatis
2641 2187 2792 2250 meis
2817 2189 3217 2270 exsequendis
3244 2188 3316 2250 ab
3340 2188 3756 2267 inquinamen-

2103 2275 2180 2336 tis
2203 2284 2581 2356 peccatorum
2602 2276 2997 2359 abstinentes,
3023 2278 3257 2359 meique
3281 2278 3603 2359 participes
3631 2294 3760 2356 gra-

2070 2364 2185 2428 .tia
2229 2367 2486 2447 Spiritus
2530 2367 2647 2429 mei
2694 2366 2853 2448 facti,
2904 2369 3094 2429 sancti
3133 2386 3369 2450 quoque
3403 2366 3593 2429 eritis.
3628 2365 3755 2427 Hoc

2110 2455 2270 2517 enim
2294 2455 2407 2517 sibi
2439 2456 2583 2532 vult,
2610 2456 2831 2520 Estote.
2859 2459 3011 2535 Ergo
3032 2457 3186 2519 mala
3210 2456 3493 2537 fugiendo
3520 2464 3577 2517 et
3600 2454 3758 2516 bona

2108 2544 2411 2624 operando
2440 2545 2507 2606 ﬁt
2536 2554 2776 2607 sanctus
2805 2547 2984 2608 homo
3014 2567 3027 2609 :
3064 2565 3182 2608 non
3215 2546 3382 2627 quasi
3406 2543 3650 2608 omnino
3683 2561 3757 2605 ex

2108 2633 2390 2715 operibus
2411 2631 2820 2699 sanctiﬁce‘tur
2836 2635 3004 2717 (Non
3042 2641 3204 2699 enim
3205 2634 3647 2717 justi/imbitur
3676 2649 3756 2695 ea:

2107 2724 2387 2804 operibus
2416 2723 2566 2805 legis
2607 2727 2804 2788 omnis
2839 2731 3051 2788 anima
3077 2728 3185 2801 51),
3220 2725 3322 2787 sed
3364 2728 3503 2806 quia
3546 2729 3753 2785 sancto

2104 2812 2229 2875 Deo
2259 2832 2365 2895 per
2393 2814 2736 2896 hujusmodi
2780 2814 3080 2877 actionum
3112 2814 3650 2896 frequentationem
3685 2830 3750 2873 se

2101 2903 2689 2986 adjungit,’eumque
2718 2904 2830 2967 sibi
2860 2904 3163 2968 conciliat.
3193 2904 3317 2968 Hoc
3349 2922 3525 2986 porro
3566 2901 3748 2963 etiam

2100 2995 2173 3056 ad
2205 3012 2330 3070 eos,
2365 2993 2466 3075 qui
2489 2995 2616 3075 jam
2647 2992 2923 3075 {Spiritus
2969 2994 3214 3074 gratiam
3264 2998 3651 3075 acceperunt,
3687 2998 3747 3053 et

365 3077 600 3158 positis,
620 3080 988 3143 adorandum
1017 3101 1086 3143 ac
1109 3082 1373 3145 divinum
1387 3084 1677 3167 scriptum
1707 3077 2008 3171 advenire,
2032 3112 2073 3164 ε
2100 3083 2305 3165 magis.
2326 3084 2566 3165 quidem
2597 3083 2916 3148 Dominum
2948 3085 3151 3147 dicere
3181 3084 3416 3166 opinor.
3452 3081 3564 3157 Ουί
3588 3098 3747 3163 Dm-

362 3174 422 3229 et
491 3168 715 3232 donum
765 3171 896 3251 ejus
950 3175 1221 3253 accipere
1276 3191 1633 3255 quemquam
1693 3168 2005 3242 hominum

356 3255 730 3339 impossibile
761 3268 881 3343 est;
915 3263 1067 3323 sicut
1096 3262 1272 3325 etiam
1304 3272 1541 3325 sanctus
1567 3264 1826 3328 Jacobus
1868 3268 1952 3333 ait
1986 3291 2000 3332 :

364 3347 527 3435 Quid
550 3350 830 3429 proderit
850 3351 1071 3430 fratres
1101 3354 1244 3432 mei,
1294 3354 1352 3415 si
1380 3353 1709 3433 quideicat
1736 3356 1913 3435 [idem
1940 3377 2006 3422 se

357 3434 601 3512 habere,
616 3456 798 3526 opera
828 3448 1034 3503 autem
1062 3440 1204 3520 ﬁdei
1234 3458 1358 3504 non
1387 3441 1649 3505 habeat?
1678 3434 1826 3507 num
1849 3446 2003 3526 ﬁdes

364 3541 505 3586 eum
536 3525 772 3591 salvare
787 3534 978 3609 potest
1004 3532 1031 3592 ?
1056 3528 1369 3606 Quomodo
1415 3532 1574 3594 enim
1623 3525 2005 3614 corpussine

362 3614 583 3692 spiritu
603 3623 905 3681 mortuum
927 3624 1034 3693 est,
1050 3625 1138 3682 sic
1152 3619 1303 3700 ﬁdes
1312 3622 1448 3683 sine
1464 3622 2007 3702 operibusmortua

365 3703 531 3798 esui
558 3703 638 3798 _Et
657 3705 874 3770 iterum
905 3726 919 3772 :
956 3707 1030 3772 Si
1049 3711 1247 3789 frater
1276 3717 1382 3775 aut
1411 3712 1601 3774 Soror
1628 3715 1783 3777 nudi
1804 3722 2009 3798 sint,et

363 3794 718 3884 quotidiana
733 3799 892 3860 victu
914 3805 1159 3878 egeant,
1192 3800 1355 3862 dicat
1384 3808 1589 3863 autem
1618 3802 1844 3884 aliquis
1869 3794 2008 3869 ves-

228 3928 261 3943 -
357 3887 519 3946 trum
532 3882 682 3966 illis,
697 3884 790 3948 Ite
810 3886 878 3949 in
889 3904 1059 3967 pace,
1081 3889 1513 3968 calefaeimini,
1527 3898 1583 3953 et
1607 3908 1676 3954 sa
1684 3882 1951 3957 turamin
1961 3898 2004 3971 i,

348 3989 470 4034 non
485 3974 725 4037 dederit
746 3982 948 4039 autem
963 3979 1047 4039 eis
1075 3995 1209 4059 quas
1224 3981 1571 4042 necessaria
1586 3989 1728 4044 sunt
1742 3987 2001 4067 corpori,

346 4063 496 4143 quid
506 4065 816 4143 proderit?
826 4067 915 4129 sic
930 4072 984 4129 et
994 4067 1162 4145 fides,
1179 4069 1301 4131 nisi
1311 4087 1490 4149 opera
1502 4070 1742 4147 habeat,
1757 4063 2004 4137 martua

346 4157 437 4240 est
453 4157 521 4215 in
540 4155 867 4236 semetipsa
880 4156 965 4215 45.
984 4156 1124 4220 Haec
1148 4167 1208 4220 et
1228 4157 1492 4222 Joannes
1514 4162 1845 4240 apostolus:
1881 4163 2001 4227 Fi-

346 4238 503 4315 lioli,
519 4260 643 4305 non
662 4243 1004 4324 diligamus
1022 4246 1226 4322 verbo,
1246 4266 1438 4329 neque
1456 4238 1694 4330 lingua,
1708 4252 1814 4313 sed
1827 4269 2001 4332 opere

2090 3181 2291 3261 cipere
2321 3177 2574 3253 videtur,
2626 3196 2747 3239 non
2796 3178 3103 3241 ﬁdendum
3129 3178 3310 3253 dono,
3338 3185 3397 3240 et
3419 3196 3525 3259 per
3570 3174 3749 3239 desi-

2088 3271 2249 3334 diam
2282 3267 2357 3329 ad
2373 3267 2509 3328 vitia
2523 3274 2577 3328 et
2597 3275 2838 3348 peccata
2857 3267 3255 3350 redeundum,
3276 3280 3336 3330 et
3358 3267 3717 3348 quodammo
3731 3299 3748 3310 -

2087 3359 2163 3421 do
2177 3357 2269 3420 his
2286 3356 2367 3417 uti
2383 3354 2599 3417 verbis.
2617 3357 2850 3418 Heustu
2867 3354 3303 3434 spiritualis,ne
3322 3364 3377 3418 te
3393 3356 3511 3417 otio
3530 3353 3741 3429 dedas,

2086 3445 2188 3528 qui
2214 3446 2460 3526 gratiam
2491 3443 2995 3526 sancti-Spiritus,
3020 3453 3078 3507 et
3114 3463 3224 3526 per
3242 3445 3407 3507 illam
3434 3462 3529 3506 me
3560 3460 3739 3506 acce-

2089 3536 2249 3620 pisti.
2302 3533 2498 3599 Otium
2547 3535 2708 3597 enim
2767 3543 3011 3615 generat
3062 3536 3412 3618 nequitiam,
3473 3531 3740 3615 nequitia

2090 3644 2270 3689 omne
2327 3642 2514 3704 genus
2562 3624 2837 3686 vitiorum
2892 3634 3191 3707 procreat.
3224 3624 3519 3689 Mandatis
3563 3623 3743 3703 igitur

2092 3712 2358 3797 quotidie
2408 3712 2719 3776 servandis
2758 3721 2999 3776 sanctus
3029 3721 3177 3786 esto,
3211 3713 3510 3796 siquidem
3545 3731 3640 3774 me
3674 3711 3736 3773 in

2091 3814 2171 3880 te,
2211 3812 2272 3865 et
2304 3812 2527 3878 tecum,
2562 3803 2710 3882 et:te
2740 3802 2802 3864 in
2835 3822 2949 3877 me,
2980 3811 3039 3866 et
3072 3822 3305 3866 mecum
3337 3821 3470 3866 esse
3499 3802 3607 3866 vis.
3629 3801 3738 3864 Ni-

2088 3892 2170 3955 hil
2202 3896 2365 3955 enim
2391 3897 2541 3954 adeo
2574 3911 2642 3954 ex
2674 3892 2953 3954 omnibus
2982 3892 3329 3956 inconstans
3362 3900 3419 3955 et
3452 3891 3740 3954 mutabile

2089 3990 2198 4058 est,
2235 3990 2298 4044 ut
2343 3998 2512 4043 mens
2559 3984 2843 4058 humana,
2897 3989 3021 4045 tum
3071 3983 3330 4065 denique
3377 3981 3736 4059 consistens,

2086 4090 2221 4134 cum
2252 4070 2428 4135 ﬂuxis
2458 4078 2518 4133 et
2547 4073 2787 4153 creatis,
2822 4084 2881 4134 et
2912 4091 3045 4154 quae
3074 4081 3405 4136 cernuntur
3452 4072 3738 4135 omnibus

2083 4162 2348 4244 rejectis,
2382 4160 2661 4225 tenebras
2685 4162 2902 4244 quibus
2931 4163 3428 4226 circumfunditur
3459 4170 3738 4244 pertran-

2085 4250 2255 4314 sierit

345 4337 407 4391 et
425 4332 775 4396 veritatem.
789 4334 872 4398 Et
892 4351 912 4396 :
935 4334 1011 4398 1n
1030 4334 1139 4400 hoc
1161 4327 1587 4415 cognoscimus,
1608 4327 1900 4418 quoniam
1921 4359 1997 4405 ex
2016 4327 2062 4378 Ῑ)
2159 4338 2449 4413 Quoniam
2476 4358 2612 4401 vero
2637 4339 2762 4404 haec
2786 4340 2867 4402 ita
2898 4360 2962 4405 se
2983 4341 3230 4417 habent,
3259 4349 3315 4404 et
3345 4358 3514 4402 mens
3531 4358 3631 4402 res
3647 4349 3739 4402 est

344 4420 603 4484 veritate
631 4433 939 4505 sumus,et
979 4425 1046 4487 in
1086 4434 1403 4507 conspectu
1443 4428 1572 4507 ejus
1610 4429 1997 4494 suadebimus

344 4510 533 4573 corda
547 4519 776 4586 nostra,
788 4516 1077 4595 quoniam
1098 4517 1154 4579 si
1161 4516 1613 4597 reprehenderit
1628 4536 1739 4581 nos
1754 4536 1858 4583 cor
1868 4539 1998 4584 nos-

343 4604 509 4660 trum
520 4648 537 4675 ,
560 4604 761 4680 major
779 4610 869 4666 est
889 4604 1040 4667 Deus
1056 4605 1235 4668 corde
1250 4610 1565 4681 nostro,'et
1576 4609 1743 4672 novit
1764 4613 1992 4676 omnia.

336 4684 413 4780 Si
439 4692 603 4780 enim
614 4707 728 4780 eor
748 4699 1028 4756 nostrum
1053 4711 1178 4757 non
1208 4696 1671 4775 reprehenderit
1685 4716 1818 4774 nos,
1831 4700 1996 4780 fidu-

339 4776 497 4839 ciam
524 4777 818 4844 habemus
847 4783 926 4845 ad
961 4785 1175 4865 Deum,
1208 4791 1264 4847 et
1293 4786 1594 4865 quidquid
1624 4776 1996 4868 petierimus,

338 4868 726 4946 accipiemus,
750 4873 1039 4952 quoniam
1061 4874 1368 4937 mandata
1398 4878 1529 4953 eius
1555 4879 1927 4942 custodimus
1947 4889 2003 4946 et

337 4971 407 5015 ea
418 4972 489 5017 ea
502 4974 636 5037 quia
655 4968 798 5021 sunt
814 4961 1052 5041 placita
1063 4980 1274 5026 coram
1291 4981 1362 5025 eo
1380 4965 1641 5043 facimus
1661 4967 1745 5026 47.
1759 4971 1823 5030 Et
1842 4969 2001 5033 :Hoc

336 5049 426 5139 est
454 5047 821 5139 mandatum
842 5049 1077 5139 ejus,ut
1109 5051 1435 5115 credamus
1467 5054 1535 5139 in
1570 5056 1827 5120 nomine
1855 5057 2002 5121 Filii

337 5133 470 5225 ejus
487 5135 634 5198 Jesu
657 5135 914 5207 Christi,
933 5146 989 5202 et
1013 5158 1316 5203 servemus
1329 5134 1620 5206 mandata
1646 5146 1775 5225 ejus
1785 5148 1869 5211 48.
1883 5148 1990 5214 Et.

339 5221 466 5313 Qui
476 5233 678 5313 servat
694 5232 991 5292 mandata
1006 5231 1154 5310 ejus,
1185 5232 1251 5293 in
1277 5231 1400 5295 Deo
1423 5241 1647 5313 manet,
1668 5221 1725 5298 et
1749 5239 1905 5301 Deus
1932 5245 1999 5302 in

332 5310 503 5401 eoin
518 5312 631 5378 hoc
650 5322 858 5380 autem
878 5320 1495 5401 cognoscimusquod
1516 5327 1579 5385 in
1601 5310 1775 5387 nobis
1799 5339 2009 5393 ntunet

329 5416 413 5461 ea:
430 5399 676 5483 Spiritu
713 5422 887 5485 quem
927 5399 1095 5471 dedit
1129 5407 1305 5472 nobis
1322 5399 1406 5473 59.
1425 5408 1573 5472 Nam
1618 5412 1668 5473 si
1712 5411 1994 5495 Spiritus,

401 5618 708 5693 “lCor

2080 4447 2320 4511 semper
2352 4429 2617 4501 mobilis,
2647 4449 2950 4511 nunquam
2986 4432 3138 4512 potis
3158 4432 3566 4513 requiescere,
3601 4447 3732 4491 eam

2080 4518 2421 4601 sallicitam,
2458 4520 2911 4600 divinarumque
2958 4521 3153 4601 legum
3213 4520 3540 4583 studiosam
3603 4536 3735 4580 esse

2080 4618 2339 4687 oportet,
2374 4628 2507 4671 cum
2540 4607 2764 4688 alioqui
2788 4610 2903 4672 vita
2931 4610 3128 4672 omnis
3159 4610 3418 4672 humana
3447 4608 3735 4671 sollicitu-

2080 4696 2285 4759 dinum
2320 4706 2377 4759 et
2399 4717 2675 4760 curarum
2710 4698 2887 4779 plena
2914 4699 3012 4775 sit,
3049 4708 3107 4761 et
3137 4718 3205 4762 ex
3238 4717 3303 4761 re
3345 4698 3510 4760 nulla
3540 4698 3734 4779 possit

2081 4786 2342 4867 quietem
2397 4805 2631 4869 capere,
2687 4807 3023 4869 quanquam
3058 4789 3116 4850 id
3167 4788 3338 4850 multi
3369 4806 3548 4869 supra
3577 4785 3735 4848 vires

2081 4893 2217 4937 suas
2255 4876 2716 4959 facultatemque
2743 4879 3225 4958 contenderunt.
3264 4877 3417 4951 Quin
3449 4876 3521 4938 ab
3558 4874 3734 4937 initio

2083 4984 2154 5028 ea
2174 4966 2522 5029 conditione
2554 4967 2830 5030 conditus
2853 4982 2943 5029 est
2966 4968 3167 5030 homo.
3202 4967 3459 5048 Operari
3483 4967 3644 5029 enim
3668 4975 3726 5027 et

2082 5055 2383 5118 custodire
2416 5056 2755 5138 paradisum
2780 5056 2983 5138 jussus
3013 5064 3101 5120 est
3144 5058 3429 5138 Adamus,
3481 5065 3539 5119 et
3582 5054 3724 5117 dum

2079 5149 2152 5210 ad
2184 5148 2559 5213 honestatem
2606 5168 2939 5226 movemur,
2990 5159 3200 5213 natura
3248 5167 3586 5232 operemur.
3617 5147 3728 5221 Qui

2080 5237 2305 5320 itaque,
2325 5239 2444 5301 otio
2462 5246 2521 5302 et
2543 5238 2778 5302 inertiae
2797 5239 3029 5322 seipsos
3049 5240 3443 5322 tradiderunt,
3469 5242 3728 5322 quicun-

2080 5346 2196 5407 que
2225 5328 2464 5397 fuerint.
2499 5327 2723 5409 aiioqui
2753 5330 2946 5392 sancti
2975 5338 3033 5392 et
3061 5329 3425 5411 spirituales,
3448 5330 3507 5392 in
3540 5330 3725 5393 aﬂ'ec-

2081 5420 2273 5482 tiones
2300 5426 2525 5480 natura;
2545 5435 2753 5499 parum
2776 5429 3211 5482 consentaneas
3231 5438 3297 5481 se
3327 5419 3722 5501 praecipitant.

908 5628 1003 5719 βε.
1058 5625 1307 5719 the.
1340 5646 1532 5719 ξων»
1584 5629 1800 5719 14:26.
1857 5633 2012 5719 15-1

2095 5638 2153 5702 d.
2192 5639 2412 5703 15-17.
2498 5638 2616 5706 461
2672 5643 2840 5707 Joan.
2900 5654 2990 5719 tu,
3026 5642 3128 5707 t8.
3212 5640 3274 5692 ‘7
3310 5638 3462 5706 Ibid.
3502 5639 3724 5710 19-22.

401 5641 456 5663 ω
512 5641 536 5685 ι
588 5641 727 5693 uor.
786 5641 850 5705 ιι,
908 5641 972 5690 9.
1058 5641 1113 5670 θ’·
1161 5641 1286 5693 Jac.
1346 5646 1532 5707 xxx",
1584 5641 1800 5698 14—26.
1887 5641 1941 5678 45
1995 5641 2153 5702 Ibid.
2192 5641 2377 5703 15-17

314 5700 562 5767 481bid.
593 5704 696 5771 23.
768 5705 851 5757 '49
874 5705 1030 5773 Ibid.
1061 5706 1163 5772 24.
1245 5709 1310 5763 50
1337 5710 1526 5775 Levit.
1550 5728 1635 5789 χι,
1670 5714 1769 5779 44.
1855 5714 1912 5767 δι
1945 5714 2139 5786 Galat.
2170 5735 2237 5797 II,
2279 5721 2377 5788 16.
