4160 6410
395 299 513 365 413

1891 301 2178 366 ORATIO
2220 303 2384 365 XXI.

3666 298 3783 364 414

388 440 508 496 tate
535 440 594 495 et
624 435 859 496 honore
885 435 1048 514 regio
1081 435 1504 515 praecellentes
1532 435 1606 497 ab
1638 435 1728 496 his
1747 434 1851 516 qui
1882 433 2046 514 lupa—
2063 440 2108 490 Α
2127 433 2454 512 spiritualis
2476 434 3065 516 notitia,ibiquoque
3088 435 3286 497 luctus
3313 433 3533 513 gaudio
3551 433 3787 495 mistus.

395 523 563 585 naria
597 523 845 598 obeunt,
879 523 1207 587 abhorrent
1235 542 1248 588 :
1287 533 1345 587 et
1375 532 1660 606 quantum
1695 524 1794 606 qui
1826 542 1971 606 pura
1995 533 2056 584 et

398 611 620 672 munda
648 612 996 674 vestimenta
1022 612 1232 686 induti,
1263 623 1322 675 et
1380 615 1863 676 suaveolentibus
1937 631 2052 673 un—

398 700 644 780 guentis
674 701 874 780 perliti
905 709 1062 778 sunt,
1085 703 1548 780 graveolentiam
1578 722 1646 764 ac
1680 703 1867 765 lutum
1891 719 2053 764 aver-

397 799 623 850 santur.
662 789 772 863 Qui
806 790 964 852 enim
999 792 1068 853 ad
1106 811 1286 854 unum
1333 793 1573 870 aliquod
1610 793 2050 854 nominatorum

396 899 530 942 sese
565 881 881 956 convertit,
905 883 1155 961 regnum
1184 882 1328 944 illud
1353 884 1640 944 caelorum
1665 901 1861 962 neque
1884 881 2047 958 vidit,

394 987 592 1050 neque
622 968 848 1043 olfecit,
884 989 1076 1046 neque
1099 971 1544 1051 jucunditatem
1581 979 1637 1032 et
1666 970 2048 1033 dulcedinem

397 1059 527 1138 ejus
554 1058 907 1138 degustavit.
941 1061 1172 1122 Deinde
1207 1080 1220 1120 :
1268 1083 1289 1116 α
1319 1063 1493 1124 Beati
1519 1062 1625 1140 qui
1653 1062 1880 1141 lugent,
1906 1077 2051 1140 quo-

398 1149 568 1210 niam
604 1149 724 1229 ipsi
754 1149 1226 1213 consolabuntur
1245 1149 1330 1213 64.
1361 1176 1387 1206 »
1415 1149 1739 1213 Videamus
1769 1148 2053 1210 nuncite-

399 1257 555 1314 rum,
595 1246 652 1299 et
682 1237 744 1299 in
778 1247 1011 1300 nosmet
1040 1239 1442 1320 inquiramus,
1475 1259 1615 1301 num
1647 1241 1879 1302 huncce
1919 1239 2050 1299 luc-

401 1334 521 1388 tum
557 1327 615 1389 in
649 1327 827 1390 nobis
857 1329 1209 1403 habeamus,
1242 1340 1301 1392 et
1330 1350 1598 1411 qumnam
1625 1329 2056 1391 sitistaconso-

396 1416 566 1492 latio,
601 1438 732 1500 qua;
778 1418 972 1480 luctus
1023 1421 1202 1499 hujus
1248 1439 1450 1482 comes
1496 1421 1736 1482 dicitur.
1789 1419 2052 1480 Primum

399 1505 644 1586 quidem
680 1527 977 1589 pauperes
1007 1509 1218 1589 spiritu
1253 1509 1456 1572 beatos
1485 1509 1820 1583 afﬁrmavit,
1852 1513 2056 1588 utpote

394 1613 646 1674 quorum
668 1597 744 1658 sit
775 1615 1022 1676 regnum
1063 1598 1374 1660 ccelorum.
1410 1597 1705 1679 Pauperes
1735 1605 1956 1667 autem,
1992 1605 2057 1658 ut

2135 521 2223 584 Ibi
2254 524 2394 586 item
2419 525 2645 606 jugiter
2671 532 2982 587 manantes
3021 525 3319 606 lacrymae,
3355 542 3484 604 qua;
3527 523 3786 584 animam

2136 612 2291 674 hanc
2334 623 2629 676 amantem
2663 623 2937 696 purgent,
2968 633 3037 676 ac
3068 631 3312 695 prorsus
3356 612 3784 674 lucidissimam

2136 704 2412 767 reddant.
2441 705 2556 768 Per
2580 706 2704 766 haec
2736 705 2914 784 igitur
2933 705 3132 766 anima
3161 722 3398 765 sursum
3425 700 3782 782 respiciens,

2139 802 2198 855 et
2238 793 2556 858 Dominum
2607 813 2782 855 suum
2833 811 3207 875 cognoscens
3247 791 3509 872 reliquas
3539 791 3788 851 virtutes

2137 883 2405 945 studiose
2438 883 2788 964 progignere
2819 883 2950 948 sibi.
2994 894 3053 946 et
3085 882 3317 945 Christo
3367 880 3621 943 orditur.
3662 881 3789 942 Nec

2137 972 2461 1034 immerito.
2519 974 2760 1051 lrrigata
2806 973 2965 1035 enim
3011 976 3408 1045 continenter,
3441 978 3498 1032 et
3530 969 3782 1050 pingue-

2137 1080 2310 1123 scens
2341 1061 2638 1144 lacrymis,
2675 1071 2733 1124 et
2756 1061 2907 1124 iram
2928 1062 2988 1124 in
3011 1080 3076 1124 se
3111 1061 3347 1142 penitus
3378 1059 3784 1136 exstinguens,

2138 1150 2298 1213 mitis
2331 1161 2570 1233 totaque
2600 1152 2670 1213 ad
2703 1152 3083 1214 irascendum
3130 1149 3460 1212 immobilis
3503 1146 3782 1209 eﬂicitur.

2135 1241 2517 1323 Concupiscit
2545 1249 2744 1304 autem
2785 1250 2842 1304 et
2891 1241 3138 1322 appetit,
3173 1239 3444 1301 esuriens
3489 1236 3692 1309 simul,
3727 1243 3790 1296 et

2136 1330 2348 1392 sitiens
2396 1330 2628 1393 discere
2673 1331 3127 1411 justiﬁcationes
3158 1329 3288 1390 Dei.
3333 1325 3400 1388 In
3435 1327 3524 1388 his
3557 1343 3693 1387 vero
3725 1331 3786 1386 et

2138 1419 2307 1481 misen
2327 1420 2507 1496 icors,
2537 1428 2594 1482 et
2625 1420 2838 1481 alienis
2867 1418 3266 1481 incommodis
3296 1417 3508 1479 dolens
3534 1415 3599 1477 ﬁt
3625 1434 3638 1474 :
3669 1432 3785 1494 quo

2139 1527 2208 1570 ex
2243 1509 2335 1571 his
2364 1510 2644 1573 omnibus
2671 1510 2871 1571 cordis
2904 1510 3034 1589 ejus
3067 1508 3290 1589 puritas
3335 1504 3700 1587 perﬁciatur,
3728 1509 3785 1563 et

2137 1597 2265 1679 ipsa
2296 1600 2482 1662 Deum
2503 1600 2718 1671 videat,
2748 1600 2998 1679 ejusque
3021 1597 3264 1677 gloriam
3299 1593 3628 1657 secundum
3653 1610 3785 1672 pro-

393 1683 727 1760 docuimus,
771 1687 936 1748 hisce
963 1687 1352 1767 praesentibus
1378 1687 1551 1768 plane
1577 1706 1690 1752 non
1715 1687 2048 1768 capiuntur,
2074 1729 2114 1778 Β
2141 1690 2486 1753 missionem
2540 1691 2699 1752 clare
2747 1691 3066 1751 intueatur.
3102 1685 3213 1759 Qui
3256 1683 3504 1778 huncin
3539 1683 3781 1778 modum

398 1791 594 1854 neque
628 1776 891 1836 animum
913 1777 995 1837 ita
1015 1795 1148 1836 cum
1181 1777 1255 1838 iis
1281 1779 1580 1858 cupulant,
1607 1786 1782 1858 atque
1805 1777 2052 1855 conjun'
2074 1769 2112 1778 ”
2133 1781 2364 1842 animas
2393 1800 2529 1842 suas
2545 1787 2985 1860 compararunt,
3013 1774 3239 1858 pacifici
3268 1781 3404 1836 sunt
3426 1772 3487 1833 in
3509 1769 3777 1860 veritate,

396 1872 564 1942 gunt,
611 1871 675 1926 ut
712 1864 802 1926 vel
851 1866 1085 1926 modica
1115 1865 1515 1928 delectatione
1546 1866 1885 1928 deliniatur.
1920 1864 2048 1937 Quo

390 1952 574 2034 igitur
594 1962 784 2034 pacto,
814 1964 866 2017 et
894 1975 1068 2036 quam
1093 1955 1168 2016 ob
1195 1975 1436 2017 causam
1468 1957 1714 2036 lugebit,
1740 1956 1838 2036 qui
1862 1963 2045 2016 totum

398 2045 686 2106 mundum
721 2045 1046 2107 detestatus
1076 2054 1187 2120 est,
1224 2053 1284 2107 et
1313 2047 1492 2108 corde
1524 2053 1639 2107 tam
1675 2046 1848 2125 longe
1879 2045 1951 2106 ab
1977 2063 2045 2106 eo

391 2132 583 2208 abest,
618 2154 794 2216 quam
829 2153 1080 2216 corpore
1111 2134 1201 2196 illi
1231 2135 1719 2217 appropinquat?
1749 2135 1849 2216 qui
1881 2135 2044 2195 nullo

392 2241 593 2284 rerum
654 2224 1110 2305 aspectabilium
1162 2244 1366 2286 amore
1426 2233 1687 2301 tenetur,
1746 2224 2042 2306 quid,est,

389 2312 670 2389 obsecro,
706 2333 813 2376 cur
839 2333 904 2377 se
935 2313 1214 2396 tristitia,
1245 2314 1530 2377 laetitizeve
1560 2315 1789 2376 dedat?
1818 2313 2045 2395 thuo—

391 2403 568 2464 modo
602 2403 846 2483 lugebit,
881 2403 1228 2484 solatiisque
1260 2404 1641 2476 mulcebitur,
1666 2403 1766 2484 qui
1788 2421 2038 2482 regnum

391 2493 680 2555 ccelorum
713 2493 913 2574 habet,
950 2491 1088 2554 etin
1121 2512 1190 2554 eo
1224 2493 1452 2554 laetatur
1485 2492 1770 2555 assidue?

470 2583 782 2645 Attendite
815 2591 1066 2659 mentes,
1102 2602 1268 2663 rogo,
1305 2583 1376 2644 iis
1408 2601 1538 2664 quae
1567 2582 1784 2658 dicam,
1807 2588 1864 2643 et
1884 2599 2041 2661 quie-

392 2675 488 2736 siti
515 2674 806 2736 rationem
841 2692 975 2736 cum
1008 2676 1138 2754 ejus
1168 2675 1463 2736 solutione
1485 2673 1812 2754 accipietis.
1848 2672 2037 2735 Homo

390 2764 609 2839 ﬁdelis,
663 2763 768 2845 qui
818 2767 892 2826 ad
941 2764 1215 2826 mandata
1246 2763 1351 2826 Dei
1382 2762 1788 2826 exliaurienda
1830 2762 2037 2823 sedulo

391 2871 635 2934 semper
661 2852 981 2934 incumbit,
1009 2873 1143 2914 cum
1178 2853 1378 2915 omnia
1400 2853 1669 2928 servarit,
1687 2860 1745 2914 et
1770 2852 1841 2914 ad
1867 2851 2036 2912 fasti-

2133 1878 2192 1932 et
2218 1871 2325 1931 ﬁlii
2351 1869 2641 1933 Altissimi
2678 1859 3084 1941 nominantur,
3119 1865 3221 1947 qui
3264 1871 3325 1926 et
3367 1879 3512 1958 pure
3542 1859 3777 1958 Patrem

2130 1959 2573 2040 Dominumque
2616 1977 2788 2018 suum
2839 1965 3186 2036 agnoscunt,
3230 1961 3288 2015 et
3317 1971 3386 2013 ex
3408 1957 3542 2040 tota
3582 1957 3783 2009 anima

2130 2049 2300 2109 illum
2351 2038 2648 2128 diligunt;
2698 2046 2968 2129 quamvis
3015 2044 3281 2106 laborem
3327 2038 3785 2129 videlicet-act

2129 2138 2398 2219 quamvis
2427 2124 2808 2198 afﬂictionem
2842 2137 2972 2216 ejus
3001 2152 3180 2196 causa
3212 2124 3780 2219 sustinentes,_inju-

2127 2213 2234 2287 riis
2262 2225 2474 2301 vexati,
2509 2213 2890 2286 contumeliis
2915 2222 3183 2305 appetiti,
3219 2215 3536 2298 augustiati
3560 2213 3634 2274 ob
3652 2214 3782 2305 jus-

2128 2324 2251 2376 tum
2279 2316 2411 2395 ejus
2443 2315 2812 2389 mandatum,
2866 2302 3026 2395 quod
3078 2320 3134 2373 et
3185 2308 3358 2371 nobis
3409 2302 3776 2366 servandum

2123 2405 2430 2488 praecepit,
2454 2403 2965 2485 exprobrationes,
2986 2402 3457 2484 persecutiones,
3504 2399 3562 2454 et
3601 2408 3780 2488 omne

2121 2495 2366 2557 verbum
2421 2496 2640 2555 malum
2685 2494 2830 2555 falso
2885 2501 3091 2554 contra
3139 2509 3202 2550 se
3249 2489 3500 2558 dictum,
3536 2487 3779 2562 propter

2123 2603 2347 2647 nomen
2398 2587 2525 2666 ejus
2574 2584 2896 2646 toleranter
2941 2583 3318 2655 sufferentes,
3379 2571 3774 2649 exsultantes,

2123 2675 2402 2756 quoniam
2451 2675 2617 2754 digni
2659 2682 2798 2735 sunt
2843 2672 3051 2748 habiti,
3099 2671 3202 2753 qui
3256 2686 3362 2751 pro
3405 2666 3536 2756 ejus
3566 2675 3776 2756 amore

2122 2747 2450 2845 ignominia
2479 2747 2551 2826 ab
2579 2763 2924 2826 hominibus
2955 2747 3340 2824 afﬁcerentur
3366 2756 3452 2818 67.
3479 2747 3771 2845 Animad-

2121 2836 2400 2926 vertistis,
2433 2855 2667 2924 fratres,
2703 2852 2991 2930 signaculi
3022 2849 3244 2914 Christi
3269 2860 3614 2928 expressnm
3641 2836 3769 2930 efﬁ-

387 2928 548 3022 gium
582 2944 818 3019 horum,
856 2943 914 3005 id
948 2928 1058 3018 est,
1094 2943 1164 3003 ad
1193 2942 1553 3024 inculpatam
1582 2942 1856 3023 vitam,et
1880 2940 2039 3022 puri-
2119 2946 2273 3025 giem
2295 2945 2326 3005 ξ)
2361 2942 2696 3025 Agnovistis
2716 2928 2948 3017 ﬁdeles,
2977 2940 3369 3022 proprietates
3397 2928 3768 3026 charactfl‘fs

388 3020 566 3094 tatem
623 3035 927 3112 ingressus
974 3031 1173 3108 fuerit,
1211 3020 1378 3094 tuch
1399 3030 1637 3094 modulo
1668 3020 1778 3094 suo
1808 3020 2034 3093 se—me-
2056 3062 2096 3112 α
2121 3020 2259 3114 ejus
2279 3034 2310 3094 ‘?
2340 3020 2537 3098 Unum
2569 3032 2833 3115 profecto
2861 3020 3226 3112 signaculum
3259 3022 3612 3115 illuminatio
3634 3020 3773 3097 Spi-

387 3124 565 3200 tiens,
613 3121 983 3185 imbecillum
1034 3121 1318 3198 inveniet,
1353 3122 1576 3204 quique
1606 3122 1678 3184 ad
1709 3122 2037 3184 celsitatem
2123 3112 2273 3186 ritus
2320 3133 2432 3204 est,
2480 3130 2538 3185 et
2570 3112 2638 3184 isi
2686 3123 2887 3184 multa;
2934 3130 3072 3183 sunt
3120 3123 3323 3183 forma:
3353 3112 3770 3210 operaliqlll‘m

391 3197 556 3274 illam
586 3213 1002 3296 mandatorum
1035 3197 1525 3293 pertingere-non
1562 3211 1749 3292 possit
1787 3232 1799 3271 :
1847 3211 1948 3271 sed
1987 3220 2045 3272 et
2124 3197 2581 3275 illuminationis
2610 3213 2809 3293 hujus,
2837 3213 3137 3292 multaque
3161 3197 3439 3272 virtutum
3462 3206 3592 3296 ejus
3612 3197 3771 3296 indif

390 3321 716 3384 pauperem
747 3291 1067 3382 imprimis,
1103 3301 1224 3362 sive
1249 3291 1665 3380 indignum’ad
1700 3300 2039 3381 suscipien-
2128 3304 2240 3384 cia,
2293 3321 2543 3383 quorum
2595 3291 2872 3382 primum,
2909 3311 2966 3363 et
2996 3291 3187 3383 magis
3240 3291 3775 3386 necessarium,”et

388 3375 850 3464 dumDeum,ad
874 3375 1090 3470 gratias
1122 3399 1182 3452 et
1205 3375 1410 3452 laudes
1436 3389 1631 3450 eidem
1659 3375 2033 3462 tribuendas,
2129 3375 2411 3470 tanquam
2447 3375 2800 3472 prinéipium
2833 3375 2900 3452 ab
2930 3375 3378 3452 funda'memum
3411 3392 3500 3446 est
3529 3375 3773 3472 humili-

388 3483 584 3561 utqui
616 3465 919 3561 nunquam
954 3479 1285 3560 proprium,
1321 3497 1389 3540 ac
1419 3497 1593 3540 suum
1641 3476 1885 3555 aliquod
1929 3477 2036 3538 bo-
2121 3465 3769 3562 tas:'Adquemenimrespiciam,inquit,nisisuperl}3t:

400 3551 544 3631 num
592 3551 970 3650 possederit:
985 3551 1120 3630 Haec
1162 3551 1282 3649 qui
1310 3576 1554 3648 propter
1583 3586 1646 3628 se
1677 3551 1810 3629 cum
1856 3564 2039 3626 animi
2121 3570 2327 3632 mitem
2351 3551 3155 3648 etquietum,ettiementem
3173 3551 3474 3630 sermones
3492 3551 3774 3650 meos?”

398 3676 578 3721 sensu
596 3645 863 3740 reputat,
897 3658 1141 3720 omnino
1172 3645 1606 3740 iugebitluctu
1650 3676 1788 3718 vere
1821 3655 2044 3718 beatis-
2205 3659 2372 3722 Alter
2401 3645 2592 3720 luctus
2640 3668 2729 3721 est
2777 3660 3167 3740 lacrymarum
3211 3658 3364 3726 fons,
3418 3653 3493 3714 de
3552 3645 3768 3730 quibus

400 3747 572 3824 simo,
625 3748 726 3830 qui
777 3763 836 3812 et
886 3747 1297 3809 consolatione
1335 3747 1628 3826 promissa
1678 3747 1926 3822 levatur,
1989 3755 2048 3808 et
2129 3766 2264 3814 cum
2307 3751 2551 3830 copiose
2578 3749 2759 3812 velim
2791 3750 3091 3812 disserere
3113 3746 3310 3810 verbis
3350 3744 3422 3806 ad
3455 3757 3633 3803 sensa
3661 3755 3767 3796 ex-

395 3837 648 3899 animam
683 3838 886 3901 mitem
923 3837 1106 3900 efﬁcit
1144 3856 1158 3901 :
1186 3846 1276 3899 est
1310 3837 1605 3918 siquidem
1638 3837 1853 3918 pignus
1875 3833 2044 3915 regni
2130 3841 2407 3922 plicanda
2437 3840 2745 3902 destituor.
2783 3844 2901 3905 Res
2923 3841 3097 3916 mira,
3131 3847 3189 3902 et
3217 3856 3390 3919 quam
3418 3835 3620 3912 lingua
3650 3845 3775 3890 non

392 3927 679 3990 caelorum
716 3946 790 3990 ex
821 3927 981 3989 luctu
1009 3935 1476 4009 progeneratum
1505 3925 2044 3988 solatium.«Fules
2128 3941 2322 4016 potest
2365 3932 2554 3993 effari.
2597 3933 2708 3994 Per
2742 3931 2947 3993 oculos
2991 3932 3178 3992 ﬂuere
3215 3926 3576 4000 sentiuntur,
3611 3927 3671 3982 et
3704 3935 3774 4016 ea

388 4036 669 4098 namque,
700 4017 1036 4081 secundum
1056 4018 1432 4098 Apostolum,
1449 4025 1536 4080 est
1559 4033 1774 4078 rerum
1795 4032 2044 4095 spcran-
2127 4013 2325 4084 anima
2345 4041 2580 4084 canum
2603 4031 2982 4104 peccatorum
2999 4022 3200 4084 eluere
3223 4017 3638 4095 intelliguntur
3673 4031 3686 4067 :
3715 4013 3776 4069 et

341 4185 357 4191 _
388 4126 524 4169 rum
547 4107 893 4170 substantia
913 4107 997 4168 65.
1034 4105 1371 4170 Consolatio
1401 4125 1602 4186 porro,
1633 4125 1811 4186 quam
1835 4105 1894 4165 in
1917 4105 2038 4167 ani-
2118 4114 2181 4174 in
2213 4124 2431 4174 terram
2463 4113 2770 4187 cadentes,
2804 4113 3108 4174 daemones
3155 4117 3356 4182 urunt,
3402 4126 3470 4168 ac
3502 4108 3772 4196 pros-ter.-

395 4198 507 4260 mis
537 4198 874 4277 lugentibus
905 4198 1214 4260 illustratio
1239 4197 1481 4278 spiritus
1499 4197 1798 4271 conciliat,
1819 4196 2098 4283 adven-ﬁ
2121 4212 2292 4277 nunt,
2325 4203 2704 4283 animamque
2734 4222 2766 4264 e
2798 4202 3048 4263 vinculis
3073 4198 3298 4281 peccati
3332 4187 3778 4283 inaspectabili-

391 4295 484 4351 tus
515 4268 631 4350 Dei
651 4297 762 4364 est,
798 4287 1107 4370 praemium
1139 4268 1484 4350 certaminis
1517 4287 1913 4350 humilitatem
1949 4268 2099 4348 eisD
2121 4291 2232 4354 bus
2263 4268 2553 4354 eximunt.
2665 4292 2936 4372 lacrymze
2982 4309 3051 4352 ex
3073 4268 3292 4351 ‘divina
3321 4279 3768 4378 iliuminatione

390 4377 641 4460 donans,
667 4369 882 4460 quaeet
911 4397 1141 4452 semen,
1177 4386 1234 4438 et
1265 4377 1545 4439 talentum
1583 4379 2037 4439 vocatur.Aucta
2116 4381 2532 4456 scaturientes,
2568 4369 2806 4444 (telum
2840 4381 3034 4462 ipsum
3072 4384 3432 4446 reserantes,
3477 4379 3536 4432 et
3566 4369 3775 4462 divina

387 4467 628 4549 quippe,
655 4476 713 4528 et
744 4467 1129 4548 multiplicat:
1163 4467 1222 4527 in
1253 4466 1400 4547 ipsis
1429 4466 1783 4528 certantium
1815 4465 2037 4527 anima-

388 4558 520 4629 bus,
574 4557 789 4638 partim
849 4557 1244 4627 tricesimum,
1305 4556 1518 4636 partim
1578 4555 2036 4632 sexagesimum,

387 4647 598 4728 partim
639 4646 1031 4708 centesimum
1063 4646 1187 4708 Deo
1219 4646 1473 4708 fructum
1515 4647 1624 4707 fert
1658 4646 1744 4726 66,
1779 4647 2035 4708 fructum

386 4743 656 4796 sanctum
689 4735 1136 4808 charismatum,
1171 4755 1242 4797 ac
1270 4735 1564 4796 donorum
1607 4735 1882 4816 Spiritus:
1919 4735 2034 4799 Ubi

389 4824 552 4884 enim
575 4842 696 4883 non
721 4823 914 4884 fucate
935 4824 1038 4884 sed
1073 4844 1208 4886 vere
1229 4825 1472 4886 humilis
1494 4845 1562 4887 ac
1579 4825 1876 4888 demissus
1897 4828 2032 4888 ani-

391 4929 546 4985 mus,
580 4910 660 4972 ibi
692 4910 869 4972 etiam
904 4912 1248 4974 humilitatis
1280 4914 1552 4976 fundum.
1598 4914 1798 4993 Et,ubi
1831 4916 2032 4978 humi-

389 4997 548 5070 litas,
582 4997 662 5060 ibi
705 4998 1063 5061 illuminatio
1095 5000 1356 5081 spiritus.
1385 5003 1498 5067 Ubi
1530 5004 1774 5084 spiritus
1804 5004 2032 5067 illumi-

386 5089 572 5160 natio,
622 5089 704 5150 ibi
753 5089 934 5151 divini
982 5089 1224 5153 luminis
1279 5093 1472 5172 copia,
1522 5104 1580 5156 et
1628 5093 1788 5156 Deus
1833 5095 1892 5155 in
1933 5115 2034 5158 sa-

389 5177 613 5259 pientia
664 5187 722 5241 et
750 5180 1096 5258 cognitione
1116 5183 1534 5262 mysteriorum
1569 5184 1718 5264 ejus.
1751 5184 1860 5248 Ubi
1895 5205 2036 5248 vero

390 5267 538 5343 haec,
596 5267 680 5330 ibi
720 5287 969 5348 regnum
1022 5275 1335 5349 ccelorum,
1386 5282 1443 5335 et
1470 5274 1639 5351 regni
1669 5275 1949 5354 cognitio,
1985 5286 2043 5338 et

387 5357 719 5421 absconditi
745 5360 1006 5422 thesauri
1038 5361 1308 5424 scientiae
1334 5361 1465 5440 Dei,
1515 5364 1572 5424 in
1618 5364 1832 5445 quibus
1865 5366 2042 5428 etiam

388 5457 714 5530 paupertas
741 5450 991 5530 spiritus
1015 5453 1288 5532 patescit.
1314 5453 1427 5516 Ubi
1451 5463 1648 5516 autem
1680 5458 2044 5537 paupertatis

461 5643 527 5694 64
551 5646 763 5710 Matth.
803 5666 862 5724 v,
895 5649 956 5711 5.
1040 5645 1107 5700 65
1133 5648 1328 5715 Hebr.
1360 5665 1444 5728 XI,
1483 5650 1540 5713 l.

1625 5648 1691 5701 66
1719 5650 1920 5717 Matth.
1955 5669 2080 5730 XIII,
2116 5652 2152 5718 8
2183 5671 2327 5738 seqq

2119 4470 2268 4533 mihi
2321 4471 2529 4532 solatia
2560 4456 2903 4552 parientes:
2938 4469 3156 4530 iterum
3197 4463 3419 4546 quippe
3450 4471 3515 4552 et
3546 4456 3769 4552 saepius

2121 4560 2330 4622 eadem
2363 4580 2486 4638 pra}
2507 4547 2822 4632 suavitate,
2851 4566 2909 4621 et
2934 4556 3234 4619 desiderio
3265 4555 3421 4644 dico.
3447 4547 3558 4614 Ubi
3586 4548 3775 4644 lacrjf

2124 4634 2591 4730 marum-copia,
2628 4652 2860 4723 fratres,
2915 4666 3051 4712 cum
3106 4643 3444 4724 cognitione
3486 4657 3652 4730 vera,
3682 4634 3769 4730 ibi

2117 4738 2291 4800 etiam
2329 4725 2513 4800 divini
2544 4738 2787 4800 luminis
2819 4735 3144 4817 splendor;
3179 4732 3280 4795 ubi
3317 4730 3558 4792 luminis
3591 4725 3771 4805 hujus

2119 4827 2430 4907 Splendor,
2478 4827 2556 4889 ibi
2599 4827 2752 4890 bona
2780 4825 3165 4906 suppeditant
3208 4821 3437 4892 omnia,
3475 4827 3532 4879 et
3565 4817 3769 4896 signa-

2120 4919 2316 4978 culum
2351 4924 2538 4980 sancti
2569 4915 2823 4997 Spiritus
2855 4916 3148 4996 plantatur
3177 4912 3236 4974 in
3269 4910 3477 4982 corde,
3516 4907 3679 4970 unde
3711 4911 3774 4964 et

2120 5025 2330 5068 omnes
2358 5007 2489 5068 vitae
2518 5007 2744 5068 fructus
2768 5006 3136 5068 exoriuntur.
3163 5003 3316 5065 Hinc
3346 4999 3581 5063 Christo
3613 5015 3774 5057 man-

2119 5095 2369 5158 suetudo
2398 5096 2758 5178 producitur,
2799 5114 2929 5175 pax,
2964 5095 3360 5171 eleemosyna,
3407 5085 3770 5178 ciompassio,

2122 5176 2472 5266 benignitas,
2501 5185 2758 5266 bonitas,
2789 5176 3773 5266 ﬁdes,"contineutia.Hiucmanat

2123 5265 2399 5338 inimicos
2445 5276 2719 5355 diligere,
2746 5265 2828 5337 et
2861 5293 2964 5355 pro
3004 5269 3122 5334 illis
3151 5287 3345 5342 orare,
3382 5267 3641 5345 gaudere
3673 5265 3771 5325 iu-

2123 5366 2572 5439 tentatiouibus,
2604 5364 2867 5444 gloriari
2901 5363 2959 5424 in
2993 5357 3497 5432 tribulationibus,
3537 5355 3771 5416 alienos

2125 5457 2326 5538 lapsus
2358 5457 2578 5518 ducere
2619 5475 2780 5531 suos,
2811 5464 2870 5517 et
2896 5453 3120 5516 deﬂere
3155 5459 3431 5530 tanquam
3465 5447 3760 5528 proprios,

2435 5655 2498 5705 67
2543 5655 2675 5718 Act.
2709 5671 2766 5732 γ,
2802 5655 2901 5720 41.
2989 5647 3193 5712 6815a.
3227 5663 3393 5724 LXVI,
3428 5645 3486 5715 2ο
