4160 6426
419 302 539 369 415

1730 305 1884 371 8ΥΜ
1894 306 2108 372 EONIS
2149 305 2483 375 JUNIORIS

3691 308 3813 375 416

418 439 684 528 animam
706 458 814 521 pro
835 439 1124 504 fratribus
1141 448 1414 524 prompte
1436 441 1511 505 ad
1544 449 1799 504 mortem
1832 443 2071 505 oﬂ‘erre.
2097 453 2141 501 Α
2162 444 2342 510 Multo
2363 446 2543 527 igitur
2570 446 2730 526 ignis
2758 446 3148 527 iutelligibilis
3175 446 3238 508 in
3280 447 3427 528 ipsis
3457 446 3811 527 intelligibi-

416 527 641 592 Audite
669 529 874 611 igitur,
908 530 1182 605 obsecro,
1217 530 1538 595 Christiani
1569 532 1808 609 fratres,
1838 541 1895 594 et
1918 532 2071 595 resi-

419 617 656 697 piscite,
690 628 751 683 et
780 621 995 698 videte,
1032 640 1171 683 num
1202 623 1405 685 lumen
1448 621 1509 683 in
1539 622 1824 685 cordibus
1862 622 2073 685 vestris

418 707 716 785 illuxerit;
752 729 893 773 num
939 730 1217 791 magnum
1268 711 1415 774 illud
1467 711 1669 773 lumen
1717 711 2071 792 cognitionis

419 798 773 878 aspexeritis
810 822 823 859 :
860 819 1003 862 num
1036 800 1356 863 visitaverit
1402 819 1502 862 vos
1548 798 1766 864 Oriens
1817 820 1886 863 ex
1927 801 2069 876 alto,

418 886 811 952 illuscescens
839 890 1009 953 vobis
1038 891 1100 953 in
1131 889 1422 972 tenebris,
1457 899 1516 952 et
1546 891 1607 951 in
1633 890 1845 953 umbra
1868 891 2075 953 mortis

420 977 772 1042 sedentibus
786 979 1046 1042 69.Deus
1066 980 1228 1043 enim
1251 999 1383 1042 cum
1411 979 1636 1042 nullius
1658 989 1849 1062 egeat,
1869 980 2074 1062 sitque

422 1067 722 1130 bonorum
775 1069 1009 1151 plenus,
1062 1068 1211 1131 nihil
1257 1088 1291 1131 a
1338 1068 1512 1132 nobis
1571 1080 1788 1150 praeter
1824 1069 2074 1133 salutem

420 1164 682 1219 nostram
702 1159 954 1239 requirit
985 1180 1000 1235 ;
1032 1177 1146 1240 qua
1177 1158 1352 1220 aliter
1375 1158 1552 1239 potiri
1574 1158 1661 1220 fas
1687 1178 1805 1220 non
1828 1167 1940 1240 est,
1957 1158 2074 1220 nisi

422 1263 593 1309 mens
623 1260 825 1312 nostra
856 1249 1055 1312 divina
1090 1253 1308 1312 virtute
1337 1250 1713 1325 immutetur,
1764 1259 1827 1311 ut
1857 1251 1933 1312 sit
1964 1269 2073 1313 en-

420 1336 576 1409 thea,
605 1338 664 1400 id
692 1348 799 1412 est,
823 1339 1061 1402 Nimine
1089 1340 1314 1421 afﬂuta,
1347 1358 1381 1401 a
1411 1342 1534 1404 Deo
1566 1348 1719 1412 acta,
1755 1339 1877 1402 sive
1907 1339 2070 1402 omni

416 1426 867 1505 perturbatione
898 1448 1129 1504 carens,
1162 1436 1220 1491 et
1258 1437 1482 1491 sancta.
1528 1433 1696 1493 Mens
1746 1431 1904 1491 enim
1953 1448 2067 1491 en-

416 1513 555 1577 thea
598 1524 710 1598 est,
753 1537 885 1600 quae
917 1518 1104 1581 Deum
1130 1519 1208 1603 ⁸ἰῐι
1257 1538 1323 1582 se
1354 1519 1551 1582 habet.
1600 1519 1759 1581 Talis
1802 1526 2002 1582 autem
2032 1538 2066 1582 a

415 1605 739 1687 semetipso
764 1608 892 1670 ﬁeri
912 1608 1066 1671 haud
1100 1617 1310 1691 potest.
1338 1610 1465 1672 .lam
1489 1608 1590 1691 qui
1614 1611 1868 1690 Deo§per
1884 1609 2062 1671 fidem

418 1694 774 1792 conjunctus
786 1705 895 1773 est,
914 1717 1138 1780 perque
1153 1698 1562 1761 mandatorum
1588 1698 2062 1762 observationem
2087 1744 2126 1792 Β

414 1781 581 1845 illum
635 1787 816 1863 novit,
870 1806 1006 1850 eum
1054 1808 1289 1870 quoque
1345 1807 1451 1869 per
1498 1788 2063 1870 contemplationem

420 1892 674 1939 cernere
706 1879 950 1940 omnino
984 1879 1199 1959 dignus
1248 1888 1357 1943 est.
1405 1879 1518 1942 Per
1549 1880 1728 1942 fidem
1768 1879 2065 1961 siquidem

417 1970 641 2028 certam
674 1968 944 2031 Christus
974 1969 1034 2031 in
1070 1989 1139 2032 eo
1172 1969 1419 2045 habitat,
1454 1978 1510 2032 et
1540 1989 1710 2031 mens
1729 1971 1947 2032 enthea
1980 1971 2060 2031 fit.

418 2055 699 2120 Servatur
729 2078 905 2140 porro
936 2061 1151 2123 anthea
1189 2068 1247 2123 et
1279 2080 1371 2137 eo,
1406 2060 1562 2141 quod
1597 2079 1695 2121 res
1739 2061 1811 2122 ad
1861 2059 2069 2123 Cbris-

419 2151 543 2207 tum
577 2149 945 2228 pertinentes
984 2169 1227 2231 semper
1278 2158 1542 2232 exercet,
1578 2161 1636 2213 et
1669 2150 1899 2230 legibus
1939 2152 2069 2231 ejus

416 2237 693 2299 attendit.
715 2238 859 2302 Inde
877 2241 960 2313 fit,
989 2248 1049 2302 ut
1074 2241 1248 2303 etiam
1283 2241 1557 2302 mandata
1589 2241 1720 2321 ejus
1750 2241 2065 2318 custodiat,

416 2328 922 2406 quemadmodum
946 2349 1016 2391 ex
1043 2349 1111 2392 eo
1137 2330 1291 2411 quod
1321 2337 1582 2391 mentem
1605 2329 1889 2391 divinitus
1911 2330 2069 2391 afﬂa-

412 2421 527 2476 tam
561 2416 763 2491 habet,
788 2418 1069 2501 efficitur,
1102 2419 1458 2481 utmandata
1493 2418 1712 2482 Christi
1734 2426 1793 2480 et
1821 2420 2062 2497 cogitet,

413 2512 471 2565 et
504 2517 862 2588 exsequatur
889 2526 901 2571 :
938 2508 1176 2589 singula
1199 2508 1357 2570 enim
1389 2515 1447 2576 et
1469 2507 1773 2578 cohibent,
1810 2508 2065 2590 comple-

410 2600 770 2678 ctunturque
801 2599 960 2679 quod
1001 2599 1334 2679 proximum
1364 2606 1474 2672 est,
1511 2605 1567 2659 et
1608 2597 1964 2659 cohibentur
1992 2598 2064 2660 ab

416 2682 569 2771 ipso,
603 2688 1101 2771 continenturque
1142 2698 1200 2750 et
1229 2689 1560 2751 continent.
1613 2685 2055 2750 Contendamus

414 2769 614 2855 itaque
643 2776 750 2839 Dei
781 2769 1093 2859 praeceptis
1133 2776 1498 2839 facessendis
1548 2776 1684 2858 (per
1712 2777 1868 2856 quod
1901 2776 2055 2837 divi-

411 2879 555 2923 num
589 2864 791 2928 lumen
824 2867 1079 2948 amplius
1104 2884 1413 2947 apparere,
1446 2873 1505 2926 et
1525 2865 1874 2945 amplificari
1906 2884 2054 2927 con-

411 2954 903 3035 suovit)divinum
938 2956 1135 3035 ignem
1159 2956 1218 3017 in
1245 2955 1418 3017 nobis
1449 2954 1845 3017 abundantius
1874 2955 2057 3017 alere.

2156 536 2312 600 tibus
2345 536 2655 613 occultior,
2691 544 2750 598 et
2778 554 3032 601 arcanus
3064 537 3270 618 magis,
3297 556 3472 620 quam
3505 536 3811 601 sensibilis

2154 624 2215 686 in
2249 625 2660 689 sensibilibus.

2238 715 2500 779 Proinde
2531 715 2944 797 inspiciamus,
2970 716 3203 797 fratres,
3238 715 3651 797 subtiliterque
3673 732 3807 779 nos-

2160 813 2279 866 met
2293 813 2758 888 perscrutemur,
2781 813 2837 869 et
2861 824 3284 887 pernosramus
3301 806 3533 868 animos
3550 813 3804 887 nostros,

2159 913 2299 956 num
2347 895 2405 957 in
2453 896 2626 957 nodis
2675 896 2895 959 Christi
2943 895 3316 976 signaculum
3347 896 3443 958 sit.
3495 896 3807 960 Discamus
3900 956 3919 963 -

2156 1002 2230 1045 an
2262 983 2322 1045 in
2355 984 2526 1048 nobis
2557 985 2632 1046 sit
2662 985 3040 1061 Christus,ex
3075 984 3315 1047 indiciis
3345 993 3402 1047 et
3431 985 3638 1065 signis,
3678 1003 3809 1067 quae

2161 1074 2538 1153 protulimus.
2572 1072 2738 1147 Quod
2773 1075 2822 1136 si
2853 1074 3175 1148 Christum,
3207 1083 3308 1136 aut
3345 1076 3476 1155 ejus
3524 1074 3806 1155 signacu-

2157 1161 2280 1223 lum
2316 1163 2568 1224 necdum
2603 1165 2967 1246 accepimus,
3002 1163 3281 1244 dictaque
3312 1164 3476 1245 signa
3522 1164 3583 1225 in
3634 1163 3807 1225 nobis

2155 1250 2302 1332 ipsis
2325 1253 2483 1314 haud
2514 1253 2919 1333 agnoscimus:
2958 1254 3103 1334 quin
3134 1262 3340 1315 contra
3372 1254 3588 1334 potius,
3623 1272 3805 1317 mun-

2156 1341 2266 1403 dus
2295 1341 2471 1404 fallax
2511 1343 2573 1404 in
2618 1342 2793 1405 nobis
2823 1342 2988 1421 vivit,
3022 1361 3250 1425 nosque
3279 1343 3342 1405 in
3371 1343 3498 1425 ipso
3529 1343 3805 1406 infelices

2150 1432 2417 1508 vivimus,
2448 1434 2808 1513 temporaria
2846 1433 3044 1512 magni
3073 1432 3384 1508 ducentes,
3420 1440 3478 1494 et
3501 1433 3564 1494 in
3597 1432 3796 1494 tribu-

2150 1519 2401 1583 lationes
2447 1520 2807 1596 incidimus,
2863 1529 2922 1583 et
2975 1530 3219 1604 propter
3276 1521 3655 1601 ignominias,
3718 1539 3791 1584 ac

2147 1608 2506 1673 detrimenta
2604 1613 2939 1674 cruciamur
2976 1662 2992 1687 ,
3085 1612 3408 1674 honoribus
3512 1610 3730 1673 divitiis
3774 1659 3792 1688 ,

2148 1699 2379 1761 deliciis
2439 1699 2766 1779 gaudemus
2826 1708 2885 1761 et
2953 1701 3358 1776 exsultamus,
3427 1701 3575 1782 proh
3623 1700 3796 1762 dam-

2150 1807 2315 1864 num,
2371 1789 2520 1868 proh
2571 1789 3000 1869 ignorantiam,
3054 1791 3202 1871 proh
3251 1790 3605 1864 caecitatem,
3639 1789 3792 1871 proh

2150 1875 2477 1957 miseriam,
2503 1886 2931 1960 stuporemque
2961 1888 3259 1957 nostrum,
3294 1898 3327 1941 a
3357 1879 3574 1961 quibus
3596 1878 3804 1942 subac-

2155 1966 2219 2040 ti,
2256 1966 2316 2027 in
2351 1978 2568 2027 terram
2598 1968 3034 2047 proculcamur.
3068 1970 3225 2031 Sane
3256 1968 3636 2032 miserabiles
3664 1969 3801 2030 lon-

2152 2075 2343 2138 geque
2364 2056 2787 2134 infelicissimi,
2821 2066 2998 2139 atque
3029 2059 3102 2121 ab
3133 2060 3263 2139 ipsa
3291 2068 3516 2121 aeterna
3546 2058 3662 2121 vita
3690 2068 3803 2121 eta

2151 2165 2339 2228 repno
2372 2146 2658 2209 caelorum
2694 2150 2961 2210 extranei
3012 2167 3245 2226 sumus,
3287 2169 3406 2210 non
3455 2149 3709 2230 amplius
3735 2148 3798 2210 in

2155 2236 2327 2298 nobis
2352 2237 2499 2317 ipsis
2523 2237 2823 2300 Christum
2859 2237 3255 2319 possidentes,
3288 2239 3391 2300 sed
3423 2238 3711 2301 mundum
3735 2238 3796 2299 in

2152 2327 2600 2408 nobismetipsis
2629 2328 2921 2390 viventem
2955 2329 3272 2404 habentes,
3308 2338 3371 2390 ut
3410 2336 3547 2410 pote
3576 2328 3638 2390 in
3671 2332 3796 2409 ipso

2151 2416 2432 2498 viventes,
2471 2426 2524 2479 et
2560 2426 2797 2480 terrana
2823 2418 3144 2499 sapientes.
3197 2419 3307 2492 Qui
3337 2420 3417 2481 ita
3446 2427 3538 2481 est
3565 2418 3797 2481 anima-

2155 2517 2271 2582 tus,
2305 2506 2585 2568 inimicus
2616 2506 2721 2571 Dei
2754 2517 2995 2588 apertus
3043 2517 3151 2571 est.
3200 2508 3347 2570 Nam
3389 2509 3619 2571 affectio
3654 2526 3797 2587 erga

2150 2596 2462 2670 mundum,
2496 2597 2741 2658 inimica
2770 2605 2860 2658 est
2889 2597 3010 2659 Deo
3036 2598 3299 2679 71.juxta
3318 2598 3461 2660 illud
3485 2598 3791 2678 Apostoli:

2146 2686 2236 2747 Ne
2274 2685 2551 2765 diligatis
2583 2686 2902 2762 mundum,
2947 2705 3142 2768 neque
3184 2707 3255 2751 ea
3304 2706 3437 2769 qua:
3471 2689 3539 2750 in
3568 2687 3797 2749 mundo

2135 2776 2359 2837 sunt”.
2379 2774 2526 2847 Quia
2550 2794 2727 2837 nemo
2747 2783 2939 2854 potest
2960 2778 3081 2840 Deo
3105 2778 3351 2852 servire,
3372 2786 3430 2840 et
3451 2775 3780 2839 secundum

2144 2864 2450 2926 hominem
2501 2864 2722 2928 vivere.
2759 2868 2916 2928 Vere
2960 2866 3108 2927 nihil
3152 2866 3386 2942 melius,
3435 2866 3666 2944 fratres,
3725 2863 3783 2924 in

2147 2954 2391 3029 mundo,
2433 2972 2606 3034 quam
2652 2953 2801 3015 nihil
2856 2953 3078 3017 habere
3128 2955 3358 3030 mundi,
3393 2971 3586 3034 neque
3635 2952 3789 3015 ultra

411 3038 486 3106 Ut
530 3045 690 3105 enim
741 3046 897 3125 apud
947 3064 1055 3107 nos
1100 3046 1255 3125 ignis
1306 3044 1415 3107 sub
1464 3064 1705 3107 sensum
1753 3045 1973 3107 cadens
2000 3045 2058 3106 in
2080 3077 2120 3127 ο
2147 3064 2217 3106 ea
2243 3063 2374 3123 quae
2404 3044 2640 3124 corpori
2675 3044 3012 3106 necessaria
3040 3055 3198 3119 sunt,
3231 3044 3572 3105 desiderare
3603 3040 3782 3122 quid-

414 3130 576 3211 ligno
608 3135 996 3218 conspicitur,
1022 3144 1080 3199 et
1110 3135 1455 3215 scintillula,
1490 3134 1540 3196 si
1572 3134 1878 3197 materiam
1904 3154 2059 3197 com-

409 3223 828 3303 prehenderit,
848 3244 1119 3305 magnam
1140 3226 1327 3288 facem
1352 3225 1640 3299 incendit,
1675 3225 2061 3307 appositoque

408 3314 774 3377 nutrimento
824 3318 1123 3379 ﬂammam
1177 3317 1480 3397 ingentem
1529 3316 1775 3377 suscitat
1809 3334 1823 3378 :
1857 3315 1947 3377 sic
1994 3334 2058 3379 se

408 3402 590 3466 habet
619 3406 772 3485 ignis
802 3404 905 3467 ille
935 3406 1285 3488 spiritualis,
1310 3407 1370 3467 in
1413 3404 1508 3467 his
1539 3423 1668 3486 quae
1687 3405 1797 3466 soli
1827 3404 2057 3468 intelli-

404 3494 621 3571 gentiae
649 3503 873 3576 patent.
908 3495 1074 3569 Quod
1108 3495 1288 3575 igitur
1317 3495 1543 3575 lignum
1576 3502 1664 3556 est
1695 3493 1816 3574 igni
1849 3512 2057 3576 corpo-

403 3593 556 3657 rato,
590 3585 703 3647 hoc
729 3586 925 3648 anima
957 3586 1203 3648 rationis
1233 3604 1476 3667 compos
1508 3584 1739 3646 habens
1783 3586 2058 3647 mandata

401 3671 529 3752 igni
546 3673 900 3738 Divinitatis.
927 3675 1055 3737 Non
1078 3675 1236 3739 enim
1262 3675 1593 3739 secundum
1621 3675 1879 3753 seipsam
1901 3675 2057 3737 Divi-

404 3762 557 3824 nitas
607 3766 985 3846 perspicitur,
1042 3766 1093 3828 si
1141 3765 1203 3826 in
1250 3765 1335 3840 id,
1388 3765 1545 3846 quod
1591 3772 1681 3825 est
1719 3764 1968 3826 rationis
1998 3772 2059 3826 et

402 3853 639 3916 consilii
671 3857 987 3936 particeps,
1034 3875 1153 3917 non
1204 3854 1509 3917 inciderit.
1564 3853 1734 3917 Sicut
1763 3862 1959 3916 autem
1993 3873 2056 3917 se

406 3941 586 4004 habet
607 3943 760 4023 ignis
777 3944 875 4007 hic
896 3952 1099 4007 noster
1118 3944 1180 4006 in
1206 3944 1322 4020 his,
1338 3945 1412 4005 ad
1429 3962 1559 4023 quae
1580 3962 1793 4004 sensus
1821 3943 2053 4021 pertin-

406 4030 534 4111 git:
568 4031 647 4093 ita
700 4032 855 4113 ignis
888 4033 1281 4114 intelligibilis
1316 4034 1377 4094 in
1431 4032 1524 4093 his
1554 4052 1685 4114 quae
1725 4034 1794 4095 ad
1829 4033 2055 4095 intelli-

403 4120 669 4197 gentiam
699 4131 990 4204 spectant.
1023 4122 1095 4185 Et
1116 4122 1412 4204 quomodo
1439 4121 1593 4202 ignis
1616 4121 1919 4184 sensibilis
1937 4141 2054 4183 non

401 4209 660 4291 videtur,
694 4211 809 4274 nisi
834 4213 893 4274 in
927 4213 1174 4276 materia
1201 4212 1378 4274 fuerit
1402 4211 1687 4273 excitatus
1713 4233 1725 4275 :
1748 4212 1829 4274 ita
1847 4230 2054 4293 neque

399 4299 800 4380 intelligibilis
822 4302 883 4363 in
907 4300 1410 4382 intelligibilibus,
1442 4301 1557 4363 nisi
1590 4302 1651 4362 in
1682 4301 1929 4364 materia
1955 4321 2052 4363 sa-

2144 3153 2343 3215 quam.
2374 3133 2708 3197 Necessitas
2737 3141 2935 3196 autem
2971 3137 3096 3209 ista,
3152 3134 3203 3195 si
3233 3133 3525 3195 rationem
3578 3131 3783 3195 audia-

2145 3243 2299 3300 mus,
2331 3233 2422 3286 est
2454 3224 2623 3305 panis
2651 3232 2709 3285 et
2737 3241 2907 3303 aqua,
2942 3222 3361 3285 vestimentum
3391 3231 3449 3284 et
3480 3230 3787 3302 tegumen-

2145 3323 2291 3391 tum,
2325 3314 2651 3376 secundum
2682 3314 2944 3375 divinum
2971 3312 3639 3394 Apostolum,habentes
3664 3314 3786 3375 vic-

2142 3410 2271 3464 tum
2302 3409 2355 3464 et
2386 3403 2687 3477 vestitum,
2731 3401 2828 3464 his
2866 3402 3130 3463 contenti
3164 3403 3391 3465 erimus
3422 3402 3506 3464 73.
3532 3399 3700 3473 Quod
3734 3397 3785 3459 si

2112 3509 2204 3559 ,re
2236 3490 2432 3571 aliqua
2462 3489 2710 3571 insuper
2738 3488 3073 3567 egebimus,
3115 3489 3244 3571 ipse
3275 3508 3378 3571 pro
3410 3498 3576 3552 certo
3628 3507 3782 3570 prae-

2137 3580 2303 3643 bebit
2334 3579 2505 3641 nobis
2534 3580 2915 3660 credentiqus
2936 3589 2993 3641 et
3016 3580 3527 3661 sperantibus,qui
3558 3579 3787 3658 majora

2137 3673 2379 3753 largitus
2398 3682 2508 3748 est,
2526 3683 2581 3735 et
2595 3673 2794 3753 implc'
2818 3691 3002 3736 omne
3025 3672 3265 3736 animal
3280 3673 3785 3745 benedictione“,

2140 3763 2316 3825 msdo
2366 3772 2581 3825 caetera
2621 3763 2820 3824 omnia
2865 3763 3044 3843 hujus
3091 3764 3263 3823 fluxa;
3310 3771 3366 3824 et
3397 3762 3633 3825 caducae
3658 3763 3789 3824 vitm

2138 3852 2587 3933 relinquamus;
2648 3860 2787 3933 puta
2842 3870 3051 3913 vanam
3110 3850 3386 3932 gloriam,
3446 3852 3784 3913 invidiam:

2138 3943 2584 4007 contentionem
2619 3959 2910 4019 mutuam,
2941 3943 3164 4017 dolum,
3222 3943 3780 4017 murmurationem,

2138 4033 2318 4107 rlXuS,
2356 4033 2760 4108 mendacium,
2794 4034 3146 4114 perjurium,
3191 4033 3536 4113 injustitiam
3589 4034 3787 4095 avari-

2141 4122 2302 4197 tiam,
2339 4122 2785 4203 contumeliam,
2819 4122 3203 4199 calumniam,
3238 4122 3792 4199 maledictum,con-

2138 4218 2549 4285 certationem,
2596 4209 3119 4285 obtrectationem,
3150 4210 3651 4285 criminationem,
3687 4231 3788 4273 su-

2138 4299 2433 4381 perbiam,
2465 4301 2773 4363 hominum
2820 4300 3046 4375 odium,
3103 4299 3570 4381 improbitatem,
3604 4310 3784 4363 caste-

397 4409 634 4453 rrorum
695 4393 1136 4468 mandatorum,
1173 4392 1342 4473 quasi
1386 4392 1447 4453 in
1494 4390 1672 4471 lignis
1706 4391 2001 4454 exstiterit
2035 4404 2319 4470 :Draque
2342 4389 2794 4470 universa,quas
2824 4389 3098 4451 diabolus
3128 4409 3314 4469 genus
3337 4390 3659 4452 humanum
3683 4391 3791 4453 do-

399 4480 514 4556 Qui
532 4481 736 4562 diligit
755 4500 874 4562 me,
901 4484 1091 4563 inquit
1116 4482 1429 4563 Dominus,
1445 4481 1739 4544 mandata
1766 4498 1894 4543 mea
1917 4498 2050 4543 ser-

396 4573 586 4648 vabit,
611 4579 670 4636 et
692 4590 798 4652 ego
837 4573 1094 4656 diligam
1130 4591 1286 4654 cum,
1310 4582 1364 4635 et
1408 4572 1813 4652 manifestabo
1838 4576 1893 4633 ei
1923 4590 2053 4634 me-

395 4662 596 4743 ipsum
616 4664 700 4721 70.
728 4662 887 4743 Ignis
915 4682 1092 4745 quem
1120 4682 1298 4725 sensu
1325 4662 1709 4743 percipimus,
1739 4669 2054 4742 antequam

395 4751 633 4826 emicet,
670 4752 812 4814 latet
842 4753 904 4815 in
936 4752 1324 4815 sensibilibus
1354 4770 1369 4816 :
1404 4761 1461 4814 et
1481 4751 1746 4826 abditum
1774 4759 1864 4812 est
1897 4750 2051 4812 divi~

395 4859 534 4902 num
570 4841 795 4919 lumen,
817 4844 1162 4925 priusquam
1189 4843 1447 4917 eluceat,
1470 4842 1531 4902 in
1557 4840 1651 4902 his
1681 4859 1816 4921 quae
1838 4840 2055 4901 intelli-

391 4931 607 5011 gentiae
640 4943 797 4995 sunt.
828 4932 986 5013 Ignis
1017 4931 1377 5014 principium
1429 4950 1550 4992 non
1581 4927 2051 5009 comprehendi-

391 5028 510 5102 tur,
545 5027 755 5103 estque
790 5023 1085 5084 occultum
1130 5022 1190 5083 in
1234 5019 1653 5083 sensibilibus:
1695 5026 1756 5079 et
1804 5017 2050 5081 intelle-

389 5110 602 5173 ctualis
637 5111 792 5193 ignis
817 5112 1198 5193 principium,
1236 5119 1325 5171 est
1350 5110 1650 5172 occultum
1673 5110 1732 5169 in
1757 5107 1940 5169 rebus
1968 5106 2041 5168 ad

386 5197 846 5279 intelligentiam
878 5200 1536 5283 spectantibus.\'erum
1570 5195 2044 5275 sensibilisignis

389 5290 778 5353 sensibilibus
823 5289 1152 5352 substantia
1202 5289 1416 5351 similis
1476 5295 1617 5350 est:
1652 5284 2045 5365 intelligibilis

387 5388 583 5441 autem
634 5380 790 5459 ignis
837 5376 1695 5457 intelligibilibussubstantia
1734 5374 2044 5437 dissimilis

388 5476 500 5542 est,
534 5469 673 5551 quia
701 5469 899 5552 opifex
951 5488 1085 5531 cum
1116 5466 1354 5551 opiﬁcio
1401 5487 1509 5531 suo
1559 5467 1718 5529 idem
1774 5484 1895 5526 non
1926 5472 2038 5526 est.

2135 4479 2258 4540 cuit
2290 4479 2538 4557 Propter
2568 4478 2693 4541 haec
2720 4479 2879 4540 enim
2909 4499 3028 4540 non
3073 4478 3323 4559 diligere
3357 4480 3786 4556 mundum,nec

2137 4587 2206 4629 ea
2240 4587 2372 4648 qua)
2401 4568 2462 4628 in
2492 4568 2715 4630 mundo
2748 4577 2908 4643 sunt,
2937 4567 3093 4648 jussi
3117 4588 3346 4631 sumus.
3380 4568 3507 4631 Non
3540 4579 3603 4632 ut
3624 4589 3785 4633 crea-

2136 4665 2299 4719 turas
2323 4658 2427 4719 Dei
2452 4657 2586 4719 sine
2614 4658 2735 4719 ullo
2762 4658 3111 4721 discrimine
3139 4659 3275 4721 odio
3300 4678 3778 4741 persequamur:

2138 4749 2242 4810 sed
2284 4755 2347 4808 ut
2379 4747 2669 4809 malorum
2699 4748 3047 4810 occasiones
3078 4748 3494 4831 prazcidamus,
3532 4753 3785 4832 Propter

2138 4838 2265 4899 haec
2296 4837 2491 4917 itaque
2525 4838 2838 4912 mundum,
2876 4847 2930 4900 et
2962 4838 3161 4900 omnia
3192 4857 3226 4899 a
3254 4838 3375 4900 Deo
3427 4844 3781 4915 avertentia,

2139 4934 2198 4987 et
2226 4926 2297 4988 ad
2333 4926 2663 5005 periculum
2689 4927 2903 4989 animae
2933 4926 3295 4990 deducentia
3322 4927 3615 5006 fugiamus
3645 4947 3780 4991 cen-

2138 5033 2262 5076 seo.
2318 5014 2552 5075 Etenim
2607 5016 2740 5097 quis
2772 5016 2978 5095 glorias
3006 5023 3065 5078 et
3095 5015 3340 5077 honoris
3371 5016 3617 5080 humani
3657 5019 3784 5079 avi-

2127 5102 2259 5183 dus,
2322 5110 2656 5165 extremum
2717 5104 3192 5184 vilissimumque
3246 5104 3513 5166 omnium
3556 5126 3623 5169 se
3665 5127 3783 5169 un-

2125 5211 2305 5272 quam
2334 5193 2659 5275 reputabit,
2692 5204 2753 5256 et
2775 5194 3020 5256 humilis
3046 5193 3284 5275 spiritu,
3317 5202 3418 5255 aut
3446 5196 3626 5259 corde
3644 5216 3781 5259 con-

2128 5281 2303 5342 tritus
2354 5282 2477 5357 fiet,
2511 5292 2610 5345 aut
2649 5284 2854 5363 lugere
2885 5302 3170 5365 unquam,
3224 5282 3468 5346 omnino
3519 5286 3785 5366 poterit?

2127 5370 2271 5443 Quis
2288 5369 2432 5433 item
2453 5391 2660 5435 amans
2671 5373 2931 5455 divitias,
2953 5372 3464 5455 pecuniarumque
3476 5387 3537 5435 et
3553 5393 3783 5455 posses-

2126 5462 2361 5524 sionum
2378 5462 2698 5544 cupiditate
2715 5461 3232 5546 pessumdatus,ad
3248 5462 3382 5525 aliis
3397 5464 3782 5529 tribuendum

467 5670 534 5723 69
563 5670 709 5755 Luc.
739 5689 783 5749 ι,
808 5672 913 5750 78,
949 5672 1050 5738 79.
1136 5672 1199 5724 70
1227 5673 1399 5736 Joan.
1434 5688 1558 5749 xxv,
1587 5670 1691 5733 21.
1776 5670 1830 5719 74
1862 5667 1992 5732 Jac.
2025 5685 2060 5731 ιε

2154 5666 2215 5730 4.
2301 5664 2413 5728 721
2456 5667 2629 5732 Joan.
2665 5686 2732 5745 ιι,
2771 5671 2866 5733 15.
2951 5671 3005 5714 ⁷³
3036 5673 3059 5736 l
3088 5670 3247 5735 Tim.
3277 5687 3360 5755 vr,
3393 5671 3455 5736 8.
3540 5671 3605 5721 ’⁷4
3624 5669 3780 5733 Psal-

394 5767 591 5836 οων,
623 5752 718 5819 16.
