4160 6396
363 413 476 480 417
1773 417 2056 491 ORATIO
2101 415 2295 489 XXII.
3627 424 3754 489 418

367 554 737 633 misericors,
786 565 844 620 et
891 558 1086 620 aliena
1137 558 1289 621 mala
1318 558 1553 641 dolens,
1589 566 1648 621 et
1675 578 1793 621 non
1821 560 2080 641 potiusA
2103 579 2208 641 per
2237 559 2322 641 id,
2349 577 2460 622 nec
2483 558 2670 621 videri
2706 558 2779 622 ab
2810 558 2926 621 alio
2963 578 2977 623 :
3012 558 3115 622 sed
3149 577 3220 621 ex
3251 559 3393 622 inde
3424 560 3565 623 solis
3597 563 3748 627 invi-

365 645 528 736 omni
574 646 699 708 fera
755 647 1044 709 immitior
1087 657 1262 730 atque
1297 650 1598 712 credulior
1627 649 2016 712 invenietur?
2099 649 2376 710 sibilibus
2406 649 2680 725 afﬁcitur,
2731 649 3051 731 nullusque
3087 649 3140 711 ei
3190 650 3396 710 harum
3431 671 3562 732 quae
3591 659 3745 736 apud

365 730 509 804 Quis
539 752 701 796 vanze
730 736 934 812 gloriae
958 737 1344 818 mancipium,
1373 745 1430 799 et
1447 738 1788 816 arrogantia
1811 737 2016 800 obses-

366 840 488 894 sus,
527 825 848 906 aliquando
871 826 944 888 ab
980 827 1327 900 invidentia,
1355 829 1870 892 etobtrectatione
1893 830 2016 891 dis-

364 912 570 973 cedet?
600 914 710 987 Qui
732 923 931 978 autem
957 918 1031 978 ad
1056 918 1326 998 corporis
1344 919 1517 980 etiam
1539 921 1866 1000 voluptates
1887 939 2014 1000 per-

371 1001 653 1067 fruendas
670 1024 804 1067 sese
818 1005 1199 1088 dimiserit,et
1213 1009 1271 1070 in
1285 1028 1451 1071 coeno
1471 1008 1782 1071 libidinum
1795 1010 2020 1071 voluta-

381 1097 743 1175 tur,quando
763 1097 1000 1158 tandem
1020 1098 1276 1160 mundus
1293 1099 1469 1161 corde
1493 1097 2019 1178 evadet,autquan-

370 1179 444 1241 do
459 1185 823 1262 etquomodo
843 1185 1029 1246 Deum
1047 1187 1461 1249 fabricatorem
1480 1205 1650 1248 suum
1675 1186 1937 1248 videbit?

447 1270 572 1334 Jam
606 1274 890 1353 pacificus
922 1295 1038 1355 quo
1072 1277 1244 1356 pacto
1294 1278 1530 1338 futurus
1571 1283 1682 1351 est,
1718 1275 1820 1355 qui
1851 1275 2015 1356 seip-

365 1380 494 1422 sum
536 1361 813 1423 alienavit
861 1381 893 1426 a
945 1363 1091 1446 Deo,
1127 1384 1239 1427 nec
1291 1366 1592 1428 dicentem
1643 1365 1855 1427 audit:
1897 1363 2016 1427 Pro

366 1450 600 1512 Christo
631 1452 928 1532 legatione
945 1453 1294 1533 fungimur,
1316 1462 1610 1535 tanquam
1629 1454 1756 1516 Deo
1773 1471 1887 1532 per
1907 1472 2014 1516 nos

364 1541 742 1614 exhortante,
775 1543 1261 1606 reconciliamz‘ni
1287 1547 1411 1607 Deo
1444 1547 1507 1595 75
1548 1544 1827 1625 Quisquis
1850 1543 2011 1605 enim

367 1631 918 1711 permandatorum
953 1633 1333 1696 violationem
1368 1655 1500 1696 cum
1527 1637 1649 1697 Deo
1673 1634 1891 1696 bellum
1914 1653 2016 1712 ge-

362 1719 462 1792 rit,
498 1721 732 1783 etiamsi
763 1741 971 1784 omnes
1003 1723 1158 1785 inter
1185 1743 1248 1786 se
1281 1723 1704 1804 pacificaverit,
1742 1723 1846 1785 Dei
1867 1725 2016 1784 hos—

2099 757 2208 800 nos
2237 746 2373 800 sunt
2395 757 2594 801 rerum
2629 757 2861 814 sensus,
2888 747 2986 799 aut
3011 757 3153 800 cura
3171 747 3434 819 superat,
3467 759 3599 804 cum
3626 746 3748 810 illic

2099 827 2399 909 duplicem
2429 830 2632 910 vitam,
2685 835 2743 889 et
2792 827 3097 905 geminum
3155 836 3453 893 certamen
3508 833 3744 913 habeat,

2103 926 2204 978 aut
2233 916 2400 996 regni
2430 916 2709 991 cmlestis,
2738 924 2796 978 et
2825 925 3063 978 aeternae
3105 917 3347 996 gloriae;
3386 928 3483 979 aut
3512 924 3746 1000 gehen-

2103 1025 2214 1081 nze,
2248 1025 2316 1068 ac
2347 1025 2534 1086 poena:
2566 1005 2742 1085 ignis.
2795 1006 3068 1070 Alterum
3127 1006 3348 1087 quippe
3405 1008 3617 1073 horum
3669 1015 3744 1077 ad

2101 1095 2509 1158 haereditatem
2544 1096 2968 1174 sempiternam
3005 1114 3108 1176 pro
3135 1095 3362 1158 meritis
3388 1116 3421 1158 a
3447 1097 3568 1163 Deo
3589 1104 3745 1166 reci-

2101 1187 2207 1268 pit.
2234 1184 2524 1258 Quocirca
2556 1185 2630 1245 ob
2657 1186 2780 1246 haec
2812 1185 3104 1274 fallaciam
3139 1184 3317 1265 hujus
3345 1187 3498 1266 vitae,
3529 1201 3586 1254 et
3617 1212 3748 1274 quae

2101 1283 2361 1356 putatur,
2384 1275 2516 1354 ejus
2540 1274 2796 1336 laetitiam
2822 1273 3140 1353 fugiamus.
3172 1283 3229 1336 et
3245 1275 3319 1337 ad
3342 1277 3532 1340 solum
3553 1273 3749 1346 Chris-

2099 1374 2220 1426 tum
2272 1364 2606 1426 animarum
2660 1364 3024 1426 Salvatorem
3079 1382 3484 1449 accurramus,
3519 1389 3743 1451 quaeso.

2095 1453 2266 1516 Hunc
2317 1452 2587 1514 invenire
2635 1452 3002 1527 studeamus,
3054 1452 3153 1533 qui
3206 1452 3428 1534 ubique
3483 1476 3747 1538 praesens

2097 1545 2284 1620 adest,
2322 1550 2379 1604 et
2411 1543 2723 1604 inventum
2763 1549 3096 1616 teneamus,
3132 1544 3531 1626 prostratique
3571 1551 3745 1629 pedi-

2099 1633 2212 1695 bus
2240 1635 2391 1713 ejus,
2429 1651 2532 1694 eos
2559 1631 2787 1694 fervide
2819 1633 3276 1723 amplectamur.
3319 1632 3424 1723 Eia
3466 1635 3745 1723 obsecro,

2097 1725 2444 1786 studean~us
2467 1723 2606 1784 dum
2642 1739 3032 1803 supersumus
3057 1721 3252 1802 ipsum
3277 1722 3476 1785 videre
3507 1734 3564 1787 et
3596 1721 3745 1790 con?

364 1809 438 1870 tis
471 1819 598 1873 est:
635 1811 931 1891 siquidem
965 1832 1078 1874 nec
1110 1821 1174 1874 ut
1221 1813 1359 1894 ipsi,
1412 1813 1568 1876 inter
1617 1832 1764 1894 quos
1810 1831 2014 1892 pacem
2100 1813 2395 1894 templari.
2438 1812 2497 1876 Si
2526 1812 2686 1874 enim
2728 1811 2897 1892 digni
2938 1809 3316 1894 habebimur,
3358 1814 3460 1894 qui
3485 1833 3618 1878 eum
3648 1817 3748 1881 hic

365 1900 664 1967 conciliat.
697 1904 821 1964 Deo
855 1902 1148 1983 placeant,
1185 1903 1244 1963 id
1297 1903 1457 1964 facit.
1510 1905 1658 1966 Nam
1717 1922 1847 1964 cum
1889 1903 2018 1984 ipse
2101 1921 2282 1964 sensu
2312 1902 2534 1982 vigenti
2563 1901 2894 1976 videamus,
2925 1919 3042 1962 non
3062 1903 3749 1984 moriemur,morsuos-

368 1989 594 2068 primus
639 1991 716 2054 sit
745 1991 1024 2054 inimicus
1067 1993 1158 2053 sui
1187 2012 1255 2054 ac
1287 1993 1417 2068 Dei,
1472 1993 1701 2054 inimici
1731 1993 1838 2055 Dei
1869 1993 2178 2073 fiuntBtri
2228 2012 2346 2054 non
2397 1991 2802 2054 dominabitur
2846 1991 2930 2053 76.
2984 1991 3072 2053 Ne
3120 1999 3534 2071 exspectemus
3582 2004 3647 2058 ut
3683 1997 3747 2060 in

365 2079 542 2141 etiam
574 2081 657 2156 hi,
695 2082 795 2163 qui
821 2100 927 2164 per
946 2083 1092 2144 tales
1117 2101 1325 2164 pacem
1352 2083 1814 2164 amplectuntur.
1843 2086 2016 2146 Pror-

334 2187 466 2230 -sus
498 2171 655 2231 enim
689 2171 790 2251 qui
819 2172 1101 2233 adversus
1150 2173 1491 2253 quempiam
1537 2172 1816 2235 hostilem
1866 2172 2016 2252 gerit

364 2259 652 2336 animum,
687 2279 816 2341 quae
845 2261 1002 2322 hosti
1034 2261 1308 2323 videntur
1337 2270 1395 2324 et
1425 2261 1660 2343 placent
1691 2262 1920 2324 (ueteris
1945 2281 2014 2323 ex

365 2347 564 2409 animo
615 2351 891 2426 suadere,
956 2358 1013 2413 et
1062 2351 1281 2415 docere
1332 2371 1434 2413 eos
1479 2351 1700 2433 facere,
1752 2369 1884 2432 quae
1915 2351 2017 2412 ille

364 2437 509 2514 vult,
564 2440 774 2515 nescit,
828 2447 1035 2520 utpote
1093 2441 1210 2502 alia
1259 2441 1379 2521 via,
1427 2447 1484 2502 et
1530 2440 1688 2502 illius
1732 2439 2016 2505 voluntati

368 2528 664 2590 contraria
695 2530 1007 2593 incedens.
1041 2531 1265 2611 Itaque,
1291 2529 1497 2592 dilecti
1531 2530 1767 2604 fratres,
1811 2529 2005 2590 oderi-

369 2635 501 2678 mus
556 2619 867 2694 mundum,
904 2628 961 2681 et
993 2639 1064 2681 ea
1097 2638 1228 2700 quae
1279 2620 1342 2681 in
1395 2619 1614 2680 mundo
1671 2626 1823 2680 sunt.
1863 2617 2017 2690 Quid

369 2725 628 2788 namque
661 2707 830 2769 nobis
860 2728 994 2770 cum
1028 2709 1273 2783 mundo,
1299 2716 1357 2769 et
1386 2727 1518 2770 cum
1544 2708 1616 2768 iis
1638 2709 1737 2789 qui
1762 2708 1822 2769 in
1853 2727 2020 2769 mun-

369 2795 443 2856 do
465 2796 665 2857 vivunt
693 2797 1083 2859 hominibus?
1113 2798 1538 2862 Desideremus
1561 2806 1767 2859 contra
1789 2797 2020 2859 medul-

368 2885 528 2965 litus,
563 2905 693 2966 quaa
722 2885 882 2949 Deus
912 2887 1191 2967 amplecti
1223 2907 1329 2949 nos
1370 2887 1565 2967 jubet,
1607 2897 2015 2969 paupertatem

368 2975 634 3056 spiritus,
669 2995 843 3056 quam
877 2977 1120 3038 divinus
1152 2997 1347 3039 sermo
1387 2978 1782 3040 humilitatem
1815 2977 2015 3038 nomi-

368 3075 509 3127 nat:
548 3065 769 3127 luctum
803 3075 1152 3146 perpetuum
1187 3066 1282 3127 die
1331 3086 1398 3128 ac
1438 3076 1716 3148 nocte,ex
1747 3086 1863 3148 quo
1895 3074 2018 3128 tan-

370 3173 548 3234 quam
577 3173 609 3216 e
638 3156 797 3217 fonte
818 3157 1102 3234 gaudium
1126 3156 1361 3232 animae,
1395 3157 1802 3219 etconsolatio
1828 3157 2014 3218 Deum

368 3243 761 3322 diligentibus
790 3245 850 3306 in
886 3245 1064 3308 horas
1096 3247 1358 3326 profluit.
1395 3246 1476 3307 Ex
1509 3248 1620 3308 hoc
1648 3246 1924 3308 omnibus
1955 3245 2014 3306 in

367 3333 620 3395 veritate
680 3334 1046 3396 certantibus
1095 3335 1486 3397 mansuetudo
1535 3335 1712 3397 etiam
1764 3335 2020 3397 feliciter

370 3421 660 3502 procedit,
715 3423 1008 3502 justitiam
1070 3423 1474 3486 esurientibus
1524 3442 1593 3485 ac
1652 3424 2014 3503 sitientibus,

369 3528 727 3591 semperque
753 3530 1004 3589 regnum
1036 3511 1166 3586 Dei,
1210 3512 1365 3593 quod
1400 3531 1640 3574 omnem
1691 3514 2017 3574 humanum

378 3616 617 3660 sensum
650 3609 986 3682 exsuperat,
1021 3601 1448 3682 quaerentibus.
1485 3605 1691 3680 Neque
1735 3604 1846 3664 hoc
1882 3610 2019 3663 tan-

381 3693 529 3762 tum,
589 3690 692 3751 sed
752 3699 810 3752 et
855 3691 1197 3772 quempiam
1261 3691 1709 3754 misericordem
1759 3692 1914 3767 fieri,
1964 3700 2023 3754 et

382 3777 596 3840 mundo
628 3780 832 3856 corde,
881 3781 1123 3860 plenum
1171 3781 1353 3862 pacis,
1389 3789 1448 3842 et
1489 3781 1825 3861 paciticum,
1872 3801 2022 3844 con-

379 3874 584 3949 traque
615 3869 973 3931 tentationes
1004 3871 1341 3932 animosum
1374 3889 1442 3933 ac
1473 3871 1701 3931 virilem
1736 3871 1876 3932 hinc
1910 3879 2020 3945 est,

376 3975 449 4018 ex
480 3957 830 4036 quotidiano
864 3959 1024 4020 luctu
1058 3960 1358 4021 videlicet.
1394 3960 1544 4021 Hinc
1578 3963 1714 4023 item
1749 3968 2028 4041 peccato-

376 4065 508 4108 rum
562 4048 763 4108 odium
814 4048 874 4109 in
922 4048 1097 4109 nobis
1155 4052 1438 4112 nascitur.
1501 4049 1650 4112 Hinc
1705 4049 1936 4111 divinas
1965 4049 2025 4110 in

379 4135 580 4196 anima
608 4137 771 4199 zelus
801 4139 1168 4212 accenditur,
1205 4139 1308 4218 qui
1341 4139 1502 4200 nullo
1529 4139 1703 4199 modo
1736 4159 1867 4200 eam
1899 4139 2026 4220 qui-

381 4242 612 4306 escere,
642 4233 742 4287 aut
776 4246 911 4288 cum
950 4227 1238 4307 improbis
1259 4228 1330 4288 ad
1357 4227 1799 4308 improbitatem
1831 4228 2024 4289 decli-

381 4330 524 4376 nare
543 4315 797 4394 patitur:
835 4315 941 4376 sed
976 4334 1104 4376 eam
1135 4315 1406 4377 virilitate
1439 4335 1508 4378 ac
1540 4316 1758 4377 virtute
1790 4316 2019 4397 implet,

378 4420 494 4482 quo
527 4401 586 4464 in
615 4403 797 4466 rebus
824 4405 1108 4466 adversus
1139 4423 1334 4485 usque
1354 4405 1426 4466 ad
1453 4405 1635 4466 finem
1666 4413 2024 4485 perseveret.

2099 2085 2294 2144 futuro
2328 2101 2463 2144 eum
2487 2082 2817 2163 videamus,
2853 2081 2957 2143 sed
2990 2099 3150 2142 nunc
3179 2100 3314 2143 eum
3337 2083 3542 2147 videre
3568 2087 3745 2149 anni-

2099 2180 2314 2248 tamur,
2342 2191 2475 2234 cum
2491 2171 2824 2234 etJoannes
2845 2169 3180 2249 Theologus
3198 2170 3279 2231 ita
3301 2171 3487 2236 dicat:
3504 2173 3746 2240 Scimus

2098 2268 2322 2337 autem,
2351 2263 2643 2342 quoniam
2665 2262 2853 2323 Deum
2876 2260 3163 2323 habemus
3185 2263 3250 2322 in
3284 2263 3561 2327 cordibus
3599 2285 3746 2330 nos-

2101 2359 2233 2428 tris,
2283 2370 2361 2415 ex
2407 2353 2668 2432 Spiritu,
2716 2368 2895 2430 quem
2943 2351 3018 2411 ab
3072 2355 3196 2430 ipso
3259 2354 3604 2434 accep-imus
3657 2357 3743 2422 77.

2101 2441 2449 2523 Quicunque
2502 2441 2678 2520 igitur
2727 2439 2905 2500 ﬁdem
2969 2440 3025 2500 in
3085 2439 3280 2520 ipsum
3343 2460 3413 2503 ex
3467 2444 3750 2524 operibus

2100 2531 2412 2593 infractam
2464 2548 2532 2593 ac
2575 2529 2851 2614 stabilem
2883 2528 3252 2607 ostendistis,
3287 2549 3419 2610 quae
3448 2551 3481 2594 a
3513 2533 3684 2596 nobis
3715 2554 3751 2598 a

2103 2621 2400 2702 principio
2434 2621 2592 2682 dicta
2614 2628 2753 2681 sunt
2783 2629 3080 2696 accurate,
3108 2618 3380 2700 beneque
3409 2621 3746 2702 dijudican-

2103 2718 2214 2786 tes,
2249 2718 2476 2785 cavete,
2502 2728 2578 2770 ne
2599 2709 2739 2770 dum
2764 2707 2980 2788 putatis
3013 2727 3116 2769 vos
3143 2709 3432 2771 christum
3463 2711 3524 2772 in
3548 2713 3748 2776 vobis-

2103 2810 2226 2860 met
2251 2798 2498 2875 habere,
2524 2817 2643 2859 non
2665 2796 3151 2858 animadvertetis
3182 2816 3284 2860 vos
3319 2799 3468 2861 nihil
3500 2801 3748 2878 habere,

2099 2887 2415 2969 vacuisque
2447 2887 2722 2949 manibus
2754 2905 2786 2948 e
2807 2885 2923 2949 vita
2950 2885 3389 2965 subducamini,
3417 2899 3474 2952 et
3500 2891 3752 2955 audiatis

2101 2978 2281 3058 (quod
2330 2979 2487 3040 Deus
2535 2977 2782 3055 avertat)
2842 2995 3047 3038 vocem
3099 2977 3260 3038 illam
3321 2979 3676 3042 horribilem
3731 3001 3746 3042 :

2108 3069 2320 3130 Tollite
2349 3069 2503 3147 quod
2548 3085 2760 3130 servus
2820 3084 3075 3146 nequam
3134 3068 3372 3131 videtur
3421 3071 3660 3145 habere,
3695 3077 3754 3134 et

2099 3158 2237 3220 date
2262 3157 2399 3236 plus
2423 3156 2674 3220 habenti
2703 3157 2786 3218 78.
2813 3157 2977 3218 Tunc
3006 3156 3066 3216 in
3088 3175 3329 3218 omnem
3360 3160 3748 3222 aeternitatem

2101 3245 2431 3326 plorabitis,
2465 3254 2523 3307 et
2555 3244 2858 3324 lugebitis,
2895 3252 2952 3305 et
2980 3245 3386 3311 tristabimini.

2664 3351 2950 3416 ORATIO
3005 3352 3185 3416 XXII.

2709 3461 3114 3508 ARGUMENTUM
3125 3495 3138 3508 .

2102 3552 2247 3620 Quid
2290 3553 2398 3627 sibi
2445 3554 2575 3627 uelit
2620 3571 2636 3608 :
2687 3573 2711 3607 ι
2767 3554 2875 3620 Qui
2909 3553 3258 3627 crediderit,
3317 3566 3392 3627 et,
3427 3555 3751 3627 baptizafus

2170 3626 2365 3698 fuerit,
2395 3626 2720 3698 salvuserit
2763 3643 2781 3682 :
2822 3625 2931 3698 qui
2954 3640 3083 3698 vero
3110 3641 3224 3681 non
3265 3625 3586 3690 crediderit,
3619 3643 3751 3684 con-

2175 3698 2528 3755 demnabitur
2555 3697 2628 3750 79.
2668 3718 2689 3747 ι
2728 3698 2860 3764 Qua:
2885 3697 2997 3753 sint
3031 3697 3326 3771 charitatis
3368 3713 3503 3770 erga
3551 3699 3752 3771 Deum,

2175 3773 2226 3825 et
2265 3770 2596 3840 proximum
2643 3774 2994 3835 argumenta.
3027 3770 3099 3824 De
3121 3769 3386 3840 perfecta,
3419 3769 3470 3826 et
3497 3769 3755 3827 consum-

2177 3839 2330 3896 mata
2360 3841 2654 3907 charitate,
2684 3842 2906 3912 ejusque
2941 3839 3255 3912 efﬁcientia.
3293 3839 3416 3897 Nisi
3444 3842 3534 3898 hic
3561 3843 3755 3898 chari—

2181 3913 2329 3972 tatis.
2364 3919 2412 3967 et
2435 3912 2775 3970 sanctissimi
2802 3912 3046 3985 Spiritus
3069 3913 3368 3985 participes
3391 3914 3517 3985 ﬁeri
3537 3914 3754 3975 labore-

2178 3999 2322 4050 mus,
2356 3999 2467 4039 non
2509 3998 2668 4056 posse
2703 3999 2800 4040 nec
2829 3983 3170 4056 ﬁdelesgnec
3198 3983 3572 4056 Christianos
3620 4001 3752 4051 esse,

2178 4055 2585 4183 xvii-3.1.35."
2600 4055 3272 4183 ἕέἕὲέξῗιΐᾷιέαῗξάετξθίίω
3293 4071 3400 4129 Ρ⁷⁰
3443 4055 3755 4129 “ﬁdem”

2300 4146 2317 4182 ι
2376 4145 2394 4183 1
3139 4168 3152 4183 ο

2179 4142 2239 4182 ιη
2260 4142 2348 4183 me
2365 4142 2573 4198 Juatcn
2600 4142 3025 4184 condemnatum
3053 4142 3152 4183 ιη.

2187 4226 2474 4288 Dominus
2503 4244 2572 4287 ac
2597 4227 2755 4288 Deus
2787 4235 2991 4287 noster
3009 4227 3181 4288 Jesus
3204 4223 3496 4310 Christus,
3516 4247 3754 4308 germa-

2106 4334 2218 4377 nus
2259 4315 2363 4376 Dei
2396 4313 2585 4377 Patris
2615 4313 2822 4390 Filius,
2859 4314 3130 4394 ejusdem
3163 4333 3298 4376 cum
3340 4315 3442 4378 illo
3472 4317 3750 4380 substan-

2112 4405 2228 4480 tiae,
2262 4411 2509 4476 naturae,
2543 4403 2768 4482 gloriae,
2805 4404 3024 4465 sedens
3068 4404 3131 4464 in
3180 4404 3391 4466 eodem
3427 4406 3662 4482 throno,
3700 4415 3757 4468 et
3807 4449 3818 4458 .-

379 4494 722 4555 Curramus.
759 4512 1214 4575 persequamur,
1258 4493 1449 4556 donec
1479 4494 1784 4575 quippiam
1817 4515 1848 4556 e
1874 4503 2029 4556 stan-
2050 4493 2312 4581 Dthroni
2353 4491 2574 4563 socius,
2613 4492 2672 4552 in
2706 4491 2878 4553 Patre
2911 4510 3182 4569 manens,
3217 4492 3372 4555 sicut
3403 4503 3462 4556 et
3490 4494 3665 4556 Pater
3695 4495 3757 4556 in

379 4581 560 4664 tibus,
607 4603 675 4645 ac
735 4583 984 4646 minime
1042 4583 1364 4645 ﬂuentibus
1419 4585 2022 4664 comprehendamus.
2110 4583 2264 4665 ipso,
2296 4583 2370 4644 ad
2405 4581 2728 4656 miseriam,
2761 4581 3268 4663 aﬂlictionemque
3299 4591 3584 4659 nostram,
3612 4586 3758 4665 quin

378 4671 707 4734 Praesentia
758 4682 972 4734 cuncta
1020 4681 1292 4754 pereunt,
1328 4681 1386 4734 et
1436 4682 1498 4734 ut
1545 4673 1776 4734 somnia
1812 4682 2028 4751 praete-
2113 4673 2288 4735 etiam
2321 4671 2394 4734 ad
2425 4671 2795 4750 servitutem,
2829 4690 3006 4752 quam
3041 4689 3147 4751 per
3177 4680 3483 4753 peccatum
3517 4673 3590 4734 ab
3636 4674 3756 4735 ini-

378 4767 578 4835 reunt,
614 4761 885 4842 nihilque
944 4762 1104 4824 inter
1161 4781 1229 4824 ea
1284 4781 1414 4843 quae
1459 4763 1650 4824 oculis
1680 4763 2023 4842 aspicimus,
2115 4761 2268 4822 mico
2319 4761 2570 4824 seducti.
2625 4761 2822 4822 eidem
2873 4759 3116 4822 inimico
3160 4760 3590 4840 serviebamus,
3625 4781 3759 4825 cum

385 4847 626 4908 firmum
658 4857 768 4924 est,
797 4870 864 4911 ac
894 4852 1120 4913 stabile.
1151 4852 1271 4927 Sol,
1300 4860 1477 4927 astra,
1507 4853 1742 4927 ccelum,
1765 4860 1824 4914 et
1845 4861 2024 4933 terra,
2110 4850 2496 4931 respexisset,
2524 4849 2890 4929 benignitate
2911 4867 3017 4910 sua
3046 4857 3266 4930 quanta
3286 4850 3405 4913 dici
3427 4870 3546 4913 non
3571 4859 3764 4933 potest

387 4937 586 4996 omnia
619 4945 968 5014 transeunt;
1000 4940 1159 5000 solus
1189 4959 1254 5002 ex
1289 4942 1566 5003 omnibus
1599 4942 1777 5002 homo
1804 4951 2026 5004 manet.
2113 4959 2221 5002 nos
2253 4939 2586 5020 miseratus,
2612 4939 2932 5019 volensque
2956 4957 2988 5000 e
3013 4939 3394 5014 servitute,et
3415 4940 3764 5004 seductione

385 5023 539 5097 Quid
573 5045 710 5107 ergo
731 5046 796 5089 ex
817 5028 1276 5109 aspectabilibus
1298 5031 1590 5093 universis
1613 5033 1893 5109 prodesse
1916 5050 2026 5092 no-
2113 5028 2454 5109 turpissima
2475 5027 2734 5108 eripere,
2761 5036 2920 5090 totus
2946 5028 3088 5091 inde
3111 5029 3423 5092 descendit
3444 5040 3756 5111 paternum

383 5114 476 5177 bis
508 5117 746 5198 poterit,
784 5137 916 5180 cum
960 5119 1282 5201 moriendi,
1305 5120 1630 5183 necessitas
1676 5120 2030 5184 advenerit?
2111 5118 2308 5180 sinum
2342 5117 2497 5178 haud
2528 5117 2898 5199 relinquens,
2931 5125 2995 5178 ut
3025 5121 3150 5198 ipse
3187 5119 3372 5195 novit,
3394 5128 3451 5181 et
3474 5120 3765 5183 exsistens

383 5224 515 5270 cum
550 5207 690 5271 hinc
711 5209 782 5270 ad
808 5208 970 5270 illam
993 5209 1151 5271 illius
1181 5211 1388 5272 saiculi
1414 5210 1682 5291 requiem
1707 5209 2027 5291 abibimus,
2115 5208 2177 5269 in
2211 5214 2390 5287 terra,
2423 5206 2484 5266 in
2517 5205 2803 5281 tenebris,
2842 5215 2899 5268 et
2929 5207 2990 5268 in
3025 5206 3233 5269 umbra
3268 5208 3478 5273 mortis
3507 5209 3769 5272 sedenti-

386 5303 446 5357 et
477 5297 709 5377 fugacia
733 5298 842 5360 ista
867 5307 995 5379 post
1019 5317 1128 5360 nos
1149 5299 1609 5380 relinquemus?
1640 5298 1807 5371 Quod
1828 5300 1876 5361 si
1911 5300 2034 5362 haec
2119 5296 2228 5358 bus
2284 5296 2560 5378 apparuit
2601 5295 2724 5378 79",
2757 5297 2832 5359 de
2881 5295 3108 5377 Spiritu
3167 5304 3397 5373 sancto,
3459 5307 3516 5361 et
3563 5306 3769 5362 sancta

388 5385 642 5450 visibilia
700 5389 967 5449 nondum
1048 5387 1422 5462 transibunt,
1488 5388 1628 5468 quid
1683 5388 1834 5449 lucri
1891 5387 2033 5450 inde
2118 5402 2358 5465 semper
2390 5383 2636 5464 Virgine
2665 5384 2848 5448 Maria
2876 5385 3152 5447 humanis
3181 5385 3428 5448 artubus
3457 5396 3768 5450 contectus

389 5474 584 5554 nobis,
619 5497 689 5539 ex
733 5477 847 5540 hoc
867 5479 1082 5541 saeculo
1114 5486 1306 5540 morte
1337 5477 1643 5558 digressis,
1678 5485 1737 5540 et
1766 5479 1862 5542 hic
1893 5497 2035 5542 exa-
2119 5474 2420 5537 videlicet.
2454 5477 2722 5556 Cumque
2751 5474 3140 5556 ambulasset,
3173 5482 3231 5537 et
3259 5494 3394 5538 cum
3426 5476 3771 5540 hominibus

387 5563 538 5627 nimi
583 5567 790 5629 relicto
841 5570 1145 5648 corpore?
1199 5571 1283 5631 Ex
1327 5585 1447 5648 quo
1478 5568 1635 5629 enim
1669 5569 1868 5630 anima
1899 5587 2038 5631 cor-
2123 5561 2300 5625 nobis
2327 5582 2396 5625 ac
2428 5565 2845 5644 peccatoribus
2882 5572 3266 5627 conversatus
3297 5572 3480 5642 esset,
3511 5584 3582 5629 ac
3612 5567 3771 5629 divi—

390 5673 504 5734 pus
553 5674 727 5719 suum
779 5656 1138 5734 deseruerit,
1173 5675 1287 5720 nec
1333 5656 1822 5747 videreamplius
1850 5667 2045 5740 potest
2125 5672 2263 5717 nam
2293 5654 2530 5719 vivendi
2555 5655 2876 5733 rationem,
2909 5654 3273 5738 modumque
3304 5655 3479 5718 nobis
3515 5655 3768 5721 demon-

468 5788 611 5854 7511
645 5792 784 5854 Cor.
813 5807 878 5870 v,
906 5793 1010 5856 20.
1099 5790 1160 5841 ’⁷6
1203 5792 1382 5857 Rom.
1415 5808 1496 5867 v1,
1527 5792 1567 5856 8
1598 5809 1766 5870 seqq.
1853 5793 1914 5842 77
1939 5792 2015 5858 Jo.

2145 5809 2186 5868 l,
2221 5791 2325 5854 13.
2409 5789 2473 5841 78
2501 5792 2648 5853 Luc.
2701 5805 2822 5867 nx,
2854 5787 2935 5853 24
2961 5804 3132 5870 seqq.
3216 5787 3282 5839 79
3305 5789 3487 5854 Marc.
3516 5805 3638 5870 XVI,
3672 5791 3774 5857 16.

2409 5789 2473 5841 78
2501 5792 2648 5853 Luc.
2701 5805 2822 5867 nx,
2854 5787 2935 5853 24
2961 5804 3132 5870 seqq.

385 5871 597 5940 73133.
629 5887 708 5936 Ix.

1099 5790 1160 5841 ’⁷6
1203 5792 1382 5857 Rom.
1415 5808 1496 5867 v1,
1527 5792 1567 5856 8
1598 5809 1766 5873 seqq.
