4160 6426
378 429 499 502 419
1689 415 2022 492 SYMEONI

2108 424 2458 492 JUNIORIS
3655 418 3778 488 420

376 581 646 650 strasset,
681 575 1093 656 praeceptaque
1125 565 1408 629 salutaria
1440 564 1661 627 sanctis
1710 559 2088 656 discipuliSA
2111 560 2302 656 magis
2325 567 2390 620 ut
2418 557 2701 656 infidelis,
2735 563 2833 656 aut
2865 557 3042 656 etiam
3079 555 3334 656 infideli
3362 556 3769 656 deteriorAju-

378 665 500 728 suis
526 645 834 742 edidisset,
862 645 1068 722 rursus
1098 656 1170 719 ad
1205 663 1430 737 patrem
1463 674 1635 716 suum
1669 672 1802 716 cum
1840 650 2028 731 gloria
2109 648 2446 725 dicabitur;
2480 647 2758 742 quoniam
2790 647 2850 708 in
2883 645 3478 742 majoribusquidem
3508 646 3767 708 conﬁte-

377 753 668 832 ascendit,
693 735 832 814 dato
850 747 1063 810 iisdem
1094 735 1396 819 mandato,
1429 762 1644 824 nempe
1671 745 1785 804 hoc
1811 764 1823 803 :
1851 740 2026 804 Eun-
2111 745 2210 832 tur
2228 757 2292 800 se
2330 737 2863 832 Christo_credere,
2902 737 2963 832 in
3007 735 3274 832 minimis
3304 745 3504 797 autem
3540 738 3762 832 ipsum,

379 853 463 907 tes
491 824 725 906 docetes
755 856 962 903 omnes
992 834 1613 917 gentes,baptizantes
1630 851 1726 894 eos
1742 837 1804 892 in
1823 830 2025 892 nomi-
2108 827 2530 917 universorum
2574 826 2783 917 Deum,
2809 845 2898 917 ac_
2921 825 3239 917 Dominum
3289 824 3622 889 contemnit
3655 843 3669 887 :
3713 831 3774 917 et

373 952 456 998 ne
479 913 1030 1006 Patris,etFiiii,et
1054 913 1324 1005 Spiritus
1365 928 1590 998 sancti,
1625 923 1898 984 docentes
1929 938 2030 982 eos
2111 918 2487 1006 proﬁtensse
2516 916 2576 977 in
2599 915 2731 978 aliis
2764 915 3010 1006 credere
3043 922 3106 1006 ut
3135 915 3280 1006 Deo,
3311 933 3479 996 aeque
3525 921 3590 1006 ut
3635 913 3769 1006 cui-

377 1040 631 1088 servare
652 1002 1027 1084 omnia.Non
1045 1002 1158 1077 hoc
1177 1023 1280 1078 aut
1305 1014 1450 1075 illud
1476 1030 1736 1086 servare,
1763 1010 1870 1072 sed
1893 1015 2031 1072 0m-’
2113 1007 2266 1086 piam
2314 1005 2571 1086 plebeio,
2607 1025 2675 1066 ac
2725 1004 2950 1084 vulgari
2995 1003 3169 1066 ﬁdem
3204 1004 3478 1084 denegat,
3515 1002 3764 1076 dicenti,

381 1115 491 1175 nia.
507 1126 894 1192 quwcumque
915 1105 1206 1167 mandavi
1226 1103 1390 1166 vobis
1409 1103 1494 1164 80.
1515 1100 1803 1173 Quoniam
1827 1108 2026 1161 autem
2112 1096 2287 1192 etiam
2320 1096 2394 1192 de
2421 1095 2604 1192 verbo
2634 1095 2822 1192 otioso
2858 1094 3134 1155 homines
3166 1094 3458 1192 rationem
3490 1092 3768 1192 redditu-

382 1182 550 1280 dixit,
576 1182 828 1271 Omnid,
855 1192 1420 1273 nihilpraatermisit,
1451 1190 1607 1273 quod
1634 1208 1752 1251 non
1784 1205 2028 1280 servare
2109 1203 2208 1246 res
2238 1185 2298 1246 in
2332 1185 2438 1280 die.
2455 1183 2674 1280 judicii
2705 1203 2718 1244 :
2757 1190 3041 1280 putatque
3092 1201 3156 1280 se
3195 1184 3516 1280 ridentem,
3553 1182 3768 1280 obsce-

374 1270 641 1371 jusse'rit.
683 1270 834 1359 Quid
865 1270 1166 1365 amplius?
1194 1281 1317 1358 Qui
1348 1270 1698 1354 crediderit,
1728 1278 1940 1359 inquit,
1972 1283 2031 1339 et
2113 1283 2401 1371 na_que,et
2424 1272 2625 1371 inania
2647 1271 3007 1371 garrieutcm
3037 1270 3253 1371 salvari
3285 1289 3481 1352 posse,
3502 1289 3634 1332 cum
3668 1270 3768 1370 ille

383 1359 726 1458 baptizatus
753 1359 1371 1454 fuerit,'satvabitur:
1393 1372 1500 1450 qui
1529 1376 1736 1431 autem
1764 1385 1888 1430 non
1909 1384 2028 1458 cre-
2113 1363 2390 1458 miseros
2414 1363 2697 1458 affirmet,
2753 1359 2856 1458 qui
2908 1359 3136 1433 rident,
3170 1360 3395 1458 beatos
3424 1369 3620 1458 autem
3666 1359 3767 1439 qui

379 1449 1314 1542 diderit,condemudbiturﬂum
1339 1449 1786 1538 igitur,tfratres
1808 1453 2028 1518 charis-
2113 1451 2412 1529 lugent85.
2441 1451 2722 1542 Quinimo
2755 1451 2854 1542 qui
2887 1469 2949 1511 se
2982 1470 3100 1542 non
3134 1449 3387 1529 abnegat
3409 1451 3613 1542 etiam,
3645 1467 3761 1542 ne-

377 1539 698 1637 simi,quid
722 1554 836 1614 hoc
859 1552 936 1614 sit
958 1549 1350 1630 nostis,quod
1371 1549 1488 1611 ait:
1517 1547 1642 1624 Qui
1680 1547 2024 1616 m'ediderit,
2113 1560 2228 1622 que
2258 1561 2498 1604 crucem
2537 1541 2780 1637 bajulat,
2823 1540 2883 1602 in
2917 1540 3181 1637 omnium
3221 1539 3608 1637 teiitationum
3640 1539 3758 1599 im-

381 1655 440 1711 et
469 1629 814 1726 baptizatus
842 1629 1292 1720 fuerit;deinde
1315 1639 1530 1701 iterum
1558 1637 1711 1712 :Qui
1736 1653 1860 1726 nou
1889 1652 2031 1697 cre-
2116 1647 2253 1726 petu
2285 1650 2475 1713 usque
2503 1631 2578 1692 ad
2614 1639 2869 1726 mortem
2901 1630 3179 1692 alacriter
3205 1629 3582 1726 sustinendo,
3609 1647 3754 1726 quo:

379 1717 604 1800 didth
625 1736 657 1795 9
683 1717 960 1794 Arbitror
1002 1729 1160 1790 enim
1195 1728 1352 1811 quod
1387 1727 1613 1789 dictum
1654 1728 1762 1805 est;
1786 1724 2030 1806 planum
2118 1720 2292 1811 modo
2323 1740 2430 1783 sua
2462 1739 2639 1782 causa
2667 1721 3019 1782 cruciﬁxum
3053 1719 3222 1800 sequi
3252 1737 3315 1782 se
3341 1717 3672 1811 existimat?
3696 1717 3766 1778 Et

379 1843 542 1900 esse,
576 1842 646 1884 ac
677 1821 852 1883 facile
874 1819 948 1880 ad
970 1808 1447 1896 intelligendum.
1481 1814 1671 1877 Habet
1694 1824 1893 1877 tamen
1915 1811 2029 1874 ali-
2116 1810 2214 1890 qui
2249 1811 2378 1889 plus
2409 1811 2511 1872 illo
2546 1819 2848 1890 parentes,
2897 1817 3301 1900 cognatosque
3351 1808 3560 1900 diligit,
3612 1827 3764 1888 quo—-

379 1897 534 1977 cubi'
567 1929 783 1974 sensus
830 1907 1119 1989 profunde
1162 1908 1436 1968 latentes.
1493 1904 1699 1966 Fidem
1734 1903 1831 1965 hic
1861 1902 2025 1976 dicit,
2051 1935 2090 1984 Β
2116 1899 2291 1961 modo
2326 1919 2390 1962 se
2415 1900 2637 1963 Christi
2669 1900 2914 1989 dignum
2947 1899 3306 1989 discipulum
3342 1917 3409 1959 ex
3441 1897 3644 1958 animo
3677 1915 3765 1989 re_-

379 2022 501 2066 non
530 2003 692 2064 hunc
715 1985 926 2070 solam,
963 1997 1260 2060 Chrismm
1297 2013 1428 2056 esse
1456 1994 1671 2066 Deum,
1707 1993 1811 2055 sed
1863 1992 2024 2055 illam
2114 1993 2319 2069 putat?
2347 1989 2416 2050 Et
2447 1990 2547 2069 qui
2597 2007 2716 2049 non
2767 1988 3068 2069 abnegant
3124 1987 3381 2048 animam
3426 2005 3618 2060 suam,
3659 1985 3762 2047 sed

381 2092 658 2166 maxime,
719 2107 848 2170 qua;
907 2087 1110 2149 omnia
1158 2085 1231 2146 de
1293 2084 1512 2146 sanctis
1561 2082 1854 2144 mandatis
1897 2082 2026 2161 ejus
2112 2079 2344 2159 si'ipsos
2373 2085 2572 2170 amant
2610 2078 2828 2160 potius,
2864 2077 3108 2170 suisque
3135 2075 3766 2170 vtzluntatili_us,_magis

381 2183 538 2246 dicta
593 2177 1030 2259 complectitur,
1079 2193 1329 2256 quaeque
1373 2174 1434 2234 in
1485 2192 1550 2235 se
1599 2172 1798 2233 omnia
1826 2171 2027 2234 divina

377 2273 506 2352 ejus
553 2269 828 2332 mandata
875 2265 1164 2338 continet,
1219 2270 1281 2325 et
1330 2262 1547 2342 credit,
1593 2261 1744 2323 nihil
1777 2263 1850 2352 in
1880 2260 2022 2352 illis,

377 2350 566 2441 usque
595 2357 667 2420 ad
698 2356 976 2418 ultimum
1030 2354 1260 2434 apicem
1315 2352 1572 2441 otiosum
1624 2373 1636 2411 :
1690 2350 1794 2441 sed
1829 2350 2030 2411 omnia

375 2439 566 2529 usque
597 2447 668 2508 ad
703 2463 885 2506 unum
913 2443 1032 2504 iota
1059 2443 1260 2517 vitam,
1297 2448 1356 2503 et
1385 2440 1563 2501 vitam
1598 2439 2025 2520 sempiternam

376 2536 720 2599 conciliare.
754 2535 958 2612 Itaque
979 2532 1027 2592 si
1051 2531 1183 2612 quis
1212 2531 1423 2604 credit,
1450 2530 1529 2590 ita
1561 2548 1624 2591 se
1654 2529 1755 2590 illa
1779 2529 2021 2608 habere,

375 2634 436 2686 et
464 2643 572 2706 per
599 2640 833 2686 sacrum
866 2620 1161 2700 baptisma
1190 2618 1263 2679 ad
1314 2619 1441 2679 haec
1477 2620 1677 2706 omnia
1705 2614 2021 2706 servanda,

375 2705 605 2776 ac’sine
650 2708 1156 2790 prmiermissione
1209 2706 1483 2768 facienda
1525 2705 1866 2785 descriptus
1912 2711 2022 2776 est,

376 2801 719 2865 salvabitur.
741 2798 1006 2870 Quivero
1035 2813 1348 2856 sermones
1379 2795 1510 2874 ejus
1540 2795 1717 2855 etiam
1743 2810 1931 2873 usque
1951 2791 2025 2853 ad

373 2909 559 2954 unum
591 2889 845 2969 apicem,
881 2894 1188 2948 autunum
1221 2885 1360 2960 iota,
1399 2891 1462 2945 ut
1501 2883 1726 2945 dictum
1759 2898 1872 2957 eet,
1905 2901 2026 2944 non

379 2979 726 3053 crediderit,
762 2995 879 3037 non
914 2992 1105 3055 secus,
1140 2991 1319 3052 quam
1367 2973 1419 3034 si
1451 2980 1635 3034 totum
1669 2974 2021 3054 negavisset,

379 3067 780 3131 damnabitur.
816 3064 886 3126 Et
924 3063 1163 3125 merito.
1219 3061 1331 3134 Qui
1384 3063 1542 3124 enim
1593 3062 1654 3123 in
1708 3064 1934 3141 magnis
1971 3061 2024 3123 ei

2110 2188 2286 2250 quam
2316 2169 2422 2231 Dei
2453 2169 2887 2250 obsequuntur,
2931 2168 3148 2229 frustra
3178 2187 3240 2228 se
3273 2168 3406 2248 ejus
3437 2167 3764 2245 discipulos

2110 2277 2241 2321 esse
2273 2260 2599 2321 confidunt.
2641 2259 2710 2320 Et
2733 2259 2832 2340 qui
2863 2257 2923 2320 in
2947 2259 3125 2320 horas
3157 2276 3274 2318 non
3303 2277 3511 2332 unum,
3550 2271 3600 2318 et
3641 2259 3759 2316 mi-

2113 2349 2338 2410 nimum
2371 2351 2810 2421 mandatorum,
2844 2347 2950 2409 sed
2986 2350 3186 2423 multa,
3224 2357 3279 2409 et
3314 2349 3612 2428 praecipua
3632 2348 3759 2409 sol-

2111 2447 2274 2513 vunt,
2303 2439 2455 2500 nihil
2486 2438 2754 2513 omnino,
2788 2438 3062 2500 illicitum
3098 2455 3162 2498 se
3185 2438 3585 2511 committere,
3611 2456 3759 2499 con-

2111 2528 2346 2592 mittere
2395 2526 2635 2590 autem?
2691 2528 2811 2587 imo
2861 2527 2947 2588 sic
2999 2526 3298 2588 constituti
3331 2544 3575 2606 magnos
3605 2544 3670 2587 se
3700 2526 3762 2588 in

2109 2635 2294 2694 regno
2340 2617 2627 2679 ccelorum
2659 2615 2787 2677 fore
2818 2615 3204 2676 arbitrantur.
3253 2617 3329 2678 Et
3375 2616 3532 2696 quod
3586 2622 3764 2696 caput

2111 2707 2398 2768 malorum
2421 2714 2509 2768 est
2530 2705 2821 2779 omnium,
2850 2706 3094 2767 omnino
3120 2723 3195 2766 ne
3219 2706 3496 2767 mandata
3517 2704 3759 2786 quidem

2107 2813 2172 2856 se
2201 2795 2294 2856 his
2326 2794 2518 2856 modis
2568 2793 2790 2855 violare
2838 2801 3165 2867 autumant,
3218 2804 3278 2858 et
3337 2813 3445 2856 nos
3498 2794 3760 2875 patroci-

2106 2885 2295 2957 nium,
2330 2883 2598 2946 veritatis
2632 2883 3018 2964 sucipientes,
3074 2885 3147 2946 ad
3179 2883 3336 2946 idem
3377 2883 3756 2946 sentiendum

2106 2973 2393 3036 inducere
2422 2973 2642 3035 stolide
2674 2982 2988 3036 conantur.

2190 3065 2318 3127 Duo
2351 3062 2513 3124 enim
2562 3071 2699 3124 sunt
2729 3062 2870 3124 mali
2916 3079 3158 3142 genera,
3205 3080 3414 3138 unum,
3461 3080 3595 3123 cum
3629 3060 3758 3143 quis

385 3154 989 3230 credidit,nimirum,
1019 3152 1177 3234 quod
1202 3152 1358 3214 Deus
1389 3171 1527 3215 cum
1559 3159 1738 3228 esset,
1764 3154 1897 3213 sine
1918 3152 2084 3233 im-C
2108 3151 2171 3214 in
2225 3151 2669 3214 multitudinem
2730 3160 3111 3232 peccatorum
3171 3150 3453 3232 delapsus
3503 3152 3756 3213 salutem

383 3246 710 3309 mutatione
740 3244 930 3306 factus
960 3242 1034 3304 sit
1054 3243 1260 3318 homo;
1309 3242 1468 3323 quod
1487 3242 1546 3304 in
1570 3260 1812 3304 crucem
1833 3253 2023 3317 actus;

379 3335 540 3418 quod
585 3341 873 3408 mortuus,
931 3332 1090 3412 quod
1146 3331 1218 3393 ab
1273 3331 1482 3393 inferis
1529 3331 1813 3408 redierit;
1869 3331 2025 3412 quod

373 3425 679 3489 redivivus
721 3425 918 3487 clausa
961 3424 1146 3503 janua
1198 3422 1530 3502 ingressus,
1563 3421 1874 3503 discipulis
1903 3421 2027 3482 suis

372 3517 436 3578 in
468 3523 853 3596 conspectum
873 3531 939 3574 se
970 3513 1229 3588 dederit;
1263 3512 1421 3594 quod
1456 3512 1518 3573 in
1548 3514 1765 3574 coelum
1798 3509 2028 3592 profec-

375 3615 490 3681 tus,
526 3605 600 3667 ad
631 3604 896 3666 dextram
930 3601 1037 3663 Dei
1069 3601 1260 3664 Patris
1291 3602 1518 3678 sedeat;
1549 3600 1706 3682 quod
1737 3607 2022 3662 venturus

364 3695 641 3777 judicare
665 3694 824 3755 vivos
843 3701 901 3754 et
929 3700 1217 3765 mortuos,
1243 3700 1301 3753 et
1331 3690 1656 3772 unicuique
1688 3690 2020 3752 secundum

374 3803 554 3866 opera
586 3802 693 3845 sua
712 3781 1056 3845 redditurus
1083 3799 1096 3843 :
1131 3780 1422 3842 restitutis
1454 3779 1733 3842 videlicet
1759 3779 1820 3840 in
1844 3779 2017 3841 vitam

374 3873 540 3955 prius
597 3871 771 3933 nobis
829 3869 1109 3932 omnibus
1155 3869 1367 3930 Adami
1413 3868 1688 3949 posteris,
1725 3887 1916 3949 usque
1946 3869 2018 3930 ad

372 3962 648 4023 ultimum
676 3960 843 4022 illum
867 3960 1024 4020 diem
1051 3958 1384 4020 nascituris.
1404 3957 1586 4038 quiin
1610 3957 1726 4031 his,
1751 3957 2016 4038 inquam,

374 4053 426 4112 ei
461 4050 739 4126 credidit,
769 4047 995 4111 dicenti
1015 4057 1212 4110 autem
1238 4069 1252 4109 :
1283 4049 1628 4111 Amendico
1652 4049 1836 4123 vobis,
1873 4050 2021 4129 quia

376 4145 562 4202 etiam
593 4140 666 4202 de
695 4139 870 4202 verba
900 4143 1089 4201 otioso
1117 4139 1380 4200 redde-nt
1409 4137 1684 4200 homines
1714 4139 2022 4201 rationem

375 4230 444 4291 in
466 4229 562 4291 die
589 4228 803 4303 iudicii
830 4229 910 4303 81,
936 4227 1037 4307 qui
1057 4225 1232 4300 istuc,
1258 4226 1524 4307 inquam,
1564 4226 1619 4289 ei
1653 4245 1771 4288 non
1802 4226 2017 4308 credit,

374 4319 478 4399 qui
509 4317 750 4380 tandem
785 4317 978 4379 ﬁdelis
1017 4315 1152 4392 erit,
1187 4318 1459 4396 interque
1490 4316 1700 4378 fideles
1730 4335 2015 4379 numera-

379 4408 540 4470 bitur
567 4414 594 4471 ?
625 4407 734 4479 Qui
766 4425 907 4485 ergo
937 4407 998 4467 in
1033 4406 1391 4468 venerandis
1440 4406 1583 4483 illis,
1637 4415 2018 4487 mentemque

2108 3261 2276 3304 suam
2330 3242 2649 3323 desperat;
2703 3241 2984 3322 alterum,
3038 3259 3170 3302 cum
3222 3241 3379 3302 malo
3432 3243 3560 3303 loco
3619 3239 3761 3302 boni

2109 3332 2312 3408 habet,
2369 3340 2654 3413 certoque
2707 3330 2822 3392 sibi
2879 3331 3216 3413 persuadet,
3251 3349 3316 3394 se
3353 3331 3507 3394 mala
3537 3349 3759 3412 perpe-

2109 3425 2320 3485 trando
2350 3421 2731 3484 benefacere.
2767 3421 2852 3483 Ac
2878 3420 3039 3502 prior
3070 3420 3336 3502 quidem,
3372 3420 3425 3483 si
3452 3422 3528 3484 de
3559 3420 3758 3502 poeni-

2108 3512 2311 3587 tentia,
2349 3524 2408 3573 et
2439 3511 2806 3589 benignitate
2840 3510 2948 3572 Dei
2978 3511 3189 3573 doctus
3220 3510 3755 3592 didicerit,nullam

2109 3621 2241 3665 esse
2270 3609 2646 3683 peccatorum
2674 3609 2897 3662 tantam
2930 3599 3405 3675 multitudinem,
3437 3619 3613 3681 quam
3640 3618 3761 3681 p03-

2105 3692 2354 3754 nitentia
2375 3709 2493 3752 non
2511 3690 2708 3752 deleat
2729 3707 2742 3752 :
2761 3689 2845 3752 Et
2865 3690 2972 3752 ubi
2992 3691 3331 3753 abundavit
3353 3689 3762 3763 delictum,ibi

2103 3789 2162 3845 et
2179 3781 2698 3862 superabundasse
2732 3787 3009 3862 gratiam
3045 3780 3144 3857 86;
3187 3781 3330 3841 item
3373 3780 3560 3841 illud:
3588 3781 3758 3844 Gau-

2102 3871 2271 3933 dium
2295 3878 2382 3933 est
2404 3873 2472 3933 in
2491 3870 2634 3932 caelo
2657 3887 2842 3951 super
2863 3887 2988 3932 uno
3007 3878 3320 3949 peccatore
3337 3873 3760 3950 paenitentiam

2101 3971 2322 4040 agente
2359 3961 2443 4036 87,
2477 3959 2724 4020 forsitan
2767 3978 2832 4021 se
2883 3959 3196 4038 colligans,
3251 3967 3308 4019 et
3342 3968 3753 4040 compunctus,

2104 4051 2480 4131 concupiscet
2507 4050 2829 4130 aliquando
2863 4049 3123 4129 peccatis
3157 4048 3423 4130 liberari,
3446 4068 3514 4109 ac
3559 4051 3754 4131 pinni-

2106 4141 2351 4202 tentiam
2400 4139 2704 4201 ferventer
2753 4138 3065 4219 amplexus
3097 4145 3396 4216 exsurget,
3429 4137 3757 4201 intoleran—

2102 4229 2301 4310 doque
2332 4229 2716 4291 conscientia;
2736 4245 2920 4289 onere
2946 4227 3256 4289 levabitur.
3284 4228 3456 4289 Alter
3477 4239 3758 4292 revocata

2100 4319 2417 4395 difﬁcilior,
2439 4338 2682 4398 prorsus
2712 4317 3168 4379 medicamentis
3185 4318 3529 4397 hujusmodi
3556 4323 3751 4384 curari

2098 4419 2357 4472 recusat.
2391 4409 2502 4481 Qui
2523 4409 2683 4470 enim
2710 4408 3082 4469 curationem
3109 4406 3407 4480 admittat,
3435 4408 3535 4488 qui
3559 4409 3754 4489 poeni-

378 4504 438 4557 et
467 4498 786 4559 humanam
828 4513 1066 4557 omnem
1108 4495 1528 4573 cogitationem
1589 4495 2018 4558 excedentibus
2039 4531 2083 4581 ι)
2103 4504 2198 4559 tus
2217 4518 2293 4560 ne
2315 4500 2373 4559 in
2398 4500 2607 4561 morbo
2635 4498 2874 4578 quidem
2898 4515 2962 4557 se
2986 4514 3140 4566 esse,
3175 4503 3275 4556 aut
3298 4497 3528 4577 lapsum
3552 4498 3756 4577 jacere

383 4586 616 4650 Christo
669 4584 882 4660 credit,
929 4585 1215 4664 factisque
1239 4631 1255 4660 ,
1317 4591 1375 4645 et
1419 4584 1707 4646 faciendis
1757 4584 1829 4646 ab
1888 4585 2019 4666 ipso
2101 4588 2342 4649 credit?
2372 4587 2734 4667 Neutiqnam
2766 4585 3053 4666 profecto.
3088 4583 3276 4646 Nemo
3312 4585 3492 4664 igitur
3521 4606 3622 4649 vos
3651 4605 3752 4648 se-

375 4675 628 4738 Domino
674 4682 882 4736 nostro
927 4675 1066 4737 Jesu
1112 4673 1346 4737 Christo
1392 4673 1930 4755 obtemperantem,
1964 4681 2024 4735 et

377 4765 854 4828 consentientem
907 4765 1062 4844 gerit
1111 4763 1399 4840 animum,
1433 4782 1554 4825 non
1579 4763 1772 4829 credit
1821 4775 2018 4826 autem

2100 4678 2298 4759 ducat,
2333 4677 2565 4739 fratres.
2602 4674 2818 4738 Omnia
2849 4674 3068 4756 quippe
3120 4693 3252 4754 quae
3280 4677 3548 4739 Christus
3591 4678 3754 4740 Deus

2099 4767 2387 4846 apostolis
2419 4765 2727 4847 pramepit,
2781 4783 2889 4826 nos
2942 4783 3179 4846 quoque
3209 4764 3486 4828 similiter
3515 4785 3758 4829 servare

379 4856 490 4932 illi,
525 4874 660 4918 cum
693 4854 766 4916 ab
793 4873 865 4917 eo
895 4854 1063 4916 audit
1095 4871 1108 4916 :
1147 4855 1264 4927 Qui
1305 4853 1432 4916 vult
1478 4857 1688 4916 venire
1729 4860 1863 4935 post
1899 4871 2017 4928 me,
2095 4858 2315 4938 jussit;
2348 4874 2485 4937 quae
2525 4859 2772 4936 quidem
2827 4855 2889 4915 in
2939 4856 3052 4916 hoc
3084 4854 3304 4916 mundo
3347 4873 3584 4919 servare
3616 4875 3756 4938 pos-

375 4945 630 5027 abneget
675 4947 1085 5025 semetipsum,
1131 4952 1185 5006 et
1233 4943 1401 5006 tollat
1448 4961 1689 5006 crucem
1725 4961 1926 5012 suam.
1961 4949 2022 5006 et

365 5039 659 5114 sequatur
679 5051 775 5096 me
789 5032 948 5094 89.Et
970 5054 984 5094 :
1009 5033 1122 5107 Qui
1150 5033 1634 5114 ditigitpatrem,
1651 5040 1713 5096 et
1734 5043 2020 5109 matrem,

369 5129 426 5186 et
455 5125 703 5204 fratres,
755 5130 812 5185 et
855 5139 1112 5196 sorores,
1139 5129 1192 5182 et
1215 5139 1498 5198 uxorem,
1530 5129 1591 5184 et
1616 5123 1796 5202 ﬁlios,
1824 5122 2025 5186 adhuc

370 5218 574 5274 autem
604 5217 662 5274 et
690 5213 966 5274 animam
985 5227 1157 5273 suam
1178 5214 1320 5290 plus
1341 5229 1526 5291 quum
1543 5229 1660 5289 me,
1684 5230 1811 5275 non
1827 5220 2025 5292 potest

369 5317 538 5363 meus
564 5317 688 5362 esse
706 5300 1050 5380 discipulus
1066 5300 1150 5360 83.
1174 5300 1278 5363 Et:
1309 5303 1429 5376 Qui
1457 5301 1697 5365 solverit
1737 5320 1925 5365 unum
1953 5303 2026 5366 de

371 5390 689 5451 mandatis
736 5390 870 5452 istis
901 5391 1201 5471 minimis,
1242 5391 1538 5454 minimus
1591 5391 1905 5455 vocabitur
1957 5397 2025 5454 in

371 5495 560 5559 regno
607 5477 896 5541 caelorum
915 5478 1002 5544 84.
1037 5477 1348 5552 Quomodo
1397 5480 1497 5543 hic
1533 5480 1751 5564 ﬁdelis,
1801 5488 1861 5544 et
1901 5501 2024 5546 non

443 5668 509 5720 80
537 5667 741 5750 Matth.
776 5684 986 5750 xxvm,
1022 5669 1118 5747 18,
1161 5669 1254 5734 19.

2103 4965 2331 5008 sumus.
2365 4945 2483 5007 Sed
2515 4947 2575 5005 in
2619 4945 2792 5025 plane
2847 4943 3248 5006 deliberatum
3282 4944 3455 5006 nobis
3489 4964 3608 5008 non
3638 4953 3751 5026 est,

2106 5035 2244 5115 quia
2276 5034 2393 5095 ﬁde
2422 5033 2839 5114 charitateque
2869 5034 2930 5095 in
2961 5034 3501 5098 Christuminflrmi
3524 5055 3753 5098 sumus.

2105 5124 2179 5186 Et
2210 5124 2322 5186 hoc
2353 5142 2555 5186 verum
2605 5141 2737 5185 esse
2775 5131 3066 5187 testantur
3102 5142 3334 5198 omnes,
3368 5124 3472 5205 qui
3501 5133 3638 5186 ante
3662 5125 3756 5187 le-

2105 5232 2261 5294 gem,
2299 5220 2358 5275 et
2386 5213 2448 5273 in
2480 5213 2635 5292 lege,
2662 5221 2722 5277 et
2752 5223 2886 5293 post
2918 5212 3235 5276 Salvatoris
3274 5214 3589 5275 adventum
3621 5233 3755 5276 cum

2105 5303 2314 5366 liberis
2344 5311 2403 5366 et
2429 5303 2810 5385 conjugibus,
2843 5312 2904 5365 et
2933 5305 3197 5366 omnium
3230 5307 3305 5366 ad
3336 5303 3512 5365 vitam
3541 5304 3754 5385 requi-

2105 5393 2352 5455 sitorum
2385 5391 2567 5469 curis,
2601 5411 2669 5454 ac
2696 5393 3208 5456 sollicitudinibus
3234 5395 3358 5457 Deo
3381 5392 3755 5474 placuerunt,

2105 5502 2240 5546 cum
2271 5501 2336 5546 se
2364 5482 2666 5545 voluntate
2710 5489 2772 5546 et
2790 5483 3029 5561 affectu,
3055 5502 3172 5566 quo
3204 5483 3326 5545 illis
3355 5482 3750 5558 inhaerebant,

1342 5672 1396 5722 8¹
1431 5674 1641 5736 Matth.
1698 5689 1806 5749 xu,
1842 5675 1941 5741 36.
2030 5675 2095 5728 82
2121 5675 2328 5739 Matth.
2388 5692 2511 5752 xvi,
2543 5673 2648 5739 24.
2731 5673 2796 5724 8'5
2838 5673 3050 5740 Matth.
3081 5688 3143 5751 χ,
3176 5671 3275 5737 37.
3361 5672 3429 5723 ει
3454 5674 3664 5738 Matth.
3695 5689 3758 5754 v,

371 5749 472 5814 19.
561 5749 625 5800 35
649 5747 797 5812 Luc.
826 5764 911 5826 γι,
944 5747 1049 5812 95.
1133 5750 1198 5802 86
1226 5750 1400 5819 Rom.
1433 5770 1498 5837 ν,
1524 5754 1626 5818 20.
1711 5747 1944 5821 ετιιιο.
1979 5773 2082 5836 xv,
2113 5759 2176 5820 9.
