4160 6432
321 438 434 506 421

1755 431 2040 514 ORATIO
2081 438 2281 511 XXII.

3596 447 3717 522 492

305 591 709 666 separassent,
745 586 820 652 lis
843 587 944 668 qui
971 588 1034 649 in
1061 588 1364 652 montibus
1396 598 1455 652 et
1483 589 1797 672 speluncis
1818 586 1972 654 vixe-
1991 583 2365 647 Aambulare
2395 594 2728 666 coeperunt,
2752 586 2826 648 ad
2857 605 3036 650 unam
3068 595 3286 652 metam
3319 588 3540 652 debent
3569 609 3714 653 cur-

312 682 456 736 runt
502 673 886 750 illustriores,
940 675 1058 740 ﬁde
1088 685 1146 740 et
1177 678 1444 742 moribus
1487 698 1596 760 per
1623 681 1970 743 charitatem

315 781 457 843 erga
487 765 675 826 Deum
700 765 1036 846 conspicui.
1073 766 1360 831 Primum
1394 769 1559 832 enim
1601 776 1657 833 et
1689 787 1974 851 magnum

313 853 669 917 mandatum
692 861 798 931 est,
824 855 1092 938 diligere
1116 856 1313 920 Deum
1335 875 1413 921 ea:
1436 866 1552 921 toto
1583 859 1779 933 corde,
1815 865 1870 922 et
1898 878 1977 921 ex

317 948 442 1005 toto
463 945 696 1013 anima,
724 953 779 1007 et
813 963 887 1006 ea:
907 950 1047 1008 totis
1071 947 1322 1022 viribus,
1346 954 1404 1009 et
1423 965 1497 1009 ex
1519 953 1639 1010 tota
1659 955 1859 1010 mente
1886 949 1970 1017 88.

321 1040 386 1093 ιιι
414 1031 543 1113 ipse
573 1033 862 1096 Dominus
885 1042 942 1096 et
969 1035 1210 1116 antiqua
1239 1036 1335 1097 lex
1364 1035 1468 1099 ait.
1507 1039 1802 1112 Alterum,
1827 1039 1974 1100 dili-

319 1138 458 1201 gere
475 1124 850 1204 proximum,
863 1130 931 1186 ut
943 1125 1206 1204 seipsum
1235 1123 1320 1185 89.
1345 1126 1514 1186 Notae
1528 1133 1749 1200 autem,
1769 1133 1828 1187 et
1846 1145 1979 1206 pro-

321 1210 591 1272 bationes
624 1214 808 1275 Deum
841 1213 1100 1273 amantis
1130 1222 1291 1288 sunt,
1329 1212 1652 1276 observare
1706 1215 1980 1277 mandata

322 1299 565 1380 Christi,
593 1307 649 1362 et
681 1320 786 1381 pro
817 1320 888 1362 eo
912 1320 1104 1382 usque
1135 1301 1206 1364 ad
1238 1311 1490 1364 mortem
1523 1303 1672 1365 dura
1702 1303 1934 1384 perpeti
1961 1331 1974 1372 ε

323 1388 448 1462 Qui
467 1389 662 1460 habet,
695 1389 910 1470 inquit,
935 1390 1230 1453 mandata
1255 1408 1411 1463 mea,
1437 1398 1494 1454 et
1517 1398 1721 1454 servat
1742 1410 1840 1473 ea,
1866 1395 1980 1455 iste

317 1484 406 1539 est
436 1477 545 1556 qui
572 1477 776 1554 diligit
798 1496 894 1540 me
914 1479 1000 1540 90.
1017 1479 1086 1540 Et
1103 1480 1422 1559 Apostolus
1451 1499 1463 1544 :
1502 1480 1656 1557 Quis
1684 1498 1792 1544 nos
1812 1500 1980 1562 sepa-

315 1565 482 1628 rabit
512 1584 550 1627 a
581 1566 876 1630 charitate
901 1568 1172 1632 Christi?
1200 1570 1533 1646 tribulatio,
1562 1588 1644 1633 an
1667 1578 1973 1652 angustia,

317 1673 401 1716 an
427 1657 783 1735 persecutio.
825 1675 902 1719 an
929 1661 1148 1735 fames,
1197 1676 1282 1720 an
1311 1660 1588 1734 nuditas,
1635 1677 1718 1721 an
1739 1662 1979 1740 pericu-

322 1743 469 1819 lum,
495 1762 578 1806 an
602 1746 1361 1827 gladius?sicutscriptum
1385 1750 1979 1829 est,quoniamprop-

2058 692 2217 744 rere,
2253 683 2314 736 ut
2356 695 2423 736 ex
2475 675 2725 737 diversis
2774 677 3122 754 regionibus
3170 687 3228 740 et
3259 679 3412 740 locis
3442 679 3503 739 in
3534 699 3712 742 unam

2059 764 2267 825 urbem
2301 773 2570 844 (regnum
2603 765 2889 827 caelorum
2922 767 3112 848 puta),
3141 775 3202 829 ut
3231 786 3411 848 supra
3431 767 3711 845 diximus,

2058 853 2433 929 conveniant,
2492 861 2550 915 et
2601 853 2764 934 digni
2826 854 3224 928 habebuntur,
3265 857 3368 937 qui
3411 875 3529 918 una
3579 876 3715 920 cum

2059 939 2288 1003 Christo
2319 951 2590 1019 regnent.
2624 942 2846 1006 Urbem
2883 943 2979 1005 hic
3006 962 3185 1007 unam
3215 945 3386 1018 mihi,
3419 963 3539 1007 non
3563 945 3717 1007 mul-

2063 1035 2172 1106 tas,
2208 1040 2497 1102 sanctam,
2549 1040 2607 1092 et
2648 1031 3010 1093 individuam
3057 1032 3340 1094 virtutum
3388 1033 3715 1095 trinitatem

2059 1119 2375 1195 intelligito
2411 1139 2424 1180 :
2462 1120 2551 1182 vel
2583 1119 2776 1200 potius
2809 1120 3060 1200 primum
3093 1122 3485 1203 reliquarum,
3535 1141 3712 1204 quam

2061 1217 2119 1270 et
2145 1208 2411 1270 ultimam
2446 1208 2674 1282 dicunt,
2705 1219 2770 1271 ut
2799 1211 2981 1271 tinem
3015 1212 3311 1274 bonorum
3342 1223 3402 1274 et
3429 1213 3716 1291 majorem

2062 1299 2366 1372 omnibus,
2415 1299 2791 1372 charitatem,
2826 1299 3091 1381 inquam,
3128 1319 3197 1362 ex
3230 1320 3369 1382 qua,
3419 1308 3478 1362 et
3508 1301 3569 1362 in
3599 1319 3720 1381 qua

2063 1388 2212 1448 fides
2242 1388 2440 1449 omnis
2462 1389 2726 1462 fundata,
2762 1397 2822 1450 et
2852 1409 2991 1470 spes
3022 1390 3310 1452 mdiftcata
3341 1399 3454 1464 est,
3487 1409 3556 1452 ac
3582 1390 3712 1452 sine

2063 1476 2175 1538 hac
2233 1477 2379 1538 nihil
2437 1496 2645 1539 eorum
2697 1496 2828 1558 qum
2887 1487 3050 1551 sunt,
3101 1487 3507 1541 constructum
3539 1487 3719 1559 atque

2062 1569 2444 1630 constitutum
2478 1578 2592 1650 est,
2623 1587 2732 1631 nec
2763 1571 3156 1632 constituetur
3179 1569 3448 1632 omnino.
3475 1568 3713 1631 Etenim

2061 1657 2309 1720 virtutes
2343 1676 2558 1720 omnes
2587 1659 2717 1720 sine
2750 1659 2860 1720 hac
2891 1659 3194 1739 marcidm,
3229 1667 3287 1721 et
3315 1659 3556 1721 inutiles
3572 1675 3714 1720 cen-

2063 1757 2287 1811 sentur.
2323 1749 2398 1810 Et
2431 1749 2530 1829 qui
2564 1750 2853 1812 charitate
2886 1749 3311 1824 destituuntur,
3330 1749 3598 1830 quamvis
3617 1748 3718 1810 in-

320 1838 409 1895 ter
432 1839 489 1895 te
512 1832 598 1912 (id
623 1842 732 1908 est,
751 1835 985 1915 justum
1011 1836 1354 1899 mandatum
1379 1837 1600 1918 tuum),
1634 1838 1966 1918 mortiﬁca-
1999 1834 2041 1884 Β
2064 1839 2236 1900 terim
2268 1838 2432 1900 nulla
2458 1838 2675 1900 virtute
2705 1847 2968 1915 careant,
3000 1838 3198 1900 divina
3225 1840 3417 1917 gloria
3460 1838 3607 1900 nudi
3653 1837 3718 1900 in

319 1940 465 1985 mur
497 1930 620 1986 tota
650 1926 769 2006 die,
796 1927 1083 1989 aestimati
1121 1944 1334 1989 sumus
1374 1929 1528 1990 sicut
1556 1945 1691 1990 oves
1719 1930 1971 1990 occisio—

320 2013 420 2074 nis
436 2013 518 2076 9ί.
545 2012 658 2086 Qui
688 2016 850 2077 enim
880 2015 1186 2077 universas
1216 2016 1347 2077 vitm
1370 2017 1546 2096 hujus
1580 2015 1974 2096 cogitationes

319 2102 836 2182 transcendentes,
871 2105 1019 2166 nihil
1051 2104 1236 2180 aliud,
1269 2124 1447 2185 quam
1491 2106 1676 2168 solam
1708 2105 1817 2168 Dei
1866 2125 1976 2167 vo-

322 2190 611 2254 luntatem
643 2193 932 2272 cogitant,
969 2202 1034 2255 ut
1061 2195 1131 2255 ad
1159 2194 1486 2275 perfectam
1513 2194 1734 2258 Christi
1775 2195 1978 2257 chari-

323 2286 504 2341 tatem
537 2281 849 2361 pervenire
881 2283 1131 2365 possint,
1165 2283 1432 2364 quotidie
1465 2284 1818 2348 moriuntur.
1853 2283 1978 2346 Hoc

325 2369 488 2431 idem
525 2370 734 2433 beatus
786 2373 1002 2434 Paulus
1041 2372 1392 2434 desiderans
1446 2373 1685 2436 dicebat
1719 2395 1734 2434 :
1767 2375 1980 2437 Perse-

323 2477 502 2540 quor,
543 2461 599 2522 si
635 2463 932 2541 quomodo
961 2463 1482 2543 comprehendam,
1506 2465 1571 2525 in
1588 2482 1706 2544 quo
1730 2473 1787 2525 et
1813 2482 1980 2527 com-

325 2548 659 2630 prehensus
683 2569 819 2614 sum
849 2572 886 2614 a
922 2554 1160 2616 Christo
1197 2552 1281 2627 99,
1327 2553 1438 2615 hoc
1471 2563 1585 2634 est,
1619 2563 1682 2615 ut
1713 2553 1974 2634 diligam,

325 2635 391 2697 in
418 2655 534 2717 quo
568 2643 626 2698 et
657 2638 909 2702 dilectus
939 2660 1070 2703 sum
1116 2660 1151 2702 a
1197 2639 1459 2716 Christo,
1511 2651 1978 2705 consummatam

329 2725 682 2788 charitatem
708 2747 814 2808 per
842 2729 1263 2809 hujuscemodi
1294 2731 1474 2792 verba
1504 2731 1797 2794 indicans.

412 2816 844 2878 Documentum
904 2837 1082 2899 porro
1132 2838 1251 2880 non
1309 2819 1610 2897 diligentis
1670 2820 1883 2902 Deum,
1929 2830 1984 2883 et

331 2901 630 2965 Christum
651 2906 912 2985 ejns,est
933 2907 1226 2970 mandatis
1248 2907 1408 2969 illius
1438 2927 1559 2971 nou
1589 2901 1982 2990 parere,qund

337 2991 468 3072 ipse
495 2991 782 3056 Dominus
813 2996 1184 3071 testiﬁcatur,
1216 3016 1349 3059 cum
1374 2999 1477 3079 ait,
1504 2998 1620 3074 Qui
1642 3018 1763 3061 non
1781 2999 1986 3080 diligit

331 3099 448 3154 me,
463 3099 769 3147 sermones
791 3104 954 3149 meos
973 3105 1093 3149 non
1111 3086 1684 3150 servat95.Proinde
1706 3097 1766 3150 et
1789 3087 1980 3165 nobis,

2057 1928 2154 1990 die
2197 1927 2409 2006 judicii
2461 1928 2826 1991 inveniatur.
2879 1927 3106 2009 Corpus
3154 1928 3448 2009 siquidem
3493 1927 3721 2008 absque

2058 2017 2252 2097 capite
2305 2024 2632 2092 mortuum,
2687 2037 2755 2080 ac
2799 2017 3016 2098 spiritu
3066 2036 3317 2080 vacuum
3367 2026 3478 2080 est.
3533 2017 3720 2078 Multa

2061 2125 2243 2186 porro
2294 2107 2598 2168 charitatis
2643 2107 2909 2187 nomina,
2958 2110 3157 2169 multm
3201 2108 3492 2180 actiones,
3530 2105 3718 2167 multa

2062 2194 2305 2269 indicia,
2357 2194 2754 2276 proprietates
2804 2195 3020 2256 divinm
3069 2203 3126 2258 et
3178 2195 3472 2275 plurimm,
3506 2201 3718 2256 natura

2062 2304 2200 2360 una,
2221 2293 2280 2345 et
2297 2284 2606 2364 mqualiter
2624 2284 2906 2345 omnibus
2926 2303 3170 2364 prorsus
3189 2283 3530 2359 ineffabilis,
3545 2300 3713 2361 ange-

2063 2373 2254 2455 lisque
2282 2383 2340 2435 et
2372 2373 2739 2454 hominibus,
2763 2381 2820 2434 et
2846 2374 3007 2434 omni
3032 2375 3132 2436 alii
3157 2373 3537 2452 creaturm(7)
3565 2371 3722 2452 (qum

2062 2465 2214 2527 forte
2237 2465 2588 2541 ignoradtur
2603 2483 2636 2526 a
2657 2463 2852 2544 nobis)
2869 2466 3119 2536 ,ratione
3138 2460 3716 2543 incomprehensibi-

2061 2555 2160 2630 tis,
2203 2554 2395 2633 gloria
2437 2555 2760 2633 inaccessa,
2799 2553 3050 2615 consilio
3089 2572 3208 2614 non
3257 2548 3712 2629 investigabilis,

2062 2651 2304 2724 aeterna,
2345 2642 2484 2724 quia
2523 2651 2582 2706 et
2622 2641 2751 2704 sine
2790 2650 3084 2723 tempore,
3111 2642 3221 2704 sub
3253 2648 3562 2721 aspectum
3594 2657 3715 2700 non

2066 2732 2309 2809 cadens,
2361 2741 2420 2794 et
2466 2751 2601 2812 qum
2650 2732 3005 2811 intelligitur
3053 2731 3321 2812 quidem,
3356 2737 3711 2790 nontamen

2067 2821 2618 2902 comprehenditur.
2671 2821 2854 2882 Multa
2885 2821 3065 2901 hujus
3097 2840 3217 2881 non
3248 2818 3622 2892 manufactm,
3657 2824 3716 2878 et

2067 2925 2287 2973 sanctm
2311 2909 2512 2974 Sionis
2557 2911 2776 2973 decora
2808 2919 2866 2971 et
2896 2910 3228 2989 elegantim,
3271 2926 3447 2990 quam
3479 2905 3582 2987 qui
3610 2905 3710 2966 in-

2072 3003 2221 3064 tueri
2255 3000 2456 3080 cmpit,
2475 2999 2547 3060 de
2568 3000 2798 3060 cmteris
2819 2999 3178 3077 Spectaculis
3202 3015 3450 3060 sensum
3476 3011 3720 3056 moven-

2069 3090 2225 3152 tibus
2248 3108 2366 3151 non
2395 3088 2752 3170 delectatur;
2781 3108 2903 3150 non
2947 3089 3207 3169 amplius
3259 3085 3463 3165 glorim
3507 3082 3716 3146 mundi

345 3169 579 3247 fratres,
612 3192 728 3235 una
758 3177 1097 3238 communis
1128 3177 1218 3238 via
1246 3184 1396 3251 esto,
1428 3176 1707 3239 mandata
1758 3177 1987 3240 scilicet
2007 3199 2050 3252 α
2073 3180 2252 3259 hujus
2283 3179 2569 3240 adhmret.

341 3259 584 3348 Christi,
618 3283 749 3344 qum
779 3284 888 3326 nos
918 3265 992 3327 ad
1024 3266 1274 3344 coelum,
1308 3285 1378 3328 ac
1407 3267 1595 3328 Deum
1629 3266 1974 3348 perducant.

337 3347 687 3430 Quanquam
737 3354 898 3416 enim
951 3374 1120 3417 sacra
1178 3354 1488 3434 Scriptura
1545 3347 1810 3418 diversas
1861 3357 1982 3417 vias

332 3439 687 3519 prmscribit,
715 3462 832 3504 non
855 3450 1050 3506 tamen
1073 3445 1331 3526 pmnitus
1359 3444 1688 3506 secundum
1710 3455 1980 3508 naturam

333 3544 500 3589 suam
527 3549 542 3610 ;
578 3547 782 3593 verum
813 3533 884 3594 ad
915 3533 1277 3614 facultatem,
1302 3533 1618 3596 consilium
1646 3541 1822 3615 atque
1853 3553 1980 3595 scc-

333 3635 472 3695 pum
522 3631 809 3702 cujusque
861 3621 923 3684 in
964 3623 1148 3685 multa
1199 3623 1438 3703 ﬁgurari
1469 3622 1708 3700 dicitur,
1742 3623 1980 3704 quando

329 3723 403 3767 ex
433 3708 653 3787 multis,
674 3718 731 3772 et
746 3710 998 3773 diversis
1033 3712 1316 3792 operibus
1345 3712 1808 3793 actionibusque
1830 3712 1980 3774 inci-

331 3799 586 3880 pientes,
609 3803 782 3884 quasi
803 3823 872 3868 ex
894 3805 1042 3868 locis
1070 3806 1349 3881 diversis,
1376 3805 1698 3886 multisque
1729 3805 1980 3870 urbibus

326 3889 543 3969 singuli
573 3893 894 3969 abiremus,
929 3895 987 3957 in
1020 3914 1204 3958 unum
1238 3895 1892 3976 diversorium,nempe
1917 3897 1978 3958 in

325 3997 574 4059 regnum
599 3984 879 4044 cmluruvn
911 3985 1221 4046 studemus
1243 3985 1546 4046 devenire.
1573 3983 1857 4045 Actiones
1873 4004 1983 4046 au-

324 4072 472 4144 tem,
501 4079 558 4130 et
587 4071 930 4151 Spiritualcs
953 4072 1289 4134 divinorum
1313 4073 1574 4134 virorum
1599 4072 1706 4133 vim
1740 4073 1986 4136 virtutes

335 4155 698 4238 intelligenm
725 4171 884 4222 sunt.
936 4161 1146 4224 Omnis
1190 4162 1350 4224 enim
1382 4163 1570 4222 virtus
1600 4161 1705 4223 Dei
1741 4163 1988 4224 manda—

330 4253 456 4308 tum
493 4257 602 4312 est.
652 4249 952 4314 Caeterum
1003 4251 1163 4312 aliud
1214 4251 1498 4325 mandati,
1551 4249 1711 4312 aliud
1754 4251 1990 4322 virtutis

331 4335 485 4398 actio
508 4347 611 4419 est,
639 4341 873 4402 tametsi
904 4340 1194 4405 bonorum
1223 4340 1570 4402 occasiones
1599 4358 1668 4403 ex
1689 4356 1753 4403 se
1778 4352 1988 4402 mutuo

331 4427 646 4510 accipiant.
681 4431 852 4494 Actio
879 4431 1144 4493 mandati
1182 4440 1294 4508 est,
1326 4432 1524 4494 facere
1574 4431 1732 4512 quod
1760 4432 1988 4510 justum

2147 3271 2196 3332 Ο
2229 3265 2741 3330 desideratissima
2769 3266 3050 3338 Charitas,
3076 3265 3289 3329 beatus
3319 3263 3419 3346 qui
3454 3271 3509 3322 te
3540 3280 3712 3324 com-

2064 3357 2271 3440 plexus
2303 3353 2702 3436 est,quoniam
2728 3364 2859 3435 post
2880 3356 3035 3417 hanc
3059 3367 3362 3416 terrenam
3387 3351 3714 3440 pulchritu-

2065 3439 2268 3508 dinem
2293 3444 2530 3506 turbido
2565 3444 2816 3521 agitatus
2853 3445 3066 3506 affectu
3108 3462 3223 3504 non
3250 3439 3708 3521 amplexabitur.

2060 3538 2279 3599 Beatus
2301 3534 2404 3616 qui
2429 3552 2498 3596 ex
2528 3551 2732 3594 amore
2761 3533 2866 3597 Dei
2891 3533 2999 3594 tibi
3027 3542 3116 3594 est
3139 3530 3466 3609 implicitus
3489 3549 3502 3590 :
3529 3535 3716 3589 totum

2061 3625 2281 3707 quippe
2304 3623 2612 3684 mumdum
2647 3621 2990 3701 abnegabit,
3035 3631 3094 3684 et
3135 3639 3271 3682 cum
3294 3617 3537 3707 homine
3562 3637 3716 3707 quo-

2063 3704 2296 3794 cunque
2312 3712 2663 3773 familiarius
2688 3729 2954 3788 versans,
2968 3727 3342 3791 nequaquam
3365 3704 3710 3787 inquinabi-

2062 3811 2175 3866 tur.
2221 3805 2436 3865 Beatus
2476 3801 2574 3881 qui
2603 3808 2941 3862 venustates
2967 3810 3094 3861 tuas
3120 3796 3498 3861 exosculatus
3520 3803 3632 3871 est,
3657 3801 3715 3856 et

2063 3893 2296 3954 infinita
2320 3893 2401 3953 tui
2426 3891 2781 3971 cupidinein
2806 3899 2860 3952 te
2884 3890 3130 3953 delicias
3155 3907 3291 3950 suas
3309 3884 3547 3948 habuit:
3580 3902 3717 3946 nam

2069 4001 2219 4063 aqua
2239 3982 2601 4060 etsanguine
2617 3990 2755 4042 exte
2780 3980 3004 4060 puriter
3021 3978 3374 4050 distillante,
3389 3974 3718 4036 secundum

2068 4073 2328 4135 animam
2359 4069 2854 4132 sanctiﬁcabitur.
2902 4073 3118 4132 Beatus
3151 4065 3255 4147 qui
3287 4073 3344 4126 te
3375 4063 3595 4143 cupide
3625 4069 3721 4124 at-

2070 4161 2272 4236 traxit,
2335 4158 2472 4240 quia
2529 4160 2778 4238 pulcbra
2824 4155 3240 4219 immutatione
3284 4151 3718 4232 immutabitur,

2072 4251 2403 4332 Spirituque
2434 4257 2491 4309 el
2521 4247 2722 4308 animo
2746 4246 3064 4320 lmtabitur,
3091 4243 3375 4332 quoniam
3395 4251 3552 4332 lues
3581 4261 3722 4321 gau-

2072 4330 2238 4402 dium
2269 4336 2710 4418 inexplicabile.
2731 4337 2949 4398 Beatns
2980 4334 3081 4416 qui
3112 4342 3168 4395 te
3197 4330 3529 4412 acquisivit,
3562 4349 3718 4410 quo-

2073 4429 2231 4490 niam
2266 4428 2577 4488 thesauros
2612 4425 2822 4487 mundi
2867 4443 2973 4505 pro
3024 4423 3210 4484 nihilo
3262 4418 3584 4500 reputabit.
3633 4418 3720 4480 Tu

335 4525 444 4593 est,
479 4518 739 4596 virtutis,
764 4529 828 4582 ut
853 4521 1010 4602 quod
1041 4521 1127 4592 tit,
1154 4521 1384 4582 veritati
1417 4511 1670 4602 placeat.
1702 4519 1808 4582 Est
1826 4522 1986 4583 enim
2011 4511 2054 4530 "
2073 4518 2234 4582 enim
2263 4533 2472 4578 revera
2498 4516 2852 4577 inexhausta
2873 4533 2938 4575 es
2963 4511 3622 4602 opulentia.Beatus,_ac
3635 4515 3726 4570 ter

331 4607 433 4688 qui
469 4609 744 4672 mandato
775 4611 1171 4692 obtemperat,
1201 4618 1258 4672 et
1278 4620 1484 4691 aperte
1515 4609 1723 4670 vitioso
1752 4610 1994 4675 effectui

334 4697 539 4773 servit,
595 4707 652 4758 et
702 4699 897 4779 pravis
945 4698 1403 4779 cogitationibus
1451 4699 1662 4760 bonum
1693 4698 1988 4761 actionem

335 4785 640 4858 obscurat,
669 4807 738 4850 ac
769 4788 1028 4868 perimit.
1053 4788 1166 4863 Qui
1183 4787 1364 4868 igitur
1382 4790 1442 4850 in
1468 4787 1758 4850 mandatis
1776 4788 1993 4851 Christi

2076 4609 2305 4684 beatus,
2333 4625 2514 4687 quem
2545 4615 2608 4668 tu
2639 4605 3040 4686 assumpsisli.
3075 4601 3202 4663 Erit
3229 4600 3391 4662 enim
3423 4599 3484 4659 in
3514 4597 3722 4687 abjec-

2075 4699 2234 4760 tione
2273 4686 2405 4778 qum
2434 4697 2724 4768 cernitur,
2768 4693 3046 4756 omnibus
3079 4689 3354 4769 gloriosis
3381 4686 3720 4778 gloriosior,

2074 4797 2134 4852 et
2154 4775 2460 4850 honoratis
2481 4783 2760 4847 omnibus
2788 4781 3156 4858 honoratior,
3189 4787 3366 4860 atque
3394 4775 3720 4856 augustior.

418 4953 484 5037 88
511 4953 716 5017 Matth.
751 4973 895 5031 xm,
918 4959 1018 5032 37,
1052 4957 1152 5022 38.
1236 4958 1302 5009 89
1329 4956 1480 5022 Ibid.
1515 4958 1615 5022 39.
1700 4956 1764 5008 90
1789 4955 1968 5022 Joan.
1999 4976 2122 5037 xlv,
2157 4958 2258 5022 21.
2342 4957 2398 5008 91
2435 4953 2610 5018 Rom.
2646 4969 2772 5031 vm,
2795 4953 2898 5034 35,
2920 4952 3022 5015 36.
3108 4949 3174 5002 92
3204 4949 3463 5031 Philipp.
3496 4963 3586 5025 ιιι,
3619 4947 3718 5011 12.

333 5032 388 5077 93
414 5036 589 5098 Joan.
623 5053 743 5113 xw,
774 5039 876 5101 23.

429 5206 493 5286 l7)
526 5204 778 5292 Videtur
809 5210 1062 5292 Symeon
1094 5209 1391 5285 dubitare,
1419 5227 1560 5292 num
1583 5215 1796 5292 praeter
1815 5225 1987 5292 ange-

340 5285 511 5349 licam
569 5298 622 5350 et
679 5285 997 5353 humanam
1051 5299 1382 5352 creaturam
1426 5289 1501 5350 sit
1544 5285 1659 5351 alia
1686 5285 1990 5350 intellectu

341 5369 608 5454 prmdita.
657 5370 770 5454 Sed
823 5391 931 5454 pro
977 5371 1563 5454 certostatuendum
1597 5379 1686 5431 est
1716 5387 1832 5429 non
1857 5388 1992 5431 esse

347 5448 520 5533 aliam
540 5471 556 5520 ;
580 5453 742 5514 unde
769 5448 930 5514 enim
953 5453 1089 5533 quis
1106 5451 1334 5513 divinet
1353 5451 1529 5512 aliam
1547 5467 1702 5522 esse,
1729 5469 1873 5533 tum
1889 5467 2000 5511 nec

349 5525 691 5607 Scripturm,
710 5551 821 5594 nec
838 5525 1377 5606 conéiliorum,nec
1397 5533 1639 5595 Patrum
1655 5531 1992 5604 auctoritas,

352 5625 466 5694 nec
481 5609 630 5670 ratio
642 5613 1106 5694 autexperentia
1126 5612 1450 5694 quidquam
1464 5611 1538 5676 de
1551 5610 1992 5694 eatradat?_lmo

348 5687 424 5775 i_n_
453 5706 606 5775 cap._
631 5687 951 5775 Firmiter,
985 5687 1324 5775 extraWoy'.
1351 5696 1433 5756 De
1449 5709 1669 5775 summ,
1690 5692 1914 5775 Trin_it_._
1935 5697 1995 5775 ct

340 5770 459 5833 ﬁde
483 5771 784 5835 catholica
809 5771 1036 5836 Dicitur
1051 5772 1212 5837 Deus
1245 5770 1472 5838 creator
1490 5773 1765 5836 omnium
1782 5770 1994 5835 visibi-

335 5850 488 5916 lium
507 5859 570 5916 et
586 5851 1024 5935 invisibillum,
1048 5855 1476 5938 spiritualium
1487 5850 1990 5935 etcorporalium,

2077 5213 2307 5290 quisua
2320 5211 2726 5290 omnipotenti
2735 5208 2960 5290 virtute
2971 5202 3155 5266 simul
3167 5203 3243 5266 ab
3259 5199 3434 5263 initio
3447 5199 3727 5290 temporis

2073 5284 2398 5367 utramque
2409 5284 2596 5350 deni]:
2607 5287 2686 5348 ilo
2699 5287 3064 5359 condiderit,
3081 5290 3416 5367 creaturam
3427 5284 3722 5367 spiritua-

2075 5370 2193 5432 lem
2214 5378 2269 5430 et
2290 5361 2688 5448 corporalem;
2720 5368 3053 5448 angelicam
3071 5364 3352 5448 videlicet
3381 5369 3436 5423 et
3457 5361 3724 5423 munda-

2079 5467 2247 5533 nam,
2281 5467 2350 5513 oc
2378 5447 2594 5510 deinde
2624 5447 2984 5521 humanam,
3019 5447 3219 5533 quasi
3245 5459 3614 5533 communem
3646 5459 3726 5504 ea:

2077 5523 2302 5609 spiritu
2323 5537 2384 5592 et
2405 5545 2660 5613 corpore
2679 5523 3092 5613 constitutam,
3112 5525 3226 5588 Ubi
3250 5523 3410 5613 nulla
3429 5523 3547 5584 alia
3559 5539 3724 5613 crea-

2076 5603 2210 5672 tura
2251 5627 2425 5672 mere
2456 5603 2805 5695 __spiritualis
2855 5607 3196 5695 agnoscitur
3249 5611 3466 5695 praeter
3492 5603 3723 5695 angeli-

2074 5708 2203 5752 cam
2231 5707 2248 5766 ;
2275 5699 2337 5771 et
2370 5682 2534 5751 nulla
2568 5689 2784 5770 partim
2814 5682 3162 5771 spiritualis,
3190 5682 3404 5768 partim
3427 5682 3724 5764 coporalis

2077 5777 2297 5852 praeter
2324 5769 2666 5833 humanam.
