4160 6414
451 413 570 480 423

1773 401 2082 468 SYMEON
2085 404 2156 469 IS
2195 399 2335 469 IUN
2346 395 2548 467 IORIS

3729 406 3851 472 424

450 547 790 614 Laudabilis
815 545 916 629 qui
937 552 995 608 te
1019 546 1252 627 quaerit,
1279 543 1633 607 laudabilior
1649 543 1748 624 qui
1771 553 1826 608 te
1846 546 2098 612 invenit.
2121 549 2170 600 A‘
2179 537 2324 629 ipse,
2339 539 2612 603 Christus
2637 540 3013 623 loquebatur.
3049 541 3330 622 Quinque
3359 544 3521 606 enim
3553 543 3852 607 excellen-

451 639 692 704 Beatior
712 638 814 719 qui
844 644 1156 717 susceptus
1207 643 1294 697 est
1328 643 1465 710 ate,
1499 634 1598 715 qui
1640 634 1848 698 doctus
1890 640 1997 701 abs
2022 648 2101 714 te,

452 729 556 813 qui
586 727 871 791 habitavit
899 727 959 788 in
995 734 1074 803 te,
1111 725 1212 806 qui
1244 743 1352 807 per
1372 724 1716 813 alimentum
1742 733 1910 788 tuum
1936 728 2106 792 Chri-

450 810 605 882 stum
636 817 1032 880 immortalem
1065 815 1324 878 nutritus
1358 821 1470 876 ost.
1505 810 1551 875 Ο
1585 812 1782 876 divina
1820 817 2096 898 charitas,

449 909 554 972 ubi
586 908 881 972 Christum
918 905 1190 969 contines
1218 904 1242 966 ?
1273 903 1374 966 ubi
1407 921 1541 964 eum
1573 901 1934 966 abscondis?
1955 905 2099 969 Cur-

448 1005 690 1079 arrepto
712 997 1021 1059 Salvatore
1053 992 1261 1056 mundi
1297 993 1470 1072 longe
1502 1011 1534 1053 a
1567 992 1736 1054 nobis
1766 996 2103 1057 recessisti?

450 1088 638 1170 Aperi
670 1086 848 1148 etiam
881 1085 1053 1146 nobis
1097 1083 1357 1160 indignis
1410 1081 1690 1142 ostiolum
1738 1091 1922 1162 tuum,
1950 1093 2014 1146 ut
2046 1094 2103 1148 et

447 1196 556 1239 nos
577 1195 711 1238 eum
737 1175 1069 1254 videamus,
1097 1173 1415 1237 Christum.
1440 1171 1706 1250 inquam,
1725 1181 1971 1254 propter
1991 1192 2101 1237 nos

447 1285 711 1348 passum,
767 1273 824 1326 et
872 1263 1186 1326 credamus
1241 1259 1669 1322 misericordiae
1718 1260 1898 1339 illius,
1935 1272 1998 1325 ut
2030 1281 2099 1328 eo

446 1362 769 1436 conspecto
790 1372 865 1415 ne
888 1352 1147 1433 amplius
1168 1351 1516 1413 moriamur.
1544 1348 1727 1429 Aperi
1749 1350 1945 1428 nobis,
1972 1372 2103 1433 quas

444 1447 596 1507 facta
625 1451 716 1505 est
748 1444 877 1524 ejus
901 1443 1106 1522 janua,
1134 1439 1273 1502 utin
1303 1457 1482 1501 carne
1514 1447 1852 1520 appareret,
1879 1453 1938 1502 et
1965 1461 2099 1522 quae

2191 629 2271 689 tia
2297 628 2453 692 dona
2467 631 2838 713 complexus,
2867 642 2928 694 et
2949 633 3099 694 citra
3125 633 3476 695 charitatem
3499 634 3756 710 inutilia,
3790 643 3850 697 et

2187 719 2525 798 periculosa
2548 739 2678 783 esse
2701 722 2894 796 docet,
2927 723 3284 802 linguarum,
3307 724 3656 805 prophetiae,
3679 723 3844 802 ﬁdei,

2187 805 2605 889 eleemosynze,
2646 818 2704 870 et
2730 810 3028 891 martyrii:
3053 812 3122 875 Si
3144 811 3374 891 linguis
3411 815 3750 889 hominum,
3788 820 3849 876 et

2185 896 2539 975 angelorum
2560 899 2798 977 loquar,
2825 899 3042 980 inquit,
3075 905 3131 961 si
3149 899 3416 963 habuero
3430 903 3838 982 prophetiam.

2185 991 2525 1048 etnoverim
2539 990 2825 1068 mysteria
2843 991 3069 1065 omnia,
3091 997 3144 1052 et
3165 1009 3399 1052 omnem
3421 993 3768 1054 scientiam:
3790 994 3846 1054 si

2185 1072 2451 1136 habuero
2479 1093 2717 1138 omnem
2754 1077 2956 1156 ﬁdem,
2981 1087 3297 1142 utmontes
3329 1082 3698 1160 transferam
3739 1101 3753 1139 :
3789 1082 3844 1142 si

2184 1161 2550 1226 distribuero
2595 1167 2663 1227 in
2702 1166 2860 1228 cibos
2895 1185 3237 1248 pauperum
3287 1187 3491 1232 omnes
3519 1169 3842 1248 facultates

2183 1268 2350 1314 meas
2370 1255 2522 1315 :etsi
2552 1255 2860 1317 tradidero
2895 1274 3118 1336 corpus
3148 1277 3346 1321 meum
3372 1261 3458 1321 ita
3479 1268 3544 1321 ut
3565 1260 3837 1333 ardeam,

2183 1339 2539 1429 charitatem
2553 1353 2761 1407 autem
2775 1363 2892 1407 non
2908 1345 3243 1422 habuero,n
3252 1347 3366 1411 ihil
3377 1349 3528 1410 mihi
3533 1349 3840 1429 prodest97

2181 1428 2292 1500 Qui
2318 1439 2514 1494 autem
2557 1451 2694 1496 vere
2717 1452 2786 1496 ea
2813 1434 3098 1516 praeditus
3124 1438 3220 1509 sit,
3244 1456 3312 1500 ex
3335 1428 3618 1518 operibus
3641 1438 3838 1498 mani-

441 1536 626 1614 larga,
681 1541 739 1595 et
779 1518 923 1613 quae
957 1531 1088 1611 cogi
1126 1549 1244 1592 non
1278 1518 1567 1610 poterant
1596 1518 1824 1590 viscera
1856 1518 2098 1593 Domini
2177 1518 2329 1582 feste
2356 1521 2693 1614 declarans,
2715 1523 2796 1585 ait
2823 1543 2836 1587 :
2864 1524 3152 1588 Charitas
3176 1533 3416 1607 patiens
3450 1533 3554 1602 est,
3577 1525 3835 1606 benigna

439 1612 654 1704 nostri,
710 1612 954 1703 peccata
1008 1629 1064 1682 et
1113 1619 1491 1681 inﬁrmitates
1541 1618 1809 1679 omnium
1862 1628 2098 1700 portare
2178 1612 3828 1704 est,nomemulaturmonagitperperam,noniuﬂatur,

442 1699 728 1791 coegisti:
745 1711 830 1774 Ne
853 1710 1100 1792 abjicias
1123 1728 1255 1785 nos,
1275 1709 1484 1770 dicens
1511 1729 1524 1766 :
1556 1707 1696 1770 Non
1717 1699 1984 1771 ηουίυοε
2006 1709 2092 1773 94,
2175 1714 2297 1759 non
2310 1707 2393 1761 est
2415 1699 2758 1782 ambitiosa,
2781 1721 2899 1765 non
2916 1706 3129 1782 quierit
3145 1723 3402 1783 quan-ua
3425 1711 3584 1778 sunt,
3601 1723 3722 1766 non
3748 1710 3832 1764 ir-

441 1802 581 1865 Esto
624 1801 962 1873 nobiscum,
993 1809 1060 1861 ut
1087 1799 1322 1861 noveris
1352 1815 1497 1873 nos;
1533 1797 1751 1860 etenim
1788 1798 1892 1860 tibi
1922 1799 2094 1862 inco-

2178 1792 2428 1864 ritatur,
2444 1805 2569 1852 non
2601 1794 2826 1872 cogitat
2849 1793 3100 1874 malum,
3119 1811 3244 1856 non
3262 1793 3489 1873 gaudet
3504 1811 3688 1873 super
3704 1795 3830 1855 ini-

445 1892 591 1972 gniti
623 1909 852 1954 sumus.
897 1889 1111 1951 Habita
1131 1891 1191 1950 in
1221 1887 1417 1960 nobis,
1447 1894 1510 1948 ut
1534 1896 1777 1967 propter
1801 1895 1858 1948 te
1882 1887 2091 1949 Domi-
2115 1876 2153 1926 Β
2176 1882 2421 1959 quitate,
2459 1885 2788 1963 congaudet
2817 1895 3019 1948 autem
3050 1888 3344 1950 veritati:
3371 1889 3576 1948 omnia
3596 1887 3826 1967 suffert,

448 1999 585 2056 nus,
619 1998 754 2043 cum
781 1979 866 2040 illi
888 1977 1247 2054 occurreris,
1283 1995 1391 2038 nos
1414 1995 1648 2057 quoque
1671 1977 1930 2039 humiles
1957 1978 2092 2040 visi-
2174 1973 3827 2056 omniacredit,omniasperat,omniasustinet.Charitas

441 2078 524 2133 tet
555 2072 695 2151 (nos
732 2068 952 2150 quippe
989 2067 1164 2129 simul
1207 2075 1266 2128 et
1287 2066 1474 2128 semel
1508 2065 1737 2145 indigni
1768 2068 1995 2148 sumus)
2029 2077 2092 2129 ut
2173 2077 2488 2151 nunquam
2508 2064 2734 2126 excidit
2754 2065 2837 2123 98.
2866 2069 3122 2147 Propter
3144 2067 3298 2129 hanc
3323 2075 3380 2128 et
3413 2067 3659 2129 Verbum
3687 2084 3826 2128 caro

442 2149 701 2233 maneat,
723 2149 1025 2239 paululum
1053 2165 1248 2219 tecum
1271 2156 1640 2236 colloquens,
1663 2162 1720 2218 et
1742 2155 2081 2218 sinatetiam

2181 2149 2391 2239 factum
2407 2159 2584 2226 est,et
2594 2151 2897 2218 habitavit
2907 2156 2974 2218 in
2986 2155 3180 2218 nobis.
3201 2156 3629 2237 Proptcrquam
3645 2156 3822 2217 homo

437 2243 548 2310 nos
578 2234 925 2329 peceatores
955 2266 1024 2308 ac
1053 2234 1466 2308 immaculatos
1496 2245 1624 2325 ejus
1656 2245 1838 2326 pedes
1881 2245 2078 2328 proci-
2163 2234 2353 2329 factus
2388 2239 2496 2302 Dei
2530 2241 2739 2318 Filius,
2768 2263 2977 2306 omnes
3010 2243 3272 2308 viviﬁcos
3295 2234 3589 2307 cruciatus
3611 2255 3820 2324 sponte

436 2327 594 2400 dere
622 2360 634 2399 :
672 2345 732 2399 et
751 2337 998 2418 loquere
1029 2355 1136 2417 pro
1169 2335 1340 2396 nobis
1370 2333 1551 2409 bona,
1585 2352 1844 2416 rogaque
1863 2327 1925 2398 ut
1946 2355 2083 2418 pec-
2165 2345 2232 2388 ac
2257 2327 2451 2418 libens
2475 2332 2740 2410 pertulit,
2764 2341 2826 2394 ut
2851 2335 3076 2415 plasma
3096 2353 3288 2408 suum,
3310 2335 3623 2396 humanam
3651 2340 3812 2393 natu-

435 2435 703 2490 catorum
738 2417 938 2489 debita
968 2424 1141 2488 nobis
1172 2425 1590 2488 remittantur:
1619 2436 1685 2486 ut
1714 2425 1829 2506 ipsi
1871 2417 1976 2507 per
2027 2434 2083 2488 te
2164 2434 2290 2477 ram
2320 2417 2382 2478 in
2413 2420 2632 2482 multas
2660 2431 2859 2501 partes
2896 2442 2930 2485 a
2970 2423 3204 2485 diabolo
3247 2423 3572 2484 dissectum
3614 2441 3684 2483 ac
3717 2420 3816 2482 di-

431 2535 640 2579 rursus
670 2516 831 2596 digni
862 2533 1092 2588 sumus,
1127 2513 1226 2594 qui
1252 2513 1504 2576 Domino
1538 2514 1886 2590 serviamus,
1930 2524 1989 2577 et
2031 2515 2081 2577 is
2163 2514 2486 2596 templum,
2511 2529 2619 2590 per
2642 2511 2818 2573 [idem
2839 2521 3059 2575 rectam
3088 2523 3145 2576 et
3166 2512 3510 2575 charitatem
3537 2511 3817 2592 spiritua-

436 2593 922 2668 alimenta'uobis
953 2593 1278 2686 provideat.
1315 2603 1461 2664 Nam
1495 2603 1643 2666 nihil
1684 2604 1923 2685 quidem
1971 2605 2081 2666 de-
2163 2593 2283 2686 lem
2309 2595 2372 2658 in
2391 2617 2576 2660 unum
2600 2612 3010 2684 congregaret,
3044 2611 3102 2665 et
3133 2623 3167 2665 a
3195 2602 3448 2664 vinculis
3477 2601 3702 2662 inferni
3737 2599 3814 2660 li-

439 2695 604 2768 bere,
639 2695 794 2758 fame
812 2683 1010 2758 autem
1031 2713 1100 2756 ex
1124 2693 1508 2755 mendicitate
1532 2683 1744 2770 emori,
1774 2712 1960 2774 poenae
1978 2713 2082 2775 par
2163 2683 2430 2775 beratum
2483 2683 3018 2774 recuperatumque
3059 2693 3120 2754 in
3163 2694 3380 2755 coelum
3429 2690 3812 2754 subveheret.

2161 2773 2414 2855 Propter
2434 2778 2588 2841 hanc
2607 2791 2666 2844 et
2689 2773 2944 2863 apostoli
2967 2783 3361 2865 irrequietum
3380 2781 3546 2843 illum
3567 2799 3814 2843 cursum

2163 2876 2578 2944 cucurrerunt,
2606 2879 2663 2931 et
2684 2889 2818 2932 cum
2845 2880 3026 2934 totum
3061 2873 3348 2934 mundum
3366 2872 3476 2932 reti
3497 2889 3566 2934 ac
3595 2887 3815 2949 sagena

437 2962 832 3042 perfruamur,
853 2980 1104 3042 quorum
1129 2960 1500 3036 suavitatem,
1531 2960 1644 3021 nisi
1677 2980 1782 3041 per
1815 2970 1870 3022 te
1901 2981 2077 3024 nemo
2160 2954 2321 3015 verbi
2349 2957 2805 3041 conclusissent,
2833 2980 2865 3023 e
2899 2961 3191 3042 profundo
3211 2959 3590 3022 idolomaniaa
3617 2960 3690 3020 ad
3713 2959 3811 3020 Ιὶῑ-

431 3051 711 3129 gustabit.
741 3050 853 3123 Qui
889 3051 1048 3112 enim
1082 3058 1138 3112 te
1170 3069 1312 3122 non,
1345 3058 1410 3111 ut
1439 3049 1722 3130 Oportuit,
1759 3049 1983 3132 dilexit,
2019 3058 2078 3113 et
2157 3045 2742 3132 tusregnicmlorum
2765 3049 3130 3113 incolumem
3147 3048 3812 3129 extraxerunt.Propter

435 3140 540 3203 abs
571 3147 629 3202 te
660 3159 778 3202 non
814 3147 904 3202 est
943 3139 1196 3203 dilectus
1225 3147 1288 3200 ut
1318 3138 1546 3214 debuit,
1602 3138 1787 3200 currit
1830 3131 2071 3220 quidem
2127 3131 2309 3198 hanc
2348 3133 2566 3197 Christi
2607 3146 2896 3220 martyres
2921 3189 2936 3216 ,
2984 3158 3059 3202 ne
3093 3140 3396 3202 Christum
3437 3137 3806 3219 amitterent,

427 3229 698 3306 fortasse,
734 3229 838 3292 sed
872 3248 990 3290 non
1012 3225 1717 3309 comprehendit.0mnis
1744 3236 1940 3292 autem
1973 3229 2074 3310 qui
2155 3223 2504 3300 sanguinem
2536 3244 2707 3289 suum
2742 3228 3418 3310 profuderunt.Propter
3440 3229 3593 3290 hanc
3625 3228 3812 3290 divini

427 3319 637 3400 currit,
669 3327 810 3382 ante
833 3319 1167 3380 confectum
1193 3317 1554 3380 curriculum
1574 3317 1647 3379 de
1661 3318 1856 3399 palma
1876 3319 2074 3381 incer.
2155 3311 2361 3373 Patres
2390 3314 2599 3390 nostri,
2651 3325 2710 3378 et
2753 3317 2914 3380 orbis
2949 3327 3243 3381 terrarum
3278 3318 3541 3398 magistri
3572 3319 3807 3380 animas

425 3416 520 3471 tus
545 3418 639 3471 est
657 3409 742 3471 95,
762 3413 867 3470 Αει
887 3407 987 3489 qui
1010 3416 1067 3469 te
1089 3407 1566 3488 comprehendit,
1592 3415 1693 3468 aut
1711 3407 1817 3470 abs
1837 3416 1894 3471 te
1915 3428 2078 3471 eum-
2159 3415 2298 3489 suas
2325 3420 2430 3482 pro
2449 3405 2743 3468 catholica
2764 3414 2822 3469 et
2847 3409 3170 3489 apostolica
3198 3408 3474 3470 Ecclesia
3500 3427 3620 3470 non
3641 3407 3811 3469 inviti

419 3500 757 3589 Prehensus
780 3487 1155 3589 esLumliino
1192 3503 1390 3559 certus
1433 3505 1542 3589 est,
1589 3497 2133 3589 quandoquidemc
2156 3487 2527 3589 abjecerunt.
2587 3496 2843 3589 Propter
2887 3487 3256 3559 icharitatem
3294 3588 3300 3589 ί
3331 3497 3519 3559 sancti
3597 3516 3808 3589 omnes

417 3588 554 3650 ﬁnis
589 3589 737 3666 legis
773 3595 834 3650 tu
868 3605 952 3649 es,
987 3587 1074 3649 Tu
1106 3588 1265 3649 enim
1302 3588 1734 3669 prophetarum
1765 3589 2065 3669 magistra,
2099 3581 2132 3589 “
2154 3595 2345 3669 usque
2382 3581 2454 3642 ad
2496 3584 2847 3663 sanguinem
2880 3595 3122 3666 peccato
3163 3588 3534 3664 restiterunt,
3582 3587 3807 3649 nullam

415 3677 727 3757 apostolici
758 3695 970 3739 cursus
1003 3675 1186 3752 socia,
1224 3668 1552 3758 martyrum
1578 3676 1790 3759 virtus,
1825 3668 2068 3741 Patrum
2151 3668 2449 3730 rationem
2484 3673 2795 3751 praesentis
2831 3673 2964 3736 vitae
2998 3675 3308 3752 ducentes,
3336 3675 3576 3738 etvaria
3595 3677 3805 3739 mortis

417 3773 477 3827 et
500 3766 810 3828 doctorum
844 3765 1180 3845 inspiratio.
2151 3775 2373 3848 genera
2399 3760 2830 3835 sustinuerunt,
2858 3772 2922 3824 ut
2955 3782 2989 3825 a
3021 3765 3240 3829 mundo
3263 3765 3337 3826 ad
3357 3765 3612 3848 seipsos,
3645 3773 3706 3829 et
3731 3765 3806 3827 ad

498 3851 817 3915 Curramus
850 3844 1032 3932 igitur
1065 3860 1123 3912 et
1150 3871 1258 3914 nos
1278 3852 1512 3934 fratres,
1551 3861 1836 3934 quantum
1859 3873 2071 3936 possu—
2149 3844 2338 3908 Deum
2366 3849 2814 3936 colligerenter,
2841 3860 2900 3914 et
2921 3863 3148 3916 naturae
3166 3855 3345 3917 verba
3363 3855 3423 3916 in
3448 3844 3662 3936 seipsis
3677 3854 3808 3916 uni-

416 3959 550 4003 mus
581 3960 831 4022 eamque
876 3961 1010 4004 cum
1061 3942 1179 4004 ﬁde
1227 3951 1286 4005 et
1335 3941 1750 4006 observatione
1799 3935 2068 4008 omnium
2151 3944 2286 4026 rent
2306 3935 2551 4017 (8).Haec
2575 3947 2663 4002 est
2686 3941 3026 4024 enimvera,
3047 3943 3422 4025 etinculpata
3441 3945 3549 4007 Det
3571 3943 3810 4026 sapien-

418 4029 640 4093 Christi
701 4030 1111 4092 mandatorum
1157 4039 1600 4096 consectemur.
1643 4033 1754 4106 Qui
1809 4052 2070 4116 namque
2152 4023 2256 4116 tia.
2291 4027 2460 4116 qujus
2483 4028 2618 4089 ﬁnis
2649 4029 2795 4092 illud
2847 4023 3071 4092 bonum
3101 4023 3805 4114 esl.et'veritas=siqui-

414 4119 572 4181 hanc
594 4120 1107 4201 comprehendere
1138 4128 1514 4203 meruerunt,
1547 4141 1653 4204 spe
1699 4142 1806 4185 sua
1836 4113 2067 4205 nequa-
2153 4113 2292 4205 dem
2315 4113 2534 4178 bonum
2559 4119 2924 4197 humanitas,
2953 4130 3010 4182 et
3034 4122 3250 4184 veritas
3270 4141 3440 4184 amor
3467 4122 3574 4186 Dei
3595 4113 3809 4185 secun-

418 4226 598 4290 quam
639 4209 956 4290 aliquando
989 4210 1361 4273 exciderunt.
1403 4203 1890 4289 Enitamurvero,
1918 4203 2072 4276 sicut
2154 4203 2294 4264 dum
2326 4205 2542 4284 ﬁdem;
2576 4218 2926 4288 argumenta
2966 4211 3294 4289 charitatis,
3349 4214 3472 4275 Deo
3503 4212 3802 4288 homines,

418 4315 528 4379 per
547 4298 768 4372 omnia,
790 4298 871 4360 ita
892 4299 1068 4361 etiam
1093 4317 1200 4379 per
1223 4308 1486 4362 mutuam
1510 4302 1859 4364 charitatem
1880 4302 2069 4365 Deum
2155 4300 2211 4354 et
2250 4293 2387 4356 illos
2431 4295 2588 4358 inter
2636 4316 2700 4359 se
2739 4299 3093 4380 copulantis,
3141 4309 3199 4362 et
3237 4300 3464 4362 idcirco
3520 4301 3796 4364 stabilem

415 4387 637 4450 colere.
662 4387 856 4451 Omne
884 4388 1180 4469 siquidem
1225 4389 1507 4467 studium,
1554 4389 1869 4472 omnisque
1902 4391 2069 4454 exci—
2093 4463 2129 4473 _
2153 4380 2445 4473 bonorum
2475 4388 2956 4466 permansionem
2988 4389 3428 4452 habentis.Haec
3452 4399 3562 4473 est,
3586 4392 3803 4454 ostium

418 4476 561 4538 tatio
593 4495 726 4539 cum
753 4463 1302 4558 multis-conjuncta
1340 4463 1668 4561 laboribus,
1692 4463 1824 4561 qum
1858 4500 1976 4543 non
2006 4481 2068 4543 in
2091 4463 2135 4512 Β
2154 4479 2212 4532 ei
2240 4471 2330 4534 Via
2359 4463 2534 4554 quain
2563 4478 2672 4539 Dei
2704 4475 2971 4540 Verbum
2996 4478 3259 4559 seipsum
3289 4463 3632 4562 appellavit,
3667 4479 3806 4542 etin

419 4565 776 4627 charitatum
802 4583 934 4626 cum
960 4566 1170 4647 spiritu
1196 4568 1449 4629 contrito
1474 4568 1696 4641 tendit,
1723 4570 1918 4632 inanis
1955 4579 2068 4653 est,

2181 4579 2220 4653 :a
2251 4564 2667 4645 procedentes,
2701 4565 2822 4628 Deo
2854 4576 2913 4628 et
2944 4568 3104 4630 Patri
3137 4587 3314 4649 puros
3345 4569 3417 4631 ab
3451 4570 3615 4631 omni
3652 4589 3803 4632 con-

415 4654 558 4717 etin
582 4653 733 4716 nihil
761 4654 1131 4719 fructuosum
1155 4656 1704 4739 desinit.Discipuli
1727 4660 1885 4721 enim
1909 4649 2068 4724 Chri-
2151 4649 2413 4734 Citatala,
2444 4667 2502 4717 el
2531 4655 2771 4717 Sinistra
2803 4656 3063 4720 motione
3091 4658 3358 4721 exhibet.

413 4743 489 4807 sti
515 4763 584 4806 ex
610 4743 929 4806 dilectione
953 4753 1176 4818 mutua,
1224 4753 1506 4827 tanquam
1551 4756 1784 4811 tessera
1826 4769 2076 4828 cognos-
2241 4740 2376 4802 Vidi
2407 4761 2514 4822 ego
2567 4744 2895 4823 hominem,
2939 4746 3174 4822 fratrBS,
3209 4749 3312 4829 qui
3351 4747 3607 4827 diligens
3636 4749 3699 4810 in
3730 4767 3801 4811 eo

419 4841 660 4896 cuntur:
682 4851 794 4896 nec
816 4843 1008 4915 potest
1028 4834 1324 4916 quispiam
1344 4837 1404 4897 in
1419 4837 1532 4898 alia
1545 4838 1820 4919 quapiam
1832 4840 2068 4918 virtute,

2181 4829 2417 4920 {.tudium
2445 4842 2714 4916 poneret,
2738 4839 3052 4917 variosque
3076 4837 3284 4900 modos
3308 4839 3700 4920 experiretur,
3737 4843 3806 4902 ut

416 4917 2078 5009 autobservationeDominicimandatidiscipulusChriL.
2159 4917 2428 4998 fl'ail‘um,
2491 4922 2841 5003 quibuscum
2904 4925 3275 4988 familiariter
3331 4917 3584 5003 vivebat,
3641 4927 3802 4988 hunc

409 5013 484 5075 sti
507 5011 1034 5093 agnoscizlnhoc,
1053 5013 1270 5095 inquit,
1291 5019 2076 5099 cognoscentomnes.quod
2157 5011 2399 5091 quidem
2446 5030 2745 5090 sermone,
2796 5013 2978 5075 alium
3037 5016 3404 5092 meneribus,
3458 5017 3636 5079 alium
3689 5015 3804 5078 alia

411 5102 705 5183 discipuli
739 5105 862 5164 mei
892 5105 1061 5179 estis,
1111 5110 1166 5166 si
1195 5105 1574 5169 dilectionem
1615 5108 1957 5172 habueritis
1993 5110 2075 5171 ad
2156 5101 2414 5181 quadam
2447 5101 2762 5164 occasione
2783 5102 3062 5164 avitiosis
3084 5105 3419 5168 actionibus
3442 5115 3503 5169 et
3531 5105 3802 5186 cogitatis

407 5190 669 5256 invicem
683 5189 772 5254 96.
795 5190 964 5264 Quod
991 5191 1151 5254 idem
1173 5195 1320 5258 etB.
1347 5196 1567 5258 Paulus
1597 5196 1842 5274 indicat,
1868 5197 1930 5259 in
1953 5216 2070 5279 quo
2153 5193 2503 5256 abduceret.
2538 5195 2614 5258 Et
2635 5193 2754 5257 vidi
2784 5195 2962 5258 talem
2982 5215 3140 5260 nunc
3157 5198 3398 5280 quidem
3425 5200 3667 5263 ﬂentem
3685 5199 3797 5262 hu-

432 2784 790 2865 supplicium
835 2783 1132 2863 importat.
1170 2785 1282 2843 Per
1314 2790 1394 2856 te,
1429 2788 1632 2843 sancta
1661 2782 1940 2858 charitas,
1974 2802 2078 2844 ve-

438 2873 595 2936 niam
638 2891 1099 2953 consequamur.
1144 2874 1258 2932 Per
1310 2879 1365 2933 te
1411 2871 1585 2933 bonis
1623 2871 1860 2933 Domini
1894 2873 2080 2936 nostri

483 5447 551 5502 9i
579 5449 784 5515 Matth.
814 5469 955 5532 xxv,
994 5453 1092 5518 ω.
1173 5453 1239 5507 95
1268 5451 1295 5516 Ι
1325 5453 1461 5521 Cor.
1495 5472 1577 5535 tv,
1610 5457 1711 5538 24,
1739 5457 1839 5523 25.
1924 5456 1990 5511 96
2015 5453 2193 5521 Joau.
2224 5470 2354 5534 xm,
2389 5452 2492 5522 35.
2576 5455 2639 5507 97
2667 5455 2693 5520 Ι
2723 5459 2857 5523 Cor.
2889 5475 3016 5538 xm,
3051 5460 3176 5528 1-3.
3262 5461 3327 5514 93
3355 5459 3512 5526 Ibid.
3542 5460 3686 5526 4-8.

489 5707 805 5809 (ἦρι-ωορδ
859 5716 948 5772 καὶ
982 5714 1070 5809 seu
1110 5720 1210 5784 τῆς
1267 5715 1474 5809 φύσεως
1495 5800 1508 5809 .
1533 5718 1615 5809 ἐφ’
1660 5721 2056 5809 ἑαρτῶνωὲνώ-

2181 5736 2294 5809 ages
2321 5721 2378 5809 et
2399 5717 2632 5809 decreta
2670 5726 2935 5809 natum,
2961 5742 3066 5809 seu
3088 5727 3488 5809 appetitiones
3525 5730 3794 5791 natura-

404 5808 535 5848 σωσι
563 5792 803 5875 ῥήματα,
830 5811 946 5875 per
972 5795 1187 5873 ῥήματα
1215 5792 1420 5876 quem:
1445 5792 1690 5865 videtur
1713 5801 2061 5884 intelligere

2181 5792 2326 5870 dies.
2340 5798 2468 5864 Ista
2487 5801 2650 5867 enim
2661 5807 2828 5880 sunt,
2846 5792 3026 5888 quasi
3045 5792 3237 5872 vei'ba
3261 5814 3318 5872 et
3333 5824 3506 5882 voces
3522 5817 3789 5876 naturae.
