4160 6434
181 439 298 503 429

1595 425 1880 493 ORATIO
1919 423 2145 491 XXIII.

3445 438 3564 506 430

178 591 291 654 que
319 570 579 651 virgines
611 569 784 631 fatua:
816 565 1230 654 persuadeant,
1277 559 1827 654 quique_multa_si-
1849 566 1891 616 A
1916 557 2101 634 enim,
2134 559 2411 654 discipuli
2459 561 2838 654 disciplinum
2884 567 3101 642 vocari,
3135 587 3310 650 quam
3340 574 3412 634 ad
3447 593 3560 636 nu-

176 650 287 742 gna
318 669 375 722 et
409 650 675 741 prodigia
711 663 1152 737 perpetrarunt.
1189 652 1337 726 Quid
1374 651 1529 733 quod
1563 650 1824 742 charita-

181 740 296 814 tem
345 740 418 810 in
461 767 550 829 se,
605 757 663 808 et
716 743 1075 809 sanctissimi
1123 743 1379 824 Spiritus
1430 740 1675 819 gratiam
1708 756 1827 800 non

176 839 490 911 haberent,
523 856 558 898 a
597 835 852 899 Domino
884 833 1240 894 audiverunt
1275 855 1288 890 :
1329 831 1630 894 Discedite
1669 850 1705 890 α
1739 847 1830 891 me

175 928 443 1008 operarii
473 927 827 1006 iniquitatis
855 945 872 984 :
907 941 1032 985 non
1056 927 1222 984 enim
1256 921 1398 983 novi
1427 936 1532 983 vos
1562 919 1643 994 ‘8,
1665 917 1826 980 unde

175 1016 324 1079 sitis.
369 1015 490 1078 Nec
530 1015 624 1076 isti
674 1012 876 1092 modo,
916 1012 1021 1072 sed
1066 1029 1200 1072 cum
1249 1010 1379 1071 istis
1409 1009 1509 1070 alii
1541 1017 1828 1090 praeterea

175 1126 290 1168 non
326 1105 520 1186 pauci,
547 1103 647 1185 qui
679 1102 920 1164 fuerunt
945 1099 1188 1181 quidem
1209 1119 1241 1160 a
1265 1098 1487 1160 sanctis
1516 1097 1820 1178 apostolis,

176 1212 507 1275 eorumque
537 1189 986 1254 successoribus
1017 1189 1310 1268 baptizati,
1343 1206 1545 1249 verum
1572 1187 1828 1267 Spiritus

176 1284 369 1346 sancti
398 1283 580 1360 gratia
612 1293 855 1363 propter
901 1277 1302 1360 improbitatis
1355 1276 1824 1356 magnitudinem

179 1379 500 1436 caruerunt
533 1389 546 1432 :
583 1390 692 1432 nec
722 1369 899 1430 vitam
930 1366 1234 1431 vocatione
1273 1385 1388 1447 qua
1418 1365 1607 1428 vocati
1635 1374 1824 1442 erant,

179 1471 637 1524 consentaneam
661 1465 942 1539 egerunt:
970 1475 1080 1518 nec
1099 1454 1206 1518 Dei
1228 1455 1332 1517 filii
1363 1447 1642 1536 appellati
1666 1463 1823 1529 sunt,

179 1551 281 1613 sed
317 1570 454 1612 caro
489 1559 547 1611 et
575 1547 816 1628 sanguis
847 1553 1232 1621 manserunt;
1257 1563 1367 1606 nec
1397 1563 1472 1606 an
1508 1554 1669 1607 esset
1694 1565 1828 1605 om-

180 1641 320 1702 nino
352 1639 616 1720 Spiritus
646 1644 885 1699 sanctus
926 1635 1242 1698 credentes
1279 1656 1292 1695 :
1323 1653 1433 1695 nec
1467 1633 1630 1695 illum
1665 1654 1826 1716 quae-

1911 666 2106 744 meros
2136 668 2281 744 suos
2306 651 2478 714 vitam
2526 653 2862 744 instituere,
2916 657 3278 740 inutilesque
3307 665 3566 744 propriae

1910 737 2225 828 voluntatis
2254 738 2477 828 fructus
2507 741 2858 824 decerpere.
2907 744 3159 818 Quando
3180 737 3362 828 igitur
3389 737 3462 813 ab
3491 773 3562 816 eo

1909 825 2138 922 audies,
2177 827 2270 889 exi
2301 828 2375 891 de
2418 841 2582 922 terra
2630 833 2948 896 voluntatis
2979 842 3113 918 tuas,
3149 825 3308 904 et'de
3339 860 3560 922 cogna-

1910 914 2071 976 tione
2102 933 2314 1010 sensus
2348 918 2456 1010 tui,
2493 939 2569 982 ne
2598 923 2923 998 cuucteris,
2969 914 3117 988 neve
3153 914 3495 1010 erubescas,
3531 953 3565 996 a

1909 1006 2282 1100 vana-gloria
2331 1007 2516 1100 victus
2561 1009 2860 1100 videlicet.
2899 1014 2958 1074 Si
2991 1016 3203 1079 dixerit
3239 1038 3252 1079 :
3287 1006 3562 1100 Agedum

1911 1093 2041 1154 veni
2067 1096 2124 1154 in
2151 1102 2364 1188 terram
2392 1096 2834 1175 obiendientiae,
2855 1121 3029 1183 quam
3056 1093 3401 1170 monstrabo
3427 1110 3556 1188 tibi,

1911 1201 2108 1259 curre,
2140 1187 2216 1246 mi
2253 1186 2436 1248 frater
2465 1197 2750 1268 quantum
2775 1199 2942 1272 potes
2977 1213 2990 1253 :
3026 1213 3103 1256 ne
3135 1196 3244 1260 des
3287 1186 3563 1262 somnum

1910 1271 2134 1371 oculis.
2171 1273 2310 1349 tuis,
2345 1293 2420 1336 ne
2447 1276 2702 1371 pigritia,
2776 1287 2880 1371 aut
2929 1280 3161 1371 desidia
3209 1285 3562 1371 dissolutus,

1912 1361 2225 1457 contrahas
2249 1381 2439 1457 genua
2471 1373 2587 1427 tua.
2607 1365 2900 1430 Fortassis
2924 1370 3084 1432 enim
3112 1373 3234 1436 illic
3254 1361 3570 1457 apparebit

1913 1449 2020 1510 tibi
2044 1449 2220 1524 Deus,
2257 1454 2356 1533 qui
2384 1461 2612 1534 patrem
2641 1459 2960 1520 multorum
2991 1461 3248 1524 filiorum
3285 1449 3349 1527 te
3369 1468 3564 1530 factu-

1912 1557 2035 1604 rus.
2075 1549 2411 1624 terramque
2464 1545 2877 1624 promissionis
2929 1549 3034 1610 tibi
3082 1553 3408 1618 donaturus
3452 1565 3563 1622 est.

1913 1648 2092 1710 quam
2123 1632 2547 1696 hazredidatem
2593 1637 2748 1716 juxti
2777 1637 3066 1701 duntaxat
3114 1643 3384 1710 adibunt.
3419 1645 3478 1709 Si
3512 1656 3568 1709 te

182 1738 421 1804 rentes;
459 1747 571 1789 nec
601 1747 666 1790 se
697 1733 1045 1806 accepturos
1068 1731 1499 1806 exspectantes.
1525 1721 1694 1787 Unde
1718 1726 1829 1784 hu-
1915 1737 2150 1780 sursum
2183 1720 2242 1780 in
2290 1731 2550 1784 montem
2591 1724 2851 1802 duxerit,
2900 1726 3154 1808 impigre
3202 1735 3565 1799 conscende.

177 1818 439 1899 jnsmodi
489 1817 766 1879 homines
819 1834 930 1877 nec
984 1813 1420 1876 desideriorum
1467 1815 1688 1895 carnis,
1723 1809 2156 1899 necBEtenim
2207 1817 2298 1871 sat
2345 1811 2494 1888 scio,
2527 1813 2831 1876 Christum
2871 1819 3351 1899 transfiguratum
3385 1833 3443 1886 et
3471 1824 3569 1887 di-

190 1906 550 1969 turbivlarum
584 1905 959 1968 affectionum
1012 1921 1326 1984 capessere
1375 1902 1690 1982 imperium
1717 1923 1830 1964 un-

190 2014 364 2076 quam
397 2002 688 2075 poterunt,
715 2012 822 2054 nec
845 1993 1031 2054 ullum
1058 1993 1365 2072 egregium
1395 1990 1626 2051 virtutis
1655 1991 1834 2053 dow-

192 2092 458 2146 mentum
491 2081 1007 2165 prmbebunt,cum
1035 2080 1320 2144 Dominus
1346 2081 1504 2143 dicat
1535 2099 1548 2143 :
1575 2079 1720 2144 Sine
1743 2100 1834 2143 me

191 2173 347 2236 nihil
362 2175 609 2253 potestis
630 2175 828 2250 facere
855 2171 933 2232 49.
971 2169 1087 2232 Sed
1120 2169 1514 2241 elaboremus,
1554 2169 1828 2243 obsecro,

189 2272 386 2344 patres
416 2272 470 2324 et
503 2263 733 2334 fratres,
768 2277 824 2324 et
856 2267 1142 2342 quantum
1197 2260 1253 2320 in
1311 2259 1484 2320 nobis
1518 2267 1628 2338 est,
1666 2269 1726 2320 ut
1756 2259 1832 2320 de

185 2363 399 2416 caetero
423 2351 748 2432 charitatis,
774 2359 832 2412 et
851 2348 1106 2431 Spiritus
1125 2349 1314 2411 sancti
1346 2347 1830 2410 communionem

183 2459 655 2523 promereamur,
709 2459 826 2522 quo
872 2449 931 2501 et
977 2437 1311 2518 praesentia,
1347 2445 1407 2497 et
1440 2437 1636 2498 futura
1676 2437 1833 2498 bona

181 2549 592 2612 assequamur,
643 2529 831 2609 gratia
879 2536 937 2590 et
987 2527 1348 2607 benignitate
1381 2525 1618 2588 Domini
1651 2526 1834 2588 nostri

179 2618 317 2684 Jesu
375 2619 622 2700 Christi,
669 2618 764 2680 cui
813 2617 1002 2693 gloria
1058 2617 1119 2677 in
1178 2615 1390 2679 saecula
1446 2616 1823 2679 saeculorum.

184 2713 396 2772 Amen.

729 2794 1010 2860 ORATIO
1074 2794 1279 2858 XXIII.

185 2903 265 2960 De
292 2903 660 2976 abnegatione
685 2907 734 2960 et
759 2903 1292 2976 exscidiopropritz
1337 2901 1655 2976 voluntatis.
1709 2907 1838 2973 Qua

253 2975 475 3034 ratione
515 2976 631 3030 vita
678 2976 911 3032 ascetica
946 2975 1174 3030 colenda
1202 2975 1313 3041 sit;
1344 2975 1403 3029 in
1442 2990 1552 3044 qua
1583 2977 1839 3046 echediat

255 3047 454 3105 habere
499 3047 714 3114 ducem,
747 3048 807 3102 id
853 3052 948 3108 est.
1005 3049 1229 3102 Patrem
1262 3047 1632 3117 spiritualem.
1677 3048 1838 3118 cujus

256 3120 755 3192 operanvirtutgm,
783 3119 1176 3192 inseetiscarque
1221 3120 1363 3192 artis
1396 3134 1551 3192 popurs
1581 3119 1835 3192 perdiffi-
1857 3136 1895 3186 (ς

259 3188 359 3246 cite
410 3191 583 3246 dicas.
635 3189 710 3246 De
754 3190 862 3262 ﬁde
909 3191 969 3262 in
1020 3188 1604 3262 Patreaspiritualcs,
1656 3195 1706 3246 et
1746 3188 1838 3246 iii-

261 3263 412 3317 sione
448 3261 694 3324 luminis,
730 3278 766 3316 a
786 3276 893 3332 quo
924 3261 1248 3318 illuminata
1279 3263 1458 3318 clunis
1482 3277 1674 3318 anima
1695 3277 1831 3333 pro-

261 3333 376 3404 ﬁcit
400 3333 462 3388 in
489 3333 762 3389 charitate
781 3349 914 3404 erga
944 3333 1119 3389 Deum

271 3433 415 3493 Cum
440 3439 497 3492 te
517 3429 577 3491 in
599 3429 892 3505 cmnobio,
921 3430 1122 3504 frater,
1150 3429 1557 3506 collocaveris,
1586 3429 1705 3490 noli
1739 3448 1842 3511 pa-

191 3527 370 3596 trem,
403 3537 438 3580 a
469 3539 585 3599 quo
636 3519 919 3580 detonsus
953 3538 1016 3582 es
1048 3520 1372 3600 adversari,
1408 3519 1641 3581 tametsi
1669 3537 1844 3580 scor-

188 3609 292 3682 tis,
328 3617 430 3669 aut
461 3607 686 3689 poculis
713 3607 1076 3685 deditum,et
1107 3609 1390 3688 opinione
1423 3617 1520 3669 tua
1552 3616 1846 3669 monaste-

188 3696 264 3759 rii
308 3715 406 3758 res
459 3696 612 3758 male
656 3697 1167 3759 administrantem
1219 3697 1438 3759 videas.
1463 3705 1638 3776 atque
1668 3696 1843 3758 etiam

189 3784 540 3847 verberibus
561 3793 619 3847 et
651 3785 1003 3864 ignominia,
1025 3787 1347 3867 multisque
1369 3785 1500 3848 aliis
1522 3785 1844 3847 vexationi-

190 3873 302 3935 bus
321 3873 395 3936 ab
413 3873 625 3937 eodem
649 3874 930 3936 afﬁciare.
956 3873 1041 3936 Ne
1062 3875 1268 3936 sedeto
1289 3891 1422 3936 cum
1444 3873 1561 3937 illis
1584 3873 1684 3954 qui
1704 3893 1843 3954 pro-

186 3963 293 4026 bra
326 3964 387 4026 in
421 3982 559 4026 eum
595 3971 914 4044 torquent:
953 3983 1098 4027 neve
1115 3964 1415 4026 ambulato
1439 3983 1574 4026 cum
1608 3964 1684 4025 iis
1705 3963 1840 4044 qui-

183 4054 406 4116 malum
427 4056 479 4116 ei
502 4053 1337 4134 manichanturQuzecunque
1358 4061 1554 4116 autem
1580 4052 1844 4114 laudabi-

181 4142 260 4204 lia
282 4141 654 4205 factitantem
689 4142 912 4224 cernis,
941 4162 1008 4204 ea
1033 4146 1089 4204 in
1113 4146 1295 4206 corde
1323 4151 1422 4205 tuo
1438 4143 1725 4218 reconde,
1749 4160 1843 4204 ea-

179 4251 298 4313 que
339 4230 759 4296 tantummodo
802 4233 1152 4295 meminisse
1180 4231 1498 4296 contende.
1532 4230 1674 4304 Qum
1701 4249 1841 4292 vero

180 4319 558 4396 indecentia,
587 4330 644 4384 et
676 4320 948 4402 improba
977 4322 1066 4383 vel
1097 4331 1376 4400 agentem
1392 4321 1484 4382 vel
1503 4320 1842 4401 loquentem

181 4407 512 4484 notaveris,
562 4426 632 4470 ea
679 4408 914 4472 tibimet
962 4410 1224 4482 ascribe,
1257 4417 1314 4472 et
1348 4410 1410 4471 in
1442 4408 1698 4490 peccatis
1729 4409 1844 4469 tuis

1915 1897 2052 1959 vino
2088 1899 2548 1992 lumineplarius
2569 1901 2698 1980 ipse
2719 1904 2846 1966 sole
2868 1897 3265 1972 collucentem
3289 1911 3567 1992 aspicies,

1917 2006 2028 2077 nec
2075 1988 2380 2084 sustinens
2428 1991 2670 2084 intueri,
2723 2012 2856 2074 qua:
2913 2015 3214 2079 nunquam
3265 1988 3577 2084 spectasti,

1917 2095 2137 2173 pronus
2167 2079 2416 2173 fortasse
2465 2080 2666 2173 cades,
2722 2102 3050 2173 vocemque
3095 2079 3575 2173 Patris—desuper

1915 2167 2147 2244 audies,
2197 2179 2256 2230 et
2310 2171 2531 2234 nubem
2583 2171 3064 2259 obumbrantem,
3122 2196 3192 2242 ac
3243 2167 3572 2261 prOphetas

1914 2263 2427 2349 astantes,eteum
2453 2261 2712 2322 vivorum
2737 2272 3232 2349 mortuorumque
3253 2269 3569 2334 Dominum

1915 2364 2047 2438 esse
2068 2348 2492 2412 confirmantes
2511 2350 2738 2413 videbis
2750 2352 2834 2412 20.
2857 2353 2919 2416 Si
2945 2364 3000 2417 te
3019 2348 3186 2437 sequi
3211 2359 3568 2438 hortabitur,

1915 2433 2170 2525 fidenter
2198 2455 2330 2497 cum
2369 2457 2439 2499 eo
2471 2457 2578 2519 per
2605 2439 2826 2520 oppida
2857 2443 3028 2525 vade,
3076 2433 3396 2508 maximum
3428 2433 3570 2512 inde

1914 2523 2166 2616 fructum
2183 2534 2504 2616 capturus,
2537 2527 2588 2588 si
2619 2528 2678 2590 in
2719 2529 2914 2610 ipsum
2966 2523 3159 2596 solum
3211 2537 3571 2616 respexeris.

1917 2610 1979 2675 Si
2008 2632 2138 2675 cum
2173 2613 2532 2693 fornicariis,
2555 2625 2614 2678 et
2637 2618 2970 2698 publicanis
3003 2610 3415 2688 manducatem
3439 2646 3576 2690 cer-

1918 2703 2283 2799 nes31,nihil
2326 2724 2761 2784 commoveare,
2806 2729 2918 2772 nec
2960 2711 3294 2778 humanum
3325 2715 3575 2799 aliquid,

1920 2792 2024 2853 sed
2070 2793 2272 2854 omnia
2319 2795 2532 2858 affectu
2579 2795 2824 2860 sinistro
2861 2800 3145 2878 carentia,
3179 2813 3237 2866 et
3269 2792 3473 2868 sancta
3503 2792 3578 2869 de

1920 2880 2048 2961 ipso
2062 2882 2275 2979 cogita.
2293 2882 2442 2946 Item
2461 2885 2608 2979 illud
2629 2908 2643 2947 :
2665 2887 2963 2979 Omnibus
2975 2892 3184 2954 omnia
3201 2895 3574 2979 lactussum,

1921 2979 1987 3035 ut
2010 2991 2210 3063 omnes
2231 2973 2506 3037 lucrarer
2521 2977 2598 3053 εί,
2619 2979 2677 3040 in
2711 2978 2909 3040 animo
2932 2999 3125 3063 versa,
3151 2982 3291 3044 dum
3313 3002 3449 3047 eum
3469 2973 3579 3048 hu;

1924 3061 2117 3124 manis
2142 3081 2208 3124 se
2238 3064 2548 3127 affectibus
2592 3075 3088 3148 attemperantem
3111 3061 3426 3136 'observas.
3455 3073 3576 3139 Sed

1922 3153 2223 3241 nequensi
2274 3153 2462 3216 oculis
2514 3157 2628 3219 tuis
2679 3159 2878 3221 videas
2925 3161 3175 3241 aliquid,
3213 3163 3485 3226 universe
3514 3175 3578 3228 et

1922 3238 2096 3319 plane
2125 3239 2243 3302 illis
2273 3242 2500 3304 credito
2527 3265 2542 3304 :
2575 3246 2858 3308 falluntur
2888 3238 3046 3310 enim
3074 3248 3254 3310 etiam
3298 3251 3384 3326 hi,
3415 3252 3573 3332 quod

1921 3337 2206 3419 expertus
2244 3332 2399 3391 novi.
2456 3334 2654 3413 lpsum
2706 3355 2985 3419 sequens,
3033 3337 3241 3419 illique
3273 3339 3432 3401 dicto
3463 3360 3575 3403 au-

1926 3416 2118 3508 diens,
2154 3436 2229 3479 ne
2261 3421 2508 3482 comites
2539 3430 2595 3484 et
2624 3416 2821 3485 socios
2862 3416 2994 3488 tuos
3047 3416 3386 3508 considera,
3423 3448 3574 3493 neve

1926 3506 2090 3597 dicas
2120 3508 2195 3569 de
2225 3509 2423 3590 aliquo
2451 3533 2464 3569 :
2505 3511 2780 3594 Domine,
2805 3513 2904 3576 hic
2943 3526 3148 3580 autem
3177 3518 3324 3597 quid
3345 3506 3446 3582 93?
3469 3519 3575 3582 sed

1928 3595 2034 3658 tibi
2065 3615 2303 3677 semper
2344 3600 2607 3674 attende,
2644 3610 2702 3665 et
2731 3612 2864 3665 ante
2896 3604 3099 3667 oculos
3132 3595 3383 3670 mortem
3429 3627 3566 3688 pro-

1931 3703 2106 3768 pone,
2140 3704 2208 3748 ac
2241 3693 2434 3749 tecum
2459 3691 2754 3772 expende,
2787 3710 2905 3772 qua
2933 3693 3145 3758 virtute
3170 3697 3355 3758 Deum
3386 3697 3576 3775 glori-

1932 3776 2098 3836 ﬁcos.

2012 3867 2100 3928 Ne
2129 3867 2516 3946 supercilium
2550 3869 2717 3930 tollas
2743 3879 2985 3952 propter
3011 3873 3356 3953 magistrum
3385 3883 3572 3954 tuum,

1930 3955 1979 4015 si
2021 3954 2315 4016 honorere
2345 3975 2379 4016 a
2412 3957 2765 4036 majoribus:
2790 3979 2930 4034 non,
2957 3961 3115 4041 quod
3141 3972 3384 4043 propter
3414 3964 3578 4028 illius

1927 4044 2141 4105 famam
2167 4045 2380 4107 multas
2411 4045 2518 4107 tibi
2540 4046 2937 4129 obsequentes
2960 4049 3222 4115 habens:
3259 4053 3364 4115 sed
3390 4055 3581 4133 gaude

1927 4134 2145 4214 potius,
2166 4134 2218 4194 si
2237 4153 2455 4197 nomen
2475 4141 2640 4198 tuum
2664 4137 2726 4198 in
2743 4138 2894 4201 ccelo
2915 4139 2991 4200 hu
3005 4139 3266 4203 militatis
3287 4143 3578 4221 scriptum

1926 4223 2000 4284 sit
2020 4223 2101 4280 24.
2131 4222 2295 4296 Quod
2323 4223 2374 4284 si
2397 4223 2573 4286 etiam
2599 4224 2872 4288 umbram
2907 4237 3070 4291 tuam
3096 4229 3319 4293 videris
3348 4231 3578 4295 daemo-

1928 4313 2105 4375 nibus
2139 4313 2602 4390 formidabilem,
2646 4335 2720 4378 ne
2765 4317 2873 4378 tibi
2911 4318 3086 4396 istuc,
3134 4320 3239 4381 sed
3288 4323 3470 4402 patris
3500 4323 3583 4384 tui

1929 4403 2208 4482 precibus
2237 4403 2515 4478 attribue,
2540 4413 2598 4466 et
2627 4406 2882 4487 amplius
2906 4416 2960 4470 te
2986 4409 3412 4474 formidabunt.
3440 4409 3503 4473 Si
3527 4419 3584 4473 te

181 4515 463 4570 numera,
489 4504 548 4558 et
575 4515 710 4558 cum
735 4497 1010 4580 lacrymis
1043 4499 1451 4578 paenitentiam
1482 4516 1589 4577 age
1625 4515 1638 4560 :
1675 4496 1841 4558 illum
1866 4507 1908 4556 D
1929 4492 1989 4554 in
2016 4511 2246 4568 mensa,
2273 4501 2329 4554 ct
2367 4495 2612 4574 propius
2649 4496 2914 4559 assidere
2937 4497 3290 4575 hortabitur,
3327 4519 3584 4579 agnosce

180 4605 288 4667 pro
318 4587 456 4649 viro
486 4594 689 4648 sancto
725 4587 898 4663 habe,
927 4596 984 4649 et
1006 4606 1214 4670 preces
1236 4589 1366 4670 ejus
1387 4587 1658 4668 implora.
1681 4585 1848 4658 Quod
1934 4583 2177 4662 gratiam
2222 4591 2280 4644 et
2324 4583 2590 4660 admitte,
2643 4585 2932 4667 illumque
2982 4587 3192 4650 tacitus
3239 4597 3437 4651 sancte
3469 4588 3584 4650 ob-

178 4677 227 4738 si
260 4675 323 4738 in
356 4675 644 4739 coenobio
705 4695 822 4738 non
872 4677 1040 4755 vivis,
1074 4681 1264 4740 Deum
1298 4679 1572 4758 impense
1602 4694 1728 4750 ora,
1764 4675 1850 4739 uti
1934 4691 2132 4746 serva,
2179 4680 2238 4734 et
2288 4673 2438 4748 cole,
2483 4685 2542 4738 et
2583 4675 2726 4754 quid
2773 4676 2849 4738 de
2894 4676 3202 4756 appositis,
3239 4676 3353 4739 nisi
3384 4677 3585 4759 preci-

178 4765 501 4828 hominem
533 4763 642 4827 tibi
671 4765 1067 4839 demonstret,
1101 4767 1205 4849 qui
1233 4776 1290 4830 te
1320 4765 1635 4829 commodo
1660 4773 1846 4845 regat:

175 4873 496 4938 quemque
544 4853 646 4916 ille
697 4862 802 4918 aut
852 4866 1086 4920 secreto
1140 4876 1246 4939 per
1296 4855 1711 4936 semetipsum,
1753 4865 1853 4916 aut

175 4953 386 5026 aperte
448 4960 556 5024 per
593 4943 854 5026 aliquem
903 4964 1211 5008 servorum
1243 4964 1490 5008 suorum
1521 4942 1854 5006 ostenderit

175 5053 316 5096 eum
351 5039 522 5116 pete,
552 5050 668 5098 nec
697 5034 870 5096 aliter
899 5054 1074 5116 quam
1108 5037 1159 5098 si
1189 5035 1486 5100 Christum
1517 5034 1847 5113 aSpiceres,

176 5132 237 5186 et
265 5123 684 5205 alloquerere,
721 5134 1049 5188 venerator.
1107 5125 1254 5188 Nam
1305 5145 1424 5188 non
1467 5142 1645 5187 secus
1677 5142 1854 5205 quam

176 5213 296 5294 ipsi
326 5212 463 5275 Deo
496 5213 626 5292 ejus
660 5212 947 5276 voluntati
1002 5233 1211 5296 parere
1252 5216 1435 5278 debes
1469 5233 1482 5278 :
1519 5223 1585 5278 ut
1630 5233 1763 5294 qua;
1796 5215 1856 5276 in

177 5320 314 5364 rem
352 5311 523 5364 tuam
571 5308 734 5378 sunt,
784 5302 858 5364 ab
904 5303 1008 5366 illo
1049 5305 1348 5369 doceare:
1384 5321 1633 5387 quaeque
1664 5303 1714 5366 is
1749 5304 1854 5367 tibi

178 5391 434 5466 dixerit,
464 5389 597 5453 sine
614 5391 1124 5457 ullahaesitatione
1149 5395 1208 5457 in
1234 5413 1383 5476 opus
1403 5393 1628 5467 confer,
1646 5412 1858 5473 quam-

1935 4759 2046 4822 bus
2071 4759 2142 4821 ab
2174 4780 2244 4822 eo
2274 4761 2463 4843 factis,
2488 4762 2707 4842 attinge
2741 4781 2755 4825 :
2791 4783 2901 4827 nec
2929 4764 3078 4826 citra
3109 4765 3237 4845 ejus
3260 4766 3496 4844 jussum
3521 4785 3590 4828 ac

1935 4850 2296 4912 voluntatem
2339 4851 2508 4913 alteri
2558 4851 2794 4932 porrige
2835 4872 2849 4916 :
2898 4872 3008 4915 nec
3041 4853 3383 4935 quempiam
3412 4855 3590 4917 alteri

1939 4940 2220 5022 praeferre
2249 4940 2424 5002 aude.
2461 4939 2628 5014 Quod
2656 4942 2706 5004 si
2732 4950 2864 5024 post
2897 4962 3108 5006 omnes
3147 4942 3296 5006 alios
3326 4953 3382 5007 te
3412 4963 3587 5008 voca-

1939 5029 2046 5104 bit,
2082 5047 2222 5091 cave
2263 5027 2508 5092 dicere:
2538 5031 2586 5092 A
2631 5031 2876 5108 dextris,
2913 5041 3016 5094 aut
3047 5032 3307 5095 sinistris
3340 5033 3587 5107 sedebo,

1942 5138 2074 5183 cum
2108 5120 2221 5180 hoc
2245 5118 2379 5180 aliis
2411 5127 2680 5200 paratum
2712 5139 2842 5184 esse
2870 5141 2986 5184 non
3017 5123 3277 5202 ignores,
3304 5132 3362 5185 et
3390 5124 3594 5186 audie-

1941 5209 2056 5272 ris:
2084 5207 2210 5284 Qui
2233 5212 2360 5272 vult
2381 5213 2622 5272 omnim
2643 5215 2876 5291 primus
2888 5229 3034 5290 esse,
3050 5214 3128 5276 sit
3153 5215 3427 5276 omnium
3450 5212 3595 5276 ulti-

1941 5316 2078 5362 mus
2091 5299 2174 5360 25.
2197 5300 2434 5362 Partem
2458 5297 2752 5376 intimam,
2785 5309 2850 5362 ut
2879 5299 3088 5382 primae
3126 5302 3595 5366 conciliatricem

1944 5389 2331 5471 amplectere,
2365 5396 2425 5451 et
2455 5389 2806 5468 magistrum
2836 5390 3040 5473 dilige,
3071 5391 3292 5473 quippe
3317 5392 3419 5474 qui
3450 5391 3600 5454 scite

181 5479 274 5540 vis
305 5479 419 5541 tibi
469 5498 590 5542 non
620 5481 802 5560 bona,
836 5490 894 5544 et
924 5482 1212 5547 damnosa
1239 5483 1577 5547 videantur.
1621 5479 1866 5546 Praestat
1947 5499 2056 5563 per
2080 5479 2226 5573 vilia
2258 5485 2323 5542 et
2349 5477 2582 5560 abjecta
2602 5479 2677 5542 ad
2708 5481 2934 5562 majora
2965 5489 3023 5545 te
3051 5480 3284 5546 laboret
3315 5482 3596 5547 evehere.

268 5647 328 5729 [3
356 5649 508 5715 Luc.
536 5668 668 5729 xui,
699 5652 804 5715 27.

185 5727 243 5773 23
273 5726 603 5808 Joan.xx1,
637 5726 704 5795 2i
727 5778 742 5794 .

891 5652 944 5696 19
969 5652 1142 5720 Joan.
1176 5673 1278 5732 xv,
1309 5657 1370 5719 5.
1458 5652 1514 5734 3O
1543 5651 1754 5734 Matth.
1787 5667 1936 5734 xvii,
1969 5652 1989 5716 1
2049 5669 2222 5732 seqq.

828 5732 888 5784 94
911 5735 1032 5798 Luc
1087 5755 1148 5812 χ,
1181 5737 1282 5802 20.
1365 5736 1427 5788 ευ
1455 5733 1666 5798 Matth.
1695 5751 1800 5814 xx,
1828 5732 1929 5799 2‘7.

2308 5648 2362 5693 ει
2392 5649 2600 5714 Matth.
2633 5666 2716 5729 Ix,
2752 5653 2852 5729 10,
2887 5652 2986 5716 tt.
3074 5651 3180 5716 εει
3213 5651 3350 5719 Cor.
3385 5669 3468 5732 ix,
3499 5651 3601 5717 22.
