4160 6396
512 385 623 452 431

1822 381 2203 452 SYMEONIS
2241 386 2271 449 «Ι
2280 388 2593 453 UNIORIS

3796 389 3917 454 432

512 517 721 602 Neque
750 536 889 583 vero
914 536 1019 601 per
1033 514 1431 596 arrogantiam
1462 514 1689 597 primus
1717 532 1853 576 cum
1886 514 2015 595 ipso
2037 533 2164 577 ma-
2185 526 2228 575 Α
2248 535 2379 579 sum
2412 527 2469 581 te
2498 522 2743 596 vocarit,
2776 528 2836 583 et
2866 520 2938 582 ad
2971 521 3403 603 quiescendum
3435 522 3733 601 hortatus,
3753 524 3918 588 dixe-

514 628 663 673 num
704 610 768 672 in
798 608 1142 691 parosidem
1173 606 1432 685 intinges
1478 627 1493 667 :
1543 605 1716 686 cujus
1745 604 1906 667 enim
1937 604 2013 666 sit
2044 606 2171 667 hac

516 698 790 782 audacia,
825 718 943 762 non
973 705 1029 760 te
1045 695 1215 777 fugit.
1250 693 1314 758 Si
1344 693 1453 757 tibi
1486 693 1668 776 pedes
1696 692 1945 757 abluere
1970 693 2173 756 volue-

517 786 618 865 rit,
672 807 812 851 eum
857 793 927 851 ut
971 786 1282 849 dominum
1313 790 1371 845 et
1398 782 1747 862 magistrum
1782 800 2082 865 reverere,
2116 791 2176 845 et

521 878 809 941 renitere.
852 875 961 940 Sin
991 874 1241 938 dixerit:
1268 871 1406 935 Nisi
1431 873 1614 953 pedes
1645 873 1757 936 tibi
1786 872 2020 949 lavero,
2055 890 2176 935 non

520 966 766 1030 habebis
777 972 1018 1048 partem
1029 961 1354 1039 mecum93,
1371 963 1549 1024 etiam
1570 969 1757 1024 totum
1769 980 1986 1044 corpus
2008 970 2174 1024 tuum

518 1054 884 1118 abluendum
931 1052 1211 1116 alacriter
1241 1067 1513 1132 expone:
1547 1059 1613 1112 ut
1643 1069 1712 1113 ex
1763 1051 1859 1114 his
1910 1069 2043 1132 qua
2072 1049 2180 1113 tibi

520 1145 690 1226 fiunt,
721 1142 1147 1207 sublimitatem
1189 1148 1250 1203 et
1296 1159 1568 1219 magnam
1594 1139 1965 1216 humilitatis,
2002 1141 2180 1203 etiam

521 1234 668 1298 deos
687 1233 986 1310 facientis,
1019 1230 1345 1310 intelligas,
1377 1240 1437 1294 et
1468 1231 1760 1312 majorem
1795 1239 1937 1293 tunc
1963 1231 2183 1294 utilite-

523 1331 641 1386 tem
660 1322 908 1399 referas,
940 1321 994 1384 si
1030 1320 1494 1394 animadvertas,
1518 1339 1694 1401 quam
1721 1320 1861 1382 situ
1886 1320 2069 1402 patris
2100 1322 2182 1384 tui

520 1410 707 1494 pedes
735 1410 1054 1475 ahluisses.
1089 1408 1153 1473 Si
1180 1408 1400 1472 dixerit
1440 1409 1602 1471 inter
1653 1408 2130 1472 accumbendum
2163 1429 2176 1471 :

526 1499 695 1565 Unus
714 1519 794 1566 ea:
810 1501 977 1565 vobis
996 1518 1092 1565 me
1119 1500 1321 1564 tradet
1337 1498 1424 1581 37,
1445 1499 1918 1563 autscandalizat
1952 1518 2070 1581 me,
2106 1518 2181 1561 ne

521 1599 686 1672 tegas
704 1589 943 1654 dolum:
969 1590 1076 1653 sed
1097 1589 1149 1652 si
1170 1590 1449 1653 conscius
1488 1588 1593 1651 tibi
1627 1608 1714 1663 es,
1739 1589 2061 1651 conﬁtere:
2086 1588 2179 1651 sin

2252 610 2368 672 rit:
2397 610 2540 672 sede
2570 611 2690 685 hic,
2732 619 2791 673 et
2821 612 3059 692 publico
3092 611 3353 687 abstine,
3404 614 3593 677 donec
3624 616 3953 678 induaris"

2254 700 2481 763 virtute
2504 717 2582 763 ea:
2601 700 2814 775 alto3',
2839 720 2974 762 cum
2995 703 3164 764 firma
3188 720 3294 783 spe
3319 712 3375 765 et
3397 704 3754 785 inexplebili
3775 723 3916 786 gau-

2256 788 2356 850 dio
2394 787 2571 850 obedi
2599 807 2612 852 :
2639 808 2817 852 verax
2847 789 3174 872 siquidem,
3198 792 3410 854 fratres
3445 793 3585 875 mei,
3623 794 3761 857 talis
3786 813 3917 856 ma-

2255 877 2461 958 gister,
2487 885 2544 940 et
2566 897 2600 940 a
2625 878 2938 944 mendacio
2962 880 3196 943 alienus
3213 884 3736 963 est.Superveniet
3753 902 3920 946 nam-

2258 987 2373 1048 que
2404 968 2465 1030 in
2497 975 2554 1030 te
2573 969 2754 1032 etiam
2780 988 2936 1032 nunc
2968 989 3075 1051 par
3103 972 3467 1035 sanctissimi
3509 973 3767 1054 Spiritus
3792 975 3917 1036 vir-

2266 1067 2380 1133 tus,
2407 1077 2527 1119 non
2569 1057 2628 1120 in
2660 1059 2863 1141 specie
2913 1059 3089 1139 ignis,
3136 1070 3200 1123 ut
3231 1080 3412 1124 sensu
3444 1062 3672 1145 percipi
3705 1065 3912 1146 possit,

2263 1165 2589 1227 apparens;
2620 1166 2728 1209 nec
2759 1167 2894 1210 cum
2925 1150 3111 1211 multo
3143 1150 3368 1226 sonitu,
3391 1150 3453 1214 in
3486 1152 3700 1233 spiritu
3730 1153 3916 1215 vehe-

2268 1239 2452 1298 menti
2468 1238 2621 1318 (hac
2637 1238 2797 1299 enim
2816 1248 3061 1319 propter
3090 1238 3436 1302 incredulos
3467 1242 3790 1319 factasunt)
3808 1243 3911 1304 sed

2266 1325 2325 1387 in
2357 1328 2559 1408 specie
2590 1327 2859 1399 luminis,
2905 1328 3062 1409 quod
3118 1331 3302 1391 tuenti
3359 1339 3538 1412 patet,
3585 1351 3722 1394 cum
3751 1332 3918 1393 omni

2265 1416 2692 1497 tranquillitate
2733 1425 2792 1478 et
2814 1417 3188 1497 jucunditate
3219 1420 3426 1493 animi,
3456 1420 3564 1496 sic,
3592 1428 3659 1482 ut
3683 1420 3920 1483 intelli-

2263 1524 2386 1584 gas,
2417 1505 2522 1567 tibi
2553 1506 2903 1587 apparebit:
2932 1508 3086 1589 quod
3111 1509 3317 1570 aterni
3341 1527 3408 1571 ac
3433 1509 3610 1591 primi
3638 1510 3801 1573 illius
3822 1510 3917 1571 lu-

2266 1595 2444 1657 minis
2476 1596 2857 1677 proamium,
2899 1605 2957 1657 et
3007 1596 3201 1676 fulgor
3248 1606 3309 1660 at
3351 1599 3613 1660 scintilla
3647 1599 3919 1681 quadam

522 1687 747 1778 autem,
790 1679 868 1743 ad
902 1679 1087 1778 pedes
1117 1678 1250 1760 ejus
1288 1678 1348 1740 in
1380 1678 1599 1778 faciem
1632 1684 1789 1778 tuam
1823 1685 2177 1778 prostratus,
2202 1729 2240 1778 Β
2263 1684 2647 1767 sempiterna
2668 1684 3009 1747 heatudinis
3031 1696 3143 1748 esL
3164 1685 3291 1748 Hoc
3309 1678 3724 1750 nunclucente
3747 1688 3923 1749 lumi-

523 1788 662 1832 cum
693 1769 964 1851 lacrymis
992 1768 1334 1848 interroga:
1363 1766 1684 1849 Numquid
1721 1784 1833 1847 ego
1870 1786 2028 1842 sum,
2053 1770 2179 1830 Do-

523 1861 689 1924 mine
706 1858 806 1921 38‘!
840 1858 1078 1923 Etenim
1102 1860 1163 1921 in
1187 1858 1498 1939 plurimis,
1530 1863 1587 1920 et
1616 1875 1730 1938 per
1758 1858 2180 1938 ignorantiam

524 1951 985 2035 offendimus”.
1009 1954 1194 2014 Porro
1235 1952 1297 2013 in
1342 1959 1550 2033 pectus
1592 1947 1782 2013 Patris
1822 1951 2178 2015 recumbere

526 2060 647 2104 non
665 2041 942 2105 conducit
964 2040 1094 2103 tibi.
1119 2038 1266 2103 Nam
1282 2039 1394 2103 etsi
1414 2042 1675 2103 Joannes
1700 2058 1822 2121 pra
1836 2041 2021 2103 multa
2039 2059 2178 2121 erga

525 2132 827 2195 Christem
871 2131 1185 2208 charitate,
1227 2137 1289 2191 ut
1332 2148 1469 2192 cum
1519 2130 1764 2193 homine
1812 2130 1932 2210 egit
1958 2129 2172 2207 libere,

528 2220 921 2283 nihilominus
951 2219 1172 2301 et'ipse
1202 2237 1338 2281 cum
1361 2217 1665 2296 omnibus,
1700 2237 1834 2281 cum
1866 2218 2070 2282 omnia
2098 2219 2181 2281 fe-

528 2309 726 2389 cisset,
749 2311 1015 2392 seipsum
1034 2307 1310 2371 inutilem
1335 2326 1571 2371 servum
1601 2326 1813 2371 vocare
1838 2309 2042 2390 jussus
2064 2316 2176 2371 est.

527 2398 593 2463 Si
620 2399 843 2463 videris
863 2399 1078 2462 ducem
1109 2405 1276 2461 tuum
1306 2416 1487 2480 supra
1514 2406 1738 2461 natura
1769 2417 1996 2461 morem
2032 2399 2182 2461 mira

528 2489 732 2564 edere,
765 2489 1042 2570 famaque
1070 2487 1424 2563 clarescere,
1448 2487 1654 2571 crede,
1677 2498 1739 2550 et
1767 2488 1995 2562 latare,
2022 2489 2178 2551 Deo-

529 2597 645 2660 que
673 2578 891 2658 gratias
918 2596 1049 2658 age,
1083 2577 1245 2660 quod
1275 2576 1622 2658 hujusmodi
1668 2576 2013 2657 magistrum
2044 2595 2180 2639 sor-

530 2668 674 2731 titus
705 2687 794 2733 es.
827 2666 959 2732 Sed:
986 2686 1064 2730 ne
1107 2666 1305 2728 invidi
1351 2665 1700 2730 scandalum
1754 2666 1862 2728 tibi
1920 2665 2177 2747 pariant,

529 2775 668 2820 cum
698 2776 836 2821 eum
865 2756 941 2820 ab
981 2755 1100 2819 illis
1138 2756 1387 2818 fortasse
1434 2754 1779 2835 ignominiis
1828 2753 2089 2837 multari,
2124 2763 2184 2820 et

532 2847 719 2929 alapis
739 2846 909 2923 cadi,
931 2852 991 2909 et
1007 2844 1229 2926 raptari
1251 2845 1588 2926 conspicies
1617 2865 1630 2905 :
1664 2845 1809 2927 quin
1828 2855 1895 2908 ut
1920 2844 2182 2907 fervidus

530 2935 635 3000 ille
682 2935 894 3000 Petrus
940 2934 1203 3016 gladium
1260 2934 1480 3016 arripe,
1545 2936 1794 3017 ejusque
1824 2933 1928 3016 qui
1975 2943 2184 2997 contra

533 3032 765 3108 patrem
819 3034 987 3088 tuum
1043 3023 1363 3102 blaterare,
1416 3031 1518 3087 aut
1560 3042 1698 3086 eum
1743 3024 2032 3105 attingere
2060 3043 2180 3086 non

2263 1792 2362 1851 ne,
2387 1774 2585 1836 omnis
2617 1773 2886 1855 inquieta
2914 1792 2985 1836 ac
3019 1776 3359 1839 turbulenta
3389 1777 3672 1858 cogitatio
3702 1777 3915 1859 dispe-

2262 1863 2361 1939 rit,
2397 1872 2455 1924 et
2485 1862 2681 1924 omnis
2713 1862 3065 1926 concitatior
3112 1865 3298 1926 animi
3351 1867 3534 1929 motio
3568 1866 3917 1948 dissipatur,

2262 1952 2459 2015 omnis
2486 1952 2755 2034 corporis
2788 1952 3033 2015 morbus
3061 1954 3507 2019 sanatur.Tunc
3531 1955 3688 2018 oculi
3720 1955 3921 2018 cordis

2262 2041 2341 2103 tui
2375 2051 2722 2123 purgantur,
2753 2049 3127 2123 cernuntque
3158 2046 3633 2126 Deum,quodin
3666 2045 3924 2109 beatitu-

2260 2130 2503 2194 dinibus
2526 2131 2812 2213 scriptum
2833 2132 3191 2196 est32.Tunc
3218 2134 3448 2197 velutin
3473 2135 3716 2215 speculo
3742 2152 3923 2215 parva

2263 2230 2460 2285 errata
2488 2240 2597 2283 sua
2625 2222 2865 2283 intuens
2898 2222 3119 2296 anima,
3159 2225 3217 2284 in
3256 2223 3527 2304 abyssum
3562 2223 3918 2285 humilitatis

2264 2311 3015 2392 dejicitur,perspectaque
3051 2311 3257 2390 gloria
3284 2310 3714 2388 magnitudine,
3748 2313 3914 2373 omni

2263 2400 2467 2463 latitia
2481 2399 2848 2478 etvoluptate
2865 2400 3152 2481 repletur,
3165 2408 3221 2462 et
3245 2400 3305 2461 in
3333 2400 3632 2480 insperato
3666 2399 3915 2461 attonita

2265 2489 2576 2555 miraculo.
2623 2488 2896 2570 lacrymis
2928 2489 3186 2553 ubertim
3213 2498 3412 2551 rorat:
3441 2497 3619 2569 atque
3651 2489 3731 2549 ita
3762 2496 3919 2550 totus

2265 2579 2441 2640 homo
2494 2578 2868 2654 immutatur,
2919 2586 2977 2640 et
3024 2578 3214 2641 Deum
3254 2576 3691 2657 cognoscit,‘ah
3723 2595 3918 2658 eoque

2266 2669 2522 2749 primum
2556 2667 2955 2747 cognosdtur.
3007 2668 3145 2731 Haec
3197 2686 3454 2749 namque
3487 2667 3613 2728 sola
3642 2665 3914 2728 omnium

2265 2756 2593 2820 caelestium
2626 2777 2694 2819 ac
2728 2757 3521 2839 terrestrium,prasentium
3573 2762 3634 2817 et
3681 2755 3919 2818 futuro-

2264 2866 2421 2921 rum,
2451 2846 2884 2922 tristiticorum,
2901 2848 3390 2928 latiﬁcorumque
3408 2844 3920 2926 contemptionem

2267 2935 2494 2997 homini
2517 2935 2849 3016 ingenerat,
2873 2954 3050 3017 quem
3082 2936 3260 2998 simul
3297 2936 3554 2998 amicum
3585 2933 3917 3012 Dei,etFi-

2264 3025 2408 3088 lium
2442 3024 2756 3104 Altissimi,
2795 3034 2856 3088 et
2887 3030 3076 3091 Deum
3111 3026 3420 3109 (quantum
3451 3023 3692 3106 quidem
3723 3027 3785 3088 in
3815 3025 3920 3086 ho-

535 3125 770 3179 veretur
817 3133 938 3176 non
986 3112 1314 3176 auriculam
1367 3113 1585 3189 solum,
1626 3113 1732 3176 sed
1765 3121 1822 3176 et
1852 3131 2092 3176 manum
2125 3122 2241 3193 etc
2266 3115 2492 3177 minem
2517 3114 2697 3195 cadit)
2733 3115 2937 3179 efﬁcit.

531 3205 797 3286 linguam
829 3211 1092 3287 amputa.
1125 3200 1293 3275 Quod
1324 3202 1375 3264 si
1397 3203 1603 3279 etiam,
1630 3210 1697 3265 ut
1716 3202 1840 3281 ille,
1861 3202 2177 3283 castigere,

533 3294 779 3358 omnino
810 3302 1017 3358 tamen
1046 3292 1122 3354 ob
1153 3292 1451 3373 egregiam
1502 3291 1684 3355 fidem
1726 3301 1786 3355 et
1830 3293 2179 3355 charilatem

533 3384 720 3464 magis
740 3382 1088 3446 laudabere.
1113 3382 1241 3456 Sin,
1257 3390 1322 3443 ut
1344 3382 1545 3471 homo,
1578 3384 1898 3463 perteritus
1915 3382 2137 3446 dixeris
2162 3406 2175 3442 :

528 3475 829 3540 Nounovi
855 3473 1159 3537 hominem
1177 3472 1263 3553 30,
1298 3490 1536 3534 rursum
1600 3490 1781 3554 super
1836 3473 1951 3535 hoc
1979 3492 2180 3536 amare

2344 3202 2495 3266 Vide
2521 3201 2724 3285 igitur,
2757 3204 2962 3279 frater,
2993 3222 3071 3267 ne
3120 3204 3273 3267 forte
3306 3211 3520 3285 prater
3539 3204 3908 3267 voluntatem

2263 3292 2598 3357 deteriores
2630 3293 2919 3375 sequaris.
2962 3291 3110 3356 Nam
3142 3296 3242 3375 qui
3276 3293 3698 3376 perspicientia
3727 3291 3907 3372 valet,

2264 3383 2470 3464 lupum
2502 3381 2576 3444 ab
2620 3401 2752 3458 ove,
2799 3382 3087 3445 latronem
3121 3401 3154 3444 a
3207 3391 3441 3463 pastore
3488 3383 3905 3446 internoscet:

2263 3473 2418 3535 sicut
2447 3471 2729 3533 nimirum
2762 3470 2892 3553 ipse
2925 3471 3215 3536 Dominus
3243 3490 3312 3534 ac
3340 3471 3499 3535 Deus
3531 3479 3733 3534 noster
3760 3469 3921 3531 allir-

534 3564 722 3645 plora,
771 3570 831 3626 et
880 3581 956 3624 ne
1006 3560 1425 3643 desperatione
1468 3559 1853 3623 absorheare.
1901 3560 2073 3634 Quod
2129 3562 2181 3624 si
2264 3562 2820 3637 mavit:Altendite,
2845 3560 3060 3643 inquit,
3091 3562 3328 3640 afalsis
3344 3562 3677 3644 prophetis,
3697 3566 3804 3640 qui
3823 3577 3920 3623 ve-

528 3653 699 3730 faxis,
728 3669 1077 3733 persuasum
1108 3648 1299 3712 habeo
1330 3649 1478 3724 fore,
1510 3657 1575 3711 ut
1596 3648 1697 3711 ille
1727 3658 1785 3712 te
1815 3649 2076 3729 primum
2105 3650 2180 3713 ad
2260 3654 2441 3715 niuut
2464 3654 2543 3715 ad
2564 3669 2668 3714 vos
2689 3652 2757 3714 in
2779 3653 3153 3715 vestimentis
3175 3654 3781 3734 ovium,intrinsecus
3801 3669 3921 3714 au-

532 3760 599 3805 se
628 3740 912 3805 attrahat.
944 3738 1008 3802 Si
1039 3758 1173 3801 eum
1228 3748 1505 3819 tanquam
1556 3737 1915 3800 sceleratum
1944 3738 2007 3800 in
2037 3759 2178 3801 cru-
2264 3749 2381 3805 tem
2404 3747 2547 3805 sunt
2570 3742 3037 3822 lupirapaces.A
3057 3741 3360 3821 fructibus
3380 3758 3925 3823 eorumcognosce-

533 3847 663 3892 cem
693 3828 878 3909 afﬁgi,
907 3836 965 3891 et
988 3847 1094 3912 pro
1125 3827 1432 3891 sceleratis
1464 3826 1616 3889 mori
1647 3826 1971 3909 aspexeriS,
2003 3827 2055 3890 si
2072 3848 2179 3911 ρο·
2264 3835 2339 3897 tis
2361 3852 2458 3895 eos
2472 3831 2640 3895 33.Ut
2660 3832 2820 3894 enim
2848 3830 3026 3894 arbor
3047 3850 3119 3892 ex
3140 3831 3460 3914 fructu,sic
3485 3832 3664 3893 homo
3692 3849 3763 3893 ex
3786 3848 3922 3893 ser-

534 3927 645 3996 tes,
680 3934 1051 3981 commorere
1092 3938 1107 3978 :
1148 3923 1250 3979 aut
1275 3924 1438 3979 certe
1468 3934 1546 3978 ne
1575 3917 1749 3981 malis
1779 3926 1843 3979 ut
1873 3917 2085 4001 malus,
2120 3929 2182 3982 et
2264 3941 2441 3988 mone
2470 3934 2526 3985 et
2546 3941 2730 4004 opere
2751 3940 2859 3984 suo
2899 3920 3091 4003 qualis
3129 3921 3208 3985 sit
3239 3921 3649 4003 cognoscitur:
3680 3920 3785 3983 sed
3809 3939 3922 3984 co-

534 4008 804 4090 proditor
833 4016 889 4070 te
909 4006 1189 4087 adjunge,
1225 4024 1424 4087 neque
1457 4024 1593 4067 cum
1618 4005 1764 4087 ipsis
1787 4006 1852 4068 in
1889 4008 2180 4086 sanguine
2263 4013 2569 4093 gnoscitur
2583 4012 2657 4074 ab
2682 4012 2751 4074 iis
2776 4012 2835 4074 in
2862 4011 3080 4093 quibus
3108 4030 3251 4074 sana
3281 4021 3373 4074 est
3399 4011 3578 4088 ratio,
3612 4020 3672 4074 et
3700 4010 3925 4074 anima

531 4097 844 4161 innocenti
871 4095 1279 4173 communica;
1310 4093 1414 4156 sed
1444 4102 1510 4157 ut
1531 4094 1635 4176 qui
1656 4113 1726 4157 ex
1749 4094 2090 4179 timiditate,
2126 4106 2184 4160 et
2265 4121 2476 4166 sensus
2506 4109 2759 4165 constat.
2795 4100 3006 4165 Cateri
3036 4121 3295 4184 namque
3326 4102 3604 4165 homines
3634 4105 3809 4165 etiam
3841 4101 3918 4163 ad

532 4190 889 4253 infractione
917 4188 1104 4251 animi
1137 4187 1438 4269 paulisper
1466 4195 1763 4269 pastorem
1812 4188 2180 4273 deserueris,
2263 4192 2394 4274 ipsa
2442 4211 2627 4273 opera
2675 4192 3074 4254 discernenda
3122 4192 3344 4273 stupidi
3393 4210 3462 4253 ac
3512 4191 3716 4255 stolidi
3748 4200 3915 4255 sunt.

534 4280 716 4343 ﬁdem
745 4279 809 4342 in
853 4279 1021 4341 illum
1051 4278 1130 4340 de
1158 4278 1391 4357 integro
1421 4276 1678 4340 custodi.
1712 4275 1776 4340 Si
1805 4278 2059 4342 vinculis
2090 4282 2181 4343 le-
2265 4281 2615 4362 Quempiam
2643 4298 2713 4342 ex
2733 4280 2935 4342 inedia
2964 4288 3298 4362 captantem
3331 4299 3534 4343 auram
3568 4279 3923 4363 popularem

535 4369 787 4452 vabitur,
839 4388 909 4432 ac
955 4368 1310 4479 dimittetur,
1361 4368 1606 4479 itterum
1643 4367 1896 4479 accede,
1926 4388 1995 4432 ac
2022 4370 2535 4479 velutDvidentes
2551 4369 3227 4471 commendant-,etcum
3251 4370 3580 4479 humilitate
3598 4369 3925 4469 comeden-

536 4467 857 4541 martyrem
886 4457 1147 4538 amplius
1175 4474 1485 4520 venerare.
1504 4455 1672 4529 Quod
1690 4457 1741 4519 si
1762 4457 1824 4519 in
1847 4459 2181 4522 tentatieni-
2203 4455 2247 4479 ”
2268 4468 2387 4522 tem
2410 4458 3000 4522 damnant.Aliumin
3021 4458 3355 4521 humilitata
3370 4458 3503 4522 cibo
3516 4457 3922 4521 abstinentem

533 4550 647 4613 bus
665 4550 922 4612 animam
943 4545 1299 4622 reddiderit,
1333 4564 1549 4627 corpus
1578 4547 1711 4627 ejus
1738 4546 1870 4609 sine
1898 4554 2058 4610 metu
2079 4567 2183 4610 re-
2267 4568 2376 4631 pro
2408 4550 2727 4630 hypocryta
2757 4548 3022 4625 habent;
3051 4556 3259 4611 contra
3289 4548 3570 4629 ingluviei
3619 4547 3920 4626 deditum,

535 4639 731 4722 quire,
770 4647 830 4704 et
856 4637 1005 4700 illud
1038 4637 1225 4699 multo
1255 4635 1443 4717 magis
1472 4654 1650 4716 quam
1681 4637 1886 4699 vivens
1922 4656 2186 4719 prasens
2266 4637 2969 4719 simplicem,etminime
2992 4638 3054 4699 in
3078 4638 3272 4721 epulis
3301 4646 3641 4701 accuratum
3667 4637 3918 4715 ducunt,

535 4730 1218 4808 honora,unguenloque
1241 4725 2185 4807 delibutum,sumptuosetumu-
2269 4727 2372 4808 qui
2405 4746 2538 4788 cum
2571 4725 2781 4788 crebro
2829 4727 3185 4790 accumbere
3228 4728 3630 4805 delectantur,
3676 4726 3927 4788 vitiosas

534 4819 612 4886 la.
630 4818 980 4899 Quanquam
1002 4815 1163 4878 enim
1196 4832 1319 4876 non
1351 4821 1481 4896 post
1503 4814 1764 4877 triduum
1799 4822 2064 4879 extremo
2088 4818 2186 4880 die
2268 4816 2409 4877 inde
2439 4815 2787 4877 affectiones
2818 4834 2955 4877 suas
2985 4816 3388 4879 consolantes.
3422 4815 3576 4887 Quin
3607 4814 3787 4876 etiam
3820 4832 3923 4876 sa-

537 4908 805 4990 profecto
855 4924 992 4969 cum
1037 4904 1345 4967 universis
1392 4911 1688 4984 resurget.
1736 4905 1927 4968 Crede
1955 4915 2177 4983 autem,
2267 4905 2385 4966 lem
2435 4904 2808 4983 simulantes,
2862 4905 3200 4987 facetasque
3259 4925 3446 4985 nugas
3503 4903 3925 4984 intempestive

536 4998 704 5061 illum
737 5015 873 5059 cum
904 4994 1122 5058 fiducia
1140 5005 1336 5057 astare
1356 4995 1501 5072 Deo,
1526 4994 1762 5056 tametsi
1805 5011 2020 5075 corpus
2052 4997 2185 5076 ejus
2269 4995 2628 5067 etTutientes,
2663 5002 2722 5056 et
2753 4996 3017 5074 gestibus
3047 4996 3351 5059 indecoris
3398 4996 3589 5057 risum
3619 4994 3754 5056 aliis
3783 5011 3922 5055 mo-

535 5087 817 5169 sepulcro
847 5087 953 5148 abs
981 5094 1039 5148 te
1067 5084 1373 5148 conditum
1413 5084 1633 5165 jaceat,
1664 5101 1734 5145 ac
1763 5084 1895 5146 sine
1943 5084 2183 5148 dubita-
2269 5093 2493 5158 ventes,
2527 5083 2688 5146 velut
2716 5085 2815 5165 qui
2859 5103 2965 5166 per
2993 5086 3188 5149 studia
3216 5084 3574 5161 istiusmodi,
3608 5091 3829 5163 gestus,
3865 5091 3927 5144 et

536 5177 702 5241 tione
733 5192 940 5258 preces
965 5174 1239 5255 ejusdem
1269 5191 1546 5256 exposce,
1578 5181 1640 5235 et
1665 5171 2054 5255 opitulabitur
2078 5173 2186 5238 tibi
2266 5191 2579 5237 sermones
2625 5173 2907 5237 virtutem
2954 5194 3148 5242 suam.
3182 5184 3242 5238 et
3271 5176 3526 5233 ἀπάθειαν
3574 5183 3775 5253 tegere
3808 5190 3919 5233 co-

537 5268 658 5345 hic,
674 5275 853 5348 atque
870 5266 934 5328 in
956 5264 1226 5327 adversis
1254 5262 1533 5326 omnibus
1555 5261 1817 5324 tuebitur
1836 5271 1894 5324 te
1916 5282 1950 5325 e
1977 5282 2189 5346 corpo-
2268 5270 2485 5324 nentur
2513 5263 2654 5323 dum
2685 5270 2987 5346 reputant,
3013 5284 3117 5327 eos
3143 5266 3246 5346 qui
3275 5282 3409 5326 cum
3440 5263 3754 5343 religione,
3783 5280 3919 5324 cum

535 5375 603 5420 re
632 5357 1021 5420 excedentem
1047 5353 1332 5435 recepiet,
1364 5363 1769 5435 aternamque
1811 5353 2185 5417 mansionem
2266 5353 2485 5416 virtute
2531 5359 2591 5414 et
2637 5352 3019 5434 simplicitate
3085 5353 3283 5417 cordis
3336 5355 3514 5416 vitam
3574 5351 3920 5430 traducunt,

538 5445 894 5529 praparahit
916 5443 1046 5510 tibi.
1078 5443 1142 5509 Si
1168 5451 1303 5525 post
1316 5442 1519 5507 omnia
1535 5461 1671 5526 qua
1705 5441 1988 5526 diximus,
2013 5462 2185 5506 seor-
2268 5460 2408 5507 vere
2438 5450 2699 5523 sanctos,
2724 5454 2789 5506 ut
2817 5443 3050 5526 aliquos
3068 5445 3146 5509 de
3164 5445 3310 5508 face
3325 5443 3484 5525 vulgi
3505 5441 3667 5505 falsis
3695 5441 3926 5504 ratiun-

618 5615 685 5669 96
708 5618 844 5681 Jan.
875 5630 1007 5692 xm,
1042 5616 1145 5680 18.
1230 5613 1288 5666 2'1
1318 5612 1527 5681 Matth.
1554 5628 1723 5695 xxvr,
1746 5614 1847 5678 2-1.
1933 5613 1993 5665 98
2042 5613 2196 5680 Ibid.
2225 5615 2325 5682 22.
2411 5613 2472 5664 29
2524 5615 2650 5679 Jac.
2700 5629 2786 5692 III,
2820 5618 2880 5679 2.
2967 5614 3022 5659 3°
3067 5615 3276 5680 Matth.
3307 5631 3472 5695 xxvr,
3508 5614 3604 5680 72.

618 5615 844 5681 961m.
875 5630 1007 5692 xm,
1042 5616 1145 5680 18.
1230 5613 1288 5666 97
1318 5613 1527 5681 Matth.
1554 5628 1715 5690 xxvr,
1746 5614 1847 5678 2-1.
1933 5613 1993 5665 98
2042 5613 2196 5680 Ibid.
2225 5615 2325 5682 22.
2411 5613 2472 5664 99
2524 5615 2650 5679 Jac.
2700 5629 2786 5692 Ill,
2820 5618 2880 5679 2.
2967 5614 3022 5659 3°
3067 5615 3276 5680 Matth.
3307 5631 3472 5695 xxvr,
3508 5614 3604 5680 72.
3691 5613 3742 5657 31
3774 5615 3923 5690 Luc,

538 5714 667 5777 nt,
703 5700 804 5761 t9.
887 5696 943 5742 ³³
974 5696 1180 5763 Matth.
1213 5715 1272 5773 v,
1302 5697 1334 5761 1
1371 5714 1546 5779 seqq.
1628 5695 1682 5741 ³³
1707 5694 1859 5759 Ibid.
1891 5712 1997 5775 vn,
2034 5700 2130 5762 15.
