4160 6384
253 331 373 396 433
1724 329 1923 393 ORA']

2008 333 2023 390 l
2064 331 2285 395 XXIV.
3511 336 3631 403 434

250 466 405 529 culis
434 465 761 547 decipiant,
797 463 997 545 iisque
1028 472 1431 528 antevertuut.
1465 463 1685 527 Adhazc
1715 462 1817 526 alii
1839 462 1928 525 lo-
1949 470 1991 520 Α
2013 461 2083 525 Et
2111 464 2303 526 sancti
2333 466 2534 527 Patres
2558 463 2837 528 Ecclesiae
2855 465 3084 529 lumina
3100 486 3172 530 ac
3192 467 3476 549 magistri,
3502 469 3654 533 nihil

251 574 532 633 quacem,
565 562 623 616 et
656 552 1553 643 ostendabuudum,appositum
1584 552 1656 643 ad
1690 551 1917 614 docen-
2001 552 2242 633 scriptis
2264 553 2652 635 mandarunt,
2676 561 2778 616 aut
2805 572 2954 619 voce
2987 555 3342 634 docuerunt,
3367 559 3659 643 quodipsi

252 646 420 719 dum,
454 654 510 705 et
540 643 918 725 spiritualem
958 661 1090 703 esse
1122 642 1503 704 existimant:
1534 642 1912 704 taciturnum.
2005 642 2167 722 prius
2213 643 2365 704 facto
2414 661 2542 704 non
2578 643 2981 724 praetitissent,
3022 653 3079 706 et
3108 645 3210 707 ubi
3241 648 3657 727 praestiterunt,

255 744 315 798 et
335 735 525 795 otiosa
554 732 735 794 verba
756 740 1072 793 caventem
1105 732 1337 808 sedulo,
1372 741 1664 809 agrestem
1705 739 1763 792 et
1794 751 1919 792 mu-
2002 750 2101 793 res
2132 731 2248 793 illis
2278 732 2581 797 successit
2626 753 2695 795 ex
2748 734 3061 797 sententia.
3107 735 3341 797 Etenim
3385 737 3664 820 discipuli

257 832 379 885 tum
414 820 952 903 prouuntiant.A|ii
982 820 1042 881 in
1072 820 1299 900 Spiritu
1324 832 1528 882 sancto
1550 822 1913 901 loquentem.
2003 821 2284 901 magistro
2316 822 2415 884 tali
2448 841 2698 904 operam
2734 822 2965 897 dantes,
3003 824 3076 887 ad
3108 826 3238 906 ejus
3265 826 3662 890 imitationem

257 922 319 975 ut
348 914 464 974 alta
491 910 828 992 sapientem
858 930 927 972 ac
956 910 1285 992 superbum
1316 921 1683 983 aversantur,
1722 910 1919 972 verbis
1999 911 2325 973 incitantur
2351 929 2364 973 ε
2394 931 2504 974 nec
2557 921 2790 974 tantum
2822 930 2893 975 ex
2920 912 3041 975 illis
3068 914 3448 977 sermonibus
3477 916 3661 997 proﬁ-

256 1004 390 1082 ejus
422 1000 659 1064 attoniti
696 999 907 1079 magis,
937 1019 1119 1082 quam
1154 1001 1495 1079 eompuncti
1524 1023 1536 1060 :
1563 1009 1772 1061 natura
1803 1019 1916 1061 au-
2003 999 2191 1073 ciunt,
2239 1010 2524 1082 quantum
2578 1001 2881 1083 praeclaris
2922 1003 3199 1083 ejusdem
3243 1003 3576 1068 actionibus
3606 1015 3665 1069 et

258 1100 408 1168 tem,
444 1098 547 1153 aut
575 1108 644 1152 ex
667 1090 1125 1171 disciplinarum
1159 1089 1371 1171 peritia
1394 1108 1499 1152 ore
1525 1089 1780 1151 rotundo
1799 1087 1920 1150 dis-
2001 1090 2275 1170 exemplo
2308 1090 2381 1151 ad
2447 1091 2727 1153 virtutem
2770 1092 3201 1173 capessendam
3248 1094 3664 1178 exardeseunt,

257 1189 589 1256 serentem,
608 1188 886 1244 etcontra
913 1179 1163 1241 salutem
1187 1197 1352 1241 suam
1379 1179 1791 1255 mentientem,
1812 1197 1914 1240 su-

259 1289 369 1354 pra
400 1271 641 1335 modum
671 1269 1055 1333 commedant
1083 1276 1143 1331 et
1168 1268 1441 1349 probant.
1474 1274 1666 1351 Atque
1686 1269 1766 1329 ita
1783 1268 1919 1331 nul-

260 1363 355 1424 lus
386 1362 542 1423 inter
562 1362 672 1424 hos
697 1367 808 1433 est,
836 1357 937 1439 qui
960 1366 1150 1439 recte,
1173 1366 1236 1421 et
1270 1368 1334 1420 ut
1358 1377 1422 1420 se
1445 1358 1645 1434 habet,
1674 1377 1805 1420 rem
1827 1357 1919 1419 vi-

256 1450 428 1531 dere,
459 1449 913 1530 dijudicareque
956 1446 1162 1528 possit.
1202 1446 1342 1509 Rari
1374 1446 1720 1524 suntenim,
1745 1456 1801 1509 et
1826 1446 1922 1509 his

259 1540 635 1621 temporibus
665 1537 1066 1620 potissimum,
1092 1538 1193 1618 qui
1219 1538 1450 1598 animos
1490 1536 1645 1599 bene
1683 1555 1919 1617 regere,

257 1647 593 1710 eorumque
638 1626 882 1689 morbos
928 1624 1113 1707 probe
1172 1644 1383 1688 curare
1426 1626 1643 1689 sciant.
1686 1625 1926 1706 Jejunia

2006 1185 2065 1240 et
2084 1178 2297 1240 iisdem
2329 1179 2606 1260 vestigiis
2625 1179 2912 1242 incedere
2936 1194 3245 1261 coguntur.
3273 1181 3353 1244 At
3368 1181 3551 1259 enim,
3579 1200 3666 1245 vae

2006 1267 2200 1344 nobis,
2248 1268 2483 1350 fratres,
2527 1288 2664 1331 cum
2713 1269 2774 1331 in
2826 1268 2999 1332 istam
3031 1270 3478 1352 conﬁdenttam,
3512 1271 3658 1334 etin

2008 1358 2116 1419 has
2167 1358 2446 1421 tenebras
2490 1358 3145 1435 monachi-incidimus,
3190 1368 3256 1420 ut
3297 1378 3400 1423 vos
3439 1360 3662 1425 Christi

2009 1465 2148 1509 oves
2178 1447 2309 1509 sine
2341 1447 2573 1511 Christo
2598 1466 2846 1530 pascere
2866 1450 3348 1529 aggrederemnr,
3372 1469 3441 1513 ac
3470 1469 3652 1533 prop-

2008 1548 2100 1598 ter
2119 1536 2507 1619 voluptatem,
2523 1538 2953 1620 commodaque
2970 1538 3259 1619 corporis,
3276 1539 3656 1621 etacquiren—

2007 1624 2144 1687 (lam
2166 1625 2505 1707 pecuniam,
2523 1626 2932 1707 honoremque
2961 1626 3035 1688 ab
3059 1626 3403 1689 hominibus
3429 1628 3537 1708 (vas
3555 1626 3653 1690 ah-

262 1718 522 1792 enim,et
550 1716 781 1797 vigilias
806 1723 862 1778 et
907 1714 1172 1797 speciem
1198 1715 1428 1796 pietatis
1461 1715 1636 1778 multi
1669 1715 1922 1779 fortasse
1945 1784 1979 1798 ἢ
1998 1715 2160 1796 jecto
2206 1715 2350 1777 mihi
2389 1724 2567 1798 atque
2606 1716 2854 1793 misero)
2876 1715 3262 1797 apostolicam
3306 1715 3651 1796 dignitatem

263 1808 641 1884 simularunt,
668 1814 771 1869 aut
793 1806 968 1867 etiam
991 1824 1174 1887 opere
1194 1813 1612 1877 exercuerunt,
1648 1824 1759 1868 nec
1784 1824 1922 1886 pau-

268 1916 337 1958 ca
373 1915 405 1957 e
428 1904 665 1977 pectore
694 1897 1071 1977 depromere,
1127 1902 1189 1957 et
1235 1894 1431 1957 verbis
1466 1895 1688 1977 docere
1718 1894 1920 1976 plures

271 1966 448 2048 facile
482 1994 722 2066 possunt
745 1966 882 2048 :'ast
911 1985 1009 2066 qui
1042 1966 1176 2047 cum
1214 1966 1784 2066 lacrymis’motus'a
1812 2003 1916 2047 ra-

268 2076 434 2139 tione
464 2094 698 2138 aversos
727 2075 1098 2155 exscindant,
1123 2075 1490 2157 virtutesque.
1513 2074 1917 2155 comprehen-

265 2165 422 2227 sivas
455 2165 534 2226 ita
567 2164 908 2245 possideant
940 2172 1004 2227 ut
1036 2164 1105 2225 iis
1135 2164 1379 2245 spoliari
1432 2172 1751 2246 nequeant,
1789 2182 1922 2245 per-

264 2254 540 2317 hensivas
570 2256 650 2317 ita
684 2254 1027 2336 possideant
1072 2262 1135 2314 ut
1185 2254 1260 2315 iis
1313 2254 1557 2335 spoliari
1592 2260 1912 2335 nequeant.

260 2342 544 2425 perpauci
602 2344 1005 2424 reperiuntur.
1058 2342 1324 2406 Virtutes
1394 2340 1921 2424 comprehensivas

256 2434 630 2516 appellamus
680 2432 1103 2515 humilitatem,
1134 2433 1482 2496 vitiosarum
1534 2432 1916 2495 affectionum

253 2523 706 2606 jugulatricem,
750 2531 807 2585 et
841 2522 1102 2586 cwlestis
1130 2532 1310 2604 atque
1352 2521 1639 2602 angelicae
1667 2521 1920 2602 apathiae

262 2611 760 2675 conciliatricem.
815 2614 961 2676 ltem
1012 2612 1382 2687 charitatem,
1431 2630 1561 2692 quae
1612 2628 1915 2692 nunquam

262 2711 403 2778 stat,
430 2719 627 2784 neque
650 2702 833 2778 cadit;
853 2702 956 2765 sed
990 2700 1290 2782 prioribus
1310 2718 1552 2782 semper
1570 2700 1798 2781 adjicit,
1816 2698 1918 2762 de-

262 2791 554 2854 siderium
577 2791 904 2870 desiderio,
937 2809 1203 2853 amorem
1231 2808 1437 2853 amore
1467 2791 1799 2852 cumulans.
1835 2788 1920 2852 Ex

263 2901 382 2964 qua
406 2882 689 2943 discretio
723 2881 976 2954 exsistit,
1011 2900 1145 2960 qua:
1169 2888 1228 2942 et
1259 2881 1544 2962 seipsam,
1581 2888 1640 2942 et
1668 2898 1920 2961 sequen-

262 2979 351 3033 tes
373 2990 438 3033 se
468 2981 632 3034 recta
664 2970 851 3047 ducit,
902 2980 961 3033 et
1003 2970 1158 3032 bene
1200 2969 1584 3052 procedendo
1630 2989 1698 3031 ac
1730 2970 1916 3051 profi-

263 3060 477 3123 ciendo
512 3078 699 3135 mare,
749 3060 907 3142 quod
957 3060 1084 3122 sola
1125 3059 1522 3139 intelligentia
1562 3058 1913 3140 percipitur,

267 3149 513 3229 trajicit;
554 3168 730 3231 quam
765 3162 827 3212 et.
859 3158 918 3210 tu
967 3148 1155 3212 Deum
1210 3166 1461 3231 poscere
1509 3148 1719 3222 debes,
1764 3165 1924 3209 nunc

2004 1805 2362 1868 omnimodis
2379 1823 2686 1868 assumere
2708 1804 3147 1881 contendimus,
3175 1805 3532 1887 illorumque
3556 1824 3655 1888 po-

2003 1902 2274 1957 testatem
2298 1914 2441 1958 auro
2463 1913 2820 1971 mercamur,
2854 1913 2967 1958 nec
2998 1894 3184 1957 Deum
3219 1895 3522 1970 timentes,
3544 1914 3657 1958 nec

2000 1983 2275 2047 homines
2306 2004 2415 2048 nos
2445 1984 2747 2047 intuentes
2775 1984 3039 2047 reveriti.
3070 1989 3152 2046 Ac
3174 1984 3388 2047 solium
3413 1984 3657 2067 quidem

2001 2073 2160 2153 regis
2184 2074 2281 2136 illo
2314 2074 2497 2136 invito
2520 2073 2930 2138 conscendere
2964 2092 3141 2135 nemo
3171 2074 3373 2139 audet.
3403 2073 3519 2137 Sed
3541 2092 3658 2137 ne-

2002 2181 2118 2243 que
2167 2163 2567 2241 grammatici,
2611 2171 2710 2225 aut
2757 2161 3017 2224 rhetoris
3062 2161 3312 2242 alicujus
3360 2181 3659 2245 occupare

2001 2252 2222 2323 locum,
2248 2251 2350 2330 qui
2381 2251 2565 2313 idiota
2593 2252 2690 2323 sit,
2719 2268 2913 2332 neque
2941 2250 3225 2313 audiente
3259 2251 3478 2333 populo
3499 2251 3655 2314 Scri-

2002 2348 2203 2422 pturas
2221 2339 2495 2408 recitare.
2521 2340 2621 2421 qui
2646 2340 2872 2402 litteras
2895 2340 3112 2415 nescit,
3128 2358 3267 2403 cum
3283 2359 3392 2403 nos
3411 2339 3657 2403 interim

2000 2429 2311 2511 apostolici
2360 2431 2627 2492 muneris
2675 2428 3131 2511 amplitudinem
3162 2430 3521 2512 quaerimus;
3555 2440 3657 2493 aut

2002 2520 2179 2583 etiam
2203 2519 2456 2581 delatam
2483 2539 2599 2581 non
2632 2519 2963 2599 rejicimus,
2996 2518 3098 2601 qui
3128 2521 3377 2598 gratiam
3406 2527 3655 2601 aposto-

2001 2610 2193 2671 lorum
2227 2609 2490 2671 nondum
2515 2610 2853 2689 accepimus
2868 2627 3062 2689 neque
3080 2609 3303 2672 fructus
3316 2609 3447 2691 ejus
3471 2609 3532 2671 in
3555 2628 3659 2672 no-

2002 2698 2093 2761 bis
2115 2699 2425 2761 demessos
2447 2699 2807 2780 aSpeximus.
2833 2696 2903 2758 Et
2926 2698 3248 2779 quomodo,
3273 2698 3508 2776 fratres,
3528 2707 3661 2763 tan-

2006 2795 2122 2849 tam
2144 2787 2409 2850 audaciae
2435 2786 2905 2867 magnitudinem
2936 2787 3265 2868 concipere
3290 2806 3410 2850 non
3448 2787 3659 2850 formi-

2002 2877 2263 2940 damus?
2295 2876 2485 2940 Dicite
2531 2876 2703 2950 mihi,
2754 2876 2980 2959 dilecti,
3022 2876 3074 2939 si
3115 2878 3402 2956 frequens
3429 2879 3565 2954 ista,
3604 2885 3663 2941 et

2001 2968 2196 3049 ampla
2224 2966 2428 3029 civitas
2450 2966 2792 3049 quempiam
2813 2967 3148 3042 advocaret,
3175 2985 3249 3030 ac
3278 2967 3546 3031 diceret:
3573 2967 3661 3031 Te

2007 3056 2409 3139 praepositum,
2433 3066 2491 3118 et
2512 3056 2889 3138 imperatoris
2914 3056 3411 3137 protovestiarum
3436 3056 3663 3133 creabi-

2007 3165 2164 3222 mus,
2200 3154 2259 3207 tu
2291 3146 2455 3209 solus
2494 3145 2755 3209 ascende
2797 3146 2859 3208 in
2909 3146 3159 3226 regiam,
3209 3142 3658 3229 ingressusqtip,

267 3239 539 3315 maxime,
562 3259 679 3321 quo
702 3247 938 3301 restuas
963 3238 1295 3301 secundum
1323 3238 1454 3317 ejus
1478 3236 1924 3313 beneplacitum
1943 3263 1984 3314 α
2010 3253 2253 3297 causam
2284 3244 2548 3297 nostram
2579 3235 2734 3316 apud
2765 3235 3187 3317 imperatorem
3210 3236 3665 3319 age,ipsumque

270 3328 580 3390 discernas
600 3337 774 3409 atque
792 3328 1111 3408 dijudices,
1140 3336 1199 3389 et
1218 3327 1295 3388 ita
1317 3328 1554 3389 labores
1574 3326 1926 3389 contendas-

268 3436 408 3498 que,
453 3426 517 3479 ut
559 3417 851 3481 Christum
886 3425 949 3480 et
987 3417 1047 3479 in
1094 3418 1205 3479 hac
1235 3425 1352 3478 vlta
1380 3419 1745 3496 adjutorem;
1777 3424 1836 3477 et
1864 3416 1925 3478 in

273 3513 470 3569 futura
521 3506 803 3570 claritatis
856 3526 980 3569 suae
1022 3508 1382 3588 voluptatem
1430 3506 1655 3569 affatim
1706 3517 1767 3569 et
1816 3504 1926 3567 tibi

263 3596 706 3677 impertientem
740 3596 1031 3659 invenias.
1063 3600 1134 3660 Et
1165 3615 1360 3678 neque
1392 3603 1456 3657 ut
1488 3604 1788 3675 pastorem
1819 3613 1922 3657 se-

268 3686 469 3768 quaris
501 3686 941 3768 lupum,neque
975 3685 1246 3747 morbido
1277 3685 1442 3765 gregi
1476 3692 1531 3747 te
1561 3683 1920 3759 immisceas,

266 3796 458 3858 neque
503 3778 665 3838 solus
714 3794 987 3839 seorsum
1043 3775 1387 3856 reperiare;
1423 3784 1487 3837 ut
1536 3793 1733 3856 neque
1764 3782 1865 3837 aut
1894 3792 1928 3835 a

262 3866 402 3945 lupo
432 3865 771 3928 animarum
806 3864 1136 3946 perditore,
1182 3876 1285 3927 aut
1322 3884 1357 3927 a
1384 3864 1587 3927 bellua
1618 3865 1927 3945 intercep-

263 3964 359 4018 tus
388 3954 766 4037 cnnspiciare
795 3977 810 4032 ;
836 3964 936 4017 aut
966 3955 1083 4016 alio
1114 3964 1291 4036 atque
1321 3954 1437 4018 alio
1472 3955 1685 4017 morbo
1730 3972 1924 4033 aegro-

265 4052 383 4117 tus,
420 4044 755 4106 secundum
801 4044 1060 4107 animam
1108 4043 1412 4117 intereas;
1446 4052 1548 4105 aut
1594 4063 1728 4106 cum
1762 4043 1927 4105 solus

271 4133 594 4208 cecideris,
637 4132 784 4195 illud
844 4132 938 4195 Vcs
985 4133 1047 4194 in
1108 4142 1164 4195 te
1222 4133 1558 4214 quadret?“
1607 4131 1717 4206 Qui
1764 4131 1924 4193 enim

272 4224 429 4285 bono
459 4241 524 4284 se
556 4222 904 4304 praeceptori
958 4222 1292 4297 tradiderit,
1345 4223 1495 4285 nihil
1540 4223 1788 4284 istorum
1819 4241 1927 4283 cu-

272 4312 453 4386 rabit,
503 4313 605 4374 sed
660 4312 1084 4375 sollicitudinis
1139 4330 1377 4393 expers,
1409 4313 1525 4374 vita
1573 4320 1836 4394 peracta,
1870 4311 1931 4373 in

273 4401 511 4467 Christo
538 4403 680 4466 Jesu
712 4401 963 4465 Domino
986 4409 1190 4463 nostro
1224 4401 1563 4464 salvabitur.

824 4490 1112 4556 ORATIO
1166 4491 1375 4558 XXIV.

886 4589 1315 4636 ARGUMENTUM.

277 4653 482 4711 Ducem
515 4654 729 4711 Christi
756 4656 939 4726 gregis
966 4655 1185 4726 ratione
1205 4653 1433 4726 praditi
1469 4654 1931 4726 primumsemet-

344 4726 524 4796 ipsum
573 4723 1238 4799 accurateiconsiderare
1276 4733 1327 4782 et
1373 4723 1934 4799 explorandi-bere;

342 4795 542 4870 quippe
596 4812 758 4870 quem
818 4797 1014 4870 dicere.
1076 4802 1143 4870 et
1184 4805 1408 4869 exsequi
1439 4795 1553 4853 'Dei
1596 4796 1934 4870 uoluntatem

339 4866 553 4942 Semper
600 4866 936 4942 oportet,_et
981 4869 1065 4942 ita
1107 4866 1337 4942 domum
1377 4870 1515 4926 alios
1545 4866 1934 4942 iidipsumuo-

338 4938 466 4996 me
492 4955 600 5011 quo
618 4938 806 5013 sermo
832 4940 1102 4997 d~ctrinw
1138 4941 1258 5013 rjus
1287 4956 1413 5013 cum
1441 4941 1658 5013 urticae
1692 4938 1930 5013 conjun—

341 5018 483 5083 ctus,
515 5012 865 5069 auditoribus
911 5018 1106 5083 gratus
1148 5011 1382 5069 occidat.
1430 5012 1654 5084 Alioqui
1694 5012 1932 5084 salutem

338 5084 449 5141 sibi
497 5100 664 5141 suam
714 5085 828 5156 ipse
892 5082 1071 5150 curet,
1119 5100 1188 5140 ne
1236 5085 1354 5140 tum
1401 5084 1530 5150 sibi,
1568 5082 1704 5140 tum
1730 5082 1929 5154 quibus

334 5161 559 5229 prwrst,
582 5155 876 5228 perniciem
898 5161 1061 5229 atque
1084 5155 1367 5229 interitum
1395 5160 1565 5213 creet.

359 5224 651 5289 Dominus
682 5234 885 5289 noster
930 5224 1105 5289 Jesus
1147 5226 1416 5291 Christus
1449 5244 1567 5292 non
1599 5226 1789 5289 solum
1813 5224 1927 5290 do-

271 5326 509 5379 centem
560 5318 799 5380 beatum
854 5316 1178 5397 praedicat:
1222 5316 1326 5379 sed
1367 5335 1501 5379 eum
1534 5333 1796 5399 quoque,
1828 5318 1926 5397 qui

275 5405 437 5480 fecit,
464 5414 600 5468 ante
619 5424 794 5488 quam
812 5405 1085 5469 doceret:
1104 5405 1689 5489 Beutus,inquit,qui
1708 5406 1855 5484 fecit
1872 5411 1931 5467 et

276 5492 478 5558 docuit
509 5497 608 5559 hic
636 5511 901 5578 magnus
928 5494 1823 5577 vocabiturinregnoctelorum
1840 5494 1927 5557 35.

358 5682 411 5726 3‘
440 5681 618 5747 Eccle
644 5699 728 5761 iv,
766 5683 861 5747 ιΟ.
951 5682 1008 5726 ³⁵
1033 5682 1245 5746 Matth.
1280 5701 1341 5766 v,
1382 5686 1475 5752 19.

2009 3351 2277 3415 precare,
2296 3341 2362 3394 ut
2385 3333 2512 3395 haec
2535 3340 2593 3394 et
2615 3332 2715 3394 illa
2733 3331 2906 3394 nobis
2929 3339 3187 3414 praestet.
3214 3334 3278 3396 Si
3300 3335 3354 3416 is
3377 3335 3661 3416 palatium

2008 3411 2313 3503 nunquam
2343 3420 2707 3497 intravisset;
2741 3422 2849 3484 sed
2884 3411 2999 3485 tam
3030 3421 3178 3503 ipsis
3204 3411 3435 3485 audicis
3459 3425 3661 3486 omni-

2009 3514 2144 3588 bus,
2199 3530 2373 3593 quam
2426 3510 2774 3593 imperatori
2814 3511 3052 3591 ignotus
3100 3520 3279 3587 esset,
3316 3531 3457 3574 num
3507 3512 3661 3575 istuc

2010 3620 2269 3683 unquam
2300 3601 2519 3678 facere,
2553 3609 2651 3662 aut
2678 3600 3027 3679 dignitatem
3062 3602 3231 3663 istam
3263 3600 3419 3664 inire
3470 3601 3654 3664 susti-

2011 3690 2221 3753 neret?
2242 3689 2410 3753 Adeo
2434 3690 2766 3771 projectum
2798 3689 2926 3751 fore
2955 3691 3258 3752 neminem
3284 3709 3495 3753 omnes
3517 3709 3658 3772 pro-

2012 3779 2104 3842 cul
2138 3778 2319 3841 dubio
2351 3777 2697 3855 fatebimur,
2726 3786 2784 3840 et
2814 3796 3091 3842 suasores
3138 3780 3285 3842 istos
3325 3788 3386 3843 ut
3418 3782 3660 3843 insanos

2011 3880 2069 3933 et
2100 3878 2367 3932 amentes
2394 3869 2903 3950 reprehensorum
2936 3877 2994 3931 et
3024 3869 3366 3952 irrisurum,
3399 3869 3660 3951 dignita-

2012 3969 2253 4041 temque
2277 3975 2398 4021 non
2430 3968 2497 4023 ut
2526 3958 2794 4037 honoris,
2823 3958 2930 4021 sed
2960 3966 3025 4020 ut
3053 3959 3392 4036 dedecoris,
3425 3969 3484 4023 et
3514 3978 3660 4041 sup-

2012 4050 2173 4131 plicii
2207 4047 2516 4111 materiam
2548 4048 3023 4128 repudiaturum.
3060 4045 3120 4110 Si
3150 4047 3330 4128 igitur
3376 4049 3438 4111 in
3479 4049 3664 4113 rebus

2011 4137 2288 4202 humanis
2336 4137 2483 4212 haec,
2538 4145 2597 4199 et
2645 4137 2867 4200 similia
2919 4137 3296 4200 committere
3338 4140 3504 4202 nefas
3549 4148 3662 4218 est,

2012 4248 2169 4292 none
2199 4227 2491 4290 horribile
2515 4235 2605 4289 est
2632 4245 2703 4289 ac
2734 4226 2987 4304 videtur,
3013 4226 3249 4303 fratres,
3275 4229 3665 4309 apostolicam

2014 4319 2361 4400 dignitatem
2418 4317 2866 4379 inconsiderate
2925 4316 3252 4398 soscipere,
3287 4325 3346 4379 et
3372 4318 3444 4380 ad
3498 4319 3665 4383 inac-

2015 4409 2294 4474 cessibile
2337 4409 2536 4470 lemen
2582 4407 2897 4483 accedere,
2930 4407 3440 4490 mediatoresque,
3476 4418 3537 4471 et
3562 4410 3661 4472 in-

2014 4507 2309 4582 terpretes
2341 4497 2442 4561 Dei
2475 4504 2535 4559 et
2564 4496 2872 4558 hominum
2906 4496 3086 4558 fieri?
3124 4496 3275 4559 Num
3325 4498 3454 4561 leve
3482 4498 3663 4581 quid-

2015 4591 2175 4663 dam,
2209 4597 2265 4651 et
2300 4586 2651 4668 dispicabile
2682 4588 2861 4668 hujus
2890 4586 2979 4651 rei
3010 4595 3289 4648 conatum
3338 4586 3615 4651 ducimus
3636 4588 3668 4650 ‘I

2016 4682 2173 4746 Proh
2207 4678 2380 4742 dolo!
2416 4678 2651 4753 fratres,
2675 4677 2981 4759 quoniam,
3014 4687 3076 4739 ut
3098 4694 3328 4759 vereor,
3356 4677 3418 4740 in
3447 4697 3666 4760 quam-

2016 4773 2151 4834 dam
2204 4768 2583 4831 tenebrarum
2637 4768 3081 4831 universitatem
3131 4767 3395 4831 devoluti
3425 4787 3658 4849 sumus,

2015 4870 2195 4942 atque
2225 4857 2452 4921 idcirco
2477 4876 2653 4939 quam
2675 4857 2884 4920 audaci
2910 4875 3019 4921 nos
3041 4856 3306 4919 facinore
3327 4857 3665 4921 obstrinxe-

2010 4954 2225 5023 rimus,
2252 4966 2371 5011 non
2400 4945 2860 5010 videmus.Nam
2889 4945 2940 5008 si
2969 4947 3319 5020 viderimus,
3358 4966 3662 5030 nunquam

2014 5059 2085 5104 eo
2115 5036 2487 5117 arrogantiae,
2512 5034 3009 5117 couﬁdentizepue
3042 5035 3572 5116 processissemus,
3601 5044 3667 5099 ut

2013 5129 2229 5192 divinis
2256 5126 2439 5190 rebus
2476 5125 2928 5203 insultaremus,
2964 5127 3309 5207 majoreque
3341 5127 3567 5187 honore
3595 5144 3666 5189 ac

2013 5222 2227 5282 timore
2257 5226 2589 5298 terrenum,
2622 5234 2797 5297 quam
2827 5215 3224 5278 immortalem
3255 5234 3457 5297 regem
3487 5216 3665 5281 Chri-

2013 5317 2167 5372 stnm
2199 5307 2556 5371 coleremus.
2585 5305 2877 5379 Quocirca
2898 5305 3188 5385 nosipsos
3216 5313 3521 5384 excutere,
3555 5324 3665 5369 ex-

2012 5397 2420 5479 aminareque,
2468 5403 2527 5458 et
2554 5395 2630 5458 ad
2662 5396 2821 5459 hunc
2868 5396 3217 5475 magistrum
3261 5395 3508 5476 indigne
3556 5413 3666 5459 co-

2014 5496 2232 5552 nantes
2243 5484 2775 5564 ascendere,omni
2791 5485 3023 5550 ratione
3034 5491 3666 5569 evertere,eoromque
