4160 6404
517 315 636 381 435

1845 317 2146 384 SYMEON
2154 317 2221 383 IS
2259 320 2613 384 JUNIORIS

3805 316 3959 384 436

519 445 785 508 consiliis
814 448 1051 510 obviam
1079 445 1169 509 ire
1203 465 1276 509 ne
1310 446 1677 521 desinamus,
1711 447 1817 510 sed
1860 465 1965 528 pro
2008 446 2159 508 virili
2185 465 2226 504 Α
2249 453 2976 524 tuum,etcommissarum
2999 450 3106 513 tibi
3130 450 3668 532 ovium,vt-lpotius
3693 460 3950 532 patrum

522 543 723 596 nostra
752 537 1018 617 appetitu
1051 536 1266 598 rationi
1293 537 1445 598 haud
1471 544 1870 599 consentanea
1903 555 2007 598 eos
2045 555 2174 617 pro-

526 624 736 688 hibere
764 627 1133 708 studeamus,
1169 635 1233 688 ut
1261 634 1318 689 et
1351 627 1510 708 ipsos
1537 627 1920 688 damnatione
1943 627 2170 687 libere-

526 734 682 790 mus,
713 724 773 777 et
807 736 915 778 nos
947 719 1120 778 vitam
1151 717 1518 778 securiorem
1547 717 1865 796 agitemus.

607 807 792 868 Porro
825 805 924 888 qui
956 805 1018 868 in
1049 813 1240 868 semet
1289 805 1609 884 diligenter
1641 805 1975 886 inquirens,
2013 802 2175 865 omni

525 895 729 972 gloriae
757 895 1059 959 desiderio
1074 895 1353 967 solutum,
1390 915 1500 957 nec
1525 895 1707 956 ullum
1733 896 1790 955 in
1817 913 1880 956 se
1911 893 2174 973 volupta-

527 985 622 1059 tis,
660 993 759 1046 aut
789 980 1054 1067 eorporze
1083 985 1376 1065 cupidatis
1405 984 1718 1064 vestigium
1749 983 1998 1063 invenit,
2033 1001 2172 1044 ava—

523 1073 802 1156 ritiaque,
831 1084 890 1136 et
919 1075 1335 1137 malevolentia
1368 1074 1442 1135 ob
1473 1075 1696 1135 illatam
1733 1073 2008 1152 injurtam
2044 1090 2176 1151 pur-

522 1172 747 1245 gatum,
801 1164 1059 1245 perfecte
1093 1173 1494 1226 mansuetum.
1545 1172 1603 1224 et
1653 1162 1832 1224 irasci
1873 1161 2169 1234 nescium,

525 1260 589 1312 ut
622 1253 748 1313 sola
775 1254 1079 1315 auditione
1123 1255 1383 1314 nominis
1431 1253 1648 1316 Christi
1697 1254 1826 1333 ejus
1875 1270 2074 1313 amore
2106 1269 2173 1310 ac

524 1341 826 1404 desiderio
861 1343 1243 1414 accendatur,
1278 1353 1337 1405 et
1367 1344 1640 1426 opleatur
1671 1344 1965 1424 lacrymis,
2001 1343 2175 1403 etin-

525 1447 708 1509 super
739 1431 1145 1510 proximorum
1179 1432 1304 1492 vice
1343 1432 1562 1511 lugeat,
1596 1431 1911 1512 alienaque
1963 1430 2179 1491 delicta

523 1536 630 1578 sua
659 1520 933 1597 aestimet,
959 1540 1026 1582 ac
1060 1541 1123 1583 se
1157 1524 1442 1598 majorem
1488 1521 1768 1582 omnibus
1803 1529 2177 1601 peccatorem

525 1624 594 1668 ex
625 1609 824 1671 animo
856 1619 1110 1690 reputet,
1139 1630 1207 1672 ac
1241 1618 1561 1692 postremo,
1608 1612 1655 1671 si
1712 1610 1960 1670 uberem
1991 1614 2181 1676 sancti

2257 549 2315 602 et
2339 542 2586 603 fratrum
2615 550 2844 603 tuorum
2873 541 3217 622 perspicere
3245 541 3492 622 poteris,
3515 540 3671 602 bene
3691 541 3830 603 illos
3851 541 3960 602 in-

2259 641 2633 711 ternoscens,
2657 649 2725 691 ac
2751 649 2854 710 pro
2877 650 2946 691 eo
2971 639 3034 690 ut
3065 629 3240 691 decet
3270 629 3638 706 gubernans.
3658 631 3949 691 Ecclesia

2258 720 2442 793 enim,
2487 738 2594 780 seu
2633 727 2963 780 conventus
2993 730 3051 780 et
3075 718 3457 797 congregatio
3483 720 3938 782 monachorum

2257 825 2474 887 corpus
2495 807 2792 888 quoddam
2811 815 2920 880 est,
2941 814 3004 867 ut
3025 806 3197 868 audis
3219 825 3289 868 ex
3317 808 3493 869 Paulo
3508 809 3593 859 35'
3613 807 3688 870 de
3711 807 3940 870 Chris-

2261 895 2557 959 tianorum
2600 896 2889 976 Ecclesia,
2918 895 3130 975 etejus
3173 904 3350 977 caput
3389 896 3760 978 praepositus.
3794 899 3937 959 Jam

2259 985 2766 1066 quemadmodum
2813 993 3031 1046 cmtera
3077 985 3350 1066 corporis
3382 985 3655 1047 membra
3696 986 3946 1065 singula

2259 1092 2528 1136 seorsum
2553 1092 2719 1135 suam
2747 1073 3047 1154 propriam
3071 1073 3434 1138 functionem
3461 1075 3705 1157 habent,
3725 1085 3790 1136 ut
3821 1094 3941 1155 pes

2259 1162 2638 1238 ambulandi,
2669 1182 2880 1224 manus
2917 1163 3163 1225 tenendi
3196 1172 3254 1225 et
3279 1164 3590 1244 operandi,
3621 1173 3799 1246 caput
3831 1184 3944 1227 au-

2261 1262 2380 1313 tem
2415 1252 2594 1314 totius
2625 1255 2816 1314 instar
2843 1263 2957 1329 est,
2980 1260 3183 1332 utpote
3211 1254 3272 1314 in
3300 1273 3414 1334 quo
3448 1273 3656 1316 omnes
3689 1273 3941 1327 sensus,

2261 1350 2319 1402 et
2355 1359 2550 1422 mens,
2599 1350 2657 1402 et
2707 1342 2856 1403 ratio
2909 1341 3218 1417 hibitant;
3267 1342 3351 1403 sic
3383 1341 3529 1404 etin
3565 1344 3942 1404 monasterio

2262 1427 2473 1496 fratres
2505 1455 2622 1496 non
2646 1454 2853 1497 omnes
2886 1436 3109 1509 omnia,
3135 1436 3240 1498 sed
3263 1436 3415 1498 alius
3446 1437 3608 1499 aliud
3635 1437 3938 1519 quiddam

2263 1524 2524 1598 efficere,
2553 1533 2611 1586 et
2649 1525 2708 1585 in
2757 1525 2868 1588 hoc
2909 1525 2999 1585 vel
3047 1525 3148 1586 illo
3203 1526 3544 1590 ministrare
3581 1527 3929 1589 consuevit.

2262 1612 2432 1676 Unde
2456 1613 2515 1674 in
2538 1625 2693 1676 metu
2721 1614 2831 1675 sub
2869 1614 3044 1676 unius
3069 1613 3418 1676 obedientia
3447 1617 3792 1695 degentium
3830 1617 3930 1678 vix

525 1695 783 1789 Spiritus
812 1700 1083 1778 gratiam,
1119 1701 1264 1761 solis
1296 1700 1482 1760 instar
1514 1702 1571 1760 in
1619 1718 1681 1760 se
1725 1698 2070 1789 micantem,
2117 1709 2176 1759 et
2203 1742 2238 1789 Β
2265 1721 2467 1777 unam,
2503 1712 2602 1764 aut
2631 1703 2778 1764 duas
2813 1703 3062 1764 virtutes
3106 1704 3166 1764 in
3212 1705 3422 1766 eodem
3471 1705 3765 1770 invenias.
3793 1710 3929 1771 Nec

523 1785 811 1848 interiora
832 1789 1028 1850 cordis
1051 1790 1180 1868 ejus
1204 1789 1617 1870 perficientem
1644 1790 1825 1861 videt,
1857 1796 1914 1850 et
1939 1788 2037 1848 ubi
2060 1789 2175 1848 mi-
2203 1785 2233 1789 ⁷
2262 1792 2506 1869 mirum,
2546 1792 2811 1854 membra
2845 1795 3004 1854 enim
3052 1794 3449 1873 parltculatim
3485 1805 3621 1857 sunt
3651 1817 3665 1872 ;
3701 1815 3930 1876 przeses

526 1877 795 1938 raculum
826 1878 886 1939 in
917 1897 980 1939 se
1013 1879 1325 1940 manifeste
1366 1879 1698 1960 perpetrari
1731 1878 2172 1948 animadvertit,

525 1974 590 2026 ut
618 1967 821 2029 ardeat
849 1969 1088 2049 quidem
1137 1969 1196 2029 in
1245 1989 1334 2039 eo,
1393 1970 1550 2050 quod
1597 1969 1719 2048 igni
1751 1967 2175 2029 inacccssibilii

526 2056 786 2130 uniatur,
825 2077 941 2120 non
977 2066 1171 2120 autem
1207 2058 1609 2132 comburatnr,
1645 2059 1704 2118 in
1738 2078 1830 2134 eo,
1858 2057 2016 2138 quod
2045 2057 2176 2136 ejus

524 2145 720 2208 anima
753 2148 915 2208 omni
958 2149 1196 2209 turbido
1230 2158 1390 2209 motu
1423 2155 1588 2209 vacet
1615 2167 1645 2210 ε·
1669 2155 1977 2228 praeterea,
2016 2148 2064 2207 si
2093 2147 2176 2207 sic

526 2235 896 2315 humiliatur,
923 2246 984 2297 ut
1005 2255 1068 2298 se
1092 2237 1246 2299 haud
1268 2238 1574 2305 idoneum,
1603 2246 1662 2299 et
1690 2236 2021 2316 indignum.
2055 2238 2171 2297 hn-

529 2343 717 2386 manze
749 2334 971 2388 natum
1001 2327 1408 2389 infirmitatem
1424 2327 1642 2400 sciens,
1673 2327 2018 2396 arbitretur,
2048 2328 2174 2388 tidit

524 2431 664 2474 vero
695 2432 967 2494 supernae
996 2418 1219 2496 gratiae,
1255 2424 1312 2477 et
1339 2416 1677 2497 aptitudini,
1713 2435 1887 2496 quam
1920 2415 2018 2475 illa
2050 2415 2169 2477 lar-

525 2503 705 2582 gitur,
727 2512 785 2565 et
815 2505 1023 2566 eadem
1055 2506 1133 2566 ita
1165 2507 1500 2585 postulante
1535 2525 1752 2567 munus
1784 2505 2059 2566 alacriter
2080 2525 2172 2566 ca-

531 2595 733 2672 pessit,
769 2613 1007 2656 omnem
1055 2597 1371 2657 humanam
1420 2594 1935 2656 ratiocinationem
1976 2599 2176 2673 repel—

528 2681 682 2754 lens,
715 2683 1096 2766 animamque
1128 2685 1314 2766 ipsam
1351 2697 1598 2764 prepter
1640 2684 1834 2745 solum
1860 2682 1967 2743 Dei
2001 2702 2177 2745 man-

2258 1891 2484 1954 antem,
2540 1881 2663 1944 sive
2705 1882 3055 1964 praepositus
3091 1902 3302 1944 omnes
3334 1886 3578 1947 virtutes
3616 1887 3926 1965 poscitur;

2261 1989 2373 2033 nec
2405 1971 2595 2032 solum
2631 1971 2760 2033 illas
2801 1991 2934 2053 quae
2964 1972 3022 2032 in
3055 1972 3274 2050 anima,
3311 1974 3415 2035 sed
3468 1974 3640 2035 etiam
3693 1995 3824 2055 quae
3857 1975 3921 2037 in

2258 2079 2513 2142 corpore
2547 2061 2970 2141 subjuciuntur
3003 2079 3015 2124 :
3074 2069 3131 2122 et
3164 2061 3409 2143 insuper
3439 2082 3571 2124 cum
3605 2064 3930 2126 virtutibus

2263 2150 2390 2229 ipsa
2422 2151 2688 2230 mystica,
2725 2169 3054 2231 magnaque
3106 2151 3487 2212 charismata.
3544 2153 3710 2214 Sicut
3742 2173 3924 2214 nam-

2261 2258 2375 2319 que
2405 2239 2516 2298 viri
2550 2249 2746 2319 (aput,
2777 2239 2850 2299 ab
2874 2249 3114 2300 externa
3143 2238 3632 2315 conformatione,
3655 2240 3923 2302 etdece-

2257 2329 2536 2407 raspccie
2567 2327 3110 2403 eximiam,honore
3132 2328 3366 2406 dignam
3402 2328 3638 2407 praefert
3666 2329 3920 2408 elegan-

2258 2418 2399 2478 tiam
2430 2438 2443 2477 :
2487 2427 2902 2479 verumtamen
2963 2417 3079 2478 nisi
3127 2435 3294 2478 mens
3331 2418 3389 2478 in
3425 2436 3492 2477 eo
3525 2417 3738 2496 vigeat,
3773 2438 3924 2478 sen-

2265 2507 2714 2586 susquesalvos,
2736 2507 3071 2585 etintegros
3093 2505 3326 2583 habeat,
3357 2505 3565 2567 inutile
3589 2507 3925 2586 judicatur,

2265 2595 2690 2675 sperniturque
2722 2595 2794 2656 ab
2829 2595 3107 2656 omnibus
3144 2617 3155 2654 :
3192 2595 3274 2656 ita
3315 2614 3458 2656 sane
3490 2604 3548 2656 et
3581 2595 3923 2675 praefectus.

2266 2684 2393 2746 Non
2454 2685 2612 2746 enim
2678 2685 3086 2746 tantummodo
3143 2683 3217 2746 ab
3276 2683 3492 2744 animm
3544 2692 3602 2744 et
3651 2685 3930 2764 corporis

528 2770 755 2844 datum,
781 2773 1258 2854 eharitatemque
1292 2773 1546 2853 proximi
1572 2791 1677 2853 pro
1705 2770 1982 2832 fratribus
2010 2774 2184 2835 morti
2270 2773 2514 2834 deibus
2545 2774 2747 2834 ornari
2778 2784 2836 2835 et
2867 2774 3120 2852 fulgere,
3163 2792 3369 2835 verum
3421 2773 3597 2834 etiam
3629 2791 3663 2834 a
3693 2773 3926 2834 charis-

529 2858 787 2938 objectat
817 2880 830 2924 :
870 2863 920 2923 si
946 2863 1193 2943 insuper
1227 2870 1485 2922 mentem
1510 2862 1672 2923 omni
1705 2860 2001 2921 mundana
2018 2861 2185 2940 cogi-
2272 2862 2445 2924 matis
2468 2862 2882 2943 spiritualibus
2904 2864 3034 2944 plus
3055 2862 3356 2924 honestari
3381 2861 3598 2925 debet:
3628 2863 3925 2943 siquidem

530 2950 753 3012 latione
780 2952 1110 3014 immunem
1142 2951 1340 3032 habet,
1373 2959 1432 3012 et
1469 2950 1666 3012 lucida
1699 2949 2050 3011 humilitatis
2084 2962 2181 3013 tu-
2209 3025 2239 3032 _
2271 2951 2434 3014 aliud
2494 2967 2577 3013 esu
2639 2953 2851 3028 virtus,
2909 2960 2969 3014 et
3009 2951 3170 3013 aliud
3221 2953 3542 3014 charisma.
3591 2951 3925 3014 Virtutibus

531 3037 666 3100 nica
695 3049 1012 3121 coepertus
1044 3049 1154 3115 est,
1191 3049 1251 3102 ut
1282 3025 1386 3119 ega
1408 3040 1711 3119 adjutores
1743 3057 1882 3100 suos
1913 3057 2022 3100 nec
2049 3059 2180 3099 mn-
2202 3025 2240 3075 ο
2267 3043 2424 3102 enim
2462 3041 2658 3103 studio
2691 3061 2757 3103 ac
2791 3025 3101 3121 diligentia
3145 3051 3348 3102 nostra
3391 3049 3555 3102 recte
3600 3041 3922 3120 fungimur,

530 3125 663 3224 tice
721 3130 1057 3224 efficiatur,
1096 3131 1201 3224 sed
1263 3131 1393 3224 pari
1455 3130 1740 3204 bonitate,
1795 3129 2076 3205 candore,
2125 3139 2183 3224 et
2266 3139 2325 3191 et
2375 3131 2698 3224 nos_tri_ra3
2749 3130 3054 3224 laboribus
3097 3139 3564 3210 comparantur:
3601 3131 3930 3224 spiritualia

529 3216 872 3282 ihnoccntia
894 3220 1094 3283 cordis
1114 3220 1237 3282 suis
1259 3221 1319 3281 in
1345 3237 1556 3281 omnes
1576 3227 1702 3295 est;
1729 3237 1838 3280 nec
1878 3226 2017 3279 tunc
2041 3219 2178 3300 qui-
2265 3238 2403 3280 vero
2435 3219 2799 3281 charismata
2829 3220 2987 3281 dona
3016 3229 3152 3281 sunt
3208 3238 3338 3298 qua:
3370 3219 3784 3282 certantibusa
3808 3222 3926 3282 Deo

528 3307 666 3368 dem
692 3307 838 3372 citra
877 3309 1058 3391 patris
1081 3311 1169 3372 sui
1193 3310 1509 3372 consilium
1548 3328 1619 3369 ac
1644 3308 2000 3369 voluntatem
2037 3328 2178 3386 pro—
2265 3308 2505 3371 dantur.
2544 3308 2729 3370 Verbi
2762 3329 2961 3382 causa,
3008 3308 3327 3390 jejunium,
3361 3318 3417 3370 et
3459 3309 3701 3370 castitas
3733 3309 3924 3371 virtu-

527 3396 782 3460 vinciam
815 3400 1121 3481 suscipere
1151 3400 1366 3462 audeat
1403 3421 1415 3463 :
1452 3398 1557 3460 sed
1591 3397 1866 3459 humiliet
1895 3415 1982 3471 se,
2018 3407 2074 3458 et
2107 3418 2176 3460 eo
2267 3413 2354 3466 tes
2386 3407 2546 3474 sunt,
2595 3399 2861 3460 marcida
2912 3399 3130 3460 etenim
3180 3399 3442 3460 reddunt
3481 3399 3830 3479 voluptates,
3868 3406 3928 3459 et

527 3487 686 3550 bene
706 3499 986 3567 precante
1009 3490 1376 3570 jubenteque
1414 3489 1470 3550 id
1494 3488 1693 3559 faciat,
1724 3487 2177 3567 praefecturam-
2271 3486 2552 3566 conparis
2584 3487 2871 3549 incendia
2904 3495 3293 3568 compescunt
3326 3508 3339 3547 :
3375 3505 3506 3568 quze
3529 3487 3768 3567 quidem
3800 3505 3933 3548 nos-

529 3597 644 3658 que
684 3578 758 3640 ob
808 3581 994 3642 solem
1047 3580 1294 3642 fratrum
1326 3579 1576 3640 salutem
1609 3574 2117 3656 accipiat.Verum
2139 3578 2188 3639 si
2276 3585 2379 3638 trze
2409 3579 2733 3639 voluntatis
2765 3585 2824 3639 et
2855 3582 2938 3639 art
2968 3577 3088 3638 itrii
3117 3595 3300 3658 opera
3331 3595 3486 3638 sunt.
3516 3581 3597 3639 At
3627 3595 3763 3637 vero
3797 3577 3926 3638 sine

530 3676 762 3748 patrem
801 3687 975 3731 suum
1007 3669 1374 3750 spiritualem
1408 3668 1682 3748 ejusdem
1729 3665 1972 3746 spiritus
1997 3667 2186 3746 parti-
2273 3666 2620 3741 afflictione,
2672 3685 2740 3728 ac
2789 3667 2990 3728 labore
3043 3667 3148 3727 has
3199 3684 3502 3740 exercere,
3538 3674 3597 3727 et
3625 3667 3696 3725 ad
3745 3665 3928 3726 casti-

529 3761 747 3844 cipem,
785 3770 846 3826 et
879 3763 1090 3825 eadem
1146 3763 1491 3842 cognitione
1545 3779 1614 3822 ac
1663 3761 1819 3821 dono
1881 3760 2185 3838 dignatum
2279 3756 2563 3834 moniam,
2595 3757 3044 3837 absolutamque
3097 3755 3618 3844 perturbationum
3666 3755 3930 3817 vacuita-

530 3851 716 3932 novit,
743 3859 936 3914 utnon
976 3851 1191 3914 divinae
1231 3850 1518 3913 voluntati
1577 3848 1900 3928 contraria,
1945 3848 2048 3909 sed
2089 3867 2188 3910 se-

535 3941 797 4002 cundum
830 3944 1024 4022 ipsum
1065 3941 1288 4003 donum
1325 3950 1380 4002 et
1415 3957 1758 4002 mansuram
1809 3938 2078 4018 loquatur
2111 3937 2188 4014 ei,

533 4049 666 4110 qua:
698 4029 818 4091 Deo
851 4031 1108 4112 placent,
1137 4040 1194 4092 et
1238 4031 1371 4110 ejus
1403 4029 1620 4092 anima;
1670 4027 2028 4101 conducant,
2075 4047 2192 4108 quo

533 4138 651 4180 non
687 4122 832 4195 Deo,
856 4122 959 4183 sed
985 4121 1216 4183 homini
1240 4120 1530 4183 obediens
1554 4117 1989 4198 inveniatur,et
2007 4117 2194 4196 gloria

534 4209 871 4291 collatoque
898 4211 1014 4273 sibi
1057 4213 1214 4273 dono
1262 4218 1534 4272 exuatur.
1571 4208 1630 4271 Si
1673 4209 1832 4268 enim
1860 4207 2194 4287 adjutorem

537 4299 1243 4382 bonum,etspiritua|em
1263 4297 1981 4369 consiliaruminvenerit,
2012 4298 2195 4358 tutius

533 4389 686 4452 istnc
708 4411 924 4453 munus
943 4391 1373 4472 auspicabitur,
1396 4398 1452 4452 et
1477 4387 1761 4450 humilius
1775 4387 1848 4450 de
1870 4406 1934 4449 se
1952 4387 2189 4449 sentiet.

530 4479 670 4542 Haec
697 4479 896 4559 itaque
926 4481 1127 4542 omnia
1161 4487 1220 4542 et
1253 4480 1345 4541 bis
1397 4480 1565 4560 plura
1613 4476 1662 4537 si
1712 4475 1921 4536 videns
1951 4476 2190 4551 viderit,

531 4587 671 4632 vere
702 4569 990 4644 inveniet,
1020 4577 1075 4632 et
1109 4587 1215 4650 per
1233 4568 1498 4649 seipsum
1538 4572 1880 4646 cognoscet,
1918 4565 2036 4625 into
2056 4584 2192 4626 vero

539 4677 574 4721 a
597 4656 736 4721 Sole
760 4658 1007 4739 justitiae
1035 4658 1250 4730 discet,
1283 4658 1334 4718 si
1361 4657 1514 4718 forte
1547 4655 1725 4718 etiam
1757 4655 1817 4716 in
1851 4655 2036 4715 solem
2079 4654 2192 4715 ali-

537 4748 774 4830 quando
806 4749 1012 4810 oculos
1040 4747 1316 4809 intendit.
1346 4745 1513 4819 Quod
1562 4745 1613 4806 si
1661 4763 1792 4825 quae
1823 4750 2191 4822 praetextun-

538 4843 635 4899 tur
667 4837 806 4899 talia
835 4847 895 4900 et
925 4844 1040 4898 tam
1073 4836 1340 4898 difﬁcilia
1371 4843 1528 4910 sunt,
1565 4852 1678 4896 nec
1702 4833 1872 4894 facile
1901 4840 1990 4893 est
2019 4831 2195 4893 intel—

536 4927 743 5006 ligere,
792 4926 1091 5008 quomodo
1150 4925 1478 4987 secundum
1539 4924 1690 4985 Dum
1751 4922 2190 5001 fiant,'_'quanto

535 5016 776 5078 tandem
832 5015 1139 5096 operosior
1185 5017 1298 5076 erit
1347 5014 1434 5076 rei
1493 5013 1681 5094 ipsius
1738 5010 2074 5090 aggressio,
2136 5017 2195 5072 et

535 5105 993 5179 administratio,
1012 5113 1070 5166 et
1085 5105 1154 5167 ad
1181 5103 1536 5166 tcntationes
1557 5101 1932 5163 sutferendas
1964 5099 2192 5179 patien-

538 5196 643 5273 tia,
664 5196 802 5258 etin
829 5195 1000 5258 bellis
1023 5192 1358 5255 istiusmodi
1391 5191 1782 5254 subtilissima
1819 5189 2188 5270 dijudicatio.

616 5285 832 5366 Quare,
868 5293 1036 5365 pater
1081 5283 1406 5364 spiritualis
1439 5282 1618 5345 etiam
1656 5288 1832 5361 atque
1878 5279 2053 5340 etiam
2089 5297 2194 5340 eor

540 5385 703 5437 tuum
722 5372 1260 5455 inspecta,oculum
1274 5372 1455 5434 animi
1471 5371 1556 5432 tui
1574 5370 1760 5448 magis
1781 5386 2020 5449 semper
2034 5368 2184 5443 lava,

536 5482 869 5546 purumque
901 5473 957 5527 et
988 5463 1275 5526 mundum
1307 5479 1619 5538 conserva,
1647 5479 1754 5542 per
1785 5477 1963 5542 quem
1997 5467 2054 5520 et
2077 5477 2186 5520 cor

617 5633 672 5678 ³⁵
697 5633 874 5699 Rom.
901 5651 1004 5712 xu,
1040 5635 1076 5699 4
1107 5651 1277 5716 seqq.
1361 5632 1416 5678 ³6
1445 5630 1597 5694 Psal.
1631 5647 1834 5708 LXXVI,
1871 5629 1970 5692 11.

2281 3854 2399 3906 tem
2425 3846 2761 3926 pervenire,
2793 3847 2904 3907 hoc
2935 3846 3156 3905 donum
3187 3843 3316 3919 Dei,
3346 3852 3402 3905 et
3435 3844 3732 3905 charisma
3764 3863 3922 3905 sum-

2279 3955 2438 3996 mum
2473 3943 2581 3998 est.
2616 3934 2895 4007 Rursum,
2939 3933 3062 4008 ira,
3108 3942 3165 3994 et
3194 3933 3708 3995 excandescentia:
3739 3935 3927 4014 impe-

2277 4043 2433 4099 rare,
2468 4023 2663 4103 magni
2704 4023 3054 4085 certaminis
3105 4029 3216 4097 est,
3270 4022 3610 4102 laborisque
3644 4041 3761 4082 non
3795 4041 3921 4084 me-

2278 4113 2520 4174 diocris.
2554 4113 2636 4174 Eo
2658 4120 2853 4174 autem
2882 4111 3106 4192 venire,
3136 4121 3198 4172 nt
3218 4111 3289 4172 ab
3321 4113 3413 4172 his
3437 4121 3658 4172 motum
3689 4111 3912 4172 nullum

2278 4202 2520 4279 sentias,
2582 4210 2640 4264 et
2680 4201 2879 4264 cordis
2923 4200 3436 4282 tranquillitatem,
3474 4201 3911 4282 perfectamque

2281 4293 2801 4354 mansuetudinem
2852 4290 3186 4372 possideas,
3247 4290 3432 4351 solius
3490 4289 3598 4351 Dei
3655 4309 3829 4370 opus,
3871 4300 3926 4352 et

2278 4383 2434 4444 illius
2464 4385 2685 4445 dextrae
2739 4382 2981 4444 mutatio
3013 4390 3102 4442 est
3128 4382 3213 4444 56.
3261 4383 3546 4461 Rursum,
3583 4382 3923 4463 dispergere

2278 4492 2346 4534 ac
2377 4473 2742 4534 distribuere
2773 4471 3078 4534 facaltates
3109 4491 3318 4532 omnes
3352 4471 3738 4552 pauperibus,
3767 4491 3924 4534 men-

2276 4563 2598 4644 dicumque
2643 4562 2795 4638 fieri,
2829 4570 2889 4624 et
2917 4562 3136 4641 stipem
3168 4580 3403 4640 cogere,
3448 4561 3633 4623 nostri
3666 4571 3755 4622 est
3787 4581 3922 4642 pro-

2279 4652 2454 4733 positi
2477 4667 2656 4733 atque
2691 4652 2948 4712 consilii.
2974 4651 3090 4712 Sed
3124 4650 3272 4711 nihil
3305 4651 3759 4731 concupiscere,
3787 4652 3924 4732 quin

2276 4761 2410 4804 cum
2455 4742 2670 4822 gaudio
2719 4749 2778 4802 et
2819 4741 3121 4821 voluptate
3168 4739 3571 4802 mendicitatis
3609 4740 3922 4804 durissima

2277 4832 2542 4910 perferre
2589 4830 2995 4907 incommoda,
3033 4829 3280 4909 mystica
3309 4828 3604 4910 quaedam,
3641 4839 3698 4890 et
3727 4829 3918 4891 divina

2276 4921 2540 5002 operatio
2575 4927 2684 4983 est.
2732 4919 2830 4983 Sic
2869 4917 3149 5000 quaelibet
3176 4917 3332 4980 actio
3365 4918 3519 4979 bona
3558 4928 3617 4981 et
3649 4920 3915 4996 honesta,

2276 5011 2605 5072 secundum
2631 5009 2736 5073 Dei
2759 5010 2952 5089 legem
2995 5007 3491 5088 suscepta,virtus
3525 5007 3767 5069 dicitur.
3802 5014 3914 5070 Ta-

2279 5118 2414 5161 men
2470 5099 2625 5162 sicut
2670 5099 2931 5180 agricola
2983 5099 3174 5159 solum
3228 5098 3477 5172 arando,
3527 5097 3830 5174 fodiendo,
3863 5113 3919 5161 et

2276 5188 2506 5252 semina
2537 5190 2713 5250 homo
2745 5187 3055 5249 obruendo
3080 5186 3332 5258 laborat,
3361 5186 3468 5248 Dei
3490 5195 3687 5247 autem
3715 5207 3918 5248 munus

2277 5286 2386 5354 est,
2420 5286 2483 5340 ut
2505 5279 2715 5340 eadem
2749 5277 2975 5337 semina
3003 5275 3547 5356 comprehendant,
3574 5285 3633 5336 et
3673 5277 3913 5339 fructum

2272 5368 2463 5429 ferant
2509 5370 2868 5430 matutinum.
2915 5385 2982 5427 ac
3024 5365 3353 5426 serotinum
3391 5387 3403 5426 :
3441 5364 3521 5426 ita
3551 5375 3607 5426 et
3641 5366 3698 5426 in
3743 5366 3919 5446 spiri-

2272 5458 2526 5521 tualibus
2552 5457 2798 5521 omnino
2827 5455 3146 5518 usuvenire
3174 5455 3818 5537 comperies.Noslrum
3837 5462 3919 5517 est
