4160 6376
336 325 450 392 43Ἰ

1770 329 2054 394 ORATIO
2096 331 2316 394 XXIV.

3626 325 3745 392 438

337 461 558 524 nullam
607 463 900 524 actionem
950 464 1387 546 subterfugere,
1423 476 1480 530 et
1510 488 1644 532 cum
1676 454 1879 530 labore
1928 485 1997 527 ac
2020 473 2062 523 Α
2085 463 2380 545 perfectos
2423 462 2709 540 reddens,
2746 463 2974 526 nemini
3005 464 3067 525 in
3098 463 3221 528 ullo
3253 464 3558 542 cedentes,
3591 470 3745 526 totos

338 551 555 613 sudore
588 551 868 613 virtutum
895 562 1226 616 sementem
1261 556 1455 620 facere
1483 577 1496 622 :
1533 559 1637 622 Dei
1671 558 1854 620 solius
1885 556 1990 617 do-

340 661 476 702 num
509 650 564 703 et
597 643 1012 704 misericordia
1044 653 1104 705 ut
1127 645 1322 708 imber
1343 667 1578 727 quoque
1604 647 1989 721 benignitatis

342 733 492 811 ejus,
516 732 797 808 ctgratia
831 741 1047 794 terram
1075 735 1344 796 cordium
1387 749 1726 798 nostrorum
1760 737 1985 815 irriget,

341 831 398 883 ct
439 840 508 883 ex
567 822 758 882 sterili
821 823 1160 901 frugiferam
1219 825 1484 888 efﬁciat:
1534 836 1596 886 ut
1646 827 1694 887 si
1744 844 1988 905 granum

339 910 659 991 sermonis,
695 913 850 992 quod
899 911 956 973 in
998 913 1227 974 animas
1272 923 1474 976 notras
1504 915 1742 989 cecidit,
1779 915 1993 975 divina

341 1000 673 1062 clementia
728 1004 1037 1063 humorem
1098 1004 1428 1085 acceperit,
1487 1005 1743 1077 oriatur,
1809 1014 1986 1085 atque

340 1097 638 1170 augescat,
674 1101 734 1152 et
769 1110 828 1152 in
883 1091 1159 1153 arborem
1209 1111 1516 1173 proceram
1571 1101 1894 1168 excrescat,
1928 1093 1990 1154 in

341 1179 576 1240 virilem
629 1179 906 1242 videlicet
964 1181 1393 1260 perfectionem
1454 1200 1752 1244 mensura
1807 1184 1994 1245 atatis

346 1267 732 1349 plenitudinis
763 1267 978 1332 Christi
997 1272 1084 1334 37.

425 1357 510 1420 Te
541 1358 710 1440 igitu,
746 1367 1043 1439 pastorem
1077 1359 1272 1423 ovium
1308 1361 1522 1425 Christi
1562 1359 1723 1422 omni
1759 1360 1995 1440 virtute,

343 1459 403 1511 ut
431 1448 689 1509 diximus
711 1467 826 1529 qua
854 1449 1123 1530 spiritus,
1153 1469 1269 1532 qua
1294 1451 1564 1530 corporis
1593 1450 1988 1530 conspicuum

345 1557 478 1601 esse
509 1548 766 1618 opm‘tet,
793 1547 856 1600 ut
877 1549 1056 1620 caput
1082 1541 1299 1622 reliqui
1330 1540 1637 1622 corporis;
1671 1539 1804 1620 ejus
1828 1557 1988 1601 nem-

345 1648 416 1709 pe
441 1648 573 1710 qua
605 1628 711 1689 tibi
737 1628 940 1690 subest
961 1630 1261 1692 lsraelitia
1293 1630 1574 1692 Ecclesia
1601 1651 1613 1692 :
1639 1649 1754 1711 quo
1785 1629 1993 1690 fratres

349 1729 622 1800 tanquam
658 1717 716 1778 in
749 1719 1133 1800 archetypum
1161 1719 1444 1782 bonitatis
1481 1720 1541 1781 in
1577 1728 1632 1781 te
1667 1719 1989 1793 intuentes,

2071 565 2284 632 castos,
2331 566 2392 620 et
2439 577 2472 619 a
2514 556 2777 619 sordidis
2829 556 3115 639 operibus
3145 575 3326 639 puros
3357 557 3592 622 Christo
3623 563 3734 620 tuo

2072 647 2370 720 offerens;
2404 655 2579 727 teque
2625 645 2823 726 ipsum
2873 646 3102 727 magnis
3151 647 3212 708 in
3255 645 3600 710 coelestibus
3621 665 3727 710 re-

2075 737 2596 798 munerationibus
2627 735 2868 814 dignum
2914 735 3260 814 prastabis,
3282 735 3727 798 contubernalis

2073 825 2482 906 apostolorum
2534 834 2590 886 et
2642 835 2944 905 pastorum
3007 824 3226 888 Christi
3284 825 3494 907 factus,
3527 835 3585 887 et
3612 843 3732 887 una

2073 933 2209 988 cum
2241 914 2367 994 ipso
2398 913 2505 975 Dei
2534 913 2686 975 Filio
2722 913 2784 975 in
2815 912 3050 976 infinita
3078 915 3292 976 sacula
3340 921 3720 994 regnaturus.

2154 1001 2286 1064 Vita
2315 1012 2413 1064 tua
2443 1002 2762 1084 inculpata,
2799 1011 2857 1064 et
2886 1011 3048 1065 recta
3097 1003 3156 1064 in
3214 1004 3410 1066 medio
3453 1003 3725 1078 fratrum,

2074 1111 2143 1155 ac
2205 1099 2438 1173 patrum
2486 1101 2718 1154 turrum
2781 1111 2885 1173 pro
2939 1111 3168 1155 canone
3220 1111 3323 1154 seu
3375 1094 3579 1175 regula
3607 1099 3736 1154 esto

2079 1181 2405 1264 proposita,
2449 1181 2521 1243 ad
2568 1200 2744 1262 quam
2779 1181 3030 1245 aliorum
3062 1181 3464 1264 obliquitates,
3501 1191 3736 1245 tortuo-

2079 1272 2404 1353 sitatesque
2453 1269 2805 1350 dirigantur.
2861 1269 2948 1333 Ne
3005 1271 3327 1333 vanitatum
3387 1270 3596 1333 mundi
3652 1269 3736 1333 sis

2079 1379 2309 1440 amans,
2360 1379 2436 1422 ne
2484 1361 2710 1440 gloria,
2742 1379 2817 1424 ne
2848 1362 3181 1442 voluptatis,
3235 1380 3310 1425 ne
3361 1377 3733 1436 mensarum,

2082 1469 2158 1512 ne
2190 1449 2334 1512 vini.
2368 1449 2452 1512 Ne
2482 1449 2564 1511 sis
2595 1459 2864 1528 nugator,
2899 1459 3000 1511 aut
3022 1449 3315 1530 scurrilis,
3348 1457 3447 1511 aut
3468 1468 3680 1512 avarus
3715 1467 3729 1511 :

2077 1558 2152 1602 ne
2182 1539 2524 1617 iracundus,
2565 1559 2641 1600 ne
2673 1540 2868 1601 inanis
2912 1540 3122 1621 gloriae
3171 1540 3442 1621 cupidus,
3478 1557 3556 1602 ne
3585 1557 3739 1602 con-

2080 1628 2454 1699 tumeliosus,
2519 1648 2594 1690 ne
2645 1629 2882 1709 injuria
2932 1647 3182 1710 memor,
3227 1637 3288 1692 et
3347 1629 3568 1691 malum
3631 1646 3739 1710 pro

2082 1721 2238 1780 malo
2260 1719 2633 1799 rependens:
2670 1719 2774 1780 sed
2797 1726 2922 1780 esto
2947 1719 3145 1799 potius
3175 1737 3423 1800 pauper,
3458 1717 3736 1798 gloriam,

350 1809 458 1890 ipsi
505 1827 739 1889 quoque
771 1807 981 1881 bonos,
1015 1829 1084 1870 ac
1115 1813 1344 1889 regales
1390 1811 1768 1872 characteres
1816 1827 1991 1890 quam
2026 1846 2062 1894 Β
2087 1827 2445 1889 omnemque
2475 1808 2608 1870 vita
2639 1809 2813 1888 hujus
2837 1809 3226 1889 voluptatem,
3260 1822 3318 1870 et
3350 1807 3548 1869 carnis
3579 1806 3738 1869 deli-

358 1898 610 1958 maxime
640 1897 879 1958 sibimet
909 1898 1268 1980 insculpunt.
1294 1898 1379 1962 Ne
1405 1919 1544 1978 ergo
1566 1897 1703 1960 tuba
1720 1915 2002 1960 resonare

357 1989 416 2048 in
450 1996 503 2048 te
533 2006 784 2067 unquam
820 1987 1053 2049 desinat
1085 2007 1098 2051 ε
1136 1989 1238 2050 sed
1273 1989 1406 2050 aliis
1428 1988 1674 2070 quidem
1697 1995 2001 2048 venturam

357 2094 555 2155 super,
609 2075 1042 2149 inobcdientes,
1106 2087 1161 2138 ct
1220 2077 1562 2158 prafractos
1593 2077 2000 2157 rhomphaam

356 2165 732 2245 praenuntia:
769 2174 824 2227 et
873 2168 922 2228 si
973 2167 1077 2228 tibi
1142 2187 1175 2227 n
1208 2187 1257 2227 in
1317 2168 1789 2247 obtemperetur,
1845 2174 2000 2226 tuam

351 2257 558 2318 saltem
592 2275 626 2316 a
656 2255 908 2317 terribili
959 2257 1049 2317 ira
1096 2256 1204 2319 Dei
1257 2275 1461 2318 serves
1501 2255 1782 2317 animam.
1843 2255 2004 2318 Alios

349 2352 544 2407 autem
576 2344 858 2420 admone,
914 2346 1086 2419 doce,
1139 2366 1300 2426 roga.
1337 2345 1394 2408 Si
1430 2345 1530 2427 qui
1566 2345 1867 2406 interdum
1900 2361 2000 2408 re-

351 2433 854 2515 pzehensionibus
893 2443 950 2496 et
987 2435 1503 2516 objurgationibus
1560 2441 1795 2514 egeant,
1851 2432 2006 2494 insta

348 2532 705 2605 opportune,
761 2524 1126 2605 importune,
1172 2544 1380 2604 argue,
1434 2525 1705 2604 increpa,
1759 2530 2007 2584 conatus

348 2632 556 2674 eorum
571 2613 640 2673 ad
663 2614 882 2674 malum
909 2615 1259 2694 comprime,
1283 2621 1346 2674 ut
1373 2613 1475 2674 tibi
1505 2613 1749 2674 mandat
1770 2611 2007 2673 divinus

347 2702 666 2782 Apostolus
686 2703 766 2762 58.
807 2701 1052 2764 Viscera
1101 2712 1198 2764 tua
1242 2701 1520 2763 erunibus
1565 2700 1854 2762 fratribus
1890 2699 2008 2760 tuis

346 2791 654 2872 aqualitar
683 2792 872 2874 aperi,
901 2801 1207 2873 totumque
1241 2792 1557 2870 collegium
1581 2790 1783 2869 dilige,
1819 2799 1876 2850 et
1901 2789 2008 2850 ho-

350 2899 558 2942 norem
595 2881 812 2962 cuique
847 2901 952 2962 pro
977 2883 1262 2962 dignitate
1295 2881 1605 2962 (quantum
1628 2879 1856 2940 scilicet
1881 2879 2009 2958 ejus

349 2971 533 3032 virtus
558 2971 844 3052 meretur)
871 2971 1089 3041 tribue,
1110 2971 1401 3051 spirituali
1427 2989 1494 3030 ac
1519 2971 1729 3030 virtute
1762 2967 2010 3049 pradito

2086 1897 2208 1958 cias
2259 1897 2396 1958 odio
2455 1897 2701 1970 habens,
2762 1897 3022 1959 demisso
3067 1895 3286 1972 animo,
3340 1895 3604 1976 frugalis,
3667 1894 3742 1956 ad

2087 1985 2606 2067 compunctionem
2641 1985 2855 2061 facilis,
2892 1985 3179 2066 placidus,
3229 1992 3596 2058 mansuetus,
3633 2001 3741 2046 ex-

2089 2093 2225 2156 pers
2257 2074 2378 2136 ira.
2417 2094 2535 2136 non
2559 2093 2790 2149 avarus,
2815 2073 3172 2146 incuriosus,
3196 2073 3434 2154 quietus
3456 2073 3745 2135 decenter

2087 2164 2354 2238 vestitus,
2382 2164 2634 2242 patiens,
2670 2164 2886 2244 ﬁde'is,
2919 2166 3253 2234 continens,
3290 2162 3421 2223 sine
3453 2160 3744 2224 sollicitu-

2089 2252 2254 2329 dine,
2287 2252 2560 2332 vigilans,
2597 2252 2874 2331 diligens,
2907 2251 3239 2326 amulator,
3289 2249 3740 2312 commendata-

2087 2361 2218 2403 rum
2261 2341 2366 2402 tibi
2397 2341 2758 2421 animarum,
2795 2359 2910 2402 non
2941 2340 3122 2404 'secus
3165 2359 3342 2420 quam
3375 2346 3610 2400 tuorum
3641 2338 3740 2420 ip-

2089 2433 2212 2493 sius
2243 2430 2643 2492 membrarum
2675 2449 2878 2492 curam
2903 2447 3144 2508 gerens;
3167 2438 3246 2504 et,
3269 2429 3429 2491 sires
3457 2428 3742 2508 postulet,

2090 2541 2196 2601 pro
2227 2539 2579 2602 unaquaque
2626 2519 2864 2583 illarum
2897 2521 3074 2581 etiam
3121 2526 3278 2581 tuam
3325 2516 3587 2579 animam
3627 2535 3740 2598 po-

2090 2630 2260 2691 nens,
2297 2611 2444 2671 nihil
2497 2609 2801 2691 quidpiam
2856 2609 3225 2670 mundanum
3275 2605 3548 2669 charitati
3599 2624 3741 2686 erga

2093 2701 2225 2761 illos
2249 2701 2592 2780 praferens.
2613 2698 2846 2759 Etenim
2878 2705 3186 2778 postquam
3209 2696 3359 2778 aliis,
3386 2695 3459 2756 ad
3492 2713 3739 2775 gregem

2091 2789 2326 2851 Domini
2359 2809 2427 2850 ac
2458 2787 2564 2851 Dei
2589 2788 2670 2850 tui
2698 2787 2952 2852 rationis
2981 2793 3314 2868 compotem
3348 2785 3740 2866 pascendum,

2090 2878 2543 2959 regendumque
2576 2877 2853 2959 pralatus
2891 2894 2979 2950 es,
3026 2883 3262 2957 oportet
3308 2883 3365 2937 te
3413 2874 3580 2954 juxta
3609 2891 3744 2936 ver-

2094 2967 2235 3029 bum
2285 2969 2436 3048 ejus,
2493 2967 2706 3048 spiritu
2763 2973 2824 3029 et
2871 2966 3208 3028 humilitate
3263 2971 3358 3026 tua
3407 2963 3741 3026 secundum

352 3081 428 3122 ne
473 3061 638 3122 illum
662 3062 906 3142 quidem
931 3069 1324 3140 anteponens,
1359 3078 1539 3141 quem
1568 3059 1628 3120 in
1657 3055 2068 3120 ministeriisC
2093 3060 2307 3132 Deum,
2343 3056 2616 3118 ultimum
2652 3075 2785 3118 esse
2828 3055 3124 3136 omnium,
3156 3062 3220 3116 ut
3265 3061 3542 3134 tanquam
3593 3052 3744 3142 vali-

354 3150 546 3228 gregis
575 3151 658 3212 tui
694 3152 1025 3231 principem
1059 3150 1262 3212 habes.
1295 3150 1406 3222 Qui
1446 3149 1606 3210 enim
1641 3148 2001 3221 ministrant,

357 3255 582 3318 septem
617 3239 1032 3315 diaconorum,
1069 3240 1143 3300 de
1176 3239 1392 3319 quibus
1425 3249 1512 3299 est
1542 3239 1600 3299 in
1627 3238 1789 3299 Actis
1809 3237 2002 3318 Apos-

363 3327 553 3388 toEicis
571 3328 655 3400 59,
681 3329 1030 3408 dignitatem
1061 3328 1441 3408 officiumque
1473 3325 1831 3388 adumbrant
1859 3346 1875 3402 ;
1905 3324 2005 3405 qui

362 3415 535 3477 etiam
584 3418 735 3478 velut
774 3417 1031 3498 Spiritus
1074 3415 1569 3478 adminiStratorii
1602 3421 1758 3487 sunt,
1793 3414 1852 3474 in
1886 3414 2004 3474 mi-

362 3504 668 3566 nisterium
701 3507 887 3588 missi,
941 3517 1004 3568 et
1052 3507 1312 3587 sincere,
1348 3517 1412 3566 ut
1454 3505 1565 3586 illi,
1599 3503 2000 3582 fideliterque,

359 3614 431 3656 ac
462 3595 682 3659 nullius
709 3597 896 3678 turpis
926 3596 1073 3658 lucri
1104 3595 1288 3674 gratia
1317 3595 1742 3657 ministrantes.
1773 3610 2001 3652 merce-

361 3686 494 3746 dem
535 3685 744 3746 merito
782 3695 839 3747 et
881 3704 1150 3764 magnam
1198 3693 1320 3746 tum
1366 3684 1486 3758 hic,
1532 3693 1652 3744 tum
1691 3681 1814 3742 illic
1843 3682 2002 3742 reci-

361 3775 547 3855 piunt.
581 3775 866 3838 Caterum
909 3777 1009 3856 qui
1036 3773 1310 3847 orationi,
1346 3773 1534 3854 quieti
1582 3780 1638 3834 et
1672 3769 2003 3832 ministerio

356 3865 518 3926 verbi
567 3865 817 3939 instant,
858 3864 916 3925 in
957 3864 1238 3945 patientia
1283 3861 1724 3924 exercitationis
1754 3878 2002 3941 operum

356 3955 1004 4038 prastantissimorum,
1039 3955 1303 4034 ipsorum
1333 3953 1735 4032 apostolorum
1759 3959 1816 4012 et
1847 3968 2006 4030 cory-

359 4049 662 4126 phaorum
691 4043 1101 4106 excellentiam
1135 4052 1326 4105 tecum
1355 4048 1828 4122 reprasentant;
1861 4057 2010 4120 quos

360 4146 416 4197 et
448 4136 506 4196 in
539 4134 857 4214 Evangelio
888 4132 1211 4214 spiritualis
1240 4131 1528 4193 doctrina
1562 4140 1671 4192 tua
1695 4128 2010 4191 auxiliares

363 4223 628 4295 habebis,
664 4226 907 4286 fratrum
938 4241 1121 4283 onera
1153 4222 1569 4302 suscipientes,
1603 4228 1660 4280 et
1705 4218 2010 4280 laboribus

369 4325 423 4375 te
448 4316 732 4390 levantes,
760 4315 819 4374 in
846 4312 1044 4374 medio
1077 4311 1357 4374 videlicet
1385 4311 1778 4391 reliquorum,
1825 4315 1888 4368 ut
1919 4308 2008 4368 la-

367 4405 532 4486 pides
562 4405 855 4484 pretiosos
884 4408 1208 4464 versantes.
1231 4400 1294 4461 In
1317 4401 1429 4462 hoc
1455 4417 1702 4461 munere
1725 4399 1884 4460 nulla
1904 4397 2011 4459 tibi

365 4495 603 4575 requies
635 4492 930 4574 corporis,
963 4491 1125 4552 nulla
1146 4489 1487 4551 oblectatio.
1514 4487 1728 4550 Noctes
1759 4487 2011 4568 perinde

364 4592 426 4645 ut
455 4583 583 4644 dies
635 4584 694 4644 in
741 4601 942 4643 curam
992 4579 1473 4642 concretlitarum
1523 4577 1630 4640 tibi
1674 4577 2009 4638 animarum

363 4673 700 4754 impendes,
728 4691 801 4733 ne
833 4691 947 4752 qua
983 4690 1050 4732 ex
1085 4668 1231 4750 ipsis
1260 4688 1294 4729 a
1323 4669 1512 4730 bestia
1535 4667 1887 4748 excipiatur;
1912 4674 2012 4728 aut

364 4763 438 4822 ab
471 4782 608 4824 urso
642 4759 1131 4842 concupiscentia
1181 4759 1482 4829 devorata,
1524 4766 1625 4819 aut
1667 4776 1702 4818 a
1754 4755 2014 4817 dracone

365 4852 690 4914 iracundia
715 4851 1015 4931 absorpta,
1050 4858 1152 4911 aut
1181 4868 1212 4908 a
1243 4847 1568 4929 gryphibus
1616 4844 2008 4926 superbarum

366 4943 788 5022 cogitationum
820 4940 1110 5020 discepta,
1136 4946 1194 4999 et
1216 4955 1333 4998 una
1365 4937 1542 4998 unius
1571 4933 2012 4996 diversitatibus

370 5030 783 5112 hujuscemodi
831 5028 1112 5090 distracta
1161 5045 1229 5087 ac
1275 5026 1578 5107 dissipata,
1634 5023 1817 5085 multa
1863 5025 2009 5085 fiat:

368 5123 472 5183 sed
494 5128 558 5184 ut
589 5139 830 5200 gregem
863 5119 1026 5180 luunt
1052 5117 1435 5187 incolumem,
1462 5115 1805 5188 fecundum,
1828 5120 2013 5174 totum

367 5211 688 5274 virtutibus
740 5209 941 5270 multis
983 5205 1390 5278 fructuarium,
1428 5205 1630 5267 divina
1676 5202 2016 5282 cognitione

369 5303 750 5376 illustratum,
788 5317 902 5361 non
927 5297 1291 5369 scabiosum,
1329 5315 1443 5356 non
1480 5304 1715 5354 trucum
1747 5291 2011 5368 auribus,

370 5400 468 5453 aut
489 5391 663 5473 plane
683 5389 960 5451 claudum
985 5384 1238 5468 principi
1269 5393 1567 5465 pastorum
1590 5385 1650 5433 40
1673 5400 2013 5473 conserves.

372 5481 470 5543 Sic
494 5470 657 5543 enim
692 5487 748 5542 et
779 5479 995 5540 multos
1025 5473 1312 5548 servabis,
1335 5477 1392 5536 in
1427 5473 1712 5554 operibus
1735 5470 2017 5552 perfectis

2089 3145 2201 3208 dus
2230 3145 2609 3207 infirmitates
2639 3144 3033 3208 invalidorum
3072 3150 3411 3219 sustentes;
3446 3151 3510 3205 ut
3546 3141 3743 3203 medi-

2090 3253 2192 3296 cus
2221 3244 2421 3298 autem
2455 3235 2781 3296 secundum
2825 3234 3085 3296 animam
3115 3231 3528 3312 agrotantium
3573 3248 3739 3292 mor-

2090 3326 2223 3401 bos,
2255 3335 2314 3388 et
2343 3326 2692 3388 affectiones
2722 3343 2934 3398 cures;
2966 3332 3032 3385 ut
3062 3331 3285 3405 pastor,
3323 3323 3479 3403 quod
3503 3321 3741 3384 erratin

2089 3417 2239 3478 viam
2274 3418 2551 3485 reducas,
2587 3423 2640 3476 et
2673 3414 2829 3496 quod
2879 3414 3034 3475 bene
3082 3414 3258 3486 valet,
3305 3409 3624 3472 virtutibus
3655 3410 3744 3471 fe-

2089 3505 2350 3567 cundum
2381 3505 2621 3583 reddas,
2666 3503 2870 3566 scabie
2899 3520 3037 3565 vero
3068 3510 3368 3582 opertum,
3401 3509 3460 3562 et
3499 3500 3743 3561 incura-

2091 3594 2231 3673 bile,
2266 3614 2300 3655 a
2330 3613 2509 3674 grege
2542 3604 2639 3655 tuo
2671 3592 3012 3659 abscindas.
3051 3611 3122 3652 ne
3149 3591 3327 3652 etiam
3353 3589 3512 3651 sanis
3538 3588 3746 3650 ovibus

2089 3683 2374 3749 tuisluem
2391 3681 2882 3746 affricet.Domiui
2902 3681 2986 3742 tui
3009 3697 3246 3760 gregem
3270 3697 3487 3759 augere
3517 3677 3742 3739 labora.

2089 3772 2174 3834 Ne
2185 3774 2258 3835 ad
2275 3772 2791 3842 remissiones,aut
2807 3769 3126 3832 suavitates
3144 3771 3412 3850 corporis
3435 3768 3740 3844 deflectas,

2090 3881 2286 3943 neque
2333 3863 2551 3930 lanam,
2581 3868 2640 3923 et
2666 3861 2905 3941 adipem
2937 3859 3135 3920 ovium
3168 3857 3387 3922 Christi
3437 3874 3746 3938 perperam

2092 3969 2429 4031 consumas,
2466 3949 2572 4011 tibi
2603 3951 2788 4030 magis
2821 3969 2998 4030 quam
3029 3947 3312 4009 fratribus
3345 3947 3460 4008 tuis
3498 3964 3741 4007 monas-

2093 4039 2228 4100 terii
2258 4057 2403 4119 opes
2432 4039 2506 4100 ad
2534 4039 2870 4119 voluptates
2902 4046 3030 4099 tuas
3059 4037 3118 4098 in
3154 4036 3494 4097 thesaurum
3525 4052 3744 4095 recon-

2095 4128 2270 4188 dens.
2331 4126 2415 4188 Ne
2465 4137 2711 4208 propter
2758 4125 3066 4188 hominum
3115 4124 3364 4204 gloriam
3419 4121 3744 4202 quidquam

2095 4234 2296 4277 rerum
2326 4216 2398 4277 ad
2429 4217 2857 4278 monasterium
2910 4223 3072 4276 tuum
3129 4212 3560 4294 pertinentium
3606 4228 3744 4289 agas

2094 4313 2194 4368 aut
2221 4305 2502 4384 corrigas.
2556 4304 2641 4368 Ne
2689 4324 2857 4367 ames
2887 4303 3102 4366 crebro
3156 4300 3398 4383 prodire
3456 4303 3516 4361 in
3565 4300 3745 4361 mulis

2096 4395 2415 4476 splendide
2445 4395 2736 4472 instratis,
2762 4414 2897 4456 cum
2922 4412 3135 4472 magno
3160 4389 3624 4472 pracedentium
3645 4406 3741 4449 se-

2093 4486 2522 4568 quentiumque
2576 4485 2932 4546 famulorum
2979 4483 3290 4545 comitatu.
3336 4479 3605 4543 Sufﬁciat
3637 4478 3746 4539 tibi
3822 4490 3826 4494 '

2096 4575 2183 4636 vel
2213 4577 2401 4637 semel
2424 4577 2484 4636 iu
2510 4594 2713 4636 mense
2746 4575 2902 4636 foras
2925 4574 3114 4648 exire,
3142 4578 3203 4634 et
3225 4570 3422 4650 gregis
3449 4569 3534 4632 tui
3560 4585 3742 4646 nego-

2095 4663 2174 4726 tia
2207 4663 2447 4744 majoris
2479 4663 2763 4724 momenti
2798 4662 2990 4726 obire.
3041 4666 3266 4727 (latera
3311 4658 3604 4722 curabunt
3645 4657 3750 4738 qui

2098 4753 2455 4826 ministrant,
2493 4751 2594 4833 qui
2620 4754 2725 4814 abs
2758 4759 2813 4814 te
2845 4751 3177 4814 ministerio
3213 4749 3401 4825 verbi,
3449 4757 3506 4810 et
3535 4765 3749 4828 procu-

2095 4841 2352 4904 rationis
2385 4841 2656 4922 fratrum,
2689 4861 2822 4903 cum
2860 4841 3138 4922 precibus
3160 4841 3410 4912 intento,
3444 4854 3746 4917 nunquam

2094 4931 2523 4994 distrabuntur.
2556 4930 2643 4992 Ne
2677 4931 2786 4993 tibi
2818 4931 3024 5013 epulas
3044 4925 3592 5012 sumptuosas,filiis
3638 4923 3748 4986 ab-

2089 5023 2303 5102 jectas,
2339 5021 2631 5101 plebeias,
2666 5029 2724 5082 et
2753 5020 3092 5083 inconditas
3123 5038 3267 5101 para
3302 5040 3316 5077 :
3352 5015 3457 5079 sed
3480 5033 3746 5078 commu-

2097 5109 2190 5173 nis
2221 5127 2451 5186 mensa,
2483 5109 2610 5171 sine
2652 5109 2850 5190 aliquo
2896 5108 3092 5172 morbi
3119 5107 3413 5190 periculo,
3447 5113 3502 5167 et
3535 5103 3748 5165 invita-

2097 5200 2261 5262 tione
2293 5199 2646 5274 amicorum,
2679 5199 2790 5261 tibi
2812 5217 2946 5262 cum
2991 5198 3130 5261 filiis
3173 5196 3289 5260 tuis
3319 5204 3469 5269 esto,
3502 5211 3751 5276 quorum

2098 5288 2257 5351 idem
2290 5296 2484 5350 tecum
2514 5306 2748 5370 sensus,
2783 5287 2942 5350 idem
2977 5287 3315 5350 institutum
3346 5283 3500 5358 vita,
3527 5282 3651 5345 sive
3682 5300 3753 5344 ex

2099 5377 2282 5440 coctis
2298 5376 2586 5448 oleribus,
2608 5385 2666 5439 et
2687 5377 3110 5457 leguminibus,
3133 5377 3260 5439 sive
3279 5393 3348 5437 ex
3379 5373 3542 5455 pisce
3568 5371 3756 5436 semel

2101 5485 2208 5549 per
2237 5465 2699 5542 hebdomadem,
2753 5466 3064 5530 Dominico
3095 5465 3220 5541 die,
3254 5477 3314 5527 et
3345 5465 3497 5526 festo
3528 5463 3751 5544 despo-

448 5652 499 5695 3’7
532 5651 754 5732 Ephes.
787 5667 867 5726 ιν,
908 5649 1000 5710 13.
1084 5646 1141 5690 33
1165 5644 1216 5708 II
1243 5643 1397 5707 Tim.
1434 5661 1517 5726 IV,
1548 5647 1573 5706 1
1616 5659 1785 5724 seqq.
1873 5639 1926 5684 39
1955 5639 2088 5703 Act.
2119 5654 2206 5715 v1,
2240 5638 2269 5699 1
2298 5654 2466 5720 seqq.
2554 5636 2607 5681 40
2635 5635 2660 5700 l
2691 5635 2848 5702 Petr.
2882 5655 2946 5721 v,
2979 5640 3039 5714 4,

3339 5723 3370 5740 4-
