4160 6398
416 337 536 403 439

1721 331 2102 402 SYMEONIS
2144 333 2500 400 JUNIORIS

3703 336 3821 402 440

417 475 534 536 tico
565 474 701 552 (hoc
734 481 846 553 est,
871 469 1338 536 soiemnioribus
1369 469 1607 532 Domini
1638 468 1810 530 festis
1833 486 1939 548 per
1958 486 2071 529 an-
2092 474 2131 523 Α
2159 467 2313 547 piam
2338 473 2549 534 affixus
2570 491 2654 546 es,
2680 473 2977 554 etiileirco
3014 475 3378 536 horrendum
3398 477 3502 537 Dei
3521 474 3813 556 judicium

417 563 595 645 num)
615 582 648 625 a
675 563 922 625 cellario
955 561 1360 624 communiter
1383 557 1762 640 paretur.Ubi
1794 558 1940 618 nihil
1965 575 2072 617 ex-

419 658 603 730 sistit,
627 657 786 734 quod
814 657 1030 718 animae
1056 655 1387 736 periculum
1425 654 1655 724 afferat,
1688 651 1928 713 cavebis
1960 651 2069 725 ira,

419 755 478 808 et
506 747 768 809 clamore
797 755 1004 808 contra
1031 746 1242 807 fratres
1272 762 1340 803 ac
1373 743 1525 803 ﬁlios
1559 750 1688 802 tuos
1722 741 2068 818 insurgere;

419 837 526 898 sed
559 835 687 896 miti
709 854 986 897 sermone
1009 843 1068 896 et
1086 833 1347 914 alloquio
1371 831 1616 893 docebis
1639 829 2070 910 eos,quomodo

419 943 908 1006 unumquemque
957 923 1286 996 ambulare,
1337 930 1394 983 et
1452 921 1513 982 in
1572 921 1770 981 medio
1822 920 2070 980 fratrum

421 1019 756 1078 conversari
789 1015 1017 1077 deceat.
1049 1013 1348 1086 Juniores,
1371 1019 1427 1072 et
1459 1011 1726 1072 nondum
1750 1011 2070 1070 confirma-

421 1113 514 1166 tos
561 1103 833 1166 monebis
881 1121 1127 1184 parcere
1161 1101 1275 1162 sibi
1309 1101 1476 1183 ipsis,
1515 1109 1571 1161 et
1604 1099 1736 1160 aliis
1766 1098 2070 1172 fratribus,

422 1214 497 1256 ne
537 1193 966 1275 aspicientibus
1006 1194 1269 1266 incessu,
1312 1190 1724 1270 moribusque,
1760 1206 1828 1249 ac
1860 1187 2074 1249 studiis

421 1282 834 1364 incompositis
855 1281 1216 1344 offendiculo
1241 1280 1499 1353 sint.Qui
1529 1280 1588 1340 in
1615 1287 1767 1340 statu
1797 1277 2076 1353 religioso

423 1374 647 1436 diutius
677 1373 972 1445 vixerunt,
1011 1392 1114 1435 eos
1145 1373 1427 1452 prudenti
1462 1372 1732 1432 oratione
1755 1369 1826 1429 ad
1855 1371 2078 1446 patien-

421 1465 558 1524 tiam
583 1461 935 1524 tetationum
967 1461 1040 1523 ab
1073 1462 1318 1522 inimico
1352 1458 1930 1540 supervenientium,
1962 1458 2077 1518 hu-

421 1551 757 1627 militatem,
789 1551 1209 1612 contritionem
1265 1550 1484 1627 cordis,
1517 1547 2071 1627 compunctionem,

421 1640 580 1720 lacry
595 1640 1114 1718 mas,diligentiam
1127 1640 1621 1720 ,persolulionem
1639 1636 2069 1718 precationum,

420 1729 659 1792 beatum
682 1728 933 1801 luctum,
955 1737 1013 1790 et
1033 1729 1108 1789 ad
1133 1728 1310 1788 verbo
1337 1744 1636 1807 opereque
1663 1725 1896 1786 caeteris
1918 1744 2078 1786 com-

423 1818 786 1880 modandum
815 1818 1079 1878 erudies.
1115 1801 1468 1880 Sacerdotes
1500 1801 1778 1896 pietatem
1805 1814 2070 1888 docebis,
2098 1801 2136 1849 Β

423 1907 712 1989 quietem,
740 1906 1077 1967 divinarum
1117 1905 1567 1986 Scripturarum
1601 1903 2072 1979 meditationem,

421 2003 759 2059 accuratam
790 1996 1248 2076 apostolicorum
1297 2013 1617 2064 canonum,
1653 1992 2075 2053 traditionum-

424 2105 541 2165 que
591 2085 927 2158 scientiam,
986 2085 1324 2163 dogmatum
1389 2083 1819 2157 sinceritatem,
1878 2083 2076 2143 cordis

425 2175 765 2256 puritatem,
800 2174 860 2235 in
895 2174 1178 2253 precibus
1227 2172 1626 2240 constantiam
1660 2181 1712 2233 et
1745 2190 2073 2250 compunc-

422 2265 671 2339 tionem,
721 2266 779 2326 in
811 2264 1026 2326 timore
1058 2273 1117 2324 et
1147 2272 1408 2326 tremore
1441 2281 1473 2324 a
1503 2261 1608 2324 Dei
1638 2263 1850 2323 solium
1884 2263 2074 2323 assis-

425 2355 694 2430 tentiam,
723 2353 1000 2416 sacrificii
1042 2353 1413 2432 mysterium,
1451 2353 1873 2413 revelationem
1919 2371 2077 2432 mys-

427 2444 712 2508 teriorum
758 2442 898 2516 Dei,
959 2443 1238 2524 quoniam
1298 2442 1630 2504 secundum
1683 2441 1920 2504 Domini
1970 2461 2076 2501 vo-

423 2551 553 2596 cem
576 2533 658 2608 41,
683 2532 830 2612 ipsis
855 2533 1055 2594 datum
1077 2541 1168 2593 est
1187 2550 1364 2594 nosse
1386 2535 1729 2611 mysterium
1753 2529 1922 2609 regni
1947 2529 2075 2604 Dei,

423 2631 489 2685 ut
512 2623 615 2684 toti
647 2621 896 2683 fratrum
949 2621 1342 2696 multitudini,
1375 2631 1432 2683 et
1474 2620 1770 2681 extraneis
1815 2620 2078 2680 divinum

425 2713 539 2789 sal,
566 2719 626 2774 et
663 2713 890 2784 lumen,
921 2711 1166 2773 verbum
1199 2711 1329 2772 vitaz
1351 2710 1411 2771 in
1459 2709 1674 2792 seipsis
1704 2710 2080 2771 continentes

424 2802 590 2863 ﬁant.
625 2800 796 2872 Quod
840 2801 890 2861 si
945 2801 1122 2861 etiam
1150 2808 1356 2861 contra
1389 2799 1786 2881 turbulentos,
1820 2811 1881 2861 et
1913 2799 2081 2860 inor-

423 2891 661 2952 dinatos
687 2890 1007 2970 aliquando
1035 2899 1088 2951 te
1112 2890 1171 2950 in
1198 2890 1360 2969 virga
1391 2898 1448 2951 et
1471 2889 1680 2950 baculo
1702 2909 1835 2950 cum
1856 2890 2084 2950 ratione

423 2980 610 3042 irasci
641 2989 897 3060 oportet,
961 2994 1022 3042 ut
1084 2979 1306 3040 malum
1363 2979 1600 3059 aliquod
1652 2978 1994 3060 prohibeas,
2029 2986 2087 3040 et

2160 581 2278 623 non
2329 562 2594 641 effugias.
2638 561 2794 624 Scito
2838 563 2995 624 enim
3033 565 3361 645 unicuique
3395 564 3600 626 talium
3635 563 3708 625 ab
3745 562 3818 622 iis

2157 654 2258 731 qui
2305 661 2692 732 spectatores,
2761 662 2819 714 et
2866 654 3145 734 discipuli
3194 655 3493 715 sermonis
3551 655 3811 724 fuerunt,

2156 734 2348 802 locum
2380 742 2834 804 convenientem
2863 743 3068 821 (9),ac
3092 744 3229 822 jure
3261 743 3624 805 destinatum
3656 760 3812 817 esse,

2155 849 2403 909 quorum
2457 830 2806 904 canonibus,
2853 831 3502 914 constitutionibusque
3545 831 3816 912 legendis

2154 917 2504 980 incumbere
2537 920 2875 981 necessario
2908 921 3094 983 debes
3143 929 3209 983 ut
3260 942 3336 984 ne
3383 923 3651 1003 ignores,
3682 939 3814 1002 quae

2157 1008 2526 1071 credentium
2561 1008 2622 1069 in
2653 1009 2955 1072 Christum
2991 1009 3340 1073 abscondita
3359 1012 3480 1074 sint
3507 1011 3808 1092 mysteria,

2159 1105 2311 1158 etne
2344 1115 2579 1178 pecces,
2615 1097 2754 1158 dum
2797 1099 3001 1178 pietati
3034 1118 3174 1178 erga
3207 1099 3389 1162 Deum
3425 1119 3628 1182 parum
3663 1118 3814 1161 con-

2161 1196 2446 1248 sentanea
2475 1187 2654 1266 geris.
2705 1188 3056 1268 Spirituales
3106 1189 3262 1250 filios
3312 1202 3444 1252 tuos
3476 1190 3810 1252 secundum

2161 1275 2499 1356 Scripturas
2526 1277 2822 1355 religiosis
2848 1278 3055 1352 redde,
3093 1297 3316 1360 eosque
3341 1299 3376 1341 a
3397 1279 3583 1341 sacris
3613 1286 3674 1340 et
3711 1278 3810 1338 di-

2162 1367 2318 1428 vinis
2349 1367 2514 1439 locis,
2548 1368 2722 1428 simul
2757 1377 2816 1430 et
2848 1369 3004 1431 vasis
3037 1371 3242 1450 templi
3273 1370 3379 1432 Dei
3427 1367 3808 1440 sanctiﬁcati,

2161 1465 2219 1517 et.
2241 1456 2555 1517 ministerii
2570 1457 2700 1536 ejus
2713 1457 3176 1521 abstineredoce
3207 1458 3503 1540 siquidem
3520 1458 3808 1538 scriptum

2163 1553 2252 1605 est
2274 1565 2287 1606 :
2322 1545 2760 1619 Beutushomo,
2781 1553 2888 1625 qui
2903 1565 3138 1627 semper
3159 1547 3604 1628 estpuvidus”,
3627 1565 3814 1627 quan-

2161 1634 2482 1715 doquidem
2504 1635 2648 1696 solis
2671 1636 3058 1710 consecratis,
3092 1644 3152 1697 et
3170 1639 3268 1718 qui
3290 1656 3360 1699 ex
3383 1635 3810 1699 certaminibus

2159 1743 2226 1786 ac
2260 1725 2605 1805 poenitentia
2634 1744 2739 1806 per
2769 1727 3056 1806 lacrymas
3080 1729 3293 1789 multas
3320 1727 3574 1809 purgati,
3601 1728 3811 1788 imma-

2160 1814 2843 1894 culatorumqueCln‘isti
2864 1817 3276 1895 mysteriorum
3312 1817 3627 1897 participes
3643 1827 3808 1890 sunt,

2159 1904 2561 1983 sanctificatis,
2588 1913 2646 1966 et
2666 1905 3138 1984 religiosissimis
3172 1911 3598 1968 monachorum
3625 1907 3806 1968 mini-

2158 1994 2402 2056 sterium
2438 1994 2668 2070 talium,
2701 2003 2762 2057 et
2795 1996 3556 2072 contrectatioaPatribus,
3593 2005 3811 2076 etapo-

2159 2086 2326 2147 stolis
2359 2087 2551 2147 dicata
2587 2095 2696 2149 est.
2733 2087 2861 2148 Non
2892 2089 3194 2170 omnibus,
3228 2098 3286 2150 et
3328 2089 3544 2169 cuique
3586 2089 3812 2150 volenti

2157 2175 2492 2254 ingressum
2543 2177 2728 2238 divini
2778 2176 3168 2252 tabernaculi,
3215 2179 3317 2240 sed
3368 2181 3614 2240 sacratis
3647 2178 3806 2238 dun-

2160 2272 2336 2340 taxat,
2373 2274 2433 2325 ut
2467 2265 2690 2327 dictum
2735 2275 2847 2339 est,
2885 2278 2940 2328 et
2971 2267 3372 2341 sanctificatis,
3414 2267 3802 2344 religiosissi-

2162 2355 2390 2434 misque
2425 2355 2732 2430 fratribus,
2776 2367 2836 2417 et
2866 2357 3130 2437 patribus
3163 2358 3276 2418 tuis
3303 2357 3647 2439 permittito.
3683 2356 3805 2418 Re-

2164 2445 2366 2524 liquis,
2397 2453 2455 2507 et
2499 2446 2833 2508 inordinate
2875 2447 3310 2508 ambulantibus
3345 2445 3501 2528 (vide
3531 2445 3672 2526 quid
3704 2446 3811 2507 tibi

2163 2534 2414 2613 dicatur)
2450 2534 2642 2616 ipsum
2679 2535 2940 2597 claudes.
2965 2537 3128 2598 Multi
3153 2537 3396 2616 quippe,
3423 2535 3569 2597 mihi
3598 2535 3804 2611 crede,

2164 2631 2407 2704 propter
2427 2634 2840 2704 pontemptum
2899 2625 3200 2686 itiusmodi
3231 2643 3434 2686 rerum
3465 2643 3497 2686 e
3519 2624 3630 2684 vita
3649 2642 3806 2704 prae-

2165 2712 2318 2775 senti
2365 2713 2669 2776 tolluntur.
2705 2713 2773 2774 Et
2807 2715 3002 2794 plane,
3037 2714 3087 2775 si
3116 2715 3230 2776 hoc
3280 2721 3637 2794 praeceptum
3671 2713 3809 2774 vili—

2169 2802 2472 2882 penderis,
2505 2803 2747 2882 sanguis
2777 2803 2851 2864 de
2883 2804 2991 2866 hac
3021 2805 3140 2866 vita
3170 2802 3539 2866 sublatorum
3571 2803 3644 2864 de
3677 2821 3806 2864 ma-

2167 2891 2342 2952 nibus
2375 2891 2487 2952 tuis
2519 2891 2858 2972 requiretur
2880 2892 2989 2955 43*.

2246 2980 2384 3042 Hazc
2413 2989 2570 3053 sunt,
2598 2989 2656 3042 et
2687 2981 2854 3060 plura
2883 2982 2998 3062 his,
3035 3001 3068 3044 ο
3103 2989 3302 3064 pastor
3331 2981 3524 3042 ovium
3559 2981 3802 3053 Christi,

424 3069 772 3150 pestiferam
831 3069 991 3131 inter
1051 3087 1154 3131 eos
1212 3068 1405 3131 labem
1459 3073 1781 3149 reprimas,
1815 3087 1888 3129 ne
1936 3087 2142 3173 opusC
2167 3090 2297 3152 qua}
2327 3071 2399 3132 ad
2433 3074 2627 3150 gregis
2647 3071 2736 3134 tui
2757 3072 3090 3133 custodiam
3128 3073 3391 3153 perfecte
3409 3073 3582 3140 scire,
3612 3080 3668 3133 et
3689 3079 3808 3131 stu-

424 3162 668 3238 maium,
694 3170 751 3224 et
773 3163 988 3224 affectu
1018 3162 1265 3250 vitiosus
1282 3162 1340 3222 in
1361 3161 1621 3222 deterius
1640 3169 1860 3242 serpat,
1887 3180 2084 3242 neque

423 3250 577 3312 istuc
606 3251 951 3332 apostolicis
983 3251 1541 3325 Constitutionibus,
1580 3260 1640 3314 et
1668 3251 1884 3311 divinis
1904 3251 2086 3314 l’atri-

422 3340 537 3401 bus
566 3339 826 3402 alienum
852 3341 1182 3419 judicatur.
1210 3339 1421 3402 Omnis
1456 3340 1755 3421 siquidem
1789 3339 1992 3415 motio,
2029 3349 2086 3402 et

420 3427 574 3490 actio
633 3437 860 3503 nostra,
918 3448 1050 3510 qua;
1103 3430 1549 3510 improbitatem
1615 3431 1966 3510 compescit,
2017 3448 2086 3492 ac

423 3520 817 3600 persequitur,
838 3519 1086 3599 justitiaa
1107 3528 1303 3580 autem
1322 3539 1390 3581 ac
1415 3519 2080 3599 virtutipatrocinatur,

420 3605 744 3670 laudabilis
777 3617 890 3684 est,
940 3619 999 3670 et
1030 3612 1153 3672 Deo
1193 3610 1408 3690 placet,
1453 3608 1753 3689 justisque
1804 3607 2087 3669 omnibus

421 3699 714 3777 probatur
767 3699 1043 3761 maxime.
1101 3699 1298 3763 Testis
1343 3699 1518 3763 Jesus
1569 3699 1672 3778 qui
1703 3707 2085 3759 contumaces

417 3787 659 3848 Judzeos
702 3807 774 3849 ex
825 3788 1003 3850 domo
1035 3787 1328 3850 orationis
1375 3789 1620 3850 domum
1667 3787 2086 3865 negotiationis

2168 3161 2340 3222 diose
2370 3161 2565 3222 facere
2595 3159 2803 3223 debes.
2837 3162 3096 3224 Proinde
3127 3163 3176 3224 si
3206 3164 3383 3238 nosti,
3417 3172 3470 3224 te
3493 3162 3561 3224 ad
3588 3169 3804 3223 tantam

2169 3250 2582 3313 sufﬁcientiam
2618 3269 3023 3333 progressum,
3052 3261 3330 3334 tantaque
3351 3253 3707 3314 charismata
3727 3253 3810 3313 fe-

2170 3341 2363 3402 liciter
2409 3341 2714 3421 adeptum,
2767 3361 2836 3402 ex
2887 3342 3012 3403 solo
3072 3343 3346 3404 elucente
3396 3361 3466 3404 ex
3496 3352 3554 3404 te
3585 3342 3810 3402 lumine

2169 3429 2458 3492 bonorum
2493 3448 2766 3512 operum,
2803 3439 2858 3492 et
2889 3431 3104 3493 divina)
3133 3432 3436 3511 sapientia:
3465 3451 3532 3494 ac
3564 3431 3807 3506 notitiae,

2169 3521 2241 3582 ad
2274 3519 2728 3582 illuminandum
2765 3540 2974 3583 omnes
3004 3521 3375 3583 familiariter
3424 3526 3709 3582 adeuntes
3738 3521 3810 3580 ad

2170 3618 2226 3670 te
2260 3619 2411 3681 tuos,
2449 3609 2795 3690 alienosque
2845 3619 2901 3671 et
2950 3629 3094 3690 rege
3148 3611 3402 3672 fidenter
3430 3629 3567 3672 oves
3597 3609 3814 3672 Christi

2170 3699 2383 3761 scienti
2409 3717 2688 3760 sermone
2720 3699 2934 3761 collate
2966 3701 3070 3760 tibi
3113 3701 3314 3779 gratia;
3345 3709 3403 3762 et
3428 3699 3662 3762 actione
3691 3699 3809 3759 vir-

2169 3789 2307 3850 tutis
2333 3790 2660 3851 secundum
2698 3789 2939 3850 modum
2971 3798 3028 3850 et
3054 3791 3244 3869 legem
3278 3789 3380 3850 tibi
3426 3789 3587 3869 prius
3616 3789 3810 3849 datam

423 3875 734 3951 facientes,
773 3878 1008 3955 ﬂagello
1046 3878 1362 3958 percussit,
1395 3885 1454 3939 et
1486 3895 1721 3940 mensas
1754 3879 2086 3938 nummula—
2169 3879 2457 3958 desuper;
2493 3891 2551 3940 et
2582 3895 2759 3957 pasce
2791 3896 2974 3957 agnos
2989 3879 3116 3958 ejus
3148 3883 3206 3938 in
3228 3879 3464 3958 pascuis
3495 3878 3815 3939 salutiferis

427 3964 656 4026 riorum
695 3967 1013 4028 evertit”.
1049 3967 1132 4028 Ne
1156 3967 1335 4044 igitur
1375 3975 1702 4047 praetexens
1736 3973 2080 4026 mansuetu-
2169 3969 2581 4030 mandotorum
2613 3967 2794 4046 illius,
2831 3968 3022 4029 donec
3052 3977 3346 4041 crescant,
3379 3977 3437 4029 et
3469 3968 3528 4029 in
3565 3987 3811 4028 mensu-

426 4055 656 4130 dinem,
695 4067 938 4138 propter
967 4059 1152 4120 solam
1175 4058 1410 4120 laudem
1434 4059 1750 4119 humanam
1777 4057 2076 4118 modicum
2162 4078 2288 4120 ram
2311 4058 2498 4120 aetatis
2529 4057 2920 4137 plenitudinis
2941 4058 3157 4122 Christi
3180 4059 3562 4133 occurant“,
3589 4068 3646 4120 et
3669 4059 3810 4120 inde

423 4146 734 4226 quidpiam
762 4156 976 4228 praeter
997 4149 1100 4210 Dei
1133 4148 1478 4211 mandatum
1504 4148 1830 4211 admissum
1852 4145 1923 4208 ad
1949 4145 2080 4208 sub-
2167 4149 2471 4228 prmmium
2504 4165 2893 4228 consequere,
2929 4148 3163 4228 quando
3195 4167 3326 4208 cum
3359 4147 3639 4228 apostolis
3663 4168 3813 4210 con-

423 4235 765 4296 versionem
789 4238 1248 4317 apostoticorum
1281 4255 1604 4313 canonum,
1633 4235 2084 4298 etconstitutio-
2166 4234 2392 4298 sidebis
2425 4242 2482 4295 et
2505 4233 2743 4297 habitis.
2781 4233 2878 4295 Sin
2913 4235 3135 4307 minus,
3169 4235 3325 4316 apud
3361 4245 3417 4298 te
3456 4237 3650 4317 ipsum
3704 4257 3812 4317 pa-

429 4345 594 4400 num,
646 4329 1187 4411 contumeliamque
1230 4330 1361 4391 vita)
1393 4328 1769 4407 evangelicae,
1807 4335 1863 4388 et
1896 4334 2081 4387 status
2104 4376 2146 4424 Β
2170 4325 2309 4398 vita,
2345 4325 2392 4386 si
2425 4325 2564 4405 quid
2612 4323 2758 4384 mihi
2789 4324 2987 4386 credis
3027 4325 3102 4386 de
3133 4326 3319 4387 salute
3367 4335 3466 4388 tua
3503 4328 3757 4390 sollicito
3793 4347 3808 4388 :

427 4417 741 4479 monastici
789 4419 1168 4498 neglexeris;
1224 4421 1330 4482 sed
1387 4422 1590 4480 Jesum
1643 4437 1712 4478 ac
1763 4414 2466 4494 Don:iimm"siquidem
2516 4414 2673 4475 Deus
2717 4423 2920 4476 noster
2962 4415 3116 4494 ignis
3166 4434 3525 4478 consumens
3583 4425 3672 4478 est
3727 4418 3810 4491 43,

426 4513 593 4566 tuum
627 4505 915 4584 imitatus,
944 4509 1296 4590 infremens,
1330 4527 1398 4570 ac
1427 4508 1680 4588 teipsum
1709 4505 1840 4567 sine
1878 4503 2082 4566 turba-
2166 4523 2344 4586 quem
2395 4503 2568 4566 decet
2617 4504 2812 4565 omnis
2863 4505 3076 4584 gloria,
3132 4505 3323 4566 honor
3369 4515 3426 4567 ct
3455 4507 3721 4570 adoratio
3752 4506 3813 4568 in

425 4593 586 4656 tione
621 4595 886 4673 turbans,
941 4599 1216 4660 mandata
1253 4599 1380 4674 Dei,
1422 4606 1484 4660 et
1527 4613 1788 4658 canones
1837 4593 1910 4656 ab
1957 4594 2084 4673 ejus
2167 4595 2400 4657 saecula.
2436 4597 2656 4656 Amen.

424 4684 713 4765 apostolis
740 4688 1122 4768 praescriptus
1146 4689 1460 4750 ulciscere.
1488 4689 1630 4751 Cum
1656 4683 1932 4747 omnibus
1955 4682 2084 4744 istis
2747 4682 3016 4768 ORATiO
3074 4683 3246 4748 XXV.

430 4773 609 4836 etiam
641 4765 932 4857 cujusque
983 4765 1374 4857 cogitationes
1419 4776 1739 4854 diligenter
1768 4773 2078 4852 investiga,
2784 4765 3213 4828 ARGUMENTUM-

427 4869 492 4923 ut
522 4862 712 4937 noris,
747 4865 849 4944 qui
877 4884 945 4928 ex
971 4867 1117 4947 ipsis
1149 4866 1220 4928 ad
1257 4857 1792 4947 comprecantium,
1828 4877 1886 4924 et
1920 4881 2082 4923 com-
2167 4861 2246 4917 De
2283 4857 2788 4947 primordiisuvilw
2827 4859 3135 4942 _adm0dum
3181 4859 3479 4947 frtfgiferis
3509 4877 3574 4916 ac
3601 4862 3817 4947 sal-um,-

431 4932 864 5015 municantium
891 4932 1109 5018 cretum
1135 4932 1595 5036 aelmittendi,et
1617 4953 1835 5035 quibus
1857 4971 2086 5014 excom-
2238 4932 2417 4992 νίίηιδο
2459 4945 2578 5012 Pro
2619 4932 2690 4987 ίίδ
2739 4933 2837 5002 qui
2871 4947 3060 5014 ,παρετ
3104 4932 3346 5014 “tum!”
3404 4937 3453 4988 ετ
3513 4935 3817 5033 ἠυηίίίηῆίδ

433 5041 928 5074 mmhnnnuh
953 5045 1294 5074 “unum
1323 5044 1753 5074 “mnuum,”
1804 5041 2057 5074 “nam”,
2241 5007 2656 5066 renunlmntes,
2710 5004 2784 5058 ad
2824 5010 2998 5059 vitam
3054 5002 3372 5059 solitariam
3428 5005 3817 5074 τοιρίυθρηυεε,

583 5041 597 5053 .
705 5043 717 5054 .
1097 5045 1110 5056 .
1248 5046 1259 5056 .
1503 5021 1514 5036 ¹
1635 5021 1655 5035 ⁸
1708 5044 1719 5054 .
1924 5041 1936 5052 ο
2241 5021 2656 5066 renumumres,
2710 5021 2784 5058 αα
2824 5021 2998 5059 vna!”
3054 5021 3372 5059 soulaI'tam
3428 5021 3819 5076 ΓΟΗΙΐᾸθίἿἸΗέτ,

432 5051 929 5147 ωυηκδυξξηθὲε
953 5055 1300 5147 Ραθηηθηίξέ
1321 5045 1777 5147 θυωηιδίξτδᾟηδν
1803 5049 2087 5147 ⁵¹³ί¹9¹¹θ⁹
2239 5080 2291 5132 et
2339 5073 2596 5129 doctrina
2625 5075 2696 5130 ad
2725 5080 2965 5146 tyroncs,
3019 5089 3115 5131 seu
3155 5075 3392 5130 nouitio:
3440 5075 3596 5147 longe
3631 5078 3822 5134 alitis-

427 5148 544 5210 que
576 5132 995 5212 poenitentium
1029 5153 1177 5215 opus
1207 5135 1307 5209 sit,
1342 5153 1416 5196 ne
1443 5132 1767 5195 Ecclesium
1805 5149 1908 5212 pro
1943 5137 2084 5191 tem-
2238 5147 2402 5203 sima.

431 5223 530 5302 plo
563 5232 770 5286 sancto
804 5225 1149 5306 speluncam
1184 5227 1506 5296 latronum,
1561 5230 1659 5285 aut
1701 5223 1950 5303 lupanar
1990 5220 2085 5282 vel
2250 5217 2622 5297 Quicunque,
2654 5218 2887 5292 fratres,
2924 5217 3144 5280 mundo
3175 5216 3330 5278 etiis
3358 5237 3488 5298 quin
3510 5217 3568 5278 in
3597 5220 3817 5282 mundo

433 5311 588 5374 scias
621 5313 714 5374 vel
745 5313 1009 5376 insciens
1043 5315 1288 5392 faciens,
1324 5315 1466 5376 dum
1509 5331 1615 5395 per
1646 5310 1919 5373 affectum
1953 5310 2084 5372 cui-
2169 5315 2306 5369 sunt
2337 5309 2630 5369 universis
2657 5325 2868 5370 recens
2898 5306 3279 5388 renuntiavit,
3314 5325 3500 5388 seque
3534 5307 3605 5369 ad
3642 5308 3814 5372 vitam

512 5472 560 5517 ⁴¹
594 5477 740 5537 Luc.
777 5492 900 5552 νιιι,
937 5478 1036 5540 10.
1129 5477 1182 5528 ιε
1207 5477 1381 5542 Joan.
1417 5493 1481 5552 ιι,
1517 5477 1542 5536 1
1583 5493 1749 5552 seqq.
1836 5472 1888 5515 43
1917 5472 2078 5535 Prov.

2163 5485 2325 5546 xvm,
2361 5469 2458 5532 14.
2546 5470 2620 5513 43‘
2653 5469 2873 5533 Ezech.
2906 5485 2994 5543 ιιι,
3033 5469 3131 5534 18.
3245 5469 3310 5520 44
3337 5470 3564 5552 Ephes.
3597 5486 3680 5545 tv,
3720 5471 3798 5536 13

429 5554 493 5606 45
521 5553 690 5619 Deut.
728 5572 808 5632 ιν,
839 5556 940 5622 24.

1129 5477 1182 5528 ‘9
1207 5477 1381 5542 Joan.
1417 5493 1481 5552 ιι,
1517 5477 1542 5536 1
1583 5493 1749 5555 seqq.
1836 5472 1888 5515 43
1917 5472 2085 5535 Prov.
2116 5485 2325 5546 xxvm,
2361 5469 2458 5532 14.

514 5718 596 5797 (9)
628 5719 714 5780 De
734 5717 866 5781 loco
898 5719 1309 5800 pcenitentium
1339 5720 1474 5783 vide
1503 5719 1677 5800 epist.
1711 5716 1774 5778 5.
1805 5711 2080 5794 Gregorii
2165 5712 2267 5776 cit.
2301 5712 2436 5776 Ant.
2474 5714 2866 5795 Augustinum
2900 5714 2959 5776 in
3001 5713 3156 5776 notis
3198 5713 3270 5777 ad
3316 5714 3592 5778 eumdem
3629 5733 3819 5776 cano-

433 5804 854 5889 Tbaumaturgi
887 5827 1017 5871 can.
1045 5828 1125 5874 ιιι.
1155 5811 1281 5875 Bal.
1303 5811 1471 5876 Sum.
1501 5809 1562 5874 in
1585 5805 1831 5870 scholiis
1846 5803 1918 5866 ad
1945 5821 2079 5869 can.
2169 5819 2331 5866 nem.
