4160 6380
382 357 491 423 441

1810 362 2094 426 ORATIO
2138 364 2329 427 XXV.

3645 367 3766 434 442

386 492 445 548 et
472 486 733 584 stadium
769 489 1195 584 monachorum
1230 489 1496 563 contulit,
1543 488 1591 551 si
1622 490 1863 584 quidem
1895 510 2038 573 pro-
2058 500 2103 551 Α
2125 493 2228 556 tibi
2253 508 2304 558 et
2332 499 2486 559 hanc
2514 497 2730 578 legem,
2762 517 2837 560 ne
2857 506 2994 562 ante
3016 499 3285 562 ultimam
3310 503 3770 584 precationeme

391 582 523 656 pter
554 574 739 637 Deum
776 575 834 637 in
869 578 1029 647 fecit,
1066 587 1123 639 et
1158 580 1307 640 hanc
1340 587 1524 639 artem
1559 583 1773 640 artium
1806 581 2039 642 discere

390 681 559 727 const
585 665 720 742 tuit,
754 685 1049 749 suumque
1083 688 1115 729 ο
1148 669 1370 730 mundo
1403 667 1729 729 discessum
1768 689 1884 730 non
1916 670 2013 730 ina

391 771 527 816 nem
559 772 693 817 esse
725 756 1050 832 desiderat,
1100 757 1173 819 ab
1204 757 1335 839 ipso
1366 764 1562 819 stat-in
1596 758 1761 819 initio
1791 759 2038 839 impige-

388 842 561 920 rime,
596 853 653 907 et
681 845 1103 910 ardentissima
1134 867 1268 909 cum
1319 847 1646 922 volumate,
1696 848 2033 929 propositu-

389 952 505 1015 que
535 934 609 996 ad
641 935 871 999 virtutis
901 955 1084 1016 opera
1129 936 1479 999 incumbere
1514 936 1715 1001 debet.
1752 937 1942 1018 Atque
1975 946 2037 1000 ut

389 1023 692 1087 elementa
712 1033 769 1088 et
787 1026 1081 1108 principia
1107 1026 1373 1089 scientiae
1397 1027 1804 1101 scientiarum,
1824 1031 2029 1105 nostri,

388 1111 655 1195 inquam,
720 1116 983 1196 religiosi
1032 1116 1281 1179 instituti
1348 1124 1406 1179 et
1456 1118 1732 1188 ἀτκήσεως
1792 1116 1885 1178 his
1934 1116 2035 1198 qui

390 1220 584 1284 nuper
604 1223 638 1266 e
660 1207 883 1267 mundo
906 1205 979 1267 ad
995 1224 1125 1267 eam
1159 1216 1435 1287 tauquam
1466 1205 1539 1267 ad
1566 1205 1830 1267 scholam
1859 1226 2015 1287 quan

389 1292 527 1354 dam
564 1300 973 1375 accesserunt,
1007 1295 1449 1358 introductione
1490 1294 1744 1377 quadam
1792 1296 2032 1376 scriptis

386 1382 708 1461 tradamus,
744 1385 935 1467 primo
966 1386 1095 1447 loco
1125 1386 1293 1466 ipsis,
1329 1393 1387 1447 et
1416 1387 1518 1466 qui
1549 1404 1651 1447 eos
1680 1395 2025 1466 sequentur,

386 1472 510 1534 haec
526 1474 739 1536 rudius
756 1474 1217 1556 summatimque
1241 1476 1638 1557 praecipimus.
1664 1473 1833 1538 Scire
1854 1475 2033 1553 igitur

382 1562 544 1638 licet,
578 1563 680 1644 qui
704 1564 829 1644 jam
867 1573 1172 1626 terrenum
1204 1563 1507 1626 hominem
1544 1583 1678 1626 cum
1714 1563 2031 1645 prudentia

2121 586 2324 664 synaxi
2377 585 2507 647 sine
2560 605 2773 666 magna
2820 589 3198 672 necessitate,
3235 599 3336 652 aut
3379 592 3649 674 corporis
3684 595 3775 653 le-

2120 676 2291 735 vandi
2325 695 2583 757 unquam
2614 695 2789 739 exeas
2822 696 2834 741 :
2872 679 2974 739 sed
3006 680 3067 741 in
3094 680 3346 742 statione
3382 690 3500 756 tua,
3534 691 3597 743 ut
3632 682 3762 743 dic-

2124 778 2243 828 tum
2288 774 2397 838 est,
2441 784 2754 845 persevera
2780 785 2794 828 :
2818 768 3117 847 siquidem
3151 773 3257 850 qui
3282 773 3762 850 perset'eraverit

2116 872 2305 933 usque
2351 861 2415 916 in
2456 856 2664 936 ﬁnem,
2710 856 2827 937 hic,
2867 865 2927 918 ut
2967 859 3253 938 scriptum
3305 870 3515 937 exstat,
3560 861 3766 924 sulcus

2116 943 2450 1008 crit‘6.Non
2479 945 2590 1007 hoc
2615 953 2879 1018 tantum;
2912 947 3016 1008 sed
3050 947 3305 1028 primum
3327 950 3568 1032 quidem
3592 948 3763 1010 auxi-

2118 1033 2261 1095 lium
2303 1034 2554 1101 occulte.
2581 1043 2780 1098 utnon
2817 1036 3033 1099 sentiat
3053 1058 3067 1071 ·
3096 1038 3316 1101 deinde
3341 1040 3515 1101 etiam
3536 1049 3594 1101 ut
3617 1058 3761 1102 sen-

2117 1121 2245 1203 tiat,
2268 1122 2557 1203 pauloque
2580 1132 2710 1205 post
2730 1124 2790 1185 in
2821 1124 3257 1188 illuminatione
3271 1127 3343 1189 ab
3370 1126 3764 1208 omnipotenti

2117 1210 2239 1273 Deo
2270 1213 2541 1293 accipiet.
2569 1214 2848 1278 Absoluta
2893 1215 3178 1278 matutina
3202 1217 3537 1296 doxologia,
3564 1216 3760 1280 statim

2117 1300 2436 1381 egrediens
2476 1321 2551 1364 ne
2583 1303 2657 1364 ab
2701 1304 2899 1385 hujus,
2936 1313 3034 1365 aut
3065 1305 3224 1367 illius
3245 1324 3349 1366 ore
3383 1306 3669 1387 pendere,
3705 1310 3764 1365 et

2116 1390 2287 1452 otisia
2311 1391 2568 1473 colloqui
2603 1391 2871 1473 incipias.
2901 1396 3118 1457 Verum
3149 1403 3458 1476 postquam
3489 1412 3757 1457 seorsum

2115 1478 2178 1541 in
2209 1480 2359 1542 cella
2400 1491 2767 1555 consuetam,
2805 1491 2860 1543 et
2890 1481 3124 1559 longam
3178 1484 3581 1564 precationem
3623 1502 3758 1544 cum

2112 1568 2488 1650 lacrymis,et
2518 1571 2866 1633 adoratione
2901 1572 3082 1633 multa
3114 1574 3466 1653 persolveris
3514 1575 3589 1634 ad
3614 1590 3765 1653 opus

381 1671 628 1743 suaper
658 1671 727 1715 ea
758 1672 873 1735 que
901 1662 1192 1734 apparent
1218 1654 1400 1726 exuit,
1435 1654 1861 1737 caelestemque
1892 1673 2025 1716 cum
2110 1657 2348 1740 aliquod
2399 1678 2750 1740 cerporeum
2799 1661 3142 1740 aggredere,
3192 1664 3514 1743 statimque
3547 1681 3616 1724 eo
3651 1664 3759 1723 de-

381 1742 585 1804 habitu
611 1743 1176 1825 mouasticoinduit,
1206 1751 1380 1805 nocte
1401 1744 1619 1818 med'a,
1640 1753 1777 1805 ante
1801 1744 2030 1806 dilucu—
2111 1766 2310 1829 curre,
2347 1749 2470 1810 sive
2520 1748 2918 1815 ministerium
2946 1758 3035 1811 est
3065 1750 3139 1811 ad
3174 1742 3595 1823 ministerium,
3636 1752 3762 1814 sive

386 1833 505 1894 lum
529 1852 775 1913 surgere
796 1833 1299 1915 debere,precem
1324 1833 1715 1914 prescriptam
1749 1832 2018 1906 fundere,
2048 1829 2087 1879 Β
2110 1856 2261 1918 opus
2309 1856 2588 1899 manuum
2642 1839 2711 1899 ad
2764 1858 2913 1920 opus
2963 1858 3270 1912 manuum,
3317 1840 3442 1901 sive
3476 1840 3650 1903 lectio
3685 1842 3758 1903 ad

385 1934 560 2007 atque
610 1928 689 1989 ita
735 1927 976 1990 demum
1025 1946 1161 1989 cum
1217 1926 1493 1989 omnibus
1532 1926 1605 1988 ad
1653 1925 2024 2005 doxologiam
2109 1926 2451 1989 lectionem.
2478 1926 2564 1990 Ne
2589 1946 2766 2008 μοιτί)
2798 1928 3023 1989 otiosus
3054 1928 3297 1990 omnino
3330 1929 3388 1990 in
3419 1930 3571 1991 cella
3598 1929 3761 1991 desi-

387 2016 752 2096 congregari,
788 2036 979 2099 eaque
1004 2016 1402 2091 considerate,
1438 2021 1501 2079 et
1538 2015 1852 2096 vigilanter
1881 2034 2023 2096 per-
2108 2014 2254 2077 dere
2270 2015 2549 2091 velis,ne,
2568 2016 2725 2097 quod
2744 2015 2902 2077 dictu
2927 2016 3417 2080 nefaszonoslas
3438 2018 3764 2082 Icmullam

386 2104 569 2186 fungi,
622 2114 682 2166 ut
719 2113 777 2167 at
833 2106 1193 2188 principium
1252 2105 1587 2186 hymnodiae
1643 2112 1904 2166 attentus
1952 2104 2032 2167 sit
2110 2104 2419 2166 malitiam
2483 2107 2696 2168 doceat
2749 2106 2834 2165 Π.
2901 2104 3017 2168 Sed
3079 2125 3275 2187 neque
3330 2108 3761 2171 monasterium

384 2195 790 2269 vehementer,
817 2197 940 2258 sive
970 2197 1041 2257 ad
1070 2195 1537 2277 hexapsalmum,
1574 2193 1645 2255 ad
1677 2193 2023 2269 versiculos,
2112 2193 3073 2276 obambula,lahnraut::sque,aut
3095 2196 3503 2258 ministrantes
3528 2197 3765 2260 curiose

380 2284 451 2345 ad
474 2284 815 2358 lectionem,
833 2284 978 2347 citra
1000 2303 1236 2346 omnem
1263 2283 1718 2365 pigritiam;non
1738 2283 2026 2345 discincto
2112 2282 2384 2346 observa.
2406 2282 2647 2345 Custodi
2671 2293 2865 2345 autem
2892 2284 3222 2357 silentium,
3259 2286 3575 2348 et‘abstine
3604 2296 3659 2348 te
3689 2286 3763 2349 ab

378 2392 652 2455 corpore,
680 2384 735 2436 et
768 2365 983 2456 pedein
1013 2383 1149 2437 ante
1182 2374 1394 2455 pedem
1421 2374 1746 2443 collocans,
1779 2379 1879 2434 aut
1910 2391 2027 2433 mu-
2111 2375 2379 2434 omnium
2427 2373 2827 2435 familiaritate
2887 2381 2944 2434 et
2993 2375 3452 2448 consuetudine,
3505 2396 3637 2457 quae
3676 2385 3766 2437 est

378 2462 481 2532 ris,
526 2464 895 2525 columnisve
946 2480 1012 2525 se
1055 2463 1381 2526 acclinans.
1429 2466 1640 2526 Manus
1686 2468 2030 2523 constanter
2110 2481 2247 2525 vera
2300 2463 2714 2543 peregrinitas.
2765 2462 2897 2525 Tibi
2951 2464 3084 2538 soli,
3144 2473 3199 2525 et
3259 2464 3429 2545 operi
3478 2483 3761 2527 manuum

370 2552 636 2633 junctas,
670 2553 855 2634 pedes
884 2553 1192 2633 aequaliter
1219 2552 1279 2613 in
1304 2561 1460 2614 terra
1490 2552 1756 2613 ﬁrmatos
1782 2550 2025 2622 habere,
2112 2551 2530 2634 qualecunque
2561 2561 2673 2626 est,
2708 2552 2970 2614 attende.
3004 2553 3271 2615 Alterius
3313 2554 3550 2626 cellam,
3586 2554 3701 2615 nisi
3730 2574 3764 2617 a

378 2650 553 2721 caput
596 2662 716 2703 non
772 2642 883 2705 hac
931 2643 1070 2704 illac
1112 2642 1361 2719 agitare,
1410 2649 1469 2703 et
1509 2648 1846 2702 autrorsum
1878 2639 2025 2700 illud
2112 2649 2277 2721 patre
2329 2649 2426 2702 tuo
2484 2636 2799 2722 spirituali,
2857 2649 2959 2702 aut
3005 2660 3039 2702 a
3089 2642 3432 2704 menasterii
3481 2650 3761 2706 curatore

374 2730 711 2807 inflectere,
734 2739 935 2794 mente
955 2751 1072 2793 non
1095 2731 1317 2812 ctl‘erri,
1352 2750 1463 2792 nec
1486 2730 1721 2791 curiosa
1744 2728 2024 2809 cogitare,
2115 2731 2332 2793 missus
2359 2731 2443 2793 sis
2474 2730 2620 2810 (lO),
2657 2750 2732 2793 ne
2763 2730 3122 2810 ingrediare.
3172 2730 3296 2803 Quo
3330 2750 3468 2793 cum
3501 2733 3756 2808 veneris,

374 2828 474 2883 aut
503 2840 638 2883 cum
666 2820 1225 2900 negligentioribus,
1255 2829 1314 2881 et
1345 2821 1504 2882 inter
1534 2839 1598 2882 se
1630 2816 2028 2881 tabulaulibus
2114 2840 2253 2882 cave
2286 2840 2435 2883 neve
2466 2821 2648 2895 dicas,
2706 2840 2856 2883 neve
2904 2821 3110 2883 audias
3157 2822 3459 2903 quidpiam
3509 2832 3674 2885 extra
3704 2822 3761 2884 id

372 2929 442 2973 ac
473 2910 929 2974 susurrantibus
959 2930 992 2972 ει
1020 2911 1235 2991 coeptis
1260 2909 1473 2971 al‘duci
1502 2910 1678 2990 :quin
1702 2908 1897 2990 potius
1919 2927 2030 2969 nec
2112 2910 2269 2991 quod
2303 2928 2400 2974 res
2430 2910 2711 2991 postulat,
2741 2912 2910 2991 cujus
2941 2928 3085 2990 ergo
3120 2912 3336 2972 missus
3367 2930 3432 2973 es
3462 2932 3474 2969 :
3500 2911 3603 2974 sed
3628 2931 3761 2973 cum

374 3002 603 3083 oculos,
652 3020 765 3063 nec
806 2999 1070 3062 animum
1124 3001 1183 3061 in
1237 2998 1493 3061 sublime
1526 3000 1756 3073 tollere,
1790 2998 2026 3079 solique
2109 2999 3330 3082 hreviterresponderis,revertere.Quod
3352 3001 3401 3062 si
3428 3000 3487 3062 in
3517 3000 3762 3063 transitu

378 3090 741 3172 psalmodiae,
776 3098 835 3152 et
860 3089 1122 3170 lectioni,
1159 3099 1216 3152 et
1248 3089 1446 3150 virtuti
1472 3108 1677 3151 eorum
1710 3106 1839 3169 quae
1869 3089 2025 3168 spal-
2046 3157 2081 3172 η
2109 3089 2348 3149 fratrem
2372 3089 2589 3163 solum,
2615 3098 2866 3150 autcum
2892 3088 3083 3151 altero
3112 3090 3451 3150 sedentem.
3478 3089 3762 3152 etintem-

380 3157 601 3254 iuntur,
633 3157 810 3261 atque
829 3198 861 3241 e
881 3157 1460 3260 divinis'Scripturis
1492 3157 1793 3258 leguntur,
1829 3157 2021 3258 quoad
2043 3157 2082 3207 ο
2111 3178 2335 3259 pestive
2359 3157 2720 3258 garrientem
2748 3178 3075 3259 aspexeris,
3095 3179 3289 3259 capite
3313 3178 3765 3259 profundiusin-

384 3270 514 3349 ejus
542 3269 670 3331 ﬁeri
702 3278 917 3350 potest,
951 3276 1242 3331 attentum
1276 3288 1340 3329 se
1374 3268 1664 3350 praebere,
1690 3277 1752 3329 ut
1776 3285 1851 3329 ne
1875 3265 2021 3343 quid
2108 3267 2326 3328 clinato
2358 3267 2570 3328 tacitus
2602 3268 2862 3348 praeteri.
2888 3267 3022 3330 Noli
3051 3269 3343 3330 accedere
3374 3276 3432 3330 et
3462 3287 3578 3330 una
3608 3288 3762 3331 con-

381 3376 516 3419 eum
566 3378 683 3420 non
728 3360 1209 3421 animadversum
1261 3367 1578 3439 pnmtcreat
1631 3379 1644 3415 :
1700 3374 1905 3419 verum
1953 3375 2022 3417 ex
2107 3356 2327 3433 sidere,
2364 3375 2600 3419 memor
2627 3356 2788 3418 illius
2818 3377 2886 3419 ex
2919 3356 3198 3419 Psalmo:
3242 3356 3465 3421 Beatus
3505 3361 3622 3434 vir,
3655 3360 3765 3440 qui

379 3445 656 3509 omnibus
686 3446 1078 3528 pinguescens
1108 3448 1238 3527 ejus
1257 3447 1477 3522 anima,
1502 3448 1574 3508 ad
1603 3444 2008 3525 compunctio-
2104 3445 2471 3509 nonabiitin
2491 3447 3249 3528 caucilioimpiorum,etin
3268 3449 3363 3509 via
3384 3455 3761 3527 peccatorum

378 3555 543 3617 nem,
575 3535 966 3599 humilitatem
1014 3545 1073 3598 et
1114 3535 1613 3597 itluminationem
1662 3532 1850 3595 sancti
1880 3530 2021 3614 Spi-
2105 3552 2229 3597 non
2249 3537 2442 3615 stetit,
2471 3543 2528 3598 et
2550 3537 2611 3597 in
2636 3535 2931 3597 cathedra
2959 3538 3323 3617 pestilentiae
3352 3554 3470 3598 non
3500 3538 3758 3601 sedit“.

374 3632 523 3686 ritus
552 3626 865 3706 pertingat.
2108 3624 2462 3686 Pestilentes
2492 3642 2752 3704 namque
2784 3633 2921 3685 sunt
2953 3625 3317 3705 hujusmo'li,
3352 3624 3507 3686 sicut
3536 3634 3596 3688 et
3616 3629 3767 3692 Pau-

457 3713 745 3787 Quocirca
766 3734 869 3777 vos
903 3715 1210 3777 universos
1242 3722 1319 3774 tat
1342 3731 1518 3793 quam
1552 3730 1760 3785 unum,
1790 3715 2011 3787 Patres,
2098 3715 2195 3777 lus
2227 3713 2349 3777 ait:
2389 3714 2798 3792 Corrumpunt
2831 3716 3017 3777 bonus
3047 3731 3244 3775 mores
3277 3713 3580 3794 colloquia
3606 3735 3761 3796 pra-

369 3807 608 3879 fratres,
633 3814 693 3866 et
722 3805 828 3866 lilii
862 3806 1001 3881 mei,
1035 3806 1312 3878 (bsecro,
1338 3805 1530 3866 ethoc
1553 3812 1616 3864 ut
1639 3804 1830 3882 legem
1864 3802 2019 3863 salu-
2100 3803 2263 3866 1,1349.
2298 3804 2424 3864 Jam
2458 3804 2503 3863 si
2535 3802 2675 3883 quid
2705 3803 2888 3883 pestis
2910 3813 3025 3876 est,
3050 3802 3210 3865 idem
3239 3811 3406 3866 estet
3428 3806 3758 3885 corruptio.

369 3906 557 3959 tarem
581 3895 791 3976 jubeo,
819 3904 880 3956 ut
904 3899 1310 3977 unusquisque
1341 3908 1605 3956 vestrum
1640 3896 1756 3955 tale
1784 3891 2017 3953 initium
2103 3890 2300 3964 Quare
2321 3910 2456 3952 cum
2475 3891 2669 3954 otiosa
2690 3891 3110 3965 fabulantibus,
3129 3893 3368 3960 dilecte.
3391 3912 3465 3953 ne
3488 3894 3720 3957 sederis
3744 3946 3761 3975 ,

364 3986 437 4047 ad
469 4005 620 4065 opus
650 3985 907 4057 virtutis,
937 3986 1057 4045 imo
1089 4004 1226 4045 vero
1258 3984 1332 4044 ad
1362 4002 1510 4063 opus
1545 3983 1652 4046 Dei
1682 3983 1858 4043 faciat
1894 4000 2018 4062 iper

366 4077 523 4157 quod
578 4086 633 4136 et
682 4075 1024 4137 mercedem
1076 4073 1339 4135 laborius
1385 4073 1602 4134 nostris
1648 4072 2021 4152 responden-

371 4174 513 4237 tem,
548 4183 654 4225 ceu
688 4165 761 4225 ab
793 4183 863 4226 eo
895 4165 994 4245 qui
1028 4163 1215 4224 bonos
1260 4178 1419 4223 amet
1467 4161 1815 4243 accipimus)
1866 4169 1926 4222 ut
1968 4159 2018 4221 si

376 4254 503 4315 fieri
543 4263 741 4335 queat,
787 4273 961 4315 nemo
1014 4263 1279 4314 nostrum
1313 4252 1441 4312 sine
1474 4250 1746 4332 iacrymis
1774 4251 1847 4312 ad
1880 4251 2013 4312 offi-

373 4362 529 4404 caam
561 4353 619 4406 et
653 4343 970 4404 lectionem
999 4342 1266 4403 accedat.
1296 4340 1357 4403 Si
1388 4341 1574 4415 enim,
1609 4341 1687 4402 mi
1714 4340 1918 4420 frater,
1940 4340 2018 4402 ita

371 4446 427 4495 te
457 4434 529 4494 ad
551 4452 701 4514 opus
723 4434 834 4494 huc
857 4432 1277 4499 assueti-ceris,
1299 4431 1460 4491 brevi
1487 4445 1754 4511 tempure
1777 4448 2013 4511 proccs-
2041 4405 2083 4454 ι)

368 4542 470 4584 sus
499 4524 745 4598 efticies,
775 4532 829 4585 et
862 4524 921 4583 in
954 4524 1142 4584 virum
1187 4523 1546 4603 perfectum,
1581 4521 1641 4581 in
1676 4538 2016 4581 mensuram

366 4613 554 4674 aetatis
587 4612 978 4694 plenitudinis
1010 4612 1228 4675 Christi
1259 4629 1562 4673 occurrcs.
1592 4609 1824 4671 IuS‘ans
1856 4610 2017 4672 enim

369 4702 473 4763 tibi
506 4702 643 4783 ipsi.
666 4722 741 4764 ne
762 4705 911 4764 citra
946 4703 1231 4784 lacrymas
1264 4700 1673 4783 praescriptum
1712 4700 2014 4773 Ecclesiae,

366 4811 472 4854 seu
523 4793 1003 4873 congregationis
1060 4793 1326 4854 ottieium
1381 4792 1689 4868 decurras,
1750 4790 2018 4851 habitum

368 4882 505 4944 luuni
540 4883 717 4963 hujus
747 4885 1118 4963 adipisccris,
1155 4892 1330 4963 atque
1378 4881 1437 4943 in
1482 4883 1609 4964 ipsa
1639 4880 2016 4960 stichologia,

367 4983 425 5033 et
457 4973 731 5053 tropariis
763 4993 893 5054 quae
927 4974 1148 5053 psallis,
1187 4973 1363 5034 alitur
1409 4974 1646 5033 animus
1683 4983 1839 5044 tuus,
1874 4972 2015 5032 dum

367 5061 598 5122 divinos
628 5082 834 5124 eorum
867 5081 1100 5124 sensus.
1144 5063 1201 5122 iu
1227 5082 1290 5123 se
1310 5062 1545 5142 recipit,
1574 5069 1632 5122 et
1662 5078 1769 5141 per
1796 5078 1865 5120 ea
1887 5077 2020 5139 qua:

364 5151 665 5233 dicuntur,
699 5172 767 5214 ac
799 5172 870 5214 ea
900 5172 1031 5235 quae
1063 5152 1497 5232 intelliguntur,
1533 5171 1703 5214 meus
1734 5149 2017 5232 provehi-

365 5249 478 5314 tur,
512 5241 796 5323 dulcique
846 5244 981 5304 Πρω
1016 5242 1273 5316 stillans,
1312 5249 1387 5302 ita
1437 5240 1497 5302 in
1548 5250 1702 5303 ccetu
1744 5241 2013 5315 fratrum,

364 5340 427 5390 ut
455 5329 515 5391 in
541 5330 693 5392 caelo
728 5350 865 5393 cum
897 5329 1087 5393 beatis
1120 5330 1423 5391 mentibus
1470 5329 1615 5390 vivis
1677 5332 1789 5395 Fer
1836 5328 2019 5409 igitur

444 5497 507 5550 46
535 5500 741 5565 Matth.
776 5521 835 5582 κ,
868 5500 967 5565 22.

1054 5500 1116 5551 4⁸1
1143 5499 1307 5563 Eccli
1336 5517 1543 5576 xxxm,
1582 5497 1684 5565 29.
1769 5500 1833 5551 48
1865 5502 2017 5565 l’sal.
2052 5519 2094 5577 1,
2138 5501 2189 5563 Ι.

2106 4003 2218 4045 nec
2256 3983 2419 4044 dicas
2458 4000 2472 4046 :
2516 3983 2771 4045 Audiam
2803 3992 2863 4045 et
2893 4005 3000 4063 ego
3029 3984 3170 4065 quid
3208 3984 3511 4059 Iocamini;
3554 3987 3657 4049 sed
3703 3995 3764 4050 ut

2107 4072 2281 4133 modo
2303 4072 2533 4134 aiebam
2548 4072 2677 4137 .sub
2703 4072 2883 4135 misso
2902 4093 3015 4136 rev.
3042 4083 3247 4135 renter
3261 4085 3476 4156 cap:te,
3500 4076 3758 4155 praeteri.

2185 4163 2501 4226 Silentium
2534 4172 2593 4225 ct
2622 4175 2836 4225 statum
2881 4158 3411 4246 conditionemljne
3458 4168 3760 4246 peregrini

2102 4272 2292 4315 serva.
2328 4253 2670 4324 Silentium,
2698 4253 2836 4314 dum
2864 4254 3213 4334 tibimetipsi
3237 4266 3437 4316 tacens
3457 4255 3569 4331 ais,
3587 4259 3760 4338 quid-

2106 4362 2237 4403 nam
2290 4362 2395 4420 ego
2451 4342 2589 4403 haui
2639 4359 2877 4419 possum
2927 4344 3355 4424 proloqui,qu
3410 4353 3570 4406 tatus
3626 4366 3755 4408 sum

2104 4434 2313 4500 lutum.
2350 4442 2407 4492 et
2441 4433 2677 4494 fatuus?
2703 4433 2819 4493 imo
2853 4452 2885 4494 e
2918 4433 3031 4493 iam
3064 4434 3305 4513 hospes,
3351 4445 3406 4494 et
3449 4434 3753 4514 indignus,

2100 4521 2201 4603 qui
2232 4521 2459 4601 loquar,
2492 4538 2583 4582 aut
2624 4523 2884 4599 audiam,
2909 4533 3007 4583 aut
3040 4523 3193 4583 inter
3229 4523 3502 4584 nomines
3542 4544 3757 4586 mune-

2103 4628 2224 4673 rer.
2272 4611 2760 4689 l'cregrinitatem
2796 4629 2961 4688 vero,
3005 4616 3324 4693 fugamque
3372 4612 3571 4673 omnis
3604 4634 3756 4675 Cun-

2104 4698 2456 4780 sortii,dum
2485 4700 2606 4761 haec
2633 4700 2879 4781 cogitas,
2899 4711 2956 4761 et
2988 4700 3219 4764 tibimet
3248 4702 3498 4770 occinis,
3521 4723 3629 4765 con
3648 4706 3754 4764 ~ti-

2104 4800 2280 4852 tuens
2311 4789 2414 4849 tibi
2444 4799 2685 4869 peccata
2707 4800 2807 4851 tua
2838 4800 2971 4850 ante
2994 4791 3218 4870 oculus,
3256 4812 3366 4851 nec
3390 4791 3752 4872 primoribus

2101 4879 2387 4941 duntaxat
2414 4878 2621 4951 labris,
2651 4880 2755 4938 sed
2790 4898 2856 4940 ex
2890 4879 3220 4960 precordiis
3247 4880 3395 4941 IlitlS
3422 4899 3435 4942 :
3459 4881 3599 4954 Quis
3618 4902 3747 4944 sum

2102 4987 2209 5048 ego
2261 4967 2528 5049 abjectus
2579 4980 2637 5029 et
2680 4969 2831 5043 vilis,
2887 4969 3167 5047 ignobilis
3216 4979 3275 5031 et
3321 4971 3656 5041 mendicus,
3696 4983 3761 5034 ut

2102 5058 2315 5120 cellam
2366 5057 2615 5119 alterius
2663 5059 2961 5121 subeam?
3014 5079 3213 5121 nonne
3265 5070 3327 5121 ut
3376 5080 3471 5121 me
3518 5063 3755 5136 viderit,

2101 5147 2269 5228 quasi
2322 5157 2652 5208 monstrum
2704 5148 3126 5212 aversabitur?
3158 5168 3357 5211 nonne
3401 5150 3583 5224 dicet,
3613 5152 3757 5234 quid

2102 5237 2502 5299 exsecranvlax
2538 5237 2649 5299 iste
2676 5238 2877 5317 adme
2909 5238 3091 5313 venit,
3136 5246 3197 5299 ut
3234 5239 3510 5301 cellulam
3558 5260 3752 5304 meam

2100 5326 2403 5393 incestat?
2431 5324 2499 5390 Et
2535 5345 2874 5409 quanquam
2904 5347 2938 5389 a
2970 5327 3263 5416 principio
3315 5328 3437 5395 inec
3482 5332 3637 5421 apud
3692 5341 3748 5400 te

2277 5494 2390 5558 491
2422 5497 2556 5560 Cor.
2590 5512 2688 5579 xv,
2726 5496 2825 5561 33.

447 5668 572 5752 (10)
609 5674 729 5753 Περὶ
760 5684 853 5733 τοῦ
880 5671 1178 5735 Stante-11:05
1208 5677 1304 5739 τῆς
1337 5694 1507 5748 pom:
1539 5668 1674 5734 vide
1704 5669 1971 5736 Cassian.
2011 5671 2024 5732 l

2112 5670 2226 5734 lat.
2267 5682 2395 5743 xxt,
2428 5685 2555 5749 cap.
2597 5667 2620 5730 l
2656 5667 2708 5730 el
2740 5667 2803 5738 2.
