4160 6400
418 321 539 388 443
1707 317 1859 381 SYM
1874 317 2071 382 ΕΟΝΙΕ

2157 314 2506 381 'UNIORIS.
3680 310 3715 374 4
3730 308 3798 371 44

421 453 624 518 dicere
655 471 776 516 non
810 451 1072 535 potuisti,
1121 459 1320 515 tamen
1362 452 1583 514 sensim
1618 450 1796 513 etiam
1827 450 1901 513 ad
1930 449 2067 522 hoc,
2093 457 2134 506 Α
2156 450 2494 530 quempiam
2528 449 2743 511 sedere
2772 447 3173 528 conspiceris;
3199 445 3453 529 perinde
3481 465 3551 509 ac
3582 444 3631 507 si
3656 463 3803 535 om-

420 545 606 623 gratia
636 544 741 606 tibi
773 534 1133 624 cooperante
1166 544 1502 623 pervenies.
1526 543 1776 602 Tantum
1806 538 1941 601 audi
1977 557 2070 599 me
2155 557 2262 599 nes
2291 539 2376 600 illi
2406 539 2618 600 divites
2641 539 2759 599 sint
2781 538 3122 609 virtutibus,
3151 546 3211 598 tu
3234 546 3431 598 autem
3467 534 3799 624 mendicus,

420 633 707 696 humilem
734 651 750 708 ;
785 623 1007 695 tantum
1039 633 1129 694 fac
1152 632 1362 694 horum
1395 631 1655 703 initium,
1693 628 1899 709 frater,
1933 638 2067 690 tan-
2154 639 2211 690 et
2242 630 2459 701 nudus,
2492 637 2549 690 et
2579 628 2679 710 qui
2707 630 2863 691 inter
2888 647 2991 689 eos
3020 646 3283 704 versere,
3317 644 3644 707 eorumque
3672 623 3802 685 vul-

422 730 545 784 tum
571 724 698 785 haac
728 722 948 801 ficere,
986 730 1045 783 et
1073 739 1273 800 agere,
1306 729 1364 782 et
1394 719 1556 801 loqui
1580 718 1803 792 ordire,
1830 727 1884 779 et
1911 719 2069 780 Deus
2153 726 2247 780 tus
2269 718 2548 798 aspicias,
2582 717 3056 796 indignissimus.

423 820 481 873 te
514 830 628 873 non
661 812 899 875 deseret
928 832 941 872 :
968 812 1118 873 mire
1152 810 1311 872 enim
1336 819 1391 872 te
1407 818 1586 883 amat,
1616 816 1789 888 teque
1812 807 1884 869 ad
1905 807 2068 883 agni-
2229 806 2517 870 Czeterum
2563 808 2761 870 cibum
2795 815 3080 881 tacturus,
3115 824 3348 867 rursum
3381 806 3492 867 ista
3523 811 3797 886 peccata-

422 901 643 963 tionem
667 900 931 963 veritatis
954 900 1252 969 venire-'50.
1275 907 1332 960 et
1353 898 1565 961 salvari
1589 896 2063 961 desideratCum
2150 916 2280 959 rum
2336 909 2571 961 tuorum
2625 897 2973 960 recordatus
3033 895 3361 976 cogitabis:
3424 895 3513 957 An
3572 912 3691 955 non
3738 892 3800 955 in

421 998 657 1072 tempus
685 1008 873 1073 usque
910 991 985 1053 ad
1034 991 1241 1052 horam
1277 987 1552 1068 liturgiae,
1586 1006 1690 1049 seu
1742 983 1937 1047 missae
1980 985 2068 1050 sic
2141 986 2439 1067 judicium
2473 994 2531 1050 et
2562 986 3123 1049 condemnationem
3159 986 3281 1062 ﬁat,
3317 986 3367 1047 si
3407 984 3548 1067 quid
3594 1003 3663 1046 ex
3692 1001 3800 1073 ap-

421 1071 807 1161 transegeris',
846 1080 1063 1142 iterum
1088 1097 1297 1158 magno
1319 1076 1545 1158 studio,
1570 1084 1628 1138 et
1657 1075 1964 1138 alacritate
1992 1074 2068 1137 ad
2153 1076 2362 1156 positis
2405 1076 2761 1155 contigero?
2798 1076 2921 1139 Deo
2959 1076 3123 1140 enim
3156 1075 3257 1158 qui
3287 1077 3416 1139 haec
3445 1071 3799 1157 procreavit,

422 1170 667 1251 synaxin
727 1170 894 1232 vade.
945 1170 1051 1232 Sta
1098 1186 1166 1230 ea
1216 1168 1429 1243 forma,
1474 1184 1650 1249 quam
1692 1165 1752 1227 in
1785 1164 2073 1227 matutina
2159 1165 2448 1247 nobisque
2498 1167 2792 1229 vescenda
2839 1166 3083 1246 largitus
3134 1175 3247 1241 est,
3295 1185 3405 1246 ego
3436 1165 3510 1228 ab
3556 1163 3808 1225 infantia

420 1258 729 1339 doxologia
762 1258 864 1320 tibi
898 1257 1401 1340 praeseripsimus,
1426 1264 1483 1319 et
1514 1257 1705 1317 luctus
1727 1255 2070 1340 neutiquam
2157 1273 2290 1316 mea
2319 1254 2675 1319 inobediens
2703 1255 2809 1331 fui,
2842 1263 2902 1317 et
2929 1264 3163 1318 sanctas
3192 1257 3355 1335 leges
3388 1256 3516 1335 ejus
3546 1273 3663 1315 non
3694 1271 3805 1315 cu-

420 1338 803 1411 obliviscere.
829 1338 972 1410 Asta
991 1366 1127 1409 cum
1162 1356 1449 1419 tremoro,
1480 1352 1684 1427 utpote
1715 1344 1929 1406 Filium
1964 1338 2071 1406 Dei
2153 1346 2391 1411 stodivi.
2416 1347 2490 1411 Et
2519 1346 2819 1429 quomodo
2842 1347 3014 1409 bonis
3039 1347 3225 1427 ipsius
3246 1346 3495 1428 proinde
3516 1352 3582 1407 ut
3613 1343 3802 1407 sancti

418 1445 663 1517 propter
693 1444 747 1498 te
779 1434 1104 1498 sacriﬁcari
1135 1433 1540 1515 con<piciens,
1575 1441 1633 1494 et
1654 1432 1705 1494 si
1734 1433 1946 1511 dignos
1976 1451 2065 1512 es,
2152 1434 2354 1498 Patres
2383 1436 2479 1498 isti
2512 1455 2619 1516 ego
2642 1456 2879 1518 quoque
2911 1436 3192 1516 indignus
3219 1446 3277 1500 et
3307 1454 3448 1499 reus
3489 1432 3804 1516 perfruar?

417 1532 593 1606 atque
615 1525 690 1587 ad
715 1527 828 1587 hoc
858 1524 1149 1605 expiatus,
1184 1524 1244 1586 in
1278 1524 1491 1587 timore.
1522 1529 1578 1584 et
1603 1522 1817 1601 gaudio
1847 1521 2069 1584 accede
2151 1522 2277 1597 Quo
2310 1526 2469 1587 vultu
2500 1534 2637 1587 ante
2668 1526 2878 1587 oculus
2905 1524 3143 1586 Domini
3176 1525 3293 1586 mei
3322 1543 3430 1604 ego
3464 1541 3717 1604 nequam
3745 1531 3807 1583 et

418 1614 964 1677 communicaturus
1005 1614 1179 1676 bonis
1224 1612 1749 1677 inenarrabilibus.
1790 1615 1929 1676 Post
1960 1631 2066 1673 ex-
2152 1612 2461 1694 improbus
2510 1624 2567 1677 et
2617 1615 2882 1694 ingratus
2925 1633 3153 1688 servus,
3188 1615 3532 1695 priusquam
3584 1631 3802 1693 pecca-

417 1711 640 1766 tremas
672 1722 882 1783 preces
912 1711 1237 1782 ingressus,
1264 1722 1397 1765 cum
1422 1701 1700 1764 omnibus
1729 1701 2350 1765 accubituantorum
2401 1723 2495 1766 me
2545 1706 2929 1785 pmnituerit,
2981 1714 3041 1766 et
3087 1704 3160 1766 ab
3221 1705 3380 1765 illius
3436 1702 3805 1781 benignitwte

418 1793 523 1868 ite,
548 1811 659 1856 nec
683 1801 737 1855 te
764 1793 1101 1855 afratribus
1125 1793 1239 1854 tuis
1261 1810 1495 1874 separa.
1520 1790 1591 1854 Et
1622 1791 1920 1872 siquidem
1955 1792 2068 1852 mi-
2152 1792 2380 1855 veniam
2409 1794 2670 1875 perfecte
2703 1795 3066 1876 acceperim,
3110 1795 3264 1857 sicut
3300 1794 3402 1872 qui
3439 1812 3556 1854 non
3589 1810 3805 1873 pecca-

421 1883 679 1945 nistrare
699 1882 1038 1963 jubeberis,
1065 1890 1189 1944 asta
1214 1883 1551 1952 uthristo,
1579 1900 1694 1942 non
1719 1881 2067 1942 utbomini-
2152 1892 2383 1958 verunt,
2418 1894 2518 1945 aut
2556 1904 2690 1945 cum
2730 1894 3101 1965 peccassent,
3146 1903 3250 1965 per
3276 1882 3688 1965 penitentiam
3706 1900 3807 1943 ve.-

419 1972 553 2048 bus,
586 1975 823 2034 sincero
853 1974 1089 2047 affectu,
1125 1981 1183 2034 et
1213 1990 1283 2034 ex
1327 1971 1638 2046 charitate,
1672 1970 1971 2034 omnibus.
2009 1977 2072 2031 ut
2155 1972 2754 2053 niamimpetrarunt,
2776 1974 2905 2055 ipse
2936 1975 3157 2055 pariter
3176 1973 3584 2049 comedam,et
3608 1971 3807 2033 bibam

416 2062 661 2143 sanctis,
682 2062 770 2124 vel
800 2062 1016 2143 potius,
1046 2062 1202 2123 sicut
1225 2061 1593 2133 dicebamus,
1618 2069 1680 2121 ut
1700 2059 1815 2141 ipsi
1835 2059 2068 2122 Christo
2155 2069 2371 2123 etcum
2398 2066 2624 2125 sanctis
2665 2062 3001 2143 gaudeam?
3024 2062 3201 2127 Nullo
3226 2065 3405 2125 modo
3455 2062 3557 2124 sed
3582 2061 3715 2123 cibo
3748 2069 3809 2123 et

416 2152 893 2215 ministraturus:
927 2151 1128 2213 animo
1158 2150 1424 2229 singulos
1453 2149 1632 2211 veluti
1657 2150 2063 2231 complexans,

415 2247 473 2302 et
504 2240 756 2321 teipsum
785 2239 1149 2301 intentiones
1164 2259 1232 2301 ac
1256 2239 1559 2301 voluntate
1584 2247 1767 2300 totum
1794 2257 1900 2321 per
1926 2240 2067 2301 clia-

413 2327 647 2390 ritatem
670 2332 757 2391 eis
787 2329 1171 2410 impendens,
1203 2338 1261 2390 et
1293 2338 1349 2392 te
1378 2347 1447 2390 ex
1480 2327 1816 2389 ministerio
1848 2328 1960 2403 isto
1990 2329 2063 2391 ad

412 2418 782 2479 sarctimonii
838 2418 1094 2481 fructum
1163 2417 1617 2498 percipiendum
1679 2417 2063 2479 confirmans.

413 2506 580 2581 Quod
603 2507 654 2568 si
681 2527 885 2571 mense
910 2526 1043 2571 cum
1069 2507 1301 2570 caeteris
1335 2515 1396 2568 tu
1422 2526 1659 2587 quoque
1690 2506 2065 2588 accubueris,

414 2616 489 2659 en
519 2597 663 2678 quid
698 2597 828 2673 tibi,
864 2606 927 2659 ut
954 2599 1174 2659 dilecto
1208 2596 1384 2678 patri,
1415 2614 1485 2658 ac
1514 2596 1682 2657 fratri
1726 2615 1858 2657 meo
1894 2616 2066 2658 man-

414 2686 573 2749 dem.
596 2686 683 2748 Ad
715 2686 1019 2767 appositas
1048 2685 1256 2767 epulas
1301 2704 1374 2747 ne
1412 2684 1665 2746 festinus
1705 2704 1774 2746 ac
1807 2704 2070 2766 praeceps

416 2793 661 2838 manum
702 2776 1012 2851 extendas,
1038 2784 1352 2856 antequam
1382 2774 1653 2836 seniores
1683 2774 1757 2836 de
1788 2775 2069 2837 fratribus

415 2865 731 2929 comedere
766 2864 1077 2946 incipiant,
1108 2873 1168 2927 et
1188 2874 1503 2946 antequam
1528 2882 1787 2945 superne
1806 2883 1840 2925 a
1863 2882 2066 2927 sacer-

2155 2150 2396 2231 potione
2418 2151 2612 2213 solum
2645 2167 2800 2227 utar,
2828 2171 2903 2215 ne
2934 2154 3051 2215 vita
3082 2152 3377 2227 deliciam,
3413 2160 3471 2213 et
3508 2151 3802 2229 meipsum

2154 2240 2492 2321 macerabo,
2518 2241 2799 2303 cruciabo
2826 2252 2883 2302 et
2920 2240 3237 2316 damnabo,
3263 2250 3329 2304 ut
3358 2245 3514 2305 Deus
3544 2240 3805 2319 desuper

2151 2331 2507 2411 respiciens,
2555 2341 2615 2394 et
2652 2333 2952 2413 angustias
2981 2333 3488 2413 voluntariamque
3518 2331 3799 2393 afﬂictio-

2152 2436 2290 2480 nem
2344 2440 2534 2482 meam
2584 2421 2845 2495 intuens,
2900 2422 3277 2493 misereatur,
3328 2430 3385 2482 et
3430 2421 3618 2482 multa
3656 2420 3802 2481 mihi

2154 2517 2395 2588 peccata
2446 2529 2575 2571 mea
2622 2511 2907 2590 ignoscat.
2955 2511 3091 2572 Haec
3123 2510 3296 2591 igitur
3327 2509 3541 2589 cogita,
3590 2510 3803 2570 horum

2161 2594 2425 2659 identem
2459 2610 2787 2663 memento.
2822 2600 3044 2661 Adbaec
3076 2600 3307 2678 impera
3357 2598 3462 2659 tibi
3511 2607 3596 2659 tot
3638 2597 3808 2659 bolos

2152 2684 2355 2767 edere,
2381 2694 2443 2747 ut
2474 2688 2753 2750 saturitas
2782 2708 2897 2749 non
2930 2696 3235 2768 sequatur,
3263 2688 3445 2750 multo
3499 2692 3808 2769 pauciores

2152 2774 2381 2855 utique,
2402 2796 2578 2857 quam
2607 2797 2711 2858 pro
2735 2779 3119 2859 necessitate,
3141 2787 3200 2839 et
3222 2795 3399 2858 quam
3432 2796 3806 2858 concoquere

2151 2864 2543 2944 possesltem
2569 2886 2775 2939 unum,
2810 2877 2909 2929 aut
2938 2866 3054 2928 duo
3078 2868 3312 2946 pocula,
3332 2878 3392 2928 et
3424 2866 3481 2927 id
3519 2885 3635 2926 una
3657 2868 3803 2927 hora

415 2955 823 3018 doterecitata
844 2954 921 3016 sit
946 2954 1586 3035 benedictio.Cumque
1609 2954 1782 3015 simul
1803 2974 1936 3016 cum
1958 2955 2069 3017 fra-
2149 2952 2269 3014 diei
2293 2954 2585 3017 constitua
2633 2975 2897 3019 sumere.
2936 2955 3080 3019 Cum
3134 2955 3424 3028 comedis,
3466 2974 3540 3016 ne
3570 2955 3796 3033 cogita-

415 3044 607 3106 tribus
623 3062 691 3106 ac
708 3044 972 3125 patribus
998 3045 1112 3105 tuis
1127 3062 1343 3125 corpus
1357 3043 1489 3105 cibo
1512 3044 1761 3106 reficere
1782 3045 2058 3125 coeperis,
2083 3072 2122 3123 ρ
2152 3041 2296 3103 tioni
2324 3041 2603 3107 subeunti
2635 3044 2833 3120 cedas,
2854 3055 2915 3107 ut
2930 3044 3155 3126 aliquid
3174 3044 3248 3106 de
3269 3044 3555 3125 appositis
3587 3045 3793 3124 eligas,

413 3133 654 3195 attende
693 3134 822 3209 tibi,
870 3152 1047 3214 quam
1081 3132 1601 3215 compositissime,
1636 3133 1930 3209 ettacitus
1961 3152 2059 3195 se-
2146 3130 2303 3211 quod
2353 3131 2667 3195 absumas:
2697 3134 2800 3196 sed
2852 3153 2990 3196 cave
3026 3153 3100 3195 ne
3132 3133 3271 3216 quid
3307 3133 3606 3207 comedas,
3641 3132 3798 3213 quod

413 3223 587 3303 dens,
620 3242 753 3285 cum
789 3225 952 3286 nullo
1005 3224 1238 3304 penitus
1264 3225 1535 3305 loquens,
1570 3223 1629 3284 in
1664 3223 1920 3285 lectione
1951 3224 2062 3285 de-

416 3313 593 3391 ﬁxus,
624 3319 685 3375 et
715 3324 778 3374 ut
808 3331 1048 3394 corpus,
1075 3314 1162 3375 sic
1193 3314 1459 3375 animum
1491 3332 1725 3393 quoque
1755 3332 1825 3375 ex
1848 3314 2065 3376 divinis

415 3403 605 3464 sancti
647 3401 907 3483 Spiritus
958 3403 1217 3465 oraculis
1265 3403 1454 3464 alens.
1490 3401 1739 3483 Oportet
1790 3403 1951 3464 enim
1985 3414 2065 3476 te,

416 3510 552 3552 cum
597 3491 873 3571 geminus
904 3492 1013 3573 sis,
1047 3511 1114 3554 ex
1145 3492 1368 3567 animo,
1403 3491 1669 3573 inquam,
1721 3502 1779 3554 et
1819 3512 2068 3573 corpore

413 3591 713 3656 constans,
742 3582 1171 3644 convenienter
1194 3582 1437 3661 gemino
1462 3582 1747 3644 alimento
1778 3600 1847 3645 ac
1865 3601 2069 3645 mensa

414 3670 523 3734 uti.
567 3670 798 3741 Etcum
833 3690 1051 3753 corpus
1085 3671 1188 3734 tibi
1231 3671 1306 3733 sit
1347 3682 1368 3733 t
1408 3682 1657 3746 rrestre,
1692 3672 1850 3753 quod
1894 3692 2075 3735 sensu

417 3758 747 3839 percipitur
771 3759 1005 3822 animus
1030 3779 1118 3821 vet
1138 3780 1195 3835 o,
1232 3761 1333 3842 qui
1376 3761 1501 3822 sola
1531 3761 1759 3822 ratione
1790 3780 2072 3841 compre-

415 3848 719 3928 henditur,
753 3867 825 3910 ac
851 3849 1091 3910 divinus
1121 3858 1232 3924 est,
1262 3850 1411 3911 illud
1447 3850 1624 3911 etiam
1661 3850 2071 3931 sensibilibus,

417 3944 539 3999 ete
570 3945 728 3999 terra
759 3938 1144 3999 nascentibus
1196 3939 1436 4020 eduliis,
1486 3940 1646 4003 hunc
1697 3939 2074 4001 intellectua-

418 4024 597 4100 libus,
632 4025 971 4107 divinisque
1016 4026 1460 4109 Scripturarum
1514 4029 1769 4111 dapibus
1817 4028 2069 4090 nutrire.

418 4113 627 4195 Itaque
659 4122 855 4193 partes
887 4116 946 4177 in
983 4136 1189 4178 mensa
1217 4118 1539 4199 appositas,
1563 4138 1680 4201 que
1712 4118 1863 4180 forte
1888 4118 2077 4198 major

417 4211 518 4265 aut
568 4202 763 4265 minor
792 4205 869 4266 sit
899 4205 1135 4269 curiose
1178 4212 1273 4269 ne'
1302 4206 1624 4288 inspicias:
1669 4209 1773 4270 sed
1808 4228 1939 4289 quas
1972 4208 2078 4270 tibi

424 4291 670 4373 praebita
708 4293 906 4370 fuerit,
931 4314 1061 4357 eam
1095 4315 1228 4359 cum
1280 4297 1444 4360 omni
1490 4303 1809 4378 gratiarum
1844 4299 2077 4360 actione

421 4391 759 4463 susceptam
792 4385 1065 4459 comede,
1095 4387 1275 4468 idque
1307 4395 1736 4469 temperanter,
1768 4387 1827 4448 in
1873 4386 2074 4449 omni-

2151 3220 2255 3280 tibi
2302 3222 2576 3300 sapiilum
2620 3223 2747 3285 fore
2789 3224 2977 3285 visum
3028 3223 3305 3284 est:sola
3334 3242 3470 3284 vero
3502 3242 3632 3303 quae
3662 3234 3802 3284 ante

2152 3318 2210 3371 te
2239 3320 2400 3385 sunt,
2436 3312 2710 3375 comede.
2762 3313 2917 3386 Quin
2950 3313 3129 3374 etiam
3165 3312 3214 3373 si
3246 3314 3394 3375 forte
3423 3311 3675 3384 fructus,
3702 3321 3804 3373 aut

2152 3398 2267 3461 alia
2315 3400 2586 3480 quaedam
2634 3400 2884 3463 bellaria
2925 3402 3167 3476 fuerint,
3204 3411 3262 3463 et
3294 3421 3477 3463 unum
3516 3401 3801 3481 quiddam

2154 3487 2259 3549 tibi
2289 3490 2582 3561 arriserit,
2599 3491 2934 3573 dixeritque
2954 3490 3127 3553 tacita
3147 3491 3456 3568 cogitatio:
3484 3490 3802 3553 Pulchrum

2156 3590 2246 3640 est
2274 3578 2445 3651 illud,
2471 3583 2675 3659 accipe
2693 3588 2755 3643 et
2774 3581 3048 3655 comede,
3073 3580 3147 3642 da
3169 3599 3412 3661 Operam
3439 3600 3511 3643 ne
3534 3581 3804 3662 vincare,

2158 3685 2306 3729 neve
2329 3677 2531 3749 tangas
2552 3670 2698 3731 illud
2727 3691 2742 3746 ;
2768 3672 3006 3751 quando
3030 3689 3136 3752 per
3155 3670 3318 3732 aliud
3364 3670 3512 3731 nihil
3544 3671 3807 3733 Ada‘nus

2159 3774 2191 3817 e
2243 3758 2514 3835 paradiso
2573 3760 2999 3821 exterminatus
3060 3768 3172 3833 est,
3218 3759 3331 3821 nisi
3388 3759 3526 3840 quia
3578 3759 3810 3823 arboris

2156 3845 2382 3907 fructus
2426 3849 2677 3927 pulcher
2708 3850 2785 3925 ei,
2820 3859 2879 3912 et
2910 3849 3103 3911 bonus
3133 3848 3203 3910 ad
3232 3848 3592 3910 vescendum
3619 3868 3806 3930 appa-

2157 3935 2296 4010 ruit,
2333 3944 2391 3997 et
2416 3938 2676 4000 comedit
2702 3957 2774 4001 ex
2795 3939 2949 4020 ipso,
2974 3938 3231 4019 ideoque
3262 3938 3488 4018 ejectus
3510 3946 3568 3999 et
3597 3939 3809 4019 expul-

2155 4042 2281 4099 sus,
2318 4035 2625 4108 morteque
2656 4039 2716 4091 et
2746 4029 3129 4109 corruptione
3178 4028 3493 4090 damnatus
3544 4035 3653 4089 est.
3700 4027 3810 4099 Qui

2158 4132 2298 4192 ergo
2330 4115 2391 4176 in
2439 4116 2775 4197 paradisum
2823 4118 3015 4193 illum,
3067 4119 3156 4180 vel
3205 4117 3399 4199 potius
3446 4117 3504 4179 in
3556 4136 3809 4185 regnum

2159 4203 2444 4267 coalorum
2496 4206 2713 4268 reverti
2771 4207 2994 4278 volunt,
3031 4206 3456 4270 continentiam
3512 4207 3641 4305 sjne
3692 4207 3816 4268 ulla

2162 4295 2634 4373 transgressione
2654 4297 2831 4357 etiam
2853 4297 2924 4358 ad
2954 4298 3079 4359 haec
3104 4315 3289 4378 usque
3309 4295 3808 4372 servare'debent,

2163 4403 2236 4446 ne
2270 4386 2549 4465 paulatim
2577 4385 2636 4447 in
2672 4387 2950 4466 majores,
2996 4396 3057 4448 et
3084 4386 3290 4448 noxias
3332 4385 3685 4467 cupiditates
3715 4385 3811 4446 iu-

421 4469 535 4533 bus
586 4476 952 4534 saturitatem
1006 4475 1268 4553 fugiens;
1321 4476 1631 4556 indignum
1693 4477 1969 4539 videlicet
2020 4469 2423 4539 teucurrant.
2460 4472 2520 4536 Si
2550 4482 2606 4537 te
2638 4474 2851 4536 fratres
2897 4475 3076 4536 simul
3118 4475 3538 4538 accumbentes
3563 4477 3811 4536 hortan-

421 4562 672 4622 fratrum
706 4580 912 4624 mensa
942 4574 1249 4645 reputans,
1283 4566 1540 4647 taliaque
1566 4575 1765 4629 tecum
1792 4566 2069 4627 volvens:

423 4648 568 4722 Quis
606 4668 737 4711 sum
773 4670 882 4728 ego
922 4651 1189 4733 abjectus
1217 4662 1275 4716 et
1307 4656 1527 4718 nullius
1560 4654 1757 4737 pretii,
1808 4664 1871 4717 ut
1911 4656 2077 4719 bisce

418 4738 646 4801 sanctis
677 4739 1000 4824 assideam,
1022 4752 1080 4804 et
1102 4743 1300 4807 cibum
1324 4764 1441 4806 una
1460 4750 1688 4826 capiam
1709 4749 1740 4806 ‘.'
1764 4744 1859 4808 Sic
1879 4753 2074 4807 tecum

421 4827 699 4910 loquens,
745 4837 864 4891 toto
898 4832 1079 4894 corde
1111 4842 1168 4894 te
1198 4833 1390 4895 solum
1435 4844 1805 4914 peccatorem
1846 4833 2069 4896 ducito.

417 4916 934 4991 Quemadmodum
960 4921 1273 4984 mendicus
1301 4922 1540 5004 aliquis,
1575 4931 1634 4984 et
1664 4924 1883 5004 pannis
1911 4923 2078 4985 obsi-

422 5014 538 5082 tus,
566 5005 614 5068 si
641 5008 701 5070 in
725 5008 988 5071 medium
1026 5010 1362 5093 principum
1386 5032 1456 5074 ac
1485 5012 1729 5075 divitum
1763 5013 2079 5094 splendide

423 5105 896 5179 sumptuoseque
935 5099 1279 5162 vestitorum
1312 5101 1614 5182 inciderit,
1654 5101 1973 5183 erubescit,
2009 5120 2079 5164 ac

425 5185 640 5248 timore
673 5188 970 5269 perfusus,
1024 5208 1098 5251 ne
1141 5195 1623 5273 appropinquare
1674 5190 1942 5273 quidem,
1977 5198 2078 5252 aut

423 5274 671 5338 liberius
701 5278 990 5339 accedere.
1021 5279 1093 5340 ad
1126 5299 1487 5361 quemquam
1520 5299 1733 5343 eorum
1765 5280 1962 5341 audet.
1989 5279 2076 5344 Si-

425 5364 649 5427 militer
680 5374 737 5428 tu
769 5386 909 5447 erga
935 5387 1145 5431 omnes
1181 5377 1236 5431 te
1267 5389 1432 5449 gere,
1465 5370 1660 5432 locum
1710 5378 2078 5451 postremum

427 5471 666 5535 semper
693 5454 943 5535 eligens,
966 5477 1018 5522 el
1048 5477 1113 5519 us
1133 5458 1360 5540 pudore
1381 5460 1752 5535 suffundens,
1785 5478 1918 5521 cum
1940 5474 2081 5522 ante

503 5616 563 5675 Io
605 5612 630 5679 Ι
659 5614 818 5683 Tim.
852 5634 917 5696 It,
950 5620 1010 5683 4.

2159 4572 2278 4636 tur,
2320 4573 2384 4625 ut
2427 4563 2683 4644 amplius
2729 4566 3032 4640 comedas,
3077 4573 3184 4626 aut
3220 4563 3412 4642 bibas,
3465 4563 3612 4625 nilnil
3655 4563 3812 4625 aliud

2159 4653 2577 4736 respondebis,
2632 4654 2747 4715 nisi
2796 4654 2954 4735 quod
2999 4654 3225 4735 junctis
3270 4652 3543 4715 manibus
3576 4654 3813 4735 paulum

2159 4762 2502 4823 assurgens,
2551 4743 2833 4805 inclinato
2882 4749 3099 4825 capite.
3147 4762 3212 4804 ac
3267 4762 3412 4805 voce
3442 4743 3564 4805 leni
3593 4744 3810 4805 dices:

2158 4833 2428 4913 Ignosce.
2453 4831 2553 4895 Sic
2598 4849 2840 4913 semper
2867 4831 2927 4894 in
2961 4832 3243 4893 omnibus
3272 4832 3658 4913 respondeto.
3693 4832 3817 4894 Nec

2162 4942 2524 5005 quemquam
2569 4922 2645 4984 de
2688 4922 2806 4984 tuis
2843 4922 3117 5004 reliquiis
3150 4922 3398 4993 honora,
3433 4941 3545 4985 nec
3575 4922 3653 4984 ab
3683 4922 3819 4984 aliis

2162 5012 2485 5095 quidquam
2535 5012 2761 5093 accipe.
2816 5010 2877 5074 Si
2935 5012 3133 5072 vinum
3179 5029 3299 5072 non
3346 5010 3523 5083 bibis,
3565 5010 3709 5073 illud
3742 5031 3817 5073 ne

2161 5120 2395 5184 poscas;
2422 5102 2525 5163 sed
2559 5119 2671 5162 nec
2699 5101 2870 5162 alteri
2914 5102 3168 5181 cuipiam
3204 5119 3272 5162 ex
3307 5100 3586 5163 fratribus
3618 5101 3815 5182 porri-

2160 5211 2285 5274 gas,
2334 5190 2449 5254 nisi
2490 5192 2642 5253 forle
2693 5191 3064 5271 peregrimus
3116 5198 3228 5259 est,
3277 5198 3335 5251 et
3383 5209 3528 5252 usus
3566 5191 3818 5272 alicujus

2158 5281 2350 5360 gratia
2382 5281 2454 5343 ad
2489 5289 2545 5342 te
2569 5282 2752 5342 venit.
2789 5279 2924 5344 Noli
2956 5298 3212 5360 unquam
3246 5298 3380 5340 cum
3433 5280 3635 5360 aliquo
3681 5290 3819 5342 ante

2163 5379 2397 5452 tempus
2419 5378 2675 5449 gustare,
2698 5387 2809 5431 nec
2838 5369 3073 5452 vesperi
3096 5368 3441 5450 comedere,
3458 5378 3558 5433 aut
3583 5370 3819 5445 bibere,

2163 5469 2264 5523 aut
2292 5477 2532 5523 coenare
2562 5458 2810 5534 iterum;
2844 5459 2984 5521 hinc
3020 5457 3181 5522 enim
3214 5458 3369 5519 mala
3398 5459 3602 5522 omnia
3632 5461 3817 5542 proﬁ-
