4160 6376
451 310 569 374 415

1883 311 2166 374 ORATIO
2195 281 2398 374 "xxv.

3706 313 3825 378 446

445 445 774 508 ciscuntur.
849 444 1042 526 Atque
1095 446 1185 506 hac
1233 453 1368 506 sunt
1415 443 1668 515 insidias,
1704 451 1758 505 et
1795 441 2156 506 tindiculzeA
2181 461 2378 504 coram
2414 444 2533 506 Deo
2568 446 2848 526 psallens,
2883 449 2960 518 ei,
2999 453 3055 509 et
3085 446 3398 520 confitens,
3427 445 3695 525 nihilque
3715 463 3826 527 pe-

445 534 848 616 diaboli,qnze
888 554 1020 596 cum
1067 533 1328 614 speciem
1375 533 1513 593 boni
1566 533 1842 606 habeant,
1899 542 2096 595 tamen

443 645 737 688 venenum
771 633 976 706 tegunt
1009 625 1409 700 mortiferum,
1440 643 1610 705 quas,
1645 624 1745 704 qui
1781 623 1966 684 credit
1995 643 2096 683 no-

444 715 556 789 bis,
573 715 780 795 fugiet,
800 724 858 777 et
887 715 986 797 qui
1014 725 1177 796 paret
1197 713 1393 775 verbis
1413 712 1559 774 meis
1581 713 1750 785 meis,
1777 713 2097 792 adjuvante

439 805 590 881 Deo,
628 815 686 867 et
709 805 966 887 Spiritus
1003 804 1191 865 sancti
1221 805 1430 883 gratia,
1466 803 1695 864 nullum
1729 801 1802 862 ab
1836 803 1923 863 eis
1956 802 2092 863 vul-

440 913 555 958 nus
577 894 1079 958 detrimentumve
1109 893 1452 973 reportabit.
1475 893 1683 956 Caeteri
1715 892 1892 952 vitam
1926 910 2097 952 mun-

439 985 654 1046 danam
679 985 791 1046 sub
810 983 1012 1046 habitu
1046 981 1320 1044 monachi
1354 1001 1418 1044 se
1442 980 1774 1043 consectari
1797 984 2088 1054 nesciunt,

441 1093 554 1137 nec
601 1093 668 1136 se
715 1074 777 1136 in
828 1073 1107 1136 barathra
1154 1081 1214 1134 et
1260 1071 1586 1154 praecipitia
1637 1069 1918 1132 incedere
1947 1088 2092 1132 sen-

443 1165 618 1228 tiunt.

525 1253 611 1316 Tu
633 1253 835 1334 igitur,
853 1253 1034 1314 frater
1053 1251 1482 1326 amantissime,
1509 1251 1633 1313 hac
1662 1268 1899 1311 servare
1920 1249 2090 1325 velis,

442 1343 676 1405 etiamsi
725 1342 833 1404 tibi
883 1341 1261 1404 moriendum
1306 1341 1423 1416 sit;
1476 1340 1696 1421 alioqui
1754 1339 2089 1402 daamonem

437 1432 888 1513 gastrimargiaa,
919 1450 1026 1494 seu
1075 1432 1228 1511 gula:
1275 1431 1538 1510 effugere
1584 1449 1701 1491 non
1749 1429 1992 1510 poteris.
2027 1427 2091 1491 Si

2181 533 2339 594 nitus
2373 535 2703 615 negligens.
2760 538 3114 617 \'esperlino
3165 537 3362 598 officio
3416 540 3739 614 completo,
3776 535 3866 595 sit

2179 631 2348 701 potes
2372 646 2401 681 ει
2435 623 2569 685 cibo
2603 633 2660 686 et
2698 635 2834 706 potu
2884 627 3190 688 abstinere
3230 625 3500 700 omnino,
3536 625 3820 685 decreve-

2177 711 2377 792 risque
2394 718 2576 775 semel
2605 715 2664 776 in
2683 716 2777 776 die
2797 715 2994 778 cibum
3011 735 3276 789 sumere,
3303 735 3418 776 non
3438 714 3739 794 vulgarem
3765 713 3828 774 in

2179 803 2575 881 persolvendo
2605 807 2947 885 vespertino
2971 805 3166 866 officio
3200 814 3325 880 tuo,
3350 813 3408 866 et
3442 807 3500 865 in
3533 813 3829 865 nocturna

2177 891 2542 970 precatione,
2569 893 2891 976 vigiliaque
2911 895 3228 958 utilitatem
3261 895 3556 958 invenies.
3579 892 3682 956 Sin
3713 912 3824 954 au-

2178 987 2321 1059 tem,
2343 999 2463 1043 uno
2492 983 2808 1062 paximatio
2840 1002 2942 1045 seu
2970 1003 3143 1065 pane,
3170 993 3358 1046 etono
3383 1003 3552 1065 aqua:
3582 983 3823 1064 poculo,

2175 1069 2420 1132 extrain
2445 1071 2830 1134 valitudinem
2855 1073 3113 1154 aliquam
3164 1087 3224 1137 et
3268 1075 3572 1153 langorem
3597 1081 3824 1133 stoma-

2176 1157 2296 1230 chi,
2347 1169 2664 1224 contentus
2712 1171 2862 1226 esto.
2921 1163 3035 1226 Ubi
3090 1183 3225 1226 cum
3287 1163 3568 1225 fratribus
3612 1179 3826 1243 preces

2173 1249 2546 1328 vespertinas
2594 1253 2716 1314 Dea
2751 1251 3116 1332 reddideris,
3167 1253 3238 1315 ad
3301 1253 3484 1332 pedes
3524 1250 3824 1333 praapositi

2177 1336 2428 1416 perinde
2457 1349 2521 1402 ut
2550 1341 2624 1403 ad
2672 1341 2836 1422 ipsos
2881 1341 3099 1403 Christi
3150 1341 3333 1422 pedes
3381 1340 3739 1421 procumbes
3767 1347 3826 1400 et

2174 1423 2596 1491 benedictione
2625 1429 2698 1493 ab
2731 1449 2804 1493 eo
2837 1437 3142 1512 percepta,
3177 1430 3566 1511 salutatisque
3606 1428 3826 1490 sanctis

436 1522 790 1598 servaveris,
841 1525 992 1584 scito
1023 1521 1326 1582 diabolum
1357 1529 1745 1601 conspectum
1777 1527 1940 1580 tuum
1969 1537 2087 1580 non
2169 1513 2474 1593 fratribus,
2505 1522 2736 1594 tacitus,
2765 1520 2990 1583 nemini
3013 1520 3256 1581 verbum
3278 1521 3503 1582 faciens
3526 1520 3582 1580 in
3608 1519 3818 1580 cellam

434 1613 752 1688 ferentem,
808 1629 1016 1673 omnes
1065 1619 1271 1671 contra
1328 1620 1384 1672 te
1434 1609 1674 1690 ignavos
1727 1627 1799 1670 ac
1845 1607 2329 1671 desideSBtuam
2367 1609 2606 1683 recede,
2650 1609 3045 1690 obseratoqne
3087 1610 3260 1685 ostio,
3305 1610 3540 1689 corripe
3567 1607 3822 1688 primum

436 1702 959 1782 rxcitaturum,qni
977 1720 1070 1782 pte
1082 1698 1276 1764 robris
1302 1699 1707 1774 conscindent,
1722 1697 2092 1774 irredebunt,
2181 1693 2476 1772 codicem,
2493 1707 2550 1759 et
2568 1699 2794 1778 paginis
2811 1699 3260 1762 circitertribus
3282 1708 3505 1760 attente
3521 1696 3822 1778 perlectis,

440 1792 824 1854 invidebunt.
857 1792 1132 1868 illudent,
1160 1791 1570 1872 vexabuntque
1609 1789 1856 1870 millies,
1887 1797 1949 1850 ut
1983 1798 2040 1850 te
2063 1807 2097 1849 a
2179 1793 2268 1845 sta
2289 1785 2362 1846 ad
2385 1787 2698 1869 orandum,
2742 1790 2946 1869 psal‘e,
2974 1799 3032 1853 et
3061 1791 3244 1852 adora
3284 1792 3466 1852 Deum
3501 1789 3722 1870 quiete,
3761 1795 3824 1847 ut

441 1882 600 1943 bono
640 1882 916 1956 Consilio,
951 1889 1009 1943 et
1041 1880 1378 1943 actionibus
1427 1879 1755 1942 salutiferis
1789 1890 2039 1942 avocent
2074 1895 2088 1940 :
2176 1891 2210 1934 a
2233 1875 2394 1935 nullo
2416 1877 2700 1941 audiaris.
2727 1876 2829 1940 Sta
2852 1888 3045 1940 autem
3071 1880 3341 1953 honeste,
3367 1897 3477 1940 nec
3511 1875 3824 1954 cogitatio-

445 1991 576 2052 quze
611 1972 659 2032 si
690 1991 858 2054 aequo
910 1971 1110 2033 animo
1155 1971 1396 2042 toleres,
1453 1986 1730 2048 magnum
1779 1987 1813 2029 a
1864 1970 1986 2031 Deo
2037 1977 2096 2029 et
2178 1981 2283 2024 nes
2313 1965 2456 2026 alibi
2490 1975 2716 2028 temere
2747 1971 2938 2045 vagari
2971 1969 3126 2044 sine,
3153 1969 3257 2030 sed
3286 1987 3385 2032 eas
3407 1967 3642 2044 collige.
3665 1966 3826 2029 Con-

447 2059 746 2124 Satvatore
801 2070 1004 2122 nostro
1053 2060 1362 2137 auxilium,
1415 2058 1814 2139 solatiumque
1871 2075 2092 2120 conse-
2167 2054 2354 2132 junge
2374 2074 2609 2136 manus,
2639 2058 2932 2138 conjunge
2965 2059 3149 2141 pedes
3178 2059 3510 2140 aequaliter,
3534 2057 3828 2119 etimmo-

445 2154 648 2231 quere.
683 2149 940 2212 Proinde
971 2158 1028 2212 et
1051 2149 1182 2211 aliis
1208 2149 1270 2211 in
1301 2166 1470 2212 ctena
1500 2147 1847 2209 sedentibus
1879 2167 1946 2209 ac
1969 2167 2094 2209 ves-

442 2239 738 2321 centibus,
793 2248 849 2300 te
892 2251 1091 2303 autem
1145 2258 1290 2312 non,
1342 2239 1446 2300 sed
1505 2237 1629 2300 sive
1692 2236 2088 2310 ministrante,

445 2330 569 2391 sive
601 2329 762 2391 aliud
795 2338 1029 2408 agente,
1067 2348 1140 2391 ne
1162 2328 1540 2409 obliviscare,
1577 2327 1752 2389 etiam
1787 2328 1912 2388 haec
1945 2326 2089 2388 tibi-

443 2427 561 2480 met
593 2418 802 2479 tacitus
833 2426 1109 2480 cantare:
1137 2416 1196 2481 Si
1223 2417 1370 2479 satis
1401 2426 1458 2478 et
1485 2435 1579 2478 me
1613 2416 2012 2495 paenituisset,
2034 2424 2093 2477 et

444 2507 846 2589 mihiquoque
887 2518 1123 2588 peccata
1163 2526 1296 2568 mea
1336 2507 1586 2568 remissa
1609 2515 1831 2580 essent,
1867 2505 2090 2584 gaude-

442 2616 569 2659 rem
603 2607 660 2658 et
691 2617 823 2678 ego,
863 2605 920 2660 et
949 2615 1085 2659 cum
1121 2597 1402 2658 fratribus
1447 2596 1595 2657 meis
1643 2595 2083 2658 accumberem.

443 2687 734 2761 Quoniam
767 2699 969 2748 autem
1003 2705 1107 2767 per
1136 2687 1286 2749 foeda
1321 2687 1586 2748 facinora
1615 2704 1747 2748 mea
1777 2685 2088 2764 indignum

443 2795 538 2840 me
569 2776 804 2838 reddidi
838 2777 1042 2850 miser,
1077 2777 1172 2838 hic
1203 2776 1528 2838 secundem
1563 2794 1744 2856 opera
1769 2794 1899 2836 mea
1930 2774 2090 2835 reci-

2174 2142 2397 2224 biliter,
2433 2145 2558 2224 pari
2580 2147 2847 2226 vestigio.
2875 2146 3093 2210 Oculos
3113 2147 3346 2223 claude,
3377 2167 3450 2209 ne
3474 2146 3634 2208 aliud
3665 2142 3824 2224 aspi-

2174 2232 2357 2308 ciant,
2399 2243 2782 2316 mentemque
2821 2237 3174 2300 distrahant.
3230 2239 3491 2299 Mentem
3529 2232 3822 2316 porroip-

2173 2339 2323 2397 sam,
2356 2332 2665 2405 totumque
2689 2333 2973 2387 cortuum
2997 2327 3056 2386 in
3090 2328 3304 2388 cmlum
3336 2325 3407 2388 ad
3429 2325 3614 2386 Deum
3635 2324 3820 2386 eleva.

2173 2410 2313 2473 inde
2363 2431 2495 2474 cum
2541 2413 2858 2493 gemitibus
2913 2425 2972 2476 et
3019 2416 3294 2497 lacrymis
3343 2412 3823 2476 misericordiam

2172 2501 2523 2582 implorans.
2551 2504 2813 2565 Psalmos
2844 2524 2876 2565 a
2912 2510 3078 2567 Patre
3102 2515 3198 2567 tuo
3222 2503 3520 2586 spirituali
3552 2502 3660 2562 tibi
3684 2519 3825 2564 con-

2175 2591 2415 2654 stitutos
2447 2591 2622 2662 habe.
2652 2594 2778 2673 qui
2830 2596 3113 2657 nimirum
3161 2595 3342 2657 verba
3373 2591 3738 2674 poenitentiae
3767 2599 3826 2652 et

2177 2681 2657 2760 compunctionis
2687 2684 3016 2759 continent,
3053 2693 3112 2747 et
3141 2693 3429 2767 quotquot
3455 2683 3704 2763 viribus,
3733 2701 3824 2742 vo-

2176 2769 2508 2854 luntatique
2552 2773 2879 2837 sufficiunt.
2930 2773 3191 2837 Necesse
3239 2785 3331 2837 est
3363 2774 3523 2836 enim
3559 2780 3614 2833 te
3660 2771 3822 2853 psal-

444 2867 562 2948 pio.
613 2867 753 2928 Haec
803 2865 912 2928 tibi
959 2865 1165 2946 dicito,
1215 2875 1272 2928 et
1319 2866 1548 2947 impera
1578 2863 1769 2926 ventri
1801 2863 2148 2945 quantumC
2177 2880 2411 2922 morum
2461 2863 2946 2944 hymnodiam,£t
2976 2863 3324 2926 crebitatem
3367 2861 3821 2944 genuflexionis,

445 2964 631 3037 potes.
680 2954 910 3016 l'rimos
938 2955 1245 3017 accubitus
1295 2974 1597 3036 nunquam
1643 2954 1954 3026 desidera;
1987 2953 2093 3015 sed

444 3046 543 3107 odi
583 3063 652 3108 ex
700 3048 923 3120 animo,
959 3053 1022 3106 ut
1051 3043 1347 3125 superbia
1389 3043 1720 3105 materiam.
1777 3043 2094 3106 llumilitas

448 3135 604 3196 enim
639 3143 741 3197 tua
765 3132 1045 3196 exaltabit
1091 3141 1185 3195 te:
1220 3143 1276 3195 et
1307 3133 1578 3194 infimum
1625 3150 1756 3194 esse
1797 3132 2088 3206 omnium,

449 3224 702 3304 primum
729 3231 784 3284 te
815 3222 1077 3299 efﬁciet;
1111 3223 1247 3303 quia
1269 3221 1554 3301 scriptum
1585 3231 1711 3284 est:
1740 3219 1957 3283 Omnis
1987 3221 2094 3301 qui

449 3315 705 3393 scipsum
723 3313 1424 3385 ewaltarhumiliabitm',
1440 3319 1496 3370 et
1509 3312 1886 3392 quiseipsum
1899 3309 2094 3371 humi-

452 3401 562 3464 liut
582 3403 1046 3466 exaltabiturii‘.
1071 3401 1179 3465 Ubi
1207 3419 1343 3462 vero
1382 3421 1512 3462 cum
1551 3401 1832 3461 fratribus
1856 3399 2095 3461 univer-

455 3490 537 3551 sis
565 3490 639 3552 de
671 3510 874 3552 mensa
929 3492 1285 3564 surreieris,
1339 3489 1580 3570 Deoque
1618 3488 1835 3565 gratias
1876 3487 2094 3567 egeris,

453 3589 624 3661 atque
653 3599 682 3641 a
707 3580 1016 3643 sacerdote
1039 3579 1321 3641 dimissus
1362 3580 1569 3652 fueris,
1609 3597 1744 3639 com
1771 3577 2008 3638 silentio
2033 3577 2091 3638 in

452 3671 654 3731 cellam
677 3680 834 3730 tuam
859 3669 1094 3752 festina,
1121 3671 1439 3751 clausoque
1465 3669 1613 3730 ostio
1631 3668 1847 3728 librum
1869 3667 2087 3747 arripe.

450 3769 504 3821 et
536 3767 667 3841 post
699 3760 941 3822 brevem
977 3760 1320 3833 lectionem,
1366 3761 1415 3820 si
1459 3759 1701 3840 quidem
1744 3758 1871 3819 dies
1909 3757 2093 3818 aestivi

445 3858 605 3924 sunt,
631 3867 814 3928 super
835 3849 1150 3911 storeolam
1176 3857 1332 3910 tuam
1363 3847 1683 3922 recubans,
1727 3846 2092 3908 breviculum

445 3957 720 3998 somnum
781 3956 979 4018 carpe.
1051 3938 1284 4002 Etenim
1339 3939 1703 3999 saturitatem
1765 3936 1976 4009 vitans,
2039 3944 2098 3996 et

445 4038 685 4090 tenuem
737 4027 1029 4089 adhibens
1075 4029 1419 4090 alimoniam
1499 4046 1710 4109 panem
1759 4027 1988 4088 scilicet
2040 4033 2099 4089 et

2175 2959 2413 3031 tempus
2442 2953 2711 3015 stationis
2741 2954 2811 3014 ad
2847 2954 3021 3028 vires,
3058 2963 3117 3016 et
3146 2955 3332 3015 robur
3363 2963 3527 3015 tuum
3560 2951 3821 3030 exigere,

2178 3059 2254 3101 ne
2284 3051 2340 3103 te
2389 3043 2756 3105 conscientia
2801 3051 2900 3105 tua
2949 3044 3358 3125 reprehendes
3389 3043 3582 3104 dicat:
3614 3041 3828 3104 Adhuc

2178 3140 2357 3212 stare,
2384 3132 2635 3213 hymnos
2675 3153 2972 3214 promere,
3007 3153 3074 3196 ac
3106 3134 3228 3196 Deo
3259 3133 3530 3196 confiteri
3563 3140 3820 3213 poteras.

2180 3221 2396 3281 Adliaac
2419 3221 2537 3282 sint
2560 3222 2665 3283 tibi
2688 3225 2862 3284 etiam
2888 3242 3096 3304 preces
3117 3223 3262 3306 ipsae
3287 3222 3569 3302 definitaz,
3589 3218 3826 3281 matuti-

2178 3328 2314 3369 nam
2338 3317 2398 3370 et
2425 3311 2826 3389 vespertinam
2860 3313 2929 3374 ad
2966 3312 3152 3374 Deum
3189 3312 3634 3374 confessionem
3674 3327 3822 3370 con-

2179 3399 2460 3461 tinentes.
2511 3399 2842 3462 Defunctus
2901 3402 3204 3482 precibus,
3265 3401 3464 3462 denuo
3526 3399 3827 3480 paulisper

2179 3489 2333 3566 lege.
2369 3487 2598 3550 Deinde
2633 3509 2783 3571 opus
2818 3510 3096 3553 manuum
3132 3508 3404 3571 capesse,
3437 3497 3495 3550 et
3529 3507 3718 3568 usque
3748 3487 3823 3548 ad

2182 3579 2432 3658 primam
2459 3579 2713 3657 vigiliam
2748 3581 2998 3654 finitam,
3024 3580 3082 3641 id
3121 3589 3232 3650 est,
3273 3597 3462 3660 usque
3483 3577 3556 3639 ad
3590 3576 3822 3638 tertiam

2179 3671 2386 3730 horam
2419 3669 2609 3731 noctis
2631 3670 2743 3730 hoc
2771 3689 2898 3750 age.
2928 3670 3072 3733 Cum
3093 3675 3178 3732 sic
3205 3668 3561 3741 surrexeris,
3583 3676 3638 3727 ct
3659 3667 3825 3729 fece-

2177 3756 2261 3817 ris
2290 3760 2380 3814 τὸν
2425 3757 2662 3840 ἄμαμον,
2694 3759 3062 3839 (psalmodim
3091 3778 3277 3837 genus
3307 3766 3414 3828 est)
3443 3757 3673 3835 signato
3699 3772 3827 3816 cor-

2181 3864 2323 3925 pore
2353 3852 2477 3908 toto
2513 3865 2695 3928 super
2733 3855 2991 3908 stoream
3043 3857 3201 3908 tuam
3227 3846 3406 3920 cuba,
3443 3855 3502 3907 et
3533 3862 3717 3926 usque
3749 3845 3822 3904 ad

2179 3943 2415 3997 noctem
2456 3937 2716 3998 mediam
2765 3953 2977 4002 somno
3029 3947 3222 4020 capto,
3279 3938 3564 4017 deinceps
3615 3936 3727 4009 fac,
3764 3942 3828 3995 ut

2181 4024 2284 4085 tibi
2313 4043 2345 4086 a
2379 4026 2673 4108 principio
2705 4027 2955 4092 formam
2991 4027 3321 4088 traddimus
3346 4026 3500 4107 (1‘2).

443 4137 656 4199 aquam
691 4137 825 4178 cum
858 4137 1160 4192 mensura,
1185 4117 1246 4180 et
1271 4119 1454 4191 olora,
1488 4127 1585 4178 aut
1618 4117 1937 4194 legumina,
1975 4118 2054 4178 mi
2115 4134 2158 4184 1)
2259 4114 2554 4176 Prmterea
2597 4116 2848 4196 cogitata
2895 4117 3094 4178 cordis
3140 4116 3221 4177 tui
3258 4115 3409 4176 I‘atri
3445 4125 3542 4176 tuo
3573 4112 3824 4195 spiritu-

444 4229 556 4270 nus
586 4207 870 4278 dormies,
922 4218 976 4269 et
1008 4209 1186 4271 citius
1218 4227 1518 4284 exsurges.
1559 4205 1620 4268 Si
1653 4207 1842 4267 hicms
1885 4207 2086 4281 fuerit,

444 4309 755 4379 postquam
791 4316 973 4377 pauca
994 4297 1234 4374 legeris,
1258 4297 1424 4377 operi
1445 4315 1722 4357 manuum
1751 4295 2085 4375 accingere,

440 4387 578 4449 etin
603 4407 674 4448 eo
703 4405 1042 4466 perseve'a,
1070 4387 1262 4467 quoad
1310 4387 1530 4466 lignum
1569 4385 1644 4446 ad
1687 4386 2086 4466 \espertinam

440 4477 820 4558 hymnodiam
872 4495 972 4537 vos
1021 4477 1430 4538 convocavcrit
1488 4476 1644 4555 (tt).
1681 4473 1829 4535 Tum
1880 4493 2087 4536 rursus

439 4567 682 4648 synaxin
715 4565 1039 4644 ingressus,
1085 4575 1172 4627 sta
1205 4584 1338 4628 cum
1387 4565 1598 4626 timore
1652 4573 1708 4625 ct
1757 4565 2086 4628 attentione

513 4753 566 4805 δι
605 4753 810 4815 Matth.
847 4770 1013 4827 χχιιι,
1058 4753 1148 4818 1‘2.

519 4915 602 4994 (ί)
677 4901 808 4981 Ἕως
870 4940 929 4973 το
1001 4915 1150 4982 ξύλον
1222 4918 1320 4984 τὴν
1390 4913 1648 4991 ὑμνῳδίαν
1720 4915 1938 4991 σημάνῃ
1997 4920 2088 4970 τοῦ

431 4995 729 5077 lupas-eoo
777 4996 916 5078 Syn.
959 5000 1044 5078 7,:
1085 5005 1198 5078 act.
1243 4999 1276 5059 4
1322 5016 1497 5058 sacra
1535 4996 1704 5072 ligna
1746 4995 2084 5078 pulsantes;

433 5075 628 5157 neque
659 5075 990 5139 enim'olim
1011 5076 1244 5140 inhunc
1265 5096 1435 5138 usum
1472 5085 1640 5137 erant
1670 5085 1885 5157 zera,ut
1907 5075 2090 5157 hodie

513 5155 635 5240 ('12)
666 5157 1095 5240 Praecipiebant
1120 5159 1252 5240 ihaac
1279 5166 1337 5219 et
1361 5157 1581 5219 similia
1602 5165 1782 5240 veteri
1806 5155 1936 5216 silli
1965 5173 2092 5216 mo-

430 5239 676 5300 nasticae
706 5239 836 5300 vitae
857 5236 1156 5316 'magistri,
1193 5246 1315 5299 tum
1357 5236 1710 5299 revercntia:
1743 5254 1921 5297 causa
1945 5254 2086 5316 erga

429 5319 776 5399 superiores
802 5340 816 5400 ;
854 5315 983 5380 tum
1013 5327 1074 5379 ut
1105 5318 1374 5380 subditos
1405 5337 1438 5378 a
1483 5316 1814 5400 temerariis
1839 5315 2085 5394 judiciis

428 5397 749 5461 arcerent:
785 5397 818 5462 a
851 5400 1072 5480 quibus
1122 5419 1299 5461 nemo
1347 5402 1636 5480 remotius
1677 5397 1875 5480 distat
1905 5415 2080 5480 quam

427 5480 528 5562 ille
558 5481 768 5562 quine
798 5477 894 5562 dei
918 5481 1252 5562 manifestis
1295 5479 1538 5562 quidem
1583 5477 1878 5562 judicium
1927 5477 2086 5562 ferre

428 5557 602 5644 Solet.
649 5559 772 5644 Nec
821 5561 1061 5644 mirum,
1101 5561 1235 5644 talia
1282 5557 1601 5644 p'rzecepta'
1631 5557 1926 5644 religiosa:
1954 5558 2088 5644 vitae

427 5641 867 5723 professoribus
897 5642 1083 5704 fuisse
1116 5637 1298 5717 data;
1319 5637 1560 5723 quando
1585 5647 1648 5723 ut
1678 5637 2086 5723 Constantium

428 5662 867 5723 prOIessorinus
897 5662 1083 5704 misse
1116 5662 1275 5717 nata,
1367 5662 1560 5704 uanoo
1585 5662 1648 5701 ιιι
1678 5662 2086 5702 uousranuum

428 5725 708 5803 Magnum
741 5723 1167 5804 imperatorem
1197 5662 1392 5785 simile.
1417 5721 1560 5804 quid
1587 5719 1894 5785 factitasse
1923 5737 2092 5782 acce-

2174 4206 2250 4266 ali
2282 4205 2342 4266 in
2369 4207 2569 4281 horas,
2595 4207 2644 4266 si
2673 4217 2888 4287 potest,
2915 4206 3116 4266 indica
3164 4206 3254 4265 sin
3280 4209 3502 4276 minus,
3539 4223 3613 4264 ne
3646 4222 3824 4262 unam

2172 4311 2504 4374 vesperam,
2567 4294 2806 4368 dilecte,
2863 4301 3202 4374 praetereas,
3257 4291 3362 4352 sed
3413 4301 3544 4371 post
3585 4289 3825 4351 matuti-

2172 4403 2336 4458 num,
2382 4383 2638 4445 dicussis
2686 4385 2968 4444 omnibus
3017 4402 3148 4463 qua}
3182 4382 3283 4441 tibi
3317 4389 3714 4458 cnnt-g-rnnt,
3771 4379 3824 4439 ei

2173 4490 2492 4554 exponc,et
2536 4473 2710 4535 fidem
2753 4473 3141 4534 indubitatam
3167 4490 3304 4548 erga
3335 4471 3500 4531 illum
3552 4468 3728 4541 habe,
3767 4477 3826 4527 et

2171 4565 2220 4625 si
2254 4573 2407 4627 totus
2440 4565 2696 4625 mundus
2725 4563 2778 4625 ei
2810 4561 3163 4626 convitietur
3194 4571 3368 4641 atque
3415 4559 3732 4632 obtrectet,
3773 4567 3829 4618 et

2174 4911 2406 4993 pimus:
2433 4911 2505 4972 In
2545 4911 2906 4993 Scripturia
2937 4911 3691 4993 narraturConxtantinus
3711 4909 3828 4993 ⁸ἰηι-

2172 4989 2418 5070 ᾕηννίιεοι·
2447 4989 2710 5054 dir-isse.
2743 4991 2937 5071 inquit
2967 4989 3243 5051 Nicolaus
3269 4993 3495 5070 primus
3528 4989 3822 5060 Pontifex,

2174 5073 2232 5133 in
2267 5073 2440 5152 epist.
2473 5076 2544 5133 al
2593 5072 2950 5152 Ludovicum
2983 5071 3430 5152 imperatorem.
3470 5081 3524 5132 et
3575 5071 3831 5152 refertur

2173 5173 2206 5214 a
2237 5151 2518 5216 Grationo
2544 5153 2607 5216 d.
2638 5155 2755 5216 96:
2799 5151 2942 5214 Vere
2969 5155 3023 5214 si
3066 5151 3339 5230 propriis
3385 5154 3583 5214 oculis
3633 5151 3822 5212 vidis-

2166 5252 2290 5296 sem
2321 5236 2689 5297 sacerdotem
2731 5233 2862 5305 Dei,
2898 5241 3007 5295 aut
3038 5235 3300 5308 aliquem
3331 5251 3542 5294 eorum
3573 5232 3679 5310 qui
3704 5249 3830 5292 mo-

2167 5315 2418 5377 nachico
2466 5315 2678 5376 habitu
2713 5320 2948 5376 circum
2979 5313 3184 5375 amicti
3231 5321 3396 5388 sunt,
3451 5319 3824 5393 peccantem,

2167 5394 2549 5476 chlamydem
2601 5413 2796 5458 meum
2848 5394 3286 5476 “spoliarent,
3339 5401 3396 5476 et
3453 5393 3831 5476 cooperirem

2169 5493 2303 5538 eum
2336 5472 2412 5538 ne
2442 5477 2518 5538 ab
2549 5476 2757 5554 aliqua
2785 5472 3127 5538 videretur.
3161 5473 3301 5536 Haec
3331 5475 3407 5536 de
3436 5472 3829 5554 Constantino

2169 5555 2449 5620 Nicolaus
2480 5553 2778 5632 Pontifex,
2815 5563 2874 5618 ct
2902 5563 3040 5618 ante
3071 5573 3208 5618 eum
3235 5555 3506 5619 Ruffinus
3537 5563 3595 5619 et
3621 5553 3827 5617 Theo-

2171 5640 2444 5702 doretus.
