4160 6390
492 362 623 428 449
1942 361 2175 427 ORATI

2268 357 2481 425 XXVI.
3188 422 3191 425 ,
3777 357 3899 426 450

483 499 697 561 odium
720 496 1071 571 fraternum,
1093 495 1401 571 invidiam,
1427 498 1644 571 zelum,
1668 497 2147 567 contentionem,
2172 507 2213 553 A
2235 511 2374 555 rum
2395 499 2600 555 autem
2625 510 2747 556 non
2768 492 3031 557 audiunt
3052 491 3137 554 68.
3173 491 3462 574 Reliquos
3490 490 3759 556 omnium
3788 489 3896 552 ho-

489 585 2153 669 existimationemprzeclaramsui,etreliquosdeinceps)
2238 582 2465 643 minum
2498 600 2810 643 sermones
2840 581 3007 644 audit
3063 581 3158 643 illa
3221 582 3489 662 quidem,
3544 600 3662 643 non
3697 587 3897 641 tamen

493 676 780 739 mandata
810 688 875 736 ut
906 675 1258 749 medicinas,
1310 676 1673 738 ten*ationes
1730 683 1793 737 ut
1823 685 2149 742 cautrrem.

492 785 605 827 seu
625 767 847 829 ferrum
873 765 1275 845 eliirurgicum
1305 765 1397 827 his
1416 766 1756 846 imponens,
1786 766 2159 829 humiliatus-

495 874 621 936 que
652 873 720 916 ac
747 854 977 933 lugens,
1016 862 1075 914 et
1107 872 1282 934 opem
1338 855 1597 917 divinam
1629 855 1912 917 ardenter
1944 856 2154 938 exqui—

499 963 675 1013 rens.
736 943 991 1023 gratiam
1038 943 1229 1005 sancti
1285 942 1542 1026 Spiritus
1598 945 2041 1021 advenientem,
2095 966 2163 1008 ac

500 1033 779 1114 singulos
822 1032 1176 1095 evellentcm
1211 1033 1726 1115 perimenlemqne
1750 1033 1936 1116 videt,
1969 1036 2166 1097 donec

504 1123 772 1184 animam
806 1126 940 1199 ejus
971 1120 1044 1183 ab
1104 1122 1383 1183 onmibus
1441 1123 1571 1184 istis
1629 1123 1867 1184 tandem
1904 1125 2166 1204 perfecte

506 1212 765 1273 [aberam
786 1210 1021 1274 reddat.
1041 1213 1173 1274 Non
1197 1211 1358 1273 enim
1380 1211 1541 1273 illam
1567 1231 1635 1273 ex
1669 1221 1856 1292 parte,
1891 1213 1995 1274 sed
2030 1234 2165 1275 om-

506 1301 655 1362 nino
689 1320 757 1363 ac
810 1319 956 1381 pure
1015 1302 1353 1363 l'aracletus
1416 1320 1676 1382 prtesens
1735 1302 1793 1362 in
1827 1301 2164 1365 libertatem

507 1391 819 1453 vindicare
847 1390 991 1451 vult.
1028 1389 1171 1453 Cum
1208 1391 1530 1453 nominatis
1561 1393 1717 1452 enim
1752 1391 2167 1453 affectionibus

2237 671 2515 752 admittit,
2555 689 2664 734 nec
2722 671 2793 731 ad
2854 690 2919 733 se
2972 680 3286 753 penetrare
3343 671 3566 751 patitur
3601 691 3617 745 ;
3649 672 3754 732 sed
3795 688 3897 730 eos

2237 769 2526 828 aversata.
2555 780 2773 823 vacuos
2797 762 3070 825 dimittit.
3089 761 3428 842 Aliquando
3452 779 3564 822 nec
3580 760 3895 841 allapsum,

2241 859 2343 911 aut
2376 851 2603 926 j-ullum
2632 869 2838 912 eorum
2874 852 3167 933 percipit:
3202 851 3307 913 sed
3341 868 3678 932 quanquam
3711 848 3897 922 audit,

2243 940 2424 1001 veluti
2448 942 2667 1001 surdus
2691 959 2805 1001 non
2832 941 3263 1020 audiens69,sic
3283 959 3421 1019 erga
3434 958 3536 1001 eos
3550 957 3681 1001 esse
3697 937 3895 1014 habet,

2251 1029 2507 1091 Proinde
2537 1049 2671 1093 cum
2700 1031 2833 1093 talis
2863 1032 3141 1105 evaserit,
3169 1031 3364 1094 statim
3390 1030 3545 1092 Deus
3568 1048 3702 1091 eam
3729 1029 3902 1091 inha-

2252 1119 2420 1193 bitat,
2456 1120 2726 1201 tiuntque
2757 1122 2815 1182 in
2851 1139 2921 1182 ea
2952 1140 3326 1202 quaecunque
3372 1119 3690 1201 cupiverit,
3722 1118 3899 1183 etiam

2250 1226 2433 1288 supra
2466 1228 2640 1290 quam
2679 1211 2995 1292 cupiverit.
3058 1211 3213 1274 Deus
3254 1211 3412 1273 enim
3446 1229 3581 1272 cum
3614 1209 3692 1272 sit
3722 1227 3901 1271 omne

2253 1299 2499 1374 bonum,
2534 1305 2815 1375 animam,
2878 1300 2938 1362 in
2997 1320 3114 1382 qua
3174 1301 3376 1362 sedem
3414 1297 3702 1380 posuerit,
3736 1295 3902 1358 omni

2251 1387 2409 1449 bono
2442 1388 2676 1468 implet,
2705 1398 2994 1470 quantum
3028 1390 3181 1472 potis
3213 1399 3302 1452 est
3332 1398 3540 1450 natura
3572 1396 3772 1449 nostra
3794 1385 3903 1447 im-

506 1480 800 1561 quidquid
834 1489 922 1542 est
955 1481 1400 1554 mmstitudinis,
1444 1481 1731 1562 quidquid
1768 1481 2164 1562 negligentia},

2252 1476 2400 1558 pleri
2440 1498 2455 1553 ;
2514 1478 2673 1540 Dens
2705 1479 2924 1560 quippe
2954 1499 2987 1541 a
3023 1480 3181 1541 nulla
3212 1498 3277 1540 re.
3305 1476 3543 1540 condita
3574 1475 3806 1554 capitur
3833 1495 3903 1538 ac

508 1570 806 1651 quidquid
841 1570 1112 1647 desidiae,
1146 1571 1522 1649 ignorantiae,
1573 1571 1910 1644 oblivionis,
1946 1572 2162 1650 gastri-

2250 1567 2579 1629 sustinetur
2635 1570 2799 1630 Bona
2815 1578 3010 1629 autem
3035 1569 3137 1629 illa
3162 1567 3428 1647 intelligo
3461 1587 3474 1627 :
3512 1565 3664 1642 Quae
3695 1566 3903 1629 oculus

513 1661 785 1741 margin},
819 1661 1000 1722 studii
1056 1661 1394 1742 voluptarii,
1458 1661 1605 1742 haec,
1668 1661 1933 1741 inquam,
1966 1661 2167 1723 omnia
2248 1675 2364 1719 non
2396 1659 2573 1729 vidit,
2603 1665 2662 1720 et
2684 1660 2992 1722 aurisnon
3022 1658 3286 1731 audivit,
3312 1675 3419 1719 nec
3443 1657 3902 1720 incorhominis

511 1748 695 1828 fugat,
751 1749 1021 1829 adeoque
1077 1750 1383 1812 hominem
1438 1759 1707 1823 renovat,
1772 1758 1830 1812 et
1857 1751 2229 1845 instaurat'B
2251 1749 2759 1845 ascenderuntfo,
2796 1750 2927 1830 ejus
2949 1757 3113 1845 puta,
3138 1748 3238 1829 qui
3264 1747 3685 1845 talis-nondum
3712 1747 3901 1845 exsti-

510 1839 712 1899 anima
741 1838 920 1900 simul
944 1847 1288 1922 etcorpore,
1314 1848 1376 1901 ut
1399 1838 2163 1914 noninterituiobnoxium,
2192 1834 2228 1845 ”
2255 1838 2320 1897 tit
2376 1834 2570 1908 Quare
2605 1836 2783 1925 etiam
2815 1841 2988 1900 docet
3013 1836 3358 1918 hujusmodi
3391 1836 3695 1925 hominem
3729 1834 3900 1898 habi-

512 1936 575 1990 et
620 1927 1022 2009 ponderosum
1055 1937 1233 2009 atque
1264 1947 1553 2004 crassum,
1589 1928 1694 1990 sed
1747 1928 2076 2010 spirituale,
2113 1941 2172 1990 et
2255 1932 2384 1989 tans
2414 1926 2474 1987 in
2506 1944 2576 1988 eo
2612 1930 2792 2005 Deus,
2824 1928 2900 1990 de
2928 1927 3168 2003 futuris,
3202 1934 3259 1989 et
3292 1924 3739 2006 praesentibus;
3789 1945 3904 1988 nec

511 2034 734 2097 expers
764 2016 1050 2091 materiae,
1077 2025 1136 2079 et
1166 2019 1294 2099 jam
1325 2018 1633 2089 idoneum,
1672 2017 1827 2099 quod
1854 2019 1916 2079 in
1952 2018 2168 2080 ccelum
2253 2014 2430 2076 verbo
2462 2016 2565 2078 sed
2599 2035 2803 2097 opere,
2828 2017 3216 2099 experientia,
3240 2016 3512 2097 etreipsa
3533 2014 3901 2078 intellectua-

510 2105 803 2185 rapiatur,
831 2124 1050 2187 corpus
1067 2116 1302 2187 gestare
1324 2107 1617 2171 videatur.
1642 2106 1764 2169 Nec
1796 2106 1953 2169 istud
1977 2108 2172 2170 solum

514 2195 713 2274 gratia
743 2195 1000 2276 Spiritus
1031 2197 1094 2259 in
1153 2216 1224 2259 eo
1285 2206 1604 2279 operatur:
1671 2197 1775 2259 sed
1810 2216 1920 2259 nec
1952 2197 2173 2260 intueri

517 2284 826 2365 quidpiam
886 2286 1263 2348 sensibilium
1318 2286 1374 2347 ei
1433 2285 1767 2367 permittit:
1828 2287 1919 2348 vel
1979 2288 2175 2367 potius

517 2375 690 2454 quasi
714 2394 833 2436 non
856 2374 1213 2451 intueretur,
1237 2377 1316 2438 ita
1336 2394 1470 2438 eum
1497 2377 1602 2436 has
1632 2394 1730 2438 res
1762 2375 1979 2437 intueri
2012 2376 2171 2439 facit.

516 2464 677 2527 Nam
709 2484 844 2526 cum
870 2484 1038 2528 mens
1061 2465 1137 2527 iis
1159 2484 1292 2548 quae
1325 2465 1757 2545 intelliguntur.
1776 2484 1838 2527 se
1853 2465 2172 2539 dediderit,

518 2552 596 2614 ab
630 2551 724 2614 his
754 2572 885 2634 quae
912 2554 974 2615 in
1027 2573 1267 2617 sensum
1327 2555 1549 2617 cadunt
1604 2563 1727 2617 tota
1758 2555 2031 2631 discedit,
2067 2554 2180 2617 etsi

520 2659 597 2703 ea
622 2642 830 2704 videre
859 2651 915 2706 et
947 2645 1424 2707 animadvertere
1484 2652 1742 2725 putetur.
1779 2646 1878 2707 Sic
1906 2644 2088 2724 igitur
2118 2645 2180 2706 in

521 2731 645 2798 his.
686 2751 901 2813 nempe
931 2753 1068 2815 quae
1115 2733 1510 2812 imelligentia
1561 2735 1685 2796 sola
1717 2735 2177 2816 perspiciuntur,

525 2839 888 2898 numerans,
924 2824 1252 2885 secundum
1309 2834 1606 2906 sanctum,
1666 2826 1835 2905 cujus
1892 2824 1994 2886 illa
2022 2843 2178 2886 vox:

521 2912 753 2973 Nostra
770 2918 977 2976 autem
996 2915 1375 2977 conrcrsatio
1387 2916 1454 2976 in
1473 2915 1636 2977 caelis
1649 2923 1760 2996 est,
1776 2932 1903 2977 non
1917 2923 2185 2978 contem-

2256 2105 2343 2166 les
2391 2105 2523 2185 ejus
2552 2107 2756 2170 oculos
2787 2110 3081 2183 revelans,
3134 2124 3504 2188 quaecunque
3535 2106 3653 2183 vul,
3684 2114 3741 2167 et
3771 2124 3903 2187 quae

2257 2193 2313 2258 ei
2341 2195 2701 2272 conducum,
2738 2197 3129 2260 demonstrat.
3154 2197 3381 2260 Caetera
3401 2215 3517 2257 non
3545 2194 3898 2275 indaganda.

2258 2300 2371 2344 nec
2401 2284 2744 2364 quaerenda,
2781 2305 2890 2347 nec
2921 2285 3160 2347 curiose
3219 2283 3536 2346 scrutanda
3564 2285 3775 2346 suadet
3803 2283 3857 2334 Ἡ
3887 2300 3905 2360 ;

2258 2372 2743 2454 quandoquidem
2776 2393 2888 2436 nec
2909 2392 3041 2455 qua:
3059 2372 3350 2455 Deusipsi
3382 2372 3606 2434 revelat
3640 2381 3917 2435 etosten-

2260 2462 2370 2537 dit,
2407 2462 2539 2523 sine
2569 2464 2929 2540 reverentia,
2990 2483 3058 2526 ac
3118 2462 3308 2526 libere
3340 2469 3535 2543 potest
3567 2462 3916 2543 perspicere

2262 2559 2439 2632 atque
2469 2549 2689 2614 intueri
2724 2571 2737 2614 :
2774 2552 2879 2631 sed
2908 2551 3077 2634 quasi
3109 2570 3216 2633 per
3244 2559 3624 2614 transennam
3660 2551 3912 2631 profun-

2263 2640 2507 2703 ditatem
2541 2642 2879 2706 divitiarum
2910 2641 3243 2723 sapientia,
3304 2649 3363 2705 et
3410 2640 3768 2719 cognitionis
3806 2642 3912 2704 Dei

2262 2729 2613 2811 inspiciens,
2648 2751 2783 2793 mox
2809 2740 3035 2805 aestuat,
3065 2730 3510 2812 etpercellitur,
3545 2739 3735 2793 semet
3756 2732 3913 2813 a-pi-

2267 2819 2455 2894 ciens,
2489 2829 2548 2882 et
2579 2821 2845 2901 cogitans
2875 2822 3008 2903 quis
3038 2821 3137 2896 sit,
3171 2828 3230 2882 et
3270 2818 3541 2901 qualibus
3572 2820 3915 2901 spectandis

2267 2909 2545 2989 dignatus
2568 2910 2664 2975 sit.
2702 2911 3165 2991 Magnitudinem
3211 2910 3371 2972 enim
3402 2908 3780 2989 benignitatis
3809 2908 3918 2973 Dei

519 2998 840 3079 ﬂantibus
859 3003 1031 3065 nobis
1048 3021 1183 3083 quae
1207 3005 1513 3078 videntur,
1537 3005 1647 3066 sed
1667 3022 1803 3085 qum
1823 3023 1945 3068 non
1970 3006 2186 3067 viden-
2215 3083 2237 3085 _
2267 3000 2674 3077 considerans,
2710 3011 2770 3063 et
2798 3001 3250 3083 obstupescens,
3285 3018 3469 3082 seque
3501 2999 3704 3062 talium
3736 2999 3920 3062 bono-

523 3096 635 3152 ίαν
655 3090 745 3172 67³
770 3091 1598 3173 ἰὶιὶάθῑὶῃθιυν,ἱιίυῐηίηειιιιτ,
1623 3083 2179 3174 assiduo'spiriiuali
2201 3083 2241 3133 (ἶ
2266 3106 2396 3149 rum
2431 3090 2774 3170 spectaculo
2810 3099 2931 3154 toto
2987 3099 3233 3171 pectore
3281 3089 3590 3168 indignum
3624 3097 3913 3164 statuens,

526 3188 700 3243 aetate
731 3200 1084 3261 augescens,
1138 3191 1199 3244 et
1246 3182 1513 3246 infantiae
1543 3182 1818 3246 sensibus
1850 3184 2174 3258 evacuatis,

528 3268 592 3330 in
623 3269 856 3332 virilem
916 3272 1349 3351 perfectionem
1402 3274 1742 3354 proficiens.
1807 3271 2181 3355 Quapropter

534 3358 694 3435 juxta
721 3379 1063 3423 mensuram
1095 3380 1330 3444 quoque
1358 3363 1549 3426 zetatis
1591 3364 1769 3443 hujus
1799 3382 1942 3439 suae,
1972 3380 2182 3425 secun-

544 3448 682 3507 dum
711 3449 857 3513 vires
888 3459 949 3514 et
976 3452 1312 3514 functiones
1341 3454 1555 3515 animae
1607 3453 1977 3524 immutatur,
2013 3461 2071 3514 et
2105 3451 2179 3513 ad

546 3537 809 3601 mandata
836 3540 942 3603 Dei
993 3541 1313 3604 factitanda
1365 3542 1575 3605 fortior
1631 3559 1700 3605 ac
1753 3540 2056 3624 potentior
2083 3541 2201 3602 fit.

543 3625 682 3699 Quae
710 3630 975 3710 quotidie
1005 3631 1285 3713 implens,
1319 3651 1427 3714 pro
1478 3631 1747 3713 portione
1779 3631 2177 3693 rxseculionis

536 3730 738 3776 eorum
771 3716 966 3780 adhuc
997 3728 1299 3799 purgatur,
1352 3719 1740 3802 splendescit,
1775 3719 2179 3795 collustratur,

533 3820 891 3883 magnorum
953 3810 1368 3890 mysteriorum
1442 3810 1836 3872 revelationes
1895 3819 2181 3879 meretur,

530 3912 790 3973 quorum
831 3898 1292 3978 profunditatem
1327 3919 1505 3962 nemo
1536 3900 1773 3961 illorum
1806 3899 1907 3980 qui
1936 3898 2000 3960 in
2030 3917 2188 3961 eam-

530 3984 673 4044 dem
697 3987 1013 4066 puritatem
1033 3997 1093 4051 ut
1115 3991 1545 4072 eveheruntur,
1575 4009 1694 4053 non
1715 3988 2184 4065 contenderunt,

532 4082 640 4133 aut
668 4074 813 4137 vidit
845 4096 1133 4160 unquam,
1167 4087 1268 4142 aut
1296 4079 1503 4142 videre
1535 4086 1753 4161 potest.

620 4167 898 4245 Mysteria
958 4177 1154 4232 autem
1213 4169 1372 4248 dico,
1431 4188 1562 4247 qua:
1620 4188 1754 4231 cum
1805 4167 1879 4230 ab
1912 4165 2192 4229 omnibus

534 4252 868 4331 videantur,
908 4278 1028 4322 non
1060 4267 1258 4322 tamen
1303 4259 1925 4341 comprehunduntur.
1958 4255 2190 4319 Etenim

2260 3196 2370 3239 nec
2392 3180 2467 3242 ad
2495 3198 2565 3241 ea
2584 3189 2788 3261 aperte
2804 3180 3134 3261 respicere,
3162 3198 3272 3241 nec
3292 3197 3364 3241 ea
3377 3195 3740 3259 pernoscere
3765 3179 3911 3241 vult:

2260 3267 2364 3327 sed
2393 3268 2606 3331 timore
2653 3279 2711 3332 et
2765 3280 3048 3349 tremore,
3082 3287 3150 3330 ac
3178 3267 3515 3329 reverentia
3569 3275 3906 3330 coarctatus

2264 3356 2591 3420 exclamat:
2631 3358 2776 3433 Quis
2795 3376 2931 3421 sum
2973 3375 3103 3440 ego,
3138 3358 3420 3434 Domine,
3455 3363 3509 3420 et
3540 3374 3674 3437 quae
3703 3357 3919 3419 domus

2262 3448 2461 3526 patris
2490 3454 2606 3510 mei
2650 3448 2734 3525 72,
2790 3447 3073 3530 quoniam
3133 3446 3272 3509 talia
3329 3447 3612 3527 mysteria
3670 3445 3917 3526 indigno

2266 3537 2641 3600 committere
2672 3557 2787 3599 non
2819 3536 3124 3610 dubitasti,
3160 3553 3374 3616 meque
3399 3543 3695 3615 tantorum
3729 3535 3916 3598 bono.

2261 3641 2393 3684 rum
2420 3633 2652 3687 tuorum
2681 3646 2796 3688 non
2822 3626 2999 3688 modo
3020 3624 3580 3706 contemplatorem,
3605 3625 3709 3686 sed
3730 3625 3915 3688 etiam

2269 3714 2614 3795 participem
2670 3726 2728 3777 et
2782 3724 3123 3779 consortem
3182 3713 3620 3776 admirabiliter
3667 3714 3922 3777 fecisti?

2270 3803 2427 3863 Talis
2457 3803 2654 3886 itaque
2685 3805 2786 3887 qui
2807 3806 2935 3887 jam
2966 3823 3148 3886 super
3195 3822 3432 3867 omnem
3486 3812 3820 3865 creaturam
3854 3822 3920 3865 se

2272 3892 2500 3968 extulit,
2531 3902 2693 3957 retro
2724 3896 2948 3971 redire,
2987 3905 3045 3956 et
3085 3913 3218 3974 quae
3251 3900 3538 3955 creaturae
3567 3901 3725 3969 sunt,
3757 3894 3818 3954 in
3849 3892 3923 3955 iis

2273 3981 2507 4046 curiose
2554 3984 2929 4065 inquirendis
2944 3982 3170 4045 versari
3193 3981 3596 4046 minimevult.
3616 3980 3764 4044 Nam
3781 4000 3918 4044 cum

2272 4071 2619 4150 angelorum
2653 4073 2970 4137 Dominum
3004 4071 3304 4154 possidea,
3365 4072 3685 4134 essentiam
3720 4080 3780 4134 et
3807 4089 3919 4133 na-

2277 4167 2467 4221 turam
2504 4160 2966 4225 ministrantium
3027 4161 3084 4223 ei
3140 4160 3488 4240 angelorum
3523 4160 3926 4241 pervestigare

2274 4247 2581 4323 abhorret,
2615 4270 2750 4313 eum
2782 4251 2950 4326 sciat,
2984 4249 3110 4313 Deo
3171 4270 3286 4311 non
3319 4250 3585 4331 placere,
3615 4249 3922 4313 hominem

538 4361 712 4405 mens
739 4364 772 4406 a
793 4347 1019 4430 Spiritu
1060 4351 1406 4412 innovatore
1436 4334 1790 4425 illuminata,
1827 4346 2006 4409 etiam
2041 4364 2190 4408 ocu-
2212 4334 2404 4418 unw
2431 4357 2609 4421 supra
2639 4341 2944 4430 hominem
2974 4348 3132 4416 sunt,
3170 4358 3287 4430 per
3307 4338 3716 4430 curiositatem
3744 4339 3924 4402 inda-

538 4432 633 4494 los
662 4426 866 4512 novos,
894 4456 1070 4501 aures
1090 4440 1232 4502 item
1256 4458 1439 4502 novas
1460 4436 1735 4520 acquirit,
1771 4445 1834 4498 ut
1864 4436 1940 4498 de
1973 4442 2190 4498 czetero
2272 4446 2436 4520 gare.
2469 4430 2531 4493 Si
2554 4430 2714 4492 enim
2733 4429 2888 4513 jussi
2928 4448 3135 4493 sumus
3172 4428 3407 4520 divinas
3434 4426 3774 4511 Scripturas
3804 4446 3925 4492 non

536 4542 658 4585 non
691 4534 755 4588 ut
781 4527 958 4591 homo
974 4529 1285 4592 sensibilia
1312 4518 1699 4601 sensibiliter,
1734 4525 1839 4588 sed
1864 4536 1928 4588 ut
1949 4526 2192 4588 homine
2274 4519 2508 4581 curiose
2536 4520 2837 4583 discutere
2865 4521 2949 4600 73,
3012 4521 3196 4582 multo
3259 4518 3444 4597 magis
3487 4536 3668 4600 supra
3700 4536 3768 4580 ea
3793 4536 3927 4600 quae

529 4613 660 4692 jam
690 4616 987 4701 superior,
1028 4619 1334 4681 sensibilia
1364 4626 1424 4682 et
1453 4634 1743 4699 corporea
1773 4615 2186 4697 spiritualiter,
2272 4607 2495 4688 scripta
2547 4618 2706 4701 sunt,
2762 4629 2872 4672 nos
2928 4612 3196 4701 curiosos
3272 4626 3408 4672 esse
3465 4607 3709 4701 omnino
3771 4607 3929 4670 haud

539 4711 600 4764 et
629 4711 909 4787 tanquam
940 4708 1366 4772 similitudines
1383 4705 1925 4790 iuaspectabilium,
1947 4722 2191 4766 eorum-

540 4811 658 4871 que
702 4794 921 4859 lormas
976 4799 1134 4862 velut
1188 4801 1482 4862 informes
1537 4815 1605 4859 ac
1664 4793 1866 4877 specie
1913 4801 2194 4856 carentes

539 4884 822 4959 intuetur,
857 4886 1162 4971 auditque,
1193 4909 1313 4952 non
1372 4897 1435 4951 ut
1490 4886 1785 4969 quispiam
1815 4883 2052 4961 uixerit,
2086 4902 2190 4944 vo-

539 4989 697 5049 cem,
730 4984 831 5039 aut
861 4996 1036 5041 voces
1065 4980 1427 5058 hominum;
1462 4978 1565 5039 sed
1609 4975 1824 5050 solius,
1854 4982 1912 5037 et
1939 4973 2192 5036 viventis

540 5065 748 5145 Verbi,
782 5071 1020 5152 quando
1052 5092 1160 5154 per
1191 5073 1513 5135 humanam
1544 5087 1747 5131 vocem
1774 5087 1839 5130 se
1863 5067 2203 5138 exemerit.

541 5157 672 5221 Hoc
704 5162 888 5239 enim,
923 5171 983 5225 et
1010 5163 1228 5240 solum,
1264 5172 1542 5243 tanquam
1572 5166 1776 5220 notum
1798 5156 1938 5232 sibi,
1965 5164 2024 5218 et
2050 5155 2206 5217 ami-

542 5272 683 5316 cum
709 5273 816 5337 per
846 5274 1021 5320 aures
1050 5255 1250 5319 anima
1279 5255 1554 5336 suscipit,
1589 5253 1766 5334 eique
1797 5249 2023 5313 aditum
2059 5267 2199 5310 cou-

540 5343 725 5421 cedit,
756 5357 819 5407 et
845 5354 1161 5427 receptum
1216 5345 1412 5408 libens
1440 5341 1825 5424 amplectitur
1856 5358 1872 5403 :
1926 5338 2083 5402 sicut
2121 5337 2203 5400 ait

538 5433 864 5501 Dominus:
900 5435 1060 5501 Oves
1076 5454 1227 5501 meae
1242 5453 1440 5500 vocem
1453 5450 1645 5496 meam
1663 5431 1948 5508 audiunt,
1976 5429 2203 5493 alieno-

2277 4705 2528 4776 oportet.
2580 4697 2745 4762 Talis
2784 4703 2972 4762 Deum
3006 4697 3188 4775 videt,
3233 4704 3520 4780 quantum
3549 4697 3678 4760 fieri
3709 4705 3928 4776 potest,

2276 4795 2337 4848 et
2360 4797 2643 4868 quantum
2675 4789 2793 4870 ipsi
2823 4792 2946 4853 Deo
2976 4786 3147 4870 libet,
3181 4798 3239 4849 et
3291 4805 3530 4866 semper
3561 4806 3695 4848 eum
3729 4787 3933 4849 videre

2275 4880 2496 4956 studet,
2527 4888 2700 4961 atque
2730 4888 2797 4942 ut
2830 4886 2960 4960 post
2981 4877 3208 4940 obitum
3251 4875 3470 4951 videat,
3508 4884 3797 4957 perpetuo
3827 4894 3930 4939 ro-

2273 4977 2389 5050 gat,
2424 4976 2484 5030 et
2512 4970 2638 5032 sola
2667 4972 2801 5052 ejus
2837 4967 3067 5031 visione
3087 4976 3428 5045 contentus,
3464 4967 3614 5028 nihil
3647 4975 3939 5048 praeterea

2284 5058 2560 5140 requirit.
2593 5057 2766 5123 Unde
2795 5077 2909 5121 nec
2936 5060 3128 5123 Deum
3183 5076 3254 5120 ac
3312 5055 3627 5121 Dominum
3657 5074 3856 5133 suum,
3904 5075 3939 5118 a

2286 5168 2402 5230 quo
2432 5149 2699 5230 repletur
2726 5148 2976 5224 lumine,
3032 5156 3092 5211 et
3145 5165 3180 5209 a
3233 5163 3354 5227 quo
3408 5146 3541 5208 vitae
3568 5144 3843 5222 sincerae,
3879 5152 3939 5207 et

2285 5243 2650 5324 incorruptae
2679 5240 3041 5322 voluptatem
3096 5235 3295 5313 habet,
3358 5235 3726 5317 relinquere,
3774 5243 3833 5296 et
3862 5235 3936 5296 ad

2284 5349 2390 5394 sna
2413 5329 2648 5393 vincula
2668 5330 2974 5412 respicere
2993 5328 3179 5410 cupit.
3199 5326 3361 5389 Talis
3391 5327 3573 5401 visus,
3609 5324 3734 5387 sive
3765 5324 3940 5388 desu-

2285 5440 2394 5504 per
2416 5440 2451 5483 a
2476 5421 2599 5485 Dee
2631 5420 2991 5498 illustratus,
3037 5429 3097 5482 et
3145 5416 3276 5500 ipse
3332 5415 3777 5498 praecellentem
3807 5414 3940 5495 ejus

627 5596 692 5679 67
724 5595 987 5679 Philipp.
1021 5612 1086 5675 ιι,
1120 5597 1241 5675 20;
1273 5594 1327 5660 II
1355 5595 1490 5679 Ger.
1525 5593 1785 5679 iv,_l8.__
1822 5588 2070 5679 68.10519.
2106 5606 2168 5670 Χ,

2263 5588 2301 5650 5.
2388 5586 2453 5637 69
2479 5583 2641 5648 Psal.
2672 5597 2905 5662 xxxvii,
2938 5579 3039 5645 14.
3127 5575 3238 5640 701
3266 5577 3403 5644 Cor.
3437 5594 3500 5657 ιι,
3529 5578 3592 5642 9.
3676 5573 3731 5619 71
3760 5574 3938 5637 Rom.

544 5695 631 5756 ιι,
669 5678 772 5744 33.
860 5671 1006 5741 7911
1034 5671 1188 5760 aeg.
1220 5671 1328 5761 vn,
1361 5678 1462 5743 18.
1548 5672 1810 5738 73Eccli.
1842 5688 1930 5750 ιιι,
1960 5671 2063 5736 es.
