4160 6406
281 312 396 379 451
651 283 676 300 “
1595 307 1976 374 SYMEONIS
2016 303 2366 372 JUNIOBIS
3554 298 3672 363 452

281 446 530 528 gloriam
561 444 795 524 videns,
829 451 892 506 ut
921 443 975 506 al
1023 442 1155 506 aliis
1211 441 1427 525 qualis,
1489 449 1547 503 et
1601 439 1665 502 in
1713 445 1994 521 quantaA
2016 446 2149 501 ortn
2180 440 2377 503 insitis
2407 439 2781 521 obisdentur,
2837 446 2895 501 et
2948 438 3011 500 in
3053 438 3257 500 lumen
3288 435 3443 528 quod
3474 433 3673 496 animo

285 524 471 619 gloria
502 537 577 600 sit
635 535 932 616 videatur,
991 535 1106 597 hoc
1153 524 1246 595 illi
1297 531 1358 594 in
1417 539 1674 594 mentem
1734 530 1937 619 venire
2021 537 2080 591 et
2107 531 2467 610 cogitatione
2496 530 2765 592 cernitur
2793 529 3074 611 quodque
3127 524 3480 619 primusile
3513 531 3684 619 pater

285 613 587 708 numquam
641 633 858 706 potest.
917 613 1210 697 Quaelibet
1265 641 1424 685 enim
1486 632 1692 682 sancta
1735 618 1937 681 anima
2018 619 2240 702 amisit,
2267 629 2576 702 aspectum
2599 616 3430 700 defigerenolunt,hiinipso
3455 613 3679 676 lumine

285 719 450 780 omni
499 716 822 797 cupiditate
855 713 1058 794 gloriae
1089 722 1289 774 vacat:
1325 711 1618 792 siquidem
1656 711 1841 792 regia,
1878 717 1936 772 et
2021 717 2211 783 natos,
2245 719 2302 771 et
2345 729 2475 792 quae
2528 710 2774 772 luminis
2824 715 2966 772 sunt
3024 708 3414 774 disserentes,
3469 722 3676 797 eorum

287 793 657 869 lucidissima
714 793 956 884 spiritus
1007 803 1204 864 tunica
1259 810 1496 880 ornata,
1554 807 1612 860 et
1642 798 1936 860 immensa
2019 799 2400 861 sermonibus
2427 799 2709 880 perculsi,
2735 818 2838 880 pro
2863 798 3137 860 hostibus
3164 796 3278 857 sibi
3320 793 3678 884 adversariis

285 896 394 960 Dei
423 895 612 976 gloria
639 893 890 976 repleta,
925 912 1046 955 non
1089 892 1278 954 solum
1336 893 1652 952 humanam
1686 887 1933 967 gloriam

285 1007 391 1068 pro
425 985 612 1048 nihilo
647 991 832 1066 putat,
867 983 971 1044 sed
1003 981 1248 1044 omnino
1284 1000 1394 1042 nec
1424 980 1496 1040 ad
1529 979 1786 1068 oblatam
1819 977 1932 1038 sibi

283 1067 414 1140 sese
447 1073 755 1138 convertit.
787 1072 838 1136 Α
870 1076 989 1135 Deo
1019 1071 1238 1152 quippe
1269 1071 1412 1149 visa,
1441 1078 1498 1129 et
1521 1069 1648 1147 ipsa
1671 1067 1928 1129 vicissim

285 1185 420 1228 eum
453 1164 684 1241 videns,
709 1161 890 1224 alium
924 1161 1181 1241 aliquem
1229 1160 1535 1221 hominem
1570 1157 1796 1239 videre,
1828 1163 1933 1218 aut

286 1255 360 1317 ab
390 1255 504 1316 alio
530 1251 719 1315 videri
750 1269 1052 1330 nunquam
1085 1247 1475 1310 desiderabit.

367 1343 761 1418 Quamobrem
795 1341 1046 1401 obsecro
1079 1359 1203 1410 vos,
1239 1340 1450 1400 fratres
1479 1339 1539 1399 in
1563 1337 1825 1411 Christo,
1860 1353 1934 1396 ne

287 1435 482 1496 verbis
497 1434 782 1494 duntaxat
805 1429 1130 1492 ineffabilia
1153 1430 1384 1490 discere
1409 1428 1680 1501 velimus,
1702 1426 1856 1506 quod
1878 1433 1935 1486 et

287 1523 641 1588 docentibus
671 1531 730 1584 et
759 1518 1140 1581 audientibus
1195 1538 1362 1599 teque
1416 1526 1504 1579 est
1540 1514 1930 1597 impt'SSiblie.

2018 888 2266 952 ducunt.
2302 889 2814 962 Quemadmodum
2851 907 3108 969 namque
3139 887 3342 948 radius
3374 883 3538 959 solis,
3576 882 3676 943 ubi

2019 976 2261 1040 domum
2293 980 2633 1062 quampiam
2665 979 2978 1041 obsruram
3028 976 3360 1052 intraverit,
3397 972 3675 1035 tenebras

2013 1067 2363 1147 utjaculum
2394 1077 2686 1149 penetrat,
2713 1087 2782 1130 ac
2806 1068 3060 1129 dissecat
3088 1090 3100 1127 ι
3137 1066 3214 1127 ita
3237 1063 3584 1146 spiritualis,
3613 1070 3674 1123 et

2012 1157 2203 1218 sancti
2249 1158 2356 1218 viri
2413 1177 2446 1219 a
2497 1157 2617 1222 Deo
2660 1157 2947 1237 inspirata
2999 1156 3209 1224 oratio,
3272 1174 3379 1216 ceu
3431 1152 3666 1233 gladius

2015 1263 2235 1327 anceps
2266 1267 2372 1308 cor
2403 1247 2664 1309 hominis
2693 1247 2946 1308 carnalis
2978 1245 3347 1311 consauciat,
3382 1243 3396 1302 i
3426 1245 3559 1322 tque
3593 1241 3662 1301 ad

2016 1335 2551 1397 contradictionem
2586 1344 2643 1398 et
2672 1335 2898 1414 odium,
2927 1353 3047 1416 prae
3072 1334 3424 1412 ignorantia,
3455 1339 3509 1392 et
3535 1330 3657 1389 infi-

2018 1423 2258 1487 delitate
2280 1425 2536 1487 concitat
2563 1447 2576 1488 :
2615 1426 2737 1500 Qui
2760 1431 2960 1487 autem
2989 1428 3299 1485 existi-mal
3336 1438 3399 1481 se
3427 1419 3668 1497 aliquid

2017 1513 2192 1580 scire.
2221 1532 2358 1576 cum
2380 1514 2535 1577 nihil
2562 1520 2717 1577 sciat
2741 1514 2824 1589 76,
2861 1513 3088 1575 etiamsi
3121 1511 3393 1588 angelum
3422 1509 3494 1569 de
3517 1508 3665 1568 coelo

284 1615 487 1696 Neque
535 1612 693 1674 enim
727 1611 826 1692 qui
857 1629 988 1692 qua:
1017 1608 1144 1670 solo
1177 1609 1480 1670 intellectu
1514 1605 1945 1687 percipiuntur,
2033 1606 2103 1668 ad
2133 1624 2198 1667 se
2226 1606 2689 1669 descendentem
2722 1607 2954 1679 viderit,
2991 1612 3052 1666 ut
3085 1605 3299 1666 malum
3335 1603 3666 1663 dtemonem

285 1715 346 1769 et
370 1694 570 1768 divina
597 1711 733 1764 sunt
766 1702 1004 1774 docent,
1036 1717 1105 1760 ea
1127 1694 1774 1775 manifestis'exemplis
1803 1713 1940 1775 per-

284 1797 488 1878 spicue
521 1793 956 1862 demonstrare,
1011 1807 1340 1868 eorumque
1396 1785 1725 1859 veritatem,
1782 1796 1845 1845 ut
1875 1765 1997 1844 inB

285 1875 522 1966 negotio
553 1882 752 1963 aliquo
813 1880 1087 1958 solertes,
1149 1897 1217 1939 ac
1277 1875 1397 1966 triti
1451 1880 1930 1966 reprtesentare:

283 1961 395 2036 nec
431 1971 535 2054 qui
577 1961 892 2044 docentur,
924 1987 992 2029 ex
1025 1966 1221 2027 verbis
1267 1965 1410 2028 solis
1440 1983 1646 2054 eorum
1679 1982 1808 2044 quae
1839 1961 1931 2023 di-

279 2052 495 2125 cuntur
525 2059 882 2124 evidentiam
916 2057 1147 2118 discere
1180 2064 1428 2137 possunt
1461 2077 1472 2111 :
1538 2053 1640 2116 sed
1672 2052 1929 2127 actione,

283 2151 588 2215 laboribus
620 2159 677 2212 et
735 2147 1055 2212 sudoribus
1111 2147 1241 2228 ipsa
1297 2144 1834 2226 comprehendere,
1873 2153 1932 2204 et

281 2241 677 2320 contemplari
708 2239 1087 2302 studeamus:
1123 2244 1187 2297 ut
1211 2236 1261 2298 si
1295 2235 1433 2297 inde
1466 2237 1640 2295 etiam
1672 2233 1933 2296 rationes

282 2332 520 2404 horum,
556 2329 713 2390 velut
761 2346 929 2390 sacra
984 2324 1258 2408 mysteria
1311 2324 1471 2386 docti
1527 2323 1836 2398 fuerimus,
1873 2336 1929 2384 et

280 2420 645 2499 glorificetur
669 2421 846 2490 Deus,
873 2417 959 2478 sic
991 2415 1164 2478 nobis
1194 2413 1575 2494 habentibus,
1609 2420 1668 2474 et
1699 2431 1804 2472 nos
1828 2430 1934 2492 per

280 2511 516 2571 illorum
569 2507 966 2586 cognitionem
1022 2505 1425 2585 glorificemus
1477 2520 1637 2575 eum,
1684 2503 1932 2582 ipseque

283 2598 574 2677 gloriﬁcet
605 2615 711 2658 nos
742 2595 802 2657 in
835 2595 965 2676 ipso
1023 2593 1254 2657 Christo
1315 2595 1438 2653 Deo
1471 2599 1673 2655 nostro
1702 2612 1718 2662 ;
1751 2608 1927 2670 quem

279 2687 453 2750 decet
485 2687 678 2748 omnis
700 2685 910 2765 gloria,
936 2686 1129 2746 honor
1151 2691 1208 2744 et
1257 2683 1522 2744 adoratio
1554 2699 1688 2742 cum
1726 2683 1923 2754 Patre,

280 2785 340 2838 et
369 2776 743 2838 sanctissimo
775 2794 847 2838 ac
877 2773 1105 2835 viviﬁco
1129 2771 1373 2854 Spiritu,
1401 2790 1559 2833 nunc
1581 2783 1639 2832 et
1661 2785 1924 2850 semper,

280 2874 338 2927 et
367 2865 427 2926 in
459 2864 673 2927 saecula
706 2863 1079 2925 saeculorum.
1110 2864 1326 2924 Amen.

837 2967 1122 3035 ORATIO
1155 2967 1389 3033 XXVII.

873 3095 1288 3142 ARGUMENTUM.

349 3263 475 3303 cum
503 3247 636 3318 ﬁliis
667 3243 802 3304 lucis
824 3243 1180 3310 consociatio,
1205 3250 1254 3318 et
1274 3243 1516 3318 quonam
1543 3248 1704 3318 pacto
1733 3243 1800 3318 in_
1821 3243 1935 3300 illis

347 3314 756 3391 eﬂiciutur.Ad
793 3319 978 3391 ﬁnem,
1031 3316 1339 3374 sarerdotio
1383 3314 1610 3387 indigne
1635 3314 1800 3385 fungi
1829 3330 1926 3370 au-

355 3389 605 3447 dentiam
633 3389 946 3446 insectatio.

351 3487 618 3569 Semper,
649 3496 705 3550 et
737 3486 900 3550 omni
933 3496 1224 3568 tempore,
1245 3485 1478 3555 fratres,
1507 3484 1662 3546 inter
1685 3503 1750 3546 se
1775 3503 1922 3545 con-

273 3578 454 3640 traria
480 3586 614 3639 sunt
641 3577 738 3638 lux
765 3575 1122 3651 ettenebrm,
1145 3576 1293 3637 ﬁdes
1308 3572 1923 3652 etinﬁdelitas,cogni-

273 3669 353 3729 tio
382 3676 439 3729 et
469 3667 827 3746 ignorantia,
862 3666 1122 3727 charitas
1154 3672 1212 3726 et
1240 3663 1468 3725 odium.
1501 3665 1646 3725 Nam
1681 3682 1816 3725 cum
1848 3662 1921 3724 ab

267 3757 437 3819 initio
470 3755 716 3818 dixisset
764 3759 940 3835 Deus,
1001 3757 1138 3818 Fiat
1199 3754 1306 3816 lita;
1363 3754 1447 3829 τι,
1495 3769 1684 3834 eaque.
1738 3753 1923 3814 exsti-

269 3847 467 3919 tisset,
501 3846 661 3906 illico
692 3844 955 3907 tenebrae
979 3853 1368 3906 evanuerunt.
1407 3847 1564 3906 Luce
1586 3842 1922 3915 occidente,

2033 1695 2414 1759 adversatur:
2452 1705 2509 1759 et
2537 1697 2804 1779 quamvis
2834 1695 3202 1776 Apostolum,
3237 1691 3507 1773 quamvis
3525 1708 3664 1768 pro-

2021 1786 2256 1866 phetam
2279 1787 2407 1862 Dei,
2433 1789 2610 1849 etiam
2633 1789 2823 1868 ipsum
2847 1796 2905 1849 ut
2928 1787 3107 1848 alium
3135 1784 3450 1866 quemdam
3478 1780 3668 1841 Simo-

2023 1893 2156 1937 nem
2189 1878 2420 1956 Magum
2453 1877 2830 1939 ahominatnr
2865 1899 2879 1946 ;
2925 1884 2981 1937 et
3031 1875 3186 1956 quod
3222 1880 3507 1934 extremae
3538 1879 3666 1928 stn-

2020 1965 2260 2029 Iiditatis
2316 1975 2426 2042 est,
2487 1986 2684 2029 caecus
2733 1967 3034 2029 cidcntem
3095 1974 3154 2023 ut
3225 1980 3444 2023 (τωρωι)
3505 1960 3666 2021 ducit

2018 2054 2237 2136 quique
2269 2055 2520 2136 ipsemet
2548 2076 2756 2118 revera
2784 2063 3049 2135 mugator
3071 2064 3186 2122 est.
3213 2053 3343 2132 ejus
3363 2050 3536 2112 verba
3558 2068 3664 2131 pro

2019 2145 2189 2221 nugis
2220 2146 2418 2209 habet.
2461 2151 2528 2209 Et
2558 2147 2859 2226 quomodo
2893 2165 3108 2217 (ancus,
3145 2143 3320 2222 siqui
3353 2149 3524 2202 noctu
3559 2159 3665 2199 stc-

2018 2234 2148 2314 pius
2174 2235 2469 2297 aflirment
2500 2237 2684 2296 Solum
2748 2236 2970 2307 lucere,
3028 2234 3203 2292 fidem
3256 2231 3341 2292 eis
3371 2228 3660 2307 adjnugit,

2017 2332 2074 2382 et
2101 2343 2336 2385 rursum
2371 2325 2430 2385 in
2465 2325 2712 2385 meridie
2749 2328 2938 2385 Furem
2995 2341 3126 2384 esse
3175 2317 3515 2380 dicentibus
3549 2335 3661 2376 non

2016 2413 2229 2487 credit,
2265 2413 2579 2494 suspicans
2605 2433 2668 2474 se
2716 2412 2788 2472 ab
2853 2413 3115 2482 utrisque
3173 2407 3370 2487 decipi
3405 2423 3418 2468 :
3457 2415 3507 2467 et
3539 2405 3662 2466 sive

2015 2502 2209 2563 lucem
2245 2504 2301 2563 in
2333 2504 2452 2579 die,
2488 2504 2610 2564 sive
2643 2513 2754 2563 ten:
2783 2502 2917 2562 hras
2974 2501 3032 2560 in
3092 2509 3263 2560 nocte
3295 2496 3404 2557 sibi
3441 2495 3658 2576 praedi-

2014 2601 2216 2654 cantes
2246 2593 2555 2670 ambiguus
2586 2590 2818 2672 rejicit:
2850 2591 2927 2651 ita
2952 2589 3049 2669 qui
3084 2589 3143 2650 in
3180 2585 3446 2651 tenebris
3476 2584 3660 2645 animi

2014 2683 2527 2762 perturbationum
2589 2682 2847 2755 sedent,
2910 2697 3272 2760 sensumque
3325 2675 3658 2752 ignorantia

2012 2772 2376 2836 obczecatum
2411 2771 2652 2846 habent,
2677 2771 2764 2830 vel
2793 2771 3011 2851 potius,
3037 2769 3134 2849 qui
3173 2786 3413 2829 sensum
3439 2765 3657 2826 Christi

2012 2879 2130 2922 non
2164 2859 2406 2936 habent,
2437 2858 2626 2939 ipsius
2668 2876 2912 2920 sensum
2967 2859 3307 2934 habentem,
3339 2853 3498 2915 velut
3527 2853 3656 2932 ejus

2009 2958 2337 3029 expertem,
2375 2955 2432 3009 et
2465 2967 2582 3009 non
2616 2949 2934 3011 habentem
2966 2947 3124 3010 velut
3157 2949 3286 3026 ejus
3317 2952 3652 3023 compotem

1941 3054 1980 3104 C
2003 3045 2302 3119 reputant.
2321 3040 2405 3101 De
2427 3037 2642 3118 quibus
2659 3036 2810 3098 bene
2828 3037 3004 3099 David
3037 3037 3359 3117 propheta:
3385 3033 3656 3102 Stultus,

277 3175 352 3233 De
381 3174 608 3233 turbida
637 3180 686 3231 et
714 3173 925 3245 inﬁdeli
951 3121 1021 3230 ii;
1045 3121 1220 3244 proici
1255 3127 1540 3244 (im-ctione
1567 3169 1696 3236 Qum
1735 3171 1808 3245 sit
1833 3170 1918 3245 _D_e

2023 3135 2079 3191 et
2095 3130 2386 3208 insipiens
2391 3127 2779 3208 peribunt”.
2821 3126 3112 3199 Quocirca
3133 3125 3276 3187 tales
3299 3132 3476 3185 totam
3501 3121 3659 3183 divi-

2019 3238 2150 3245 ..-μ
2177 3217 2515 3245 C‘-----.J.....
2551 3217 2879 3245 --..--_J---....
2916 3216 3184 3245 ..-Α-...τηρ
3217 3216 3475 3245 ε..η,.νι..ηε.
3513 3232 3618 3245 ιιι-ιη

2019 3238 2154 3281 nam
2177 3217 2517 3282 Secundum
2550 3217 2880 3279 secundum
2916 3216 3186 3299 proprias
3215 3216 3479 3294 ipsorum
3511 3232 3660 3275 con-

2015 3307 2411 3389 cupiscentias
2468 3305 2814 3386 depravant,
2888 3316 2946 3369 et
3004 3326 3109 3388 pro
3169 3304 3398 3367 vitiosis
3448 3320 3655 3366 eorum

2006 3395 2338 3477 affectibus,
2371 3415 2519 3476 quos
2553 3397 2612 3456 in
2645 3395 2770 3476 ipsa
2803 3396 3273 3471 noninveniunt,
3301 3394 3404 3455 sed
3425 3393 3654 3454 adulte-

2006 3495 2208 3549 rantes
2238 3505 2370 3548 eam
2425 3486 2750 3567 patiuntur,
2811 3493 3222 3567 corrumpunt.
3260 3484 3419 3548 Cedo
3452 3483 3653 3563 igitur,

2005 3576 2104 3657 qui
2136 3579 2211 3639 de
2240 3575 2418 3637 rebus
2439 3593 2746 3656 perperam
2781 3576 3066 3644 indicant,
3096 3591 3206 3638 nec
3235 3593 3355 3656 prae
3373 3570 3649 3652 arroganl

2006 3667 2086 3728 tia
2117 3664 2320 3728 doceri
2350 3684 2414 3726 se
2446 3665 2670 3739 sinunt,
2707 3673 2763 3726 et
2795 3665 2936 3727 caeci
2984 3673 3145 3746 sunt,
3192 3673 3355 3727 recte
3387 3682 3650 3743 unquam

2011 3775 2114 3837 pro
2147 3753 2509 3836 semetipsos
2539 3773 2748 3816 sensus
2802 3756 2954 3817 lucis
2999 3763 3360 3834 cognoscent
3389 3759 3414 3814 ?
3445 3757 3654 3818 Oculis

2009 3854 2237 3927 captus,
2271 3865 2384 3908 nec
2415 3847 2605 3906 lucem
2640 3845 2902 3916 intuens,
2933 3847 3034 3926 qui
3067 3845 3306 3906 tandem
3341 3846 3566 3907 litteras
3593 3849 3651 3908 in

269 3935 461 3998 statim
495 3953 610 3997 nox
631 3935 832 3996 rediit.
867 3934 1053 3995 Adam
1088 3953 1226 3996 vero
1260 3935 1374 3996 fide
1405 3934 1462 3994 in
1507 3932 1694 3994 Deum
1731 3933 1928 3993 muni-
2010 3936 2144 3998 luce
2173 3935 2360 4015 leget?
2423 3934 2532 4008 Qui
2576 3955 2715 3999 vero
2741 3945 2952 4011 cmcus)
2989 3945 3078 3996 est
3107 3953 3308 4006 sensu,
3343 3944 3402 3996 et
3431 3934 3653 3999 Christi

273 4033 365 4086 tus
394 4044 463 4085 ac
497 4032 673 4100 tutus,
703 4024 1020 4086 immortali
1040 4024 1228 4103 gloria
1258 4021 1732 4096 circumfluebat,
1769 4034 1829 4082 et
1859 4022 1920 4082 in
2008 4044 2251 4088 sensum
2280 4025 2420 4087 inse
2447 4045 2565 4088 non
2589 4027 2788 4098 habet,
2815 4023 3112 4106 quomodo
3137 4023 3196 4084 in
3229 4023 3456 4085 lumine
3480 4023 3655 4088 Chri-

273 4113 548 4194 paradiso
580 4121 725 4176 erat.
759 4113 846 4174 Ab
877 4113 1120 4174 inimico
1151 4121 1348 4175 autem
1402 4111 1472 4173 ad
1506 4111 1918 4175 infidelitatem
2003 4117 2078 4178 sti
2100 4134 2312 4178 sensus
2335 4115 2632 4191 repositos
2653 4135 2721 4176 ac
2751 4113 3090 4177 reconditos
3111 4113 3311 4174 videre
3335 4122 3392 4175 et
3425 4133 3653 4196 expen-

270 4203 562 4278 detortus,
586 4213 776 4265 morte
805 4203 1140 4279 damnatus,
1175 4201 1526 4282 etparadiso
1549 4201 1913 4281 exturbatus,
2002 4205 2147 4266 dere
2177 4203 2429 4286 potest?
2488 4204 2670 4276 Talis,
2707 4203 2973 4286 quamvis
3005 4203 3224 4264 millies
3256 4203 3656 4266 exterioribus

271 4310 376 4371 pro
405 4290 606 4354 divina
636 4292 1048 4373 spiritualique
1107 4292 1442 4372 cognitione
1475 4291 1772 4352 carnalem
1809 4312 1912 4354 co—
1941 4293 2192 4376 Doculis
2219 4293 2443 4373 scripta
2471 4312 2713 4355 sensum
2767 4292 3062 4356 moventia
3107 4291 3284 4371 legat,
3323 4311 3646 4374 nunquam,

264 4381 595 4460 gnitionem
626 4381 876 4461 recepit.
912 4382 1146 4443 Etenim
1177 4380 1363 4443 oculis
1411 4381 1624 4442 anima:
1652 4381 1916 4455 orbatus,

268 4471 504 4551 vitaque
538 4471 787 4552 perenni
817 4471 1126 4552 spoliatus,
1177 4471 1486 4552 corporeis
1517 4471 1706 4532 oculis
1733 4472 1920 4549 θαλινῆ

265 4559 561 4640 aspicere,
593 4560 786 4640 iisque
818 4559 1208 4621 sensibilibus
1251 4569 1310 4622 et
1355 4561 1816 4641 aspectabilibus
1848 4582 1918 4625 ex

264 4649 667 4710 commotione
683 4648 958 4728 adjectis,
973 4649 1254 4730 cognovit
1267 4649 1443 4710 Evam
1459 4669 1912 4732 uxoremsuam,

265 4757 396 4819 qua:
427 4739 702 4820 concepit
730 4749 788 4800 et
808 4737 1038 4820 peperit
1060 4739 1203 4802 Cain
1220 4741 1304 4800 75.
1341 4739 1529 4801 Porro
1563 4739 1692 4802 talis
1719 4741 1893 4820 cogni

267 4834 348 4890 tio
379 4847 516 4891 vere
539 4832 734 4890 omnis
762 4830 902 4891 honi
925 4829 1257 4907 ignorantia
1279 4838 1389 4906 est,
1414 4830 1548 4894 Nisi
1569 4831 1728 4892 enim
1754 4832 1917 4910 prius

264 4917 523 4979 divinam
584 4918 983 4997 cognitionem
1063 4919 1471 5002 visionemque
1529 4920 1911 5001 perdidisset,

264 5027 566 5088 nunquam
615 5008 676 5069 in
726 5007 900 5069 istam
949 5008 1346 5088 cognitionem
1398 5009 1705 5070 devolutus
1731 5017 1908 5072 esset.

265 5095 363 5160 Sic
393 5097 613 5159 deinde
644 5105 702 5158 et
722 5096 863 5160 Cain
893 5097 1046 5159 filius
1066 5099 1216 5179 ejus,
1265 5098 1377 5160 nisi
1409 5107 1547 5161 ante
1586 5100 1648 5161 in
1679 5099 1909 5176 odium,

2002 4383 2236 4464 opinor,
2269 4383 2624 4464 spiritualia,
2684 4391 2741 4445 ct
2801 4381 3067 4444 materia:
3122 4381 3412 4462 expertia,
3449 4391 3506 4444 et
3537 4384 3653 4446 luci

1999 4472 2222 4536 similia
2285 4473 2346 4533 in
2403 4481 2696 4536 nocturno
2751 4491 2820 4534 ac
2881 4471 3198 4534 tenebroso
3259 4472 3389 4533 loco
3450 4472 3650 4535 videre

1998 4571 2197 4644 queat.
2231 4561 2419 4624 Nemo
2451 4563 2650 4643 itaque
2685 4581 2788 4624 vos
2824 4561 3097 4624 seducat.
3132 4560 3290 4623 Deus
3321 4562 3420 4624 lux
3451 4572 3560 4639 est,
3595 4573 3653 4625 et

1999 4652 2214 4733 quibus
2245 4652 2601 4733 conjunctus
2634 4651 2834 4725 fuerit,
2868 4669 3000 4713 eum
3025 4650 3100 4712 iis
3125 4669 3234 4728 pro
3265 4651 3449 4728 gradu
3483 4653 3648 4732 puri-

2001 4743 2136 4804 tatis
2156 4742 2418 4823 ipsorum
2447 4741 2773 4804 claritatem
2800 4760 2964 4804 suam
2992 4740 3413 4807 communicat.
3456 4746 3652 4824 Atque

2000 4838 2142 4894 tunc
2171 4834 2462 4894 exstincta
2492 4833 2720 4912 lampas
2771 4831 3006 4905 animae,
3059 4829 3117 4891 id
3154 4839 3264 4908 est,
3302 4851 3468 4895 mens
3495 4834 3649 4895 divi-

2001 4939 2142 4982 num
2187 4920 2386 4998 ignem
2441 4939 2507 4983 se
2553 4920 3053 5002 circumplexum,
3108 4928 3168 4982 et
3219 4921 3648 4985 radaccensum

1997 5028 2127 5072 esse
2165 5010 2492 5089 cognoscit.

2039 5097 2124 5163 ‘0
2157 5099 2308 5160 mira
2340 5118 2461 5176 res,
2496 5101 2674 5162 homo
2722 5099 2846 5162 Deo
2900 5100 3292 5182 spiritualiter
3320 5103 3649 5184 corporali.

265 5193 322 5247 et
352 5186 634 5248 invidiam
668 5205 805 5263 erga
864 5187 1012 5248 Abel
1067 5188 1309 5249 fratrem
1361 5207 1534 5250 suum
1566 5189 1909 5270 exarsisset,
1993 5197 2204 5271 terque
2227 5189 2430 5251 unitur
2460 5190 2931 5271 (l3):siquidem
2975 5191 3174 5253 anima
3219 5211 3392 5253 nona
3421 5201 3644 5269 mente,

262 5293 381 5337 non
397 5275 451 5338 ei
475 5295 685 5340 necem
707 5276 1018 5342 attulisset.
1045 5276 1341 5360 Quotquot
1359 5278 1538 5360 igitur
1559 5279 1824 5344 tenebris
1840 5280 1914 5342 ab

343 5452 407 5501 74
437 5451 587 5517 Gen.
622 5469 665 5535 ι,
689 5454 747 5518 3.
837 5455 900 5508 75
931 5454 1080 5519 Gen.
1115 5473 1196 5538 ιν,
1235 5457 1288 5519 1.
1377 5456 1440 5508 76
1470 5455 1496 5518 Ι
1527 5456 1668 5521 Cor.
1705 5472 1834 5531 vm,
1867 5453 1928 5518 2.

349 5622 470 5706 (t3)
505 5621 702 5687 Verba
730 5623 933 5688 Grzeca
959 5633 1102 5690 cunt
1148 5625 1283 5706 ipsa
1317 5647 1332 5692 :
1392 5629 1459 5686 Ὠ
1516 5629 1606 5688 τοῦ
1647 5631 1914 5706 θαύματος

265 5701 364 5761 ὅτιζ
405 5701 676 5787 ὀξύθρωπος
761 5714 876 5782 Θεῷ
933 5707 1136 5766 ἑνοῦται
1173 5701 1591 5793 ’πνευματικῶς,
1655 5701 1758 5770 καί
1801 5731 1912 5767 σω-

1996 5299 2109 5343 nec
2138 5278 2210 5342 ab
2241 5277 2442 5341 anima
2463 5298 2682 5361 corpus
2714 5280 3068 5361 sejungitur,
3094 5289 3152 5343 et
3177 5283 3404 5344 unione
3435 5300 3646 5345 essen-

2012 5454 2074 5505 77
2107 5451 2264 5518 Psal.
2301 5469 2506 5530 XLVIII,
2544 5455 2642 5517 tt.

1997 5631 2260 5704 ματικῶς,
2296 5623 2450 5706 εἴπερ
2492 5627 2553 5683 οὗ
2605 5629 2888 5708 χωρίζεται
2946 5634 3038 5683 τοῦ
3100 5637 3189 5687 νοῦ
3239 5629 3274 5697 ἡ
3333 5629 3486 5710 ψυχὴ
3536 5629 3652 5686 οὐδὲ

1997 5714 2097 5776 τῆς
2128 5708 2313 5787 ψυχῆς
2342 5708 2405 5764 τὸ
2460 5707 2644 5782 σῶμαέ
2691 5707 2827 5764 ἀλλὰ
2880 5713 2949 5785 τῇ
3001 5707 3266 5774 οὒσιωδὼς
3296 5707 3478 5769 evadet
3507 5713 3655 5792 γίνε-
