4160 6396
346 353 471 422 453
1775 357 1966 425 ORA'I

2050 368 2059 418 ι
2101 354 2350 425 XXVII.
3626 350 3744 419 454

350 491 502 568 tiali,
532 492 708 556 etiam
767 494 951 555 homo
1007 512 1112 575 per
1165 494 1393 574 gratian
1449 495 1861 577 τρισυπόστατος
1917 494 2150 555 ﬁt.Aet
2179 490 2488 571 conspicui
2516 499 2819 572 appareat.
2850 490 2992 564 Quis
3011 508 3151 569 ergo
3174 488 3745 554 Christianushosce

351 601 512 643 unus
544 601 653 663 per
680 581 1066 662 adoptionem
1114 585 1294 662 Deus,
1349 604 1419 648 ex
1451 603 1702 667 corpore
1732 584 2014 646 videlicet
2096 582 2467 646 Christianos
2498 579 2830 643 nominabit
2857 580 2888 640 ἱ)
2964 590 2973 598 ’

352 680 415 731 et
461 673 684 747 anima,
721 682 781 735 et
815 672 1010 755 (cujus
1066 673 1253 735 factus
1311 683 1401 737 est
1462 674 1781 755 particeps)
1811 673 2011 755 divino
2175 670 2398 734 Verum
2428 671 2716 732 hactenus
2745 677 2951 732 contra
2979 687 3082 731 eos
3136 668 3237 750 qui
3269 669 3467 731 omnia
3496 672 3654 735 scire
3685 683 3745 737 et

349 758 581 841 Spiritu
613 750 926 836 constans,
977 761 1376 844 impleturque
1409 750 1548 825 tunc
1597 750 1743 823 illud
1775 750 2013 824 Da’vidis
2095 761 2638 837 diceretzonanlur,
2701 769 2759 821 et
2817 759 3159 822 existimant
3214 778 3279 820 se
3335 759 3556 841 aliquid
3608 781 3742 828 esse

349 848 2006 932 proplietaazEgodixi:Diiestis,etﬁtiiExeelsi0mnes78.
2091 871 2223 913 cum
2259 851 2408 913 nihil
2436 850 2574 925 sint,
2613 850 2770 912 velut
2798 848 2859 910 in
2918 848 3094 930 cippo
3153 848 3365 927 qualec
3413 850 3532 912 sint
3560 852 3739 915 Chri-

349 936 489 1000 Filii
511 937 744 1001 Excelsi
764 938 1096 1001 secundum
1132 939 1449 1019 imaginem
1477 939 1587 1000 vid.
1611 938 2006 1013 licet,simili—
2089 941 2267 1003 stiani
2299 941 2614 1003 docuimus
2641 957 2654 1002 :
2724 947 2788 1001 ut
2818 954 2950 1000 sese
2976 957 3109 1000 cum
3143 939 3461 1020 archetypo
3491 958 3734 1023 compa-

350 1025 746 1108 ludinemque
768 1028 952 1092 Altiss
979 1029 1058 1089 mi
1087 1046 1100 1090 :
1148 1028 1346 1090 divina
1371 1032 1685 1110 progenies
1711 1048 1781 1090 ex
1807 1028 2005 1091 divino
2088 1042 2313 1109 rantes,
2348 1037 2635 1111 quantum
2693 1047 2729 1090 a
2785 1046 3071 1106 germane
3128 1025 3486 1091 Christianis
3517 1030 3735 1109 absint,

349 1112 573 1195 Spiritu
607 1136 623 1193 ;
652 1116 871 1198 quibus
893 1116 1039 1179 dixit
1065 1118 1275 1181 merito
1301 1117 1612 1193 Dominus,
1646 1128 2006 1198 semperque
2085 1120 2439 1201 intelligant.
2460 1120 2550 1182 Ad
2572 1138 2675 1180 vos
2697 1125 2895 1180 autem
2921 1116 3137 1180 Christi
3162 1136 3386 1199 servos,
3417 1127 3475 1181 et
3505 1121 3740 1186 discere

350 1203 515 1267 dicit:
536 1204 851 1268 Manelein
864 1224 977 1281 me,
995 1214 1059 1269 ut
1069 1208 1335 1285 fructum
1348 1208 1603 1269 multum
1617 1207 1999 1289 a/feratis78‘.
2085 1209 2419 1289 cupientes,
2451 1218 2802 1290 paratosque
2824 1206 2895 1269 ad
2920 1206 3308 1282 audiendum,
3334 1208 3735 1274 universitatis

356 1294 631 1355 Fructum
654 1294 933 1375 intelligit
956 1313 1161 1358 eorum
1197 1296 1451 1378 copiam.
1486 1296 1584 1377 qui
1622 1296 1776 1378 apud
1806 1297 2000 1376 ipsum
2084 1297 2374 1362 Dominus
2425 1317 2530 1379 per
2559 1307 2760 1361 sancta
2788 1296 3115 1377 Evangelia
3146 1314 3252 1359 sua
3283 1297 3494 1361 clamat
3523 1322 3538 1362 :
3579 1301 3735 1365 Dum

352 1383 678 1445 salvantur:
746 1384 1013 1457 Palmes,
1068 1384 1280 1467 inquit,
1316 1388 1436 1449 nisi
1465 1392 1763 1449 manserit
1788 1392 1850 1448 in
1878 1393 2003 1449 vile
2086 1387 2277 1450 lucem
2314 1388 2568 1469 habetis,
2619 1388 2696 1449 ad
2728 1387 2929 1449 iumen
2954 1388 3198 1460 currite,
3240 1404 3319 1448 ne
3345 1405 3451 1451 eos
3480 1392 3736 1455 tenebrae

346 1473 589 1547 arescit,
622 1480 677 1534 et
709 1474 773 1535 iu
802 1475 1002 1553 ignem
1037 1476 1322 1538 mittitur.
1346 1474 1589 1537 Manete
1608 1476 1796 1556 igitur
1818 1494 1919 1538 eos
1937 1477 2001 1537 in
2084 1478 2692 1558 compre.’temtunt83.
2727 1478 2962 1539 Currite
2993 1494 3101 1556 per
3130 1475 3535 1551 pmnitentiam
3562 1480 3621 1542 in
3644 1481 3735 1543 via

341 1574 460 1651 me,
497 1568 552 1621 et
577 1578 682 1641 ego
710 1565 776 1623 in
808 1563 976 1626 vobis
1001 1564 1086 1626 79.
1118 1562 1428 1636 Quomodo
1463 1564 1639 1644 igitur
1670 1574 1905 1627 maneat
1937 1565 1997 1627 in
2082 1570 2495 1629 mandatorum
2525 1567 2679 1647 ejus,
2706 1566 2950 1629 currite.
2979 1565 3211 1628 Currite
3234 1565 3375 1627 dum
3397 1567 3572 1630 durat
3602 1570 3733 1651 ejus

340 1645 537 1721 nobis,
601 1659 659 1711 et
713 1652 1011 1732 quomodo
1070 1653 1328 1714 vicissim
1392 1673 1502 1714 nos
1560 1672 1906 1718 maneamus
1938 1657 1993 1716 in
2080 1645 2964 1738 illuminatio,priusquamnox
2991 1655 3196 1717 mortis
3219 1645 3734 1738 voscomprehen-

335 1737 493 1819 ipso,
520 1738 811 1804 Dominus
830 1742 958 1824 ipse
993 1743 1196 1805 docuit
1240 1743 1358 1805 illis
1397 1744 1618 1821 verbis,
1664 1748 1746 1807 Tu
1782 1747 1992 1827 Pater,
2020 1807 2054 1827 η
2079 1745 2200 1822 dat,
2224 1756 2281 1808 et
2307 1747 2380 1808 ad
2403 1737 2687 1809 tenebras
2702 1744 3098 1826 sempiternas
3113 1737 3542 1812 amandemini.
3573 1749 3729 1812 Cur-

338 1807 407 1919 iit
430 1807 548 1905 me,
571 1839 627 1893 et
647 1849 752 1910 ego
774 1838 837 1895 in
855 1807 941 1914 ie,
963 1835 1183 1897 ethiin
1201 1852 1318 1916 me,
1343 1843 1400 1897 et
1423 1853 1531 1911 ego
1553 1807 1618 1897 iii
1662 1834 1784 1897 illis
1807 1807 1996 1897 80.
2019 1807 2056 1856 Β
2078 1807 2214 1910 ῑὶιέ,
2250 1807 2520 1917 qumrite,
2573 1807 2850 1919 pulsate:
2884 1842 2948 1895 ut
2997 1833 3180 1914 janua
3238 1834 3408 1914 regni
3439 1837 3729 1901 coelorum

333 1917 493 1979 istud
518 1920 720 1983 volens
741 1924 1121 1999 conﬁrmare,
1165 1923 1376 1986 iterato
1415 1923 1530 1987 ait:
1566 1925 1648 1987 Hi
1682 1924 1752 1988 in
1784 1943 1900 2006 me,
1935 1934 1996 1988 et
2079 1924 2244 1986 vobis
2273 1925 2596 2008 aperiatur,
2625 1933 2687 1988 et
2716 1917 2843 1987 sitis
2874 1924 3028 1986 intra
3060 1923 3226 2004 illud,
3259 1933 3316 1985 et
3346 1923 3537 2005 ipsum
3573 1926 3729 1992 intra

333 2014 395 2069 et
413 2026 522 2087 ego
546 2011 611 2072 in
636 2011 779 2088 illis,
803 2015 894 2076 sic
912 2023 976 2076 ut
999 2021 1087 2089 tu,
1120 2014 1333 2095 Pater,
1358 2019 1423 2075 in
1448 2032 1563 2089 me,
1589 2023 1649 2076 et
1685 2033 1792 2096 ego
1822 2021 1990 2091 inte,
2077 2032 2177 2076 vos
2207 2014 2583 2095 possideatis.
2620 2014 2732 2088 Qui
2765 2013 2926 2076 enim
2957 2020 3095 2075 ante
3155 2012 3231 2075 de
3276 2013 3388 2091 hac
3416 2015 3530 2077 vita
3559 2017 3729 2082 exie-

332 2106 405 2159 ul
425 2105 485 2160 et
507 2100 626 2179 ipsi
650 2103 717 2163 in
744 2102 918 2166 nobis
958 2123 1146 2166 unum
1186 2110 1309 2167 sint
1338 2106 1417 2168 εί.
1449 2106 1661 2167 Adhuc
1694 2124 1786 2186 poi
1806 2124 1898 2181 ro,
1928 2114 1994 2167 ut
2075 2112 2233 2165 runt.
2267 2123 2444 2185 quam
2478 2105 2535 2166 id
2571 2104 2988 2185 acquisissent,
3037 2101 3138 2164 ubi
3188 2103 3429 2165 tandem
3460 2105 3532 2166 ad
3566 2125 3727 2170 mor-

330 2186 718 2252 audientibus
751 2191 984 2273 plenam
1018 2192 1197 2255 ﬁdem
1252 2214 1319 2256 ac
1380 2201 1603 2256 certam
1637 2194 1831 2267 faciat,
1867 2196 1992 2257 hinc
2075 2199 2206 2254 tuos
2238 2193 2484 2274 profecti
2522 2193 2663 2255 liilld
2696 2191 3051 2274 reperient?
3099 2191 3209 2253 Hic
3241 2210 3382 2273 ergo
3413 2201 3641 2275 petere,
3669 2205 3730 2260 et

327 2275 636 2367 adjungit:
668 2280 839 2345 Sicut
862 2289 925 2345 tu
946 2300 1040 2345 me
1062 2283 1357 2358 dilexisti,
1379 2302 1482 2363 ego
1522 2283 1661 2346 illos
1684 2284 1883 2348 dilexi
1897 2291 1993 2348 :et
2073 2300 2362 2363 quaerere,
2415 2290 2473 2344 et
2515 2282 2756 2364 pulsare
2813 2281 2874 2342 in
2932 2280 3279 2361 poenitentia
3334 2296 3398 2343 et
3451 2284 3726 2367 lacrymis

320 2366 794 2450 gloriamquam
816 2372 1039 2435 dedisti
1059 2375 1231 2438 mihi.
1258 2362 1530 2442 dedieis,
1552 2376 1983 2451 utsintunum,
2063 2362 2611 2452 jussisumusiet
2666 2371 2754 2433 sic
2813 2370 3193 2448 facientibus,
3254 2362 3544 2436 Dominiis
3570 2362 3630 2437 id
3660 2395 3726 2439 se
3774 2452 3779 2455 _

324 2458 484 2521 sicut
508 2477 621 2523 nos
645 2479 838 2537 unum
858 2480 1067 2525 sumus
1087 2464 1170 2524 89,
1206 2468 1371 2526 patet
1408 2482 1571 2541 ergo,
1602 2464 1754 2527 sicut
1786 2473 1987 2528 manet
2070 2460 2243 2523 nobis
2286 2462 2559 2524 daturum
2591 2469 2680 2524 est
2713 2460 3043 2543 pollicitus.
3073 2459 3241 2533 Quod
3273 2461 3325 2523 si
3355 2463 3467 2524 hoc
3496 2463 3719 2548 facere,

326 2545 585 2611 Paterin
622 2550 770 2614 Filio
801 2572 931 2632 suo,
969 2563 1027 2615 et
1058 2554 1244 2617 Filius
1269 2554 1327 2616 in
1362 2554 1496 2616 sinu
1537 2555 1744 2635 Patris,
1779 2574 1988 2617 secun-

323 2635 471 2697 dum
504 2648 774 2702 naturam
806 2664 819 2700 :
882 2643 967 2706 sic
998 2643 1173 2705 etiam
1207 2646 1309 2725 qui
1340 2644 1398 2704 in
1428 2643 1671 2706 veritate
1702 2645 1984 2708 credide«

323 2735 487 2802 runt,
522 2737 582 2790 et
640 2748 747 2809 per
797 2729 1087 2809 Spiritum
1139 2744 1408 2795 sanctum
1457 2734 1790 2813 regenerati
1820 2745 1981 2810 sunt,

320 2813 670 2898 Christique
698 2839 769 2881 ac
800 2818 906 2884 Dei
938 2840 1044 2902 per
1094 2825 1225 2903 ejus
1270 2822 1492 2886 donum
1526 2823 1662 2885 facti
1692 2830 1830 2885 sunt
1858 2824 1984 2885 fra-

323 2912 468 2993 tres,
502 2913 563 2968 et
597 2907 703 2970 ﬁlii
740 2910 869 2991 Dei,
904 2919 963 2973 et
988 2911 1314 2993 adoptione
1371 2912 1479 2988 dii,
1510 2931 1758 2975 manere
1787 2931 1891 2976 eos
1920 2913 1982 2975 in

321 2992 449 3055 Deo
482 3014 592 3076 per
632 3000 904 3076 gratiam.
939 3009 998 3061 et
1025 2992 1214 3064 Deum
1248 3001 1309 3063 in
1341 3000 1481 3062 illis.
1588 2996 1607 3008 ’

2069 2558 2130 2612 et
2151 2549 2383 2613 Christo
2409 2551 2661 2615 Domino
2682 2551 2933 2634 obedire
2948 2550 3434 2627 detractabimus,
3453 2554 3723 2619 utadbuc

2067 2641 2418 2720 superstites
2446 2641 2520 2703 ab
2579 2640 2708 2722 ipso
2764 2657 3017 2718 regnum
3077 2640 3369 2702 caelorum
3426 2641 3582 2704 intra
3612 2663 3722 2707 nos

2066 2729 2342 2808 accipere
2372 2731 2745 2805 festinemus,
2778 2750 2979 2792 nonne
3029 2749 3162 2792 cum
3207 2731 3351 2794 illuc
3381 2735 3718 2796 excesseri—

2068 2836 2223 2894 mus,
2251 2819 2466 2882 merito
2489 2820 2787 2883 dicentem
2818 2819 2991 2882 nobis
3014 2819 3352 2898 audiemus,
3384 2821 3527 2902 quid
3559 2841 3719 2887 nunc

2066 2908 2351 2990 quaeritis,
2375 2910 2533 2992 quod
2557 2929 2593 2972 a
2615 2929 2710 2972 me
2733 2910 2995 2972 oblatum
3013 2909 3181 2972 vobis
3209 2910 3484 2993 accipere
3517 2913 3717 2976 nolui-

2066 2998 2173 3061 stis
2193 3004 2223 3062 ?
2265 2998 2476 3062 Nonne
2498 3018 2912 3081 saepenumero
2935 2999 3209 3063 hortante
3231 3019 3349 3082 me,
3385 3009 3446 3063 ut
3478 3001 3715 3067 labora-

405 3082 592 3156 Quam
624 3088 702 3150 ob
732 3108 969 3152 causam
1003 3091 1104 3172 qui
1156 3091 1303 3155 tales
1351 3110 1469 3153 non
1499 3099 1837 3168 evaserunt,
1869 3108 2038 3161 necc
2063 3089 2226 3164 retis,
2264 3098 2322 3153 et
2364 3088 2424 3152 id
2473 3109 2509 3152 a
2565 3110 2661 3153 me
2717 3089 3057 3173 sumeretis,
3119 3109 3219 3153 vos
3277 3093 3620 3170 recusastis,
3659 3104 3719 3158 et

328 3174 580 3251 actione,
632 3187 691 3241 et
740 3179 1110 3262 cognitione,
1162 3181 1648 3262 spectationcque
1704 3180 1981 3243 universe

331 3272 466 3324 sunt
480 3264 790 3344 immutati,
812 3270 1111 3350 quomodo
1125 3271 1359 3351 seipsos
1377 3271 1680 3352 appellare
1698 3269 1981 3334 Christia-

337 3369 447 3412 nos
477 3372 590 3415 non
616 3367 897 3419 verentur
927 3365 955 3422 ?
1009 3360 1307 3438 quomodo
1364 3379 1432 3422 os
1484 3358 1748 3440 aperire,
1783 3360 1979 3441 deque

333 3441 582 3531 occultis
610 3447 921 3526 mysteriis,
958 3449 1116 3512 velut
1145 3468 1325 3531 super
1354 3458 1603 3511 stratum
1650 3449 1977 3529 neglectim

324 3528 597 3621 iacentes
611 3533 987 3618 impudenter
1017 3539 1175 3621 loqui
1206 3528 1475 3602 audent?
1503 3540 1799 3620 quomodo
1821 3538 1977 3603 inter

330 3618 705 3707 Christianos,
737 3635 795 3689 et
814 3618 1161 3709 Spirituales
1175 3649 1239 3691 se
1265 3618 1584 3692 numerare
1609 3648 1725 3691 non
1753 3630 1976 3710 pudet?

328 3711 619 3790 quomodo
650 3718 1034 3781 sacerdotum
1085 3736 1444 3800 assessores,
1498 3717 1885 3799 corporisque
1916 3726 1974 3781 et

321 3801 625 3880 sanguinis
655 3803 894 3883 Domini
942 3808 1221 3884 sacriﬁci,
1271 3817 1330 3870 et
1371 3807 1629 3871 ministri
1687 3825 1823 3870 esse
1854 3828 1971 3870 non

315 3890 835 3979 perhorrescunt?
890 3896 1140 3961 Prorsus
1198 3898 1406 3961 mirari
1465 3896 1609 3959 satis
1639 3915 1758 3958 non
1788 3917 1964 3979 queo.

310 3978 427 4043 Sed
463 3983 745 4046 nimirum
770 3987 1004 4050 caecitas
1023 3989 1261 4064 mentis,
1297 3997 1360 4051 ut
1383 3988 1605 4051 dictum
1632 3996 1742 4065 est,
1769 3987 1967 4050 illius-

308 4088 427 4150 que
457 4073 709 4137 comites
738 4085 946 4159 stupor
971 4088 1031 4140 et
1078 4078 1353 4160 stultitia,
1407 4086 1467 4141 et
1521 4079 1664 4140 hinc
1713 4095 1969 4140 nascens

307 4162 672 4249 arrogantia,
709 4164 822 4228 tale
871 4184 1106 4243 aurum,
1162 4167 1780 4249 pretiosissimumque
1809 4167 1965 4248 lapi—

307 4246 449 4309 dem
470 4249 665 4331 ipsum
688 4252 1009 4317 Dominum
1032 4246 1298 4319 nostrum
1322 4258 1527 4320 Jesum
1551 4246 1886 4337 Christum,
1902 4264 1967 4319 ut

308 4338 498 4402 lutum
531 4344 883 4408 conculcare
916 4346 1076 4409 facit.
1127 4345 1175 4411 Ο
1227 4348 1537 4411 audaciam
1581 4345 1960 4423 horribilem,

307 4428 480 4518 cujus
497 4430 757 4513 impulsu
777 4442 1058 4518 tanquam
1083 4437 1400 4500 sublimem
1415 4439 1664 4515 gradum
1679 4455 1964 4500 conscen-

305 4517 475 4594 dunt,
494 4520 652 4595 utibi
671 4517 916 4601 stantes,
944 4525 1165 4588 inﬁmae
1191 4526 1555 4590 multitudini
1572 4526 1957 4604 excellentes,

385 4681 451 4732 78
478 4682 633 4746 l’sal.
664 4700 866 4762 LXXXI,
898 4686 959 4750 6.
1048 4687 1131 4737 78'
1161 4685 1313 4750 Joan
1369 4703 1475 4763 xv,
1507 4686 1569 4756 4.
1602 4686 1661 4748 8-

301 4758 357 4803 33
386 4763 558 4826 Joan.
591 4781 698 4842 xu,
729 4758 861 4829 33X
916 4767 982 4818 84
1008 4767 1181 4832 Joan.
1211 4785 1297 4848 ιιι,
1333 4766 1433 4832 36.

1407 4930 1494 4986 καὶ
1566 4931 1594 4986 ὁ
1654 4927 1946 5008 ἅνθρωπος,

302 5004 388 5068 εἷς
451 5004 589 5062 θέσει
647 5009 763 5073 θεὸς
814 5009 874 5065 ἐκ
935 5004 1184 5085 σώμιτὸξ
1220 5004 1324 5066 ’κπιῖ
1379 5013 1593 5091 ψυχῆς,
1648 5004 1755 5066 καῖ
1792 5012 1951 5088 οὗπερ

301 5084 588 5170 μετείληφε
630 5090 768 5170 estw
810 5084 1131 5167 πνεύμαῒος,
1193 5093 1281 5148 καὶ
1337 5084 1631 5170 πληρῥύτᾳι
1690 5084 1949 5157 ravim”);

298 5186 365 5221 τα
391 5168 755 5253 τὸὲεἷρημένον
783 5170 884 5226 ὑπὸ
926 5176 1032 5253 ,τοῦ
1080 5172 1351 5253 προφήτου
1396 5168 1554 5226 Ausi?
1596 5169 1750 5253 jEyzb
1772 5169 1906 5253 εἴτςα
1931 5187 1948 5207 ⁸

300 5249 423 5327 βεοί
468 5241 730 5320 Eoi-2,2411
776 5252 877 5307 υἱοὶ
926 5241 1447 5327 Τψίπὸίπάγτες,
1495 5249 1610 5308 καθ’
1642 5241 1818 5308 εἷξόνα
1846 5248 1949 5317 δη-

296 5324 461 5411 λέκδήἱ
514 5332 603 5387 καὶ
658 5330 774 5387 καθ’
832 5322 1084 5407 bucinis-tv
1142 5332 1236 5389 τοῦ
1264 5409 1281 5411 _
1313 5322 1585 5411 Ὑψίστου,
1642 5332 1951 5411 γεννήμκτα

296 5409 415 5464 θεῖαι
443 5409 504 5492 ἐξ
530 5418 627 5469 τοῦ
665 5412 817 5492 θείου
856 5411 1184 5492 Πνεύματος.
1248 5409 1544 5488 Occurrit,
1571 5409 1741 5492 quod
1768 5413 1951 5492 Jure-

294 5489 625 5572 consultus,
650 5489 714 5572 ﬁ‘.
745 5493 828 5554 De
847 5491 1104 5569 legibus,
1147 5498 1392 5555 monet:
1436 5489 1952 5572 Benigniusleges

292 5570 944 5653 interpretandcesunt,
965 5589 1084 5653 quo
1095 5571 1379 5636 voluntas
1391 5590 1601 5637 earum
1626 5570 1950 5653 conseri—ie-

290 5655 406 5713 ίαν.
421 5651 516 5737 Et:
532 5652 616 5737 In
634 5652 923 5737 ambigua
939 5651 1077 5737 voce
1095 5654 1272 5737 legis,
1288 5670 1361 5717 ea
1373 5655 1581 5734 potius
1601 5651 1955 5737 accipienda

282 5737 375 5818 est
400 5734 825 5818 signiﬁcatio,
844 5751 983 5818 quae
1012 5734 1170 5818 vitio
1187 5734 1362 5818 caret
1380 5755 1406 5818 :A
1425 5734 1779 5818 prasertim
1816 5749 1956 5796 cum

275 5810 782 5882 etiam'voiuntas
793 5810 956 5899 'te’gis
969 5830 1049 5880 ea:
1068 5814 1179 5881 hoc
1200 5813 1409 5898 colligi
1416 5810 1634 5897 possit.
1664 5810 1832 5881 Idem
1846 5830 1956 5897 ego

301 4944 389 4979 ut
447 4928 856 5003 τριωπὸστπιὲος
934 4929 1071 4986 κατὰ
1138 4929 1298 5010 χάριν

302 5004 388 5066 εἷς
451 5004 589 5062 θέσει
647 5009 763 5066 θεὸς
814 5009 874 5065 ἐκ
935 5011 1184 5066 tribuno:
1235 4977 1324 5066 xxi

1748 4686 1811 4737 '79
1837 4684 1983 4747 Ibid.
2024 4686 2086 4756 4.

1519 4768 1584 4818 85
1610 4769 1823 4833 Matth.
1855 4781 1994 4841 xxv,
2038 4762 2136 4826 τε.
2223 4760 2288 4812 86
2314 4760 2467 4823 Ibid.
2505 4760 2607 4825 34.

2063 3180 2550 3262 contempsistis:
2615 3179 3135 3262 pereuntiumque,
3206 3200 3278 3243 ac
3336 3188 3712 3247 terrenorum

2062 3269 2422 3350 voluptatem
2456 3269 2844 3351 praetu'istis?
2902 3269 3129 3343 Quibus
3185 3289 3326 3349 ergo
3384 3271 3577 3349 factis,
3613 3281 3717 3336 aut

2059 3377 2177 3439 qua
2219 3359 2493 3441 pratione
2525 3359 2581 3421 id
2614 3359 2675 3420 in
2725 3367 3028 3440 posterum
3082 3360 3351 3422 invenire
3382 3361 3653 3442 poteritis
3684 3363 3716 3424 ?

2059 3446 2451 3529 Quapropter.
2510 3447 2714 3511 Patres
2764 3456 2823 3510 ct
2875 3448 3091 3510 fratres
3148 3449 3288 3526 mei,
3352 3469 3550 3531 quaeso
3580 3469 3708 3533 vos,

2058 3536 2221 3598 omni
2251 3537 2568 3602 sedulitate
2598 3537 2875 3601 mandata
2924 3537 3028 3600 Dei
3068 3538 3253 3600 nostri
3281 3539 3707 3624 custodiamus,

2057 3635 2171 3707 quo
2202 3626 2378 3690 vitam
2410 3646 2785 3710 regnumque
2814 3635 3104 3690 aeternum
3135 3646 3574 3710 consequamur
3601 3651 3616 3707 ;
3651 3641 3713 3695 et

2058 3735 2132 3778 ne
2148 3717 2460 3779 audiamus
2483 3736 2640 3781 nunc
2662 3716 2901 3800 quidem
2933 3735 2946 3781 :
2990 3717 3117 3794 Qui
3152 3736 3273 3779 non
3295 3719 3707 3804 odebitFilia,

2054 3823 2173 3867 non
2187 3806 2411 3869 videbit
2427 3809 2654 3870 vitam:
2681 3807 2783 3869 sed
2795 3808 2895 3869 ira.
2912 3806 3026 3869 Dei
3037 3824 3178 3869 man
3188 3815 3245 3870 et
3254 3826 3445 3889 super
3457 3826 3595 3873 eum
3605 3812 3671 3862 84
3689 3832 3706 3894 ;

2053 3894 2114 3956 in
2146 3896 2341 3957 futuro
2363 3903 2559 3957 autem
2583 3896 2826 3973 saeculo,
2860 3896 3077 3959 Nescio
3119 3897 3283 3958 unde
3310 3898 3563 3963 siti385:
3599 3902 3707 3964 sed

2054 3984 2427 4046 benedictam
2442 3985 2817 4064 potiusillam
2841 4004 3044 4049 vocem
3068 3985 3454 4068 excipiamus:
3471 3988 3703 4067 Venite,

2052 4075 2574 4137 benedictiPatris
2589 4077 2729 4151 mei,
2752 4076 3044 4156 percipite
3064 4094 3322 4158 regnum
3352 4077 3519 4141 vobis
3534 4098 3705 4160 prae-

2049 4172 2338 4246 paratum
2358 4163 2443 4238 86,
2470 4163 2752 4244 quoniam
2777 4164 3031 4227 salutem
3059 4175 3313 4228 vestram
3336 4168 3702 4233 esurientem

2051 4272 2145 4316 me
2167 4271 2275 4335 per
2294 4251 2772 4315 observationem
2796 4253 3209 4317 mandatorum
3236 4274 3506 4318 meorum
3533 4258 3702 4339 pavi-

2047 4342 2176 4420 stis,
2206 4344 2472 4424 potastis,
2492 4341 2828 4424 vestivistis,
2854 4342 3261 4424 collegivistis,
3284 4353 3344 4407 et
3360 4345 3605 4409 venistis
3625 4349 3700 4411 ad

2048 4451 2165 4502 me,
2192 4440 2435 4514 purgate
2451 4431 2634 4495 corda
2651 4441 2845 4495 vestra
2877 4432 2952 4496 ab
2994 4433 3159 4496 omni
3183 4435 3438 4511 macula,
3471 4443 3530 4499 et
3559 4454 3697 4499 sor-

2044 4523 2222 4586 dibus
2252 4520 2503 4603 peccati.
2536 4522 2622 4585 De
2644 4522 2874 4605 reliquo
2903 4522 3173 4586 fruimini
3201 4523 3378 4587 bonis
3412 4525 3531 4589 mei
3561 4542 3698 4591 cum

2171 4680 2235 4731 80
2264 4680 2433 4742 Joan.
2466 4696 2610 4753 xvu,
2648 4680 2749 4744 2t.
2834 4679 2888 4759 εξ
2917 4678 3071 4744 Ibid.
3104 4679 3203 4744 23.
3288 4681 3354 4733 83
3402 4681 3558 4745 Ibid.
3591 4682 3695 4750 22.

2035 4924 2097 4987 in
2118 4924 2229 4988 hac
2240 4920 2540 4985 Simeonis
2553 4917 2822 4982 oratione
2845 4919 3186 4983 faciendum
3211 4938 3346 4983 esse
3368 4920 3526 4983 dico.
3546 4919 3694 4984 Nam

2035 5005 2181 5068 illud
2210 4999 2477 5083 οὒᾳιωδὼς
2507 5002 2715 5083 emisi,
2743 5019 2855 5063 nec
2871 5001 2943 5083 ad
2966 5000 3180 5078 Deum,
3208 5020 3320 5083 nec
3336 5003 3410 5063 ad
3438 5001 3693 5083 gratiam

2032 5082 2418 5149 referendum
2440 5087 2554 5144 est.
2582 5079 2812 5163 (Neque
2830 5081 2989 5144 enim
3020 5083 3196 5144 homo
3215 5082 3415 5163 justus
3436 5079 3693 5146 autcum

2033 5167 2182 5239 Deo,
2217 5170 2321 5227 aut
2348 5181 2489 5244 cum.
2516 5161 3135 5244 gratia—essentialiter
3193 5161 3418 5244 unilur)
3468 5163 3574 5226 sed
3617 5164 3693 5225 ad

2036 5248 2221 5309 solam
2256 5240 2744 5325 conjunctionem
2789 5243 3059 5324 corporis
3116 5251 3169 5306 et
3235 5240 3505 5321 animae;
3560 5262 3696 5325 quae

2033 5329 2239 5409 utique
2293 5322 2630 5409 esSentialis
2683 5331 2812 5409 est_;
2868 5322 2928 5386 et
2956 5325 3096 5409 quia
3123 5343 3368 5406 corpus,
3393 5322 3610 5409 anima
3634 5333 3694 5387 et

2032 5402 2223 5488 graiia
2250 5412 2389 5488 sunt
2420 5421 2520 5467 res
2552 5402 2725 5466 trinae
2748 5404 2836 5488 _in
2881 5402 3095 5488 eodem
3141 5402 3471 5488 composito
3503 5423 3525 5482 ;
3555 5405 3693 5468 ideo

2033 5484 2115 5551 ait
2136 5486 2442 5551 hominem
2474 5484 2872 5568 pergratiam
2913 5484 3043 5548 ﬁeri
3094 5488 3212 5568 eam
3255 5484 3693 5568 τρισυπόσταςςον,

2036 5567 2168 5648 ΗΜ
2206 5565 2787 5648 νοχ-τριάυπόσ-ςαςςος
2821 5565 3187 5648 _improprie
3245 5565 3330 5648 et”
3359 5566 3693 5630 secundum

2037 5643 2501 5731 similitudinem
2521 5643 2716 5729 accipi
2744 5643 2930 5711 debet
2946 5643 2982 5722 ”;
3020 5643 3086 5709 ut
3114 5648 3247 5731 ipse
3273 5645 3518 5712 Simeon
3546 5648 3694 5712 satis

2038 5747 2342 5814 superque
2370 5724 2656 5792 declarat.
