4160 6420
434 344 551 409 456

1727 343 2037 408 SYMEON
2046 343 2114 407 IS
2154 343 2505 410 JUNIORIS

3703 348 3827 414 456

426 478 728 559 voluptate
786 476 1216 559 inexplicabili,
1277 495 1412 539 cum
1470 478 1588 539 vita
1637 476 1957 539 immortali
2016 495 2084 538 ac
2103 484 2146 534 Α
2167 477 2387 549 adhuc,
2413 486 2472 542 et
2496 478 2752 561 quodam
2781 499 2964 544 onere
2983 500 3250 562 pressus,
3278 483 3395 545 vim
3410 492 3476 546 ut
3495 502 3616 546 uno
3640 483 3827 547 verbo

427 568 811 651 sempiterna,
846 586 961 648 qua
993 568 1293 646 contingat
1328 586 1433 628 nos
1466 585 1677 628 omnes
1705 565 1904 646 potiri,
1938 585 2078 645 gra-

429 660 511 721 tia
540 669 599 721 et
631 658 995 738 benignitate
1026 657 1258 719 Domini
1299 657 1483 718 nostri
1533 654 1677 718 Jesu
1709 655 1949 731 Christi,
1988 660 2078 717 cui

425 748 611 828 gloria
641 757 697 809 et
728 746 1045 827 imperium
1072 766 1204 807 cum
1226 745 1395 807 Patre
1422 744 1697 827 principii
1720 754 1988 826 experte,
2025 752 2083 804 et

429 835 805 900 sanctissimo
834 835 1185 916 vivificoque
1216 835 1441 915 Spiri'u
1478 855 1632 896 nunt:
1657 842 1712 894 ct
1736 851 1996 914 semper,
2027 841 2085 894 et

430 946 536 1010 per
567 926 795 987 infinita
824 926 1062 988 saecula.
1098 927 1315 987 Amen.

854 1065 864 1073 -
944 1030 1232 1095 ORATIO
1282 1028 1541 1093 XXVIII.

1041 1142 1459 1188 ABGUMENTl'M.

428 1236 503 1294 De
529 1235 950 1308 corruptoribus
998 1250 1062 1308 ac
1106 1234 1385 1306 pestiferis
1435 1231 1750 1308 hominibus
1778 1229 2080 1308 fugiendis,

498 1309 667 1380 deque
698 1302 1073 1380 repudiandis
1106 1302 1728 1380 cornvasermonibus,
1780 1302 1830 1358 et
1858 1302 2082 1380 cultum

497 1374 722 1436 virtutis
754 1374 1103 1451 arripienda.
1138 1376 1212 1451 De
1240 1375 1457 1451 indicio
1480 1376 1751 1431 libertatis
1781 1374 1998 1451 animm.
2034 1378 2085 1429 ct

498 1453 620 1523 quis
651 1466 860 1506 crurum
880 1446 1044 1523 suam
1077 1448 1289 1523 tollens,
1320 1447 1907 1523 Chris'n‘mscqnamr.
1939 1446 2075 1523 Que-

496 1516 854 1598 madmodum
882 1522 1064 1593 ﬁdeles
1099 1521 1198 1576 Dei
1238 1520 1404 1598 bouis
1439 1517 1835 1598 ineﬂ'ubitibus_
1861 1516 2085 1598 (uin.

497 1594 595 1649 hoc
624 1602 740 1650 tum
772 1594 828 1648 in
875 1584 1073 1664 futuro
1120 1592 1325 1664 steculo
1372 1584 1661 1664 [reglutina
1718 1592 1789 1645 Ue
1804 1588 1956 1660 justo
1985 1584 2081 1642 Uri

492 1681 659 1737 super
673 1661 883 1736 justis,
901 1669 951 1720 ct
976 1663 1357 1736 peccatoribus
1377 1661 1619 1733 judicio.

2163 568 2382 648 dicam,
2440 586 2509 630 ac
2555 569 2926 649 tyrannidem
2986 589 3051 633 se
3112 575 3341 654 perpeti
3399 573 3719 645 existimat,
3754 592 3823 635 ac
3870 650 3879 655 θ

2166 657 2415 737 proinde
2447 656 2671 720 invitus
2730 659 2823 720 his
2878 660 3165 740 fungitur,
3227 682 3303 723 ne
3362 663 3413 724 is
3466 682 3498 725 e
3548 664 3824 725 manibus

2166 745 2384 808 diaboli
2410 767 2473 809 se
2493 748 2769 822 evasisse,
2794 768 2997 810 verum
3027 750 3288 831 improbi
3314 753 3542 833 tyranni
3567 754 3823 836 imperio

2169 835 2345 897 etiam
2377 856 2516 897 num
2552 836 2888 917 subjeCtum
2927 839 3181 922 intelligi
3212 840 3554 903 arbitretur.
3586 835 3696 905 ASt
3721 842 3819 905 ubi

2166 944 2301 985 cum
2336 925 2549 1004 gaudio
2608 935 2667 987 et
2707 927 3085 1006 jucunditate
3133 931 3320 991 animi
3354 950 3418 992 se
3450 941 3719 993 orantem
3754 951 3826 994 ac

2168 1016 2543 1092 psallentem,
2575 1024 2958 1099 mentemque
2985 1020 3187 1080 omnia
3216 1020 3394 1100 hujus
3427 1020 3557 1082 vitae
3588 1020 3824 1083 blandi-

2167 1114 2384 1179 menta,
2414 1114 2471 1165 et
2493 1104 2778 1186 quidquid
2804 1126 2870 1170 ea
2893 1106 2951 1168 in
2970 1109 3161 1189 pretio
3187 1110 3389 1191 habet,
3414 1121 3821 1174 exsecrantem

2166 1195 2527 1273 cegnovcrit,
2566 1204 2685 1256 tum
2739 1197 2979 1258 demum
3034 1200 3145 1260 sub
3204 1201 3422 1263 Christi
3476 1220 3727 1281 regnum
3760 1222 3826 1263 se

2166 1284 2528 1346 successisse
2559 1286 2787 1349 credat.
2821 1285 2947 1348 Hoc
2978 1290 3415 1371 redemptionis
3446 1301 3504 1352 et
3537 1293 3828 1355 libertatis

2168 1373 2545 1434 manifestum
2578 1385 2988 1452 argumentum
3026 1387 3136 1455 est,
3161 1384 3235 1440 de
3259 1400 3371 1461 qua
3395 1381 3632 1463 scripsit
3656 1385 3820 1465 Apo-

2168 1463 2354 1523 stulus
2382 1482 2395 1522 :
2447 1462 2521 1525 In
2561 1463 2857 1541 libertate,
2892 1484 3011 1546 qua
3043 1487 3153 1531 nos
3187 1471 3469 1532 Christus
3503 1462 3812 1549 liberauit,

2166 1553 2419 1613 stateSB.
2473 1552 2625 1632 Ergo
2673 1557 3089 1638 unusquisque
3146 1559 3218 1620 ad
3279 1561 3433 1622 hanc
3482 1560 3818 1623 libertatem

2160 1640 2608 1729 adipiscendam
2636 1660 2938 1726 properet,
2964 1666 3217 1728 eamque
3236 1672 3265 1707 ει
3294 1650 3530 1713 Christo
3571 1651 3816 1729 flagitet.

504 1726 785 1841 Quisquis
815 1726 1003 1824 Deum
1036 1760 1302 1822 invenire
1332 1726 1652 1834 (lesiilerat,
1690 1757 1945 1835 abneget
1976 1774 2077 1817 se-
2293 1740 2639 1841 ξθηδηθίίηη
2669 1736 2911 1841 Ὓηίξξίιη
2940 1737 3188 1798 “mles”
3209 1739 3348 1841 re“,
3390 1747 3444 1801 θί
3484 1740 3815 1841 ¹9¹¹ἓί²¹η¹ί¹ίῗ

427 1820 779 1932 ῐηθῖἰῖίέιίῶξ
1284 1820 1360 1911 ne.
1395 1820 1597 1928 pa'cat
1631 1820 1652 1909 ε’
1680 1847 1777 1908 srd
1807 1820 2075 1907 inimici-
2102 1843 2142 1892 Β
2165 1837 2259 1932 με
2291 1820 2667 1932 ¹¹ξιί¹ἶηοτυ¹¹ξν
2702 1824 2803 1932 [iui
2839 1825 2958 1925 De?
3009 1837 3326 1932 είίξιυυίυιἸ
3358 1847 3494 1932 (ξυῐη
3525 1831 3820 1932 ίίῐῖάθίν-νί

427 1941 538 2002 iias
566 1942 723 2002 inter
752 1959 838 2016 se,
876 1949 934 2001 et
963 1958 1162 2007 omne.
1223 1938 1550 2000 secundum
1583 1955 1823 1998 carnem
1857 1934 2074 1997 ambu-

428 2032 621 2093 lantes
682 2038 881 2111 ponat,
939 2049 1014 2091 ne
1093 2028 1345 2108 alicujus
1402 2028 1613 2090 horum
1698 2023 2076 2087 sermonibus

427 2120 769 2182 hortatoriis
800 2118 1101 2194 incizatus,
1154 2127 1314 2179 retro
1368 2123 1765 2178 convertatur.
1825 2113 1907 2175 Ne
1939 2132 2073 2175 cum

425 2210 500 2272 iis
531 2211 589 2271 in
625 2209 909 2271 cathedra
960 2207 1204 2279 sedeat;
1260 2226 1372 2267 nec
1428 2205 1719 2286 colloquia
1767 2222 1898 2264 eum
1952 2202 2071 2263 illis

428 2299 583 2360 mala
612 2306 789 2362 serat.
825 2316 934 2378 per
964 2315 1095 2378 quae
1123 2296 1286 2357 virus
1320 2296 1378 2356 in
1407 2294 1663 2355 animam
1698 2291 2068 2362 infundatur,

427 2396 485 2450 et
514 2388 645 2469 ipse
706 2385 1003 2467 prioribus
1061 2403 1316 2467 nequam
1369 2383 1660 2456 consiliis,
1694 2381 2073 2461 cogitationi-

427 2476 657 2558 busque
681 2475 984 2537 immorari
1008 2484 1272 2554 cogatur.
1291 2472 1480 2534 Homo
1502 2491 1635 2534 cum
1669 2473 1845 2533 homo
1877 2489 2075 2533 escam

426 2566 567 2627 time
591 2586 606 2639 ;
628 2564 762 2625 audi
788 2582 909 2638 me,
929 2575 989 2626 et
1011 2564 1213 2643 procul
1242 2563 1315 2625 ab
1340 2563 1463 2624 illio
1487 2561 1704 2624 recede
1724 2580 1794 2621 ne
1816 2559 2077 2621 animam

428 2665 585 2717 tuam
619 2655 834 2716 iterum
893 2654 961 2714 ad
1021 2653 1246 2715 inferos
1305 2652 1587 2715 deducas.
1625 2654 1883 2713 Mentem
1920 2659 2076 2710 tuam

425 2744 562 2823 fige,
596 2753 654 2805 et
698 2742 1042 2817 constabili,
1096 2750 1155 2804 et
1185 2762 1259 2805 ue
1294 2742 1452 2803 illam
1485 2740 1555 2801 ad
1589 2758 1757 2820 vana,
1793 2749 1850 2801 et
1879 2738 2081 2800 inania

424 2830 727 2893 avdienda
746 2830 943 2907 vagari
964 2829 1150 2891 sinas.
1175 2830 1263 2891 Ne
1286 2830 1499 2910 pedem
1525 2828 1773 2890 referas.
1801 2828 1889 2890 Ne
1913 2825 2081 2908 piger

426 2919 532 2995 sis,
563 2938 711 2981 neve
744 2919 1018 2980 socordia
1048 2937 1319 2999 gravere,
1355 2927 1412 2980 et
1459 2917 1823 2998 opprimare.
1858 2915 1944 2978 Ne
1974 2915 2081 2977 des

425 3027 699 3070 somnum
731 3007 921 3069 oculis
947 3009 1080 3088 tuis,
1109 3027 1228 3070 neu
1250 3015 1449 3086 guttur
1471 3014 1637 3067 tuum
1678 3005 1929 3086 alicujus
1960 3004 2080 3067 Cibi

2163 1908 2474 1987 frangitur,
2504 1911 2642 1991 prof
2676 1921 2768 1973 clo
2790 1914 3012 1975 nescit:
3045 1918 3246 1991 Quam
3288 1917 3490 1980 dulcia
3531 1921 3659 1982 sint
3689 1920 3815 1981 elo-

2159 1997 2309 2089 quia
2330 1997 2444 2059 Dei
2465 1999 2529 2060 in
2550 2000 2833 2077 faucibus
2849 2003 3225 2082 diligentiam
3246 2026 3401 2073 cum.
3425 2016 3484 2068 et
3499 2020 3679 2089 super
3699 2004 3822 2073 mel

2159 2102 2229 2145 uc
2249 2087 2455 2163 furum
2482 2091 2541 2148 in
2567 2107 2671 2150 ore
2692 2095 3180 2172 cognoscentium
3200 2097 3394 2175 ipsum
3416 2096 3510 2171 89;
3534 2087 3638 2160 sed
3663 2108 3816 2161 totus

2158 2192 2573 2268 caru,gnempe
2631 2181 2854 2241 carnali
2907 2183 3179 2261 plhditus
3235 2187 3457 2260 animo,
3517 2198 3575 2249 et
3630 2190 3813 2268 magis

2156 2264 2380 2324 carnali
2431 2285 2640 2342 δοηδςι,
2715 2288 2830 2330 non
2864 2277 3086 2350 potest
3138 2273 3526 2351 Spiritualiter
3556 2264 3814 2353 gustare,

2157 2372 2289 2433 qum
2309 2374 2340 2415 a
2360 2354 2481 2416 Deo
2509 2359 2641 2418 data
2666 2367 2803 2419 sizut
2830 2360 3003 2420 nobis
3028 2359 3345 2438 beneficia,
3371 2383 3573 2426 verum
3614 2369 3815 2429 omnia

2161 2443 2359 2505 divina
2381 2446 2433 2506 ei
2459 2465 2659 2508 amara
2682 2448 2956 2512 videntur
2981 2470 2997 2525 ;
3024 2460 3082 2511 et
3106 2451 3247 2513 illud
3277 2470 3290 2515 :
3328 2457 3595 2531 Gustate,
3626 2464 3684 2520 et
3715 2461 3814 2521 vi-

2160 2540 2292 2601 dete
2325 2544 2835 2619 quoru'amsuaris
2849 2556 2933 2605 est
2950 2545 3349 2623 l)t-minus90,
3375 2547 3811 2627 ignorat.Quod

2161 2627 2260 2707 qui
2316 2629 2622 2692 evidenter
2673 2651 2787 2693 non
2830 2634 2963 2707 scit,
2999 2653 3032 2695 a
3060 2636 3370 2705 cbaritatc.
3408 2648 3464 2699 et
3496 2639 3816 2703 dulcedine

2163 2718 2272 2781 Dei
2299 2718 2528 2780 alienus
2559 2730 2665 2780 est.
2706 2722 2819 2795 Qui
2881 2743 3055 2803 porro
3106 2735 3313 2804 gustus
3374 2728 3582 2790 horum
3615 2749 3817 2792 exsors

2163 2811 2446 2889 esl,proh
2470 2812 2527 2872 dt
2548 2812 2677 2874 lor!
2715 2815 2821 2877 llei
2854 2815 3155 2892 inimicus,
3190 2827 3247 2879 et
3275 2838 3501 2900 arcgno
3525 2822 3811 2884 ccelorum

2163 2911 2506 2979 extraneos,
2537 2924 2605 2966 ac
2632 2907 2986 2987 peregrinus
3008 2917 3118 2971 est.
3143 2908 3328 2982 Quam
3362 2912 3545 2987 enim,
3579 2932 3807 2995 quaeso,

2160 2992 2335 3053 aliam
2367 3012 2533 3071 spem
2590 2996 2854 3069 habebit,
2916 3005 3015 3059 aut
3072 2998 3246 3078 cujus
3303 3000 3455 3062 alius
3487 2992 3812 3065 dilectione

422 3099 714 3159 suavitate
757 3086 1124 3177 demulceas,
1160 3096 1353 3159 donec
1410 3096 1612 3159 videas
1665 3112 1774 3176 per
1821 3093 1985 3175 quid.
2021 3086 2589 3191 etcimplicabitur,
2626 3098 2727 3191 aut
2781 3110 2815 3153 a
2863 3111 2979 3191 quo
3035 3092 3655 3191 consolationemns‘eu
3687 3095 3808 3191 hic,

424 3194 670 3267 propter
700 3185 841 3267 quid
872 3185 1060 3247 vocati
1094 3186 1303 3262 siuius,
1337 3193 1396 3248 et
1425 3203 1713 3267 quorsum
1745 3183 2077 3247 secundum
2099 3178 2136 3191 “
2163 3194 2271 3238 seu
2294 3187 2424 3258 post
2445 3178 2669 3243 obitum
2692 3180 2953 3243 inveniet
2974 3185 3001 3240 't
3036 3180 3100 3242 In
3124 3181 3220 3243 die
3246 3200 3385 3243 vero
3402 3183 3643 3263 judicii,
3669 3184 3811 3265 quid

422 3293 669 3357 scepum
703 3283 865 3336 tuum
901 3275 1169 3338 festines.
1212 3273 1565 3356 llujusmodi
1595 3272 2075 3354 cogitationibus,
2157 3268 2567 3357 respondebit,
2592 3271 2828 3351 quando
2850 3271 3120 3334 Christus
3161 3272 3357 3334 veniet
3386 3273 3643 3336 reddere
3673 3274 3814 3336 uni-

424 3383 561 3426 cum
597 3372 654 3425 te
685 3363 1002 3446 subierint,
1047 3365 1241 3426 locum
1275 3383 1391 3426 non
1426 3363 1753 3444 relinques.
1787 3362 1937 3435 Quid
1974 3361 2079 3424 tibi

423 3452 653 3536 labore,
687 3461 748 3516 et
780 3454 830 3515 is
861 3473 893 3515 a
924 3453 1263 3533 importuna
1293 3453 1717 3532 defatigatione
1749 3471 1901 3533 opus
1931 3458 2020 3513 est
2046 3452 2077 3512 ?

420 3542 685 3622 Tempus
707 3546 831 3623 jam
866 3543 1222 3620 implevisti,
1283 3544 1409 3605 haec
1467 3543 1557 3604 bis
1590 3551 1797 3623 terque
1828 3540 2073 3615 faciens,

419 3650 535 3696 nec
565 3633 749 3694 ullum
781 3632 921 3695 inde
945 3633 1201 3695 fructum
1225 3632 1602 3714 perspexisti.
1630 3630 1738 3705 Ne,
1766 3631 1947 3694 frater
1972 3631 2076 3707 mi,

420 3741 498 3785 ne
541 3724 656 3784 hoc
688 3723 901 3804 laqueo
960 3723 1316 3804 impliceris,
1376 3740 1525 3785 neve
1582 3722 1797 3802 prodas
1825 3722 2077 3785 salutem

421 3823 636 3875 tuam:
722 3813 827 3874 sed
905 3813 1123 3894 impius
1180 3831 1251 3875 ac
1307 3811 1658 3892 generosius
1713 3811 1784 3874 ad
1844 3811 2081 3874 virtutis

318 3972 323 3977 _
422 3902 863 3982 opusincumbe
884 3901 1470 3982 potius,Pati-umqne
1487 3910 1724 3963 tuorum
1741 3900 2074 3963 secundum

423 3993 612 4052 Deum
646 3989 1050 4063 sermonibus,
1105 3998 1164 4052 et
1217 3988 1690 4052 institutionibus
1737 4008 1813 4052 ne
1843 3989 2073 4052 diffide.

424 4078 729 4142 Constitue
755 4078 934 4159 igitur
952 4079 1107 4160 apud
1138 4078 1428 4156 animum,
1456 4098 1490 4141 a
1526 4081 1642 4140 vita
1665 4079 1865 4157 citius,
1899 4098 2072 4160 quam

421 4168 499 4229 ab
529 4166 645 4229 hac
672 4166 837 4229 vitali
890 4167 1276 4249 inquisitione
1325 4168 1657 4231 discedere
1718 4167 1887 4241 Quod
1918 4167 1969 4231 si
1995 4168 2073 4232 ab

423 4256 597 4319 initio
623 4256 770 4319 nihil
796 4266 1103 4320 cuutactus
1122 4258 1393 4334 fecisses,
1439 4258 1733 4338 benignus
1768 4257 1927 4321 Deus
1958 4277 2074 4319 non

2160 3356 2377 3438 cuique
2406 3360 2736 3423 secundum
2768 3377 2951 3443 Opera
2982 3380 3088 3423 sua
3112 3362 3167 3411 9|
3202 3381 3214 3421 :
3262 3362 3500 3443 quando
3530 3382 3564 3424 a
3596 3382 3815 3425 mona-

2159 3446 2310 3523 chis,
2339 3447 2438 3529 qui
2461 3467 2527 3511 se
2550 3449 2638 3511 illi
2660 3469 2858 3513 coram
2892 3450 3091 3513 multis
3115 3451 3363 3512 testibus
3392 3462 3809 3532 aggregarunt,

2164 3544 2333 3616 pacta
2365 3556 2495 3618 qua:
2526 3538 2600 3600 ad
2646 3548 2915 3603 sanctum
2971 3544 3185 3614 altare,
3247 3550 3308 3603 et
3355 3558 3554 3602 coram
3586 3542 3811 3602 sanctis

2161 3625 2388 3705 angelis
2412 3627 2541 3708 ejus
2571 3629 2941 3708 praestituros
2970 3649 3039 3692 ac
3099 3643 3439 3692 Servaturos
3468 3649 3532 3692 se
3567 3630 3811 3712 pepige-

2160 3722 2321 3790 runt,
2353 3716 2642 3798 requiret.

2240 3804 2390 3880 Quid
2406 3806 2566 3869 enim
2591 3807 2941 3886 interrogati
2967 3808 3445 3890 respondemus?
3469 3808 3707 3886 Annon,
3734 3809 3810 3872 ad

2160 3904 2430 3959 sanctum
2482 3897 2690 3969 altare,
2755 3906 2814 3960 et
2842 3897 2913 3959 ad
2948 3917 3181 3959 sacrum
3240 3899 3398 3961 hunc
3428 3908 3807 3977 conventum,

2158 3985 2336 4048 vitam
2386 3987 2802 4064 monasticam,
2858 3997 2918 4050 et
2948 3989 3077 4050 vita».
3107 3988 3443 4051 institutum
3473 3990 3809 4069 angelicum

2158 4075 2375 4137 sectari
2396 4076 2810 4139 desiderantes
2828 4098 2945 4139 non
2976 4077 3303 4140 accessisse
3325 4078 3350 4138 Υ
3372 4076 3523 4151 Quid
3549 4081 3712 4142 enim
3735 4079 3807 4142 ad

2158 4164 2393 4245 singula
2413 4166 2733 4229 referimus
2758 4166 2783 4230 ’ἶ
2802 4186 3002 4229 nonne
3023 4165 3201 4229 illud?
3220 4169 3450 4248 Etiam,
3466 4170 3810 4232 venerande

2163 4256 2345 4317 Pater
2365 4258 2397 4318 9
2426 4254 2718 4319 Sacerdos
2745 4266 2964 4339 autem,
2992 4257 3134 4338 quid
3159 4275 3398 4319 rursum
3428 4257 3598 4319 nobis
3619 4258 3809 4321 dicit?

424 4354 484 4408 te
530 4345 926 4428 despexisset,
960 4346 1185 4430 tibique
1235 4347 1518 4411 desiderii
1571 4348 1651 4410 tui
1684 4347 1939 4411 fructum
1969 4365 2076 4429 pro
2100 4423 2133 4430 _
2161 4342 2405 4421 Scitote,
2440 4345 2673 4419 fratres,
2702 4347 2935 4409 venisse
2958 4366 3081 4421 vos,
3106 4357 3170 4409 ut
3202 4346 3488 4409 militibus
3509 4366 3579 4410 ac
3608 4349 3804 4411 famu-

421 4441 583 4498 certo
614 4435 1033 4498 concessisset.

499 4523 697 4586 Media
745 4532 920 4587 nocte
978 4533 1381 4607 experrectus,
1441 4533 1743 4588 memento
1793 4525 1923 4604 ejus
1973 4524 2076 4606 qui

421 4611 602 4675 dixit°
638 4614 842 4678 Media
874 4622 1049 4678 nocte
1074 4615 1398 4695 surgebam
1429 4616 1509 4677 ad
1531 4615 1941 4694 conﬁtendum
1967 4614 2079 4676 tibi

420 4719 606 4782 super
632 4703 871 4776 iudicia
891 4704 1149 4783 justitiae
1173 4714 1294 4768 tnw
1321 4704 1405 4765 87.
1436 4703 1507 4766 Et
1536 4703 1757 4784 gratias
1785 4720 1893 4782 age
1924 4701 2069 4781 Deo,

422 4791 521 4871 qui
547 4797 605 4852 te
627 4792 700 4853 ad
732 4791 1138 4874 Iaudesipsius
1153 4793 1455 4857 canendas
1474 4811 1741 4860 esomno
1766 4791 2068 4854 excitavit:

420 4878 635 4958 gaude,
664 4889 724 4943 et
751 4882 1159 4965 exsulta,quia
1205 4883 1381 4961 ignus
1424 4891 1513 4945 est
1534 4880 1920 4963 habitus,qui
1940 4899 2073 4943 cum

421 4969 648 5030 sanctis
661 4972 887 5050 angelis
902 4975 1089 5034 Deum
1106 4972 1514 5035 concelebres.
1532 4969 1903 5034 Christianus
1915 4970 2075 5032 enim

418 5069 719 5137 peccator.
777 5061 851 5123 de
905 5061 1141 5141 ﬂagitiis
1196 5070 1482 5125 anteacta}
1540 5060 1671 5121 vitai
1729 5058 1961 5136 dolens,
2020 5067 2080 5121 et

416 5144 594 5208 vitam
648 5149 774 5212 Deo
832 5157 1057 5228 gratam
1130 5150 1469 5226 instituens,
1531 5147 1649 5212 nisi
1709 5147 1783 5210 ad
1843 5147 2078 5210 divinas

417 5253 692 5317 synaxes,
753 5245 813 5299 et
864 5257 1065 5303 sacras
1139 5239 1522 5320 psalmodias,
1586 5245 1645 5301 et
1702 5237 2078 5319 precationes

418 5323 710 5400 laetitiam,
734 5326 1126 5404 alacritatem,
1152 5330 1391 5411 taleque
1416 5326 1703 5405 studium,
1732 5326 2077 5392 etattentio—

417 5430 582 5491 nem,
618 5424 905 5496 quantam
964 5425 1024 5480 et
1078 5419 1317 5501 qualem
1376 5425 1551 5481 antea
1611 5424 1678 5479 ut
1722 5418 2073 5499 voluptates,

421 5502 1157 5587 vitaaqueimprobitatem,
1179 5507 1438 5573 ostendit
1457 5525 1473 5585 ;
1500 5506 1606 5571 sed
1624 5508 1787 5571 velut
1802 5506 2079 5571 laborans

2096 4423 2232 4495 DIis
2254 4434 2476 4499 Christi
2510 4435 2673 4517 regis
2712 4436 2975 4500 caelestis
3017 4437 3522 4511 adnumeremini,
3556 4438 3811 4520 ideoque

2159 4523 2232 4585 ad
2265 4525 2621 4588 tentationes
2650 4545 2751 4588 vos
2767 4536 3131 4609 comparate.
3165 4526 3478 4590 Videbidis
3507 4528 3667 4591 enim
3683 4530 3807 4609 jam

2162 4611 2302 4675 hinc
2326 4613 2635 4677 inimicum
2690 4634 2900 4678 omnes
2956 4625 3114 4678 artes
3171 4634 3306 4677 suas
3356 4616 3669 4680 adversum
3705 4638 3813 4681 vos

2157 4701 2479 4766 ferventius
2510 4704 2795 4786 experiri.
2822 4703 3133 4787 Oportebit
3162 4704 3344 4785 igitur
3373 4714 3429 4768 et
3460 4708 3713 4784 esurire,
3754 4718 3809 4772 et

2159 4790 2352 4869 sitire,
2387 4803 2446 4856 et
2474 4795 2698 4874 algere,
2758 4795 3149 4876 ignominiam
3209 4797 3507 4878 aeeipere,
3534 4802 3810 4878 conspui,

2159 4882 2345 4965 alapis
2366 4884 2537 4960 caedi,
2575 4885 2953 4969 subsannari,
2993 4894 3055 4949 et
3095 4888 3317 4969 quaevis
3346 4888 3538 4952 tristia
3569 4899 3815 4971 promer

2161 4973 2352 5035 Deum
2387 4991 2695 5055 properre,
2728 4974 2881 5048 Quid
2931 4995 3041 5038 nos
3083 4985 3205 5038 tum
3256 4978 3330 5039 ad
3388 4977 3556 5041 ista?
3609 4997 3813 5044 nonne

2162 5080 2442 5142 passuros
2490 5073 2548 5125 et
2601 5064 2955 5128 toleraturos
3014 5066 3215 5128 omnia
3274 5068 3698 5148 promittimus,
3754 5082 3812 5136 et

2158 5149 2307 5213 illud
2332 5151 2623 5217 solemne:
2652 5154 2882 5231 Etiam,
2906 5158 3231 5220 reverende
3253 5159 3457 5233 Pater,
3476 5158 3549 5220 ad
3566 5178 3809 5224 omnem

2158 5239 2688 5321 interrogationem
2722 5263 2831 5326 per
2888 5244 3236 5326 patientiam
3290 5246 3674 5311 ferendorum
3706 5249 3808 5314 in»

2161 5330 2611 5420 commodorum
2641 5334 3024 5398 enuntiamus
3045 5335 3078 5396 ?
3114 5340 3330 5401 Nonne
3357 5337 3808 5420 continentiam,

2159 5418 2412 5500 vigilias,
2465 5421 2869 5487 obedientiam
2923 5443 3113 5506 usque
3142 5425 3216 5488 ad
3247 5434 3500 5489 mortem
3533 5418 3807 5491 servatu-l

2159 5528 2284 5587 ros,
2331 5511 2678 5593 praeposito,
2730 5515 2960 5599 totique
3016 5515 3264 5579 fratrum
3322 5515 3575 5598 collegio
3604 5536 3806 5582 coram

499 5672 563 5726 87
590 5671 745 5739 Psal.
777 5687 976 5757 cxvru,
1003 5677 1109 5743 69.
1193 5680 1259 5732 88
1286 5677 1477 5745 Galat.
1511 5695 1589 5761 tv,
1620 5676 1721 5743 31.
1804 5677 1872 5731 89
1896 5676 2054 5744 Psal.
2085 5694 2291 5762 cxuu,
2328 5682 2471 5748 103.
2554 5684 2622 5737 90
2652 5685 2812 5752 Psal.
2845 5701 3053 5769 xxxm,
3085 5686 3147 5753 9.
3231 5686 3283 5731 91
3315 5687 3520 5753 Matth.
3552 5689 3802 5774 “1,27.
