4160 6400
351 365 472 429 457

1773 360 2057 428 ORATIO
2099 359 2378 425 XXVIII.

3631 375 3750 438 458

352 497 479 590 Deo
497 505 556 558 (ιι
576 495 1230 590 angelis_promittimus
1249 496 1487 590 ‘?Quam
1520 495 1595 559 ob
1623 514 1859 590 causam
1872 515 2010 590 vero
2032 505 2070 555 A
2098 496 2227 569 bus,
2281 505 2335 590 et
2366 495 2502 560 tolle
2525 516 2760 562 crucem
2793 507 2982 576 tuam,
3017 510 3072 565 et
3101 509 3238 568 veni
3259 525 3515 588 sequere
3542 528 3636 572 me
3661 511 3744 590 99,

355 585 635 652 militare,
687 584 1031 665 Christique
1061 584 1454 647 bellatoribus
1483 584 1790 648 accenseri
1822 585 2015 647 volui-

353 692 488 734 mus
520 675 546 733 Υ
579 693 780 734 nonne
812 682 875 734 ut
929 684 1136 736 contra
1183 676 1384 737 hostes
1415 675 1524 736 sub
1555 683 1862 754 aspectum
1895 694 2012 735 non

352 763 663 824 venientes
696 781 1120 842 pugnaremus,
1167 772 1234 826 ut
1274 763 2010 826 contraconcitatosanimi

352 860 552 912 motus
580 851 801 913 bellum
831 870 1288 933 capesseremus
1311 853 1336 914 ἲ
1358 853 1429 914 Ει
1453 873 1634 934 nunc,
1669 852 1917 933 perinde
1947 864 2012 913 ut

353 941 405 1001 si
438 951 606 1021 pacta
636 950 930 1004 conventa
955 961 1132 1004 nemo
1174 962 1208 1004 a
1254 942 1428 1004 nobis
1459 952 1771 1004 exacturus
1799 941 1875 1003 sit.
1905 961 2012 1002 nos

351 1033 619 1109 gerimus
653 1052 667 1095 :
704 1033 1001 1114 solutique
1032 1034 1244 1095 timore
1301 1035 1407 1097 Dei
1456 1047 1513 1096 et
1555 1041 1832 1095 mandata
1881 1035 2010 1112 ejus

353 1130 804 1184 contemnentes
838 1121 1104 1186 vivimus.
1138 1123 1278 1186 Mihi
1338 1124 1619 1204 equidem
1652 1124 1712 1184 in
1744 1131 2006 1185 mentem

355 1212 519 1272 venit
571 1211 879 1288 admirari,
937 1213 1236 1293 quomodo
1292 1212 1354 1274 in
1413 1221 1628 1274 tantam
1691 1212 2006 1291 caliginem

360 1300 948 1381 praecipitaverimus,
986 1302 1304 1382 omniaque
1337 1321 1472 1363 cum
1525 1301 1859 1363 animorum
1891 1321 2002 1362 no-

2095 586 2478 660 tentationes,
2513 605 2580 648 ac
2613 588 3031 653 tribulationes
3090 595 3283 656 crucis
3317 586 3558 658 nomine
3592 586 3742 659 insi;

2095 693 2306 766 nuans,
2353 679 2711 766 Dareporro
2745 679 2964 756 omnia,
3001 684 3284 760 pecunias
3315 706 3382 747 ac
3416 690 3744 766 possessio-

2096 783 2248 856 nes,_
2289 764 2626 826 incursibus
2676 777 2870 829 autem
2931 771 3320 835 tentatiouum
3379 764 3742 856 reliquorum

2094 852 2446 915 acerborum
2497 873 2564 916 ac
2628 856 3015 918 molestorum
3076 880 3192 921 non
3252 852 3743 926 excelso-animo

2092 942 2400 1018 resistere,
2424 943 2639 1006 animae
2661 945 2904 1022 ignavae,
2933 964 3001 1008 ac
3024 965 3129 1009 sua
3152 952 3465 1014 commoda
3495 971 3612 1013 non
3648 957 3740 1014 in-

2093 1031 2415 1109 telligentis
2448 1032 2594 1094 nihil
2629 1033 2880 1098 videtur.
2913 1033 3072 1096 Nihil
3108 1039 3264 1099 enim
3302 1041 3574 1119 pecuniis
3605 1051 3739 1104 tari-

2091 1121 2393 1181 tummodo
2427 1121 2678 1202 aliisque
2705 1122 2886 1186 rebus
2911 1123 3266 1204 abjiciendis
3281 1148 3348 1189 ac
3372 1130 3738 1205 deferendis,

2090 1217 2148 1269 et
2176 1209 2247 1269 ad
2283 1209 2458 1270 vitam
2488 1212 2818 1274 :solitariem
2845 1216 3242 1293 confugiendo
3268 1236 3322 1296 pl
3342 1219 3601 1295 oficitur,
3628 1221 3742 1282 nisi

2087 1296 2150 1387 in
2185 1299 2635 1377 tentutionibus,
2670 1309 2728 1363 et
2779 1301 3284 1387 tribulationibus,
3320 1316 3378 1366 et
3406 1309 3735 1370 secundum

2085 1385 2243 1478 Deus
2269 1389 2556 1478 molestiis
2579 1407 2768 1470 usque
2804 1390 2874 1452 ad
2901 1392 3078 1452 finem
3125 1385 3496 1472 perseveres.
3532 1396 3737 1478 Neque

2087 1476 2246 1566 enim
2265 1477 2455 1538 Chris:
2470 1497 2537 1566 us
2552 1478 2704 1540 Deus
2719 1479 2996 1541 nosterin
3010 1499 3208 1542 rerum
3226 1492 3558 1546 nostrarum
3579 1476 3735 1566 abje-

359 1396 611 1449 strorum
646 1388 1005 1450 detrimento
1027 1389 1344 1450 faciamus:
1369 1409 1624 1471 cumque
1647 1389 2003 1469 nosmetipsi

345 1475 710 1554 jugulemus,
738 1479 791 1541 id
819 1485 1097 1559 tanquam
1123 1478 1233 1540 vivi
1257 1499 1326 1540 ac
1361 1479 1710 1559 superstites
1741 1498 1860 1540 non
1892 1497 1998 1540 cu-

348 1583 593 1628 remus:
626 1577 680 1628 et
704 1585 840 1628 cum
861 1567 980 1648 ipsi
1005 1587 1110 1629 nos
1153 1583 1528 1647 peccatorum
1569 1567 1821 1629 vinculis
1851 1587 1999 1629 con-
2085 1564 2304 1646 ctione,
2337 1567 2440 1626 sed
2465 1565 2524 1626 in
2548 1567 2830 1647 patientia
2852 1578 3049 1630 nostra
3077 1570 3302 1632 animas
3329 1579 3558 1634 nostras
3590 1564 3734 1654 pos-

346 1654 734 1734 stringamus,
768 1657 944 1718 etiam
975 1657 1255 1736 gaudium
1312 1660 1626 1738 agitemus,
1661 1655 1997 1718 committa-
2080 1672 2348 1716 sessuros
2371 1656 2682 1718 alfirmavit
2704 1657 2788 1722 95.
2827 1658 3192 1721 Facultatum
3229 1663 3283 1721 in
3321 1682 3610 1742 pauperes
3641 1666 3734 1726 di-

347 1762 600 1825 musque
631 1746 977 1827 omniaquae
1006 1751 1159 1808 Deus
1178 1748 1324 1822 odit,
1351 1756 1550 1828 etquae
1572 1747 1630 1808 in
1663 1747 1995 1826 gehennam
2019 1819 2054 1831 ἢ
2081 1744 2522 1826 stributionem,
2559 1747 2828 1828 etfugam
2854 1748 3052 1808 saeculi
3076 1748 3290 1810 bonam
3320 1760 3495 1831 atque
3523 1754 3726 1817 utilem

342 1819 762 1911 ignis-animas
812 1819 1043 1898 nostras
1099 1819 1456 1905 deturb'ent,’
1509 1845 1567 1898 et
1597 1819 1925 1898 ea'vincula
1959 1855 1989 1896 a
2019 1819 2056 1867 Β
2080 1852 2144 1894 es
2179 1852 2211 1895 e
2241 1842 2470 1896 constat
2500 1819 2519 1896 ξ’
2563 1819 2966 1898 verumtamen
2995 1837 3118 1897 sola
3149 1856 3254 1916 per
3274 1819 3554 1921 seip-sam,
3581 1843 3730 1905 citra

342 1922 523 1985 nobis
543 1925 902 2001 auferentes,
923 1925 1089 2006 quasi
1105 1926 1452 1988 truculentae
1463 1925 1596 1989 best
1620 1945 1688 1998 ae,
1707 1926 1993 1988 devorare
2074 1923 2400 1985 tentationu
2413 1944 2462 1985 ir
2481 1924 2850 1988 tolerantiam
2863 1925 3192 1999 ,hominem
3209 1929 3534 1989 secundum
3549 1929 3730 1993 Deum

344 2030 658 2077 conemur.
692 2013 838 2076 Nam
885 2015 934 2075 si
976 2034 1011 2076 a
1066 2015 1341 2096 quopiam
1374 2014 1665 2076 fuerimus
1693 2013 1988 2094 impediti,
2073 2013 2799 2092 perfectumredderenon
2819 2014 3464 2096 p0lest.Qu0dutilase
3487 2018 3727 2092 habere,

344 2118 426 2161 ne
457 2101 601 2182 quid
634 2112 842 2165 contra
886 2104 1116 2168 animas
1163 2112 1394 2164 nostras
1453 2103 1788 2182 moliamur,
1822 2103 1988 2163 illum
2075 2101 2226 2162 etita
2253 2101 2375 2163 Deo
2391 2103 3224 2185 placerecredas,audiipsius
3254 2109 3428 2167 verba
3461 2107 3537 2168 ad
3570 2108 3729 2171 divi-

343 2209 514 2252 more
544 2210 756 2253 canum
813 2192 1157 2256 rabidorum
1209 2192 1574 2269 allatramus,
1633 2200 1694 2255 et
1719 2191 1992 2254 comitiis
2074 2197 2222 2250 tem:
2258 2191 2330 2252 Si
2359 2193 2446 2252 vis
2469 2193 2775 2270 perfectus
2800 2212 2950 2268 esse,
2979 2194 3171 2256 vende
3193 2213 3325 2274 quo:
3345 2195 3552 2277 habes,
3577 2205 3630 2259 et
3651 2197 3732 2260 da

341 2279 727 2358 incessimus,
762 2301 874 2344 nec
905 2283 1258 2352 desinimus.
1292 2282 1484 2344 donec
1539 2300 1606 2344 re
1658 2290 1990 2362 perpetrata
2069 2281 2468 2360 pauper-ibus,
2502 2286 2557 2343 et
2596 2281 2742 2344 tolle
2766 2300 3002 2346 crucem
3026 2290 3215 2363 tuam,
3249 2288 3460 2346 etvenz’
3479 2303 3730 2366 sequere

340 2369 564 2432 animis
588 2372 810 2434 nostris
841 2372 1082 2434 exitium
1115 2369 1992 2434 conﬂaverimus.Postmodum
2075 2386 2192 2430 me.
2220 2367 2518 2431 Vocabqu
2549 2372 2768 2445 crucis,
2802 2379 2863 2432 ut
2901 2371 3126 2432 dictum
3169 2381 3260 2433 est
3307 2373 3728 2436 tribulationes

339 2461 414 2522 ad
448 2460 796 2539 hujusmodi
816 2461 1264 2542 perversitatem
1288 2459 1625 2535 assuefacti,
1647 2458 1997 2521 naturaliter
2077 2465 2136 2518 et
2166 2458 2521 2519 tentationes
2549 2457 2863 2520 obscurius
2891 2459 3184 2538 signiﬁcat
3245 2459 3531 2532 Quoniam
3561 2462 3724 2523 enim

337 2551 633 2628 perversi,
666 2559 842 2630 atque
899 2549 1158 2630 improbi
1189 2549 1544 2629 Lreddimur,
1605 2567 1714 2610 nec
1744 2547 1997 2628 amplius
2077 2564 2330 2625 regnum
2356 2547 2641 2609 caelorum
2664 2547 2796 2608 vim
2820 2554 3076 2626 patitur,
3121 2556 3177 2611 et
3213 2553 3727 2631 rio/entirapiuut

336 2638 492 2700 ccelo
523 2647 701 2720 caput
744 2639 956 2702 tollere
1011 2639 1177 2702 libet.
1215 2638 1327 2703 Ubi
1361 2646 1492 2719 post
1521 2638 1830 2699 hominum
1862 2655 1988 2698 me-
2078 2635 2232 2699 illud
2251 2635 2336 2712 94,
2370 2635 2660 2697 aliterbue
2707 2635 2899 2698 ﬁdelis
2954 2636 3013 2696 in
3076 2637 3296 2718 ipsum,
3333 2639 3444 2698 nisi
3480 2657 3584 2718 per
3611 2659 3724 2700 an-

336 2727 591 2790 moriam
623 2729 842 2790 similis
886 2728 1247 2792 machinatio
1289 2727 1489 2790 audita
1515 2728 1658 2790 est?
1691 2727 1834 2800 Quis
1863 2727 1988 2788 dae-
2072 2734 2300 2805 gustam
2333 2734 2564 2805 portam
2598 2723 3069 2806 tribulationum,
3125 2734 3180 2785 ct
3217 2728 3601 2788 tentationum
3636 2729 3725 2788 in-

335 2837 479 2880 mon
514 2819 758 2881 modum
793 2819 1149 2900 perditionis
1197 2819 1310 2880 hoc
1358 2820 1643 2896 majorem
1676 2817 1988 2879 adversum
2071 2815 2254 2876 troire
2287 2813 2512 2894 nequit,
2546 2817 2759 2877 merito
2811 2814 3010 2876 divina
3071 2813 3372 2896 Sa'liplurd
3407 2816 3671 2896 praecipit
3706 2836 3718 2880 :

334 2908 568 2971 animas
602 2917 837 2971 nostras
894 2907 1251 2989 excogitabit
1308 2907 1427 2968 imo
1481 2914 1667 2982 certe,
1703 2905 1846 2986 quid
1877 2907 1990 2968 hoc
2071 2901 2420 2964 Contendile
2467 2903 2696 2963 intrare
2739 2919 2849 2982 per
2895 2909 3218 2982 angustam
3257 2913 3494 2984 portam
3523 2905 3605 2961 93.
3658 2904 3727 2966 Et

333 2999 599 3079 amplius
627 3008 836 3062 contra
874 3017 981 3061 nos
1036 3000 1340 3060 daemones
1369 3016 1503 3058 cum
1535 2995 1698 3057 omni
1729 3014 1892 3076 cura,
1929 3004 1990 3058 et
2071 2990 2414 3053 iterumzln
2430 2992 2732 3071 patientia
2756 2993 3349 3071 vestrapossidebitis
3363 2995 3606 3055 animos
3623 3012 3721 3056 ve-

338 3088 1035 3154 sollicitudineinvenire
1053 3088 1372 3169 poterunt?
1399 3087 1716 3149 Monacbos
1736 3085 1861 3147 fore
1881 3105 1988 3147 nos
2008 3088 2046 3139 C
2071 3080 2323 3144 stras96.
2365 3080 2467 3142 Et:
2517 3083 2636 3142 Per
2674 3080 2900 3169 multas
2918 3080 3336 3143 tribulationrs
3357 3089 3584 3161 oportet
3615 3101 3725 3145 nos

343 3179 803 3260 spopondimus,
858 3186 917 3243 et
947 3197 1023 3241 en
1051 3167 1233 3259 supra
1263 3177 1595 3238 mundanos
1626 3174 1989 3252 improbitati
2074 3170 2311 3232 intrare
2327 3171 2654 3260 iliregnum
2672 3167 2976 3260 calorum,
2999 3177 3059 3260 ut
3087 3178 3143 3228 et
3167 3170 3305 3230 alibi
3331 3171 3386 3230 id
3413 3170 3724 3260 Scriptura

346 3258 861 3346 n'os’alligavimus.
887 3267 976 3332 Ad
1001 3258 1245 3342 famem,
1271 3266 1454 3338 sitim,
1483 3264 1863 3328 amictionem
1895 3283 1989 3325 su-
2073 3259 2414 3346 teS'atur97.
2453 3258 2616 3331 Filii,
2651 3259 2932 3320 accedens
2963 3259 3396 3320 adservz‘lulem
3417 3259 3530 3320 Dei
3560 3276 3723 3338 proe-

351 3345 702 3434 ειίιιεηάδω,
735 3369 800 3421 ιιι
827 3368 965 3421 ame
1010 3356 1386 3429 dicebamus,
1438 3354 1724 3434 descripti
1755 3374 1981 3429 sumus,
2065 3364 2219 3425 para
2241 3345 2506 3408 animum
2541 3355 2710 3406 tuam.
2734 3347 2814 3408 ad
2839 3348 3266 3408 tentationem.
3296 3349 3583 3426 Deprime
3612 3365 3719 3410 cor

349 3457 412 3510 et
446 3459 686 3528 prepter
708 3449 950 3512 unicum
999 3446 1170 3530 panis
1200 3447 1450 3507 frustum
1488 3444 1671 3524 (quod
1701 3443 1851 3504 forte
1875 3462 1982 3506 ex-
2069 3434 3330 3530 tuum,etsustine93.EtApostolus:Quodsi
3342 3443 3517 3496 extra
3532 3436 3718 3496 disci-

348 3523 462 3598 tra-
491 3523 786 3600 deﬁnitum
830 3537 949 3601 cibi
998 3523 1276 3598 sumendi
1319 3523 1553 3613 tempus
1596 3531 1986 3612 requirimus)
2059 3525 2468 3604 plinameslis,
2494 3525 2997 3603 cuiusparticipes
3009 3523 3557 3613 ﬁzrtisuntomnes,
3577 3541 3720 3613 ergo

343 3625 549 3688 verbis
573 3628 813 3704 velitari,
841 3639 903 3690 et
927 3625 1143 3706 probra
1159 3626 1386 3704 jactare
1400 3609 1517 3683 nan
1542 3609 1978 3683 erubescimus.
2065 3614 2576 3706 aclullcrigelﬂnon
2593 3613 2712 3692 ﬁlii
2750 3613 2892 3706 estis
2911 3613 2994 3670 99.
3031 3613 3106 3674 Et
3135 3612 3251 3706 alio
3283 3612 3426 3706 loco
3452 3629 3464 3673 :
3500 3609 3716 3706 Omnia

345 3713 632 3779 Omnibus
649 3736 780 3798 qua:
799 3700 861 3778 in
884 3700 1106 3778 mundo
1129 3700 1287 3784 sunt,
1311 3711 1656 3772 renuntiare
1687 3709 1978 3784 venimus,
2068 3721 2197 3798 qua:
2230 3701 2727 3798 tibininnl'er-unftur,
2763 3710 2826 3798 ut
2862 3701 3016 3798 bo‘na
3051 3701 3305 3798 suscipe,
3344 3701 3543 3798 sciens
3586 3700 3716 3762 sine

341 3806 704 3886 parentibus,
729 3807 996 3887 inquam,
1019 3802 1324 3881 fratribus,
1349 3809 1406 3862 et
1426 3799 1652 3887 amicis,
1699 3805 1758 3859 et
1783 3807 1985 3859 tamen

336 3894 475 3958 illos
510 3896 585 3957 de
619 3886 963 3957 monasterii
995 3890 1248 3972 panibus
1279 3892 1440 3954 alere
1475 3886 1668 3968 potius
1697 3903 1817 3948 non
1847 3904 1981 3948 ces-

333 4000 564 4048 samus.
597 3983 883 4046 Mundam
913 3990 978 4045 ut
1021 3982 1253 4043 hostem
1303 3977 1584 4058 fugimus,
1639 3982 1698 4037 et
1742 3974 1981 4036 interim

335 4073 697 4149 mundanos,
731 4081 792 4135 et
820 4090 953 4153 quae
981 4069 1190 4132 mundi
1219 4079 1380 4148 sunt,
1438 4065 1570 4147 plus
1598 4081 1776 4149 quam
1807 4063 1981 4128 Chri-

331 4171 488 4226 stum
519 4163 717 4244 ipsum
744 4161 1067 4240 diligimus.

415 4252 530 4325 Qui
559 4260 756 4314 autem
784 4250 1023 4332 assequi
1051 4249 1178 4311 vult
1200 4265 1334 4329 qua
1363 4245 1548 4327 cupit,
1571 4253 1634 4309 et
1652 4244 1978 4319 desiderat,

335 4341 495 4405 bona
521 4341 632 4403 Dei
657 4340 960 4421 videlicet,
993 4346 1050 4401 et
1081 4357 1153 4400 ex
1195 4336 1438 4399 homine
1459 4336 1520 4398 in
1545 4336 1818 4415 angelum
1852 4340 1978 4395 ter-

2068 3791 2189 3851 Deo
2224 3790 2376 3852 nihil
2405 3790 2556 3850 fieri.
2592 3790 2702 3862 Qui
2733 3791 2892 3851 enim
2923 3790 3175 3852 fortunis
3209 3789 3333 3850 suis
3371 3789 3432 3851 in
3465 3798 3717 3869 egentes

2067 3879 2299 3940 collatis
2321 3897 2353 3940 e
2371 3879 2592 3940 mundo
2617 3889 2673 3940 et
2693 3878 2870 3940 rebus
2898 3880 3027 3959 ejus
3049 3879 3299 3954 recedit,
3337 3881 3396 3939 in
3415 3898 3521 3958 spe
3552 3897 3716 3939 mer-

2067 3967 2254 4037 cedis,
2290 3975 2349 4029 et
2378 3967 2674 4047 voluptate
2705 3967 2892 4029 multa
2919 3976 3109 4048 gestat
3163 3967 3613 4028 conscientiam.
3649 3965 3720 4026 Et

2065 4056 2381 4137 aliquando
2442 4074 2585 4116 vana
2640 4055 2828 4135 gloria
2883 4055 3220 4120 mercedem
3284 4056 3532 4116 furatur.
3595 4053 3714 4125 Qui

2063 4163 2200 4206 vero
2253 4151 2564 4224 postquam
2625 4144 2824 4204 omnia
2881 4145 3045 4206 dedit
3104 4144 3487 4225 pauperibus,
3523 4143 3707 4205 etiam

2065 4233 2310 4294 molesta
2334 4232 2605 4308 sustinet,
2636 4241 2695 4294 et
2720 4233 2936 4311 gratias
2955 4235 3092 4312 agit,
3122 4244 3177 4293 et
3201 4233 3447 4294 adversa
3474 4232 3714 4312 patien-

2061 4329 2154 4384 ter
2182 4321 2422 4402 perfert,
2452 4321 2512 4380 in
2543 4339 2615 4382 eo
2645 4322 2882 4401 quidem
2933 4322 3248 4383 maximam
3299 4321 3710 4395 acerbitatem,

333 4437 588 4494 restrem
620 4431 900 4510 migrare,
945 4409 1389 4491 afﬂictationem
1438 4409 1707 4506 corporis
1733 4422 1975 4498 amabit,
2001 4411 2354 4490 plaborem,
2377 4429 2446 4508 ac
2473 4410 2738 4507 dolorem
2767 4409 2944 4510 sentit
2976 4432 2989 4470 ε
3032 4411 3134 4471 sed
3164 4427 3423 4510 pressas
3454 4429 3521 4470 ac
3554 4409 3715 4470 fulu-

335 4521 629 4584 malorum
660 4518 1106 4601 perpassionem
1156 4515 1575 4596 amplectetur,
1628 4513 1981 4577 tentationes

334 4619 398 4673 ut
434 4610 631 4672 omnis
656 4609 794 4671 boni
833 4607 949 4671 sibi
978 4605 1418 4688 conciliatrices
1442 4603 1600 4666 haud
1628 4601 1978 4684 aspernabi-

334 4707 455 4762 tur.
477 4697 555 4763 Ut
585 4699 745 4762 enim
775 4716 984 4761 aurum
1017 4696 1202 4758 multa
1231 4694 1513 4758 infectum
1546 4691 1830 4771 aerugine,
1866 4690 1982 4752 nisi

331 4789 394 4851 in
429 4807 651 4870 prunas
672 4787 1054 4869 conjiciatur,
1081 4793 1138 4848 et
1162 4783 1394 4847 malleis
1416 4782 1718 4856 tundatur,
1743 4779 1982 4870 purgari

331 4869 531 4959 aliter,
562 4877 828 4959 atquein
887 4876 1202 4958 pristinum
1261 4871 1548 4950 fulgorem
1598 4869 1834 4933 restitui
1861 4886 1980 4928 non

332 4975 529 5050 potest
543 4987 557 5028 :
573 4967 662 5029 sic
675 4966 876 5029 anima
895 4981 1134 5046 quoque
1153 4961 1378 5044 peccati
1402 4959 1662 5050 aerugine
1675 4966 1974 5050 cooperta.

333 5045 396 5119 et
441 5055 514 5117 ad
547 5074 847 5118 summum
876 5045 1317 5125 facta’inutilis,
1353 5050 1469 5116 alia
1500 5049 1595 5112 via
1626 5045 1886 5128 purgari,
1923 5054 1980 5108 et

331 5145 635 5227 antiquam
653 5160 1025 5227 recuperare
1059 5140 1566 5227 pulchritudinem
1598 5141 1838 5227 nequit,
1864 5135 1978 5197 nisi

333 5218 759 5290 tentationibus
782 5218 1078 5305 jactetur,
1101 5230 1160 5286 et
1205 5220 1656 5284 tribulationum
1688 5218 1982 5280 conﬂatu-

331 5333 460 5378 ram
491 5315 722 5382 subeat.
753 5313 904 5380 Nam
934 5321 994 5376 et
1048 5312 1200 5374 istuc
1248 5309 1487 5374 Domini
1521 5307 1708 5370 nostri
1736 5305 1981 5368 verbum

330 5403 670 5472 subindicat
695 5422 713 5470 :
749 5403 950 5472 Vende
971 5400 1291 5481 facultates
1315 5407 1482 5476 tuas,
1502 5404 1561 5464 et
1580 5396 1659 5460 da
1674 5395 1983 5478 pauperi-

407 5564 466 5617 9⁸
488 5564 706 5631 Matth.
737 5561 976 5639 111,21.

324 5662 447 5729 κη,
478 5646 584 5712 21.
670 5643 740 5696 98
763 5635 952 5708 Eccli.
985 5657 1051 5719 II,
1083 5644 1146 5714 1,
1176 5637 1238 5702 2.
1321 5635 1387 5686 99
1418 5635 1609 5698 Hubr.
1641 5651 1751 5710 xu,
1783 5635 1843 5701 8.

641 5817 902 5883 Ρλτιιοι.
932 5813 1045 5880 Gn.
1074 5806 1242 5878 CXX.

1060 5559 1126 5611 93
1151 5561 1298 5622 Luc.
1330 5571 1456 5630 xxx,
1494 5554 1590 5619 19.
1673 5553 1740 5605 94
1768 5553 1974 5618 Matth.
2003 5568 2088 5630 ιι,
2120 5549 2220 5614 42.
2304 5548 2372 5601 9⁸
2402 5551 2607 5614 Matth.
2635 5569 2738 5629 vn,
2770 5550 2862 5615 13.

2061 4517 2190 4559 rum
2227 4497 2557 4577 praamium,
2614 4496 3038 4578 ingentemque
3093 4497 3547 4559 retributionem
3613 4514 3718 4576 pro

2065 4586 2334 4668 perfugio
2359 4586 2558 4648 habet:
2611 4595 2815 4667 utpote
2846 4587 2946 4669 qui
2988 4587 3296 4668 passiones
3322 4584 3540 4648 Christi
3574 4585 3713 4645 imi-

2064 4685 2239 4751 tetur,
2277 4694 2536 4756 eumque
2561 4675 2620 4735 in
2653 4675 2863 4737 diebus
2899 4676 3316 4750 tentationum,
3352 4683 3410 4736 et
3447 4672 3714 4736 adversi-

2065 4774 2248 4828 tatum
2280 4768 2632 4826 irruentium
2665 4767 2977 4841 sustineat,
3003 4774 3061 4827 et
3085 4763 3713 4846 exspectet.Quocirca

2063 4874 2166 4917 oro
2200 4873 2317 4928 vos,
2349 4853 2562 4915 fratres
2587 4853 2648 4915 in
2680 4854 2937 4929 Christo,
2973 4856 3184 4915 demus
3218 4871 3459 4936 operam
3495 4870 3715 4914 secun-

2063 4944 2201 5006 dum
2243 4961 2449 5005 vocem
2471 4943 2729 5017 Domini,
2761 4945 2866 5006 Dei
2889 4963 2959 5005 ac
2997 4943 3316 5006 Salvatoris
3359 4941 3549 5004 nostri
3577 4940 3720 5004 Jesu

2064 5031 2306 5108 Christi,
2332 5041 2396 5093 ut
2416 5041 2723 5113 postquam
2765 5033 3012 5114 mundo,
3049 5033 3218 5095 ethis
3237 5051 3366 5113 qua;
3396 5032 3455 5092 in
3490 5029 3717 5092 mundo

2063 5120 2632 5202 suntvalediximus,
2674 5140 2779 5202 per
2814 5131 3118 5202 angustam
3136 5131 3364 5203 portam
3396 5121 3711 5199 intremus,

2064 5230 2197 5293 quae
2225 5211 2480 5273 carnalis
2507 5210 2695 5273 nostri
2717 5229 2949 5287 sensus,
2986 5210 3380 5274 etvoluntatis
3412 5207 3710 5291 praecisio,

2066 5309 2126 5363 et
2152 5301 2286 5380 fuga
2315 5310 2426 5362 est.
2461 5298 2588 5361 Nisi
2620 5301 2778 5362 enim
2839 5302 3029 5378 carni,
3083 5298 3613 5382 concupiscentiis,
3648 5316 3719 5359 ac

2065 5388 2462 5454 voluntatibus
2494 5389 2624 5469 ejus
2676 5391 3025 5473 moriamur,
3074 5390 3520 5469 remissionem,
3551 5386 3724 5448 abso-

2947 5551 3014 5602 96
3033 5553 3156 5616 Luc
3171 5569 3294 5625 xxi,
3321 5553 3421 5616 19.
3504 5546 3570 5598 97
3589 5547 3719 5612 Act.

3157 5802 3232 5864 ιδ
