4160 6420
469 427 590 493 459

1775 417 2157 485 SYMEONIS
2195 413 2547 481 JUNIORIS

3739 420 3860 487 460

475 558 883 637 lutionemque
901 553 2124 632 malorum,etlibertatem,etsequentema
2144 564 2185 613 Α
2209 549 2467 630 cujusvis
2497 547 2758 610 nominis
2787 565 2894 628 per
2925 548 3334 628 pmnitentiam
3364 551 3437 613 ad
3468 571 3534 615 se
3560 553 3862 618 venientis

474 655 679 708 sancto
704 643 930 727 Spiritu
963 643 1433 706 consolationem
1468 640 1717 720 adipisci
1749 660 1865 701 non
1900 641 2120 721 poteri-

475 753 638 797 mus:
669 723 801 814 quaa
831 733 944 794 nisi
959 731 1352 813 superveniat,
1389 748 1564 791 nemo
1584 728 1897 789 Dominum
1922 747 2033 791 nec
2063 731 2123 790 in

474 824 587 885 hoc
601 843 711 886 nec
726 823 782 884 in
799 824 997 884 futuro
1013 823 1228 883 saeculo
1246 817 1633 882 videbit.Nam
1649 827 1811 879 recte
1840 832 1897 880 te
1911 819 2122 880 fecisse

477 930 612 975 cum
645 929 852 974 omnes
880 911 1187 973 facultates
1208 917 1332 970 tuas
1361 908 1421 968 in
1456 925 1746 988 pauperes
1765 907 2121 969 distribuisti

474 1001 545 1077 (si
579 1011 775 1066 tamen
811 1001 958 1062 nihil
993 1000 1100 1061 tibi
1132 999 1402 1078 exemplo
1451 997 1697 1058 Anania:
1727 996 1887 1056 illius
1917 1015 2120 1058 reser-

474 1091 620 1152 vasti
649 1090 696 1170 1)
735 1097 792 1151 et
839 1090 1043 1150 adhaec
1095 1088 1343 1162 mundo,
1406 1095 1464 1146 et
1513 1085 1586 1145 iis
1645 1103 1773 1164 quas
1802 1085 1863 1144 in
1898 1085 2118 1146 mundo

475 1188 616 1241 sunt
645 1178 1022 1253 renuntiasti,
1056 1176 1425 1255 desertisque
1484 1175 1663 1255 hujus
1694 1174 1826 1235 vitae
1854 1175 2012 1235 curis
2042 1174 2114 1234 ad

474 1275 707 1348 portum
734 1274 969 1328 aeternae
987 1267 1116 1326 vitae
1139 1263 1476 1338 cucurristi,
1499 1262 1764 1342 speciem
1789 1271 1845 1323 et
1869 1263 2115 1340 ﬁguram

477 1355 708 1435 pietatis
739 1355 1002 1430 indutus,
1027 1373 1134 1432 ego
1159 1371 1395 1433 quoque
1417 1370 1535 1412 non
1572 1351 1823 1425 inﬁcior,
1868 1360 1927 1412 et
1956 1359 2012 1411 te
2041 1349 2115 1411 ob

473 1444 586 1506 hoc
609 1443 870 1505 studium
896 1443 1100 1504 laudo:
1129 1443 1232 1503 sed
1254 1441 1500 1522 insuper
1524 1440 1893 1521 prudentiam
1923 1441 2118 1501 carnis

471 1533 628 1594 velut
662 1533 920 1594 tunicam
953 1550 1191 1603 exuere,
1226 1539 1284 1592 et
1309 1531 1639 1592 secundum
1669 1529 1904 1603 stolam,
1939 1547 2114 1608 quam

471 1641 578 1704 per
606 1621 904 1684 Christum
962 1620 1231 1693 induisti,
1293 1637 1488 1681 mores
1541 1618 1778 1691 animae,
1811 1617 2118 1697 ipsamque

469 1711 838 1793 spiritualem
897 1709 1275 1790 prudentiam
1325 1707 1632 1788 possidere
1684 1725 1929 1768 necesse
1977 1713 2110 1766 est:

2205 659 2309 700 cor
2337 638 2656 711 illuminat,
2691 646 2780 698 est
2835 637 3207 718 impossibile
3242 657 3255 702 :
3327 639 3621 721 siquidem
3653 645 3866 708 mundi

2202 728 2386 789 corde
2415 729 2603 790 Deum
2636 727 2839 788 vident
2868 727 2915 790 9.

2288 816 2599 878 Enitamur
2628 816 2825 896 itaque
2857 824 3077 896 patres,
3117 819 3354 898 fratres,
3394 825 3452 879 et
3473 818 3578 880 ﬁlii
3605 823 3723 882 mei
3757 840 3866 902 per

2204 903 2575 982 diligentiam
2610 904 2669 964 in
2703 903 2989 980 moribus,
3026 912 3082 966 et
3117 905 3320 985 jugem
3352 909 3718 971 occultarum
3751 931 3858 974 co-

2203 992 2555 1071 gitationum
2583 993 3023 1054 confessionem
3047 1011 3150 1054 cor
3173 1014 3385 1075 purum
3406 996 3702 1060 obtinere.
3720 998 3860 1072 Quae

2204 1079 2362 1139 enim
2395 1079 2766 1159 frequenter,
2811 1088 2870 1140 et
2921 1080 3190 1161 quotidie
3248 1083 3316 1143 ﬁt
3373 1103 3406 1145 a
3437 1085 3612 1148 nobis
3644 1087 3854 1148 harum

2200 1168 2484 1257 confessi,
2519 1169 2567 1228 si
2605 1187 2673 1230 ex
2704 1169 2903 1231 animo
2935 1169 3262 1250 poenitente
3293 1173 3594 1256 procedat,
3624 1177 3855 1257 pesipi-

2198 1255 2488 1318 scentiam
2520 1257 2912 1336 doloremque
2946 1259 3005 1318 in
3037 1258 3210 1320 nobis
3267 1255 3587 1338 factorum,
3613 1255 3860 1327 medita-

2202 1352 2467 1406 torumve
2508 1354 2809 1426 operatur,
2851 1346 2952 1426 qui
2977 1365 3047 1408 ex
3068 1347 3294 1409 intimis
3319 1351 3533 1413 anima;
3562 1352 3858 1434 lacrymas

2199 1432 2360 1510 ciet;
2397 1433 2669 1514 lacrymaa
2695 1435 2955 1496 animam
3000 1445 3273 1518 purgant,
3327 1447 3385 1500 et
3410 1432 3855 1522 ingentia—pec-
3901 1488 3903 1490 -

2181 1521 2330 1582 cata
2351 1522 2589 1599 delent;
2643 1523 2858 1603 quibus
2878 1525 3118 1600 deletis,
3139 1527 3327 1588 sancti
3355 1527 3611 1608 Spiritus
3632 1521 3858 1592 solatiis

2201 1611 2624 1700 permulcetur,
2680 1631 2750 1674 ex
2803 1616 3263 1694 compunctione
3319 1617 3540 1680 ﬂuento
3598 1621 3855 1700 quodam

2199 1698 2534 1761 dulcedinis
2573 1701 2872 1780 irrigatur,
2914 1703 3072 1764 unde
3108 1705 3396 1785 quotidie,
3427 1710 3506 1769 ita
3533 1698 3853 1771 utintelli-

471 1788 668 1881 neque
687 1801 802 1860 hoc
823 1788 1040 1867 solum,
1061 1797 1163 1859 sed
1191 1796 1364 1858 etiam
1394 1815 1499 1876 per
1516 1795 1914 1876 paenitentiam
1948 1793 2110 1855 tuni-
2135 1805 2174 1854 B
2194 1788 2392 1881 gentia
2422 1789 2844 1870 percipiamur,
2879 1793 3232 1872 pinguescit,
3267 1803 3326 1855 et
3353 1794 3580 1858 fructus
3609 1797 3854 1878 spiritus

472 1907 602 1951 cam
635 1887 912 1959 lucidam,
949 1885 1046 1966 qui
1108 1895 1196 1946 est
1252 1885 1380 1965 ipse
1438 1885 1693 1964 Spiritus
1727 1891 1987 1959 sanctus,
2023 1902 2116 1943 su-

475 1976 836 2057 perinduere
873 1996 888 2052 ;
934 1975 1087 2055 quod
1123 1974 1237 2034 nisi
1269 1992 1376 2052 per
1403 1981 1770 2035 constantem
1803 1973 2110 2034 mandato-

475 2084 608 2126 rum
641 2063 1139 2137 observationem,
1176 2070 1233 2124 et
1261 2062 1630 2123 tolerantiam
1664 2062 2109 2150 tribulationum

469 2173 590 2216 non
621 2161 710 2216 est
740 2161 801 2214 ut
830 2154 951 2214 ﬁat.
1008 2155 1215 2213 Pressa
1273 2152 1431 2213 enim
1493 2168 1599 2229 per
1628 2151 2004 2225 tentationes,
2036 2151 2109 2212 ad

470 2246 757 2326 lacrymas
787 2252 1192 2306 commovetur
1230 2263 1245 2317 ;
1300 2243 1573 2322 lacrymae
1622 2260 1725 2303 cor
1757 2251 2106 2320 purgantes,

469 2334 781 2414 templum,
808 2341 866 2394 et
886 2331 1273 2394 diversorium
1318 2329 1570 2411 Spiritus
1602 2331 1790 2391 sancti
1820 2331 2106 2392 efﬁciunt.

466 2424 592 2486 Nec
624 2422 782 2483 enim
817 2421 989 2482 nobis
1017 2421 1090 2482 ad
1121 2420 1396 2500 salutem,
1417 2428 1473 2480 et
1495 2419 1918 2500 perfectionem
1951 2420 2110 2481 solus

471 2511 745 2586 vestitus,
771 2518 828 2572 et
853 2511 1112 2572 exterior
1127 2517 1332 2570 statuae
1353 2523 1598 2570 ornatus
1619 2509 1837 2571 sufﬁcit
1863 2530 1876 2571 :
1911 2508 2018 2570 sed
2048 2518 2114 2570 ut

469 2601 848 2674 exteriorem,
882 2599 962 2658 ita
993 2598 1340 2660 interiorem
1373 2598 1676 2659 hominem
1710 2605 1972 2660 nostrum
2007 2617 2108 2658 or-

464 2706 609 2749 nare
639 2687 859 2749 amictu
907 2685 1182 2767 Spiritus,
1244 2695 1512 2766 totosque
1570 2693 1628 2747 et
1683 2684 1944 2763 integros
1975 2703 2107 2747 cum

467 2776 686 2848 anima,
722 2782 781 2838 et
810 2794 1058 2855 corpore
1088 2774 1211 2835 Deo
1243 2792 1310 2835 se
1339 2774 1555 2836 oﬂerre
1585 2783 1840 2854 oportet.
1876 2775 1954 2836 Et
1984 2793 2114 2836 cor-

469 2865 730 2945 poralem
764 2863 1004 2944 quidem
1066 2862 1549 2924 exercitationem
1609 2870 1851 2943 propter
1877 2865 2114 2926 virtutis

467 2953 704 3014 labores
732 2971 1060 3028 assumere,
1097 2960 1160 3013 ut
1186 2951 1424 3030 egregie
1484 2951 1746 3013 molestis
1781 2951 2110 3014 secundum

465 3041 655 3104 Deum
676 3059 1110 3116 assuescamus,
1133 3049 1187 3103 et
1209 3041 1469 3102 feramus
1487 3040 1742 3119 ingenue
1771 3043 2106 3104 amnritiem

461 3131 703 3211 jejunii,
737 3103 1146 3192 difﬁcultatem
1180 3103 1583 3206 continentiae:
1603 3103 2170 3194 necessitatemvi-C

465 3221 768 3300 giliarum,
805 3219 1143 3281 afﬁictionis
1173 3237 1349 3280 omne
1381 3237 1568 3297 genus
1603 3240 1616 3278 :
1668 3219 1885 3300 pietate
1913 3229 2111 3282 autem

466 3308 712 3389 spiritus
739 3309 979 3370 erudire
999 3308 1256 3370 animam
1280 3309 1352 3370 ad
1377 3308 1726 3388 sapiendum
1741 3318 2117 3389 quaaoportet

463 3417 697 3479 sapere,
727 3406 786 3459 et
843 3397 1244 3460 meditandam
1296 3416 1536 3478 semper
1590 3398 1767 3459 vitam
1801 3407 2108 3472 aeternam,

466 3506 598 3549 esse
629 3486 940 3567 humilem,
976 3487 1203 3561 mitem,
1257 3486 1601 3561 contritum,
1658 3495 2104 3566 compunctum,

464 3578 766 3655 lugentem
791 3575 1048 3651 assidue,
1076 3584 1133 3636 et
1154 3575 1347 3638 lucem
1372 3576 1612 3656 spiritus
1665 3595 1770 3657 per
1799 3595 2007 3657 preces
2038 3577 2109 3637 ad

464 3683 530 3727 se
562 3664 920 3737 elicientem,
952 3683 1082 3744 quae
1113 3675 1170 3726 et
1200 3665 1412 3726 adesse
1443 3665 1527 3726 illi
1563 3665 2110 3745 per,pmnitentiam

465 3753 960 3815 ferventissimam
993 3773 1380 3832 consuevere,
1443 3762 1703 3834 purgatae
1756 3773 1862 3834 per
1891 3756 2110 3817 uberes

467 3842 775 3922 lacrymas,
810 3843 939 3902 sine
971 3842 1188 3922 quibus
1218 3862 1326 3904 nec
1359 3844 1612 3904 tunicam
1647 3844 1776 3922 ejus
1808 3845 2103 3919 mundari,

467 3947 578 3989 nec
607 3929 668 3989 in
700 3927 954 3989 sublime
978 3929 1498 4010 contemplationis
1529 3948 1657 3991 eam
1691 3931 2019 3992 ascendere
2041 3930 2108 3990 li-

466 4026 579 4080 cet.
606 4021 755 4082 Nam
777 4026 841 4079 ut
861 4019 1274 4081 vestimentum
1299 4040 1331 4082 e
1352 4040 1519 4084 coeno
1546 4021 1846 4097 alicunde,
1872 4029 1931 4081 et
1953 4030 2107 4082 ster-

466 4106 714 4187 quilinio
747 4105 994 4168 nimium
1053 4119 1334 4188 quantum
1393 4109 1778 4190 defcedatum,
1815 4108 1927 4169 nisi
1958 4128 2107 4189 aqua

465 4193 670 4275 multa,
693 4202 752 4256 et
771 4194 980 4256 crebro
1022 4196 1274 4276 pedibus
1305 4196 1589 4259 calcatum
1625 4217 1742 4258 non
1770 4207 2052 4278 purgatur
2085 4221 2097 4257 :

465 4283 552 4346 sic
579 4292 641 4346 et
668 4283 882 4344 anima;
932 4285 1110 4345 vestis
1141 4304 1210 4346 ex
1243 4286 1386 4350 luto.
1449 4295 1512 4349 et
1569 4287 1939 4367 sterquilinio
1973 4305 2105 4366 pec-

463 4372 746 4433 catricum
779 4373 1158 4434 aﬂ'ectionum
1219 4382 1473 4456 turpata,
1537 4376 1652 4436 nisi
1713 4394 1818 4456 per
1847 4375 2103 4437 ubertim

2195 1877 2351 1953 alit;
2409 1897 2557 1959 quos
2615 1887 2888 1960 tempore
2944 1883 3294 1958 congruenti
3349 1903 3458 1946 ceu
3490 1877 3852 1949 frumentum

2196 1965 2379 2025 multo
2407 1984 2541 2026 cum
2565 1967 2792 2030 foenore
2821 1969 2893 2030 ad
2923 1987 2988 2030 se
3025 1969 3088 2030 in
3112 1970 3289 2032 vitam
3327 1971 3749 2050 immortalem,
3784 1995 3854 2038 ac

2194 2057 2619 2136 sempiternam
2653 2059 2801 2120 citra
2830 2059 3010 2120 ullam
3070 2060 3548 2142 absumptionem
3577 2065 3854 2128 nutrien-

2194 2142 2328 2204 dam
2360 2145 2554 2207 oﬂ‘ert.
2609 2144 2758 2234 Cum
2803 2146 3110 2228 hucusque
3166 2151 3363 2211 studio
3421 2170 3544 2213 suae
3573 2155 3856 2234 praeclare

2193 2235 2551 2312 pervenerit,
2607 2233 2728 2296 Deo
2778 2235 3108 2312 familiaris,
3144 2247 3203 2300 et
3232 2233 3597 2303 domicilium
3630 2243 3856 2306 habita-

2194 2321 2514 2411 culumque
2548 2338 2946 2387 sacrosancta
2978 2325 3284 2388 Trinitatis
3329 2330 3542 2405 evadit,
3576 2349 3726 2411 pure
3757 2336 3850 2395 in-

2194 2416 2367 2471 tuens
2397 2410 2585 2473 Deum
2616 2412 3035 2477 fabricatorem
3067 2432 3262 2492 suum,
3303 2425 3360 2478 et
3389 2436 3524 2479 cum
3557 2410 3684 2500 ipso
3714 2439 3851 2483 ver-

2193 2518 2330 2560 sans
2361 2502 2650 2580 quotidie,
2689 2523 2721 2564 e
2751 2523 3022 2586 corpore,
3085 2514 3141 2567 et
3199 2507 3443 2580 mundo,
3479 2517 3537 2570 et
3566 2528 3704 2573 aere
3735 2512 3848 2575 isto

2196 2587 2437 2669 excidit,
2473 2598 2534 2651 et
2563 2591 2904 2670 virtutibus,
2935 2602 3113 2675 atque
3168 2594 3277 2657 alis
3328 2597 3629 2661 charitatis
3659 2619 3693 2662 a
3722 2601 3848 2664 Deo

2197 2678 2507 2771 elevatain
2538 2681 2752 2771 cretum
2785 2686 3139 2763 ascendens,
3199 2704 3336 2748 cum
3367 2689 3645 2751 omnibus
3669 2691 3848 2771 justis

2194 2783 2228 2826 a
2257 2765 2562 2829 laboribus
2592 2769 2716 2831 suis
2764 2772 3108 2852 requiescit,
3170 2782 3227 2835 et
3282 2784 3373 2837 est
3419 2776 3481 2838 in
3513 2765 3742 2841 inﬁnito
3774 2799 3847 2843 ac

2197 2856 2395 2917 divino
2427 2857 2676 2934 lumine,
2731 2859 2834 2920 ubi
2891 2863 3290 2942 apostolorum
3351 2865 3592 2943 Christi,
3629 2878 3846 2948 marty-

2195 2962 2350 3022 rum,
2400 2953 2741 3009 sanctorum
2763 2956 2821 3010 et
2842 2950 3108 3011 omnium
3139 2969 3534 3032 supernarum
3563 2954 3842 3017 virtutum

2196 3035 2439 3096 ordines
2470 3054 2590 3098 una
2651 3038 2847 3100 choris
2904 3039 3238 3118 indulgent.
3295 3039 3466 3101 Hunc
3493 3043 3690 3122 itaque
3721 3051 3844 3106 sta-

2199 3130 2346 3198 tum,
2376 3125 2590 3187 fratres
2636 3125 2698 3187 in
2755 3126 3020 3204 Christo,
3079 3147 3188 3190 nos
3217 3147 3453 3210 quoque
3481 3132 3846 3212 complecta-

2196 3230 2333 3274 mur
2354 3232 2430 3275 ne
2452 3214 2675 3277 sanctis
2695 3215 2971 3278 Patribus
2995 3218 3214 3279 nostris
3258 3218 3576 3281 inferiores
3605 3221 3794 3283 simus
3826 3242 3840 3284 :

2195 3302 2301 3363 sed
2335 3310 2396 3363 ut
2424 3322 2532 3384 per
2561 3305 3046 3367 exercitationem
3092 3324 3296 3369 rerum
3340 3308 3749 3389 honestarum,
3789 3320 3849 3374 et

2196 3409 2307 3472 per
2333 3392 2737 3455 obedientiam
2789 3394 3008 3456 Christi
3064 3398 3502 3474 mandatorum,
3561 3398 3624 3460 in
3653 3399 3843 3462 virum

2196 3480 2518 3560 perfectum
2547 3483 2890 3565 evadamus,
2921 3485 2983 3546 in
3005 3504 3344 3548 mensuram
3369 3489 3554 3550 aetatis
3578 3489 3843 3569 plenitu-

2194 3569 2354 3630 dinis
2385 3571 2601 3633 Christi
2629 3573 2683 3632 '5.
2715 3571 2875 3634 Nihil
2905 3574 3066 3636 enim
3101 3574 3405 3656 prohibet,
3463 3577 3514 3638 si
3562 3578 3842 3643 velimus.

2195 3656 2294 3720 Sic
2312 3669 2368 3720 et
2387 3659 2573 3722 Deum
2615 3661 2788 3722 nobis
2821 3662 2967 3743 ipsis
3008 3663 3495 3742 gloriﬁcabimus,
3530 3674 3588 3727 et
3615 3667 3774 3729 Deus
3805 3686 3839 3729 a

2193 3747 2366 3809 nobis
2417 3747 2618 3810 laetitia
2639 3749 2959 3831 afﬁcietur,
2989 3760 3045 3812 et
3066 3770 3135 3812 ex
3158 3752 3272 3814 hac
3293 3753 3408 3814 vita
3439 3754 3843 3833 demigrantes

2192 3855 2328 3898 eum
2349 3837 2747 3914 inveniemus,
2771 3843 2871 3920 qui
2893 3858 3002 3901 nos
3022 3848 3086 3900 ut
3107 3859 3352 3920 magnus
3393 3841 3647 3905 Abrahae
3675 3845 3843 3906 sinus

2193 3925 2252 3987 in
2307 3945 2490 4005 regno
2523 3927 2811 3989 caalorum
2862 3928 3140 4010 excipiat,
3201 3937 3260 3990 et
3292 3929 3510 3994 foveat.
3543 3933 3618 3994 Et
3651 3934 3751 4013 qui
3780 3933 3842 3994 in

2193 4015 2392 4076 medio
2426 4016 2706 4091 tumultu,
2733 4024 2790 4077 et
2811 4018 3087 4098 strepitu,
3125 4025 3186 4079 et
3213 4021 3312 4099 qui
3348 4019 3412 4080 in
3442 4020 3753 4098 cmnobiis,
3787 4028 3845 4082 et

2193 4103 2293 4183 qui
2323 4102 2384 4164 in
2418 4103 2744 4180 montibus,
2778 4123 2846 4166 ac
2904 4106 3207 4185 speluncis
3236 4120 3398 4189 sunt,
3435 4109 3842 4191 mandatisque

2189 4191 2408 4254 Christi
2437 4192 2862 4256 convenienter
2888 4194 3113 4271 vivunt,
3167 4196 3492 4279 salvantur,
3525 4206 3584 4260 et
3612 4200 3842 4279 magnis

2186 4279 2353 4342 aDeo
2376 4281 2550 4342 donis
2569 4281 2906 4360 dignantur:
2929 4282 3308 4347 Voluntatem
3319 4287 3479 4348 enim
3493 4289 3841 4350 timentium

2187 4387 2252 4432 se
2274 4371 2481 4451 faciet,
2517 4377 2576 4432 et
2634 4373 3119 4451 deprecationem
3173 4391 3384 4437 eorum
3441 4377 3746 4457 exaudiet,
3781 4386 3840 4440 et

460 4462 712 4524 ﬂuentes
742 4462 1060 4541 lacrymas,
1094 4463 1627 4545 tentationumque,
1687 4475 1746 4527 et
1780 4459 2447 4526 tribulatio-Dsalvabit
2473 4460 2630 4522 e034.
2664 4459 2777 4522 Ubi
2801 4463 2998 4536 timor,
3019 4461 3099 4523 ait
3121 4461 3355 4524 divinus
3376 4462 3718 4546 Gregorius,
3753 4465 3838 4528 ibi

463 4569 607 4611 num
638 4550 1008 4612 tolerantiam
1060 4571 1094 4612 a
1142 4553 1418 4614 sordibus
1462 4573 1580 4614 non
1640 4554 1921 4617 abluitur.
1954 4556 2102 4617 Nam

463 4657 599 4700 cum
631 4659 663 4699 a
696 4640 964 4719 corporis
993 4641 1180 4702 nostri
1227 4641 1554 4703 substantia
1601 4643 1945 4704 naturaliter
1975 4647 2106 4704 duae

460 4729 750 4790 ﬂuxiones
787 4729 1088 4809 exsistant,
1119 4749 1237 4791 una
1269 4732 1539 4812 superior
1569 4732 1976 4812 lacrymarum,
2012 4732 2101 4792 al-

460 4824 588 4878 tera
617 4817 887 4898 inferior,
921 4835 955 4878 a
998 4818 1270 4880 facultate
1298 4819 1536 4898 genitali
1573 4841 1585 4880 :
1621 4829 1678 4882 et
1706 4823 1831 4882 haec
1861 4821 2106 4901 quidem

457 4905 508 4967 si
540 4913 746 4969 contra
775 4925 952 4987 quam
983 4917 1220 4989 natura,
1255 4917 1312 4971 et
1368 4909 1599 4988 legibus
1627 4909 1958 4972 institutum
1991 4919 2102 4984 est,

459 4994 581 5071 ﬁat,
613 4995 870 5055 animam
904 4996 1268 5059 contaminet
1299 5015 1320 5075 ;
1377 4996 1478 5058 illa
1529 4998 1580 5058 si
1636 5017 1706 5060 ex
1737 4999 2105 5078 pmnitudine

458 5083 763 5163 procedat,
798 5085 1069 5146 eamdem
1107 5094 1337 5167 purget,
1373 5105 1474 5147 eos
1519 5087 1622 5167 qui
1655 5087 2012 5168 turbulenta,
2048 5097 2107 5149 et

454 5189 589 5233 cum
623 5179 865 5252 peccato
898 5174 1218 5253 conjuncta
1250 5174 1448 5237 cordis
1477 5177 1768 5252 motione,
1802 5176 2101 5256 cupidita-

459 5265 585 5322 tum
603 5279 635 5320 a
659 5259 889 5322 ratione
907 5262 1234 5325 alienarum
1252 5263 1475 5326 formas
1497 5264 1610 5325 sibi
1635 5266 2098 5346 insculpserunt,

458 5355 516 5408 et
573 5349 655 5410 ita
711 5349 968 5411 animam
1026 5350 1436 5431 inquinarunt,
1491 5353 1764 5433 plurimis
1820 5355 2104 5433 lacrymis

458 5435 758 5512 mundari,
777 5437 1153 5521 tunicamque
1168 5440 1385 5502 animae
1402 5441 1780 5522 purissimam
1794 5442 2103 5522 acquirere

459 5531 710 5604 oportet.
751 5526 986 5608 Alioqui
1002 5528 1213 5591 videre
1238 5530 1450 5602 Deum,
1475 5529 1670 5611 ipsum
1697 5531 1919 5609 lumen,
1945 5533 2102 5612 quod

539 5697 561 5740 ¹
594 5697 728 5760 Act.
759 5715 820 5776 v,
851 5700 881 5761 1
914 5717 1082 5782 seqq.

2187 4547 2603 4608 mandatorum
2621 4549 2922 4626 custodia;
2951 4548 3055 4610 ubi
3076 4551 3516 4626 mandatorum,
3541 4553 3834 4632 custodia,

2186 4634 2266 4696 ibi
2292 4636 2455 4698 canis
2475 4637 2769 4716 purgatio;
2793 4657 3007 4718 nempe
3026 4639 3202 4701 nubis
3232 4639 3680 4703 obtenebrantis
3701 4644 3834 4705 ani-

2189 4742 2373 4801 mam,
2406 4743 2518 4787 nec
2547 4725 2796 4787 sinentis
2827 4727 3092 4789 divinum
3124 4727 3357 4791 radium
3386 4730 3550 4792 clare
3580 4731 3835 4798 intueri.

2189 4815 2302 4876 Ubi
2335 4815 2630 4894 purgatio,
2665 4815 2748 4876 ibi
2807 4816 3187 4881 illuminatio.
3247 4819 3608 4883 llluminatio
3638 4829 3836 4886 autem

2189 4902 2476 4965 desiderii
2498 4903 2763 4985 impletio
2790 4905 2904 4987 his,
2927 4908 3028 4987 qui
3057 4909 3330 4984 maxima,
3363 4917 3463 4971 aut
3485 4911 3833 4988 maximum,

2188 4999 2287 5052 aut
2319 4993 2631 5073 plusquam
2663 5011 2945 5073 magnum
2975 5006 3279 5077 appetunt.
3311 4999 3515 5079 Itaque
3545 5019 3679 5062 cum
3710 5001 3836 5063 haec

2189 5080 2357 5157 dixit,
2386 5081 2566 5144 ﬁnem
2589 5101 2708 5144 non
2728 5084 2906 5146 ﬁnem
2950 5107 3084 5150 esse
3118 5086 3314 5148 omnis
3352 5088 3567 5150 animae
3605 5088 3834 5151 illumi-

2187 5170 2491 5260 nationem
2508 5172 2764 5252 Spiritus
2785 5175 3160 5254 signiﬁcavit,
3186 5194 3364 5257 quam
3388 5177 3641 5258 adeptus
3673 5181 3831 5260 quis,

2186 5261 2366 5320 ﬁnem
2398 5259 2662 5339 quidem,
2700 5269 2758 5324 et
2787 5273 3117 5328 extremum
3159 5265 3533 5328 sensibilium
3567 5259 3832 5332 omnium

2186 5349 2662 5440 comprehendit,
2696 5352 3054 5435 principium
3087 5362 3284 5418 autem
3317 5355 3676 5434 cognitionis
3705 5359 3835 5440 spi-

2185 5437 2485 5499 ritualium
2507 5437 2753 5502 invenit.
2774 5442 3174 5514 Quamobrem
3197 5443 3282 5506 uti
3319 5463 3560 5507 cursum
3592 5437 3836 5512 manda-

2186 5538 2380 5592 torum
2411 5527 2631 5592 Christi
2657 5531 2954 5611 patienter
2983 5533 3311 5598 laborando
3337 5535 3588 5598 curratis
3617 5555 3746 5613 oro,
3781 5546 3841 5602 et

1169 5701 1196 5744 ²
1221 5702 1426 5769 Matth.
1459 5720 1520 5784 v,
1553 5705 1612 5768 8.
1695 5705 1728 5755 '5
1755 5703 1977 5786 Ephes.
2006 5723 2088 5787 1v,
2118 5705 2221 5771 t3.
2305 5705 2337 5755 4
2364 5703 2517 5768 Psal.
2551 5721 2742 5787 cxuv,
2776 5710 2873 5773 t9.
2908 5732 2911 5733 ν
