4160 6426
327 327 443 391 461
1733 324 2019 390 ORATIO
2061 322 2345 391 XXVIII.
3612 338 3728 407 462

326 459 517 521 facies
546 466 756 522 vestrze
785 475 906 519 non
957 457 1438 522 confundantur:
1490 458 1598 548 sed
1637 459 1792 520 sicut
1821 456 2428 548 cuilE-ainvocabant
2486 474 2580 548 me
2646 475 2904 539 semper.
2997 461 3190 542 Mane,
3273 465 3463 546 inquit
3515 469 3721 548 David,

323 550 427 609 bet
450 548 772 630 patienter,
800 555 1264 625 constanterque
1309 547 1568 629 pulsanti
1596 559 1797 628 portas
1827 551 1999 625 regni
2081 547 2343 610 Emaudi
2371 564 2464 608 me
2491 547 2569 607 ίο.
2602 548 2787 613 Mane
2815 551 3020 611 astabo
3075 553 3186 614 tibi
3227 561 3282 615 et
3308 557 3519 620 videbo
3549 561 3623 620 11.
3658 547 3729 623 Et

323 639 419 699 sui
449 638 667 718 aperit,
695 645 754 699 et
775 637 878 700 dat
902 637 1128 718 petenti
1156 637 1442 718 Spiritum
1476 645 1728 712 rectum,
1767 645 1824 698 et
1853 654 1994 699 san-
2079 637 2256 697 alius.
2282 635 3728 722 Tuncerumpetquasimanelumentuum,etsa-

324 727 684 796 ctissimum,
716 745 829 789 nec
850 727 980 788 ﬁeri
1005 735 1216 807 potest,
1263 735 1326 787 ut
1353 734 1475 790 tota
1497 727 1695 788 anima
1724 744 1995 806 quarens
2078 730 2240 789 nitas
2269 736 2372 788 tua
2407 728 2585 789 citius
2617 728 2850 789 orietur
2870 728 2942 803 ιε,
3004 731 3238 809 quando
3272 742 3329 795 et
3363 745 3419 796 tu
3453 739 3725 804 videlicet

333 835 456 878 non
485 816 772 896 inveniat,
810 824 868 877 et
925 815 1178 877 ditescat
1232 815 1453 876 divitiis
1484 816 1777 877 donorum
1811 816 1939 894 ejus
1975 836 1988 876 τ
2080 817 2353 877 mandata
2387 834 2517 878 mea
2547 815 2960 880 custodiveris.
2995 817 3064 878 Et
3093 820 3234 898 quid
3285 824 3491 888 attinet
3523 831 3721 892 omnia

318 906 412 967 sic
435 916 494 966 et
521 903 706 966 nosin
737 903 912 965 bonis
941 904 1070 983 ejus
1101 902 1527 978 ineﬁ‘abilibus,
1562 921 1718 963 nunc
1750 902 1990 982 quidem
2076 922 2454 983 percensere,
2491 924 2619 986 qum
2673 904 2828 967 Deus
2887 907 3088 968 salutis
3147 921 3360 973 nostra}
3412 917 3620 980 sitiens
3649 921 3723 982 ad

319 1012 396 1084 ex
413 1002 602 1074 parte,
631 991 1684 1084 cuminintelligentia,etcognitione
1700 997 1989 1071 praestan-
2076 1011 2186 1054 nos
2205 994 2477 1084 loquitur
2503 993 2678 1084 ﬁtnisi
2709 994 2976 1068 omnino,
3014 1005 3075 1056 ut
3118 1017 3220 1076 per
3263 1003 3463 1064 omnia
3495 1025 3719 1084 cogno—

322 1083 549 1143 tiorum
580 1101 596 1156 ;
630 1082 691 1143 in
725 1082 923 1144 futuro
953 1090 1154 1174 autem
1213 1081 1438 1174 saeculo
1471 1080 1734 1174 perfecte
1765 1088 1821 1140 et
1851 1099 1986 1141 con-
2072 1083 2250 1144 scatis
2300 1090 2359 1144 et
2414 1083 2696 1157 credatis,
2758 1085 3035 1146 sedentes
3087 1086 3145 1147 in
3212 1090 3472 1152 tenebris
3525 1080 3720 1174 magni

321 1181 621 1264 summate
652 1191 790 1264 cum
845 1170 1087 1264 sanctis
1129 1170 1411 1264 omnibus
1467 1169 1717 1264 delicias
1755 1178 1986 1264 nostras
2069 1173 2308 1264 luminis
2330 1173 2651 1264 _fulgorem
2688 1172 2913 1264 _videre_
2953 1183 3251 1254 oportere,
3315 1179 3365 1238 si
3397 1169 3718 1264 quidquam

324 1261 680 1353 habeamus.
713 1260 958 1353 }Eterna
989 1259 1210 1340 quippe
1241 1258 1395 1353 bona
1428 1278 1460 1320 a
1508 1259 1632 1353 Deo
1666 1259 1895 1353 electis,
1930 1266 1988 1353 et
2070 1261 2291 1353 vident.
2327 1261 2398 1353 Et
2429 1281 2502 1353 ne
2534 1261 2632 1353 qui
2668 1261 2742 1353 de
2783 1261 2950 1322 vobis
3002 1265 3282 1341 cogitent,
3315 1258 3720 1353 fulsisse—qui-

328 1349 633 1410 salvandis
663 1348 874 1438 partim
899 1348 1023 1427 jam
1058 1366 1215 1408 nunc
1274 1346 1522 1438 pignora
1569 1348 1805 1438 dantur,
1840 1345 1983 1438 ipsis
2065 1349 2224 1425 dem,
2247 1349 2347 1410 sed
2372 1348 2471 1430 qui
2494 1350 2763 1438 adhucin
2782 1368 3032 1429 corpore
3051 1360 3189 1411 sunt
3211 1345 3715 1438 homines,ip§um

327 1437 650 1519 proposita,
683 1437 974 1516 revelata,
1037 1437 1410 1531 apparentia,
1475 1444 1533 1497 et
1569 1437 1732 1531 _visa,
1769 1433 1977 1517 partim
2064 1438 2266 1531 videre
2299 1458 2412 1531 non
2447 1458 2646 1531 posse,
2675 1437 2738 1531 _Si
2771 1439 2930 1531 enim
2984 1441 3096 1501 hoc
3149 1443 3278 1502 ﬁeri
3314 1464 3428 1506 non
3462 1433 3714 1531 poterat,

321 1535 462 1608 post
493 1535 766 1601 mortem,
803 1535 860 1587 et
889 1525 1394 1586 resurrectionem
1426 1525 1800 1602 contingunt.
2064 1527 2204 1606 quid
2238 1527 2411 1600 luxit,
2445 1538 2500 1588 et
2533 1528 2692 1589 lucid
2743 1529 2958 1604 adhuc,
3014 1548 3144 1590 cum
3210 1531 3281 1592 ab
3316 1534 3403 1594 eis
3436 1525 3554 1598 non
3581 1525 3717 1601 cer-1

409 1615 632 1708 Discite
660 1615 857 1694 igitur,
892 1614 1096 1676 dilecti
1145 1614 1397 1708 fratres,
1438 1615 1779 1676 thesaurum
1811 1614 1979 1675 inex-
2062 1625 2237 1678 natur
2267 1618 2296 1676 ?
2350 1617 2474 1678 Imo
2533 1636 2673 1679 vero
2707 1618 2906 1678 lumen
2939 1637 3177 1698 semper
3207 1630 3354 1698 erat,
3391 1633 3447 1684 et
3477 1645 3716 1708 semper

319 1704 690 1786 plicabilem,
725 1722 905 1785 super
934 1722 1172 1764 omnem
1204 1703 1604 1783 principatum
1639 1710 1696 1765 et
1727 1711 1977 1783 potesta-
2056 1709 2230 1780 luxit,
2268 1712 2325 1767 et
2359 1705 2513 1766 lucet
2548 1705 2609 1765 in
2660 1707 2753 1767 his
2803 1707 2903 1786 qui
2963 1709 3188 1786 purgati
3248 1721 3404 1787 sunt,
3442 1723 3498 1774 et
3531 1703 3716 1782 inte-

323 1803 477 1866 tem,
511 1794 685 1873 cujus
741 1792 1146 1854 haereditatem
1200 1791 1351 1872 justi
1407 1791 1621 1852 adituri
1666 1800 1826 1866 sunt,
1857 1811 1975 1854 non
2010 1831 2048 1879 Β
2072 1794 2276 1856 nebris
2298 1793 2638 1874 apparebat,
2666 1800 2724 1854 et
2746 1794 3006 1855 tenebrae
3026 1795 3084 1855 id
3120 1805 3720 1880 noncomprehende-

327 1888 394 1945 in
425 1883 627 1944 futuro
657 1883 873 1944 seaculo
925 1882 1226 1952 duntaxat,
1262 1881 1366 1941 sed
1392 1881 1514 1960 jam
1548 1880 1984 1960 quodammodo

320 1981 468 2034 ante
499 1972 730 2047 oculos,
787 1981 842 2033 et
873 1989 1106 2043 manus,
1145 1979 1203 2030 et
1233 1969 1418 2050 pedes
1448 1979 1678 2032 nostros
1711 1971 1984 2050 proposi-

320 2071 451 2123 tum
476 2080 648 2138 esse;
679 2081 854 2142 quem
881 2079 988 2122 nos
1011 2061 1224 2121 animae
1247 2059 1456 2120 oculos
1481 2078 1600 2140 [ιι-αξ
1632 2060 1984 2136 ignorantia,

323 2150 706 2226 inﬁdelitate,
741 2169 922 2212 sensu
953 2148 1493 2230 perturbationum,
1530 2149 1700 2229 quasi
1731 2149 1988 2229 quadam

322 2245 586 2324 caligine
616 2243 816 2316 oﬁ‘usi,
851 2251 910 2304 et
945 2241 1171 2312 caecati,
1207 2259 1324 2302 non
1375 2241 1649 2303 videmus
1684 2260 1697 2304 :
1752 2241 1989 2320 Venite,

321 2334 558 2396 credite
617 2334 963 2394 thesaurum
1022 2331 1225 2411 istum,
1283 2349 1458 2411 quem
1509 2331 1677 2394 vobis
1709 2332 1990 2413 prwdico,

321 2427 534 2485 lumen
563 2421 772 2483 mundi
797 2439 928 2483 esse
959 2441 972 2480 :
996 2420 1128 2501 Ego
1157 2437 1293 2481 sum
1326 2423 1688 2483 resurrectio
1711 2427 1769 2484 et
1796 2423 1988 2484 vita5.

321 2515 449 2594 Ego
484 2533 613 2577 sum
637 2531 906 2596 granum
931 2515 1163 2593 sinapis
1183 2511 1236 2585 6,
1270 2510 1426 2592 quod
1463 2513 1520 2572 in
1551 2519 1709 2574 terra
1737 2511 1983 2575 abscon-

322 2605 513 2668 ditur.
543 2604 664 2682 Ego
687 2622 816 2665 sum
847 2603 1193 2681 margarita
1217 2602 1269 2682 7,
1305 2619 1436 2681 quae
1466 2620 1497 2661 a
1529 2601 1807 2663 ﬁdelibus
1837 2603 1987 2664 emi-

323 2703 446 2756 tur.
482 2693 604 2772 Ego
633 2711 765 2754 sum
795 2708 1058 2770 regnum
1087 2689 1372 2753 caelorum
1388 2690 1441 2762 8,
1506 2690 1664 2771 quod
1702 2690 1858 2753 intra
1885 2711 1986 2755 vos

317 2785 487 2847 latet.
520 2783 596 2845 Et
646 2779 1150 2862 quemadmodum
1207 2795 1424 2840 cernor
1477 2779 1549 2840 ab
1606 2778 1700 2840 his
1757 2781 1858 2860 qui
1891 2800 1986 2844 me

319 2894 483 2936 nunc
538 2872 926 2954 qumsierunt,
987 2877 1047 2931 et
1103 2868 1488 2930 invenirunt'.
1571 2867 1657 2930 sic
1712 2868 1974 2950 fulgebo,

2074 1882 2212 1944 bant
2239 1885 2317 1946 45.
2351 1887 2423 1946 Et
2453 1904 2610 1946 nunc
2665 1884 2838 1955 lucet,
2898 1893 2954 1945 et
3017 1887 3276 1949 tenebrae
3308 1890 3364 1949 id
3401 1912 3515 1954 non
3549 1915 3717 1959 com-

2075 1973 2477 2064 prehendunt,
2511 1973 2634 2034 sive
2664 1993 2782 2064 non
2819 1982 3080 2064 tangunt.
3121 1975 3287 2046 Quod
3320 1990 3515 2042 autem
3548 1986 3714 2064 dixit,

2075 2060 2212 2154 quia
2235 2068 2424 2154 ortum
2450 2067 2539 2154 est
2556 2061 2772 2154 populo
2795 2062 3035 2154 sedenti
3053 2072 3110 2122 tn
3143 2065 3407 2154 tenebris
3429 2069 3506 2146 14,
3528 2073 3584 2134 id
3607 2060 3715 2154 est,

2075 2150 2249 2210 modo
2283 2148 2576 2229 placuisse
2609 2149 2858 2210 revelari
2889 2150 2963 2210 iis
3020 2151 3078 2211 in
3131 2151 3346 2231 quibus
3376 2167 3432 2217 et
3459 2148 3718 2224 manile;

2077 2245 2316 2300 stratur.
2341 2238 2456 2299 Alii
2481 2238 2640 2299 enim
2664 2238 2725 2298 in
2767 2239 3029 2300 tenebris
3061 2252 3384 2319 versantes,
3419 2246 3566 2310 illud
3600 2270 3719 2314 non

2079 2327 2613 2417 comprehendunt.
2676 2326 2954 2417 Invisibis
3013 2329 3195 2404 enim,
3279 2340 3418 2396 tunc
3478 2339 3719 2417 quidem

2079 2433 2184 2495 per
2213 2434 2424 2495 corpus
2446 2416 2603 2478 visus
2627 2424 2716 2477 est
2737 2416 3037 2490 omnibus,
3062 2419 3164 2497 qui
3193 2416 3550 2499 aspexerunt
3581 2447 3717 2492 eum

2069 2504 2450 2568 credentibus
2487 2514 2542 2567 et
2569 2525 2685 2566 non
2717 2506 3120 2569 credentibus.
3155 2508 3341 2570 Etiam
3398 2513 3720 2580 divinitatis

2068 2593 2196 2672 ejus
2228 2594 2428 2656 lumen
2461 2598 2783 2673 cognitum.
2827 2605 2883 2656 et
2938 2597 3258 2657 revelatum
3314 2609 3402 2660 est
3431 2603 3572 2664 solis
3604 2607 3722 2669 illis

2072 2701 2176 2772 per
2206 2702 2386 2762 opera
2417 2683 2710 2760 ﬁdelibus,
2744 2684 2844 2764 qui
2878 2692 2933 2744 et
2962 2686 3240 2748 dicebant
3273 2690 3326 2750 ei
3354 2713 3367 2749 :
3401 2693 3553 2756 Ecce
3582 2715 3712 2772 nos,

2067 2770 2347 2848 Domine,
2385 2773 2744 2854 reliquimus
2779 2779 3006 2849 omnia,
3033 2780 3292 2839 ctarmti
3319 2797 3524 2843 sumus
3555 2793 3608 2845 te
3636 2770 3714 2847 ‘5.

2066 2857 2231 2953 Quod
2264 2861 2366 2937 ait,
2393 2866 2624 2939 omnia,
2663 2881 2734 2924 ea
2765 2881 2918 2953 voce
2941 2866 3245 2943 pecunias,
3284 2874 3716 2953 possessiones,

318 2965 462 3041 illis,
519 2950 580 3025 ei
628 2980 814 3043 super
871 2976 1080 3021 omnes
1137 2959 1318 3020 melos
1373 2957 1666 3022 residens,
1699 2958 1822 3036 Ego
1875 2961 1977 3042 qui
2059 2950 2408 3043 voluntates,
2445 2958 2848 3032 contemptum
2910 2952 3082 3032 hujus
3113 2956 3241 3034 vjtaa
3297 2967 3352 3018 et
3403 2950 3716 3028 abomina¥

322 3054 501 3117 etiam
535 3051 638 3115 hic
670 3041 886 3113 natura
933 3069 967 3111 a
1022 3048 1188 3110 vobis
1246 3068 1363 3109 non
1425 3047 1648 3129 capior,
1683 3056 1741 3111 et
1770 3041 2043 3119 inviSi-c
2073 3041 2291 3100 tionem
2327 3041 2751 3129 ejus,_proptcr
2780 3051 3014 3120 gustum
3047 3043 3433 3110 subsistensis
3463 3051 3521 3111 in
3547 3054 3719 3118 nobis

321 3143 459 3205 bilis
505 3141 737 3217 videor,
803 3157 927 3201 non
972 3146 1230 3221 quantus
1289 3157 1418 3199 sum
1481 3127 1575 3197 me
1634 3127 1983 3220 ostendens,
2073 3137 2415 3221 etaeternaa,
2453 3127 2611 3192 illius
2664 3132 2793 3191 vitae
2851 3136 3192 3212 complexus
3252 3145 3362 3198 est.
3396 3142 3522 3202 Hoc
3555 3147 3713 3207 enim

327 3250 658 3314 quanquam
686 3237 844 3291 totus
870 3219 1079 3290 maneo
1108 3226 1208 3308 qui
1242 3246 1396 3302 sum,
1426 3227 1565 3288 dum
1602 3227 1844 3305 videor;
1880 3219 1984 3294 sed
2071 3219 2242 3314 plane
2261 3219 2492 3314 dulcius
2515 3227 2622 3314 est,
2649 3226 2705 3280 rt
2726 3224 3208 3314 anteponendum
3234 3227 3533 3305 omnibus,
3560 3235 3716 3313 quod

331 3308 614 3402 quantum
645 3338 741 3381 me
794 3317 1122 3380 videntium
1174 3325 1407 3397 natura,
1475 3324 1533 3376 et
1585 3316 1770 3379 virtus
1802 3321 1979 3402 capit.
2069 3309 2500 3402 CSHPSGADSBUS
2557 3308 2715 3383 Ηίὲεν
2758 3311 2989 3402 fratres
3042 3313 3180 3386 mei.
3213 3325 3350 3376 sunt
3383 3308 3714 3384 Deiadmi-

329 3399 459 3488 Ego
520 3427 645 3468 sum
696 3411 1060 3487 fermentum
1108 3405 1165 3482 9³
1227 3404 1383 3486 quod
1443 3414 1752 3485 acceptum
1787 3399 1984 3471 anima
2067 3399 2299 3490 rabilza.
2332 3399 2725 3490 Misereamur
2754 3399 2949 3478 itaque
2980 3403 3166 3462 nostri
3199 3403 3464 3484 ipsorum
3491 3429 3714 3490 quaeso,

333 3487 500 3560 misit
531 3497 592 3558 in
647 3503 761 3559 tres
817 3504 1019 3577 partes
1077 3513 1241 3568 suos,
1299 3501 1356 3554 et
1409 3493 1802 3556 fermentatur
1830 3497 1980 3578 ipsa,
2069 3487 2331 3579 9lhuju§
2353 3489 2484 3579 vita;
2507 3488 2825 3579 participes
2866 3489 2992 3549 ﬁeri
3035 3487 3594 3579 elaboremus,quze
3625 3487 3715 3564 est

330 3596 392 3652 et
426 3595 543 3649 tota
573 3586 713 3647 mihi
743 3576 957 3647 similis
991 3584 1269 3646 efﬁcitur.
1304 3583 1493 3655 Quale
1526 3582 1684 3644 enim
1721 3576 1986 3649 fermen-
2067 3576 2427 3669 Ιυτηθξὶίθθί,
2464 3577 2615 3669 ἱρεθ-
2645 3577 2901 3657 Spirilus
2956 3588 3215 3662 sanctus,
3270 3585 3359 3644 sui
3393 3576 3714 3669 participes

329 3686 476 3753 tum,
516 3675 648 3736 talis
677 3675 741 3736 ﬁt
771 3675 946 3736 etiam
1011 3673 1225 3746 farina,
1284 3689 1412 3752 qum
1470 3671 1610 3734 huic
1640 3691 1774 3733 cum
1807 3693 1979 3756 aqua,

328 3775 387 3830 et
413 3765 534 3830 sale
566 3764 872 3827 miscetur.
937 3763 1050 3836 Qui
1101 3761 1286 3834 enim,
1349 3760 1563 3840 inquit,
1598 3780 1834 3824 mecum
1870 3775 1980 3841 est,

330 3854 737 3918 connaturalis
767 3852 944 3914 Pater
972 3870 1164 3926 meus,
1199 3859 1254 3910 et
1305 3849 1436 3928 ejus
1471 3847 1752 3928 Spiritus,
1781 3851 1985 3915 idonei

322 3953 535 4008 natura
592 3950 757 4018 sunt,
818 3949 885 4004 ut
941 3959 1048 4023 pro
1124 3957 1296 4020 aqua,
1365 3945 1424 3999 et
1479 3938 1603 3999 sale
1662 3940 1804 4004 sint.
1860 3936 1984 4022 Ego

319 4054 428 4116 pro
460 4033 735 4096 sensibili
792 4030 1191 4110 intelligibilis
1249 4027 1561 4111 paradisus
1619 4030 1805 4091 servis
1833 4031 1984 4094 meis

315 4125 510 4187 factus
542 4142 698 4198 sum,
750 4122 810 4183 in
871 4140 987 4204 quo
1048 4119 1273 4183 colloco
1331 4136 1541 4180 omnes
1569 4118 1885 4183 credentes
1915 4121 1977 4184 in

318 4231 448 4295 me,
480 4219 541 4274 et
569 4219 954 4290 regeneratos
980 4228 1089 4292 per
1111 4206 1435 4290 Spiritum:
1466 4206 1566 4288 qui
1591 4226 1840 4288 peccare
1860 4227 1984 4273 am-

321 4300 482 4382 plius
511 4318 634 4361 non
681 4307 978 4381 possunt;
1034 4316 1147 4360 nec
1204 4296 1485 4378 princeps
1534 4296 1712 4376 hujus
1773 4299 1978 4360 mundi

322 4389 648 4470 quidquam
677 4389 992 4451 adversum
1046 4386 1184 4449 illos
1231 4385 1404 4448 valet.
1466 4386 1600 4465 Ego
1655 4386 1816 4447 enim
1846 4406 1976 4448 sum

319 4477 383 4539 in
414 4478 557 4556 illis,
593 4485 653 4540 et
683 4477 798 4559 ipsi
828 4479 889 4539 in
923 4495 1042 4552 me,
1107 4483 1164 4538 et
1217 4475 1462 4536 vincunt
1491 4474 1809 4550 mundum,
1843 4477 1982 4556 quia

322 4573 488 4629 extra
518 4565 803 4628 mundum
832 4573 992 4643 sunt,
1040 4583 1256 4646 meque
1278 4563 1672 4626 fortissimum
1705 4565 1974 4626 omnium

320 4675 530 4719 secum
560 4655 805 4720 habent.
854 4655 981 4734 Ego
1009 4673 1141 4718 sum
1175 4655 1304 4717 fons
1336 4653 1574 4716 lucidus
1617 4653 1978 4717 immortalis

321 4746 530 4810 ﬂuenti
559 4764 629 4808 ac
657 4745 842 4820 ﬂuvii,
899 4746 960 4808 in
1011 4764 1129 4827 quo
1189 4763 1309 4805 non
1367 4750 1495 4825 post
1556 4749 1831 4817 mortem,
1871 4743 1978 4806 sed

316 4836 380 4898 in
413 4835 612 4917 horas,
652 4835 754 4916 qui
787 4854 884 4897 me
943 4841 1067 4896 toto
1118 4841 1362 4914 pectore
1421 4832 1700 4912 diligunt,
1730 4851 1878 4912 aqua
1910 4851 1977 4895 ex

321 4943 417 4986 me
444 4924 746 4986 deﬂuente
774 4925 1068 5002 lavantur,
1133 4941 1470 5004 corpusque
1516 4929 1574 4982 et
1617 4921 1873 4982 animam
1905 4921 1978 4983 ab

320 5033 391 5077 ea
421 5014 551 5077 labe
611 5023 886 5096 purgant,
946 5023 1005 5076 et
1066 5014 1170 5075 toti
1228 5014 1418 5073 instar
1479 5011 1792 5091 lampadis,
1829 5011 1978 5074 etin

320 5103 580 5185 speciem
600 5103 792 5167 radiis
818 5103 962 5166 solis
984 5102 1227 5164 micant.
1253 5100 1379 5180 Ego
1405 5119 1534 5162 sum
1556 5097 1658 5180 qui
1680 5098 1740 5160 in
1773 5100 1974 5176 horas,

320 5202 383 5257 ut
412 5213 614 5274 mane,
647 5194 712 5256 in
742 5193 837 5255 his
866 5192 1127 5269 exorior,
1189 5199 1250 5254 et
1304 5189 1510 5252 videor
1539 5188 1628 5250 sol
1659 5207 1768 5270 per
1796 5189 1976 5250 intel-

315 5283 530 5348 lectum
562 5309 578 5360 ;
621 5284 781 5349 sicut
812 5283 954 5346 olim
987 5301 1221 5364 quoque
1279 5282 1338 5343 in
1377 5277 1686 5361 prophetis
1718 5279 1974 5343 manife-

311 5375 534 5442 stabam
570 5374 907 5456 meipsum,
944 5371 1179 5454 ipsique
1232 5371 1508 5434 videntes
1536 5365 1881 5450 laudabant,
1918 5375 1978 5431 et

367 5556 403 5608 5
427 5555 619 5616 Joan.
659 5560 753 5622 x1,
780 5541 894 5622 25.
973 5541 1006 5592 ϐ
1033 5541 1238 5622 Matth.
1272 5555 1441 5622 milli,
1477 5537 1578 5601 31.
1665 5534 1871 5622 71bid._

282 5639 328 5686 ¹¹
358 5635 528 5703 Ibid.
567 5633 636 5695 5.

1975 5592 1990 5606 .
2075 5543 2108 5593 8
2134 5540 2277 5603 Luc.
2311 5555 2456 5612 xvn,
2480 5537 2579 5599 20.

736 5616 798 5667 '19
822 5620 936 5687 Isa.
969 5638 1132 5704 mn,
1163 5621 1223 5683 8.
1311 5619 1563 5683 151mm.
1597 5633 1640 5700 ι,
1672 5620 1733 5680 5.
1821 5616 1882 5669 η
1911 5641 1981 5704 ιςε

2069 5638 2140 5701 lx,
2177 5621 2238 5684 2.
2325 5620 2386 5668 15
2412 5619 2617 5681 Matth.
2651 5635 2771 5681 nx.
2805 5618 2904 5680 27.

2067 3667 2462 3735 εειηοῑίῦείιηε,
2500 3676 2556 3728 et
2585 3667 2732 3728 deos
2755 3687 2860 3747 per
2881 3670 3260 3748 adoptionem
3285 3674 3532 3739 facéens.
3570 3667 3711 3743 Cre-

2067 3755 2276 3817 damus
2309 3766 2425 3818 toto
2484 3757 2684 3819 animo
2742 3757 2802 3816 in
2857 3757 3068 3839 Deum,
3133 3771 3370 3839 terram,
3426 3775 3483 3827 et
3513 3770 3713 3832 omnia

2069 3845 2487 3934 praetereuntia
2517 3845 2947 3927 relinquamus,
2976 3848 3048 3908 ad
3069 3847 3236 3910 illum
3261 3855 3633 3934 accedamus,
3657 3859 3713 3921 ei
3751 3907 3760 3915 .

2065 3933 2498 4009 adhaereamus,
2519 3934 2795 4014 quoniam
2823 3934 3017 3996 adhuc
3039 3937 3363 4016 modicum,
3402 3953 3459 4004 et
3488 3947 3709 4009 cmlum

2066 4041 2134 4084 ac
2167 4030 2326 4084 terra
2358 4023 2716 4104 transibunt,
2752 4032 2809 4083 et
2841 4033 3002 4085 extra
3031 4026 3197 4086 illum
3233 4047 3351 4091 non
3385 4041 3474 4094 est
3497 4045 3708 4113 status,

2067 4133 2177 4176 nec
2209 4115 2522 4207 terminus,
2557 4117 3132 4207 nec_comprehendi
3165 4128 3379 4198 potest,
3417 4143 3532 4204 quo
3567 4147 3711 4207 pec-

2063 4214 2294 4268 catores
2323 4204 2625 4267 decidant.
2660 4204 2816 4266 Deus
2847 4205 3003 4266 enim
3037 4208 3164 4286 capi
3198 4229 3313 4270 non
3347 4204 3708 4292 potest,'nec

2061 4294 2362 4356 intellectu
2395 4294 2838 4374 comprehendi.
2878 4294 3019 4366 Quis
3065 4297 3243 4375 igitur
3272 4300 3436 4362 locus
3467 4313 3577 4377 est,
3611 4307 3710 4368 die

2063 4385 2231 4459 mihi,
2264 4403 2446 4462 regno
2473 4384 2603 4464 ejus
2634 4383 3055 4445 excidentium.

2142 4475 2332 4555 Cogor
2363 4474 2696 4549 lamentari,
2733 4483 2791 4534 et
2821 4493 2924 4534 cor
2951 4493 3147 4538 meum
3183 4480 3453 4554 comedo,
3487 4490 3546 4543 et
3577 4501 3706 4544 ma-

2063 4583 2256 4640 ceror,
2294 4584 2426 4626 cum
2461 4565 2652 4641 cogito
2711 4563 3030 4624 Dominum
3091 4574 3207 4626 tam
3269 4569 3618 4631 muniﬁcum
3653 4582 3712 4634 et

2063 4655 2410 4735 humanum,
2439 4662 2506 4715 ut
2539 4663 2781 4733 propter
2800 4653 2984 4715 solam
3008 4653 3068 4714 in
3093 4674 3156 4717 se
3183 4657 3358 4718 ﬁdem
3380 4659 3515 4720 talia
3537 4661 3710 4724 nobis

2062 4742 2367 4821 largiatur,
2406 4761 2538 4823 quae
2570 4753 2858 4815 mentem,
2885 4741 3174 4818 auditum,
3201 4753 3260 4804 et
3287 4744 3708 4824 cogitationem

2062 4841 2366 4913 superant,
2392 4829 2576 4892 necin
2599 4848 2701 4891 cor
2722 4829 2980 4891 hominis
3005 4832 3405 4893 ascenderunt
3423 4854 3712 4916 unquam;

2062 4941 2165 4984 eos
2189 4929 2382 4984 autem
2409 4921 2569 4983 velut
2591 4919 2812 4980 bestias
2836 4919 3116 4998 praeferre
3158 4929 3374 4983 terram
3409 4923 3620 4998 solam,
3654 4933 3714 4986 et

2063 5019 2324 5086 terrena,
2358 5009 2534 5072 nobis
2553 5027 2662 5089 per
2694 5009 2936 5071 multam
2961 5010 3437 5073 misericordiam
3459 5014 3530 5074 ad
3555 5013 3716 5077 sufﬁ-

2061 5101 2319 5164 cientem
2355 5099 2620 5180 corporis
2652 5118 2820 5160 usum
2870 5099 3195 5180 impertita,
3258 5107 3321 5162 ut
3351 5120 3422 5162 ex
3452 5102 3544 5164 his
3575 5121 3711 5164 mo-

2059 5191 2265 5254 derate
2298 5201 2358 5250 et
2389 5208 2495 5270 pro
2555 5187 2824 5268 portione
2884 5188 3136 5265 alamur,
3200 5199 3257 5250 et
3285 5191 3486 5252 anima
3515 5199 3716 5254 nostra

2057 5281 2205 5344 citra
2235 5278 2731 5360 impedimentum
2785 5277 2857 5338 ad
2904 5296 3162 5359 superna
3223 5279 3555 5359 gradiatur,
3589 5281 3716 5358 ipsa

2057 5387 2293 5452 quoque
2322 5366 2712 5430 intellectuali
2745 5375 2913 5447 pastu
2944 5386 3014 5429 ex
3073 5367 3318 5448 Spiritu,
3344 5369 3514 5450 juxta
3543 5387 3713 5432 men-

2666 5537 2700 5587 9
2725 5536 2927 5603 Matth.
2949 5554 3080 5616 xm,
3105 5537 3205 5602 33.
3291 5538 3350 5589 40
3368 5537 3522 5602 Psal.
3551 5555 3610 5600 v.
3643 5541 3705 5602 4.
