  <div class='ocr_page' id='page_1' title='image "/cluster/home/n/w/nwhite01/storage/ocr_20150623/120/coo.31924054870245/239.png"; bbox 0 0 4160 6400; ppageno 0'>
   <div class='ocr_carea' id='block_1_1' title="bbox 469 413 592 478">
    <p class='ocr_par' dir='ltr' id='par_1_1' title="bbox 469 413 592 478">
     <span class='ocr_line' id='line_1_1' title="bbox 469 413 592 478; baseline 0.016 -2"><span class='ocrx_word' id='word_1_1' title='bbox 469 413 592 478; x_wconf 78' lang='grc'><strong>463</strong></span> 
     </span>
    </p>
   </div>
   <div class='ocr_carea' id='block_1_2' title="bbox 1758 402 2559 467">
    <p class='ocr_par' dir='ltr' id='par_1_2' title="bbox 1758 402 2559 467">
     <span class='ocr_line' id='line_1_2' title="bbox 1758 402 2559 467; baseline -0.004 0"><span class='ocrx_word' id='word_1_2' title='bbox 1758 402 2143 467; x_wconf 89' lang='lat' dir='ltr'><strong>SYMEONIS</strong></span> <span class='ocrx_word' id='word_1_3' title='bbox 2183 404 2214 466; x_wconf 88' lang='lat' dir='ltr'><strong>J</strong></span> <span class='ocrx_word' id='word_1_4' title='bbox 2224 402 2559 465; x_wconf 84' lang='lat' dir='ltr'><strong>UNIORIS.</strong></span> 
     </span>
    </p>
   </div>
   <div class='ocr_carea' id='block_1_3' title="bbox 3731 396 3847 461">
    <p class='ocr_par' dir='ltr' id='par_1_3' title="bbox 3731 396 3847 461">
     <span class='ocr_line' id='line_1_3' title="bbox 3731 396 3847 461; baseline 0.017 -2"><span class='ocrx_word' id='word_1_5' title='bbox 3731 396 3847 461; x_wconf 83' lang='grc'>464</span> 
     </span>
    </p>
   </div>
   <div class='ocr_carea' id='block_1_4' title="bbox 471 526 3874 626">
    <p class='ocr_par' dir='ltr' id='par_1_4' title="bbox 471 526 3874 626">
     <span class='ocr_line' id='line_1_4' title="bbox 471 526 3874 626; baseline -0.006 -18"><span class='ocrx_word' id='word_1_6' title='bbox 471 564 671 608; x_wconf 88' lang='lat' dir='ltr'><strong>suram</strong></span> <span class='ocrx_word' id='word_1_7' title='bbox 705 543 1076 626; x_wconf 80' lang='lat' dir='ltr'><strong>purgationis</strong></span> <span class='ocrx_word' id='word_1_8' title='bbox 1132 550 1192 602; x_wconf 92' lang='lat' dir='ltr'><strong>et</strong></span> <span class='ocrx_word' id='word_1_9' title='bbox 1247 558 1531 602; x_wconf 82' lang='lat' dir='ltr'><strong>ascensus</strong></span> <span class='ocrx_word' id='word_1_10' title='bbox 1582 535 1675 600; x_wconf 90' lang='lat' dir='ltr'><strong>sui</strong></span> <span class='ocrx_word' id='word_1_11' title='bbox 1728 535 1968 626; x_wconf 79' lang='lat' dir='ltr'><strong>nutrita.</strong></span> <span class='ocrx_word' id='word_1_12' title='bbox 2002 529 2412 626; x_wconf 66' lang='lat' dir='ltr'><strong>llocttnoctis</strong></span> <span class='ocrx_word' id='word_1_13' title='bbox 2456 528 2771 626; x_wconf 68' lang='lat' dir='ltr'><strong>caliginem</strong></span> <span class='ocrx_word' id='word_1_14' title='bbox 2831 527 3110 590; x_wconf 84' lang='lat' dir='ltr'><strong>exoriens</strong></span> <span class='ocrx_word' id='word_1_15' title='bbox 3166 527 3255 626; x_wconf 78' lang='lat' dir='ltr'><strong>sol</strong></span> <span class='ocrx_word' id='word_1_16' title='bbox 3315 526 3600 626; x_wconf 77' lang='lat' dir='ltr'><strong>dispellit.</strong></span> <span class='ocrx_word' id='word_1_17' title='bbox 3657 527 3728 589; x_wconf 92' lang='lat' dir='ltr'><strong>Et</strong></span> <span class='ocrx_word' id='word_1_18' title='bbox 3757 528 3874 589; x_wconf 86' lang='lat' dir='ltr'><strong>erit</strong></span> 
     </span>
    </p>
   </div>
   <div class='ocr_carea' id='block_1_5' title="bbox 469 621 2130 705">
    <p class='ocr_par' dir='ltr' id='par_1_5' title="bbox 469 621 2130 705">
     <span class='ocr_line' id='line_1_5' title="bbox 469 621 2130 705; baseline -0.01 -8"><span class='ocrx_word' id='word_1_19' title='bbox 469 636 631 698; x_wconf 89' lang='lat' dir='ltr'><strong>enim</strong></span> <span class='ocrx_word' id='word_1_20' title='bbox 665 621 754 696; x_wconf 84' lang='lat' dir='ltr'><strong>est</strong></span> <span class='ocrx_word' id='word_1_21' title='bbox 783 621 987 705; x_wconf 89' lang='lat' dir='ltr'><strong>homo,</strong></span> <span class='ocrx_word' id='word_1_22' title='bbox 1022 640 1078 693; x_wconf 87' lang='lat' dir='ltr'><strong>et</strong></span> <span class='ocrx_word' id='word_1_23' title='bbox 1108 631 1221 691; x_wconf 92' lang='lat' dir='ltr'><strong>hoc</strong></span> <span class='ocrx_word' id='word_1_24' title='bbox 1253 630 1372 690; x_wconf 91' lang='lat' dir='ltr'><strong>ﬁne</strong></span> <span class='ocrx_word' id='word_1_25' title='bbox 1401 627 1649 702; x_wconf 89' lang='lat' dir='ltr'><strong>conditi,</strong></span> <span class='ocrx_word' id='word_1_26' title='bbox 1685 636 1743 688; x_wconf 91' lang='lat' dir='ltr'><strong>et</strong></span> <span class='ocrx_word' id='word_1_27' title='bbox 1774 623 1849 685; x_wconf 91' lang='lat' dir='ltr'><strong>ob</strong></span> <span class='ocrx_word' id='word_1_28' title='bbox 1882 622 2037 684; x_wconf 91' lang='lat' dir='ltr'><strong>istud</strong></span> <span class='ocrx_word' id='word_1_29' title='bbox 2069 621 2130 681; x_wconf 90' lang='lat' dir='ltr'><strong>in</strong></span> 
     </span>
    </p>
   </div>
   <div class='ocr_carea' id='block_1_6' title="bbox 473 708 2133 803">
    <p class='ocr_par' dir='ltr' id='par_1_6' title="bbox 473 708 2133 803">
     <span class='ocr_line' id='line_1_6' title="bbox 473 708 2133 803; baseline -0.01 -18"><span class='ocrx_word' id='word_1_30' title='bbox 473 721 764 785; x_wconf 89' lang='lat' dir='ltr'><strong>mundum</strong></span> <span class='ocrx_word' id='word_1_31' title='bbox 798 725 1086 803; x_wconf 90' lang='lat' dir='ltr'><strong>procreati</strong></span> <span class='ocrx_word' id='word_1_32' title='bbox 1137 738 1372 799; x_wconf 87' lang='lat' dir='ltr'><strong>sumus,</strong></span> <span class='ocrx_word' id='word_1_33' title='bbox 1434 727 1496 778; x_wconf 89' lang='lat' dir='ltr'><strong>ut</strong></span> <span class='ocrx_word' id='word_1_34' title='bbox 1552 715 1649 778; x_wconf 92' lang='lat' dir='ltr'><strong>hic</strong></span> <span class='ocrx_word' id='word_1_35' title='bbox 1701 712 1902 803; x_wconf 79' lang='lat' dir='ltr'><strong>paucis</strong></span> <span class='ocrx_word' id='word_1_36' title='bbox 1933 708 2133 772; x_wconf 78' lang='lat' dir='ltr'><strong>affecti</strong></span> 
     </span>
    </p>
   </div>
   <div class='ocr_carea' id='block_1_7' title="bbox 473 801 2132 890">
    <p class='ocr_par' dir='ltr' id='par_1_7' title="bbox 473 801 2132 890">
     <span class='ocr_line' id='line_1_7' title="bbox 473 801 2132 890; baseline -0.009 -16"><span class='ocrx_word' id='word_1_37' title='bbox 473 801 812 886; x_wconf 80' lang='lat' dir='ltr'><strong>beneﬁciis,</strong></span> <span class='ocrx_word' id='word_1_38' title='bbox 849 828 958 890; x_wconf 87' lang='lat' dir='ltr'><strong>per</strong></span> <span class='ocrx_word' id='word_1_39' title='bbox 986 809 1310 888; x_wconf 88' lang='lat' dir='ltr'><strong>gratiarum</strong></span> <span class='ocrx_word' id='word_1_40' title='bbox 1343 806 1664 878; x_wconf 79' lang='lat' dir='ltr'><strong>actionem,</strong></span> <span class='ocrx_word' id='word_1_41' title='bbox 1703 810 1762 864; x_wconf 93' lang='lat' dir='ltr'><strong>et</strong></span> <span class='ocrx_word' id='word_1_42' title='bbox 1796 801 1957 890; x_wconf 82' lang='lat' dir='ltr'><strong>pium</strong></span> <span class='ocrx_word' id='word_1_43' title='bbox 1991 815 2132 875; x_wconf 91' lang='lat' dir='ltr'><strong>erga</strong></span> 
     </span>
    </p>
   </div>
   <div class='ocr_carea' id='block_1_8' title="bbox 475 889 2129 977">
    <p class='ocr_par' dir='ltr' id='par_1_8' title="bbox 475 889 2129 977">
     <span class='ocr_line' id='line_1_8' title="bbox 475 889 2129 977; baseline -0.01 -14"><span class='ocrx_word' id='word_1_44' title='bbox 475 901 665 965; x_wconf 92' lang='lat' dir='ltr'><strong>Deum</strong></span> <span class='ocrx_word' id='word_1_45' title='bbox 697 889 998 971; x_wconf 78' lang='lat' dir='ltr'><strong>aﬁ‘ectum,</strong></span> <span class='ocrx_word' id='word_1_46' title='bbox 1055 896 1400 977; x_wconf 85' lang='lat' dir='ltr'><strong>majoribus,</strong></span> <span class='ocrx_word' id='word_1_47' title='bbox 1465 903 1522 955; x_wconf 92' lang='lat' dir='ltr'><strong>et</strong></span> <span class='ocrx_word' id='word_1_48' title='bbox 1574 891 1820 954; x_wconf 67' lang='lat' dir='ltr'><strong>aeternis</strong></span> <span class='ocrx_word' id='word_1_49' title='bbox 1848 889 1970 950; x_wconf 89' lang='lat' dir='ltr'><strong>illic</strong></span> <span class='ocrx_word' id='word_1_50' title='bbox 2000 905 2129 968; x_wconf 91' lang='lat' dir='ltr'><strong>per-</strong></span> 
     </span>
    </p>
   </div>
   <div class='ocr_carea' id='block_1_9' title="bbox 477 977 2133 1064">
    <p class='ocr_par' dir='ltr' id='par_1_9' title="bbox 477 977 2133 1064">
     <span class='ocr_line' id='line_1_9' title="bbox 477 977 2133 1064; baseline -0.01 -12"><span class='ocrx_word' id='word_1_51' title='bbox 477 991 768 1052; x_wconf 79' lang='lat' dir='ltr'><strong>fruamur.</strong></span> <span class='ocrx_word' id='word_1_52' title='bbox 803 988 878 1050; x_wconf 88' lang='lat' dir='ltr'><strong>At</strong></span> <span class='ocrx_word' id='word_1_53' title='bbox 907 986 1093 1061; x_wconf 93' lang='lat' dir='ltr'><strong>enim,</strong></span> <span class='ocrx_word' id='word_1_54' title='bbox 1130 985 1279 1064; x_wconf 86' lang='lat' dir='ltr'><strong>proh</strong></span> <span class='ocrx_word' id='word_1_55' title='bbox 1339 983 1550 1044; x_wconf 80' lang='lat' dir='ltr'><strong>dolor?</strong></span> <span class='ocrx_word' id='word_1_56' title='bbox 1601 980 1752 1041; x_wconf 88' lang='lat' dir='ltr'><strong>nihil</strong></span> <span class='ocrx_word' id='word_1_57' title='bbox 1785 995 2028 1059; x_wconf 76' lang='lat' dir='ltr'><strong>prorsus</strong></span> <span class='ocrx_word' id='word_1_58' title='bbox 2059 977 2133 1036; x_wconf 88' lang='lat' dir='ltr'><strong>de</strong></span> 
     </span>
    </p>
   </div>
   <div class='ocr_carea' id='block_1_10' title="bbox 476 1071 2135 1155">
    <p class='ocr_par' dir='ltr' id='par_1_10' title="bbox 476 1071 2135 1155">
     <span class='ocr_line' id='line_1_10' title="bbox 476 1071 2135 1155; baseline -0.01 -13"><span class='ocrx_word' id='word_1_59' title='bbox 476 1080 691 1142; x_wconf 88' lang='lat' dir='ltr'><strong>futuris</strong></span> <span class='ocrx_word' id='word_1_60' title='bbox 716 1077 974 1145; x_wconf 89' lang='lat' dir='ltr'><strong>solliciti.</strong></span> <span class='ocrx_word' id='word_1_61' title='bbox 1009 1075 1224 1155; x_wconf 84' lang='lat' dir='ltr'><strong>ingrati</strong></span> <span class='ocrx_word' id='word_1_62' title='bbox 1271 1075 1446 1135; x_wconf 86' lang='lat' dir='ltr'><strong>etiam</strong></span> <span class='ocrx_word' id='word_1_63' title='bbox 1509 1073 1584 1134; x_wconf 90' lang='lat' dir='ltr'><strong>de</strong></span> <span class='ocrx_word' id='word_1_64' title='bbox 1616 1071 1710 1132; x_wconf 92' lang='lat' dir='ltr'><strong>his</strong></span> <span class='ocrx_word' id='word_1_65' title='bbox 1741 1087 1966 1143; x_wconf 89' lang='lat' dir='ltr'><strong>sumus,</strong></span> <span class='ocrx_word' id='word_1_66' title='bbox 2004 1084 2135 1155; x_wconf 54' lang='lat' dir='ltr'><strong>qum</strong></span> 
     </span>
    </p>
   </div>
   <div class='ocr_carea' id='block_1_11' title="bbox 477 1153 2136 1236">
    <p class='ocr_par' dir='ltr' id='par_1_11' title="bbox 477 1153 2136 1236">
     <span class='ocr_line' id='line_1_11' title="bbox 477 1153 2136 1236; baseline -0.011 -7"><span class='ocrx_word' id='word_1_67' title='bbox 477 1168 541 1229; x_wconf 91' lang='lat' dir='ltr'><strong>in</strong></span> <span class='ocrx_word' id='word_1_68' title='bbox 573 1167 847 1228; x_wconf 92' lang='lat' dir='ltr'><strong>manibus</strong></span> <span class='ocrx_word' id='word_1_69' title='bbox 878 1153 1187 1236; x_wconf 83' lang='lat' dir='ltr'><strong>habemus,</strong></span> <span class='ocrx_word' id='word_1_70' title='bbox 1223 1172 1280 1224; x_wconf 88' lang='lat' dir='ltr'><strong>et</strong></span> <span class='ocrx_word' id='word_1_71' title='bbox 1344 1163 1650 1222; x_wconf 72' lang='lat' dir='ltr'><strong>daemones</strong></span> <span class='ocrx_word' id='word_1_72' title='bbox 1680 1157 2009 1228; x_wconf 88' lang='lat' dir='ltr'><strong>imitamur,</strong></span> <span class='ocrx_word' id='word_1_73' title='bbox 2044 1153 2136 1215; x_wconf 86' lang='lat' dir='ltr'><strong>vel</strong></span> 
     </span>
    </p>
   </div>
   <div class='ocr_carea' id='block_1_12' title="bbox 479 1241 2136 1324">
    <p class='ocr_par' dir='ltr' id='par_1_12' title="bbox 479 1241 2136 1324">
     <span class='ocr_line' id='line_1_12' title="bbox 479 1241 2136 1324; baseline -0.008 -9"><span class='ocrx_word' id='word_1_74' title='bbox 479 1253 829 1316; x_wconf 82' lang='lat' dir='ltr'><strong>daenonibus</strong></span> <span class='ocrx_word' id='word_1_75' title='bbox 863 1255 1064 1324; x_wconf 87' lang='lat' dir='ltr'><strong>etiam,</strong></span> <span class='ocrx_word' id='word_1_76' title='bbox 1101 1251 1150 1310; x_wconf 92' lang='lat' dir='ltr'><strong>si</strong></span> <span class='ocrx_word' id='word_1_77' title='bbox 1183 1268 1323 1310; x_wconf 92' lang='lat' dir='ltr'><strong>vera</strong></span> <span class='ocrx_word' id='word_1_78' title='bbox 1383 1247 1642 1309; x_wconf 88' lang='lat' dir='ltr'><strong>dicenda</strong></span> <span class='ocrx_word' id='word_1_79' title='bbox 1673 1255 1833 1316; x_wconf 86' lang='lat' dir='ltr'><strong>sunt,</strong></span> <span class='ocrx_word' id='word_1_80' title='bbox 1870 1241 2136 1304; x_wconf 88' lang='lat' dir='ltr'><strong>deterio-</strong></span> 
     </span>
    </p>
   </div>
   <div class='ocr_carea' id='block_1_13' title="bbox 476 1330 2137 1422">
    <p class='ocr_par' dir='ltr' id='par_1_13' title="bbox 476 1330 2137 1422">
     <span class='ocr_line' id='line_1_13' title="bbox 476 1330 2137 1422; baseline -0.01 -17"><span class='ocrx_word' id='word_1_81' title='bbox 476 1361 574 1405; x_wconf 88' lang='lat' dir='ltr'><strong>res</strong></span> <span class='ocrx_word' id='word_1_82' title='bbox 605 1361 834 1404; x_wconf 92' lang='lat' dir='ltr'><strong>sumus.</strong></span> <span class='ocrx_word' id='word_1_83' title='bbox 867 1341 1057 1422; x_wconf 84' lang='lat' dir='ltr'><strong>Atque</strong></span> <span class='ocrx_word' id='word_1_84' title='bbox 1088 1339 1314 1400; x_wconf 90' lang='lat' dir='ltr'><strong>idcirco</strong></span> <span class='ocrx_word' id='word_1_85' title='bbox 1375 1347 1433 1398; x_wconf 92' lang='lat' dir='ltr'><strong>et</strong></span> <span class='ocrx_word' id='word_1_86' title='bbox 1491 1335 1752 1396; x_wconf 82' lang='lat' dir='ltr'><strong>atrocius</strong></span> <span class='ocrx_word' id='word_1_87' title='bbox 1782 1330 2137 1422; x_wconf 80' lang='lat' dir='ltr'><strong>supplicium</strong></span> 
     </span>
    </p>
   </div>
   <div class='ocr_carea' id='block_1_14' title="bbox 477 1419 2141 1510">
    <p class='ocr_par' dir='ltr' id='par_1_14' title="bbox 477 1419 2141 1510">
     <span class='ocr_line' id='line_1_14' title="bbox 477 1419 2141 1510; baseline -0.008 -18"><span class='ocrx_word' id='word_1_88' title='bbox 477 1432 655 1494; x_wconf 89' lang='lat' dir='ltr'><strong>nobis</strong></span> <span class='ocrx_word' id='word_1_89' title='bbox 681 1419 1205 1510; x_wconf 40' lang='lat' dir='ltr'><strong>debetur,&#39;quanto</strong></span> <span class='ocrx_word' id='word_1_90' title='bbox 1226 1437 1283 1489; x_wconf 89' lang='lat' dir='ltr'><strong>et</strong></span> <span class='ocrx_word' id='word_1_91' title='bbox 1298 1422 1811 1508; x_wconf 65' lang='lat' dir='ltr'><strong>praestantioribus</strong></span> <span class='ocrx_word' id='word_1_92' title='bbox 1831 1419 2141 1510; x_wconf 80' lang='lat' dir='ltr'><strong>beneﬁciis</strong></span> 
     </span>
    </p>
   </div>
   <div class='ocr_carea' id='block_1_15' title="bbox 478 1507 2139 1595">
    <p class='ocr_par' dir='ltr' id='par_1_15' title="bbox 478 1507 2139 1595">
     <span class='ocr_line' id='line_1_15' title="bbox 478 1507 2139 1595; baseline -0.01 -12"><span class='ocrx_word' id='word_1_93' title='bbox 478 1520 763 1583; x_wconf 89' lang='lat' dir='ltr'><strong>cumulati</strong></span> <span class='ocrx_word' id='word_1_94' title='bbox 788 1507 1020 1592; x_wconf 68' lang='lat' dir='ltr'><strong>sumus,</strong></span> <span class='ocrx_word' id='word_1_95' title='bbox 1080 1526 1139 1579; x_wconf 94' lang='lat' dir='ltr'><strong>et</strong></span> <span class='ocrx_word' id='word_1_96' title='bbox 1191 1507 1378 1580; x_wconf 87' lang='lat' dir='ltr'><strong>Deum</strong></span> <span class='ocrx_word' id='word_1_97' title='bbox 1442 1521 1686 1595; x_wconf 91' lang='lat' dir='ltr'><strong>propter</strong></span> <span class='ocrx_word' id='word_1_98' title='bbox 1744 1529 1852 1571; x_wconf 93' lang='lat' dir='ltr'><strong>nos</strong></span> <span class='ocrx_word' id='word_1_99' title='bbox 1884 1507 2139 1571; x_wconf 87' lang='lat' dir='ltr'><strong>similem</strong></span> 
     </span>
    </p>
   </div>
   <div class='ocr_carea' id='block_1_16' title="bbox 477 1598 2133 1689">
    <p class='ocr_par' dir='ltr' id='par_1_16' title="bbox 477 1598 2133 1689">
     <span class='ocr_line' id='line_1_16' title="bbox 477 1598 2133 1689; baseline -0.009 -18"><span class='ocrx_word' id='word_1_100' title='bbox 477 1609 688 1689; x_wconf 84' lang='lat' dir='ltr'><strong>nostri,</strong></span> <span class='ocrx_word' id='word_1_101' title='bbox 725 1609 852 1670; x_wconf 92' lang='lat' dir='ltr'><strong>solo</strong></span> <span class='ocrx_word' id='word_1_102' title='bbox 875 1615 1115 1689; x_wconf 86' lang='lat' dir='ltr'><strong>peccato</strong></span> <span class='ocrx_word' id='word_1_103' title='bbox 1141 1614 1414 1686; x_wconf 86' lang='lat' dir='ltr'><strong>excepto,</strong></span> <span class='ocrx_word' id='word_1_104' title='bbox 1451 1605 1666 1665; x_wconf 83' lang='lat' dir='ltr'><strong>factum</strong></span> <span class='ocrx_word' id='word_1_105' title='bbox 1698 1598 2133 1689; x_wconf 79' lang='lat' dir='ltr'><strong>cognoscimus,</strong></span> 
     </span>
    </p>
   </div>
   <div class='ocr_carea' id='block_1_17' title="bbox 482 1685 2140 1774">
    <p class='ocr_par' dir='ltr' id='par_1_17' title="bbox 482 1685 2140 1774">
     <span class='ocr_line' id='line_1_17' title="bbox 482 1685 2140 1774; baseline -0.008 -14"><span class='ocrx_word' id='word_1_106' title='bbox 482 1708 546 1760; x_wconf 94' lang='lat' dir='ltr'><strong>ut</strong></span> <span class='ocrx_word' id='word_1_107' title='bbox 574 1685 685 1760; x_wconf 82' lang='lat' dir='ltr'><strong>nos</strong></span> <span class='ocrx_word' id='word_1_108' title='bbox 713 1697 787 1759; x_wconf 91' lang='lat' dir='ltr'><strong>ab</strong></span> <span class='ocrx_word' id='word_1_109' title='bbox 819 1685 1028 1759; x_wconf 75' lang='lat' dir='ltr'><strong>errore</strong></span> <span class='ocrx_word' id='word_1_110' title='bbox 1087 1704 1142 1758; x_wconf 92' lang='lat' dir='ltr'><strong>et</strong></span> <span class='ocrx_word' id='word_1_111' title='bbox 1202 1685 1445 1774; x_wconf 83' lang='lat' dir='ltr'><strong>peccato</strong></span> <span class='ocrx_word' id='word_1_112' title='bbox 1507 1691 1816 1752; x_wconf 90' lang='lat' dir='ltr'><strong>liberaret.</strong></span> <span class='ocrx_word' id='word_1_113' title='bbox 1852 1687 1967 1750; x_wconf 88' lang='lat' dir='ltr'><strong>Sed</strong></span> <span class='ocrx_word' id='word_1_114' title='bbox 1999 1685 2140 1766; x_wconf 92' lang='lat' dir='ltr'><strong>quid</strong></span> 
     </span>
    </p>
   </div>
   <div class='ocr_carea' id='block_1_18' title="bbox 481 1775 2140 1865">
    <p class='ocr_par' dir='ltr' id='par_1_18' title="bbox 481 1775 2140 1865">
     <span class='ocr_line' id='line_1_18' title="bbox 481 1775 2140 1865; baseline -0.008 -17"><span class='ocrx_word' id='word_1_115' title='bbox 481 1788 557 1848; x_wconf 93' lang='lat' dir='ltr'><strong>de</strong></span> <span class='ocrx_word' id='word_1_116' title='bbox 588 1787 684 1848; x_wconf 93' lang='lat' dir='ltr'><strong>his</strong></span> <span class='ocrx_word' id='word_1_117' title='bbox 711 1786 1012 1865; x_wconf 88' lang='lat' dir='ltr'><strong>sigillatim</strong></span> <span class='ocrx_word' id='word_1_118' title='bbox 1046 1784 1223 1845; x_wconf 91' lang='lat' dir='ltr'><strong>verba</strong></span> <span class='ocrx_word' id='word_1_119' title='bbox 1254 1785 1446 1844; x_wconf 89' lang='lat' dir='ltr'><strong>facere</strong></span> <span class='ocrx_word' id='word_1_120' title='bbox 1491 1799 1642 1861; x_wconf 92' lang='lat' dir='ltr'><strong>opus</strong></span> <span class='ocrx_word' id='word_1_121' title='bbox 1682 1775 1814 1840; x_wconf 82' lang='lat' dir='ltr'><strong>est?</strong></span> <span class='ocrx_word' id='word_1_122' title='bbox 1844 1776 2140 1849; x_wconf 83' lang='lat' dir='ltr'><strong>Profecto,</strong></span> 
     </span>
    </p>
   </div>
   <div class='ocr_carea' id='block_1_19' title="bbox 480 1865 2142 1947">
    <p class='ocr_par' dir='ltr' id='par_1_19' title="bbox 480 1865 2142 1947">
     <span class='ocr_line' id='line_1_19' title="bbox 480 1865 2142 1947; baseline -0.007 -11"><span class='ocrx_word' id='word_1_123' title='bbox 480 1875 665 1937; x_wconf 90' lang='lat' dir='ltr'><strong>verbo</strong></span> <span class='ocrx_word' id='word_1_124' title='bbox 698 1883 923 1936; x_wconf 88' lang='lat' dir='ltr'><strong>tantum</strong></span> <span class='ocrx_word' id='word_1_125' title='bbox 955 1875 1290 1945; x_wconf 84' lang='lat' dir='ltr'><strong>credentes,</strong></span> <span class='ocrx_word' id='word_1_126' title='bbox 1329 1870 1467 1933; x_wconf 88' lang='lat' dir='ltr'><strong>facti</strong></span> <span class='ocrx_word' id='word_1_127' title='bbox 1526 1885 1834 1947; x_wconf 83' lang='lat' dir='ltr'><strong>negamus,</strong></span> <span class='ocrx_word' id='word_1_128' title='bbox 1869 1873 1935 1927; x_wconf 89' lang='lat' dir='ltr'><strong>ut</strong></span> <span class='ocrx_word' id='word_1_129' title='bbox 1967 1865 2142 1926; x_wconf 85' lang='lat' dir='ltr'><strong>etiam</strong></span> 
     </span>
    </p>
   </div>
   <div class='ocr_carea' id='block_1_20' title="bbox 2216 615 3870 698">
    <p class='ocr_par' dir='ltr' id='par_1_20' title="bbox 2216 615 3870 698">
     <span class='ocr_line' id='line_1_20' title="bbox 2216 615 3870 698; baseline -0.001 -19"><span class='ocrx_word' id='word_1_130' title='bbox 2216 617 2453 698; x_wconf 91' lang='lat' dir='ltr'><strong>proprie</strong></span> <span class='ocrx_word' id='word_1_131' title='bbox 2484 617 2639 678; x_wconf 92' lang='lat' dir='ltr'><strong>Deus</strong></span> <span class='ocrx_word' id='word_1_132' title='bbox 2673 618 2836 679; x_wconf 92' lang='lat' dir='ltr'><strong>solus</strong></span> <span class='ocrx_word' id='word_1_133' title='bbox 2895 635 3015 678; x_wconf 92' lang='lat' dir='ltr'><strong>non</strong></span> <span class='ocrx_word' id='word_1_134' title='bbox 3073 615 3228 696; x_wconf 92' lang='lat' dir='ltr'><strong>potis</strong></span> <span class='ocrx_word' id='word_1_135' title='bbox 3285 616 3418 696; x_wconf 92' lang='lat' dir='ltr'><strong>capi</strong></span> <span class='ocrx_word' id='word_1_136' title='bbox 3445 615 3604 678; x_wconf 90' lang='lat' dir='ltr'><strong>inter</strong></span> <span class='ocrx_word' id='word_1_137' title='bbox 3633 636 3702 679; x_wconf 91' lang='lat' dir='ltr'><strong>ea</strong></span> <span class='ocrx_word' id='word_1_138' title='bbox 3736 635 3870 697; x_wconf 67' lang='lat' dir='ltr'><strong>qua:</strong></span> 
     </span>
    </p>
   </div>
   <div class='ocr_carea' id='block_1_21' title="bbox 2217 705 3872 786">
    <p class='ocr_par' dir='ltr' id='par_1_21' title="bbox 2217 705 3872 786">
     <span class='ocr_line' id='line_1_21' title="bbox 2217 705 3872 786; baseline -0.001 -18"><span class='ocrx_word' id='word_1_139' title='bbox 2217 727 2338 768; x_wconf 90' lang='lat' dir='ltr'><strong>non</strong></span> <span class='ocrx_word' id='word_1_140' title='bbox 2379 707 2715 786; x_wconf 91' lang='lat' dir='ltr'><strong>capiuntur,</strong></span> <span class='ocrx_word' id='word_1_141' title='bbox 2775 713 2833 767; x_wconf 90' lang='lat' dir='ltr'><strong>et</strong></span> <span class='ocrx_word' id='word_1_142' title='bbox 2889 706 2950 766; x_wconf 93' lang='lat' dir='ltr'><strong>in</strong></span> <span class='ocrx_word' id='word_1_143' title='bbox 3011 705 3726 785; x_wconf 89' lang='lat' dir='ltr'><strong>incomprehensibilibus</strong></span> <span class='ocrx_word' id='word_1_144' title='bbox 3784 706 3872 766; x_wconf 84' lang='lat' dir='ltr'><strong>in-</strong></span> 
     </span>
    </p>
   </div>
   <div class='ocr_carea' id='block_1_22' title="bbox 2217 794 3875 877">
    <p class='ocr_par' dir='ltr' id='par_1_22' title="bbox 2217 794 3875 877">
     <span class='ocr_line' id='line_1_22' title="bbox 2217 794 3875 877; baseline -0.001 -19"><span class='ocrx_word' id='word_1_145' title='bbox 2217 795 2778 876; x_wconf 88' lang='lat' dir='ltr'><strong>comprehensibilis</strong></span> <span class='ocrx_word' id='word_1_146' title='bbox 2813 794 2957 856; x_wconf 91' lang='lat' dir='ltr'><strong>solis</strong></span> <span class='ocrx_word' id='word_1_147' title='bbox 2981 795 3176 873; x_wconf 84' lang='lat' dir='ltr'><strong>dignis</strong></span> <span class='ocrx_word' id='word_1_148' title='bbox 3207 813 3521 876; x_wconf 89' lang='lat' dir='ltr'><strong>apparens,</strong></span> <span class='ocrx_word' id='word_1_149' title='bbox 3558 815 3664 877; x_wconf 91' lang='lat' dir='ltr'><strong>pro</strong></span> <span class='ocrx_word' id='word_1_150' title='bbox 3698 814 3875 858; x_wconf 86' lang='lat' dir='ltr'><strong>men-</strong></span> 
     </span>
    </p>
   </div>
   <div class='ocr_carea' id='block_1_23' title="bbox 2216 883 3878 964">
    <p class='ocr_par' dir='ltr' id='par_1_23' title="bbox 2216 883 3878 964">
     <span class='ocr_line' id='line_1_23' title="bbox 2216 883 3878 964; baseline -0.001 -19"><span class='ocrx_word' id='word_1_151' title='bbox 2216 904 2356 946; x_wconf 92' lang='lat' dir='ltr'><strong>sura</strong></span> <span class='ocrx_word' id='word_1_152' title='bbox 2384 885 2522 946; x_wconf 92' lang='lat' dir='ltr'><strong>ﬁdei</strong></span> <span class='ocrx_word' id='word_1_153' title='bbox 2553 885 2612 944; x_wconf 91' lang='lat' dir='ltr'><strong>in</strong></span> <span class='ocrx_word' id='word_1_154' title='bbox 2667 883 2889 964; x_wconf 91' lang='lat' dir='ltr'><strong>ipsum.</strong></span> <span class='ocrx_word' id='word_1_155' title='bbox 2939 883 3292 945; x_wconf 81' lang='lat' dir='ltr'><strong>Peccatorcs</strong></span> <span class='ocrx_word' id='word_1_156' title='bbox 3343 903 3480 945; x_wconf 81' lang='lat' dir='ltr'><strong>vero</strong></span> <span class='ocrx_word' id='word_1_157' title='bbox 3513 893 3687 946; x_wconf 91' lang='lat' dir='ltr'><strong>erunt</strong></span> <span class='ocrx_word' id='word_1_158' title='bbox 3716 894 3783 946; x_wconf 91' lang='lat' dir='ltr'><strong>ut</strong></span> <span class='ocrx_word' id='word_1_159' title='bbox 3815 884 3878 945; x_wconf 90' lang='lat' dir='ltr'><strong>in</strong></span> 
     </span>
    </p>
   </div>
   <div class='ocr_carea' id='block_1_24' title="bbox 2216 971 3878 1053">
    <p class='ocr_par' dir='ltr' id='par_1_24' title="bbox 2216 971 3878 1053">
     <span class='ocr_line' id='line_1_24' title="bbox 2216 971 3878 1053; baseline 0 -19"><span class='ocrx_word' id='word_1_160' title='bbox 2216 973 2441 1034; x_wconf 92' lang='lat' dir='ltr'><strong>lumine</strong></span> <span class='ocrx_word' id='word_1_161' title='bbox 2471 973 2663 1052; x_wconf 87' lang='lat' dir='ltr'><strong>operti</strong></span> <span class='ocrx_word' id='word_1_162' title='bbox 2718 991 2788 1034; x_wconf 91' lang='lat' dir='ltr'><strong>ac</strong></span> <span class='ocrx_word' id='word_1_163' title='bbox 2849 971 3194 1033; x_wconf 84' lang='lat' dir='ltr'><strong>circumfusi</strong></span> <span class='ocrx_word' id='word_1_164' title='bbox 3253 973 3538 1048; x_wconf 88' lang='lat' dir='ltr'><strong>tenebris,</strong></span> <span class='ocrx_word' id='word_1_165' title='bbox 3574 974 3635 1034; x_wconf 90' lang='lat' dir='ltr'><strong>in</strong></span> <span class='ocrx_word' id='word_1_166' title='bbox 3666 973 3878 1053; x_wconf 88' lang='lat' dir='ltr'><strong>gaudio</strong></span> 
     </span>
    </p>
   </div>
   <div class='ocr_carea' id='block_1_25' title="bbox 2218 1059 3878 1140">
    <p class='ocr_par' dir='ltr' id='par_1_25' title="bbox 2218 1059 3878 1140">
     <span class='ocr_line' id='line_1_25' title="bbox 2218 1059 3878 1140; baseline -0.001 -16"><span class='ocrx_word' id='word_1_167' title='bbox 2218 1061 2662 1136; x_wconf 88' lang='lat' dir='ltr'><strong>erubescentes,</strong></span> <span class='ocrx_word' id='word_1_168' title='bbox 2699 1069 2756 1122; x_wconf 90' lang='lat' dir='ltr'><strong>et</strong></span> <span class='ocrx_word' id='word_1_169' title='bbox 2789 1061 2849 1121; x_wconf 91' lang='lat' dir='ltr'><strong>in</strong></span> <span class='ocrx_word' id='word_1_170' title='bbox 2884 1059 3086 1122; x_wconf 76' lang='lat' dir='ltr'><strong>lzetitia</strong></span> <span class='ocrx_word' id='word_1_171' title='bbox 3115 1060 3231 1140; x_wconf 90' lang='lat' dir='ltr'><strong>ipsi</strong></span> <span class='ocrx_word' id='word_1_172' title='bbox 3257 1060 3655 1137; x_wconf 89' lang='lat' dir='ltr'><strong>tabescentes,</strong></span> <span class='ocrx_word' id='word_1_173' title='bbox 3689 1070 3749 1123; x_wconf 91' lang='lat' dir='ltr'><strong>et</strong></span> <span class='ocrx_word' id='word_1_174' title='bbox 3775 1079 3878 1122; x_wconf 89' lang='lat' dir='ltr'><strong>ar-</strong></span> 
     </span>
    </p>
   </div>
   <div class='ocr_carea' id='block_1_26' title="bbox 2221 1150 3879 1224">
    <p class='ocr_par' dir='ltr' id='par_1_26' title="bbox 2221 1150 3879 1224">
     <span class='ocr_line' id='line_1_26' title="bbox 2221 1150 3879 1224; baseline -0.002 -11"><span class='ocrx_word' id='word_1_175' title='bbox 2221 1153 2434 1214; x_wconf 90' lang='lat' dir='ltr'><strong>denter</strong></span> <span class='ocrx_word' id='word_1_176' title='bbox 2459 1150 2852 1224; x_wconf 89' lang='lat' dir='ltr'><strong>horribiliter,</strong></span> <span class='ocrx_word' id='word_1_177' title='bbox 2886 1158 2943 1211; x_wconf 92' lang='lat' dir='ltr'><strong>et</strong></span> <span class='ocrx_word' id='word_1_178' title='bbox 2960 1150 3213 1211; x_wconf 88' lang='lat' dir='ltr'><strong>diversis</strong></span> <span class='ocrx_word' id='word_1_179' title='bbox 3233 1167 3473 1211; x_wconf 90' lang='lat' dir='ltr'><strong>suarum</strong></span> <span class='ocrx_word' id='word_1_180' title='bbox 3497 1151 3879 1213; x_wconf 83' lang='lat' dir='ltr'><strong>aﬁ&#39;ectionum</strong></span> 
     </span>
    </p>
   </div>
   <div class='ocr_carea' id='block_1_27' title="bbox 2220 1238 3884 1320">
    <p class='ocr_par' dir='ltr' id='par_1_27' title="bbox 2220 1238 3884 1320">
     <span class='ocr_line' id='line_1_27' title="bbox 2220 1238 3884 1320; baseline -0.002 -17"><span class='ocrx_word' id='word_1_181' title='bbox 2220 1241 2542 1320; x_wconf 89' lang='lat' dir='ltr'><strong>generibus</strong></span> <span class='ocrx_word' id='word_1_182' title='bbox 2572 1238 2818 1301; x_wconf 88' lang='lat' dir='ltr'><strong>cruciati</strong></span> <span class='ocrx_word' id='word_1_183' title='bbox 2847 1257 2860 1301; x_wconf 89' lang='lat'><strong>:</strong></span> <span class='ocrx_word' id='word_1_184' title='bbox 2889 1241 3040 1300; x_wconf 91' lang='lat' dir='ltr'><strong>sicut</strong></span> <span class='ocrx_word' id='word_1_185' title='bbox 3072 1238 3303 1300; x_wconf 89' lang='lat' dir='ltr'><strong>scilicet</strong></span> <span class='ocrx_word' id='word_1_186' title='bbox 3333 1250 3390 1300; x_wconf 92' lang='lat' dir='ltr'><strong>et</strong></span> <span class='ocrx_word' id='word_1_187' title='bbox 3413 1240 3560 1318; x_wconf 84' lang='lat' dir='ltr'><strong>justi</strong></span> <span class='ocrx_word' id='word_1_188' title='bbox 3591 1259 3624 1302; x_wconf 91' lang='lat' dir='ltr'><strong>a</strong></span> <span class='ocrx_word' id='word_1_189' title='bbox 3651 1241 3884 1301; x_wconf 87' lang='lat' dir='ltr'><strong>lumine</strong></span> 
     </span>
    </p>
   </div>
   <div class='ocr_carea' id='block_1_28' title="bbox 2222 1326 3878 1408">
    <p class='ocr_par' dir='ltr' id='par_1_28' title="bbox 2222 1326 3878 1408">
     <span class='ocr_line' id='line_1_28' title="bbox 2222 1326 3878 1408; baseline 0 -18"><span class='ocrx_word' id='word_1_190' title='bbox 2222 1329 2574 1403; x_wconf 87' lang='lat' dir='ltr'><strong>collustrati,</strong></span> <span class='ocrx_word' id='word_1_191' title='bbox 2595 1337 2650 1390; x_wconf 90' lang='lat' dir='ltr'><strong>et</strong></span> <span class='ocrx_word' id='word_1_192' title='bbox 2665 1326 2916 1389; x_wconf 90' lang='lat' dir='ltr'><strong>diversis</strong></span> <span class='ocrx_word' id='word_1_193' title='bbox 2929 1326 3246 1388; x_wconf 82' lang='lat' dir='ltr'><strong>virtutibus</strong></span> <span class='ocrx_word' id='word_1_194' title='bbox 3265 1328 3457 1389; x_wconf 90' lang='lat' dir='ltr'><strong>ornati</strong></span> <span class='ocrx_word' id='word_1_195' title='bbox 3479 1328 3878 1408; x_wconf 85' lang='lat' dir='ltr'><strong>apparebunt.</strong></span> 
     </span>
    </p>
   </div>
   <div class='ocr_carea' id='block_1_29' title="bbox 2225 1417 3882 1498">
    <p class='ocr_par' dir='ltr' id='par_1_29' title="bbox 2225 1417 3882 1498">
     <span class='ocr_line' id='line_1_29' title="bbox 2225 1417 3882 1498; baseline -0.001 -17"><span class='ocrx_word' id='word_1_196' title='bbox 2225 1420 2373 1482; x_wconf 90' lang='lat' dir='ltr'><strong>Nam</strong></span> <span class='ocrx_word' id='word_1_197' title='bbox 2401 1418 2581 1495; x_wconf 93' lang='lat' dir='ltr'><strong>Deus,</strong></span> <span class='ocrx_word' id='word_1_198' title='bbox 2625 1417 2724 1498; x_wconf 91' lang='lat' dir='ltr'><strong>qui</strong></span> <span class='ocrx_word' id='word_1_199' title='bbox 2756 1417 3084 1478; x_wconf 87' lang='lat' dir='ltr'><strong>secundum</strong></span> <span class='ocrx_word' id='word_1_200' title='bbox 3117 1425 3389 1478; x_wconf 86' lang='lat' dir='ltr'><strong>naturam</strong></span> <span class='ocrx_word' id='word_1_201' title='bbox 3421 1437 3585 1479; x_wconf 91' lang='lat' dir='ltr'><strong>suam</strong></span> <span class='ocrx_word' id='word_1_202' title='bbox 3619 1419 3882 1479; x_wconf 88' lang='lat' dir='ltr'><strong>charitas</strong></span> 
     </span>
    </p>
   </div>
   <div class='ocr_carea' id='block_1_30' title="bbox 2226 1505 3883 1583">
    <p class='ocr_par' dir='ltr' id='par_1_30' title="bbox 2226 1505 3883 1583">
     <span class='ocr_line' id='line_1_30' title="bbox 2226 1505 3883 1583; baseline -0.001 -14"><span class='ocrx_word' id='word_1_203' title='bbox 2226 1517 2340 1583; x_wconf 91' lang='lat' dir='ltr'><strong>est,</strong></span> <span class='ocrx_word' id='word_1_204' title='bbox 2375 1515 2434 1569; x_wconf 90' lang='lat' dir='ltr'><strong>et</strong></span> <span class='ocrx_word' id='word_1_205' title='bbox 2462 1515 2725 1580; x_wconf 87' lang='lat' dir='ltr'><strong>vocatur,</strong></span> <span class='ocrx_word' id='word_1_206' title='bbox 2757 1523 2868 1568; x_wconf 92' lang='lat' dir='ltr'><strong>nec</strong></span> <span class='ocrx_word' id='word_1_207' title='bbox 2927 1506 3238 1567; x_wconf 90' lang='lat' dir='ltr'><strong>damnatos</strong></span> <span class='ocrx_word' id='word_1_208' title='bbox 3289 1505 3434 1580; x_wconf 91' lang='lat' dir='ltr'><strong>odit,</strong></span> <span class='ocrx_word' id='word_1_209' title='bbox 3469 1507 3633 1567; x_wconf 92' lang='lat' dir='ltr'><strong>omni</strong></span> <span class='ocrx_word' id='word_1_210' title='bbox 3663 1507 3883 1568; x_wconf 76' lang='lat' dir='ltr'><strong>affectu</strong></span> 
     </span>
    </p>
   </div>
   <div class='ocr_carea' id='block_1_31' title="bbox 2226 1594 3881 1674">
    <p class='ocr_par' dir='ltr' id='par_1_31' title="bbox 2226 1594 3881 1674">
     <span class='ocr_line' id='line_1_31' title="bbox 2226 1594 3881 1674; baseline -0.001 -16"><span class='ocrx_word' id='word_1_211' title='bbox 2226 1597 2572 1658; x_wconf 90' lang='lat' dir='ltr'><strong>naturaliter</strong></span> <span class='ocrx_word' id='word_1_212' title='bbox 2598 1595 2783 1672; x_wconf 90' lang='lat' dir='ltr'><strong>liber,</strong></span> <span class='ocrx_word' id='word_1_213' title='bbox 2819 1613 2930 1656; x_wconf 89' lang='lat' dir='ltr'><strong>nec</strong></span> <span class='ocrx_word' id='word_1_214' title='bbox 2971 1613 3004 1655; x_wconf 91' lang='lat' dir='ltr'><strong>a</strong></span> <span class='ocrx_word' id='word_1_215' title='bbox 3034 1594 3329 1656; x_wconf 89' lang='lat' dir='ltr'><strong>damnatis</strong></span> <span class='ocrx_word' id='word_1_216' title='bbox 3352 1595 3491 1674; x_wconf 91' lang='lat' dir='ltr'><strong>jure</strong></span> <span class='ocrx_word' id='word_1_217' title='bbox 3521 1595 3657 1656; x_wconf 94' lang='lat' dir='ltr'><strong>odio</strong></span> <span class='ocrx_word' id='word_1_218' title='bbox 3687 1594 3881 1657; x_wconf 89' lang='lat' dir='ltr'><strong>habe-</strong></span> 
     </span>
    </p>
   </div>
   <div class='ocr_carea' id='block_1_32' title="bbox 2228 1683 3888 1765">
    <p class='ocr_par' dir='ltr' id='par_1_32' title="bbox 2228 1683 3888 1765">
     <span class='ocr_line' id='line_1_32' title="bbox 2228 1683 3888 1765; baseline 0 -19"><span class='ocrx_word' id='word_1_219' title='bbox 2228 1695 2321 1747; x_wconf 91' lang='lat' dir='ltr'><strong>tur</strong></span> <span class='ocrx_word' id='word_1_220' title='bbox 2356 1704 2369 1748; x_wconf 88' lang='lat'>:</span> <span class='ocrx_word' id='word_1_221' title='bbox 2409 1685 2514 1747; x_wconf 91' lang='lat' dir='ltr'><strong>sed</strong></span> <span class='ocrx_word' id='word_1_222' title='bbox 2547 1684 2898 1765; x_wconf 90' lang='lat' dir='ltr'><strong>quibuscum</strong></span> <span class='ocrx_word' id='word_1_223' title='bbox 2933 1691 3133 1744; x_wconf 91' lang='lat' dir='ltr'><strong>nostra</strong></span> <span class='ocrx_word' id='word_1_224' title='bbox 3161 1683 3460 1744; x_wconf 82' lang='lat' dir='ltr'><strong>voluntate</strong></span> <span class='ocrx_word' id='word_1_225' title='bbox 3491 1694 3553 1746; x_wconf 91' lang='lat' dir='ltr'><strong>et</strong></span> <span class='ocrx_word' id='word_1_226' title='bbox 3582 1683 3888 1746; x_wconf 85' lang='lat' dir='ltr'><strong>sententia</strong></span> 
     </span>
    </p>
   </div>
   <div class='ocr_carea' id='block_1_33' title="bbox 2223 1770 3884 1851">
    <p class='ocr_par' dir='ltr' id='par_1_33' title="bbox 2223 1770 3884 1851">
     <span class='ocr_line' id='line_1_33' title="bbox 2223 1770 3884 1851; baseline -0.001 -17"><span class='ocrx_word' id='word_1_227' title='bbox 2223 1774 2286 1836; x_wconf 90' lang='lat' dir='ltr'><strong>in</strong></span> <span class='ocrx_word' id='word_1_228' title='bbox 2338 1775 2450 1836; x_wconf 90' lang='lat' dir='ltr'><strong>hoc</strong></span> <span class='ocrx_word' id='word_1_229' title='bbox 2495 1773 2708 1834; x_wconf 68' lang='lat' dir='ltr'><strong>saeculo</strong></span> <span class='ocrx_word' id='word_1_230' title='bbox 2763 1790 3080 1851; x_wconf 91' lang='lat' dir='ltr'><strong>pravorum</strong></span> <span class='ocrx_word' id='word_1_231' title='bbox 3140 1770 3472 1833; x_wconf 90' lang='lat' dir='ltr'><strong>studiorum</strong></span> <span class='ocrx_word' id='word_1_232' title='bbox 3529 1773 3884 1835; x_wconf 89' lang='lat' dir='ltr'><strong>societatem</strong></span> 
     </span>
    </p>
   </div>
   <div class='ocr_carea' id='block_1_34' title="bbox 2227 1862 3889 1941">
    <p class='ocr_par' dir='ltr' id='par_1_34' title="bbox 2227 1862 3889 1941">
     <span class='ocr_line' id='line_1_34' title="bbox 2227 1862 3889 1941; baseline 0 -18"><span class='ocrx_word' id='word_1_233' title='bbox 2227 1863 2536 1941; x_wconf 89' lang='lat' dir='ltr'><strong>elegimus,</strong></span> <span class='ocrx_word' id='word_1_234' title='bbox 2570 1881 2703 1922; x_wconf 89' lang='lat' dir='ltr'><strong>cum</strong></span> <span class='ocrx_word' id='word_1_235' title='bbox 2758 1862 2849 1922; x_wconf 90' lang='lat' dir='ltr'><strong>his</strong></span> <span class='ocrx_word' id='word_1_236' title='bbox 2909 1869 2970 1921; x_wconf 91' lang='lat' dir='ltr'><strong>ut</strong></span> <span class='ocrx_word' id='word_1_237' title='bbox 3027 1862 3265 1941; x_wconf 72' lang='lat' dir='ltr'><strong>merito,</strong></span> <span class='ocrx_word' id='word_1_238' title='bbox 3331 1869 3388 1922; x_wconf 91' lang='lat' dir='ltr'><strong>et</strong></span> <span class='ocrx_word' id='word_1_239' title='bbox 3447 1863 3786 1923; x_wconf 90' lang='lat' dir='ltr'><strong>necessario</strong></span> <span class='ocrx_word' id='word_1_240' title='bbox 3819 1862 3889 1922; x_wconf 88' lang='lat' dir='ltr'><strong>in</strong></span> 
     </span>
    </p>
   </div>
   <div class='ocr_carea' id='block_1_35' title="bbox 482 1946 3892 2038">
    <p class='ocr_par' dir='ltr' id='par_1_35' title="bbox 482 1946 3892 2038">
     <span class='ocr_line' id='line_1_35' title="bbox 482 1946 3892 2038; baseline -0.004 -12"><span class='ocrx_word' id='word_1_241' title='bbox 482 1964 696 2026; x_wconf 88' lang='lat' dir='ltr'><strong>beatus</strong></span> <span class='ocrx_word' id='word_1_242' title='bbox 742 1964 962 2026; x_wconf 86' lang='lat' dir='ltr'><strong>Paulus</strong></span> <span class='ocrx_word' id='word_1_243' title='bbox 1019 1963 1432 2024; x_wconf 71' lang='lat' dir='ltr'><strong>inﬁdelitatem</strong></span> <span class='ocrx_word' id='word_1_244' title='bbox 1497 1946 1952 2038; x_wconf 83' lang='lat' dir='ltr'><strong>reprehendens</strong></span> <span class='ocrx_word' id='word_1_245' title='bbox 2006 1954 2090 2014; x_wconf 85' lang='lat' dir='ltr'><strong>ait</strong></span> <span class='ocrx_word' id='word_1_246' title='bbox 2126 1946 2423 2013; x_wconf 80' lang='lat' dir='ltr'><strong>:Bfuturo</strong></span> <span class='ocrx_word' id='word_1_247' title='bbox 2457 1951 2697 2026; x_wconf 87' lang='lat' dir='ltr'><strong>saeculo,</strong></span> <span class='ocrx_word' id='word_1_248' title='bbox 2731 1951 2999 2031; x_wconf 90' lang='lat' dir='ltr'><strong>quamvis</strong></span> <span class='ocrx_word' id='word_1_249' title='bbox 3029 1950 3302 2011; x_wconf 89' lang='lat' dir='ltr'><strong>nolentes</strong></span> <span class='ocrx_word' id='word_1_250' title='bbox 3351 1950 3563 2027; x_wconf 92' lang='lat' dir='ltr'><strong>simus,</strong></span> <span class='ocrx_word' id='word_1_251' title='bbox 3599 1951 3892 2014; x_wconf 88' lang='lat' dir='ltr'><strong>condem-</strong></span> 
     </span>
    </p>
   </div>
   <div class='ocr_carea' id='block_1_36' title="bbox 487 2048 2144 2132">
    <p class='ocr_par' dir='ltr' id='par_1_36' title="bbox 487 2048 2144 2132">
     <span class='ocr_line' id='line_1_36' title="bbox 487 2048 2144 2132; baseline -0.008 -16"><span class='ocrx_word' id='word_1_252' title='bbox 487 2052 871 2132; x_wconf 85' lang='lat' dir='ltr'><strong>Conﬁtentur</strong></span> <span class='ocrx_word' id='word_1_253' title='bbox 901 2070 964 2114; x_wconf 88' lang='lat' dir='ltr'><strong>se</strong></span> <span class='ocrx_word' id='word_1_254' title='bbox 1008 2052 1193 2112; x_wconf 83' lang='lat' dir='ltr'><strong>Deum</strong></span> <span class='ocrx_word' id='word_1_255' title='bbox 1218 2067 1417 2122; x_wconf 80' lang='lat' dir='ltr'><strong>nosse,</strong></span> <span class='ocrx_word' id='word_1_256' title='bbox 1445 2049 1629 2126; x_wconf 78' lang='lat' dir='ltr'><strong>factis</strong></span> <span class='ocrx_word' id='word_1_257' title='bbox 1656 2054 1859 2107; x_wconf 77' lang='lat' dir='ltr'><strong>autem</strong></span> <span class='ocrx_word' id='word_1_258' title='bbox 1888 2048 2144 2132; x_wconf 81' lang='lat' dir='ltr'><strong>negant,</strong></span> 
     </span>
    </p>
   </div>
   <div class='ocr_carea' id='block_1_37' title="bbox 485 2131 2148 2216">
    <p class='ocr_par' dir='ltr' id='par_1_37' title="bbox 485 2131 2148 2216">
     <span class='ocr_line' id='line_1_37' title="bbox 485 2131 2148 2216; baseline -0.008 -13"><span class='ocrx_word' id='word_1_259' title='bbox 485 2131 850 2216; x_wconf 72' lang='lat' dir='ltr'><strong>abominati,</strong></span> <span class='ocrx_word' id='word_1_260' title='bbox 872 2147 930 2202; x_wconf 87' lang='lat' dir='ltr'><strong>et</strong></span> <span class='ocrx_word' id='word_1_261' title='bbox 952 2138 1355 2215; x_wconf 73' lang='lat' dir='ltr'><strong>incredibiles,</strong></span> <span class='ocrx_word' id='word_1_262' title='bbox 1375 2146 1433 2197; x_wconf 86' lang='lat' dir='ltr'><strong>et</strong></span> <span class='ocrx_word' id='word_1_263' title='bbox 1456 2136 1535 2196; x_wconf 83' lang='lat' dir='ltr'><strong>ad</strong></span> <span class='ocrx_word' id='word_1_264' title='bbox 1559 2152 1733 2196; x_wconf 87' lang='lat' dir='ltr'><strong>omne</strong></span> <span class='ocrx_word' id='word_1_265' title='bbox 1755 2149 1900 2213; x_wconf 86' lang='lat' dir='ltr'><strong>opus</strong></span> <span class='ocrx_word' id='word_1_266' title='bbox 1925 2131 2148 2193; x_wconf 88' lang='lat' dir='ltr'><strong>bonum</strong></span> 
     </span>
    </p>
   </div>
   <div class='ocr_carea' id='block_1_38' title="bbox 487 2217 2149 2309">
    <p class='ocr_par' dir='ltr' id='par_1_38' title="bbox 487 2217 2149 2309">
     <span class='ocr_line' id='line_1_38' title="bbox 487 2217 2149 2309; baseline -0.005 -20"><span class='ocrx_word' id='word_1_267' title='bbox 487 2228 812 2309; x_wconf 52' lang='lat' dir='ltr'><strong>reprobi”.</strong></span> <span class='ocrx_word' id='word_1_268' title='bbox 839 2233 929 2292; x_wconf 86' lang='lat' dir='ltr'><strong>An</strong></span> <span class='ocrx_word' id='word_1_269' title='bbox 950 2246 1067 2288; x_wconf 91' lang='lat' dir='ltr'><strong>non</strong></span> <span class='ocrx_word' id='word_1_270' title='bbox 1096 2227 1317 2306; x_wconf 88' lang='lat' dir='ltr'><strong>ubique</strong></span> <span class='ocrx_word' id='word_1_271' title='bbox 1337 2223 1557 2289; x_wconf 90' lang='lat' dir='ltr'><strong>Christi</strong></span> <span class='ocrx_word' id='word_1_272' title='bbox 1583 2241 1802 2284; x_wconf 89' lang='lat' dir='ltr'><strong>nomen</strong></span> <span class='ocrx_word' id='word_1_273' title='bbox 1824 2217 2149 2309; x_wconf 83' lang='lat' dir='ltr'><strong>personat?</strong></span> 
     </span>
    </p>
   </div>
   <div class='ocr_carea' id='block_1_39' title="bbox 483 2307 2145 2395">
    <p class='ocr_par' dir='ltr' id='par_1_39' title="bbox 483 2307 2145 2395">
     <span class='ocr_line' id='line_1_39' title="bbox 483 2307 2145 2395; baseline -0.007 -16"><span class='ocrx_word' id='word_1_274' title='bbox 483 2307 852 2392; x_wconf 22' lang='lat' dir='ltr'><strong>inturbibus,</strong></span> <span class='ocrx_word' id='word_1_275' title='bbox 887 2316 949 2376; x_wconf 91' lang='lat' dir='ltr'><strong>in</strong></span> <span class='ocrx_word' id='word_1_276' title='bbox 1004 2315 1176 2395; x_wconf 89' lang='lat' dir='ltr'><strong>vicis,</strong></span> <span class='ocrx_word' id='word_1_277' title='bbox 1235 2315 1296 2375; x_wconf 89' lang='lat' dir='ltr'><strong>in</strong></span> <span class='ocrx_word' id='word_1_278' title='bbox 1357 2311 1669 2386; x_wconf 70' lang='lat' dir='ltr'><strong>cmnobiis,</strong></span> <span class='ocrx_word' id='word_1_279' title='bbox 1723 2311 1784 2370; x_wconf 90' lang='lat' dir='ltr'><strong>in</strong></span> <span class='ocrx_word' id='word_1_280' title='bbox 1819 2307 2145 2370; x_wconf 90' lang='lat' dir='ltr'><strong>montibus.</strong></span> 
     </span>
    </p>
   </div>
   <div class='ocr_carea' id='block_1_40' title="bbox 485 2400 2153 2485">
    <p class='ocr_par' dir='ltr' id='par_1_40' title="bbox 485 2400 2153 2485">
     <span class='ocr_line' id='line_1_40' title="bbox 485 2400 2153 2485; baseline -0.005 -19"><span class='ocrx_word' id='word_1_281' title='bbox 485 2405 720 2482; x_wconf 62' lang='lat' dir='ltr'><strong>Quaere,</strong></span> <span class='ocrx_word' id='word_1_282' title='bbox 747 2405 798 2466; x_wconf 92' lang='lat' dir='ltr'><strong>si</strong></span> <span class='ocrx_word' id='word_1_283' title='bbox 821 2405 1038 2485; x_wconf 89' lang='lat' dir='ltr'><strong>placet,</strong></span> <span class='ocrx_word' id='word_1_284' title='bbox 1069 2413 1127 2464; x_wconf 91' lang='lat' dir='ltr'><strong>et</strong></span> <span class='ocrx_word' id='word_1_285' title='bbox 1149 2411 1421 2466; x_wconf 85' lang='lat' dir='ltr'><strong>scrutare</strong></span> <span class='ocrx_word' id='word_1_286' title='bbox 1446 2400 1788 2478; x_wconf 88' lang='lat' dir='ltr'><strong>diligenter,</strong></span> <span class='ocrx_word' id='word_1_287' title='bbox 1813 2417 1886 2459; x_wconf 92' lang='lat' dir='ltr'><strong>an</strong></span> <span class='ocrx_word' id='word_1_288' title='bbox 1911 2405 2153 2485; x_wconf 90' lang='lat' dir='ltr'><strong>servent</strong></span> 
     </span>
    </p>
   </div>
   <div class='ocr_carea' id='block_1_41' title="bbox 485 2484 2148 2574">
    <p class='ocr_par' dir='ltr' id='par_1_41' title="bbox 485 2484 2148 2574">
     <span class='ocr_line' id='line_1_41' title="bbox 485 2484 2148 2574; baseline -0.006 -19"><span class='ocrx_word' id='word_1_289' title='bbox 485 2496 764 2556; x_wconf 88' lang='lat' dir='ltr'><strong>mandata</strong></span> <span class='ocrx_word' id='word_1_290' title='bbox 793 2484 945 2574; x_wconf 88' lang='lat' dir='ltr'><strong>ejus,</strong></span> <span class='ocrx_word' id='word_1_291' title='bbox 980 2501 1037 2552; x_wconf 91' lang='lat' dir='ltr'><strong>et</strong></span> <span class='ocrx_word' id='word_1_292' title='bbox 1070 2493 1160 2552; x_wconf 86' lang='lat' dir='ltr'><strong>vix</strong></span> <span class='ocrx_word' id='word_1_293' title='bbox 1218 2489 1488 2552; x_wconf 88' lang='lat' dir='ltr'><strong>invenies</strong></span> <span class='ocrx_word' id='word_1_294' title='bbox 1536 2506 1720 2549; x_wconf 90' lang='lat' dir='ltr'><strong>unum</strong></span> <span class='ocrx_word' id='word_1_295' title='bbox 1775 2505 1809 2547; x_wconf 92' lang='lat' dir='ltr'><strong>e</strong></span> <span class='ocrx_word' id='word_1_296' title='bbox 1859 2484 2148 2565; x_wconf 86' lang='lat' dir='ltr'><strong>millibus,</strong></span> 
     </span>
    </p>
   </div>
   <div class='ocr_carea' id='block_1_42' title="bbox 484 2575 2150 2661">
    <p class='ocr_par' dir='ltr' id='par_1_42' title="bbox 484 2575 2150 2661">
     <span class='ocr_line' id='line_1_42' title="bbox 484 2575 2150 2661; baseline -0.005 -17"><span class='ocrx_word' id='word_1_297' title='bbox 484 2583 824 2644; x_wconf 88' lang='lat' dir='ltr'><strong>utdilectus</strong></span> <span class='ocrx_word' id='word_1_298' title='bbox 842 2581 945 2644; x_wconf 92' lang='lat' dir='ltr'><strong>ille</strong></span> <span class='ocrx_word' id='word_1_299' title='bbox 972 2579 1302 2661; x_wconf 90' lang='lat' dir='ltr'><strong>discipulus</strong></span> <span class='ocrx_word' id='word_1_300' title='bbox 1349 2579 1610 2642; x_wconf 85' lang='lat' dir='ltr'><strong>Joannes</strong></span> <span class='ocrx_word' id='word_1_301' title='bbox 1651 2575 1768 2636; x_wconf 90' lang='lat' dir='ltr'><strong>ait:</strong></span> <span class='ocrx_word' id='word_1_302' title='bbox 1807 2575 2018 2638; x_wconf 81' lang='lat' dir='ltr'><strong>Omnis</strong></span> <span class='ocrx_word' id='word_1_303' title='bbox 2043 2575 2150 2651; x_wconf 88' lang='lat' dir='ltr'><strong>qui</strong></span> 
     </span>
    </p>
   </div>
   <div class='ocr_carea' id='block_1_43' title="bbox 480 2663 2142 2753">
    <p class='ocr_par' dir='ltr' id='par_1_43' title="bbox 480 2663 2142 2753">
     <span class='ocr_line' id='line_1_43' title="bbox 480 2663 2142 2753; baseline -0.008 -18"><span class='ocrx_word' id='word_1_304' title='bbox 480 2678 717 2753; x_wconf 83' lang='lat' dir='ltr'><strong>peccat,</strong></span> <span class='ocrx_word' id='word_1_305' title='bbox 733 2689 857 2734; x_wconf 87' lang='lat' dir='ltr'><strong>non</strong></span> <span class='ocrx_word' id='word_1_306' title='bbox 873 2671 1028 2733; x_wconf 86' lang='lat' dir='ltr'><strong>vidit</strong></span> <span class='ocrx_word' id='word_1_307' title='bbox 1048 2670 1242 2731; x_wconf 85' lang='lat' dir='ltr'><strong>Deum</strong></span> <span class='ocrx_word' id='word_1_308' title='bbox 1256 2717 1270 2743; x_wconf 93' lang='lat'><strong>,</strong></span> <span class='ocrx_word' id='word_1_309' title='bbox 1290 2685 1480 2746; x_wconf 84' lang='lat' dir='ltr'><strong>neque</strong></span> <span class='ocrx_word' id='word_1_310' title='bbox 1494 2671 1662 2728; x_wconf 88' lang='lat' dir='ltr'><strong>novit</strong></span> <span class='ocrx_word' id='word_1_311' title='bbox 1674 2664 1897 2727; x_wconf 71' lang='lat' dir='ltr'><strong>eum”.</strong></span> <span class='ocrx_word' id='word_1_312' title='bbox 1928 2663 2000 2724; x_wconf 91' lang='lat' dir='ltr'><strong>Et</strong></span> <span class='ocrx_word' id='word_1_313' title='bbox 2029 2663 2142 2753; x_wconf 81' lang='lat' dir='ltr'><strong>ite-</strong></span> 
     </span>
    </p>
   </div>
   <div class='ocr_carea' id='block_1_44' title="bbox 486 2752 2139 2838">
    <p class='ocr_par' dir='ltr' id='par_1_44' title="bbox 486 2752 2139 2838">
     <span class='ocr_line' id='line_1_44' title="bbox 486 2752 2139 2838; baseline -0.004 -16"><span class='ocrx_word' id='word_1_314' title='bbox 486 2752 619 2822; x_wconf 85' lang='lat' dir='ltr'><strong>rum</strong></span> <span class='ocrx_word' id='word_1_315' title='bbox 651 2779 664 2822; x_wconf 90' lang='lat'><strong>:</strong></span> <span class='ocrx_word' id='word_1_316' title='bbox 698 2761 908 2821; x_wconf 81' lang='lat' dir='ltr'><strong>Omnis</strong></span> <span class='ocrx_word' id='word_1_317' title='bbox 929 2761 1036 2838; x_wconf 82' lang='lat' dir='ltr'><strong>qui</strong></span> <span class='ocrx_word' id='word_1_318' title='bbox 1055 2760 1205 2836; x_wconf 81' lang='lat' dir='ltr'><strong>facit</strong></span> <span class='ocrx_word' id='word_1_319' title='bbox 1227 2764 1555 2836; x_wconf 85' lang='lat' dir='ltr'><strong>peccatum,</strong></span> <span class='ocrx_word' id='word_1_320' title='bbox 1583 2773 1657 2818; x_wconf 77' lang='lat' dir='ltr'><strong>ex</strong></span> <span class='ocrx_word' id='word_1_321' title='bbox 1674 2753 1914 2816; x_wconf 85' lang='lat' dir='ltr'><strong>diabolo</strong></span> <span class='ocrx_word' id='word_1_322' title='bbox 1945 2758 2032 2814; x_wconf 88' lang='lat' dir='ltr'><strong>est</strong></span> <span class='ocrx_word' id='word_1_323' title='bbox 2062 2752 2139 2815; x_wconf 65' lang='lat'><strong>‘8.</strong></span> 
     </span>
    </p>
   </div>
   <div class='ocr_carea' id='block_1_45' title="bbox 488 2841 2141 2928">
    <p class='ocr_par' dir='ltr' id='par_1_45' title="bbox 488 2841 2141 2928">
     <span class='ocr_line' id='line_1_45' title="bbox 488 2841 2141 2928; baseline -0.006 -17"><span class='ocrx_word' id='word_1_324' title='bbox 488 2848 607 2911; x_wconf 92' lang='lat' dir='ltr'><strong>Ubi</strong></span> <span class='ocrx_word' id='word_1_325' title='bbox 635 2848 840 2928; x_wconf 89' lang='lat' dir='ltr'><strong>igitur,</strong></span> <span class='ocrx_word' id='word_1_326' title='bbox 877 2847 1037 2908; x_wconf 91' lang='lat' dir='ltr'><strong>bona</strong></span> <span class='ocrx_word' id='word_1_327' title='bbox 1068 2865 1200 2926; x_wconf 65' lang='lat' dir='ltr'><strong>quis</strong></span> <span class='ocrx_word' id='word_1_328' title='bbox 1229 2854 1366 2906; x_wconf 89' lang='lat' dir='ltr'><strong>sunt</strong></span> <span class='ocrx_word' id='word_1_329' title='bbox 1395 2845 1455 2906; x_wconf 89' lang='lat' dir='ltr'><strong>in</strong></span> <span class='ocrx_word' id='word_1_330' title='bbox 1489 2843 1762 2906; x_wconf 89' lang='lat' dir='ltr'><strong>manibus</strong></span> <span class='ocrx_word' id='word_1_331' title='bbox 1791 2841 2008 2904; x_wconf 88' lang='lat' dir='ltr'><strong>nostris</strong></span> <span class='ocrx_word' id='word_1_332' title='bbox 2042 2860 2141 2902; x_wconf 73' lang='lat' dir='ltr'><strong>rc~</strong></span> 
     </span>
    </p>
   </div>
   <div class='ocr_carea' id='block_1_46' title="bbox 493 2930 2146 3018">
    <p class='ocr_par' dir='ltr' id='par_1_46' title="bbox 493 2930 2146 3018">
     <span class='ocr_line' id='line_1_46' title="bbox 493 2930 2146 3018; baseline -0.004 -19"><span class='ocrx_word' id='word_1_333' title='bbox 493 2937 860 3018; x_wconf 89' lang='lat' dir='ltr'><strong>linquentes,</strong></span> <span class='ocrx_word' id='word_1_334' title='bbox 913 2936 1197 2997; x_wconf 90' lang='lat' dir='ltr'><strong>inanibus</strong></span> <span class='ocrx_word' id='word_1_335' title='bbox 1245 2944 1467 3010; x_wconf 90' lang='lat' dir='ltr'><strong>autem,</strong></span> <span class='ocrx_word' id='word_1_336' title='bbox 1531 2941 1590 2995; x_wconf 92' lang='lat' dir='ltr'><strong>et</strong></span> <span class='ocrx_word' id='word_1_337' title='bbox 1641 2932 1814 2994; x_wconf 85' lang='lat' dir='ltr'><strong>ﬂuxis</strong></span> <span class='ocrx_word' id='word_1_338' title='bbox 1873 2930 2060 2994; x_wconf 90' lang='lat' dir='ltr'><strong>dediti</strong></span> <span class='ocrx_word' id='word_1_339' title='bbox 2089 2938 2146 2992; x_wconf 91' lang='lat' dir='ltr'><strong>et</strong></span> 
     </span>
    </p>
   </div>
   <div class='ocr_carea' id='block_1_47' title="bbox 487 3024 1256 3108">
    <p class='ocr_par' dir='ltr' id='par_1_47' title="bbox 487 3024 1256 3108">
     <span class='ocr_line' id='line_1_47' title="bbox 487 3024 1256 3108; baseline -0.003 -20"><span class='ocrx_word' id='word_1_340' title='bbox 487 3027 680 3108; x_wconf 89' lang='lat' dir='ltr'><strong>afﬁxi,</strong></span> <span class='ocrx_word' id='word_1_341' title='bbox 709 3043 876 3106; x_wconf 92' lang='lat' dir='ltr'><strong>spem</strong></span> <span class='ocrx_word' id='word_1_342' title='bbox 908 3024 1198 3086; x_wconf 88' lang='lat' dir='ltr'><strong>habemus</strong></span> <span class='ocrx_word' id='word_1_343' title='bbox 1228 3030 1256 3086; x_wconf 83' lang='lat'><strong>?</strong></span> 
     </span>
    </p>
   </div>
   <div class='ocr_carea' id='block_1_48' title="bbox 571 3108 2147 3195">
    <p class='ocr_par' dir='ltr' id='par_1_48' title="bbox 571 3108 2147 3195">
     <span class='ocr_line' id='line_1_48' title="bbox 571 3108 2147 3195; baseline -0.004 -19"><span class='ocrx_word' id='word_1_344' title='bbox 571 3113 642 3177; x_wconf 92' lang='lat' dir='ltr'><strong>Ut</strong></span> <span class='ocrx_word' id='word_1_345' title='bbox 675 3132 849 3195; x_wconf 89' lang='lat' dir='ltr'><strong>porro</strong></span> <span class='ocrx_word' id='word_1_346' title='bbox 895 3113 967 3175; x_wconf 88' lang='lat' dir='ltr'><strong>ad</strong></span> <span class='ocrx_word' id='word_1_347' title='bbox 1023 3111 1287 3192; x_wconf 90' lang='lat' dir='ltr'><strong>singulos</strong></span> <span class='ocrx_word' id='word_1_348' title='bbox 1316 3110 1558 3172; x_wconf 87' lang='lat' dir='ltr'><strong>vanitati</strong></span> <span class='ocrx_word' id='word_1_349' title='bbox 1615 3108 1990 3172; x_wconf 64' lang='lat' dir='ltr'><strong>adhaerentes</strong></span> <span class='ocrx_word' id='word_1_350' title='bbox 2022 3126 2147 3169; x_wconf 89' lang='lat' dir='ltr'><strong>ser-</strong></span> 
     </span>
    </p>
   </div>
   <div class='ocr_carea' id='block_1_49' title="bbox 2229 2039 3892 2121">
    <p class='ocr_par' dir='ltr' id='par_1_49' title="bbox 2229 2039 3892 2121">
     <span class='ocr_line' id='line_1_49' title="bbox 2229 2039 3892 2121; baseline 0 -19"><span class='ocrx_word' id='word_1_351' title='bbox 2229 2040 2505 2102; x_wconf 89' lang='lat' dir='ltr'><strong>nabimur</strong></span> <span class='ocrx_word' id='word_1_352' title='bbox 2554 2039 2787 2101; x_wconf 92' lang='lat' dir='ltr'><strong>Etenim</strong></span> <span class='ocrx_word' id='word_1_353' title='bbox 2814 2048 2988 2120; x_wconf 89' lang='lat' dir='ltr'><strong>prout</strong></span> <span class='ocrx_word' id='word_1_354' title='bbox 3012 2040 3263 2120; x_wconf 89' lang='lat' dir='ltr'><strong>quisque</strong></span> <span class='ocrx_word' id='word_1_355' title='bbox 3285 2040 3554 2120; x_wconf 79' lang='lat' dir='ltr'><strong>affectus,</strong></span> <span class='ocrx_word' id='word_1_356' title='bbox 3581 2058 3650 2102; x_wconf 90' lang='lat' dir='ltr'><strong>ac</strong></span> <span class='ocrx_word' id='word_1_357' title='bbox 3673 2040 3892 2121; x_wconf 88' lang='lat' dir='ltr'><strong>dispo-</strong></span> 
     </span>
    </p>
   </div>
   <div class='ocr_carea' id='block_1_50' title="bbox 2230 2127 3889 2205">
    <p class='ocr_par' dir='ltr' id='par_1_50' title="bbox 2230 2127 3889 2205">
     <span class='ocr_line' id='line_1_50' title="bbox 2230 2127 3889 2205; baseline 0.001 -15"><span class='ocrx_word' id='word_1_358' title='bbox 2230 2131 2376 2191; x_wconf 90' lang='lat' dir='ltr'><strong>situs</strong></span> <span class='ocrx_word' id='word_1_359' title='bbox 2400 2139 2512 2205; x_wconf 91' lang='lat' dir='ltr'><strong>est,</strong></span> <span class='ocrx_word' id='word_1_360' title='bbox 2541 2132 2700 2192; x_wconf 88' lang='lat' dir='ltr'><strong>Deus</strong></span> <span class='ocrx_word' id='word_1_361' title='bbox 2719 2129 2922 2190; x_wconf 91' lang='lat' dir='ltr'><strong>unitus</strong></span> <span class='ocrx_word' id='word_1_362' title='bbox 2946 2127 3248 2202; x_wconf 92' lang='lat' dir='ltr'><strong>omnibus,</strong></span> <span class='ocrx_word' id='word_1_363' title='bbox 3276 2131 3336 2189; x_wconf 91' lang='lat' dir='ltr'><strong>in</strong></span> <span class='ocrx_word' id='word_1_364' title='bbox 3377 2129 3495 2190; x_wconf 91' lang='lat' dir='ltr'><strong>ﬁne</strong></span> <span class='ocrx_word' id='word_1_365' title='bbox 3525 2130 3889 2192; x_wconf 70' lang='lat' dir='ltr'><strong>saeculorum</strong></span> 
     </span>
    </p>
   </div>
   <div class='ocr_carea' id='block_1_51' title="bbox 2230 2216 3892 2299">
    <p class='ocr_par' dir='ltr' id='par_1_51' title="bbox 2230 2216 3892 2299">
     <span class='ocr_line' id='line_1_51' title="bbox 2230 2216 3892 2299; baseline 0.001 -20"><span class='ocrx_word' id='word_1_366' title='bbox 2230 2219 2386 2279; x_wconf 91' lang='lat' dir='ltr'><strong>sicut</strong></span> <span class='ocrx_word' id='word_1_367' title='bbox 2413 2217 2573 2278; x_wconf 89' lang='lat' dir='ltr'><strong>novit</strong></span> <span class='ocrx_word' id='word_1_368' title='bbox 2602 2217 2753 2295; x_wconf 88' lang='lat' dir='ltr'><strong>ipse,</strong></span> <span class='ocrx_word' id='word_1_369' title='bbox 2791 2235 3033 2279; x_wconf 92' lang='lat' dir='ltr'><strong>sensum</strong></span> <span class='ocrx_word' id='word_1_370' title='bbox 3065 2216 3284 2297; x_wconf 91' lang='lat' dir='ltr'><strong>cuique</strong></span> <span class='ocrx_word' id='word_1_371' title='bbox 3318 2217 3560 2299; x_wconf 60' lang='lat' dir='ltr'><strong>praebet,</strong></span> <span class='ocrx_word' id='word_1_372' title='bbox 3585 2220 3892 2299; x_wconf 90' lang='lat' dir='ltr'><strong>quomodo</strong></span> 
     </span>
    </p>
   </div>
   <div class='ocr_carea' id='block_1_52' title="bbox 2232 2305 3884 2389">
    <p class='ocr_par' dir='ltr' id='par_1_52' title="bbox 2232 2305 3884 2389">
     <span class='ocr_line' id='line_1_52' title="bbox 2232 2305 3884 2389; baseline 0.001 -21"><span class='ocrx_word' id='word_1_373' title='bbox 2232 2309 2305 2369; x_wconf 87' lang='lat' dir='ltr'><strong>ab</strong></span> <span class='ocrx_word' id='word_1_374' title='bbox 2333 2308 2462 2389; x_wconf 92' lang='lat' dir='ltr'><strong>ipso</strong></span> <span class='ocrx_word' id='word_1_375' title='bbox 2493 2308 2782 2370; x_wconf 88' lang='lat' dir='ltr'><strong>formatus</strong></span> <span class='ocrx_word' id='word_1_376' title='bbox 2837 2307 2932 2369; x_wconf 91' lang='lat' dir='ltr'><strong>sit.</strong></span> <span class='ocrx_word' id='word_1_377' title='bbox 2994 2305 3202 2386; x_wconf 88' lang='lat' dir='ltr'><strong>Dignis</strong></span> <span class='ocrx_word' id='word_1_378' title='bbox 3257 2306 3435 2386; x_wconf 89' lang='lat' dir='ltr'><strong>igitur</strong></span> <span class='ocrx_word' id='word_1_379' title='bbox 3490 2325 3598 2387; x_wconf 91' lang='lat' dir='ltr'><strong>per</strong></span> <span class='ocrx_word' id='word_1_380' title='bbox 3630 2311 3884 2387; x_wconf 89' lang='lat' dir='ltr'><strong>gratiam</strong></span> 
     </span>
    </p>
   </div>
   <div class='ocr_carea' id='block_1_53' title="bbox 2235 2395 3890 2478">
    <p class='ocr_par' dir='ltr' id='par_1_53' title="bbox 2235 2395 3890 2478">
     <span class='ocr_line' id='line_1_53' title="bbox 2235 2395 3890 2478; baseline 0.002 -22"><span class='ocrx_word' id='word_1_381' title='bbox 2235 2397 2438 2458; x_wconf 91' lang='lat' dir='ltr'><strong>unitus</strong></span> <span class='ocrx_word' id='word_1_382' title='bbox 2469 2415 2647 2478; x_wconf 92' lang='lat' dir='ltr'><strong>supra</strong></span> <span class='ocrx_word' id='word_1_383' title='bbox 2705 2403 3001 2470; x_wconf 90' lang='lat' dir='ltr'><strong>naturam,</strong></span> <span class='ocrx_word' id='word_1_384' title='bbox 3053 2395 3274 2470; x_wconf 91' lang='lat' dir='ltr'><strong>divina,</strong></span> <span class='ocrx_word' id='word_1_385' title='bbox 3338 2404 3396 2458; x_wconf 88' lang='lat' dir='ltr'><strong>et</strong></span> <span class='ocrx_word' id='word_1_386' title='bbox 3443 2415 3682 2459; x_wconf 84' lang='lat' dir='ltr'><strong>omnem</strong></span> <span class='ocrx_word' id='word_1_387' title='bbox 3716 2398 3890 2477; x_wconf 85' lang='lat' dir='ltr'><strong>cogi-</strong></span> 
     </span>
    </p>
   </div>
   <div class='ocr_carea' id='block_1_54' title="bbox 2234 2487 3888 2566">
    <p class='ocr_par' dir='ltr' id='par_1_54' title="bbox 2234 2487 3888 2566">
     <span class='ocr_line' id='line_1_54' title="bbox 2234 2487 3888 2566; baseline 0.001 -18"><span class='ocrx_word' id='word_1_388' title='bbox 2234 2487 2516 2548; x_wconf 85' lang='lat' dir='ltr'><strong>tationem</strong></span> <span class='ocrx_word' id='word_1_389' title='bbox 2547 2503 2840 2564; x_wconf 89' lang='lat' dir='ltr'><strong>superans</strong></span> <span class='ocrx_word' id='word_1_390' title='bbox 2871 2487 3139 2566; x_wconf 90' lang='lat' dir='ltr'><strong>voluptas</strong></span> <span class='ocrx_word' id='word_1_391' title='bbox 3171 2504 3302 2547; x_wconf 91' lang='lat' dir='ltr'><strong>esse</strong></span> <span class='ocrx_word' id='word_1_392' title='bbox 3332 2487 3662 2551; x_wconf 89' lang='lat' dir='ltr'><strong>consuevit.</strong></span> <span class='ocrx_word' id='word_1_393' title='bbox 3715 2487 3888 2549; x_wconf 88' lang='lat' dir='ltr'><strong>Indi-</strong></span> 
     </span>
    </p>
   </div>
   <div class='ocr_carea' id='block_1_55' title="bbox 2231 2574 3883 2656">
    <p class='ocr_par' dir='ltr' id='par_1_55' title="bbox 2231 2574 3883 2656">
     <span class='ocr_line' id='line_1_55' title="bbox 2231 2574 3883 2656; baseline 0.002 -20"><span class='ocrx_word' id='word_1_394' title='bbox 2231 2575 2363 2654; x_wconf 89' lang='lat' dir='ltr'><strong>gnis</strong></span> <span class='ocrx_word' id='word_1_395' title='bbox 2379 2584 2573 2637; x_wconf 90' lang='lat' dir='ltr'><strong>autem</strong></span> <span class='ocrx_word' id='word_1_396' title='bbox 2599 2585 2815 2655; x_wconf 78' lang='lat' dir='ltr'><strong>praeter</strong></span> <span class='ocrx_word' id='word_1_397' title='bbox 2837 2576 3083 2654; x_wconf 88' lang='lat' dir='ltr'><strong>gratiam</strong></span> <span class='ocrx_word' id='word_1_398' title='bbox 3109 2574 3334 2656; x_wconf 88' lang='lat' dir='ltr'><strong>unitus,</strong></span> <span class='ocrx_word' id='word_1_399' title='bbox 3362 2583 3580 2656; x_wconf 62' lang='lat' dir='ltr'><strong>praeter</strong></span> <span class='ocrx_word' id='word_1_400' title='bbox 3609 2585 3883 2639; x_wconf 90' lang='lat' dir='ltr'><strong>naturam</strong></span> 
     </span>
    </p>
   </div>
   <div class='ocr_carea' id='block_1_56' title="bbox 2227 2664 3882 2745">
    <p class='ocr_par' dir='ltr' id='par_1_56' title="bbox 2227 2664 3882 2745">
     <span class='ocr_line' id='line_1_56' title="bbox 2227 2664 3882 2745; baseline 0.001 -19"><span class='ocrx_word' id='word_1_401' title='bbox 2227 2664 2556 2726; x_wconf 90' lang='lat' dir='ltr'><strong>secundum</strong></span> <span class='ocrx_word' id='word_1_402' title='bbox 2590 2664 2978 2744; x_wconf 91' lang='lat' dir='ltr'><strong>privationem</strong></span> <span class='ocrx_word' id='word_1_403' title='bbox 3011 2665 3188 2744; x_wconf 91' lang='lat' dir='ltr'><strong>hujus</strong></span> <span class='ocrx_word' id='word_1_404' title='bbox 3217 2665 3418 2743; x_wconf 69' lang='lat' dir='ltr'><strong>gratia:</strong></span> <span class='ocrx_word' id='word_1_405' title='bbox 3464 2667 3882 2745; x_wconf 85' lang='lat' dir='ltr'><strong>constitutum,</strong></span> 
     </span>
    </p>
   </div>
   <div class='ocr_carea' id='block_1_57' title="bbox 2228 2751 3885 2834">
    <p class='ocr_par' dir='ltr' id='par_1_57' title="bbox 2228 2751 3885 2834">
     <span class='ocr_line' id='line_1_57' title="bbox 2228 2751 3885 2834; baseline 0.002 -22"><span class='ocrx_word' id='word_1_406' title='bbox 2228 2751 2668 2814; x_wconf 80' lang='lat' dir='ltr'><strong>etineﬁ&#39;abilem</strong></span> <span class='ocrx_word' id='word_1_407' title='bbox 2711 2751 2980 2813; x_wconf 89' lang='lat' dir='ltr'><strong>dolorem</strong></span> <span class='ocrx_word' id='word_1_408' title='bbox 3013 2752 3210 2813; x_wconf 87' lang='lat' dir='ltr'><strong>facere</strong></span> <span class='ocrx_word' id='word_1_409' title='bbox 3244 2753 3418 2828; x_wconf 90' lang='lat' dir='ltr'><strong>solet,</strong></span> <span class='ocrx_word' id='word_1_410' title='bbox 3451 2763 3516 2814; x_wconf 90' lang='lat' dir='ltr'><strong>ut</strong></span> <span class='ocrx_word' id='word_1_411' title='bbox 3546 2761 3604 2815; x_wconf 88' lang='lat' dir='ltr'><strong>et</strong></span> <span class='ocrx_word' id='word_1_412' title='bbox 3635 2771 3885 2834; x_wconf 90' lang='lat' dir='ltr'><strong>magnus</strong></span> 
     </span>
    </p>
   </div>
   <div class='ocr_carea' id='block_1_58' title="bbox 2227 2839 3880 2924">
    <p class='ocr_par' dir='ltr' id='par_1_58' title="bbox 2227 2839 3880 2924">
     <span class='ocr_line' id='line_1_58' title="bbox 2227 2839 3880 2924; baseline 0.001 -21"><span class='ocrx_word' id='word_1_413' title='bbox 2227 2841 2544 2920; x_wconf 87' lang='lat' dir='ltr'><strong>Gregorius</strong></span> <span class='ocrx_word' id='word_1_414' title='bbox 2561 2840 2895 2920; x_wconf 88' lang='lat' dir='ltr'><strong>Theologus</strong></span> <span class='ocrx_word' id='word_1_415' title='bbox 2912 2841 3021 2904; x_wconf 91' lang='lat' dir='ltr'><strong>ait:</strong></span> <span class='ocrx_word' id='word_1_416' title='bbox 3044 2839 3090 2904; x_wconf 93' lang='grc' dir='ltr'>Ο</span> <span class='ocrx_word' id='word_1_417' title='bbox 3114 2839 3400 2915; x_wconf 91' lang='lat' dir='ltr'><strong>Trinitas,</strong></span> <span class='ocrx_word' id='word_1_418' title='bbox 3419 2861 3548 2922; x_wconf 76' lang='lat' dir='ltr'><strong>quae</strong></span> <span class='ocrx_word' id='word_1_419' title='bbox 3559 2843 3880 2924; x_wconf 90' lang='lat' dir='ltr'><strong>aliquando</strong></span> 
     </span>
    </p>
   </div>
   <div class='ocr_carea' id='block_1_59' title="bbox 2227 2930 3883 3012">
    <p class='ocr_par' dir='ltr' id='par_1_59' title="bbox 2227 2930 3883 3012">
     <span class='ocr_line' id='line_1_59' title="bbox 2227 2930 3883 3012; baseline 0 -20"><span class='ocrx_word' id='word_1_420' title='bbox 2227 2930 2526 3012; x_wconf 90' lang='lat' dir='ltr'><strong>omnibus,</strong></span> <span class='ocrx_word' id='word_1_421' title='bbox 2545 2931 2678 2993; x_wconf 90' lang='lat' dir='ltr'><strong>aliis</strong></span> <span class='ocrx_word' id='word_1_422' title='bbox 2710 2930 3125 3007; x_wconf 89' lang='lat' dir='ltr'><strong>illustratione,</strong></span> <span class='ocrx_word' id='word_1_423' title='bbox 3156 2931 3289 2993; x_wconf 90' lang='lat' dir='ltr'><strong>aliis</strong></span> <span class='ocrx_word' id='word_1_424' title='bbox 3317 2931 3622 2992; x_wconf 91' lang='lat' dir='ltr'><strong>vocatione</strong></span> <span class='ocrx_word' id='word_1_425' title='bbox 3646 2932 3883 3009; x_wconf 87' lang='lat' dir='ltr'><strong>cognita</strong></span> 
     </span>
    </p>
   </div>
   <div class='ocr_carea' id='block_1_60' title="bbox 2229 3017 3884 3100">
    <p class='ocr_par' dir='ltr' id='par_1_60' title="bbox 2229 3017 3884 3100">
     <span class='ocr_line' id='line_1_60' title="bbox 2229 3017 3884 3100; baseline 0.002 -22"><span class='ocrx_word' id='word_1_426' title='bbox 2229 3017 2412 3080; x_wconf 82' lang='lat' dir='ltr'><strong>fuisti.</strong></span> <span class='ocrx_word' id='word_1_427' title='bbox 2467 3017 2565 3081; x_wconf 90' lang='lat' dir='ltr'><strong>Sic</strong></span> <span class='ocrx_word' id='word_1_428' title='bbox 2596 3020 2773 3097; x_wconf 90' lang='lat' dir='ltr'><strong>igitur</strong></span> <span class='ocrx_word' id='word_1_429' title='bbox 2799 3020 3196 3100; x_wconf 88' lang='lat' dir='ltr'><strong>corporaliter</strong></span> <span class='ocrx_word' id='word_1_430' title='bbox 3227 3019 3288 3080; x_wconf 90' lang='lat' dir='ltr'><strong>in</strong></span> <span class='ocrx_word' id='word_1_431' title='bbox 3321 3018 3644 3100; x_wconf 91' lang='lat' dir='ltr'><strong>Scripturis</strong></span> <span class='ocrx_word' id='word_1_432' title='bbox 3671 3019 3884 3081; x_wconf 88' lang='lat' dir='ltr'><strong>divini-</strong></span> 
     </span>
    </p>
   </div>
   <div class='ocr_carea' id='block_1_61' title="bbox 2231 3107 3884 3190">
    <p class='ocr_par' dir='ltr' id='par_1_61' title="bbox 2231 3107 3884 3190">
     <span class='ocr_line' id='line_1_61' title="bbox 2231 3107 3884 3190; baseline 0.001 -22"><span class='ocrx_word' id='word_1_433' title='bbox 2231 3118 2323 3169; x_wconf 91' lang='lat' dir='ltr'><strong>tus</strong></span> <span class='ocrx_word' id='word_1_434' title='bbox 2354 3107 2658 3188; x_wconf 90' lang='lat' dir='ltr'><strong>inspiratis</strong></span> <span class='ocrx_word' id='word_1_435' title='bbox 2687 3109 2813 3170; x_wconf 85' lang='lat' dir='ltr'><strong>haec</strong></span> <span class='ocrx_word' id='word_1_436' title='bbox 2866 3109 3058 3190; x_wconf 89' lang='lat' dir='ltr'><strong>posita</strong></span> <span class='ocrx_word' id='word_1_437' title='bbox 3113 3109 3347 3183; x_wconf 88' lang='lat' dir='ltr'><strong>inveni,</strong></span> <span class='ocrx_word' id='word_1_438' title='bbox 3410 3117 3470 3172; x_wconf 91' lang='lat' dir='ltr'><strong>et</strong></span> <span class='ocrx_word' id='word_1_439' title='bbox 3494 3109 3884 3188; x_wconf 85' lang='lat' dir='ltr'><strong>Spiritualiter</strong></span> 
     </span>
    </p>
   </div>
   <div class='ocr_carea' id='block_1_62' title="bbox 487 3196 3883 3282">
    <p class='ocr_par' dir='ltr' id='par_1_62' title="bbox 487 3196 3883 3282">
     <span class='ocr_line' id='line_1_62' title="bbox 487 3196 3883 3282; baseline -0.002 -17"><span class='ocrx_word' id='word_1_440' title='bbox 487 3222 730 3266; x_wconf 90' lang='lat' dir='ltr'><strong>monem</strong></span> <span class='ocrx_word' id='word_1_441' title='bbox 760 3213 1129 3282; x_wconf 80' lang='lat' dir='ltr'><strong>convertam,</strong></span> <span class='ocrx_word' id='word_1_442' title='bbox 1163 3220 1294 3282; x_wconf 84' lang='lat' dir='ltr'><strong>age,</strong></span> <span class='ocrx_word' id='word_1_443' title='bbox 1331 3220 1446 3282; x_wconf 89' lang='lat' dir='ltr'><strong>quo</strong></span> <span class='ocrx_word' id='word_1_444' title='bbox 1483 3207 1648 3280; x_wconf 89' lang='lat' dir='ltr'><strong>pacto</strong></span> <span class='ocrx_word' id='word_1_445' title='bbox 1678 3197 1849 3276; x_wconf 91' lang='lat' dir='ltr'><strong>dicis,</strong></span> <span class='ocrx_word' id='word_1_446' title='bbox 1876 3199 2003 3260; x_wconf 82' lang='lat' dir='ltr'><strong>haec</strong></span> <span class='ocrx_word' id='word_1_447' title='bbox 2025 3216 2149 3258; x_wconf 88' lang='lat' dir='ltr'><strong>om—</strong></span> <span class='ocrx_word' id='word_1_448' title='bbox 2171 3224 2211 3275; x_wconf 65' lang='grc' dir='ltr'><strong>(ι</strong></span> <span class='ocrx_word' id='word_1_449' title='bbox 2236 3196 2480 3260; x_wconf 86' lang='lat' dir='ltr'><strong>edoctus</strong></span> <span class='ocrx_word' id='word_1_450' title='bbox 2510 3217 2640 3260; x_wconf 91' lang='lat' dir='ltr'><strong>sum</strong></span> <span class='ocrx_word' id='word_1_451' title='bbox 2669 3217 2704 3261; x_wconf 92' lang='lat' dir='ltr'><strong>a</strong></span> <span class='ocrx_word' id='word_1_452' title='bbox 2737 3197 2982 3280; x_wconf 90' lang='lat' dir='ltr'><strong>Spiritu,</strong></span> <span class='ocrx_word' id='word_1_453' title='bbox 3019 3207 3078 3262; x_wconf 94' lang='lat' dir='ltr'><strong>et</strong></span> <span class='ocrx_word' id='word_1_454' title='bbox 3107 3198 3181 3260; x_wconf 89' lang='lat' dir='ltr'><strong>ad</strong></span> <span class='ocrx_word' id='word_1_455' title='bbox 3234 3218 3338 3261; x_wconf 91' lang='lat' dir='ltr'><strong>vos</strong></span> <span class='ocrx_word' id='word_1_456' title='bbox 3371 3198 3546 3278; x_wconf 91' lang='lat' dir='ltr'><strong>plene</strong></span> <span class='ocrx_word' id='word_1_457' title='bbox 3575 3198 3883 3261; x_wconf 91' lang='lat' dir='ltr'><strong>instruen-</strong></span> 
     </span>
    </p>
   </div>
   <div class='ocr_carea' id='block_1_63' title="bbox 487 3285 2153 3373">
    <p class='ocr_par' dir='ltr' id='par_1_63' title="bbox 487 3285 2153 3373">
     <span class='ocr_line' id='line_1_63' title="bbox 487 3285 2153 3373; baseline -0.005 -19"><span class='ocrx_word' id='word_1_458' title='bbox 487 3293 588 3354; x_wconf 91' lang='lat' dir='ltr'><strong>nia</strong></span> <span class='ocrx_word' id='word_1_459' title='bbox 617 3293 780 3373; x_wconf 89' lang='lat' dir='ltr'><strong>novi,</strong></span> <span class='ocrx_word' id='word_1_460' title='bbox 817 3298 878 3353; x_wconf 92' lang='lat' dir='ltr'><strong>et</strong></span> <span class='ocrx_word' id='word_1_461' title='bbox 911 3310 1006 3352; x_wconf 86' lang='lat' dir='ltr'><strong>me</strong></span> <span class='ocrx_word' id='word_1_462' title='bbox 1060 3290 1392 3364; x_wconf 90' lang='lat' dir='ltr'><strong>mortalem,</strong></span> <span class='ocrx_word' id='word_1_463' title='bbox 1449 3297 1507 3349; x_wconf 91' lang='lat' dir='ltr'><strong>et</strong></span> <span class='ocrx_word' id='word_1_464' title='bbox 1557 3285 1827 3349; x_wconf 90' lang='lat' dir='ltr'><strong>umbram</strong></span> <span class='ocrx_word' id='word_1_465' title='bbox 1861 3305 1992 3348; x_wconf 91' lang='lat' dir='ltr'><strong>esse</strong></span> <span class='ocrx_word' id='word_1_466' title='bbox 2021 3305 2153 3367; x_wconf 88' lang='lat' dir='ltr'><strong>quae</strong></span> 
     </span>
    </p>
   </div>
   <div class='ocr_carea' id='block_1_64' title="bbox 2236 3286 3885 3369">
    <p class='ocr_par' dir='ltr' id='par_1_64' title="bbox 2236 3286 3885 3369">
     <span class='ocr_line' id='line_1_64' title="bbox 2236 3286 3885 3369; baseline 0 -21"><span class='ocrx_word' id='word_1_467' title='bbox 2236 3286 2342 3348; x_wconf 91' lang='lat' dir='ltr'><strong>dos</strong></span> <span class='ocrx_word' id='word_1_468' title='bbox 2371 3304 2442 3350; x_wconf 88' lang='lat' dir='ltr'><strong>ex</strong></span> <span class='ocrx_word' id='word_1_469' title='bbox 2473 3289 2659 3350; x_wconf 89' lang='lat' dir='ltr'><strong>multa</strong></span> <span class='ocrx_word' id='word_1_470' title='bbox 2702 3288 3014 3362; x_wconf 87' lang='lat' dir='ltr'><strong>charitate,</strong></span> <span class='ocrx_word' id='word_1_471' title='bbox 3067 3286 3215 3349; x_wconf 87' lang='lat' dir='ltr'><strong>nihil</strong></span> <span class='ocrx_word' id='word_1_472' title='bbox 3277 3286 3636 3350; x_wconf 89' lang='lat' dir='ltr'><strong>subtrahens</strong></span> <span class='ocrx_word' id='word_1_473' title='bbox 3667 3287 3885 3369; x_wconf 91' lang='lat' dir='ltr'><strong>scripsi</strong></span> 
     </span>
    </p>
   </div>
   <div class='ocr_carea' id='block_1_65' title="bbox 486 3376 3883 3460">
    <p class='ocr_par' dir='ltr' id='par_1_65' title="bbox 486 3376 3883 3460">
     <span class='ocr_line' id='line_1_65' title="bbox 486 3376 3883 3460; baseline -0.001 -18"><span class='ocrx_word' id='word_1_474' title='bbox 486 3383 788 3454; x_wconf 89' lang='lat' dir='ltr'><strong>videntur,</strong></span> <span class='ocrx_word' id='word_1_475' title='bbox 821 3389 880 3443; x_wconf 92' lang='lat' dir='ltr'><strong>et</strong></span> <span class='ocrx_word' id='word_1_476' title='bbox 915 3389 1166 3442; x_wconf 91' lang='lat' dir='ltr'><strong>mortem</strong></span> <span class='ocrx_word' id='word_1_477' title='bbox 1201 3377 1607 3460; x_wconf 91' lang='lat' dir='ltr'><strong>improvisam,</strong></span> <span class='ocrx_word' id='word_1_478' title='bbox 1653 3384 1712 3439; x_wconf 89' lang='lat' dir='ltr'><strong>et</strong></span> <span class='ocrx_word' id='word_1_479' title='bbox 1740 3376 1989 3455; x_wconf 88' lang='lat' dir='ltr'><strong>gloriam</strong></span> <span class='ocrx_word' id='word_1_480' title='bbox 2014 3378 2150 3457; x_wconf 89' lang='lat' dir='ltr'><strong>jus-</strong></span> <span class='ocrx_word' id='word_1_481' title='bbox 2237 3377 2393 3438; x_wconf 91' lang='lat' dir='ltr'><strong>dicta</strong></span> <span class='ocrx_word' id='word_1_482' title='bbox 2425 3378 2595 3454; x_wconf 91' lang='lat' dir='ltr'><strong>mihi,</strong></span> <span class='ocrx_word' id='word_1_483' title='bbox 2617 3385 2676 3442; x_wconf 89' lang='lat' dir='ltr'><strong>et</strong></span> <span class='ocrx_word' id='word_1_484' title='bbox 2697 3378 3020 3459; x_wconf 88' lang='lat' dir='ltr'><strong>declarata,</strong></span> <span class='ocrx_word' id='word_1_485' title='bbox 3053 3385 3111 3440; x_wconf 93' lang='lat' dir='ltr'><strong>et</strong></span> <span class='ocrx_word' id='word_1_486' title='bbox 3133 3379 3305 3458; x_wconf 91' lang='lat' dir='ltr'><strong>jussa</strong></span> <span class='ocrx_word' id='word_1_487' title='bbox 3334 3396 3368 3439; x_wconf 93' lang='lat' dir='ltr'><strong>a</strong></span> <span class='ocrx_word' id='word_1_488' title='bbox 3400 3377 3654 3440; x_wconf 91' lang='lat' dir='ltr'><strong>Domino</strong></span> <span class='ocrx_word' id='word_1_489' title='bbox 3678 3390 3883 3439; x_wconf 86' lang='lat' dir='ltr'><strong>nostro</strong></span> 
     </span>
    </p>
   </div>
   <div class='ocr_carea' id='block_1_66' title="bbox 491 3465 3885 3552">
    <p class='ocr_par' dir='ltr' id='par_1_66' title="bbox 491 3465 3885 3552">
     <span class='ocr_line' id='line_1_66' title="bbox 491 3465 3885 3552; baseline -0.001 -19"><span class='ocrx_word' id='word_1_490' title='bbox 491 3481 686 3534; x_wconf 91' lang='lat' dir='ltr'><strong>torum</strong></span> <span class='ocrx_word' id='word_1_491' title='bbox 707 3469 1526 3552; x_wconf 72' lang='lat' dir='ltr'><strong>:eternam,etconfusionem</strong></span> <span class='ocrx_word' id='word_1_492' title='bbox 1550 3475 2154 3549; x_wconf 82' lang='lat' dir='ltr'><strong>peccatorumcarere</strong></span> <span class='ocrx_word' id='word_1_493' title='bbox 2233 3465 2375 3529; x_wconf 89' lang='lat' dir='ltr'><strong>Jesu</strong></span> <span class='ocrx_word' id='word_1_494' title='bbox 2405 3467 2663 3545; x_wconf 89' lang='lat' dir='ltr'><strong>Christo,</strong></span> <span class='ocrx_word' id='word_1_495' title='bbox 2719 3487 2826 3548; x_wconf 88' lang='lat' dir='ltr'><strong>per</strong></span> <span class='ocrx_word' id='word_1_496' title='bbox 2883 3468 3257 3530; x_wconf 92' lang='lat' dir='ltr'><strong>adorandum</strong></span> <span class='ocrx_word' id='word_1_497' title='bbox 3320 3476 3379 3528; x_wconf 92' lang='lat' dir='ltr'><strong>et</strong></span> <span class='ocrx_word' id='word_1_498' title='bbox 3433 3476 3703 3530; x_wconf 91' lang='lat' dir='ltr'><strong>sanctum</strong></span> <span class='ocrx_word' id='word_1_499' title='bbox 3753 3468 3885 3547; x_wconf 84' lang='lat' dir='ltr'><strong>ejus</strong></span> 
     </span>
    </p>
   </div>
   <div class='ocr_carea' id='block_1_67' title="bbox 486 3555 3886 3640">
    <p class='ocr_par' dir='ltr' id='par_1_67' title="bbox 486 3555 3886 3640">
     <span class='ocr_line' id='line_1_67' title="bbox 486 3555 3886 3640; baseline -0.001 -18"><span class='ocrx_word' id='word_1_500' title='bbox 486 3561 629 3635; x_wconf 90' lang='lat' dir='ltr'><strong>ﬁne,</strong></span> <span class='ocrx_word' id='word_1_501' title='bbox 663 3569 723 3622; x_wconf 89' lang='lat' dir='ltr'><strong>et</strong></span> <span class='ocrx_word' id='word_1_502' title='bbox 751 3560 992 3621; x_wconf 90' lang='lat' dir='ltr'><strong>interim</strong></span> <span class='ocrx_word' id='word_1_503' title='bbox 1047 3561 1118 3621; x_wconf 92' lang='lat' dir='ltr'><strong>ab</strong></span> <span class='ocrx_word' id='word_1_504' title='bbox 1175 3557 1558 3640; x_wconf 86' lang='lat' dir='ltr'><strong>improbitate</strong></span> <span class='ocrx_word' id='word_1_505' title='bbox 1612 3575 1732 3618; x_wconf 92' lang='lat' dir='ltr'><strong>non</strong></span> <span class='ocrx_word' id='word_1_506' title='bbox 1764 3555 2004 3617; x_wconf 85' lang='lat' dir='ltr'><strong>desistis</strong></span> <span class='ocrx_word' id='word_1_507' title='bbox 2034 3556 2058 3615; x_wconf 71' lang='grc' dir='ltr'>ἵ</span> <span class='ocrx_word' id='word_1_508' title='bbox 2089 3555 2150 3617; x_wconf 88' lang='lat' dir='ltr'><strong>Si</strong></span> <span class='ocrx_word' id='word_1_509' title='bbox 2235 3556 2546 3638; x_wconf 86' lang='lat' dir='ltr'><strong>Spiritum,</strong></span> <span class='ocrx_word' id='word_1_510' title='bbox 2579 3558 2653 3620; x_wconf 92' lang='lat' dir='ltr'><strong>de</strong></span> <span class='ocrx_word' id='word_1_511' title='bbox 2684 3557 3041 3626; x_wconf 77' lang='lat' dir='ltr'><strong>sublimibus</strong></span> <span class='ocrx_word' id='word_1_512' title='bbox 3098 3557 3298 3629; x_wconf 90' lang='lat' dir='ltr'><strong>donis,</strong></span> <span class='ocrx_word' id='word_1_513' title='bbox 3331 3569 3388 3618; x_wconf 89' lang='lat' dir='ltr'><strong>et</strong></span> <span class='ocrx_word' id='word_1_514' title='bbox 3418 3556 3886 3618; x_wconf 85' lang='lat' dir='ltr'><strong>charismatibus</strong></span> 
     </span>
    </p>
   </div>
   <div class='ocr_carea' id='block_1_68' title="bbox 489 3645 3881 3730">
    <p class='ocr_par' dir='ltr' id='par_1_68' title="bbox 489 3645 3881 3730">
     <span class='ocr_line' id='line_1_68' title="bbox 489 3645 3881 3730; baseline -0.001 -18"><span class='ocrx_word' id='word_1_515' title='bbox 489 3650 658 3712; x_wconf 92' lang='lat' dir='ltr'><strong>enim</strong></span> <span class='ocrx_word' id='word_1_516' title='bbox 694 3651 880 3727; x_wconf 84' lang='lat' dir='ltr'><strong>vides,</strong></span> <span class='ocrx_word' id='word_1_517' title='bbox 913 3649 1212 3730; x_wconf 89' lang='lat' dir='ltr'><strong>quomodo</strong></span> <span class='ocrx_word' id='word_1_518' title='bbox 1275 3657 1552 3727; x_wconf 83' lang='lat' dir='ltr'><strong>tanquam</strong></span> <span class='ocrx_word' id='word_1_519' title='bbox 1588 3663 1781 3707; x_wconf 63' lang='lat' dir='ltr'><strong>caecus</strong></span> <span class='ocrx_word' id='word_1_520' title='bbox 1815 3645 2146 3719; x_wconf 77' lang='lat' dir='ltr'><strong>offendens,</strong></span> <span class='ocrx_word' id='word_1_521' title='bbox 2234 3646 2407 3706; x_wconf 91' lang='lat' dir='ltr'><strong>simul</strong></span> <span class='ocrx_word' id='word_1_522' title='bbox 2478 3647 2756 3728; x_wconf 89' lang='lat' dir='ltr'><strong>principii</strong></span> <span class='ocrx_word' id='word_1_523' title='bbox 2811 3648 3072 3728; x_wconf 85' lang='lat' dir='ltr'><strong>expertis</strong></span> <span class='ocrx_word' id='word_1_524' title='bbox 3150 3647 3281 3722; x_wconf 89' lang='lat' dir='ltr'><strong>Dei,</strong></span> <span class='ocrx_word' id='word_1_525' title='bbox 3351 3653 3410 3709; x_wconf 87' lang='lat' dir='ltr'><strong>et</strong></span> <span class='ocrx_word' id='word_1_526' title='bbox 3469 3645 3652 3727; x_wconf 89' lang='lat' dir='ltr'><strong>patris</strong></span> <span class='ocrx_word' id='word_1_527' title='bbox 3728 3647 3881 3726; x_wconf 91' lang='lat' dir='ltr'><strong>ejus.</strong></span> 
     </span>
    </p>
   </div>
   <div class='ocr_carea' id='block_1_69' title="bbox 486 3733 3879 3819">
    <p class='ocr_par' dir='ltr' id='par_1_69' title="bbox 486 3733 3879 3819">
     <span class='ocr_line' id='line_1_69' title="bbox 486 3733 3879 3819; baseline -0.001 -19"><span class='ocrx_word' id='word_1_528' title='bbox 486 3747 675 3800; x_wconf 91' lang='lat' dir='ltr'><strong>totum</strong></span> <span class='ocrx_word' id='word_1_529' title='bbox 701 3757 940 3819; x_wconf 90' lang='lat' dir='ltr'><strong>corpus,</strong></span> <span class='ocrx_word' id='word_1_530' title='bbox 966 3746 1268 3818; x_wconf 89' lang='lat' dir='ltr'><strong>totamque</strong></span> <span class='ocrx_word' id='word_1_531' title='bbox 1291 3741 1547 3798; x_wconf 89' lang='lat' dir='ltr'><strong>animam</strong></span> <span class='ocrx_word' id='word_1_532' title='bbox 1574 3733 1917 3813; x_wconf 87' lang='lat' dir='ltr'><strong>denigratus</strong></span> <span class='ocrx_word' id='word_1_533' title='bbox 1940 3733 2040 3795; x_wconf 80' lang='lat' dir='ltr'><strong>es?</strong></span> <span class='ocrx_word' id='word_1_534' title='bbox 2086 3733 2148 3794; x_wconf 74' lang='lat' dir='ltr'><strong>Si</strong></span> <span class='ocrx_word' id='word_1_535' title='bbox 2233 3733 2495 3806; x_wconf 90' lang='lat' dir='ltr'><strong>Quorum</strong></span> <span class='ocrx_word' id='word_1_536' title='bbox 2519 3747 2584 3797; x_wconf 90' lang='lat' dir='ltr'><strong>ut</strong></span> <span class='ocrx_word' id='word_1_537' title='bbox 2605 3736 2721 3797; x_wconf 90' lang='lat' dir='ltr'><strong>sint</strong></span> <span class='ocrx_word' id='word_1_538' title='bbox 2739 3736 3346 3816; x_wconf 84' lang='lat' dir='ltr'><strong>participes,quieum</strong></span> <span class='ocrx_word' id='word_1_539' title='bbox 3365 3735 3567 3797; x_wconf 89' lang='lat' dir='ltr'><strong>labore</strong></span> <span class='ocrx_word' id='word_1_540' title='bbox 3581 3744 3879 3816; x_wconf 67' lang='lat' dir='ltr'><strong>quaerunt,</strong></span> 
     </span>
    </p>
   </div>
   <div class='ocr_carea' id='block_1_70' title="bbox 439 3823 2145 3907">
    <p class='ocr_par' dir='ltr' id='par_1_70' title="bbox 439 3823 2145 3907">
     <span class='ocr_line' id='line_1_70' title="bbox 439 3823 2145 3907; baseline -0.005 -17"><span class='ocrx_word' id='word_1_541' title='bbox 439 3891 445 3898; x_wconf 94' lang='lat'><em>_</em></span> <span class='ocrx_word' id='word_1_542' title='bbox 488 3828 644 3890; x_wconf 91' lang='lat' dir='ltr'><strong>nosti</strong></span> <span class='ocrx_word' id='word_1_543' title='bbox 668 3828 937 3902; x_wconf 88' lang='lat' dir='ltr'><strong>meliora,</strong></span> <span class='ocrx_word' id='word_1_544' title='bbox 961 3827 1258 3907; x_wconf 91' lang='lat' dir='ltr'><strong>quomodo</strong></span> <span class='ocrx_word' id='word_1_545' title='bbox 1281 3825 1452 3906; x_wconf 82' lang='lat' dir='ltr'><strong>quasi</strong></span> <span class='ocrx_word' id='word_1_546' title='bbox 1469 3842 1680 3903; x_wconf 81' lang='lat' dir='ltr'><strong>expers</strong></span> <span class='ocrx_word' id='word_1_547' title='bbox 1699 3841 1933 3894; x_wconf 91' lang='lat' dir='ltr'><strong>sensus,</strong></span> <span class='ocrx_word' id='word_1_548' title='bbox 1969 3823 2145 3886; x_wconf 91' lang='lat' dir='ltr'><strong>dete-</strong></span> 
     </span>
    </p>
   </div>
   <div class='ocr_carea' id='block_1_71' title="bbox 489 3911 2143 3996">
    <p class='ocr_par' dir='ltr' id='par_1_71' title="bbox 489 3911 2143 3996">
     <span class='ocr_line' id='line_1_71' title="bbox 489 3911 2143 3996; baseline -0.003 -19"><span class='ocrx_word' id='word_1_549' title='bbox 489 3917 650 3976; x_wconf 92' lang='lat' dir='ltr'><strong>riora</strong></span> <span class='ocrx_word' id='word_1_550' title='bbox 679 3916 950 3996; x_wconf 88' lang='lat' dir='ltr'><strong>sequeris</strong></span> <span class='ocrx_word' id='word_1_551' title='bbox 979 3915 1010 3976; x_wconf 87' lang='lat'><strong>?</strong></span> <span class='ocrx_word' id='word_1_552' title='bbox 1069 3915 1128 3977; x_wconf 93' lang='lat' dir='ltr'><strong>Si</strong></span> <span class='ocrx_word' id='word_1_553' title='bbox 1156 3913 1311 3974; x_wconf 87' lang='lat' dir='ltr'><strong>nosti</strong></span> <span class='ocrx_word' id='word_1_554' title='bbox 1343 3911 1543 3974; x_wconf 92' lang='lat' dir='ltr'><strong>omnia</strong></span> <span class='ocrx_word' id='word_1_555' title='bbox 1594 3930 1726 3973; x_wconf 89' lang='lat' dir='ltr'><strong>esse</strong></span> <span class='ocrx_word' id='word_1_556' title='bbox 1759 3911 2052 3986; x_wconf 89' lang='lat' dir='ltr'><strong>umbram,</strong></span> <span class='ocrx_word' id='word_1_557' title='bbox 2086 3917 2143 3972; x_wconf 91' lang='lat' dir='ltr'><strong>et</strong></span> 
     </span>
    </p>
   </div>
   <div class='ocr_carea' id='block_1_72' title="bbox 489 4000 2142 4084">
    <p class='ocr_par' dir='ltr' id='par_1_72' title="bbox 489 4000 2142 4084">
     <span class='ocr_line' id='line_1_72' title="bbox 489 4000 2142 4084; baseline -0.002 -19"><span class='ocrx_word' id='word_1_558' title='bbox 489 4005 695 4066; x_wconf 89' lang='lat' dir='ltr'><strong>omnia</strong></span> <span class='ocrx_word' id='word_1_559' title='bbox 751 4004 1060 4084; x_wconf 66' lang='lat' dir='ltr'><strong>praeterire</strong></span> <span class='ocrx_word' id='word_1_560' title='bbox 1122 4022 1254 4083; x_wconf 58' lang='lat' dir='ltr'><strong>quas</strong></span> <span class='ocrx_word' id='word_1_561' title='bbox 1300 4001 1598 4071; x_wconf 88' lang='lat' dir='ltr'><strong>videntur,</strong></span> <span class='ocrx_word' id='word_1_562' title='bbox 1659 4020 1774 4061; x_wconf 93' lang='lat' dir='ltr'><strong>non</strong></span> <span class='ocrx_word' id='word_1_563' title='bbox 1835 4000 2142 4062; x_wconf 91' lang='lat' dir='ltr'><strong>erubescis</strong></span> 
     </span>
    </p>
   </div>
   <div class='ocr_carea' id='block_1_73' title="bbox 490 4089 2140 4169">
    <p class='ocr_par' dir='ltr' id='par_1_73' title="bbox 490 4089 2140 4169">
     <span class='ocr_line' id='line_1_73' title="bbox 490 4089 2140 4169; baseline -0.003 -14"><span class='ocrx_word' id='word_1_564' title='bbox 490 4112 625 4155; x_wconf 88' lang='lat' dir='ltr'><strong>cum</strong></span> <span class='ocrx_word' id='word_1_565' title='bbox 655 4093 868 4154; x_wconf 90' lang='lat' dir='ltr'><strong>umbra</strong></span> <span class='ocrx_word' id='word_1_566' title='bbox 918 4091 1246 4167; x_wconf 88' lang='lat' dir='ltr'><strong>colludere,</strong></span> <span class='ocrx_word' id='word_1_567' title='bbox 1309 4099 1366 4152; x_wconf 91' lang='lat' dir='ltr'><strong>et</strong></span> <span class='ocrx_word' id='word_1_568' title='bbox 1424 4089 1664 4152; x_wconf 87' lang='lat' dir='ltr'><strong>ﬂuentia</strong></span> <span class='ocrx_word' id='word_1_569' title='bbox 1719 4108 1824 4169; x_wconf 90' lang='lat' dir='ltr'><strong>pro</strong></span> <span class='ocrx_word' id='word_1_570' title='bbox 1857 4090 2140 4151; x_wconf 90' lang='lat' dir='ltr'><strong>thesauro</strong></span> 
     </span>
    </p>
   </div>
   <div class='ocr_carea' id='block_1_74' title="bbox 491 4179 2141 4260">
    <p class='ocr_par' dir='ltr' id='par_1_74' title="bbox 491 4179 2141 4260">
     <span class='ocr_line' id='line_1_74' title="bbox 491 4179 2141 4260; baseline -0.002 -16"><span class='ocrx_word' id='word_1_571' title='bbox 491 4181 830 4260; x_wconf 85' lang='lat' dir='ltr'><strong>colligere?</strong></span> <span class='ocrx_word' id='word_1_572' title='bbox 887 4201 1004 4243; x_wconf 94' lang='lat' dir='ltr'><strong>non</strong></span> <span class='ocrx_word' id='word_1_573' title='bbox 1065 4181 1320 4243; x_wconf 87' lang='lat' dir='ltr'><strong>advertis</strong></span> <span class='ocrx_word' id='word_1_574' title='bbox 1381 4189 1461 4254; x_wconf 93' lang='lat' dir='ltr'><strong>te,</strong></span> <span class='ocrx_word' id='word_1_575' title='bbox 1516 4189 1578 4241; x_wconf 89' lang='lat' dir='ltr'><strong>ut</strong></span> <span class='ocrx_word' id='word_1_576' title='bbox 1614 4198 1891 4260; x_wconf 89' lang='lat' dir='ltr'><strong>puerum,</strong></span> <span class='ocrx_word' id='word_1_577' title='bbox 1929 4179 1989 4240; x_wconf 93' lang='lat' dir='ltr'><strong>in</strong></span> <span class='ocrx_word' id='word_1_578' title='bbox 2041 4198 2141 4240; x_wconf 94' lang='lat' dir='ltr'><strong>vas</strong></span> 
     </span>
    </p>
   </div>
   <div class='ocr_carea' id='block_1_75' title="bbox 493 4267 2139 4350">
    <p class='ocr_par' dir='ltr' id='par_1_75' title="bbox 493 4267 2139 4350">
     <span class='ocr_line' id='line_1_75' title="bbox 493 4267 2139 4350; baseline -0.003 -17"><span class='ocrx_word' id='word_1_579' title='bbox 493 4270 858 4333; x_wconf 90' lang='lat' dir='ltr'><strong>confractum</strong></span> <span class='ocrx_word' id='word_1_580' title='bbox 880 4271 1124 4333; x_wconf 90' lang='lat' dir='ltr'><strong>haurire</strong></span> <span class='ocrx_word' id='word_1_581' title='bbox 1150 4271 1162 4330; x_wconf 94' lang='lat'><strong>!</strong></span> <span class='ocrx_word' id='word_1_582' title='bbox 1203 4278 1260 4331; x_wconf 91' lang='lat' dir='ltr'><strong>et</strong></span> <span class='ocrx_word' id='word_1_583' title='bbox 1283 4279 1337 4330; x_wconf 90' lang='lat' dir='ltr'><strong>te</strong></span> <span class='ocrx_word' id='word_1_584' title='bbox 1361 4277 1532 4350; x_wconf 89' lang='lat' dir='ltr'><strong>putas</strong></span> <span class='ocrx_word' id='word_1_585' title='bbox 1556 4269 1662 4329; x_wconf 92' lang='lat' dir='ltr'><strong>tibi</strong></span> <span class='ocrx_word' id='word_1_586' title='bbox 1689 4267 2139 4330; x_wconf 90' lang='lat' dir='ltr'><strong>amicissimum.</strong></span> 
     </span>
    </p>
   </div>
   <div class='ocr_carea' id='block_1_76' title="bbox 491 4358 2146 4438">
    <p class='ocr_par' dir='ltr' id='par_1_76' title="bbox 491 4358 2146 4438">
     <span class='ocr_line' id='line_1_76' title="bbox 491 4358 2146 4438; baseline -0.002 -17"><span class='ocrx_word' id='word_1_587' title='bbox 491 4358 931 4422; x_wconf 91' lang='lat' dir='ltr'><strong>Perabsurdum</strong></span> <span class='ocrx_word' id='word_1_588' title='bbox 963 4379 1106 4421; x_wconf 90' lang='lat' dir='ltr'><strong>sane</strong></span> <span class='ocrx_word' id='word_1_589' title='bbox 1137 4369 1195 4421; x_wconf 92' lang='lat' dir='ltr'><strong>et</strong></span> <span class='ocrx_word' id='word_1_590' title='bbox 1249 4376 1428 4438; x_wconf 80' lang='lat' dir='ltr'><strong>grave</strong></span> <span class='ocrx_word' id='word_1_591' title='bbox 1487 4366 1598 4432; x_wconf 92' lang='lat' dir='ltr'><strong>est,</strong></span> <span class='ocrx_word' id='word_1_592' title='bbox 1663 4367 1894 4437; x_wconf 90' lang='lat' dir='ltr'><strong>putare,</strong></span> <span class='ocrx_word' id='word_1_593' title='bbox 1931 4367 1987 4418; x_wconf 89' lang='lat' dir='ltr'><strong>et</strong></span> <span class='ocrx_word' id='word_1_594' title='bbox 2017 4359 2146 4419; x_wconf 86' lang='lat' dir='ltr'><strong>exi—</strong></span> 
     </span>
    </p>
   </div>
   <div class='ocr_carea' id='block_1_77' title="bbox 2229 3821 3886 3905">
    <p class='ocr_par' dir='ltr' id='par_1_77' title="bbox 2229 3821 3886 3905">
     <span class='ocr_line' id='line_1_77' title="bbox 2229 3821 3886 3905; baseline 0.002 -23"><span class='ocrx_word' id='word_1_595' title='bbox 2229 3821 2302 3884; x_wconf 92' lang='lat' dir='ltr'><strong>iis</strong></span> <span class='ocrx_word' id='word_1_596' title='bbox 2332 3841 2568 3905; x_wconf 91' lang='lat' dir='ltr'><strong>semper</strong></span> <span class='ocrx_word' id='word_1_597' title='bbox 2621 3825 2919 3886; x_wconf 90' lang='lat' dir='ltr'><strong>concediit</strong></span> <span class='ocrx_word' id='word_1_598' title='bbox 2961 3842 3065 3905; x_wconf 92' lang='lat' dir='ltr'><strong>per</strong></span> <span class='ocrx_word' id='word_1_599' title='bbox 3094 3825 3299 3897; x_wconf 88' lang='lat' dir='ltr'><strong>ﬁdem,</strong></span> <span class='ocrx_word' id='word_1_600' title='bbox 3332 3825 3461 3905; x_wconf 89' lang='lat' dir='ltr'><strong>ipse</strong></span> <span class='ocrx_word' id='word_1_601' title='bbox 3493 3824 3670 3886; x_wconf 90' lang='lat' dir='ltr'><strong>etiam</strong></span> <span class='ocrx_word' id='word_1_602' title='bbox 3723 3843 3886 3886; x_wconf 87' lang='lat' dir='ltr'><strong>nunc</strong></span> 
     </span>
    </p>
   </div>
   <div class='ocr_carea' id='block_1_78' title="bbox 2228 3910 3878 3993">
    <p class='ocr_par' dir='ltr' id='par_1_78' title="bbox 2228 3910 3878 3993">
     <span class='ocr_line' id='line_1_78' title="bbox 2228 3910 3878 3993; baseline 0.002 -21"><span class='ocrx_word' id='word_1_603' title='bbox 2228 3910 2440 3993; x_wconf 93' lang='lat' dir='ltr'><strong>bonus,</strong></span> <span class='ocrx_word' id='word_1_604' title='bbox 2474 3922 2532 3975; x_wconf 93' lang='lat' dir='ltr'><strong>et</strong></span> <span class='ocrx_word' id='word_1_605' title='bbox 2561 3913 2905 3976; x_wconf 90' lang='lat' dir='ltr'><strong>benefactor</strong></span> <span class='ocrx_word' id='word_1_606' title='bbox 2961 3922 3165 3974; x_wconf 91' lang='lat' dir='ltr'><strong>noster</strong></span> <span class='ocrx_word' id='word_1_607' title='bbox 3211 3915 3392 3977; x_wconf 92' lang='lat' dir='ltr'><strong>Deus.</strong></span> <span class='ocrx_word' id='word_1_608' title='bbox 3425 3914 3606 3992; x_wconf 90' lang='lat' dir='ltr'><strong>Ecce,</strong></span> <span class='ocrx_word' id='word_1_609' title='bbox 3639 3933 3878 3976; x_wconf 91' lang='lat' dir='ltr'><strong>annun-</strong></span> 
     </span>
    </p>
   </div>
   <div class='ocr_carea' id='block_1_79' title="bbox 2226 4002 3875 4083">
    <p class='ocr_par' dir='ltr' id='par_1_79' title="bbox 2226 4002 3875 4083">
     <span class='ocr_line' id='line_1_79' title="bbox 2226 4002 3875 4083; baseline 0.001 -22"><span class='ocrx_word' id='word_1_610' title='bbox 2226 4003 2360 4063; x_wconf 88' lang='lat' dir='ltr'><strong>tiavi</strong></span> <span class='ocrx_word' id='word_1_611' title='bbox 2406 4002 2578 4064; x_wconf 86' lang='lat' dir='ltr'><strong>vobis</strong></span> <span class='ocrx_word' id='word_1_612' title='bbox 2635 4002 2862 4083; x_wconf 89' lang='lat' dir='ltr'><strong>omnia,</strong></span> <span class='ocrx_word' id='word_1_613' title='bbox 2928 4011 2987 4064; x_wconf 90' lang='lat' dir='ltr'><strong>et</strong></span> <span class='ocrx_word' id='word_1_614' title='bbox 3045 4002 3326 4064; x_wconf 90' lang='lat' dir='ltr'><strong>talentum</strong></span> <span class='ocrx_word' id='word_1_615' title='bbox 3386 4021 3504 4065; x_wconf 93' lang='lat' dir='ltr'><strong>non</strong></span> <span class='ocrx_word' id='word_1_616' title='bbox 3562 4002 3875 4078; x_wconf 90' lang='lat' dir='ltr'><strong>abscondi,</strong></span> 
     </span>
    </p>
   </div>
   <div class='ocr_carea' id='block_1_80' title="bbox 2224 4087 3883 4175">
    <p class='ocr_par' dir='ltr' id='par_1_80' title="bbox 2224 4087 3883 4175">
     <span class='ocr_line' id='line_1_80' title="bbox 2224 4087 3883 4175; baseline -0.001 -23"><span class='ocrx_word' id='word_1_617' title='bbox 2224 4087 2643 4172; x_wconf 90' lang='lat' dir='ltr'><strong>Unusquisque</strong></span> <span class='ocrx_word' id='word_1_618' title='bbox 2671 4092 2853 4172; x_wconf 86' lang='lat' dir='ltr'><strong>igitur</strong></span> <span class='ocrx_word' id='word_1_619' title='bbox 2881 4100 3143 4154; x_wconf 91' lang='lat' dir='ltr'><strong>vestrum</strong></span> <span class='ocrx_word' id='word_1_620' title='bbox 3198 4092 3273 4154; x_wconf 93' lang='lat' dir='ltr'><strong>de</strong></span> <span class='ocrx_word' id='word_1_621' title='bbox 3321 4100 3535 4154; x_wconf 87' lang='lat' dir='ltr'><strong>caetero</strong></span> <span class='ocrx_word' id='word_1_622' title='bbox 3566 4093 3726 4175; x_wconf 90' lang='lat' dir='ltr'><strong>quod</strong></span> <span class='ocrx_word' id='word_1_623' title='bbox 3758 4094 3883 4156; x_wconf 90' lang='lat' dir='ltr'><strong>vult</strong></span> 
     </span>
    </p>
   </div>
   <div class='ocr_carea' id='block_1_81' title="bbox 2224 4179 3882 4262">
    <p class='ocr_par' dir='ltr' id='par_1_81' title="bbox 2224 4179 3882 4262">
     <span class='ocr_line' id='line_1_81' title="bbox 2224 4179 3882 4262; baseline 0.002 -21"><span class='ocrx_word' id='word_1_624' title='bbox 2224 4179 2444 4261; x_wconf 84' lang='lat' dir='ltr'><strong>eliget:</strong></span> <span class='ocrx_word' id='word_1_625' title='bbox 2510 4201 2617 4260; x_wconf 91' lang='lat' dir='ltr'><strong>ego</strong></span> <span class='ocrx_word' id='word_1_626' title='bbox 2667 4181 2828 4243; x_wconf 93' lang='lat' dir='ltr'><strong>enim</strong></span> <span class='ocrx_word' id='word_1_627' title='bbox 2887 4182 3043 4262; x_wconf 88' lang='lat' dir='ltr'><strong>quod</strong></span> <span class='ocrx_word' id='word_1_628' title='bbox 3095 4181 3170 4243; x_wconf 91' lang='lat' dir='ltr'><strong>ad</strong></span> <span class='ocrx_word' id='word_1_629' title='bbox 3227 4201 3330 4244; x_wconf 91' lang='lat' dir='ltr'><strong>vos</strong></span> <span class='ocrx_word' id='word_1_630' title='bbox 3360 4182 3593 4258; x_wconf 90' lang='lat' dir='ltr'><strong>attinet,</strong></span> <span class='ocrx_word' id='word_1_631' title='bbox 3627 4181 3882 4244; x_wconf 90' lang='lat' dir='ltr'><strong>crimine</strong></span> 
     </span>
    </p>
   </div>
   <div class='ocr_carea' id='block_1_82' title="bbox 2229 4269 3888 4350">
    <p class='ocr_par' dir='ltr' id='par_1_82' title="bbox 2229 4269 3888 4350">
     <span class='ocr_line' id='line_1_82' title="bbox 2229 4269 3888 4350; baseline 0.002 -20"><span class='ocrx_word' id='word_1_632' title='bbox 2229 4288 2393 4350; x_wconf 90' lang='lat' dir='ltr'><strong>vaco,</strong></span> <span class='ocrx_word' id='word_1_633' title='bbox 2427 4270 2488 4330; x_wconf 94' lang='lat' dir='ltr'><strong>in</strong></span> <span class='ocrx_word' id='word_1_634' title='bbox 2521 4269 2752 4332; x_wconf 87' lang='lat' dir='ltr'><strong>Christo</strong></span> <span class='ocrx_word' id='word_1_635' title='bbox 2797 4273 2937 4334; x_wconf 85' lang='lat' dir='ltr'><strong>Jesu</strong></span> <span class='ocrx_word' id='word_1_636' title='bbox 2994 4273 3248 4334; x_wconf 86' lang='lat' dir='ltr'><strong>Domino</strong></span> <span class='ocrx_word' id='word_1_637' title='bbox 3308 4279 3533 4347; x_wconf 90' lang='lat' dir='ltr'><strong>nostro,</strong></span> <span class='ocrx_word' id='word_1_638' title='bbox 3570 4271 3667 4332; x_wconf 88' lang='lat' dir='ltr'><strong>cui</strong></span> <span class='ocrx_word' id='word_1_639' title='bbox 3699 4271 3888 4350; x_wconf 89' lang='lat' dir='ltr'><strong>gloria</strong></span> 
     </span>
    </p>
   </div>
   <div class='ocr_carea' id='block_1_83' title="bbox 2229 4358 3884 4442">
    <p class='ocr_par' dir='ltr' id='par_1_83' title="bbox 2229 4358 3884 4442">
     <span class='ocr_line' id='line_1_83' title="bbox 2229 4358 3884 4442; baseline 0.001 -22"><span class='ocrx_word' id='word_1_640' title='bbox 2229 4367 2287 4420; x_wconf 93' lang='lat' dir='ltr'><strong>et</strong></span> <span class='ocrx_word' id='word_1_641' title='bbox 2307 4358 2623 4439; x_wconf 88' lang='lat' dir='ltr'><strong>imperium</strong></span> <span class='ocrx_word' id='word_1_642' title='bbox 2643 4378 2778 4422; x_wconf 89' lang='lat' dir='ltr'><strong>cum</strong></span> <span class='ocrx_word' id='word_1_643' title='bbox 2802 4363 2976 4424; x_wconf 88' lang='lat' dir='ltr'><strong>Patre</strong></span> <span class='ocrx_word' id='word_1_644' title='bbox 2999 4359 3278 4442; x_wconf 90' lang='lat' dir='ltr'><strong>principii</strong></span> <span class='ocrx_word' id='word_1_645' title='bbox 3317 4369 3562 4440; x_wconf 86' lang='lat' dir='ltr'><strong>experte</strong></span> <span class='ocrx_word' id='word_1_646' title='bbox 3590 4367 3649 4422; x_wconf 91' lang='lat' dir='ltr'><strong>et</strong></span> <span class='ocrx_word' id='word_1_647' title='bbox 3678 4367 3884 4422; x_wconf 90' lang='lat' dir='ltr'><strong>sancto</strong></span> 
     </span>
    </p>
   </div>
   <div class='ocr_carea' id='block_1_84' title="bbox 494 4444 3058 4528">
    <p class='ocr_par' dir='ltr' id='par_1_84' title="bbox 494 4444 3058 4528">
     <span class='ocr_line' id='line_1_84' title="bbox 494 4444 3058 4528; baseline 0.002 -19"><span class='ocrx_word' id='word_1_648' title='bbox 494 4447 791 4523; x_wconf 88' lang='lat' dir='ltr'><strong>stimare;</strong></span> <span class='ocrx_word' id='word_1_649' title='bbox 849 4467 983 4509; x_wconf 90' lang='lat' dir='ltr'><strong>nam</strong></span> <span class='ocrx_word' id='word_1_650' title='bbox 1044 4465 1149 4528; x_wconf 89' lang='lat' dir='ltr'><strong>per</strong></span> <span class='ocrx_word' id='word_1_651' title='bbox 1208 4449 1333 4510; x_wconf 87' lang='lat' dir='ltr'><strong>haec</strong></span> <span class='ocrx_word' id='word_1_652' title='bbox 1393 4465 1523 4508; x_wconf 91' lang='lat' dir='ltr'><strong>esse</strong></span> <span class='ocrx_word' id='word_1_653' title='bbox 1581 4446 1866 4508; x_wconf 90' lang='lat' dir='ltr'><strong>aufertur.</strong></span> <span class='ocrx_word' id='word_1_654' title='bbox 1927 4444 2543 4528; x_wconf 77' lang='lat' dir='ltr'><strong>Homo,DSpirituin</strong></span> <span class='ocrx_word' id='word_1_655' title='bbox 2575 4448 2808 4511; x_wconf 66' lang='lat' dir='ltr'><strong>saecula.</strong></span> <span class='ocrx_word' id='word_1_656' title='bbox 2843 4450 3058 4513; x_wconf 85' lang='lat' dir='ltr'><strong>Amen.</strong></span> 
     </span>
    </p>
   </div>
   <div class='ocr_carea' id='block_1_85' title="bbox 493 4533 2147 4616">
    <p class='ocr_par' dir='ltr' id='par_1_85' title="bbox 493 4533 2147 4616">
     <span class='ocr_line' id='line_1_85' title="bbox 493 4533 2147 4616; baseline -0.001 -18"><span class='ocrx_word' id='word_1_657' title='bbox 493 4535 721 4600; x_wconf 89' lang='lat' dir='ltr'><strong>credin’</strong></span> <span class='ocrx_word' id='word_1_658' title='bbox 755 4534 1053 4599; x_wconf 89' lang='lat' dir='ltr'><strong>Christum</strong></span> <span class='ocrx_word' id='word_1_659' title='bbox 1087 4555 1218 4599; x_wconf 91' lang='lat' dir='ltr'><strong>esse</strong></span> <span class='ocrx_word' id='word_1_660' title='bbox 1249 4535 1487 4598; x_wconf 82' lang='lat' dir='ltr'><strong>Deum?</strong></span> <span class='ocrx_word' id='word_1_661' title='bbox 1541 4533 1602 4597; x_wconf 91' lang='lat' dir='ltr'><strong>Si</strong></span> <span class='ocrx_word' id='word_1_662' title='bbox 1633 4536 1853 4609; x_wconf 86' lang='lat' dir='ltr'><strong>credis,</strong></span> <span class='ocrx_word' id='word_1_663' title='bbox 1890 4535 2058 4616; x_wconf 90' lang='lat' dir='ltr'><strong>time,</strong></span> <span class='ocrx_word' id='word_1_664' title='bbox 2091 4543 2147 4597; x_wconf 87' lang='lat' dir='ltr'><strong>et</strong></span> 
     </span>
    </p>
   </div>
   <div class='ocr_carea' id='block_1_86' title="bbox 494 4623 2143 4704">
    <p class='ocr_par' dir='ltr' id='par_1_86' title="bbox 494 4623 2143 4704">
     <span class='ocr_line' id='line_1_86' title="bbox 494 4623 2143 4704; baseline 0 -19"><span class='ocrx_word' id='word_1_665' title='bbox 494 4625 770 4686; x_wconf 89' lang='lat' dir='ltr'><strong>mandata</strong></span> <span class='ocrx_word' id='word_1_666' title='bbox 816 4625 947 4704; x_wconf 87' lang='lat' dir='ltr'><strong>ejus</strong></span> <span class='ocrx_word' id='word_1_667' title='bbox 1003 4643 1194 4687; x_wconf 88' lang='lat' dir='ltr'><strong>serva.</strong></span> <span class='ocrx_word' id='word_1_668' title='bbox 1255 4623 1317 4688; x_wconf 92' lang='lat' dir='ltr'><strong>Si</strong></span> <span class='ocrx_word' id='word_1_669' title='bbox 1376 4643 1496 4686; x_wconf 93' lang='lat' dir='ltr'><strong>non</strong></span> <span class='ocrx_word' id='word_1_670' title='bbox 1553 4624 1772 4699; x_wconf 91' lang='lat' dir='ltr'><strong>credis,</strong></span> <span class='ocrx_word' id='word_1_671' title='bbox 1835 4632 1893 4685; x_wconf 90' lang='lat' dir='ltr'><strong>at</strong></span> <span class='ocrx_word' id='word_1_672' title='bbox 1939 4624 2143 4685; x_wconf 83' lang='lat' dir='ltr'><strong>saltem</strong></span> 
     </span>
    </p>
   </div>
   <div class='ocr_carea' id='block_1_87' title="bbox 494 4713 2144 4796">
    <p class='ocr_par' dir='ltr' id='par_1_87' title="bbox 494 4713 2144 4796">
     <span class='ocr_line' id='line_1_87' title="bbox 494 4713 2144 4796; baseline -0.001 -20"><span class='ocrx_word' id='word_1_673' title='bbox 494 4713 798 4776; x_wconf 70' lang='lat' dir='ltr'><strong>daemones</strong></span> <span class='ocrx_word' id='word_1_674' title='bbox 825 4715 1012 4795; x_wconf 91' lang='lat' dir='ltr'><strong>ipsos,</strong></span> <span class='ocrx_word' id='word_1_675' title='bbox 1046 4733 1194 4796; x_wconf 92' lang='lat' dir='ltr'><strong>quos</strong></span> <span class='ocrx_word' id='word_1_676' title='bbox 1222 4713 1468 4776; x_wconf 90' lang='lat' dir='ltr'><strong>forsitan</strong></span> <span class='ocrx_word' id='word_1_677' title='bbox 1528 4713 1644 4775; x_wconf 91' lang='lat' dir='ltr'><strong>ﬁde</strong></span> <span class='ocrx_word' id='word_1_678' title='bbox 1675 4713 1986 4792; x_wconf 88' lang='lat' dir='ltr'><strong>digniores</strong></span> <span class='ocrx_word' id='word_1_679' title='bbox 2017 4713 2144 4774; x_wconf 85' lang='lat' dir='ltr'><strong>exi-</strong></span> 
     </span>
    </p>
   </div>
   <div class='ocr_carea' id='block_1_88' title="bbox 493 4802 2143 4883">
    <p class='ocr_par' dir='ltr' id='par_1_88' title="bbox 493 4802 2143 4883">
     <span class='ocr_line' id='line_1_88' title="bbox 493 4802 2143 4883; baseline -0.003 -17"><span class='ocrx_word' id='word_1_680' title='bbox 493 4803 724 4879; x_wconf 88' lang='lat' dir='ltr'><strong>stimas,</strong></span> <span class='ocrx_word' id='word_1_681' title='bbox 749 4802 1065 4883; x_wconf 86' lang='lat' dir='ltr'><strong>interroga.</strong></span> <span class='ocrx_word' id='word_1_682' title='bbox 1094 4803 1270 4865; x_wconf 91' lang='lat' dir='ltr'><strong>Disce</strong></span> <span class='ocrx_word' id='word_1_683' title='bbox 1292 4803 1366 4864; x_wconf 91' lang='lat' dir='ltr'><strong>ab</strong></span> <span class='ocrx_word' id='word_1_684' title='bbox 1412 4802 1575 4877; x_wconf 87' lang='lat' dir='ltr'><strong>iis,.a</strong></span> <span class='ocrx_word' id='word_1_685' title='bbox 1613 4802 1831 4882; x_wconf 88' lang='lat' dir='ltr'><strong>quibus</strong></span> <span class='ocrx_word' id='word_1_686' title='bbox 1861 4802 1920 4863; x_wconf 93' lang='lat' dir='ltr'><strong>in</strong></span> <span class='ocrx_word' id='word_1_687' title='bbox 1953 4803 2143 4863; x_wconf 88' lang='lat' dir='ltr'><strong>servi-</strong></span> 
     </span>
    </p>
   </div>
   <div class='ocr_carea' id='block_1_89' title="bbox 2778 4542 3327 4608">
    <p class='ocr_par' dir='ltr' id='par_1_89' title="bbox 2778 4542 3327 4608">
     <span class='ocr_line' id='line_1_89' title="bbox 2778 4542 3327 4608; baseline -0.009 0"><span class='ocrx_word' id='word_1_688' title='bbox 2778 4542 3064 4608; x_wconf 82' lang='lat' dir='ltr'><strong>OBATIO</strong></span> <span class='ocrx_word' id='word_1_689' title='bbox 3108 4543 3327 4608; x_wconf 79' lang='lat' dir='ltr'><strong>XXIX.</strong></span> 
     </span>
    </p>
   </div>
   <div class='ocr_carea' id='block_1_90' title="bbox 2850 4654 3274 4701">
    <p class='ocr_par' dir='ltr' id='par_1_90' title="bbox 2850 4654 3274 4701">
     <span class='ocr_line' id='line_1_90' title="bbox 2850 4654 3274 4701; baseline -0.002 -1"><span class='ocrx_word' id='word_1_690' title='bbox 2850 4654 3250 4701; x_wconf 71' lang='lat' dir='ltr'><strong>ARGUMENTUM</strong></span> <span class='ocrx_word' id='word_1_691' title='bbox 3261 4687 3274 4699; x_wconf 93' lang='lat'><strong>.</strong></span> 
     </span>
    </p>
   </div>
   <div class='ocr_carea' id='block_1_91' title="bbox 2231 4725 3882 4799">
    <p class='ocr_par' dir='ltr' id='par_1_91' title="bbox 2231 4725 3882 4799">
     <span class='ocr_line' id='line_1_91' title="bbox 2231 4725 3882 4799; baseline 0.005 -17"><span class='ocrx_word' id='word_1_692' title='bbox 2231 4725 2424 4787; x_wconf 83' lang='lat' dir='ltr'><strong>Omnes</strong></span> <span class='ocrx_word' id='word_1_693' title='bbox 2453 4730 2698 4788; x_wconf 81' lang='lat' dir='ltr'><strong>homines</strong></span> <span class='ocrx_word' id='word_1_694' title='bbox 2728 4747 2763 4786; x_wconf 89' lang='lat' dir='ltr'><strong>a</strong></span> <span class='ocrx_word' id='word_1_695' title='bbox 2793 4731 3016 4789; x_wconf 87' lang='lat' dir='ltr'><strong>Christo</strong></span> <span class='ocrx_word' id='word_1_696' title='bbox 3043 4747 3155 4788; x_wconf 86' lang='lat' dir='ltr'><strong>non</strong></span> <span class='ocrx_word' id='word_1_697' title='bbox 3174 4729 3537 4793; x_wconf 80' lang='lat' dir='ltr'><strong>ittuminatos.</strong></span> <span class='ocrx_word' id='word_1_698' title='bbox 3561 4745 3730 4790; x_wconf 67' lang='lat' dir='ltr'><strong>caecos</strong></span> <span class='ocrx_word' id='word_1_699' title='bbox 3749 4746 3882 4799; x_wconf 74' lang='lat' dir='ltr'><strong>esse,</strong></span> 
     </span>
    </p>
   </div>
   <div class='ocr_carea' id='block_1_92' title="bbox 2301 4802 3890 4886">
    <p class='ocr_par' dir='ltr' id='par_1_92' title="bbox 2301 4802 3890 4886">
     <span class='ocr_line' id='line_1_92' title="bbox 2301 4802 3890 4886; baseline 0.003 -31"><span class='ocrx_word' id='word_1_700' title='bbox 2301 4815 2395 4856; x_wconf 83' lang='lat' dir='ltr'><strong>nec</strong></span> <span class='ocrx_word' id='word_1_701' title='bbox 2414 4817 2582 4886; x_wconf 57' lang='lat' dir='ltr'><strong>opera</strong></span> <span class='ocrx_word' id='word_1_702' title='bbox 2603 4803 2735 4886; x_wconf 58' lang='lat' dir='ltr'><strong>lucis</strong></span> <span class='ocrx_word' id='word_1_703' title='bbox 2760 4802 2965 4884; x_wconf 71' lang='lat' dir='ltr'><strong>e/ﬁcere</strong></span> <span class='ocrx_word' id='word_1_704' title='bbox 2987 4819 3164 4886; x_wconf 69' lang='lat' dir='ltr'><strong>posse,</strong></span> <span class='ocrx_word' id='word_1_705' title='bbox 3193 4819 3292 4886; x_wconf 74' lang='lat' dir='ltr'><strong>nec</strong></span> <span class='ocrx_word' id='word_1_706' title='bbox 3312 4803 3373 4858; x_wconf 88' lang='lat' dir='ltr'><strong>in</strong></span> <span class='ocrx_word' id='word_1_707' title='bbox 3392 4803 3486 4886; x_wconf 81' lang='lat' dir='ltr'><strong>via</strong></span> <span class='ocrx_word' id='word_1_708' title='bbox 3506 4807 3649 4886; x_wconf 71' lang='lat' dir='ltr'><strong>recte</strong></span> <span class='ocrx_word' id='word_1_709' title='bbox 3664 4805 3890 4886; x_wconf 58' lang='lat' dir='ltr'><strong>bibendi</strong></span> 
     </span>
    </p>
   </div>
   <div class='ocr_carea' id='block_1_93' title="bbox 2297 4874 3886 4947">
    <p class='ocr_par' dir='ltr' id='par_1_93' title="bbox 2297 4874 3886 4947">
     <span class='ocr_line' id='line_1_93' title="bbox 2297 4874 3886 4947; baseline 0.005 -23"><span class='ocrx_word' id='word_1_710' title='bbox 2297 4874 2555 4947; x_wconf 82' lang='lat' dir='ltr'><strong>progredi</strong></span> <span class='ocrx_word' id='word_1_711' title='bbox 2595 4874 2775 4940; x_wconf 85' lang='lat' dir='ltr'><strong>Quare</strong></span> <span class='ocrx_word' id='word_1_712' title='bbox 2795 4874 3370 4947; x_wconf 79' lang='lat' dir='ltr'><strong>circumspiciendum,</strong></span> <span class='ocrx_word' id='word_1_713' title='bbox 3402 4881 3464 4947; x_wconf 20' lang='lat' dir='ltr'><strong>et,</strong></span> <span class='ocrx_word' id='word_1_714' title='bbox 3481 4874 3886 4932; x_wconf 79' lang='lat' dir='ltr'><strong>advertendum</strong></span> 
     </span>
    </p>
   </div>
   <div class='ocr_carea' id='block_1_94' title="bbox 2301 4946 3888 5018">
    <p class='ocr_par' dir='ltr' id='par_1_94' title="bbox 2301 4946 3888 5018">
     <span class='ocr_line' id='line_1_94' title="bbox 2301 4946 3888 5018; baseline 0.002 -19"><span class='ocrx_word' id='word_1_715' title='bbox 2301 4946 2574 5018; x_wconf 70' lang='lat' dir='ltr'><strong>animum,</strong></span> <span class='ocrx_word' id='word_1_716' title='bbox 2602 4961 2682 5018; x_wconf 70' lang='lat' dir='ltr'><strong>art</strong></span> <span class='ocrx_word' id='word_1_717' title='bbox 2696 4960 2824 5018; x_wconf 82' lang='lat' dir='ltr'><strong>vero</strong></span> <span class='ocrx_word' id='word_1_718' title='bbox 2845 4946 3046 5004; x_wconf 71' lang='lat' dir='ltr'><strong>itinere</strong></span> <span class='ocrx_word' id='word_1_719' title='bbox 3058 4949 3120 5002; x_wconf 84' lang='lat' dir='ltr'><strong>in</strong></span> <span class='ocrx_word' id='word_1_720' title='bbox 3138 4948 3333 5003; x_wconf 69' lang='lat' dir='ltr'><strong>caelum</strong></span> <span class='ocrx_word' id='word_1_721' title='bbox 3353 4946 3714 5007; x_wconf 82' lang='lat' dir='ltr'><strong>ambulemus.</strong></span> <span class='ocrx_word' id='word_1_722' title='bbox 3739 4948 3888 5018; x_wconf 85' lang='lat' dir='ltr'><strong>quod</strong></span> 
     </span>
    </p>
   </div>
   <div class='ocr_carea' id='block_1_95' title="bbox 2261 5016 3882 5090">
    <p class='ocr_par' dir='ltr' id='par_1_95' title="bbox 2261 5016 3882 5090">
     <span class='ocr_line' id='line_1_95' title="bbox 2261 5016 3882 5090; baseline 0.003 -21"><span class='ocrx_word' id='word_1_723' title='bbox 2261 5069 2268 5076; x_wconf 71' lang='lat'><strong>,</strong></span> <span class='ocrx_word' id='word_1_724' title='bbox 2303 5016 2362 5070; x_wconf 84' lang='lat' dir='ltr'><strong>in</strong></span> <span class='ocrx_word' id='word_1_725' title='bbox 2382 5017 2486 5090; x_wconf 76' lang='lat' dir='ltr'><strong>Dei</strong></span> <span class='ocrx_word' id='word_1_726' title='bbox 2511 5017 2795 5073; x_wconf 84' lang='lat' dir='ltr'><strong>mandatis</strong></span> <span class='ocrx_word' id='word_1_727' title='bbox 2823 5021 2993 5074; x_wconf 80' lang='lat' dir='ltr'><strong>situm</strong></span> <span class='ocrx_word' id='word_1_728' title='bbox 3021 5024 3116 5076; x_wconf 83' lang='lat' dir='ltr'><strong>est.</strong></span> <span class='ocrx_word' id='word_1_729' title='bbox 3143 5020 3250 5086; x_wconf 84' lang='lat' dir='ltr'><strong>Qui</strong></span> <span class='ocrx_word' id='word_1_730' title='bbox 3274 5018 3467 5090; x_wconf 81' lang='lat' dir='ltr'><strong>parvis</strong></span> <span class='ocrx_word' id='word_1_731' title='bbox 3491 5018 3728 5090; x_wconf 80' lang='lat' dir='ltr'><strong>peccatis</strong></span> <span class='ocrx_word' id='word_1_732' title='bbox 3745 5016 3882 5074; x_wconf 66' lang='lat' dir='ltr'><strong>suc-</strong></span> 
     </span>
    </p>
   </div>
   <div class='ocr_carea' id='block_1_96' title="bbox 2301 5087 3886 5160">
    <p class='ocr_par' dir='ltr' id='par_1_96' title="bbox 2301 5087 3886 5160">
     <span class='ocr_line' id='line_1_96' title="bbox 2301 5087 3886 5160; baseline 0.004 -19"><span class='ocrx_word' id='word_1_733' title='bbox 2301 5087 2590 5160; x_wconf 80' lang='lat' dir='ltr'><strong>cumbunt,</strong></span> <span class='ocrx_word' id='word_1_734' title='bbox 2619 5103 2706 5144; x_wconf 85' lang='lat' dir='ltr'><strong>eos</strong></span> <span class='ocrx_word' id='word_1_735' title='bbox 2735 5104 3070 5160; x_wconf 81' lang='lat' dir='ltr'><strong>magnorum</strong></span> <span class='ocrx_word' id='word_1_736' title='bbox 3101 5087 3291 5147; x_wconf 69' lang='lat' dir='ltr'><strong>servos</strong></span> <span class='ocrx_word' id='word_1_737' title='bbox 3305 5088 3446 5160; x_wconf 84' lang='lat' dir='ltr'><strong>ﬁeri.</strong></span> <span class='ocrx_word' id='word_1_738' title='bbox 3481 5087 3687 5153; x_wconf 81' lang='lat' dir='ltr'><strong>Quibus</strong></span> <span class='ocrx_word' id='word_1_739' title='bbox 3706 5090 3886 5147; x_wconf 87' lang='lat' dir='ltr'><strong>actio-</strong></span> 
     </span>
    </p>
   </div>
   <div class='ocr_carea' id='block_1_97' title="bbox 2302 5159 3588 5231">
    <p class='ocr_par' dir='ltr' id='par_1_97' title="bbox 2302 5159 3588 5231">
     <span class='ocr_line' id='line_1_97' title="bbox 2302 5159 3588 5231; baseline 0 -18"><span class='ocrx_word' id='word_1_740' title='bbox 2302 5159 2466 5216; x_wconf 81' lang='lat' dir='ltr'><strong>nibus</strong></span> <span class='ocrx_word' id='word_1_741' title='bbox 2490 5159 2560 5215; x_wconf 91' lang='lat' dir='ltr'><strong>ab</strong></span> <span class='ocrx_word' id='word_1_742' title='bbox 2589 5159 2874 5231; x_wconf 64' lang='lat' dir='ltr'><strong>aﬂ’ectibus</strong></span> <span class='ocrx_word' id='word_1_743' title='bbox 2901 5161 3190 5217; x_wconf 82' lang='lat' dir='ltr'><strong>ittaudatis</strong></span> <span class='ocrx_word' id='word_1_744' title='bbox 3218 5159 3588 5216; x_wconf 83' lang='lat' dir='ltr'><strong>vindicemur.</strong></span> 
     </span>
    </p>
   </div>
   <div class='ocr_carea' id='block_1_98' title="bbox 2310 5242 3881 5327">
    <p class='ocr_par' dir='ltr' id='par_1_98' title="bbox 2310 5242 3881 5327">
     <span class='ocr_line' id='line_1_98' title="bbox 2310 5242 3881 5327; baseline 0.003 -24"><span class='ocrx_word' id='word_1_745' title='bbox 2310 5242 2820 5315; x_wconf 90' lang='lat' dir='ltr'><strong>Quemadmodum</strong></span> <span class='ocrx_word' id='word_1_746' title='bbox 2855 5263 3050 5307; x_wconf 74' lang='lat' dir='ltr'><strong>czecus</strong></span> <span class='ocrx_word' id='word_1_747' title='bbox 3096 5245 3468 5327; x_wconf 89' lang='lat' dir='ltr'><strong>ingrediens,</strong></span> <span class='ocrx_word' id='word_1_748' title='bbox 3521 5246 3681 5310; x_wconf 89' lang='lat' dir='ltr'><strong>velut</strong></span> <span class='ocrx_word' id='word_1_749' title='bbox 3712 5245 3881 5324; x_wconf 88' lang='lat' dir='ltr'><strong>nolit,</strong></span> 
     </span>
    </p>
   </div>
   <div class='ocr_carea' id='block_1_99' title="bbox 497 4890 2146 4972">
    <p class='ocr_par' dir='ltr' id='par_1_99' title="bbox 497 4890 2146 4972">
     <span class='ocr_line' id='line_1_99' title="bbox 497 4890 2146 4972; baseline -0.001 -19"><span class='ocrx_word' id='word_1_750' title='bbox 497 4900 686 4954; x_wconf 91' lang='lat' dir='ltr'><strong>tutem</strong></span> <span class='ocrx_word' id='word_1_751' title='bbox 718 4893 996 4954; x_wconf 89' lang='lat' dir='ltr'><strong>redactus</strong></span> <span class='ocrx_word' id='word_1_752' title='bbox 1055 4911 1143 4968; x_wconf 91' lang='lat' dir='ltr'><strong>es,</strong></span> <span class='ocrx_word' id='word_1_753' title='bbox 1204 4901 1265 4954; x_wconf 88' lang='lat' dir='ltr'><strong>et</strong></span> <span class='ocrx_word' id='word_1_754' title='bbox 1321 4910 1469 4972; x_wconf 90' lang='lat' dir='ltr'><strong>quos</strong></span> <span class='ocrx_word' id='word_1_755' title='bbox 1528 4890 1826 4971; x_wconf 85' lang='lat' dir='ltr'><strong>sequeris,</strong></span> <span class='ocrx_word' id='word_1_756' title='bbox 1862 4892 2146 4971; x_wconf 90' lang='lat' dir='ltr'><strong>quoniam</strong></span> 
     </span>
    </p>
   </div>
   <div class='ocr_carea' id='block_1_100' title="bbox 496 4979 2150 5058">
    <p class='ocr_par' dir='ltr' id='par_1_100' title="bbox 496 4979 2150 5058">
     <span class='ocr_line' id='line_1_100' title="bbox 496 4979 2150 5058; baseline -0.001 -17"><span class='ocrx_word' id='word_1_757' title='bbox 496 4999 615 5041; x_wconf 93' lang='lat' dir='ltr'><strong>non</strong></span> <span class='ocrx_word' id='word_1_758' title='bbox 667 4989 753 5042; x_wconf 91' lang='lat' dir='ltr'><strong>est</strong></span> <span class='ocrx_word' id='word_1_759' title='bbox 808 4981 962 5042; x_wconf 90' lang='lat' dir='ltr'><strong>alius</strong></span> <span class='ocrx_word' id='word_1_760' title='bbox 988 4980 1146 5042; x_wconf 91' lang='lat' dir='ltr'><strong>Deus</strong></span> <span class='ocrx_word' id='word_1_761' title='bbox 1177 4988 1391 5058; x_wconf 64' lang='lat' dir='ltr'><strong>praeter</strong></span> <span class='ocrx_word' id='word_1_762' title='bbox 1419 4979 1610 5055; x_wconf 91' lang='lat' dir='ltr'><strong>illum,</strong></span> <span class='ocrx_word' id='word_1_763' title='bbox 1647 4979 1743 5040; x_wconf 91' lang='lat' dir='ltr'><strong>cui</strong></span> <span class='ocrx_word' id='word_1_764' title='bbox 1776 4979 1971 5040; x_wconf 92' lang='lat' dir='ltr'><strong>nullus</strong></span> <span class='ocrx_word' id='word_1_765' title='bbox 2002 4979 2150 5040; x_wconf 84' lang='lat' dir='ltr'><strong>assi-</strong></span> 
     </span>
    </p>
   </div>
   <div class='ocr_carea' id='block_1_101' title="bbox 497 5067 2148 5149">
    <p class='ocr_par' dir='ltr' id='par_1_101' title="bbox 497 5067 2148 5149">
     <span class='ocr_line' id='line_1_101' title="bbox 497 5067 2148 5149; baseline -0.001 -19"><span class='ocrx_word' id='word_1_766' title='bbox 497 5068 760 5145; x_wconf 88' lang='lat' dir='ltr'><strong>milatur,</strong></span> <span class='ocrx_word' id='word_1_767' title='bbox 821 5087 933 5131; x_wconf 92' lang='lat' dir='ltr'><strong>nec</strong></span> <span class='ocrx_word' id='word_1_768' title='bbox 993 5067 1326 5149; x_wconf 90' lang='lat' dir='ltr'><strong>comparari</strong></span> <span class='ocrx_word' id='word_1_769' title='bbox 1380 5075 1605 5147; x_wconf 89' lang='lat' dir='ltr'><strong>potest,</strong></span> <span class='ocrx_word' id='word_1_770' title='bbox 1665 5067 1929 5129; x_wconf 90' lang='lat' dir='ltr'><strong>omnium</strong></span> <span class='ocrx_word' id='word_1_771' title='bbox 1989 5068 2148 5129; x_wconf 91' lang='lat' dir='ltr'><strong>enim</strong></span> 
     </span>
    </p>
   </div>
   <div class='ocr_carea' id='block_1_102' title="bbox 497 5157 2144 5238">
    <p class='ocr_par' dir='ltr' id='par_1_102' title="bbox 497 5157 2144 5238">
     <span class='ocr_line' id='line_1_102' title="bbox 497 5157 2144 5238; baseline 0.001 -20"><span class='ocrx_word' id='word_1_772' title='bbox 497 5158 788 5220; x_wconf 91' lang='lat' dir='ltr'><strong>Dominus</strong></span> <span class='ocrx_word' id='word_1_773' title='bbox 822 5161 945 5238; x_wconf 93' lang='lat' dir='ltr'><strong>ipse</strong></span> <span class='ocrx_word' id='word_1_774' title='bbox 981 5167 1094 5234; x_wconf 83' lang='lat' dir='ltr'><strong>est,</strong></span> <span class='ocrx_word' id='word_1_775' title='bbox 1154 5157 1420 5221; x_wconf 92' lang='lat' dir='ltr'><strong>omnium</strong></span> <span class='ocrx_word' id='word_1_776' title='bbox 1483 5176 1608 5230; x_wconf 90' lang='lat' dir='ltr'><strong>rex,</strong></span> <span class='ocrx_word' id='word_1_777' title='bbox 1670 5157 1941 5219; x_wconf 90' lang='lat' dir='ltr'><strong>conditor</strong></span> <span class='ocrx_word' id='word_1_778' title='bbox 1971 5158 2144 5232; x_wconf 89' lang='lat' dir='ltr'><strong>lucis,</strong></span> 
     </span>
    </p>
   </div>
   <div class='ocr_carea' id='block_1_103' title="bbox 497 5245 2146 5328">
    <p class='ocr_par' dir='ltr' id='par_1_103' title="bbox 497 5245 2146 5328">
     <span class='ocr_line' id='line_1_103' title="bbox 497 5245 2146 5328; baseline 0 -20"><span class='ocrx_word' id='word_1_779' title='bbox 497 5255 558 5308; x_wconf 90' lang='lat' dir='ltr'><strong>et</strong></span> <span class='ocrx_word' id='word_1_780' title='bbox 585 5246 718 5308; x_wconf 65' lang='lat' dir='ltr'><strong>vitae</strong></span> <span class='ocrx_word' id='word_1_781' title='bbox 747 5246 990 5309; x_wconf 90' lang='lat' dir='ltr'><strong>arbiter.</strong></span> <span class='ocrx_word' id='word_1_782' title='bbox 1042 5248 1176 5328; x_wconf 90' lang='lat' dir='ltr'><strong>Ipse</strong></span> <span class='ocrx_word' id='word_1_783' title='bbox 1229 5247 1434 5308; x_wconf 92' lang='lat' dir='ltr'><strong>lumen</strong></span> <span class='ocrx_word' id='word_1_784' title='bbox 1490 5245 1636 5306; x_wconf 91' lang='lat' dir='ltr'><strong>illud</strong></span> <span class='ocrx_word' id='word_1_785' title='bbox 1691 5246 2014 5321; x_wconf 72' lang='lat' dir='ltr'><strong>ineﬁ‘abile,</strong></span> <span class='ocrx_word' id='word_1_786' title='bbox 2048 5247 2146 5308; x_wconf 92' lang='lat' dir='ltr'><strong>in-</strong></span> 
     </span>
    </p>
   </div>
   <div class='ocr_carea' id='block_1_104' title="bbox 493 5331 3885 5416">
    <p class='ocr_par' dir='ltr' id='par_1_104' title="bbox 493 5331 3885 5416">
     <span class='ocr_line' id='line_1_104' title="bbox 493 5331 3885 5416; baseline -0 -18"><span class='ocrx_word' id='word_1_787' title='bbox 493 5335 866 5411; x_wconf 89' lang='lat' dir='ltr'><strong>accessibile,</strong></span> <span class='ocrx_word' id='word_1_788' title='bbox 926 5335 1028 5416; x_wconf 92' lang='lat' dir='ltr'><strong>qui</strong></span> <span class='ocrx_word' id='word_1_789' title='bbox 1110 5335 1273 5397; x_wconf 90' lang='lat' dir='ltr'><strong>solus</strong></span> <span class='ocrx_word' id='word_1_790' title='bbox 1357 5342 1466 5397; x_wconf 91' lang='lat' dir='ltr'><strong>est.</strong></span> <span class='ocrx_word' id='word_1_791' title='bbox 1555 5333 1691 5415; x_wconf 87' lang='lat' dir='ltr'><strong>Ipse</strong></span> <span class='ocrx_word' id='word_1_792' title='bbox 1771 5335 1833 5396; x_wconf 90' lang='lat' dir='ltr'><strong>in</strong></span> <span class='ocrx_word' id='word_1_793' title='bbox 1891 5335 2148 5398; x_wconf 86' lang='lat' dir='ltr'><strong>adventu</strong></span> <span class='ocrx_word' id='word_1_794' title='bbox 2230 5331 2482 5410; x_wconf 87' lang='lat' dir='ltr'><strong>pedibus</strong></span> <span class='ocrx_word' id='word_1_795' title='bbox 2507 5333 2802 5410; x_wconf 85' lang='lat' dir='ltr'><strong>oﬁ‘endit;</strong></span> <span class='ocrx_word' id='word_1_796' title='bbox 2855 5335 2943 5396; x_wconf 93' lang='lat' dir='ltr'><strong>sic</strong></span> <span class='ocrx_word' id='word_1_797' title='bbox 2973 5335 3152 5397; x_wconf 89' lang='lat' dir='ltr'><strong>homo</strong></span> <span class='ocrx_word' id='word_1_798' title='bbox 3185 5334 3374 5397; x_wconf 92' lang='lat' dir='ltr'><strong>oculis</strong></span> <span class='ocrx_word' id='word_1_799' title='bbox 3404 5335 3616 5397; x_wconf 63' lang='lat' dir='ltr'><strong>animae</strong></span> <span class='ocrx_word' id='word_1_800' title='bbox 3646 5335 3755 5397; x_wconf 91' lang='lat' dir='ltr'><strong>sub</strong></span> <span class='ocrx_word' id='word_1_801' title='bbox 3785 5335 3885 5398; x_wconf 90' lang='lat' dir='ltr'><strong>in—</strong></span> 
     </span>
    </p>
   </div>
   <div class='ocr_carea' id='block_1_105' title="bbox 498 5421 3882 5506">
    <p class='ocr_par' dir='ltr' id='par_1_105' title="bbox 498 5421 3882 5506">
     <span class='ocr_line' id='line_1_105' title="bbox 498 5421 3882 5506; baseline 0 -19"><span class='ocrx_word' id='word_1_802' title='bbox 498 5442 604 5487; x_wconf 91' lang='lat' dir='ltr'><strong>suo</strong></span> <span class='ocrx_word' id='word_1_803' title='bbox 667 5425 979 5506; x_wconf 91' lang='lat' dir='ltr'><strong>dissipabit</strong></span> <span class='ocrx_word' id='word_1_804' title='bbox 1032 5443 1066 5486; x_wconf 90' lang='lat' dir='ltr'><strong>a</strong></span> <span class='ocrx_word' id='word_1_805' title='bbox 1121 5425 1273 5486; x_wconf 90' lang='lat' dir='ltr'><strong>facie</strong></span> <span class='ocrx_word' id='word_1_806' title='bbox 1323 5442 1429 5486; x_wconf 87' lang='lat' dir='ltr'><strong>sua</strong></span> <span class='ocrx_word' id='word_1_807' title='bbox 1505 5422 1784 5486; x_wconf 91' lang='lat' dir='ltr'><strong>inimicos</strong></span> <span class='ocrx_word' id='word_1_808' title='bbox 1838 5442 2002 5500; x_wconf 93' lang='lat' dir='ltr'><strong>suos,</strong></span> <span class='ocrx_word' id='word_1_809' title='bbox 2087 5434 2146 5487; x_wconf 88' lang='lat' dir='ltr'><strong>et</strong></span> <span class='ocrx_word' id='word_1_810' title='bbox 2229 5421 2616 5500; x_wconf 87' lang='lat' dir='ltr'><strong>telligentiam</strong></span> <span class='ocrx_word' id='word_1_811' title='bbox 2641 5423 3020 5500; x_wconf 89' lang='lat' dir='ltr'><strong>cadentibus,</strong></span> <span class='ocrx_word' id='word_1_812' title='bbox 3071 5444 3190 5486; x_wconf 94' lang='lat' dir='ltr'><strong>non</strong></span> <span class='ocrx_word' id='word_1_813' title='bbox 3247 5433 3384 5486; x_wconf 87' lang='lat' dir='ltr'><strong>ante</strong></span> <span class='ocrx_word' id='word_1_814' title='bbox 3433 5425 3659 5506; x_wconf 91' lang='lat' dir='ltr'><strong>apertis</strong></span> <span class='ocrx_word' id='word_1_815' title='bbox 3687 5427 3761 5486; x_wconf 92' lang='lat' dir='ltr'><strong>ab</strong></span> <span class='ocrx_word' id='word_1_816' title='bbox 3785 5444 3882 5500; x_wconf 91' lang='lat' dir='ltr'><strong>eo,</strong></span> 
     </span>
    </p>
   </div>
   <div class='ocr_carea' id='block_1_106' title="bbox 498 5509 3888 5596">
    <p class='ocr_par' dir='ltr' id='par_1_106' title="bbox 498 5509 3888 5596">
     <span class='ocr_line' id='line_1_106' title="bbox 498 5509 3888 5596; baseline 0 -21"><span class='ocrx_word' id='word_1_817' title='bbox 498 5512 602 5592; x_wconf 88' lang='lat' dir='ltr'><strong>qui</strong></span> <span class='ocrx_word' id='word_1_818' title='bbox 656 5532 773 5576; x_wconf 90' lang='lat' dir='ltr'><strong>non</strong></span> <span class='ocrx_word' id='word_1_819' title='bbox 832 5513 1224 5577; x_wconf 87' lang='lat' dir='ltr'><strong>obediverunt</strong></span> <span class='ocrx_word' id='word_1_820' title='bbox 1279 5510 1574 5574; x_wconf 86' lang='lat' dir='ltr'><strong>mandatis</strong></span> <span class='ocrx_word' id='word_1_821' title='bbox 1630 5515 1788 5592; x_wconf 90' lang='lat' dir='ltr'><strong>ejus,</strong></span> <span class='ocrx_word' id='word_1_822' title='bbox 1844 5514 2142 5594; x_wconf 89' lang='lat' dir='ltr'><strong>quomodo</strong></span> <span class='ocrx_word' id='word_1_823' title='bbox 2225 5509 2330 5589; x_wconf 88' lang='lat' dir='ltr'><strong>qui</strong></span> <span class='ocrx_word' id='word_1_824' title='bbox 2357 5519 2422 5574; x_wconf 85' lang='lat' dir='ltr'><strong>ut</strong></span> <span class='ocrx_word' id='word_1_825' title='bbox 2450 5529 2741 5575; x_wconf 83' lang='lat' dir='ltr'><strong>caecorum</strong></span> <span class='ocrx_word' id='word_1_826' title='bbox 2773 5513 2979 5578; x_wconf 90' lang='lat' dir='ltr'><strong>oculos</strong></span> <span class='ocrx_word' id='word_1_827' title='bbox 3000 5513 3282 5596; x_wconf 89' lang='lat' dir='ltr'><strong>aperiret,</strong></span> <span class='ocrx_word' id='word_1_828' title='bbox 3308 5513 3637 5579; x_wconf 88' lang='lat' dir='ltr'><strong>humanum</strong></span> <span class='ocrx_word' id='word_1_829' title='bbox 3666 5532 3888 5596; x_wconf 90' lang='lat' dir='ltr'><strong>corpus</strong></span> 
     </span>
    </p>
   </div>
   <div class='ocr_carea' id='block_1_107' title="bbox 580 5693 1004 5773">
    <p class='ocr_par' dir='ltr' id='par_1_107' title="bbox 580 5693 1004 5773">
     <span class='ocr_line' id='line_1_107' title="bbox 580 5693 1004 5773; baseline 0.005 -16"><span class='ocrx_word' id='word_1_830' title='bbox 580 5693 643 5745; x_wconf 78' lang='grc'><strong>16</strong></span> <span class='ocrx_word' id='word_1_831' title='bbox 670 5693 786 5758; x_wconf 89' lang='lat' dir='ltr'><strong>Tit.</strong></span> <span class='ocrx_word' id='word_1_832' title='bbox 820 5711 862 5773; x_wconf 86' lang='grc' dir='ltr'><strong>ι,</strong></span> <span class='ocrx_word' id='word_1_833' title='bbox 900 5695 1004 5759; x_wconf 81' lang='grc'><strong>16.</strong></span> 
     </span>
    </p>
   </div>
   <div class='ocr_carea' id='block_1_108' title="bbox 1086 5693 2028 5774">
    <p class='ocr_par' dir='ltr' id='par_1_108' title="bbox 1086 5693 2028 5774">
     <span class='ocr_line' id='line_1_108' title="bbox 1086 5693 2028 5774; baseline 0 -16"><span class='ocrx_word' id='word_1_834' title='bbox 1086 5695 1141 5745; x_wconf 73' lang='grc'><strong>1⁷</strong></span> <span class='ocrx_word' id='word_1_835' title='bbox 1169 5693 1198 5758; x_wconf 91' lang='grc'>1</span> <span class='ocrx_word' id='word_1_836' title='bbox 1224 5693 1396 5760; x_wconf 83' lang='lat' dir='ltr'><strong>Joan.</strong></span> <span class='ocrx_word' id='word_1_837' title='bbox 1430 5711 1513 5774; x_wconf 85' lang='lat' dir='ltr'><strong>III,</strong></span> <span class='ocrx_word' id='word_1_838' title='bbox 1551 5695 1609 5756; x_wconf 89' lang='lat'><strong>6.</strong></span> <span class='ocrx_word' id='word_1_839' title='bbox 1697 5695 1755 5745; x_wconf 66' lang='lat'><strong>‘8</strong></span> <span class='ocrx_word' id='word_1_840' title='bbox 1782 5693 1934 5759; x_wconf 90' lang='lat' dir='ltr'><strong>Ibid.</strong></span> <span class='ocrx_word' id='word_1_841' title='bbox 1969 5695 2028 5758; x_wconf 91' lang='lat'><strong>8.</strong></span> 
     </span>
    </p>
   </div>
  </div>
