2080 3201
96 1 362 19 ηνηεικςπηλί

153 146 214 194 «ξε

865 150 1006 181 ORATIO
1028 150 1138 181 XXIX.

1788 153 1846 185 466

153 214 327 259 assumpsit,
343 223 406 245 non
422 219 520 255 potest
546 225 605 246 non
633 215 710 246 viam
729 216 816 256 hujus
832 216 899 247 vitae
914 225 981 247 car-
993 220 1013 244 Α
1025 216 1132 246 tiamus
1147 217 1298 254 omnibus,
1332 222 1362 247 et
1387 217 1423 247 ad
1452 222 1606 256 angustam
1631 222 1720 259 atque
1736 222 1850 250 arctam

153 258 255 300 pendo
269 259 448 300 delinquere
465 269 472 291 :
505 260 602 291 adhuc
617 261 698 291 enim
718 270 814 291 caecus
831 265 886 295 est,
903 266 932 291 et
946 261 982 291 ad

151 303 187 336 id
201 303 282 344 quod
297 304 419 344 proprie
434 304 543 335 malum
561 309 618 342 est,
633 314 651 335 a
678 305 757 336 bono
774 306 983 336 internoscen-

152 347 228 379 dum
242 356 376 388 superno
391 347 554 388 divinaque
580 348 706 389 lumine,
722 359 796 389 opus
812 350 911 380 habet.
939 349 983 380 Ab

153 392 242 424 omni
254 392 346 432 igitur
373 398 517 434 peccante
549 394 612 424 haec
639 398 765 434 quatuor
780 394 984 434 requiruntur.

153 435 193 469 Ut
205 440 368 477 cognoscat
377 437 458 468 unde
470 438 734 478 priveturlumine,
748 438 870 469 edoctus
882 443 986 478 myste—

150 481 248 520 rium,
263 490 304 513 ne
317 482 357 514 sit
372 482 522 523 stupidus.
539 482 691 514 Confessio
700 487 901 523 peccatorum,
913 483 987 513 utsit

150 535 257 559 verus.
273 527 356 567 Fuga
369 527 563 558 occasionum
581 532 611 558 et
637 536 807 568 causarum,
825 528 932 568 quibus
947 527 984 558 ad

155 570 342 613 peccandum
357 571 535 612 impellitur,
553 581 590 602 ne
605 571 644 602 sit
660 572 766 602 stultus
783 578 813 602 et
827 572 983 612 insipiens.

157 617 325 654 Postremo,
342 618 375 646 ut
389 615 539 647 medicum
556 619 636 656 petat
664 625 681 646 a
707 617 770 646 solo
787 615 903 647 Christo
920 625 984 647 me-

159 659 244 701 dico,
256 659 306 701 qui
321 660 466 692 contritas
481 664 577 698 sanat,
595 664 624 691 et
652 660 740 691 modo
758 661 886 700 quodam
903 661 986 691 inex-

159 702 289 746 plicabili
302 704 501 736 contritiones
516 705 627 745 alligat,
644 705 776 745 dicitque
790 715 796 735 :
823 705 917 736 Fides
933 709 985 736 tua

156 748 406 789 recalvomfecit,
423 750 500 781 vade
512 750 544 781 in
556 758 632 790 pace
644 749 688 779 19:
708 749 819 789 alioqui
833 750 912 780 enim
930 750 986 779 vita

152 793 187 825 in
201 802 287 834 pace,
304 793 444 835 citraque
454 794 555 835 lapsus
585 794 654 834 degi
681 804 740 824 non
757 798 864 834 potest.
880 794 921 824 Ex
938 794 984 824 his

151 839 287 880 primum
301 839 376 871 illud
389 840 499 870 bonum
514 845 578 878 est;
596 841 761 871 secundum
778 840 903 878 melius;
922 844 983 870 ter-

1025 261 1099 290 viam
1117 261 1317 299 procedimus,
1337 265 1365 292 et
1381 271 1397 292 a
1413 262 1534 299 mundo,
1549 263 1768 303 mundanisque
1784 273 1848 295 cor-

1026 305 1166 344 poraliter
1181 306 1400 345 quodammodo
1416 311 1616 346 amputamur,
1634 311 1663 338 et
1677 307 1713 338 ab
1729 308 1788 338 alia
1803 317 1850 339 re-

1027 349 1124 388 gione,
1143 350 1220 387 loco,
1234 354 1264 379 et
1278 349 1351 382 urbe
1367 350 1403 380 ad
1419 350 1506 381 aliam
1524 351 1748 387 habitationem,
1762 361 1848 382 man-

1028 394 1204 433 sionemque
1219 394 1373 431 abeuntes,
1392 395 1427 425 ad
1444 395 1586 432 stadium,
1616 396 1646 426 in
1662 405 1720 436 quo
1736 396 1851 426 virtutis

1027 437 1104 477 viget
1120 438 1301 474 exercitatio,
1321 439 1505 479 devenimus,
1523 439 1756 479 perinstitutum
1772 440 1848 478 vitae,

1028 487 1056 513 et
1071 487 1181 514 sanctae
1195 483 1317 513 vivendi
1332 493 1466 514 normam
1479 493 1532 524 pro
1556 493 1609 514 suo
1625 484 1752 524 quisque
1767 484 1850 514 arbi-

1027 527 1084 558 trio
1100 527 1285 564 incedentes,
1302 531 1351 557 aut
1376 528 1464 558 etiam
1490 528 1704 564 accelerantes,
1722 537 1851 559 curren-

1027 575 1130 611 tesque
1159 576 1189 602 et
1215 572 1346 611 vestigiis
1375 572 1492 603 Domini
1522 574 1613 603 n0slri
1642 574 1712 603 Jesu
1741 572 1850 604 Christi

1027 617 1210 653 insistentes,
1227 620 1259 646 ut
1275 625 1312 646 ne
1324 616 1451 655 amplius
1460 615 1551 647 rebus
1564 616 1707 655 perituris
1722 616 1851 647 delecte-

1028 670 1104 698 mur,
1123 665 1152 691 et
1167 660 1299 691 voluntas
1317 660 1415 690 carnis
1444 661 1585 691 voluntati
1602 661 1724 700 spiritus
1739 661 1849 691 subda-

1028 709 1085 736 tur.
1103 705 1217 735 Idcirco
1233 714 1249 734 e
1265 705 1375 735 mundo
1391 705 1578 741 secedentes,
1596 705 1694 735 statim
1712 705 1849 735 mandata

1026 748 1143 779 Domini
1161 749 1355 789 capessimus,
1374 753 1403 779 et
1418 748 1585 788 ejusjussis
1596 749 1851 789 obtemperantes,

1025 794 1101 823 viam
1118 794 1147 823 in
1164 793 1271 823 cmlum
1284 793 1428 823 ferentem
1441 794 1639 832 auspicamur.

1065 838 1118 869 Hic
1135 847 1223 878 porro
1240 837 1312 868 mihi
1330 837 1512 877 pensiculate
1524 837 1669 867 dictorum
1678 837 1736 866 vim
1752 837 1849 867 consi-

154 883 232 916 lium
246 885 436 925 praestantius
451 896 460 922 ;
478 889 614 925 quartum
631 885 751 925 proprie
767 884 888 921 bonum,
901 888 983 915 extra
995 880 1013 904 Β
1025 883 1108 913 dera.
1123 882 1251 913 Informa
1262 881 1362 912 animo
1374 881 1448 911 viam
1457 881 1532 911 bene
1545 881 1655 918 tritam,
1666 881 1850 921 quamlonga

154 928 238 970 quod
252 938 313 960 non
327 928 414 960 datur
428 929 529 970 salus;
557 933 590 960 ut
606 930 671 960 sine
686 929 782 959 tribus
798 929 980 959 anteceden-

153 973 239 1005 tibus
265 977 404 1014 quartum
446 974 503 1005 hoc
545 974 680 1005 Christus
723 974 838 1013 operari
868 974 981 1013 nequit.

152 1017 252 1050 Valde
265 1017 414 1059 siquidem
430 1028 505 1059 opus
534 1019 634 1056 habet,
663 1023 695 1049 ut
725 1028 778 1049 nos
804 1018 884 1058 ipsos
902 1018 983 1058 prius

153 1071 365 1103 agnoscamus,
396 1072 454 1103 quo
482 1063 589 1100 sanati,
622 1063 728 1093 demus
756 1063 881 1102 gloriam
908 1064 979 1092 Deo.

153 1107 220 1144 Quo
238 1106 318 1138 enim
334 1111 421 1148 pacto
435 1107 583 1148 quispiam
599 1107 707 1147 adepta
725 1107 850 1137 sanitate
867 1107 982 1137 medico

151 1152 264 1193 gratias
278 1156 357 1192 agat,
372 1152 398 1183 si
414 1152 510 1183 morbi
523 1152 772 1192 magnitudinem,
795 1152 980 1191 gravitatem,

153 1201 186 1229 et
198 1206 348 1228 summam
363 1197 428 1237 ejus
443 1197 615 1238 depellendi
630 1196 834 1227 ditlicultatem
844 1201 912 1227 ante
923 1206 982 1226 non

152 1241 370 1283 perspexerit?
397 1241 537 1279 maxime,
569 1243 592 1272 si
620 1241 645 1272 is
659 1241 695 1272 ab
712 1241 769 1271 alio
789 1241 870 1272 nullo
886 1241 981 1271 medi—

153 1295 260 1319 corum
274 1285 375 1318 curari
400 1290 502 1327 queat.
535 1288 667 1318 Meretur
695 1285 774 1316 enim
804 1285 982 1325 supplicium

153 1330 354 1371 ditissimum,
383 1331 434 1371 qui
464 1335 584 1362 curatus
612 1329 727 1361 medico
757 1338 810 1370 pro
839 1329 982 1368 dignitate

152 1376 266 1417 gratias
281 1384 341 1406 non
356 1377 426 1414 agit.
443 1378 486 1407 Ac
502 1379 659 1415 propterea
687 1384 755 1405 eum
773 1383 789 1404 a
803 1384 860 1414 quo
877 1383 982 1404 sanan-

152 1421 210 1452 dus
224 1423 284 1457 est,
314 1428 404 1450 nosse
433 1419 533 1451 debet.
563 1419 639 1450 Hinc
667 1419 797 1456 visitare,
831 1422 861 1449 et
877 1427 982 1449 sanare

153 1463 346 1496 inﬁrmitates
376 1468 492 1495 nostras
520 1473 600 1504 saepe
628 1467 777 1499 moratur,
794 1462 982 1502 quantumvis

152 1509 345 1551 impleretur.
361 1506 458 1539 Parcit
468 1509 547 1539 enim
559 1498 657 1545 nobis,
669 1517 706 1538 ne
717 1498 824 1546 ingrali
835 1507 871 1538 ad
881 1516 982 1546 poenas
992 1498 1012 1524 (ἶ

153 1554 285 1595 majores
295 1553 499 1585 devolvamur.
510 1552 712 1589 Quamobrem
725 1555 870 1592 quotquot
882 1551 980 1582 homi-

157 1596 362 1630 nisvocabulo
390 1606 560 1638 censemur,
592 1596 798 1637 dispiciamus,
829 1599 857 1625 et
882 1599 982 1626 atten-

159 1642 267 1674 damna
276 1641 363 1674 nobis
380 1651 504 1673 necesse
519 1646 576 1680 est,
603 1641 708 1672 ﬁdeles
733 1641 819 1680 juxta
834 1644 921 1679 atque
937 1639 984 1669 in—

161 1685 276 1727 ﬁdeles.
287 1686 374 1727 parvi
388 1690 479 1726 atque
505 1686 604 1725 magni
621 1694 628 1716 :
658 1689 692 1716 nt
706 1684 845 1715 inﬁdeles
861 1683 982 1724 quidem

161 1729 202 1762 ad
215 1729 406 1770 cognitionem
439 1735 469 1761 et
496 1731 586 1762 ﬁdem
616 1730 670 1761 Dei
701 1729 864 1759 conditoris
888 1727 983 1759 nostri

165 1774 340 1806 veniamus:
366 1774 485 1812 ﬁdeles,
516 1779 547 1805 ut
574 1775 635 1805 vita
665 1774 712 1814 pie
742 1777 819 1810 acta,
837 1772 935 1803 eidem
952 1772 981 1801 in

161 1818 245 1850 omni
257 1827 344 1860 opere
357 1818 436 1850 bono
467 1819 619 1859 placentes
647 1826 845 1858 appareamus
862 1827 869 1855 ;
886 1816 980 1856 parvi,

159 1866 193 1895 ut
205 1862 318 1903 magnis
331 1867 456 1904 propter
464 1863 624 1894 Dominum
636 1861 848 1901 subjiciamur;
871 1860 980 1900 magni,

159 1912 190 1940 ut
203 1916 274 1948 erga
284 1917 389 1950 parvos
398 1911 537 1948 tanquam
557 1913 697 1947 parentes
718 1906 907 1945 ergaliberos
916 1906 982 1936 afﬁ-

155 1949 291 1990 ciamur,’
311 1956 434 1994 propter
462 1952 632 1983 mandatum
665 1950 797 1984 Domini,
829 1949 979 1980 dicentis:

153 1997 304 2036 Quandt'u
323 1997 442 2036 fecistis
461 1997 517 2028 um‘
545 1997 676 2028 istorum
690 2004 728 2026 ea:
741 1995 879 2026 minimis
893 1994 980 2030 meis,

152 2042 233 2074 mihi
241 2041 358 2081 fecistis
364 2041 406 2072 $0.
417 2040 482 2072 Non
494 2041 586 2081 enim,
599 2040 677 2080 quod
685 2039 803 2080 quidam
812 2038 980 2078 opinantur,

155 2086 194 2118 de
222 2085 404 2127 pauperibus
433 2085 649 2121 tantummodo,
680 2090 709 2115 et
736 2083 815 2114 victu
839 2091 982 2127 corporeo

1024 932 1078 963 est,
1093 927 1218 966 pedibus
1229 927 1344 957 scilicet
1356 935 1458 956 eorum
1473 926 1521 965 qui
1536 930 1763 965 praecesserunt.
1773 926 1849 957 Hinc

1023 972 1094 1002 inde
1106 976 1232 1008 montes,
1249 970 1348 1007 silvas,
1359 980 1447 1010 rupes
1458 970 1600 1007 excelsas,
1613 970 1751 1009 scopulos
1763 974 1851 1010 atque

1024 1016 1115 1047 valles
1127 1017 1265 1055 concipe.
1279 1015 1351 1046 Cum
1366 1015 1412 1045 his
1424 1014 1620 1045 nihilominus
1631 1023 1763 1054 campos,
1782 1015 1849 1045 hor-

1026 1067 1080 1096 tos,
1099 1060 1162 1090 loca
1175 1059 1309 1099 jucunda
1323 1063 1351 1089 et
1365 1058 1518 1095 umbrosa,
1544 1058 1690 1098 longeque
1705 1058 1849 1089 amoenis-

1024 1105 1110 1140 sima,
1128 1109 1156 1135 et
1173 1103 1341 1142 omnigenis
1360 1102 1507 1133 fructibus
1522 1102 1715 1132 abundantia.
1732 1102 1850 1133 Deinde

1025 1159 1083 1179 non
1091 1149 1273 1179 mediocrem
1281 1147 1442 1177 bestiarum
1453 1146 1850 1182 multiludinem,latronum-

1024 1202 1093 1233 que,
1103 1192 1313 1223 etsicariorum
1327 1191 1431 1230 globos
1444 1191 1568 1230 perloca
1579 1191 1629 1220 illa
1641 1190 1846 1227 absconditos,

1024 1238 1075 1268 His
1094 1238 1131 1268 ita
1148 1247 1179 1268 se
1195 1236 1384 1271 habentibus,
1417 1245 1451 1266 ex
1480 1235 1563 1265 hisce
1582 1235 1655 1265 locis
1684 1235 1784 1266 nullus
1799 1239 1850 1265 aut

1024 1281 1169 1312 incscabit
1184 1290 1251 1318 nos,
1268 1289 1449 1318 sensumque
1475 1283 1608 1309 nostrum
1637 1279 1845 1317 commovebit,

1024 1331 1072 1357 aut
1088 1335 1198 1357 nocere
1214 1325 1300 1355 nobis
1313 1325 1432 1364 poterit,
1449 1323 1644 1363 sequentibus
1655 1327 1783 1360 sanctos,
1796 1324 1847 1363 qui

1024 1370 1382 1411 przeiverunt,eademque
1389 1369 1462 1399 semi
1469 1374 1546 1399 [eam
1553 1367 1734 1404 bulantibus,
1743 1368 1848 1407 quailli

1023 1413 1483 1451 ambulaverunt.:Incedentibus
1495 1413 1603 1452 quippe
1615 1411 1700 1442 nobis
1711 1420 1765 1452 per
1774 1413 1848 1442 viam

1024 1459 1231 1490 mandatorum
1249 1458 1303 1488 Dei
1317 1466 1351 1488 ac
1364 1456 1483 1488 Domini
1499 1457 1593 1486 nostri
1604 1456 1736 1494 citraque
1746 1464 1835 1495 respe

1025 1508 1103 1534 ctum
1115 1503 1150 1533 ad
1166 1512 1200 1533 ea
1212 1511 1277 1542 quae
1285 1505 1365 1532 retro
1376 1505 1446 1531 sunt
1467 1502 1566 1530 omnia
1579 1509 1644 1540 qua":
1655 1499 1761 1530 audisti
1779 1508 1849 1539 per-

1024 1547 1202 1585 meantibus,
1221 1555 1309 1577 nemo
1326 1555 1423 1586 neque
1439 1545 1590 1575 latronum
1605 1544 1739 1581 illorum,
1750 1552 1849 1584 neque

1024 1593 1188 1624 belluarum
1206 1595 1309 1632 aperte
1325 1600 1360 1621 ac
1377 1594 1513 1630 proterve
1528 1589 1658 1625 insultat,
1675 1593 1723 1619 aut
1738 1598 1849 1628 appro-

1025 1637 1169 1677 pinquare
1184 1636 1284 1667 audet.
1301 1636 1517 1665 Verumtamen
1527 1633 1599 1664 alias
1610 1633 1765 1669 remotius,
1777 1633 1850 1663 alias

1024 1682 1170 1717 vicinius;
1189 1680 1240 1710 alii
1258 1679 1354 1710 minas
1367 1678 1535 1717 intendunt,
1547 1677 1719 1717 caedemque
1730 1677 1848 1716 spiran-

1025 1726 1102 1756 tibus
1114 1725 1208 1756 oculis
1216 1733 1274 1755 non
1286 1723 1413 1757 obeunt;
1426 1722 1476 1752 alii
1487 1721 1664 1761 quibusdam
1674 1721 1851 1751 delinimen-

1025 1771 1060 1800 tis
1077 1774 1106 1800 et
1128 1768 1280 1800 blanditiis
1307 1767 1471 1806 amicisque
1498 1765 1654 1805 colloquiis
1667 1765 1847 1795 vicissitudi-

1025 1825 1093 1847 nem
1109 1820 1137 1846 et
1151 1814 1404 1845 intermissionem
1414 1811 1499 1842 nobis
1506 1811 1645 1850 ollerunt,
1663 1815 1691 1840 et
1700 1814 1850 1841 ostentant

1025 1861 1160 1890 locorum
1187 1867 1240 1898 per
1254 1857 1393 1896 regiones
1409 1856 1638 1892 (lelectamrnta,
1656 1859 1685 1885 et
1700 1855 1848 1885 fructuum

1024 1906 1156 1944 speciem
1174 1901 1418 1943 pulcherrimam,
1437 1900 1648 1939 hortanturque
1658 1904 1689 1929 ut
1701 1898 1848 1944 paurlatrum

1023 1943 1259 1988 requiescentes,
1277 1946 1409 1976 laborem
1426 1944 1479 1974 via:
1489 1944 1692 1981 consolemur,
1704 1948 1733 1973 et
1743 1943 1780 1973 de
1791 1943 1850 1974 fru-

1023 1993 1120 2024 ctibus
1134 1992 1224 2022 edere
1238 1990 1376 2026 suadent,
1396 1988 1461 2028 plus
1485 1988 1658 2027 voluptatis,
1686 1997 1775 2028 quam
1799 1997 1853 2027 pro

1026 2047 1127 2068 eorum
1135 2034 1463 2077 aspectuatlerenlibus.
1475 2033 1583 2064 Multos
1597 2033 1719 2072 insuper
1730 2032 1851 2072 laqueos

1025 2081 1122 2118 nobis,
1136 2076 1368 2119 occasionesque
1377 2079 1412 2108 ad
1433 2077 1612 2117 capiendum
1626 2077 1734 2114 varias,
1745 2076 1851 2107 callide

155 2121 313 2172 egentide
337 2130 394 2162 hoc
410 2129 495 2167 dixit,
512 2130 564 2161 sed
581 2129 618 2160 de
633 2128 774 2160 fratribus
788 2128 858 2158 item
874 2126 983 2172 nostris
993 2136 1016 2165 ῃ
1028 2127 1212 2172 excogitant;
1225 2133 1280 2172 nec
1290 2124 1319 2153 id
1333 2132 1385 2162 per
1398 2122 1476 2172 diem
1490 2121 1597 2158 solum,
1611 2121 1663 2170 sed
1681 2130 1736 2172 per
1750 2125 1853 2171 noctes

156 2175 309 2212 omnibus,
326 2175 378 2216 qui
392 2174 545 2205 non‘fame
563 2174 669 2214 pamis,
686 2177 715 2204 et
745 2173 793 2204 siti
819 2181 913 2212 aquae,
932 2171 983 2202 sed

157 2218 309 2260 segnitiei,
325 2215 356 2250 et
371 2218 582 2250 inobedientias
607 2217 814 2248 mandatorum
839 2215 893 2246 Dei
908 2224 983 2246 con-

158 2264 328 2296 tabescunt.
355 2262 469 2295 Omnes
497 2262 597 2303 itaque
626 2270 793 2298 curramus,
825 2260 982 2300 aniequam

157 2308 246 2340 nobis
260 2316 316 2350 per
329 2311 457 2339 mortem
486 2306 669 2347 pmnitentiae
695 2306 788 2346 janua
815 2304 982 2350 claudatur.

156 2353 332 2393 Cummus,
364 2356 396 2383 ut
432 2356 501 2383 ante
540 2352 650 2382 exitum
681 2349 982 2390 comprehendamus.

156 2397 356 2438 Festinamus,
371 2401 404 2428 ut
417 2396 611 2436 accipiamus.
640 2395 808 2432 Pulsemus,
839 2396 871 2424 ut
885 2393 984 2438 pri_us-

158 2451 248 2484 quam
260 2442 299 2474 de
309 2436 366 2473 hac
378 2441 447 2472 luce
457 2441 631 2480 migremus,
645 2438 774 2480 paradisi
785 2441 909 2484 portam
915 2436 985 2484 _Do-

157 2481 258 2519 minus
271 2486 360 2518 nobis
373 2488 500 2522 reseret,
518 2489 547 2516 et
562 2484 695 2525 seipsum
712 2483 894 2514 manifestet.
913 2481 985 2513 Stu-

157 2533 281 2564 deamus
295 2539 422 2571 regnum
439 2529 581 2561 caelorum
598 2528 676 2560 intra
703 2538 759 2559 nos
776 2526 989 2571 acquirere,ret

156 2577 286 2619 idipsnm
301 2570 564 2619 cognoscere,“
588 2573 712 2611 sentire,
743 2577 773 2603 et
800 2581 839 2603 ne
854 2570 986 2619 sine_illo

157 2615 228 2655 hinc
240 2615 446 2653 discedamus.
460 2618 570 2649 Ircirco
587 2618 667 2649 enim
683 2617 830 2648 etChristi
847 2615 986 2646 mandato

153 2675 209 2709 pro
222 2664 364 2698 subsidio
395 2662 518 2704 utimur,
545 2666 649 2709 utpote
678 2665 879 2709 propter‘nos,
904 2659 988 2689 inﬁr-

151 2705 352 2752 mitatemque
369 2710 504 2739 nostram
528 2706 714 2748 praescripto.
744 2705 860 2737 Idcirco
875 2713 987 2735 renun-

181 2799 212 2826 19
224 2799 306 2832 Luc.
324 2801 384 2830 vu,
400 2791 451 2824 50.
492 2791 522 2817 a0
535 2791 638 2824 Matth.
655 2799 725 2830 xxv,
742 2790 792 2822 40.

1028 2170 1132 2201 etiam:
1146 2178 1201 2199 nec
1210 2168 1364 2208 vigilantes
1380 2167 1479 2204 modo,
1492 2175 1594 2196 verum
1608 2166 1696 2196 etiam
1704 2165 1853 2196 dormien—

1026 2219 1071 2245 tes
1081 2213 1309 2253 aggrediuntur;
1322 2211 1471 2242 interdum
1484 2210 1604 2250 quidem
1616 2209 1852 2245 titillationibus,

1027 2258 1296 2292 etexorationibus;
1313 2256 1462 2287 interdum
1478 2255 1611 2285 ciborum
1624 2253 1853 2285 interdictorum

1026 2307 1111 2342 gustu
1128 2312 1135 2341 ;
1152 2301 1301 2332 interdum
1318 2310 1385 2331 cum
1396 2299 1521 2336 lacibus,
1534 2297 1721 2337 lampadibus
1731 2302 1760 2327 ct
1772 2297 1852 2328 ensi<

1027 2347 1083 2378 lius
1095 2351 1234 2386 tanquam
1245 2345 1385 2381 latrones,
1399 2348 1520 2375 elmare
1541 2343 1688 2373 latronum
1705 2352 1759 2372 nos
1772 2343 1853 2373 inva-

1028 2392 1112 2429 dunt,
1131 2395 1336 2429 terroremque
1363 2388 1467 2418 mortis
1495 2386 1654 2417 incutiunt.
1682 2387 1854 2418 Percellunt

1028 2446 1082 2466 nos
1091 2435 1269 2466 arbitrantes
1280 2433 1371 2464 etiam
1382 2442 1399 2463 a
1410 2438 1492 2463 recto
1515 2431 1623 2461 itinere
1634 2439 1802 2461 aversuros.
1819 2430 1854 2461 Et

1028 2479 1164 2511 nonnulli
1180 2478 1302 2518 quidem
1318 2477 1355 2508 de
1372 2476 1444 2516 ipsis
1460 2479 1582 2506 monent
1597 2475 1662 2505 ﬁeri
1677 2484 1736 2505 non
1754 2484 1851 2515 posse,

1029 2529 1061 2556 ut
1071 2524 1205 2566 quandiu
1220 2523 1356 2561 vivimus,
1374 2522 1463 2562 hujus
1477 2521 1531 2552 via}
1557 2521 1746 2552 difficultates
1761 2520 1854 2566 susti-

1029 2565 1163 2602 neamus.
1181 2568 1253 2608 Alii,
1269 2569 1333 2599 haec
1349 2576 1415 2598 esse
1443 2565 1626 2606 infrugifera,
1645 2570 1674 2596 et
1688 2575 1753 2605 quae
1768 2565 1854 2596 labo-

1028 2613 1163 2644 rantibus
1178 2613 1290 2643 nullam
1323 2616 1433 2652 queant
1459 2610 1619 2641 utilitatem
1650 2618 1765 2650 parere.
1794 2609 1855 2641 Alii

1028 2667 1180 2698 nunquam
1197 2666 1265 2688 esse
1280 2666 1336 2687 nec
1353 2656 1416 2686 fore
1431 2656 1522 2686 ﬁnem
1539 2655 1627 2695 hujus
1637 2654 1700 2691 viae,
1719 2663 1754 2685 eo
1770 2663 1854 2693 argu-

1030 2707 1141 2740 mento,
1159 2701 1237 2742 quod
1253 2700 1430 2741 quibusdam
1446 2709 1495 2731 res
1524 2708 1627 2740 parum
1643 2699 1772 2730 feliciter
1788 2708 1855 2739 pro-
