4160 6420
515 423 629 488 467

1819 411 2197 476 SYMEONIS
2239 408 2588 476 JUNIORIS

3791 419 3906 484 468

509 557 783 631 cesserit,
818 562 876 616 et
906 573 975 616 eo
992 553 1051 614 in
1070 550 1277 631 primis
1301 549 1456 631 quod
1484 547 1584 629 qui
1607 547 1858 608 multum
1883 543 2173 625 temporis
2192 551 2235 600 Α
2257 541 2542 603 adversus
2563 559 2724 623 eum,
2751 562 2869 606 non
2894 561 3292 620 murmurare,
3319 565 3438 608 non
3481 547 3756 626 illudere,
3790 568 3908 612 non

509 646 570 707 in
631 647 743 707 hoc
790 642 1026 705 vivendi
1071 658 1293 719 genere
1343 636 1775 710 contriverunt,
1829 634 2058 697 nullum
2093 651 2162 694 ex
2246 632 2528 710 irridere,
2555 634 2613 694 in
2629 633 3180 718 judicionunquam
3206 655 3317 699 nec
3342 657 3540 719 parva,
3565 658 3676 703 nec
3700 660 3909 721 magna

481 733 899 796 diuturnitate
933 733 1186 792 fructum
1220 727 1608 808 reportarint,
1633 725 1773 787 dum
1809 724 2067 806 putarint
2100 743 2163 784 se
2244 721 2320 783 de
2349 740 2416 783 re
2449 722 2838 786 contendere.
2873 725 3400 789 Persuasissimum
3433 747 3574 807 ergo
3606 729 3900 807 habeatis,

510 843 747 886 cursum
785 821 1198 883 mandatorum
1234 817 1338 880 Dei
1371 833 1636 889 currere,
1667 815 1798 875 etid
1817 833 1934 874 non
1953 832 2164 875 secun-

509 913 652 974 dum
687 911 1026 988 scientiam,
1062 927 1128 969 ac
1157 925 1299 967 sano
1351 903 1581 984 judicio
1614 903 2014 988 praestiterint,
2050 901 2153 963 sed

510 1002 583 1063 ad
617 1018 918 1078 numeros,
943 986 1094 1077 quos
1122 995 1236 1056 sibi
1269 993 1565 1068 ﬁnxerint,
1602 1001 1658 1053 et
1685 993 1758 1052 ad
1782 986 2150 1072 opinionem,

510 1110 684 1170 quam
717 1089 790 1148 de
825 1107 888 1148 se
916 1087 1026 1166 ipsi
1058 1084 1238 1145 stulte
1269 1081 1588 1144 habuerint
1623 1100 1636 1143 :
1695 1081 1910 1162 quibus
1942 1081 2152 1170 merito

508 1169 682 1240 etiam
700 1194 936 1254 gressus
952 1173 1278 1235 secundum
1295 1171 1476 1232 Deum
1495 1170 1921 1250 prmeiduntur,
1936 1169 2147 1246 illusis,

507 1276 567 1327 et
597 1266 665 1326 ad
704 1284 770 1325 ea
803 1283 933 1345 quae
965 1271 1126 1324 retro
1161 1267 1299 1321 sunt
1337 1258 1795 1339 revertentibus,
1832 1277 2014 1339 seque
2046 1278 2154 1339 per

505 1352 920 1432 negligentiam
940 1351 1219 1430 maligno,
1248 1349 1318 1411 ad
1353 1367 1518 1410 suam
1544 1348 1602 1409 in
1634 1348 1780 1429 ipsis
1796 1348 2152 1411 voluntatem

505 1442 870 1522 explendam
907 1439 1303 1502 tradentibus.

587 1530 700 1594 Sed
731 1550 838 1590 cur
859 1549 967 1609 ego
1000 1530 1112 1590 ista
1140 1529 1292 1610 apud
1318 1548 1418 1590 vos
1447 1529 1659 1591 fratres
1681 1544 1844 1588 meos
1866 1525 2148 1604 spiritua-

501 1620 590 1681 les
619 1621 847 1680 dissero
878 1621 908 1679 ‘?
955 1618 1102 1690 Quia
1155 1618 1452 1679 nimerum
1511 1615 2151 1679 exceduntadversarii

499 1709 692 1770 nostri
717 1708 959 1776 diaboli,
983 1708 1500 1788 malignorumque
1523 1708 1654 1786 ejus
1674 1704 1990 1786 spirituum
2011 1704 2154 1765 insi-

500 1798 614 1860 diae
645 1806 704 1858 et
736 1796 1049 1857 tendiculze
1135 1795 1596 1858 Consideremus
1626 1813 1733 1854 nos
1758 1793 1919 1872 ipsos
1949 1793 2008 1853 in
2035 1794 2146 1874 via,

503 1887 578 1949 de
610 1906 724 1966 qua
751 1885 1030 1959 diximus,
1066 1884 1165 1963 qui
1197 1885 1286 1946 vel
1339 1903 1528 1964 nuper
1561 1900 1690 1944 eam
1725 1881 2026 1962 inivimus,
2059 1883 2147 1944 vel

500 1975 726 2036 diutius
756 1974 814 2034 in
849 1992 918 2035 ea
941 1973 1334 2050 perreximus,
1363 1983 1418 2033 et
1444 1971 1518 2032 ab
1551 1969 1828 2031 omnibus
1860 1969 1990 2030 istis
2018 1989 2148 2050 quze

503 2063 676 2125 dictae
700 2073 835 2123 sunt
858 2062 1067 2123 bestiis
1087 2071 1136 2123 et
1157 2061 1506 2136 latronibus,
1532 2060 1720 2121 multa
1741 2059 1978 2140 quidem
1994 2059 2146 2138 passi

501 2171 644 2213 eoru
656 2171 707 2211 m
726 2171 856 2231 qua)
869 2171 996 2211 com
1008 2150 1493 2223 memoravimus,
1513 2149 1702 2229 gratia
1714 2157 1908 2210 autem
1929 2148 2146 2210 Christi

497 2259 694 2320 neque
711 2240 1146 2301 adulationibus
1162 2239 1345 2318 decep
1360 2239 1630 2318 ti,neque
1645 2237 1934 2316 elegantia
1945 2256 2144 2298 rerum

492 2327 904 2408 apparentium
933 2329 1002 2387 ad
1029 2327 1383 2406 voluptatem
1412 2327 1610 2386 furtim
1636 2325 2145 2405 pertracti,neque

493 2415 704 2476 timore
737 2423 836 2476 aut
862 2415 1035 2474 minis
1071 2415 1140 2475 ad
1183 2413 1601 2475 derlinandum
1628 2413 1700 2474 de
1723 2421 1884 2474 recta
1903 2413 2016 2487 via,
2047 2421 2148 2474 aut

493 2523 526 2565 a
554 2523 864 2583 progreSsu
888 2504 1290 2564 desistendum
1308 2503 1530 2576 inﬂexi,
1551 2520 1746 2581 neque
1762 2519 1899 2562 vero
1923 2511 2142 2563 retror-

494 2613 620 2652 sum
638 2593 907 2653 conversi
934 2611 1160 2666 sumus,
1192 2591 1298 2652 sed
1323 2591 1537 2671 potius,
1564 2589 1878 2670 etquidem
1902 2598 2144 2664 conten-

494 2686 608 2741 tius
641 2683 962 2742 currimus.
999 2683 1152 2742 Num
1200 2680 1261 2740 in
1321 2679 1420 2740 tali
1476 2686 1632 2738 statu
1689 2685 1748 2737 et
1801 2678 2140 2741 conditione

491 2778 718 2842 nostra,
753 2769 975 2849 quievit
1002 2788 1033 2826 a
1086 2767 1256 2828 nobis
1311 2765 1726 2846 oppugnandis
1756 2764 2000 2828 Satanas
2037 2789 2052 2842 ;
2085 2777 2141 2830 et

493 2877 634 2918 num
671 2858 986 2937 aliquando
1021 2857 1258 2916 tandem
1295 2856 1606 2935 quieturus
1639 2863 1726 2914 est
1755 2854 1780 2916 ?
1824 2857 2135 2936 Nunquam

491 2965 652 3007 sane.
685 2945 977 3016 Quocirco
1000 2949 1153 3007 Deus
1185 2963 1423 3024 semper
1451 2943 1624 3004 nobis
1646 2962 1876 3006 summo
1909 2945 2144 3008 deside-

2243 809 2460 872 fratres
2493 812 2612 872 mei
2642 811 2871 889 dilecti,
2905 813 3055 876 nihil
3093 821 3210 876 tam
3242 815 3418 876 facile
3448 816 3703 879 salutem
3734 818 3904 881 vobis

2241 899 2723 974 cenciliaturum,
2750 919 2926 981 quam
2947 902 3147 964 divina
3171 901 3488 966 Salvatoris
3503 905 3674 985 jussa
3701 906 3898 969 faces-

2238 1006 2397 1050 sere.
2434 986 2837 1050 Nihilominus
2869 991 3071 1052 multis
3102 991 3402 1074 lacrymis,
3438 994 3621 1056 multo
3657 994 3892 1071 timore,

2237 1077 2424 1138 multa
2448 1076 2750 1158 patientia,
2775 1081 3335 1162 perseverantiaque
3355 1080 3416 1142 in
3430 1082 3706 1162 precibus
3721 1085 3893 1146 nobis

2237 1183 2384 1245 opus
2415 1175 2526 1241 est,
2551 1175 2614 1227 ut
2657 1167 2868 1229 saltem
2901 1169 3076 1231 unius
3107 1170 3276 1233 verbi
3303 1170 3540 1234 Domini
3571 1173 3757 1236 virtus
3788 1192 3890 1236 re-

2235 1253 2468 1316 veletur
2487 1255 2682 1336 nobis,
2703 1263 2766 1317 ut
2801 1275 3117 1321 noscamus
3152 1259 3308 1340 quod
3341 1261 3402 1321 iu
3433 1260 3627 1341 parvis
3653 1280 3890 1324 sermo-

2238 1342 2418 1406 nibus
2443 1346 2570 1424 ejus
2593 1344 3006 1408 absconditum
3033 1355 3123 1410 est
3144 1348 3517 1428 mysterium,
3541 1358 3603 1412 ut
3635 1370 3739 1431 pro
3771 1370 3892 1412 uno

2237 1432 2405 1512 apice
2436 1433 2850 1495 mandatorum
2883 1435 3101 1498 Christi
3131 1437 3367 1498 animas
3396 1446 3631 1500 nostras
3665 1458 3894 1519 ponere

2234 1538 2310 1580 ne
2336 1520 2702 1584 dubitemus.
2735 1524 2948 1584 Sermo
2979 1523 3140 1585 enim
3175 1525 3285 1586 Dei
3308 1535 3593 1601 armatus,
3630 1538 3686 1590 et
3721 1528 3897 1608 quasi

2234 1609 2468 1689 gladius
2485 1629 2704 1692 anceps
2731 1610 2815 1687 28,
2851 1619 2909 1674 et
2940 1630 2972 1674 a
3003 1632 3119 1694 quo
3150 1613 3282 1694 quis
3314 1614 3502 1677 victus
3534 1625 3643 1692 est,
3665 1617 3795 1697 ejus
3827 1625 3894 1678 et

2236 1714 2438 1759 servus
2471 1707 2559 1760 est
2585 1699 2665 1763 99.

2316 1785 2598 1849 Utautem
2611 1790 2883 1870 exemplo
2910 1809 3146 1872 quoque
3164 1790 3449 1854 credibile
3472 1792 3706 1875 faciam,
3724 1794 3889 1875 quod

2233 1875 2390 1951 dico,
2416 1895 2517 1936 vos
2535 1876 2939 1957 interrogabo.
2963 1881 3069 1943 Cui
3108 1899 3241 1941 cum
3264 1881 3496 1962 decem,
3521 1890 3620 1944 aut
3649 1883 3888 1945 duode-

2232 1963 2348 2025 cim
2372 1964 2512 2026 viris
2547 1977 2827 2046 suscepta
2851 1975 2940 2029 est
2978 1967 3304 2043 dimicatio,
3333 1969 3472 2031 dum
3509 1989 3718 2034 manus
3749 1990 3888 2034 cum

2231 2051 2305 2113 iis
2335 2053 2620 2128 conserit,
2646 2054 2696 2115 si
2722 2055 3144 2135 antesignanos
3175 2065 3231 2119 et
3285 2058 3642 2120 fortissimos
3675 2078 3889 2122 eorum

2229 2141 2404 2202 simul
2436 2143 2627 2222 prima
2658 2142 3055 2224 impressione
3083 2146 3142 2207 in
3167 2147 3363 2226 fugam
3387 2149 3768 2228 compulerit,
3792 2168 3891 2212 re-

2228 2229 2421 2311 liquos
2452 2232 2870 2308 vulneraverit,
2923 2252 2992 2296 ac
3042 2237 3456 2315 prostraverit,
3493 2257 3679 2299 unum
3713 2256 3884 2321 vero,

2227 2334 2325 2379 aut
2352 2319 2500 2380 duos
2524 2339 2595 2381 ex
2619 2321 2713 2382 his
2734 2321 3244 2402 despicabiliores,
3273 2325 3755 2407 inﬁrmioresque
3776 2319 3886 2389 re;

2228 2405 2403 2496 lictos
2427 2417 2632 2489 postea
2650 2410 2882 2486 timide,
2908 2421 2962 2473 et
2987 2431 3119 2473 cum
3145 2412 3457 2475 blanditiss
3479 2405 3686 2496 procul
3717 2416 3789 2477 ad
3813 2435 3883 2479 se

2230 2495 2536 2558 venientes
2560 2497 2793 2580 viderit,
2811 2518 2921 2562 nec
2935 2519 3258 2563 occurrens
3279 2520 3385 2564 eos
3405 2503 3877 2583 comprehende-

2224 2584 2325 2665 rit,
2361 2603 2570 2646 manus
2605 2606 2759 2666 pone
2789 2589 3130 2664 revinxerit,
3190 2598 3290 2653 aut
3321 2593 3633 2668 occiderit,
3672 2613 3873 2656 nonne

2224 2674 2460 2764 saeviter
2488 2675 2559 2736 ab
2582 2676 2655 2736 iis
2680 2678 2807 2757 ipse
2841 2677 3284 2741 trucidabitur‘?
3317 2679 3638 2744 Sienimex
3663 2701 3874 2764 super-

2224 2760 2320 2822 bia
2340 2769 2397 2824 et
2413 2765 2748 2853 arrogantia
2766 2767 3049 2847 projectis
3065 2760 3870 2853 armisrecubuerit,illisque

2223 2851 2578 2931 contemptis
2608 2853 2858 2933 supinus
2907 2855 3280 2932 dormiverit,
3332 2878 3406 2920 an
3437 2878 3554 2920 non
3587 2851 3788 2921 sciens
3813 2867 3873 2921 et

2231 2940 2432 3002 volens
2464 2942 2526 3002 in
2556 2943 2904 3005 servitutem
2932 2944 3168 3008 miseris
3199 2947 3318 3009 iliis
3362 2966 3426 3010 se
3457 2947 3694 3009 tradidit
3722 2954 3750 3011 ?
3777 2949 3867 3009 An

487 3035 603 3108 rio,
641 3043 880 3114 totaque
914 3046 1115 3095 mente
1177 3033 1440 3094 orandus
1495 3041 1604 3106 est,
1639 3051 1716 3093 ne
1746 3052 1853 3094 nos
1883 3054 2140 3116 unquam
2229 3046 2347 3089 non
2369 3032 2463 3110 qui
2488 3043 2964 3111 supervenerunt
2983 3034 3100 3096 duo
3124 3054 3194 3097 ex
3223 3036 3364 3112 illis,
3385 3040 3672 3098 autetiam
3689 3055 3862 3110 unus,

489 3123 745 3184 inescari
771 3143 801 3183 a
825 3123 1103 3200 maligno,
1135 3131 1234 3183 aut
1256 3123 1376 3184 falli
1405 3123 1676 3202 patiatur.
1719 3122 1856 3185 Haec
1891 3115 2074 3204 pauca
2107 3146 2138 3190 e
2161 3119 2199 3167 (ἶ
2223 3115 2471 3198 ligatum
2498 3139 2632 3181 eum
2658 3122 2718 3182 in
2739 3141 2846 3184 suo
2870 3123 3168 3204 mancipio
3193 3124 3458 3205 habebit,
3484 3133 3541 3186 et
3566 3143 3669 3204 pro
3692 3144 3866 3186 servo

488 3211 691 3272 multis
722 3211 1169 3273 decertantibus
1200 3210 1654 3291 diSputavimus.

568 3299 738 3362 Deiis
760 3319 957 3380 porro,
986 3300 1083 3379 qui
1111 3299 1270 3359 nullo
1298 3298 1667 3371 discrimine,
1687 3305 1744 3359 et
1766 3299 1910 3360 nihil
1935 3302 2135 3364 omnia

484 3389 818 3469 pendentes
847 3390 961 3450 hac
988 3389 1125 3462 vita,
1163 3396 1219 3448 et
1248 3387 1362 3448 vita
1395 3387 2001 3468 ingrediuntur,,quid
2025 3409 2131 3470 ego

489 3482 682 3544 dicam
720 3478 745 3538 Υ
774 3476 1257 3557 quandoquidem
1290 3477 1451 3538 velut
1485 3476 1741 3556 stupidas
1770 3496 1905 3540 aves
1935 3481 2128 3543 omnis

482 3568 721 3650 generis
754 3564 974 3627 diaboli
1033 3565 1262 3647 laqueis
1314 3563 1688 3640 irretiuntur,
1723 3573 1914 3628 semet
1941 3570 2126 3630 cuivis

478 3655 716 3719 atfectui
747 3655 1034 3716 dedentes
1056 3674 1124 3715 ac
1141 3653 1568 3731 mancipantes,
1596 3661 1654 3714 et
1675 3671 1870 3716 escam
1890 3673 2128 3736 semper

481 3745 739 3824 maligno
777 3763 841 3804 se
879 3743 1256 3821 objicientes,
1290 3741 1708 3816 circumeunti,
1766 3751 1824 3803 et
1858 3748 2126 3822 rugienti

479 3834 679 3894 instar
701 3832 914 3911 Ieom‘s,
940 3833 1355 3911 quwrentique
1369 3849 1545 3910 quem
1559 3831 1884 3907 devoret”,
1904 3841 1960 3896 et
1979 3837 2130 3898 mori

479 3928 832 4000 prmoptant,
867 3937 1040 3998 quam
1079 3938 1110 3979 e
1142 3920 1420 3980 dentibus
1449 3931 1508 3983 et
1537 3919 1806 3982 faucibus
1837 3922 1968 4000 ejus
1999 3941 2127 3983 cru-

476 4009 799 4070 delissimis
827 4009 1077 4069 extrahi.
1106 4008 1325 4070 Hortor
1346 4010 1568 4090 itaque,
1593 4017 1652 4070 et
1693 4028 1901 4072 omnes
1930 4021 2125 4073 oratos

475 4097 606 4157 velo
639 4097 696 4156 in
732 4096 970 4158 Christo
999 4095 1161 4182 Jesu,
1197 4107 1259 4158 ut
1293 4097 1686 4179 sibimetipsis
1717 4099 2043 4181 attendant,
2071 4109 2128 4162 et

474 4184 883 4265 unusquisque
909 4204 1023 4244 non
1050 4185 1181 4264 plus
1204 4204 1378 4264 quam
1404 4194 1658 4267 oportet,
1680 4187 1783 4249 sed
1799 4186 2123 4250 adsobrie-

475 4280 654 4334 tatem
688 4273 875 4353 sapiat
902 4273 984 4345 ἓξ,
1042 4275 1449 4355 directamque
1503 4275 1682 4357 viam,
1716 4295 1846 4357 qum
1878 4279 2034 4339 Deus
2065 4286 2122 4338 et

474 4361 745 4423 Christus
771 4370 878 4437 est,
907 4362 1174 4425 ambulet
1197 4364 1386 4443 (cuiet
1407 4365 1774 4445 respondere
1801 4365 2115 4445 oportebit,

2217 3207 2533 3270 abducet?
2589 3219 2688 3271 aut
2749 3212 2799 3271 si
2851 3212 3030 3274 etiam
3064 3213 3258 3291 gladio
3283 3213 3662 3293 jugulaverit,
3693 3213 3870 3276 faciet

2217 3297 2494 3358 omnibus
2527 3299 2875 3361 mortalibus
2907 3300 3227 3363 ludibrium
3260 3301 3285 3363 ?
3328 3305 3546 3364 Annon
3582 3311 3869 3382 praeterea

2216 3401 2422 3446 omnes
2448 3386 2539 3448 sui
2573 3388 2971 3468 negligentem
3002 3398 3059 3452 et
3089 3390 3486 3453 confidentem
3518 3391 3711 3466 illum,
3742 3390 3864 3453 imo

2213 3471 2555 3536 dementem
2589 3494 2661 3537 ac
2717 3477 3020 3557 stupidum
3080 3479 3294 3541 merito
3359 3499 3577 3542 caesum
3607 3479 3866 3542 dicent?

2174 3582 2176 3585 ·
2211 3562 2469 3624 Omnino
2490 3563 2650 3625 enim
2681 3584 2798 3626 non
2824 3575 2940 3627 tam
2979 3567 3296 3631 laudabilis
3329 3570 3440 3630 erit
3472 3579 3719 3650 propter
3747 3589 3861 3650 pu-

2209 3669 2385 3728 gnam
2405 3659 2460 3712 et
2481 3651 2787 3715 victoriam
2821 3655 2983 3717 illam
3016 3665 3222 3718 contra
3257 3660 3550 3733 fortiores,
3583 3677 3758 3738 quam
3775 3657 3859 3719 vi-

2209 3738 2581 3818 tuperabilis,
2642 3741 3102 3820 abominandus,
3162 3755 3219 3806 et
3265 3746 3723 3827 vilipendendus
3753 3765 3861 3808 seu

2211 3844 2439 3916 servus,
2460 3847 2565 3891 seu
2583 3839 2874 3908 mortuus,
2899 3840 2964 3894 ut
2981 3832 3168 3895 libere
3190 3835 3410 3912 dicam,
3457 3835 3616 3916 quod
3639 3835 3711 3896 ab
3741 3854 3861 3897 uno

2211 3913 2311 3978 illo
2350 3919 2540 3979 victus
2573 3921 2674 3981 sit.
2709 3919 2807 3982 Sic
2836 3920 3038 4002 igitur,
3089 3921 3301 3984 fratres
3349 3913 3857 4004 mei'charissimi,

2209 4006 2355 4067 nihil
2376 4006 2545 4068 nobis
2571 4007 2860 4088 proderit,
2886 4009 2936 4069 si
2963 4010 3289 4090 majoribus
3311 4011 3860 4091 perturbationibus

2211 4094 2511 4169 edomitis,
2544 4094 2604 4156 in
2638 4097 2938 4158 minorum
2994 4106 3292 4178 potestate
3342 4100 3551 4162 simus.
3588 4100 3860 4180 Exempli

2209 4182 2397 4261 gratia
2431 4183 2664 4263 (eadem
2697 4185 2858 4246 enim
2891 4204 3096 4248 rursus
3147 4186 3364 4264 dicam,
3415 4197 3474 4249 et
3502 4189 3704 4250 dicere
3734 4206 3856 4249 non

2207 4271 2496 4346 desinam)
2527 4274 2575 4334 si
2609 4273 2803 4335 carnis
2827 4274 3278 4355 inquinamenta
3298 4279 3574 4352 vitemus,
3592 4278 3642 4338 si
3671 4276 3744 4339 ab
3766 4277 3856 4338 in-

2201 4358 2379 4440 vidia,
2415 4370 2472 4422 et
2502 4362 2678 4424 furtis
2711 4363 2908 4441 magni
2945 4366 3229 4426 momenti
3279 4365 3704 4441 abstineamus,
3739 4367 3788 4428 si
3821 4387 3854 4429 a

471 4456 534 4510 ut
545 4450 709 4527 justo
736 4449 954 4523 Judici,
980 4452 1155 4532 etqui
1177 4451 1583 4514 circumscribi
1608 4454 1831 4533 nequit)
1859 4473 1971 4514 non
2005 4457 2114 4517 de-
2138 4475 2180 4523 ι)
2201 4448 2442 4510 nefariis
2470 4469 2788 4530 puerorum
2814 4454 3139 4527 amoribus,
3171 4463 3230 4516 et
3258 4473 3461 4516 aversa
3500 4453 3770 4528 libidine,
3803 4455 3855 4517 si

468 4537 762 4599 clinantes
780 4539 850 4599 ad
873 4539 1163 4615 dextram,
1192 4560 1303 4602 nec
1326 4541 1398 4602 ad
1427 4541 1832 4604 sinistram93:
1865 4544 1967 4604 sed
1988 4545 2118 4622 ejus

2200 4556 2234 4599 a
2267 4539 2536 4619 mollitie,
2569 4547 2628 4602 et
2673 4542 2836 4602 omni
2890 4543 3002 4602 alia
3060 4545 3390 4623 petulantia
3419 4551 3848 4622 temperemus,

466 4626 712 4704 vestigia
761 4636 1046 4707 perpetuo
1109 4638 1475 4710 prementes,
1538 4631 1600 4691 in
1659 4631 1954 4693 mandatis
1986 4632 2116 4710 ejus
2199 4625 2342 4714 vitio
2377 4634 2572 4688 tamen
2602 4627 2849 4704 ventris,
2901 4639 3002 4690 aut
3051 4632 3234 4692 multo
3287 4632 3444 4705 vino,
3480 4641 3582 4693 aut
3612 4649 3850 4714 somno,

467 4714 746 4775 omnibus
797 4715 1022 4795 absque
1056 4717 1175 4778 ulla
1206 4717 1530 4779 omissione
1589 4719 2016 4795 custodiendis,
2051 4731 2117 4781 ut
2198 4713 2568 4789 autinertiae,
2592 4716 2978 4796 autpigritiae,
3003 4713 3851 4794 contradictioni,inobediené

467 4802 779 4863 salvemini
811 4804 964 4865 sicut
995 4824 1208 4885 caprea
1240 4825 1271 4867 e
1304 4807 1576 4883 maculis,
1631 4820 1690 4868 et
1726 4827 1932 4888 passer
1962 4828 1993 4869 e
2026 4809 2113 4870 la-
2200 4802 2791 4878 tiae,murmurationi
2818 4809 3285 4887 tanquamservi,
3311 4809 3850 4888 etﬂagrionessub-

462 4891 699 4971 queoﬂ.
719 4893 981 4954 Primum
997 4895 1216 4974 quippe
1233 4896 1576 4957 mandatum
1593 4904 1702 4970 est,
1728 4895 1975 4975 diligere
1992 4897 2113 4958 Do-
2195 4889 2495 4970 jiciamur,
2531 4912 2734 4975 quem,
2781 4895 3056 4968 obsecro,
3110 4916 3178 4958 ex
3209 4897 3336 4959 sola
3363 4917 3611 4980 operum
3648 4899 3847 4977 pessi-

463 4980 689 5042 minum
712 4981 922 5054 Deum,
948 4991 1005 5044 et
1028 4985 1302 5047 mandata
1316 4985 1789 5065 ejusservareeti,
1816 4987 2117 5066 sicutipse
2202 4998 2434 5040 morum
2455 4980 2813 5045 abstinentia
2836 4985 3089 5046 fructum
3117 4995 3594 5068 consequemur?
3619 4989 3846 5052 Siclam

458 5067 586 5130 ait:
652 5070 774 5144 Qui
821 5070 1029 5151 diligit
1071 5090 1185 5146 me,
1249 5075 1543 5138 mandata
1571 5092 1707 5138 mea
1737 5077 1997 5139 custodit
2023 5075 2107 5131 26.

457 5154 822 5230 Secundum,
852 5159 1102 5238 diligere
1125 5160 1280 5223 inter
1298 5181 1386 5236 se,
1422 5163 1576 5226 sicut
1605 5164 1735 5244 ipse
1764 5163 1923 5226 Deus
1943 5184 2111 5227 mun-

454 5245 595 5306 dum
628 5246 855 5308 dilexit.
886 5246 1041 5309 Vera
1071 5256 1268 5310 autem
1301 5250 1542 5313 dilectio
1574 5252 1669 5314 his
1698 5253 1866 5332 quasi
1897 5255 2104 5316 chara-

453 5334 716 5395 cteribus
745 5337 1124 5414 cognoscitur
1141 5337 1225 5410 27,
1260 5339 1543 5402 adversus
1573 5341 1812 5402 fratrem
1846 5361 1963 5403 non
2007 5343 2104 5403 in-

451 5421 600 5499 ﬂari,
637 5441 749 5485 nec
779 5424 1004 5502 efferri,
1040 5444 1150 5488 nec
1178 5428 1444 5489 aemulari
1474 5429 1668 5504 illum,
1701 5430 1804 5492 sed
1838 5427 2103 5492 aamulari

448 5507 668 5571 bonum
700 5529 712 5573 :
773 5533 888 5574 non
915 5533 1092 5594 agere
1125 5535 1463 5598 perperam,
1501 5538 1620 5580 non
1655 5537 1789 5582 esse
1817 5519 2103 5582 audacem

527 5665 575 5710 3‘
665 5669 910 5752 Petrévj
940 5672 1018 5752 _8.
1103 5673 1157 5716 εί
1184 5675 1358 5738 Rom.
1391 5694 1494 5752 xu,
1554 5681 1615 5740 3.
1702 5677 1765 5730 π
1789 5681 1965 5746 Deut.
1998 5696 2141 5744 XVII.

447 5760 566 5808 xxv.
608 5747 704 5810 15.
788 5749 898 5812 971
928 5750 1062 5814 Cor.
1097 5769 1223 5830 xm,
1260 5757 1287 5818 1
1323 5747 1493 5838 seqq.
1579 5757 1638 5809 98
1665 5757 1848 5824 Hebr.
1885 5778 1968 5839 IV,
2004 5760 2098 5824 12.

2203 5069 2372 5150 panis
2406 5070 2734 5150 fragmenta
2764 5073 3144 5155 surripimus,
3201 5084 3260 5136 et
3318 5077 3710 5154 comedimus,
3744 5088 3848 5142 aut

2194 5158 2502 5238 quippiam
2536 5162 2694 5223 aliud
2745 5163 2988 5224 aliunde
3040 5163 3430 5243 sublegimus,
3484 5166 3664 5247 idque
3694 5169 3845 5231 citra

2195 5248 2549 5326 permissum
2575 5251 2836 5331 praefecti
2861 5255 3073 5326 nostri,
3099 5255 3202 5333 qui
3226 5271 3332 5314 nos
3359 5257 3584 5333 peccati
3614 5257 3840 5317 immu-

2190 5354 2296 5398 nes
2312 5339 2656 5417 pronuntiet
2679 5340 2703 5402 ἰν
2729 5340 2789 5404 Si
2813 5359 2846 5401 a
2866 5342 3070 5421 synaxi
3093 5341 3319 5423 absque
3343 5361 3553 5421 magna
3568 5347 3842 5424 corporis

2189 5424 2620 5501 imbecillitate,
2640 5438 2739 5491 aut
2761 5431 3118 5492 necessitate
3139 5431 3564 5513 aliquasponte
3585 5432 3845 5498 abfueri-

2191 5516 2367 5580 mus?
2398 5513 2460 5577 Si
2491 5517 2717 5580 fructus
2751 5521 3182 5597 custodientes,
3205 5520 3278 5582 ab
3319 5521 3465 5602 ipsis
3493 5523 3689 5602 gulam
3719 5544 3838 5586 non

2188 5681 2323 5773 Li."
2355 5680 2452 5773 34‘
2487 5684 2775 5773 Prov._xt,
2831 5687 2926 5748 15.
3015 5688 3074 5740 εδ
3100 5687 3253 5750 Deut
3312 5707 3392 5773 v1,
3427 5689 3487 5752 5.
3573 5690 3632 5741 ⁸6
3658 5691 3830 5757 Joan.

2187 5761 2246 5811 29
2272 5761 2323 5825 ll
2355 5765 2516 5827 Petr.
2546 5780 2609 5837 ιι,
2643 5767 2740 5827 19.
