2080 3215
167 154 227 187 469

890 155 1030 188 ORATIO
1052 155 1147 187 XXX.

1809 150 1867 183 470

165 221 428 254 continuerimus?
441 222 557 254 Etenim
574 222 645 263 quid
661 223 741 253 aliud
757 223 902 254 Adamum
913 232 929 253 e
946 231 993 262 pa-
1006 226 1027 249 Α
1038 220 1223 253 descendere
1241 223 1270 253 in
1289 226 1411 259 terram,
1431 222 1460 251 in
1483 229 1577 261 eaque
1603 220 1768 251 consistere
1784 218 1866 249 nullo

165 265 377 307 radisoejecit,
388 267 538 307 mortique
546 266 683 297 dedidit?
694 266 770 303 Quid
782 277 816 298 ex
829 267 995 306 graviorum

165 309 287 342 illorum
294 309 437 341 vitatione
446 310 594 341 commodi
603 310 828 341 nanciscemur?
844 310 904 341 Nec
916 310 995 341 enim

166 353 316 395 quispiam
333 358 395 385 toto
411 354 637 394 corporelacer,
655 355 763 385 deinde
780 355 914 395 pluribus
931 364 995 385 me-

166 398 358 437 dicamentis,
370 402 479 440 praeter
495 408 583 429 unam
609 399 758 430 modicam
779 402 893 439 p’agam
910 408 996 429 cura-

165 446 226 481 tus,
237 442 299 475 dici
312 452 404 474 sanus
414 447 524 484 potest,
539 443 564 474 si
574 444 705 474 vulneris
721 453 827 484 parvas
840 444 992 484 reliquias,

164 490 201 519 ut
213 488 360 521 furantem
369 497 440 520 acus
447 489 545 519 adhuc
558 488 767 519 circumferat:
780 489 833 520 sed
846 489 895 529 qui
907 488 995 519 etiam

166 532 323 564 vulnerum
332 531 499 570 cicatrices,
511 533 537 563 si
549 537 656 574 potest,
679 534 841 569 sustulerit,
854 533 902 564 ille
915 542 997 563 cura-

167 580 218 608 tus
232 576 440 618 pradicabitur
455 577 493 608 ob
509 577 661 608 omnibus.
684 577 727 608 Ne
742 577 833 617 igitur
854 578 910 608 ista
926 587 995 617 par-

168 620 360 653 viducamus:
376 621 432 653 sed
446 626 567 662 propter
580 631 615 653 ea
630 622 704 653 alios
721 623 850 661 punitos,
864 627 893 653 et
909 622 996 652 vehe-

172 665 452 698 mentardamnatos
466 666 635 707 audientes,
651 667 729 707 quod
746 676 800 697 nos
816 666 886 697 inde
903 676 996 697 nocu-

171 713 304 742 meutum
317 714 428 747 manet,
447 710 515 741 totis
529 711 643 742 viribus
657 711 825 749 ,fugiamus.
845 712 880 743 Et
896 721 995 748 nemo,

169 753 370 796 dilectissimi,
386 754 416 786 in
432 755 532 796 aliquo
551 756 670 792 horum,
700 761 750 787 aut
777 756 835 786 alio
858 756 996 796 quopiam

169 797 358 840 turbulento,
380 809 415 831 ac
438 799 543 831 vitioso
568 801 676 831 aﬂ'ectn
694 800 730 831 de
745 805 853 831 caetero
877 810 997 841 perma-

168 846 253 883 neat;
277 843 331 875 sed
355 843 427 875 hinc
442 844 506 884 jam
523 845 688 885 proﬂigato,
706 846 889 885 poenitentiae
911 845 996 876 faciat

166 887 302 928 initium,
319 891 348 920 et
360 897 393 920 se
416 889 524 920 victum
546 889 638 920 fuisse
663 890 800 921 conﬁteri
821 899 858 920 ne
888 894 994 927 cesset,

168 932 267 964 donec
280 932 454 973 pudefactus
468 938 622 973 suggestor
633 934 783 971 inimicus,
797 934 833 965 ab
849 944 884 965 eo
900 945 995 974 oppu—

167 977 289 1017 gnando
303 977 488 1009 discesserit.
505 979 550 1010 Ne
574 979 745 1009 dominetur
762 979 855 1009 nostri
870 979 993 1016 invidia,

167 1029 211 1053 ne
224 1021 280 1059 ira,
297 1031 336 1053 ne
349 1022 433 1053 furor
447 1026 480 1053 et
494 1022 617 1060 clamor,
631 1033 664 1053 ex
681 1023 788 1063 quibus
804 1023 994 1063 turpiloquia,

169 1069 201 1097 et
214 1066 404 1098 contumelia
417 1067 555 1106 generari
577 1073 810 1098 consueverunt.
837 1069 881 1098 Ne
898 1067 995 1097 inanis

168 1109 277 1150 gloria,
293 1110 445 1151 superbia,
461 1111 507 1141 sui
519 1111 676 1142 admiratio
697 1111 785 1142 nobis
800 1111 993 1151 imperantes,

170 1155 202 1186 in
215 1154 397 1195 profundum
409 1155 519 1187 inferni
533 1165 588 1186 nos
605 1157 723 1187 trahant
737 1165 743 1186 :
757 1165 857 1186 verum
874 1156 921 1186 his
933 1166 995 1186 om-

167 1198 260 1230 nibus
284 1199 388 1240 procul
414 1200 629 1238 exterminatis,
653 1201 776 1231 virtutes
800 1210 903 1231 eorum
929 1201 994 1232 loco

168 1251 391 1284 comparemus.

211 1287 272 1320 Sed
294 1292 430 1320 occurrat
451 1289 526 1320 forte
548 1289 705 1330 quisqiam,
723 1299 791 1320 cum
811 1293 869 1320 tam
899 1290 997 1320 multae

170 1333 243 1372 sint,
251 1335 283 1365 et
293 1333 527 1366 innumerabiles
537 1334 752 1375 propemodum
768 1335 996 1374 quaerecensitac

170 1381 242 1409 sunt
255 1378 405 1410 motiones
429 1379 460 1409 in
483 1379 717 1419 reprehensione
734 1379 846 1419 positae,
865 1379 931 1418 quis
947 1388 996 1409 eas

170 1431 279 1454 omnes
301 1423 440 1461 scrutari,
466 1428 495 1454 et
515 1424 552 1454 ab
579 1424 730 1454 universis
750 1432 855 1454 cavere
869 1423 925 1453 sibi
941 1433 995 1463 po-

170 1470 238 1506 test,
251 1471 284 1498 ut
293 1477 334 1499 ne
348 1467 385 1498 ab
400 1477 460 1499 una
474 1467 595 1508 quidem
621 1471 808 1508 occupetur?
830 1467 916 1503 Quis?
942 1477 996 1507 ego

1039 267 1126 297 modo
1142 267 1173 297 in
1183 270 1336 307 posterum
1346 265 1463 296 voletis.
1473 265 1530 295 Per
1540 269 1650 296 terram
1664 273 1752 304 porro
1763 272 1865 293 carna-

1039 311 1108 349 lem,
1119 321 1172 351 per
1182 321 1282 342 aerem
1292 311 1457 351 spiritalem
1473 319 1605 346 sensum,
1620 310 1803 348 cogitataque
1815 308 1862 338 in-

1038 356 1151 394 telligo.
1167 355 1239 386 Nam
1252 355 1276 386 si
1294 364 1378 385 mens
1390 354 1493 395 pravis
1508 353 1750 393 cogitationibus,
1763 357 1793 382 et
1804 362 1866 382 mo-

1040 400 1118 430 tibus
1127 400 1276 440 expedita,
1295 409 1383 438 quam
1402 399 1538 431 Christus
1553 399 1632 429 Deus
1645 397 1732 429 nobis
1747 396 1867 427 donavit

1038 444 1206 475 libertatem
1219 444 1384 484 aspiciendi
1396 444 1565 474 facultatem
1578 442 1750 483 praebuerit,
1761 441 1795 472 ad
1808 441 1866 481 pri-

1039 488 1146 519 stinam
1174 489 1287 528 peccati
1316 489 1507 524 servitutem,
1538 488 1732 527 carnalasque
1760 494 1866 516 sensus

1039 533 1224 564 descendere
1235 533 1363 573 amplius
1373 542 1433 563 non
1446 532 1660 563 sustinebimus
1674 541 1680 562 :
1696 531 1747 561 sed
1760 540 1867 561 secun-

1038 577 1109 608 dum
1127 578 1245 608 Domini
1260 578 1380 608 verbum
1392 579 1435 615 '50,
1450 578 1569 616 vigilare
1579 581 1702 607 etorare
1712 585 1771 606 non
1782 575 1865 605 desi-

1039 632 1155 659 nemus,
1175 623 1271 653 donec
1290 632 1324 653 ac
1339 623 1553 654 beatitudinem
1570 623 1650 652 illam
1670 621 1774 657 evecti,
1792 629 1864 660 pro-

1041 667 1140 697 missis
1156 667 1243 697 bonis
1260 668 1415 707 potiamur,
1434 667 1528 707 gratia
1541 673 1570 697 et
1581 666 1794 705 benignilatem
1807 664 1866 694 Do-

1040 711 1113 741 mini
1130 712 1223 742 nnstri
1242 712 1313 743 Jesu
1330 712 1451 748 Christi,
1468 712 1515 742 cui
1537 712 1632 751 gloria
1652 721 1718 741 cum
1737 714 1819 750 patre
1838 712 1867 739 et

1040 760 1142 786 sancto
1156 756 1268 796 Spiritu
1291 767 1371 787 nunc
1387 761 1415 787 et
1434 766 1554 797 semper
1578 755 1712 786 aetatibus
1737 753 1864 785 saeculo-

1041 805 1106 826 rum
1123 797 1327 837 sempiternis.
1339 798 1447 837 Amen.

1328 836 1465 868 ORATiO
1494 836 1579 867 XXX.

1348 878 1562 908 Anonusurcn.

1037 916 1104 947 Non
1120 925 1183 947 esse
1201 917 1374 954 dicendum,
1392 917 1480 948 hodie
1499 918 1540 946 ad
1561 916 1723 955 [ustigium
1741 916 1863 945 virtutis

1075 960 1247 995 pervenerz‘,
1258 962 1287 988 et
1301 967 1368 988 eum
1382 958 1534 988 veteribus
1545 958 1661 987 sanctis
1673 956 1785 986 certari.
1801 964 1862 985 non

1078 1006 1174 1035 posse;
1182 998 1305 1028 etiamsi
1316 997 1398 1028 velis.
1414 998 1593 1037 Quicunque
1604 996 1717 1026 divinis
1729 995 1863 1037 Scriptu-

1077 1034 1120 1067 ὁ·ιέ
1131 1039 1287 1068 contraria
1299 1039 1396 1073 docet,
1405 1046 1473 1068 cum
1483 1034 1703 1068 sibi—credentes
1714 1044 1792 1066 nova
1803 1034 1864 1065 hoc-

1077 1078 1138 1107 rexi
1151 1077 1293 1109 imbuere.
1313 1080 1476 1117 Lacrymas
1496 1077 1582 1108 nobis
1603 1086 1621 1107 (ι
1643 1079 1756 1106 natura
1773 1075 1864 1105 (latas

1077 1126 1149 1148 esse.

1078 1157 1253 1196 Complures
1269 1157 1413 1198 quotidie,
1430 1157 1532 1188 Patres
1550 1161 1579 1187 et
1597 1157 1703 1186 fratres
1720 1155 1791 1191 mei,
1810 1164 1864 1185 nos

1038 1201 1125 1231 etiam
1139 1202 1271 1233 dicentes
1287 1201 1436 1238 audimus,
1451 1202 1474 1231 si
1488 1201 1665 1231 vixissemus
1678 1199 1864 1239 temporibus

1037 1246 1253 1285 apostolorum,
1264 1246 1449 1277 etCliristum
1463 1245 1586 1285 perinde
1596 1251 1626 1275 ut
1637 1245 1680 1274 illi
1692 1245 1757 1274 istis
1768 1244 1864 1274 oculis

1039 1300 1164 1321 cernere
1175 1290 1256 1329 (ligni
1266 1291 1435 1327 fuissemus,
1450 1300 1503 1320 nos
1514 1291 1744 1330 quoquesancti.
1755 1297 1863 1328 quem-

1039 1335 1201 1365 admodum
1226 1335 1269 1365 illi
1295 1335 1501 1365 evasissemus.
1526 1336 1595 1365 llaec
1618 1334 1688 1364 dum
1712 1333 1860 1368 dictitant,

1039 1379 1175 1418 ignorant
1187 1380 1324 1409 eumdem
1335 1388 1399 1409 esse
1408 1379 1458 1419 qui
1470 1383 1542 1416 tum,
1554 1379 1665 1418 quique
1682 1387 1759 1407 nunc
1771 1386 1861 1407 mun-

1038 1424 1075 1453 do
1091 1424 1231 1463 loquitur.
1250 1424 1323 1454 Nam
1341 1424 1366 1454 si
1382 1433 1461 1454 nunc
1475 1433 1534 1454 non
1551 1423 1631 1453 idem
1645 1427 1699 1459 est,
1714 1422 1764 1462 qui
1775 1422 1860 1457 olim,

1037 1477 1121 1507 mque
1136 1477 1226 1507 super
1237 1469 1338 1499 omnia
1353 1468 1431 1499 Deus
1448 1472 1477 1498 et
1493 1468 1522 1498 in
1539 1468 1708 1506 efﬁciendo,
1726 1473 1755 1496 et
1772 1466 1801 1496 in
1817 1468 1863 1497 ef-

169 1512 287 1544 Christo
301 1512 461 1552 adjuvante
484 1522 534 1543 vos
560 1512 686 1543 docebo.
718 1512 774 1549 Qui
803 1516 924 1552 peccata
947 1513 1137 1553 suaCfectis,
1164 1514 1313 1553 quomodo
1341 1513 1460 1544 videtur
1484 1514 1515 1543 in
1544 1513 1619 1544 Filio
1649 1520 1768 1551 semper
1783 1511 1864 1551 loqui

170 1564 292 1597 seraper
314 1561 384 1588 ante
400 1557 502 1588 oculos
516 1557 618 1595 habet,
643 1557 835 1596 futurumque
849 1557 996 1596 judicium

173 1600 290 1632 assiduo
304 1600 458 1642 prospicit,
476 1610 511 1632 ac
527 1601 704 1642 poenitentia
719 1601 825 1636 fervet,
842 1605 871 1631 et
883 1610 997 1631 amaras

174 1643 434 1686 funditlacrymas,
443 1645 491 1676 hic
503 1646 737 1686 supergreditur,
751 1645 898 1685 longeque
909 1645 998 1676 vincit

177 1687 279 1720 omnia
287 1688 388 1730 simul,
400 1689 607 1730 apmnitentia
618 1690 648 1719 in
664 1689 791 1720 sublime
806 1694 900 1729 actus,
913 1694 944 1720 ut
960 1699 997 1720 ne

177 1741 241 1765 una
251 1732 376 1774 quidem,
389 1738 419 1765 et
433 1735 496 1765 sola
511 1744 545 1765 ex
561 1734 649 1764 dictis
664 1733 843 1765 motionibus
866 1734 903 1765 ad
928 1743 996 1765 eum

177 1776 345 1818 pervenire,
357 1778 484 1819 ejusque
509 1782 649 1818 tanquam
672 1787 725 1818 per
740 1779 998 1818 aereasregiones

176 1821 362 1854 incedentem
377 1823 508 1853 animam
523 1823 668 1862 attingere
691 1822 793 1863 possit.
813 1823 999 1853 Pocnitentiae

175 1874 314 1908 namque,
326 1870 358 1898 et
371 1875 408 1898 ex
423 1867 483 1898 imo
498 1867 588 1898 corde
603 1868 781 1899 emissarum
804 1867 998 1907 lacrymarum

172 1910 282 1949 fervor,
296 1912 412 1953 peccati
426 1912 532 1943 sordes
556 1912 705 1952 quomodo
731 1911 808 1951 ignis
837 1913 946 1942 conﬁat
972 1917 1001 1944 et

169 1954 508 1997 absumit,animamque
524 1956 754 1987 contaminatam
767 1960 906 1996 expurgat
922 1956 998 1987 Tan-

169 1999 299 2032 tumne?
309 1999 370 2031 imo
379 2003 409 2031 et
420 2000 521 2031 lumen
533 2000 647 2040 largum
662 2000 692 2030 in
708 2001 803 2037 illam,
816 2010 869 2040 per
884 2001 996 2031 adven-

171 2048 235 2075 tum
248 2043 380 2083 Spiritus
387 2045 484 2075 sancti
494 2045 652 2083 magniﬁce
663 2044 805 2085 infundit,
818 2049 848 2075 ut
858 2045 929 2075 inde
941 2045 1000 2075 mi-

169 2086 349 2127 sericordia,
365 2092 395 2120 et
406 2087 494 2119 bonis
508 2089 655 2120 fructibus
670 2089 814 2120 abundet.
832 2088 917 2125 Quod
941 2089 999 2119 nisi

169 2132 273 2164 anima
283 2136 385 2164 nostra
394 2142 412 2164 a
422 2133 598 2174 poenitentia
608 2138 637 2164 et
648 2134 802 2173 lacrymis,
815 2139 844 2164 et
855 2143 921 2173 quae
930 2134 1000 2164 hinc

170 2177 203 2209 in
219 2186 256 2209 ea
269 2176 403 2209 nascitur
413 2177 590 2213 humilitate,
610 2179 690 2209 velut
715 2178 770 2208 alis
794 2178 948 2218 acquisitis
963 2178 1000 2208 ad

172 2221 292 2254 excelsa
304 2222 430 2254 ἀπαθείαις
445 2222 577 2260 tollatur,
596 2232 614 2253 a
628 2223 710 2254 nulla
733 2223 851 2262 harum,
873 2232 999 2262 quarum

171 2266 367 2298 meminimus
391 2266 562 2307 passionum
584 2267 708 2298 liberari
734 2267 921 2307 poterimus:
947 2267 1000 2297 sed

171 2319 254 2342 nunc
268 2309 391 2351 quidem
401 2310 438 2342 ab
453 2311 521 2347 hac,
539 2320 619 2342 nunc
634 2311 670 2342 ad
682 2311 739 2342 alia
757 2320 878 2351 semper
893 2311 998 2341 vulne-

170 2354 317 2392 nbimur,
333 2358 364 2386 et
374 2364 435 2386 non
448 2364 535 2386 secus
547 2365 636 2396 quam
653 2356 689 2386 ab
706 2355 872 2386 immitibus
891 2355 1000 2386 belluis

171 2398 398 2440 devorabimur,
413 2409 447 2431 ac
463 2404 530 2440 post
541 2400 655 2431 obitum
673 2401 816 2431 caelorum
843 2410 936 2440 regno
951 2400 999 2430 id-

172 2443 255 2475 circo
263 2443 388 2486 exclusi,
399 2444 542 2484 pcenasiu
550 2453 670 2475 omnem
681 2445 880 2475 aeternitatem
892 2453 1002 2484 expen-

174 2488 292 2520 demus.
305 2487 403 2526 Quare
411 2497 465 2519 vos
476 2497 581 2520 omnes
602 2488 740 2526 obsecro,
760 2488 929 2529 spirituales
942 2489 1002 2520 mei

173 2533 295 2573 fratres,
309 2535 339 2564 et
352 2532 515 2564 obsecrare
531 2533 705 2564 charitatem
717 2537 846 2564 vestram
863 2542 922 2563 non
933 2542 1002 2564 ces-

174 2577 259 2614 sebo.
267 2580 303 2609 ut
311 2576 520 2617 unusquisque
534 2577 661 2608 salutem
674 2586 758 2609 suam
771 2587 809 2608 ne
819 2581 1000 2615 contemnat;

174 2623 230 2654 sed
243 2621 429 2654 omnimodis
441 2631 459 2652 a
473 2625 553 2652 terra
565 2630 598 2652 se
614 2622 732 2661 paulum
744 2622 851 2652 etferre
864 2625 1001 2653 conetur.

173 2666 236 2699 Hoc
249 2666 444 2704 miraculum,
457 2666 538 2707 quod
547 2665 632 2697 vobis
644 2670 798 2707 stuporem
813 2665 950 2704 incussit,
967 2666 1003 2697 ab

171 2712 275 2751 homo,
291 2711 431 2752 inquam,
445 2711 477 2742 in
492 2719 563 2742 aera
575 2711 730 2751 suspendi,
744 2711 769 2742 si
779 2711 889 2742 factum
901 2709 1002 2748 fuerit,

206 2791 364 2826 solum.
380 2798 464 2822 xxvr.
479 2790 528 2821 41.
571 2789 748 2829 31Joan.v,
767 2791 814 2823 t7.

1040 1558 1136 1595 Pater,
1151 1558 1282 1588 etFilius
1296 1558 1326 1587 in
1343 1559 1430 1588 Patre
1446 1567 1499 1597 per
1514 1556 1658 1597 Spiritum
1676 1557 1738 1586 haec
1749 1555 1862 1587 dicere:

1040 1603 1134 1632 Pater
1147 1611 1229 1632 meus
1243 1611 1337 1642 usque
1347 1603 1435 1633 modo
1446 1607 1599 1642 operatur,
1609 1604 1636 1632 et
1646 1610 1699 1640 ego
1709 1600 1865 1639 operor-3"?

1039 1646 1097 1676 Sed
1114 1645 1235 1685 objiciet
1250 1646 1376 1676 forsitan
1392 1646 1513 1684 aliquis,
1531 1655 1590 1676 non
1609 1645 1690 1675 idem
1706 1649 1762 1680 cst,
1780 1644 1863 1673 illum

1038 1689 1137 1729 ipsum
1151 1695 1220 1720 tunc
1232 1691 1386 1730 corporeis
1404 1691 1498 1720 oculis
1512 1690 1621 1720 vidisse
1637 1692 1865 1728 corporeum,et

1038 1734 1128 1764 hodie
1146 1735 1209 1774 ejus
1224 1737 1314 1765 verba
1325 1734 1465 1765 duntaxat
1476 1735 1591 1769 audire,
1601 1742 1724 1773 quaeque
1736 1733 1863 1769 adeum,

1040 1783 1069 1809 et
1084 1788 1208 1818 regnum
1221 1780 1364 1810 cmlorum
1379 1780 1540 1819 pertinent,
1557 1777 1801 1809 edoceri.Fateor
1810 1787 1864 1817 ego

1040 1832 1169 1863 quoque,
1183 1832 1241 1853 non
1259 1833 1379 1863 prorsus
1392 1824 1471 1854 idem
1487 1833 1553 1854 esse
1569 1832 1648 1853 nunc
1665 1827 1693 1851 et
1709 1827 1797 1852 tunc:
1812 1822 1864 1852 sed

1041 1868 1119 1906 quod
1132 1867 1218 1897 modo
1231 1872 1259 1898 et
1270 1877 1350 1898 nunc
1362 1872 1418 1907 est,
1431 1868 1460 1897 id
1473 1868 1520 1897 aio
1538 1868 1625 1906 longe
1638 1867 1734 1906 majus
1746 1875 1823 1903 esse,
1837 1870 1867 1896 et

1041 1911 1076 1940 ad
1093 1911 1258 1949 pleniorem
1275 1911 1376 1951 ﬁdem,
1398 1911 1686 1951 persuasionemque
1704 1911 1863 1940 certiorem

1041 1955 1156 1986 facilius
1170 1957 1263 1987 multo
1289 1966 1343 1986 nos
1366 1957 1527 1993 adducere,
1552 1965 1639 1995 quam
1665 1955 1689 1985 si
1711 1959 1784 1985 tunc
1798 1965 1865 1985 eum

1039 1999 1069 2029 in
1082 2008 1207 2039 corpore
1217 2000 1346 2031 humano
1357 2001 1498 2031 videreet
1508 2000 1613 2031 audire
1626 2000 1711 2030 nobis
1723 1999 1864 2039 contigis-

1042 2048 1097 2074 set.
1108 2043 1191 2075 Tunc
1204 2045 1284 2075 enim
1294 2045 1416 2076 nefariis
1431 2045 1541 2075 Judmis
1552 2045 1642 2075 homo
1655 2044 1766 2074 nullius
1778 2044 1866 2084 pretii

1041 2088 1223 2127 apparebat:
1241 2094 1269 2119 at
1282 2099 1362 2119 nunc
1378 2099 1463 2119 verus
1487 2091 1566 2120 Deus
1581 2098 1597 2118 a
1614 2088 1700 2118 nobis
1719 2089 1865 2127 pricdica-

1010 2129 1032 2154 Ῑ)
1044 2136 1099 2163 tur.
1114 2131 1196 2163 Tunc
1209 2142 1275 2163 cum
1288 2133 1454 2173 publicanis
1465 2138 1494 2163 et
1510 2133 1714 2173 peccatoribus
1730 2132 1868 2163 versaba-

1042 2181 1101 2213 tur,
1115 2181 1143 2207 et
1154 2177 1253 2208 cibum
1270 2188 1323 2218 per
1332 2188 1442 2218 c0rpus
1454 2179 1591 2218 capiebat
1603 2188 1609 2209 :
1626 2188 1704 2208 nunc
1716 2178 1752 2208 ad
1763 2178 1868 2207 dexte-

1041 2230 1104 2251 ram
1122 2221 1186 2255 Dei.
1198 2227 1227 2264 et
1241 2223 1336 2253 l’atris
1348 2223 1394 2253 sui
1406 2222 1553 2258 considet,
1567 2232 1583 2252 ει
1599 2232 1656 2262 quo
1671 2226 1869 2261 nunquam.et

1042 2274 1186 2305 nusquam
1211 2271 1383 2306 separatus;
1415 2267 1560 2297 mundum
1592 2267 1672 2297 alere
1693 2267 1866 2296 universum

1042 2311 1185 2349 creditur,
1203 2311 1267 2343 sine
1284 2322 1341 2352 quo
1358 2312 1432 2343 nihil
1450 2313 1514 2343 ﬁeri
1533 2312 1671 2342 dicimus.
1690 2313 1742 2347 Ac,
1758 2311 1783 2341 si
1799 2320 1865 2341 cre-

1043 2356 1152 2392 dimus,
1170 2360 1240 2386 tunc
1255 2366 1272 2387 a
1287 2357 1438 2387 vilissimis
1455 2356 1706 2387 homuncionibus
1721 2356 1867 2395 despicie-

1043 2399 1139 2437 batur,
1152 2400 1203 2430 illa
1220 2400 1337 2431 scilicet
1351 2400 1615 2440 opprobranlibus,
1633 2409 1732 2431 nonne
1754 2400 1802 2431 hic
1823 2405 1869 2430 est

1043 2444 1153 2481 Mariae,
1168 2448 1196 2474 et
1209 2444 1320 2485 Joseph
1332 2445 1409 2475 fabri
1421 2445 1558 2476 ﬁlius-":2"!
1576 2454 1654 2475 nunc
1670 2454 1687 2475 a
1702 2444 1822 2484 regibus
1838 2449 1867 2474 et

1043 2488 1239 2528 principibus,
1258 2493 1289 2519 ut
1305 2489 1365 2520 veri
1383 2489 1435 2520 Dei
1451 2489 1555 2527 Filius,
1573 2499 1607 2520 ac
1628 2498 1715 2519 verus
1736 2489 1866 2529 ipsemet

1044 2532 1121 2563 Deus
1141 2532 1281 2564 adoratur
1303 2537 1333 2564 et
1356 2533 1551 2574 gloriﬁcatur,
1579 2538 1667 2574 atque
1689 2533 1867 2572 gloriﬁcabit

1043 2576 1201 2607 adorantes
1211 2587 1243 2608 se
1254 2577 1283 2608 in
1296 2578 1401 2618 spiritu
1413 2582 1442 2609 et
1453 2578 1577 2610 veritate
1585 2578 1716 2618 (tametsi
1727 2587 1806 2618 saepe
1816 2587 1868 2608 eos

1045 2625 1202 2661 peccantes
1211 2622 1304 2662 punit)
1317 2632 1383 2653 cum
1394 2622 1508 2654 ferreos
1517 2632 1569 2654 eos
1580 2632 1669 2663 super
1680 2631 1784 2653 omnes
1794 2631 1867 2661 gen-

1045 2669 1090 2695 tes
1104 2675 1170 2705 quaz
1188 2667 1243 2697 sub
1264 2666 1338 2698 coelo
1350 2672 1429 2705 sunt,
1443 2677 1496 2708 pro
1515 2667 1652 2698 testaceis
1663 2666 1769 2698 fecerit
1783 2667 1868 2697 scili-

1046 2713 1102 2740 cet.
1114 2709 1197 2742 Tunc
1208 2715 1240 2742 ut
1254 2720 1331 2742 unus
1346 2711 1384 2743 de
1398 2712 1513 2743 caeteris
1530 2711 1716 2751 hominibus,
1733 2711 1871 2743 interitui

857 2790 884 2812 32
898 2789 1001 2823 Matth.
1018 2798 1080 2828 nu,
1097 2790 1135 2821 55
1149 2801 1157 2829 ;
1171 2791 1259 2823 Marc.
1277 2801 1317 2829 v1,
1333 2794 1363 2823 3.
