4160 6396
466 335 581 398 471
1783 319 2105 393 SYMEONl

2200 322 2555 387 JUNIORIS
3741 316 3857 382 4⁸72

463 467 792 542 obnoxius,
828 466 1211 541 censebatur,
1231 483 1632 545 magnumque
1649 469 1775 525 erat
1795 460 1858 524 in
1880 474 2136 552 corpore
2156 460 2199 512 Α
2222 454 2378 535 tatis,
2405 453 2597 552 qualis
2631 461 2751 552 tum
2785 454 3070 552 procella,
3094 462 3319 552 quanta
3356 454 3446 552 vis
3474 447 3860 552 tempestatis

465 558 727 620 humano
766 556 952 619 Deum
979 557 1109 619 sine
1138 542 1422 618 varietate
1452 542 1670 636 aliqua,
1705 560 1763 614 et
1803 551 2139 614 mutatione
2223 544 2551 636 monachos
2571 542 2781 636 in‘s‘alo
2821 543 3174 636 jactaverit?
3203 543 3322 636 Sed
3353 543 3492 627 quid
3524 562 3632 623 ego
3658 542 3860 636 omnia

463 648 555 709 sui
584 656 891 709 carentem
924 647 1139 722 forma,
1166 663 1279 707 nec
1297 643 1407 706 sub
1429 651 1733 724 aSpectum
1754 641 2118 713 venientem,

464 736 657 798 forma
685 737 1019 817 praeditum,
1065 747 1123 797 et
1156 734 1303 796 nihil
1329 733 1446 796 nisi
1479 734 1784 794 hominem
1815 748 2114 812 apparen-

467 837 611 898 tem,
648 826 798 888 nihil
835 845 955 906 prae
983 825 1118 888 aliis
1149 822 1499 886 mortalibus
1520 821 1689 883 inhis
1711 839 1843 902 quae
1873 825 2117 900 aspectu

463 916 1132 978 sentiunturhahentem
1156 932 1169 976 :
1192 913 1296 975 sed
1317 912 1755 987 comedentem,
1782 908 2113 984 bibentem,

463 1004 888 1079 dormientem,
915 1004 1251 1078 sudantem,
1278 1003 1524 1081 lassum,
1545 1009 1604 1063 et
1632 999 1908 1061 humanis
1937 996 2114 1060 deni-

463 1112 582 1173 que
614 1094 929 1169 universis,
955 1094 1193 1173 dempto
1229 1100 1492 1173 peccato,
1521 1090 1885 1170 fungentem,
1910 1089 2110 1164 talem,

463 1180 729 1262 inquam,
754 1199 1080 1261 agnoscere
1111 1189 1168 1243 et
1198 1181 1449 1243 credere
1470 1180 1658 1241 Deum
1686 1196 1841 1255 esse,
1875 1175 1976 1258 qui
1999 1194 2113 1237 cte-

466 1270 584 1330 lum
619 1279 676 1331 et
701 1280 940 1341 terram,
972 1277 1030 1331 et
1054 1289 1185 1351 quae
1209 1273 1266 1331 in
1287 1270 1373 1332 eis
1397 1278 1556 1346 sunt,
1584 1267 1787 1331 omnia
1808 1265 2114 1329 condidis-

460 1365 571 1416 set.
598 1357 791 1429 Quare
823 1367 879 1419 et
912 1357 1147 1419 Petrum
1193 1366 1436 1439 propter
1464 1376 1671 1419 vocem
1701 1356 1863 1417 illam
1891 1373 1904 1417 :
1948 1356 2031 1416 Tu
2052 1371 2113 1416 es

2209 631 2370 694 niter
2387 631 2695 714 persequi?
2717 630 2864 695 Cum
2892 632 3054 696 enim
3082 633 3390 716 recordor,
3416 653 3548 715 quae
3575 640 3712 695 ante
3726 631 3855 692 haec

2202 719 2313 781 sub
2340 721 2550 802 Magno
2571 721 2813 798 Basilio,
2841 723 2993 785 sicut
3014 741 3265 803 magnus
3285 733 3488 786 narrat
3508 720 3851 802 Gregorius,

2200 817 2258 870 et
2314 827 2446 891 quae
2492 809 2602 871 sub
2659 829 2906 873 aureum
2963 813 3251 874 orationis
3301 813 3527 875 ﬂumen
3567 810 3856 874 fundente

2197 899 2426 960 Joanne
2456 899 2901 980 Chrysostomo,
2937 908 2993 962 et
3022 900 3296 964 Patribus
3327 900 3665 965 consecutis
3694 898 3851 962 acci-

2198 986 2440 1061 derunt,
2475 996 2535 1049 et
2562 989 2693 1070 ipse
2741 1008 2838 1051 me
2887 989 3171 1052 miserum
3212 992 3443 1072 judico,
3481 1004 3539 1055 et
3567 992 3694 1054 haec
3729 1008 3851 1051 non

2197 1077 2567 1158 expedentes
2590 1077 2865 1141 miseror.
2889 1078 3058 1142 Haud
3081 1081 3240 1142 enim
3261 1083 3403 1145 satis
3425 1082 3644 1157 sciunt,
3671 1098 3852 1143 omne

2197 1172 2437 1255 tempus
2468 1168 2830 1248 praeteritum
2870 1170 3054 1232 tuisse
3096 1171 3390 1255 maestius,
3422 1179 3483 1235 et
3522 1171 3714 1253 palam
3746 1188 3849 1232 re-

2197 1254 2425 1337 pletum
2445 1257 2689 1336 maligni
2704 1258 2967 1322 zizaniis.

2278 1345 2707 1408 Verumtamen
2739 1347 3007 1428 quamvis
3040 1348 3230 1410 tristia
3259 1357 3319 1413 et
3353 1348 3601 1412 adversa
3630 1347 3853 1411 fuerint

460 1443 752 1507 Christus
774 1447 971 1509 Filius
988 1447 1102 1509 Dei
1120 1434 1268 1523 sibi,
1290 1434 1527 1510 beatum
1547 1444 1838 1509 Dominus
1859 1445 2119 1507 afﬁrma.
2201 1434 2523 1516 praeterita,
2558 1436 2952 1498 nihilominus
2994 1438 3171 1499 etiam
3214 1438 3328 1500 hoc
3380 1447 3652 1521 tempore
3676 1438 3852 1502 multi

458 1533 562 1608 vit,
585 1534 801 1596 Beatus
813 1554 893 1603 es,
912 1536 1125 1616 inquit,
1151 1535 1370 1598 Simon
1394 1536 1523 1597 Bur
1540 1536 1696 1598 Jona
1710 1582 1724 1610 ,
1739 1535 1885 1614 quia
1901 1550 2045 1596 caro
2056 1545 2105 1595 et

2200 1530 2338 1616 sunt
2358 1523 2645 1600 haeretici,
2677 1525 2846 1586 multi
2875 1526 3022 1607 lupi,
3044 1527 3308 1608 aspides,
3331 1537 3390 1591 et
3410 1535 3724 1610 serpentes
3746 1529 3847 1591 in-

457 1624 718 1701 sanguis
733 1643 846 1687 non
866 1610 1163 1688 reuelauit
1180 1624 1312 1706 tibi,
1330 1633 1395 1686 ut
1412 1626 1563 1706 hmc,
1586 1610 1853 1704 inquam,
1879 1622 2105 1685 videres

2198 1617 2290 1671 ter
2308 1610 2494 1674 latera
2522 1622 2764 1692 nostra;
2799 1616 2903 1677 sed
2936 1616 3083 1677 nihil
3107 1624 3313 1678 contra
3343 1636 3454 1679 nos
3485 1625 3753 1699 possunt,
3778 1637 3851 1681 ac

461 1721 519 1774 et
540 1699 802 1793 diceres,
819 1715 920 1775 sed
943 1715 1131 1775 Pater
1145 1699 1337 1787 mens,
1361 1716 1469 1793 qui
1494 1699 1560 1774 ivi
1577 1699 1742 1776 cwiis
1766 1719 1855 1776 est
1870 1713 1954 1769 33.
1988 1710 2111 1775 Ita-
2136 1716 2175 1766 Β
2196 1699 2358 1793 νειμ
2386 1703 2704 1793 quamdam
2738 1703 3128 1783 malignitatis
3160 1724 3281 1767 sua?
3301 1715 3536 1770 ηοεῑεῐη
3565 1709 3854 1787 agunt-Et

458 1819 575 1881 que
603 1802 704 1881 qui
755 1788 915 1863 ηήηο
948 1820 1086 1862 eum
1119 1788 1389 1883 quam“;
1433 1802 1496 1863 in
1546 1810 1749 1862 ειιηριο
1794 1800 2111 1877 Evangelia
2197 1788 2529 1883 quidemad
2555 1793 3085 1883 seventitantes,et
3110 1794 3375 1857 tenebris
3398 1796 3524 1871 suis
3549 1797 3850 1859 involutos

460 1878 841 1961 clamantem,
879 1900 935 1951 et
964 1878 1260 1953 benedicti
1296 1892 1485 1955 Patris
1506 1891 1595 1954 sui
1626 1892 1979 1953 voluntatem
2001 1910 2111 1953 an-
2194 1878 2437 1976 ζὸρίψιῑ
2465 1897 2534 1941 ac
2568 1880 2882 1976 άθνοςθιξῑ.
2931 1882 2998 1976 Ill
3027 1883 3254 1976 lumine
3282 1894 3479 1976 autem
3512 1886 3849 1976 (“itinerum

462 1979 836 2040 nuntiantem
869 1980 1053 2053 audit,
1087 2000 1196 2041 nec
1215 1999 1351 2041 cum
1380 1980 1616 2053 timore,
1647 1999 1715 2042 ac
1742 1988 2000 2041 tremore
2024 1979 2113 2041 illi
2192 1966 2599 2047 sriptummm
2629 1968 3096 2049 δωδυιθυίίδυδ,
3136 1980 3194 2035 εί
3217 1974 3281 2035 in
3311 1974 3404 2035 Via
3431 1975 3846 2037 mandatorum

460 2066 687 2142 obedit,
721 2077 777 2127 et
809 2069 937 2148 ejus
962 2069 1131 2149 jussa
1174 2069 1433 2144 facessit,
1486 2088 1563 2131 ne
1595 2077 1732 2130 tunc
1764 2068 2028 2149 quidem,
2061 2069 2111 2129 si
2191 2053 2301 2149 Dei
2333 2055 2777 2134 incedentibus,
2831 2079 2906 2122 ne
2946 2079 3264 2125 occurrere
3295 2064 3536 2146 quidem
3566 2064 3789 2128 audent
3827 2085 3841 2127 :

458 2174 724 2236 prmsen-s
785 2144 1136 2236 praesentem
1191 2158 1619 2238 spectavisset,
1671 2144 2105 2237 docentemque

2191 2144 2295 2205 sed
2334 2164 2467 2206 cum
2493 2165 2600 2226 per
2629 2155 3009 2212 transeuntes
3038 2144 3545 2227 cernunt,_eorum
3589 2171 3845 2233 conspe-

457 2235 869 2325 auscultasset,
906 2247 1080 2326 plane
1105 2247 1164 2308 in
1195 2235 1329 2307 eum
1363 2247 1613 2308 credere
1654 2246 1963 2336 potuisset.
1998 2235 2104 2308 Ti-

2189 2239 2349 2336 ctum
2383 2235 2634 2333 perinde
2657 2255 2726 2336 ac
2751 2238 3047 2336 flammam
3067 2239 3320 2320 fugiunt.
3342 2239 3642 2336 Quosnam
3667 2242 3848 2336 igitur

461 2333 744 2394 mendum
788 2321 1008 2415 potius,
1052 2355 1127 2396 ne
1167 2336 1509 2416 neutiquam
1544 2321 1820 2416 credens,
1850 2354 2105 2417 eumque

2190 2321 2502 2417 haereticos
2523 2342 2617 2385 me
2642 2325 2982 2403 signiﬁcare
3002 2330 3391 2411 suspicamini
3410 2329 3436 2393 ?
3458 2348 3599 2392 num
3620 2349 3721 2392 eos
3745 2331 3845 2412 qui

464 2441 578 2481 non
610 2439 714 2500 pro
747 2442 883 2483 vero
912 2423 1059 2498 Deo,
1111 2426 1213 2485 sed
1270 2442 1375 2505 pro
1406 2423 1515 2485 Dei
1546 2423 1887 2485 adversario
1919 2443 2103 2505 repu-

460 2518 587 2570 tans
609 2509 1103 2591 blasphemasset.

541 2601 609 2658 Et
638 2599 763 2660 haec
794 2601 1036 2681 quidem
1072 2602 1173 2682 qui
1202 2609 1340 2663 sunt
1374 2601 1619 2663 omnino
1651 2600 1884 2663 caeteris
1912 2600 2104 2663 hebe-

456 2688 641 2748 tiores
672 2705 741 2749 ac
763 2689 1006 2769 stupidi.
1034 2690 1187 2762 Quid
1208 2708 1347 2752 vero
1373 2690 1468 2751 his
1498 2688 1826 2773 graviores?
1848 2687 1908 2753 Si
1931 2690 2108 2752 exsti-

456 2776 755 2841 tissemus,
784 2777 1079 2858 inquiunt,
1107 2788 1275 2841 aetate
1308 2787 1649 2840 sanctorum
1668 2774 1938 2853 Patrum,
1968 2797 2103 2840 cer-

457 2873 749 2927 tassemus
781 2874 838 2927 et
869 2885 999 2929 nos.
1033 2867 1195 2928 Bona
1226 2870 1385 2930 enim
1409 2886 1615 2930 eorum
1648 2867 1782 2930 vitae
1811 2868 2100 2944 instituta,

456 2954 1025 3035 contentionemque
1052 2956 1377 3037 intuentes,
1410 2955 1683 3018 imitandi
1714 2955 1911 3018 studio
1943 2976 2105 3019 exar-

455 3040 763 3103 sissemus.
786 3043 852 3103 At
885 3063 1039 3104 nunc
1058 3063 1194 3105 cum
1218 3044 1557 3122 desidiosis,
1586 3052 1647 3107 et
1668 3045 2106 3125 negligentibus

454 3138 785 3207 versantes,
820 3149 935 3191 una
962 3150 1098 3193 cum
1133 3133 1205 3217 iis
1231 3134 1501 3210 ferimur,
1538 3143 1598 3196 et
1625 3136 1899 3197 nolentes
1926 3136 2101 3198 simul

457 3219 741 3299 perimus.
770 3218 884 3281 Sed
910 3220 968 3281 hi
992 3239 1252 3302 quoque,
1270 3231 1332 3285 ut
1354 3222 1644 3285 credibile
1666 3232 1777 3299 est,
1802 3224 2097 3303 ignorant,

2190 2411 2299 2501 Dei
2327 2410 2543 2474 Filium
2582 2422 2846 2492 negant?
2891 2435 3033 2478 num
3086 2410 3188 2499 qui
3239 2418 3525 2501 Spiritum
3573 2410 3844 2482 sanctum

2188 2497 2627 2590 blasphemant,
2660 2520 2729 2565 ac
2759 2504 3067 2568 divinitate
3089 2497 3400 2587 spoliant?
3428 2526 3570 2571 num
3596 2508 3698 2590 qui
3726 2510 3843 2572 Pa-

2188 2594 2340 2678 trem
2359 2588 2508 2678 Filio
2536 2592 2824 2671 majorem
2857 2596 3174 2658 asserunt?
3196 2615 3335 2658 num
3362 2596 3463 2678 qui
3492 2588 3841 2661 Trinitatem

2188 2677 2248 2737 in
2282 2677 2577 2747 unitatem
2602 2681 2999 2759 confundunt,
3043 2692 3142 2746 aut
3190 2677 3596 2748 unum’Deum
3626 2689 3687 2749 in
3720 2697 3842 2750 tres

2188 2765 2335 2857 deos
2366 2767 2667 2857 dividunt?
2687 2788 2828 2833 num
2853 2772 2955 2853 qui
2984 2772 3283 2837 Christum
3318 2776 3427 2837 Dei
3457 2775 3699 2857 quidem
3731 2775 3839 2839 Fi-

2188 2853 2332 2916 lium
2362 2856 2694 2937 nominant,
2726 2861 3005 2923 eumdem
3043 2880 3183 2924 vero
3233 2880 3306 2924 ex
3342 2853 3594 2926 muliere
3622 2882 3837 2944 corpus

2185 2944 2480 3025 sumpisse
2528 2965 2648 3009 non
2700 2948 2999 3011 credunt?
3033 2969 3177 3013 num
3206 2954 3309 3033 qui
3336 2970 3552 3033 corpus
3592 2952 3835 3032 quidem

2185 3034 2601 3122 assumpsisse,
2636 3037 2740 3099 sed
2785 3037 2917 3100 sine
2957 3040 3155 3102 anima
3195 3039 3531 3121 nugantur?
3560 3059 3703 3101 num
3733 3041 3837 3122 qui

2186 3119 2330 3182 illud
2356 3123 2709 3199 animatum,
2738 3135 2802 3187 ut
2822 3129 3116 3206 integrum
3142 3119 3467 3206 hominem,
3492 3148 3611 3190 non
3637 3119 3832 3191 autem

2122 3197 2162 3247 θ
2188 3227 2368 3271 unum
2420 3197 2748 3275 secundum
2800 3197 3138 3296 hypostasitn
3171 3217 3281 3281 Dei
3311 3226 3368 3280 et
3395 3197 3598 3281 Maria;
3619 3217 3836 3280 Filium

452 3326 559 3369 nos
577 3308 763 3388 magis
782 3327 958 3390 quam
981 3299 1199 3372 illosin
1224 3321 1398 3393 portu
1420 3313 1720 3390 navigare.
1750 3299 1979 3375 Saiculo
2004 3299 2105 3394 pa-
2185 3299 2570 3397 appellatum,
2587 3301 2788 3397 Pellm
2812 3322 2944 3367 esse
2964 3306 3356 3397 εοῐιῑθηάιξηί,
3383 3306 3493 3397 sed
3511 3307 3574 3368 ίῐι
3595 3310 3744 3369 duos
3768 3308 3834 3397 ﬁt

451 3402 602 3457 trum
636 3385 972 3459 nostrorum
997 3385 1285 3481 (arrigant
1331 3400 1432 3463 isti
1481 3385 1673 3477 aures)
1704 3402 1907 3463 multae
1934 3385 2100 3482 vige-
2186 3385 2298 3488 Ηυξ
2341 3407 2540 3488 “nunt
2575 3391 2877 3488 (ἷξπξδῐυῐη
2921 3396 3276 3488 εθοθΐηυῐξιῗ
3300 3415 3440 3488 Pllm
3465 3395 3704 3488 demum
3732 3396 3835 3488 (illi

447 3483 586 3546 bant
610 3485 892 3561 haereses,
930 3473 1106 3551 multi
1137 3473 1306 3551 erant
1334 3473 1778 3572 pseudochristi
1803 3491 1888 3565 54,
1934 3473 2103 3557 multi

2189 3473 2419 3572 i’atrem
2451 3478 2749 3560 principio
2780 3492 3105 3561 carentem,
3131 3485 3425 3567 principio
3450 3473 3832 3548 circumscri-

445 3573 745 3637 Christum
770 3586 1172 3656 cauponantes
1199 3581 1283 3654 35,
1322 3562 1493 3641 multi
1538 3591 1707 3641 erant
1738 3562 2098 3660 pseudoma-
2184 3562 2356 3660 90m;
2384 3567 2817 3660 “dicere?”
2846 3562 3153 3654 veremur;
3184 3562 3490 3652 “lib-cum
3524 3593 3644 3636 ηοη
3676 3583 3837 3637 esset

442 3663 634 3741 gistri,
685 3664 787 3744 qui
833 3683 1188 3744 vagarantur
1234 3668 1452 3743 libere,
1488 3676 1547 3730 et
1590 3669 1834 3746 maligni
1874 3668 2099 3732 zizania

441 3758 795 3830 spargerent
811 3753 898 3828 56,
930 3773 1039 3816 nec
1060 3775 1282 3836 paucos
1310 3756 1693 3820 sermonibus
1715 3757 1838 3819 suis
1860 3757 1919 3818 in
1944 3757 2098 3822 frau-

441 3839 825 3903 demillectos
849 3844 1507 3919 secumabstraherent,
1525 3864 1852 3927 eorumque
1870 3847 2098 3909 animas

439 3929 512 3990 ad
539 3930 780 3991 exitium
817 3933 1143 4007 mitterent;
1178 3936 1238 3996 id
1271 3935 1427 4016 quod
1463 3954 1530 3997 ex
1554 3935 1792 3998 Patrum
1824 3936 2090 4015 Antonii,

440 4017 740 4098 Euthymii
766 4030 824 4081 et
855 4020 1066 4084 Sabbze
1087 4023 1222 4085 vitis
1254 4043 1455 4086 verum
1491 4042 1623 4087 esse
1644 4024 1934 4105 reperias.
1954 4028 2094 4088 Tra-

436 4105 623 4168 ditum
658 4116 748 4169 est
777 4111 1076 4191 siquidem
1123 4113 1363 4189 litteris,
1407 4113 1732 4177 Antonium
1769 4123 1908 4177 tunc
1932 4123 2095 4177 veste

2182 3654 2378 3730 Pater,
2406 3656 2463 3745 id
2490 3665 2604 3730 est,
2627 3657 2947 3739 aliquando
2972 3679 3090 3723 non
3111 3662 3220 3724 fuit
3248 3662 3449 3725 Pater?
3475 3673 3577 3725 aut
3595 3663 3695 3745 qui
3712 3664 3833 3728 Pa-

2180 3748 2330 3803 trem
2355 3744 2595 3824 quidem
2617 3748 2986 3825 paternitatis
3002 3767 3208 3815 carere
3224 3749 3421 3827 initio,
3451 3744 3667 3813 Filium
3692 3768 3831 3814 vero

2180 3839 2244 3922 ut
2264 3849 2334 3892 ex
2356 3849 2426 3893 eo
2446 3832 2711 3913 genitum
2738 3844 2868 3917 post
2888 3845 3121 3919 tempus
3145 3840 3385 3922 aliquod
3411 3840 3645 3902 initium
3664 3858 3833 3904 acce-

2178 3919 2359 4001 pisse,
2379 3928 2656 4004 tanquam
2682 3933 3021 3987 creaturum
3043 3919 3321 4008 perverse
3358 3936 3418 3990 et
3445 3929 3732 4002 sentiunt,
3771 3939 3833 3992 et

2176 4011 2441 4103 docent?
2468 4016 2613 4078 Erat
2661 4016 2847 4094 enim,
2900 4020 3202 4100 inquiunt,
3257 4021 3577 4103 aliquando
3630 4025 3825 4097 Pater,

2177 4119 2311 4192 cum
2342 4101 2528 4192 Filius
2558 4104 2613 4165 ei
2644 4124 2765 4167 non
2811 4117 3067 4171 coesset.
3101 4111 3175 4172 Et
3203 4111 3306 4192 qui
3349 4101 3587 4173 tandem
3620 4112 3825 4187 Pater,

435 4195 1588 4292 splendidiorepraaterconsuetudinem
1614 4204 2094 4279 indu'.um,inlo-
2181 4190 2282 4291 qui
2312 4191 2442 4292 sime
2472 4192 2620 4292 Fili?
2644 4203 2772 4292 est.
2812 4190 3261 4292 appellabitur?
3291 4201 3384 4262 An
3414 4199 3665 4292 fortasse
3697 4218 3823 4292 eos.

436 4302 573 4347 cum
608 4285 833 4348 editum
866 4289 1233 4365 ascendisse,
1269 4300 1461 4353 semet
1491 4292 1858 4369 exhibuisse,
1894 4302 2093 4357 osten-
2178 4280 2277 4360 (ἰυί
2302 4280 2484 4343 alium
2518 4283 2761 4364 quidem
2792 4304 3054 4369 Passum:
3086 4289 3265 4351 alium
3295 4308 3327 4353 θ
3360 4289 3608 4353 "munis
3640 4290 3826 4352 θῖδιί·

437 4380 733 4454 tasseque,
764 4383 828 4437 ut
858 4377 1204 4440 manifestus
1233 4385 1290 4441 et
1320 4381 1703 4460 conspicuus,
1739 4382 1984 4443 omnino
2014 4380 2085 4444 ab

2189 4370 2316 4431 isse
2349 4371 2719 4435 asseverant?
2733 4374 2955 4455 Apage,
2981 4378 3283 4441 neminem
3313 4378 3562 4441 istorum
3594 4379 3822 4458 impio-

434 4461 734 4525 haereticis
766 4467 1326 4546 apprehenderetur
1353 4479 1413 4530 et
1451 4473 1582 4532 neci
1618 4472 1889 4535 daretur.
1914 4470 2089 4533 Certe
2168 4468 2423 4558 ζρφνθῑ
2456 4460 2789 4555 alheOI‘um,
2842 4484 2953 4526 nec
2991 4466 3242 4558 aliorum
3294 4469 3587 4531 haeresum
3640 4469 3821 4558 ullam

434 4550 547 4610 nisi
567 4560 687 4612 tum
701 4557 1054 4647 persecutio
1076 4557 1416 4639 ferbuisset,
1435 4559 1663 4621 hocille
1684 4579 1803 4621 non
1823 4561 2084 4624 fecisset.

2189 4545 2283 4647 ibi
2314 4547 2479 4647 dico,
2500 4566 2652 4628 quae,
2685 4552 2820 4647 cum
2848 4561 2912 4613 ut
2938 4556 3202 4619 tenebrae
3221 4559 3629 4633 emersissent,
3651 4577 3685 4620 a
3706 4556 3820 4621 Pa-

434 4640 833 4734 Τεφρονίὺυε
863 4651 1059 4705 autem
1086 4646 1272 4707 sancti
1302 4634 1490 4709 panis
1518 4648 1708 4710 nostri
1758 4648 2081 4729 Euthymii’
2171 4634 2360 4734 tribus
2381 4636 2483 4734 qui
2505 4646 2626 4698 tum
2653 4639 3024 4734 claruerunt,
3047 4645 3205 4707 velut
3233 4647 3515 4710 alumine
3537 4647 3824 4712 discussae

430 4725 718 4824 Ecclesiis
744 4751 773 4789 ει
805 4730 929 4794 Deo
955 4735 1445 4815 tranquillitatem
1472 4736 1748 4798 donatam
1766 4724 2084 4818 esse,'non-

2189 4742 2233 4824 te
2257 4724 2567 4824 dissipata;
2616 4736 2774 4789 sunt.
2826 4729 3025 4824 Usque
3054 4736 3206 4824 adeo
3230 4737 3389 4798 enim
3422 4737 3607 4817 gratia
3627 4738 3821 4801 sancti

432 4833 508 4876 ne
539 4816 751 4880 litteris
774 4822 1013 4882 exstat?
1044 4811 1177 4884 cum
1222 4824 1678 4888 nimirum'tunc
1709 4811 2079 4905 persecutio-
2170 4811 2427 4893 δΡίΥίίυδ
2456 4832 2564 4908 ρετ
2601 4833 2703 4877 eos
2746 4811 3144 4906 ΓΘδΡῙέηάυίί,
3176 4811 3590 4908 (“clarumque
3620 4827 3815 4890 hime-

431 4921 536 4964 nes
567 4913 624 4967 et
654 4906 914 4971 haereses
938 4910 1445 4991 conquievissent.
1468 4902 1723 4976 Sanctus
1751 4932 1890 4975 vero
1918 4923 2082 4994 pater
2168 4918 2312 4961 δεοΠ
2332 4902 2609 5001 ῑθῐξῗεδΐδδ
2632 4908 2893 5001 Ρτορυιλὲ
2914 4920 2976 4973 ut
3001 4902 3188 5001 usque
3209 4913 3391 4976 Ῐιοάίθ
3407 4902 3531 4979 Dee
3555 4914 3818 4978 ἀίοῑεηῑθ

426 5000 631 5054 noster
662 4995 891 5058 Sabbas
921 5017 1056 5059 cum
1110 5010 1271 5062 esset
1319 5003 1696 5084 praepositus,
1731 5021 1804 5065 an
1835 5003 2078 5065 nescitis
2163 4995 2496 5091 composuit
2545 5010 2751 5091 εοξξυῐη
2800 4997 3125 5091 νυιιιζηὶηα,
3155 5002 3300 5065 εο¹ίε
3352 5003 3488 5065 luce
3537 5004 3818 5084 fulgidius

328 5140 353 5145 ρ
425 5090 794 5164 quantopere
844 5104 952 5165 pro
1005 5086 1292 5151 Ecclesiis
1344 5099 1545 5153 contra
1595 5092 1757 5154 illius
1793 5092 2078 5172 temporis
2160 5086 2692 5180 reﬂlcf’afli:uei_il5
2715 5088 3131 5152 contradicere
3162 5107 3340 5153 nemo
3374 5101 3642 5155 allenlel.

426 5168 685 5262 haereses
716 5175 1090 5262 pugnaverit,
1125 5185 1184 5237 et
1206 5179 1363 5258 quod
1396 5180 1673 5242 monachi
1697 5189 1816 5242 tum
1852 5167 1932 5242 ab
1948 5181 2072 5243 hae-

2238 5168 2357 5231 Sed
2386 5167 2461 5230 de
2485 5169 2558 5230 iis
2583 5170 2815 5252 loquor,
2846 5194 3068 5258 eosque
3092 5180 3334 5242 nomino
3357 5180 3814 5262 haereticos,qui

423 5258 629 5320 reticis
686 5261 919 5323 seducti
969 5263 1140 5325 sint?
1193 5256 1343 5337 Quid
1408 5288 1540 5350 quae
1603 5269 1712 5330 sub
1769 5270 2072 5350 Stephano
2156 5256 2545 5351 ἀθεεὶ-πηοί]
2570 5278 2702 5321 esse
2732 5256 3092 5346 quem‘l'lam
3123 5275 3326 5330 ηοδῑτο
3350 5271 3463 5330 hoc
3489 5256 3812 5351 “Oiei-in

422 5346 669 5438 ,luniore
698 5351 1117 5430 contigerunt?
1142 5371 1339 5417 annon
1369 5345 1781 5437 gravissimam
1812 5345 2070 5420 et'acer-
2157 5345 2355 5438 medio
2377 5357 2671 5425 nostrum.
2720 5355 2820 5434 qui
2871 5345 3209 5438 evangeliea
3238 5357 3515 5420 mandata
3543 5345 3806 5438 εεένπθ,

423 5431 728 5499 bissimam
763 5441 1243 5520 persecutionem
1267 5431 1653 5510 habuerunt?
1680 5448 1896 5511 Annon
1918 5447 2074 5529 cogi-
2146 5446 2214 5505 ,ει
2236 5435 2309 5496 ad
2342 5439 2647 5521 exemplar
2675 5431 3305 5511 sanctorum'Patrum
3335 5464 3402 5510 se
3433 5431 3811 5515 conformare

501 5602 555 5646 33
586 5606 788 5672 Matth.
822 5625 941 5684 xvr,
974 5611 1075 5674 17.
1160 5611 1213 5655 3‘
1240 5614 1418 5679 Marc.
1452 5632 1583 5699 xm,
1614 5615 1713 5680 22.
1804 5614 1858 5661 35
1886 5615 1938 5680 II
1967 5590 2105 5682 Cor:

2189 5664 2205 5697 ,
2242 5607 2344 5679 17.
2427 5606 2482 5651 ³6
2507 5606 2712 5673 Matth.
2743 5628 2870 5691 xm,
2904 5612 3003 5677 25.
