4160 6410
422 321 538 392 475

1729 323 2108 392 SYMEONIS
2144 325 2497 398 JUNIOBIS

3674 318 3817 410 ne;

500 460 793 533 Quocirca
837 461 1055 544 quibus
1106 478 1456 524 concessum
1511 468 1620 536 est,
1671 468 1734 522 ut
1781 459 2070 540 lacrymas
2089 465 2136 515 Ατ
2152 456 2263 522 Ubi
2295 457 2655 534 sanctitudo,
2690 477 2868 541 quam
2897 477 3058 522 nunc
3092 459 3316 522 habere
3363 462 3662 544 putamur,
3696 460 3799 517 aut

422 547 566 612 istas
619 543 1056 633 experirentur,
1108 557 1469 630 cognoscent
1509 568 1640 631 quae
1669 549 1814 624 dixi,
1848 559 1905 610 et
1934 569 2071 612 vera
2152 547 2267 628 ipsi
2291 555 2564 629 putamus
2595 548 2819 612 etiam?
2854 548 2965 612 Ubi
3015 548 3375 622 adulatores,
3411 554 3471 608 et
3493 543 3792 619 illusores,

423 656 557 700 esse
598 639 1007 702 testimonium
1065 639 1214 700 mihi
1263 638 1507 716 dabunt,
1559 638 1711 700 sicut
1763 638 1940 700 etiam
1969 639 2072 701 illa
2151 637 2252 718 qui
2298 656 2454 699 nunc
2484 646 2720 699 sanctos
2775 657 2884 700 nos
2913 637 3286 718 appellitant,
3319 647 3378 697 et
3405 633 3652 713 vestigia
3678 652 3793 696 no-

419 727 706 808 Theologi
734 749 839 791 vox
887 727 1030 790 mihi
1083 728 1450 809 astipulatur.
1497 726 1720 791 Oll‘erat
1746 727 2063 809 quispiam,

419 815 521 877 hic
569 817 812 898 quidem
859 818 995 898 hoc,
1049 817 1152 879 ille
1198 816 1390 893 aliud;
1435 825 1494 878 et
1539 817 1746 878 multis
1776 816 1837 878 in
1869 818 2064 880 medio

421 907 810 981 enumeratis,
845 906 917 968 ad
949 913 1280 968 extremum
1305 904 1490 982 addit,
1511 924 1721 967 omnes
1751 907 2063 986 lacrymas,

421 1012 630 1056 omnes
659 995 1089 1076 purgationem,
1115 1013 1324 1056 omnes
1347 1014 1688 1068 ascensum,
1719 1003 1772 1056 et
1807 996 1882 1058 ad
1905 1004 2067 1058 ante-

419 1082 580 1145 riora
605 1084 846 1146 extendi
869 1084 952 1146 40.
1000 1082 1152 1144 Num
1184 1083 1364 1162 igitur
1391 1082 1451 1144 in
1485 1084 1597 1145 hoc
1644 1083 1915 1145 distinxit
1965 1092 2066 1146 aut

417 1172 708 1252 separavit
729 1171 1042 1252 quosdam,
1067 1179 1126 1233 et
1145 1171 1280 1233 illos
1299 1171 1539 1252 quidem
1563 1171 1707 1234 dixit
1731 1173 1844 1234 hoc
1862 1190 2058 1252 posse,

417 1260 528 1321 bos
557 1279 675 1321 non
699 1260 912 1340 posse?
937 1259 1114 1340 Num,
1144 1269 1210 1321 ut
1237 1279 1337 1322 vos
1369 1261 1726 1341 insipienter
1771 1261 2058 1329 asseritis,

416 1366 540 1429 vos,
569 1349 833 1431 inquam,
879 1349 1289 1411 incircumcisi
1334 1349 1615 1411 cordibus
1647 1358 1705 1411 et
1733 1349 1975 1412 auribus
2004 1351 2056 1400 41

419 1436 551 1517 (pro
575 1455 644 1498 eo
672 1455 739 1498 ac
774 1436 1094 1499 meremini
1143 1455 1250 1498 vos
1290 1445 1551 1515 tangam)
1596 1437 1878 1519 quoniam
1922 1438 2060 1520 qui-

412 1523 546 1586 dam
571 1525 764 1587 sortiti
781 1535 921 1588 sunt
945 1532 1218 1588 naturam
1254 1526 1578 1602 duriorem,
1614 1527 1717 1607 qui
1768 1536 2065 1607 nequeant

413 1613 732 1695 aliquando
787 1615 1133 1695 compungi,
1178 1623 1237 1677 et
1287 1615 1572 1697 lacrymas
1614 1616 1912 1690 emittere,
1952 1617 2065 1678 hoc

2150 733 2271 788 stra
2291 726 2523 789 calcare
2553 727 2920 788 formidant?
2951 725 3063 790 Ubi
3096 723 3315 787 excelsi
3339 723 3556 797 throni,
3591 730 3651 784 et
3692 721 3795 802 qui

2146 812 2209 875 in
2245 814 2317 877 iis
2347 815 2645 897 sedentes,
2668 815 2899 878 czeteris
2928 815 3286 880 illustriores
3313 817 3649 894 apparent?
3679 809 3795 874 Ubi

2149 910 2394 984 propter
2408 904 2716 986 quippiam
2740 904 3196 985 possidendum,
3220 911 3321 965 aut
3338 902 3626 982 majorem
3651 916 3796 981 prae-

2146 991 2439 1054 fecturam
2476 993 2902 1073 acquirendam
2935 991 3332 1066 concursatio,
3359 1000 3416 1054 et
3445 987 3799 1066 diligentia?

2148 1079 2262 1142 Ubi
2293 1081 2705 1157 contradictio,
2740 1090 2800 1143 et
2848 1083 3241 1161 contumacia,
3293 1088 3352 1142 et
3399 1078 3796 1160 posteriorem

2145 1166 2336 1228 videri
2367 1169 2564 1230 nolle?
2597 1169 2706 1232 Ubi
2732 1177 3115 1247 cognatorum
3150 1169 3211 1229 in
3245 1185 3354 1229 nos
3383 1163 3667 1228 affectus?
3682 1163 3799 1227 Ubi

2146 1255 2246 1336 qui
2275 1275 2382 1318 nos
2405 1256 2601 1321 visere
2624 1257 2900 1320 solebant
2920 1257 3381 1330 mundanorum,
3406 1274 3474 1317 ac
3504 1252 3795 1317 nobilium

2145 1344 2407 1407 vivorum
2439 1346 2720 1428 superbia
2741 1346 2772 1408 ?
2803 1365 2909 1426 per
2938 1365 3088 1428 quos
3118 1365 3225 1425 ego
3257 1345 3442 1406 miser
3492 1343 3787 1415 existimo,

2145 1435 2368 1496 etmihi
2403 1435 2753 1515 persuadeo,
2791 1454 2888 1497 me
2934 1453 3114 1517 supra
3158 1443 3404 1496 caeteros
3461 1433 3789 1495 claritatem

2143 1522 2422 1602 adipisci.
2447 1523 2558 1587 Ubi
2593 1525 2932 1604 cognitione
2951 1543 3176 1598 rerum,
3209 1531 3266 1584 et
3295 1521 3588 1603 sapientia
3611 1520 3791 1601 hujus

2150 1611 2356 1674 mundi
2375 1613 2492 1675 incl
2498 1622 2728 1693 ytorum
2742 1613 3020 1676 scientia?
3041 1611 3152 1676 Ubi
3172 1612 3482 1691 magnifica
3496 1611 3571 1671 de
3593 1609 3790 1690 seipso

313 1728 321 1748 ι
415 1703 592 1764 etiam
624 1721 873 1780 magnus
911 1703 1233 1781 Gregorius
1282 1705 1597 1784 adjungit‘?
1643 1704 1830 1766 Absit.
1869 1713 2122 1787 nequeB
2146 1699 2370 1781 opinio,
2396 1710 2454 1763 et
2485 1709 2694 1783 putare
2724 1721 2832 1764 nos
2881 1721 3011 1763 esse
3041 1701 3265 1782 aliquid
3316 1719 3450 1762 cum
3499 1699 3650 1760 nihil
3706 1699 3792 1759 si-

411 1800 622 1854 natura
652 1793 911 1853 humana
928 1793 1014 1854 sic
1040 1803 1380 1872 comparata
1397 1802 1507 1867 est,
1549 1803 1612 1854 ut
1635 1793 1684 1854 si
1715 1813 1833 1855 non
1867 1795 2060 1875 potius

409 1879 689 1959 ingenita;
713 1881 833 1960 sint
855 1881 942 1942 illi
970 1882 1163 1943 luctus
1190 1889 1247 1942 et
1271 1882 1565 1963 lacrymaa;
1596 1902 1791 1962 neque
1821 1892 2060 1946 sanctus

412 1968 535 2044 hic,
567 1980 670 2032 aut
694 1968 845 2030 alius
863 1979 1202 2032 sanctorum
1227 1971 1340 2032 hoc
1363 1971 1529 2043 dixit,
1569 1978 1668 2032 aut
1711 1971 1970 2052 scripsit.
2005 1973 2058 2036 A

412 2067 626 2120 natura
669 2069 867 2121 autem
924 2059 1096 2120 nobis
1145 2060 1344 2122 inesse
1391 2060 1620 2142 ﬂetum,
1654 2061 1770 2140 ipsi
1802 2061 2058 2123 infantes

410 2146 555 2209 dum
596 2155 918 2211 nascuntur
974 2155 1027 2210 te
1081 2147 1333 2210 doceant
1365 2166 1378 2211 :
1415 2149 1516 2230 qui
1548 2150 1721 2210 simul
1773 2158 1952 2230 atque
1984 2168 2054 2212 ex

411 2245 582 2299 utero
615 2237 990 2317 prodierunt,
1019 2237 1277 2320 plorant,
1299 2256 1489 2318 eoque
1521 2238 1741 2301 indicio
1773 2240 2056 2301 obstetri—

409 2324 599 2401 cibus,
655 2333 714 2387 et
765 2326 1049 2388 matribus
1101 2327 1299 2389 vivere
1348 2347 1412 2390 se
1463 2329 1804 2391 ostendunt.
1856 2327 2058 2391 Infans

409 2415 626 2496 quippe
653 2415 768 2476 nisi
800 2416 1007 2496 vagiat,
1071 2435 1148 2478 ne
1197 2417 1395 2481 vivere
1445 2418 1686 2498 quidem
1719 2418 1959 2481 dicitur.
1995 2418 2056 2481 Si

407 2503 674 2582 vagierit,
701 2504 861 2567 illico
887 2513 1150 2567 naturam
1177 2505 1251 2567 ab
1283 2506 1410 2587 ipso
1441 2513 1571 2568 ortu
1595 2526 1701 2568 suo
1726 2507 1970 2588 luctum,
2000 2515 2060 2570 et

409 2593 702 2673 lacrymas
734 2593 958 2656 habere
982 2595 1230 2657 comites
1251 2595 1643 2658 demonstrat.
1679 2597 1875 2672 Atque
1900 2597 2054 2657 istud

408 2682 584 2744 etiam
609 2691 846 2744 sanctus
873 2690 1040 2763 pater
1069 2691 1272 2745 noster
1301 2682 1541 2747 Simeon
1581 2682 1808 2747 Studita
1833 2685 2057 2746 contir-

408 2771 631 2845 mabat,
660 2790 794 2833 cum
827 2770 1248 2852 hujuscemodi
1299 2772 1574 2853 lacrymis
1606 2773 1912 2834 hominem
1945 2774 2056 2834 de-

408 2859 554 2922 bere
585 2860 739 2922 hanc
769 2859 944 2921 vitam
972 2861 1310 2937 traducere,
1347 2869 1403 2923 et
1429 2880 1587 2934 cum,
1615 2869 1728 2924 etc.
1769 2863 1956 2929 (Deest
1989 2865 2058 2924 in

407 2956 662 3049 utroque
681 2951 1023 3049 exemplari
1051 2968 1176 3049 una
1202 2952 1433 3049 pagina
1457 2951 1565 3013 hoc
1592 2951 1714 3049 loco
1740 2951 1773 3030 )
1803 2949 2053 3049 Obtorto
2075 3000 2114 3049 Ο

405 3038 560 3100 collo
603 3038 797 3113 tracti,
841 3038 951 3100 etsi
998 3038 1246 3100 minime
1297 3039 1504 3101 audire
1562 3039 1737 3101 vultis
1788 3041 2055 3120 quotidie

405 3126 568 3189 clare
592 3127 967 3190 intonantem
996 3128 1166 3190 vobis
1190 3129 1448 3191 divinam
1475 3129 1838 3211 Scripturam
1866 3151 1879 3193 :
1909 3129 2054 3193 Omv

405 3234 510 3279 nes
520 3219 676 3278 enim
691 3217 988 3280 stabimus
1001 3223 1144 3281 ante
1157 3219 1429 3282 tribunal
1443 3218 1780 3293 Christi,ut
1797 3221 2054 3298 recipiat

403 3307 820 3386 unusquisque
863 3324 980 3388 pro
1001 3315 1070 3370 ut
1093 3311 1155 3369 in
1175 3326 1426 3389 corpore
1450 3327 1558 3372 suo
1579 3313 1783 3388 gessit,
1806 3312 1930 3371 sive
1951 3310 2055 3372 bo-

403 3412 554 3457 num
571 3395 699 3457 sive
718 3395 947 3458 malum
969 3396 1225 3470 49.0uod
1247 3416 1382 3458 cum
1402 3397 1681 3461 omnibus
1707 3398 1873 3459 novis
1888 3397 2056 3462 brevi

406 3483 805 3559 evenerit,ubi
828 3493 944 3546 tum
976 3503 1225 3565 corpora
1251 3494 1452 3547 nostra
1472 3487 1774 3567 operiens,
1802 3495 1860 3548 et
1881 3506 2054 3548 exor-

403 3590 554 3634 nans
578 3571 836 3652 pretiosa
857 3574 1006 3634 vesti
1029 3574 1191 3635 erit?
1221 3575 1321 3635 ubi
1345 3575 1677 3637 humeralia
1700 3576 2054 3656 conSpicua?

403 3660 506 3723 ubi
537 3661 848 3737 fulgentia,
869 3674 924 3723 et
947 3663 1246 3743 pellucida
1261 3663 1438 3744 pallia
1458 3663 1488 3722 ‘?
1516 3662 1618 3723 ubi
1643 3665 1887 3724 humum
1924 3682 2054 3742 pre-

404 3749 628 3810 mentia
657 3750 757 3811 illa
792 3751 1061 3831 pulchra,
1094 3751 1402 3832 solidaque
1445 3752 1763 3812 sandalia?
1793 3751 1893 3812 ubi
1928 3754 2053 3814 lora

404 3838 778 3916 cingulorum
803 3840 1180 3902 muliebrium
1199 3840 1458 3901 similia?
1480 3840 1580 3901 ubi
1604 3842 1858 3902 virorum
1884 3841 2053 3921 prin-

404 3931 604 4008 cipum
634 3929 964 3989 occursus?
985 3929 1088 3989 ubi
1110 3938 1246 3990 ante
1266 3929 1412 3990 alios
1438 3929 1762 3990 honoriﬁce
1781 3929 2054 3994 salutari?

400 4017 506 4079 ubi
531 4017 945 4081 contentiones
968 4020 1041 4081 de
1069 4019 1260 4099 prima
1283 4019 1605 4080 cathedra?
1630 4018 1730 4079 ubi
1755 4028 2054 4101 sumptuo-

402 4124 484 4166 sae
511 4107 779 4168 mensae?
809 4105 912 4166 ubi
938 4106 1026 4187 (ut
1061 4116 1118 4168 et
1150 4108 1262 4168 hoc
1315 4108 1530 4185 dicam)
1578 4108 1900 4188 prazvenire
1932 4110 2053 4170 fra-

405 4199 579 4266 trem,
607 4201 662 4253 et
695 4211 762 4253 ex
794 4194 1082 4272 appositis
1129 4195 1298 4275 plura
1348 4196 1716 4276 melioraque
1766 4197 2056 4258 sumere?

401 4281 558 4361 quod
583 4301 689 4361 ego
715 4283 971 4361 primus,
996 4293 1054 4345 et
1083 4285 1185 4366 qui
1230 4285 1346 4346 mei
1377 4285 1608 4348 similes
1642 4294 1799 4361 sunt,
1836 4287 1968 4347 vani
1999 4296 2057 4350 et

2146 1789 2309 1850 mus?
2336 1789 2449 1853 Ubi
2481 1800 2602 1852 tum
2636 1791 2868 1853 lubrica
2899 1791 3118 1870 lingua,
3147 1799 3203 1851 et
3232 1789 3389 1852 velut
3421 1808 3453 1850 e
3477 1790 3638 1850 fonte
3665 1806 3795 1868 pro-

2144 1897 2391 1941 manans
2414 1879 2604 1944 oratio
2627 1879 2658 1941 ‘?
2701 1880 2805 1942 ubi
2835 1889 2996 1956 tunc,
3024 1881 3144 1941 imo
3177 1898 3337 1940 nunc
3365 1881 3609 1959 sapiens
3632 1881 3662 1939 φ
3690 1877 3798 1939 ubi

2140 1972 2374 2034 scriba?
2393 1974 2884 2053 ubiconquisitor
2907 1973 3088 2051 hujus
3113 1971 3314 2036 saeculi
3333 1973 3415 2049 45,
3439 1981 3504 2033 ut
3530 1978 3790 2033 reverta-

2143 2068 2238 2121 tur
2259 2068 2317 2123 et
2338 2062 2776 2124 constituamus
2807 2062 3008 2138 simul,
3058 2062 3253 2143 deque
3295 2060 3547 2123 terribili
3576 2060 3694 2140 die,
3731 2067 3792 2120 et

2140 2149 2286 2211 hora
2309 2149 2412 2211 illa
2431 2150 2869 2233 consultemus,
2892 2160 2948 2213 et
2971 2169 3234 2224 omnem,
3259 2151 3417 2231 quod
3447 2148 3789 2222 dicitur,ru-

2139 2237 2378 2300 dentem
2405 2239 2466 2300 in
2487 2239 2662 2301 nobis
2687 2239 2854 2320 ipsis,
2877 2247 2934 2301 et
2963 2241 3023 2300 in
3046 2239 3372 2320 Scripturis
3410 2237 3626 2300 divinis
3651 2255 3786 2298 mo-

2139 2345 2379 2389 veamus
2403 2336 2460 2389 et
2489 2337 2768 2390 accurate
2804 2331 3044 2390 scrutati
3067 2328 3389 2389 doceamur
3407 2327 3571 2400 inde,
3596 2326 3787 2387 disca-

2141 2434 2392 2497 musque
2423 2417 2564 2497 quid
2598 2416 2771 2478 nobis
2802 2425 2938 2478 tunc
2969 2417 3223 2498 podesse
3267 2416 3476 2497 possit,
3527 2423 3586 2476 et
3639 2413 3785 2476 illud

2140 2505 2527 2584 cupidissime
2559 2505 2898 2584 eligamus?
2928 2504 3047 2586 Sic,
3082 2505 3295 2566 fratres
3317 2504 3436 2566 mei
3466 2503 3686 2579 dilecti,
3725 2513 3791 2564 ut

2139 2595 2340 2654 omnis
2371 2595 2640 2674 Sriptura
2669 2601 2876 2673 aperte
2914 2595 3152 2667 clamat,
3201 2612 3411 2673 magna
3439 2593 3786 2667 necessitas,

2141 2701 2392 2762 magnus
2424 2685 2598 2744 timor
2627 2692 2684 2746 et
2718 2691 2941 2745 tremor
2981 2687 3042 2745 in
3084 2684 3184 2745 illa
3224 2684 3370 2744 hora
3414 2682 3688 2763 proinde,
3723 2690 3788 2744 ut

2106 2813 2109 2815 -
2139 2787 2245 2848 ego
2278 2770 2540 2846 desides,
2577 2771 2894 2834 dissolutos
2909 2791 2978 2834 ac
3009 2775 3205 2852 pigros
3228 2771 3541 2853 occupabit
3571 2772 3785 2834 Beatus

2137 2867 2358 2936 autem,
2394 2859 2626 2935 fratres,
2656 2862 2758 2941 qui
2789 2880 2947 2923 nunc
2971 2861 3134 2922 omni
3164 2870 3453 2924 creatura;
3480 2860 3783 2939 subjectus

2140 2946 2322 3028 luget,
2356 2956 2414 3010 et
2444 2949 2637 3029 plorat
2666 2957 2841 3012 nocte
2872 2961 2930 3012 et
2959 2950 3056 3012 die
3087 2967 3287 3011 coram
3335 2948 3611 3022 Domino,
3642 2947 3783 3026 quia

2139 3053 2170 3095 a
2201 3036 2423 3098 dextris
2445 3037 2596 3119 ejus,
2631 3039 2783 3099 stola
2815 3039 3067 3101 amictus
3097 3045 3406 3100 statuetur.
3445 3041 3658 3100 Beatus
3681 3037 3780 3115 qui

2137 3126 2265 3188 haec
2294 3127 2479 3203 audit,
2516 3136 2574 3190 et
2605 3147 2724 3190 non
2756 3130 2947 3191 solum
2977 3148 3245 3208 gemens,
3295 3146 3407 3189 nec
3463 3127 3538 3188 de
3593 3125 3691 3187 die
3720 3124 3784 3186 in

2137 3215 2296 3277 diem
2329 3216 2641 3292 differens,
2677 3227 2910 3299 tempus
2939 3219 3069 3281 vitae
3099 3235 3218 3279 sua:
3265 3217 3394 3277 sine
3447 3215 3640 3276 fructu
3670 3213 3783 3275 de-

2137 3305 2326 3365 currit
2357 3322 2370 3367 :
2408 3305 2511 3368 sed
2545 3307 2647 3386 qui
2677 3306 2853 3368 simul
2885 3328 2954 3370 ac
2986 3307 3231 3370 Domini
3280 3324 3487 3368 vocem
3517 3302 3732 3383 accipit
3764 3321 3779 3362 :

2139 3391 2568 3456 Paenitentiam
2591 3396 2756 3476 agite
2774 3397 2860 3473 44,
2885 3396 3084 3458 statim
3109 3413 3348 3456 manum
3381 3393 3550 3474 operi
3572 3391 3785 3454 admo-

2139 3481 2422 3544 vet.Talis
2446 3482 3083 3562 enimutobediens,ac
3113 3484 3308 3546 bonus
3328 3501 3532 3545 servus
3558 3479 3787 3542 miseri-

2139 3570 2402 3632 cordiam
2467 3581 2889 3654 consequetur,
2951 3593 3062 3636 nec
3110 3593 3245 3635 cum
3300 3569 3786 3633 inobedientibus

2135 3659 2538 3722 damnabitur.
2584 3660 2656 3723 Et
2707 3661 2769 3723 in
2810 3664 2917 3724 hac
2967 3663 3208 3744 quidem
3258 3662 3376 3722 vita
3403 3659 3479 3721 ab
3510 3657 3786 3721 omnibus

2135 3747 2361 3809 vitiosis
2376 3749 2637 3812 motibus
2659 3750 2846 3812 animi
2875 3750 3251 3826 liberabitur,
3268 3750 3653 3829 omniumque
3673 3747 3787 3808 vir-

2137 3844 2330 3898 tutum
2379 3837 2666 3918 probatus
2713 3839 2905 3900 cultor
2953 3839 3166 3901 evadet
3199 3855 3212 3900 :
3248 3841 3307 3899 in
3338 3839 3535 3898 futura
3589 3844 3784 3897 autem

2135 3923 2252 3985 vita
2283 3925 2457 3986 bonis
2477 3924 2586 3987 Dei
2608 3925 2769 3988 uulla
2798 3927 2996 4005 lingua
3021 3926 3428 4006 exprimendis
3451 3923 3784 3986 oblectabi-

2137 4021 2252 4094 tur,
2277 4032 2410 4075 cum
2434 4014 2753 4093 .omnibus,
2802 4015 2904 4096 qui
2935 4032 2966 4077 a
3000 4016 3216 4077 sazculo
3255 4015 3342 4077 illi
3391 4015 3784 4095 placuerunt;

2137 4101 2354 4183 quibus
2385 4121 2593 4164 omnes
2623 4122 2732 4165 uos
2763 4104 2987 4166 utinam
3014 4105 3330 4185 potiamur,
3365 4103 3552 4183 gratia
3583 4110 3640 4163 et
3669 4103 3782 4162 be-

2139 4191 2424 4269 nignitate
2447 4190 2685 4253 Domini
2713 4194 2899 4254 nostri
2921 4195 3062 4256 .lesu
3088 4193 3328 4267 Christi,
3361 4211 3494 4254 cum
3522 4211 3637 4272 quo
3670 4193 3786 4252 Pa-

2140 4280 2216 4340 tri
2247 4279 2543 4360 simulque
2571 4287 2777 4342 sancto
2803 4281 3043 4362 Spiritui
3068 4281 3279 4361 gloria,
3300 4278 3644 4360 imperium,
3667 4277 3782 4338 ho-

401 4371 593 4451 inepti
612 4372 805 4434 facere
829 4376 1266 4435 consuevimus.
1304 4373 1416 4437 Ubi
1471 4383 1611 4435 tunc
1642 4375 1829 4436 factus
1858 4383 1914 4436 et
1947 4394 2052 4437 su-
2079 4402 2122 4451 ι)
2143 4387 2273 4444 nor,
2300 4377 2358 4431 et
2387 4369 2652 4429 adoratio
2684 4388 2843 4432 nunc
2868 4379 2926 4432 et
2956 4388 3218 4452 semper,
3251 4378 3308 4431 et
3336 4368 3398 4429 in
3423 4366 3637 4428 saecula
3665 4383 3781 4426 sae-

401 4459 610 4539 perbia
637 4467 859 4534 nostra,
893 4460 1196 4542 imperare
1241 4471 1296 4524 et
1349 4462 1684 4542 imperari?
1724 4463 1834 4526 Ubi
1887 4465 2056 4528 cella:

400 4549 552 4622 latae,
590 4556 649 4610 et
679 4551 980 4628 eleganter
1019 4550 1078 4612 in
1127 4570 1354 4612 morem
1391 4551 1633 4612 thalami
1665 4562 1906 4614 ornatae.
1943 4553 2056 4617 Ubi

400 4637 898 4714 ministrorum,et
924 4639 1140 4720 quibus
1167 4641 1579 4703 ministrantur
1600 4643 2055 4722 prmroga'ivain

2140 4457 2429 4519 culorum.
2465 4459 2682 4521 Amen.

2685 4546 2973 4613 ORATIO
3029 4547 3232 4611 XXXI.

2738 4655 3171 4702 ABGUHENTUM.

399 4725 500 4801 iis,
529 4727 588 4786 in
613 4726 830 4806 quibus
864 4748 972 4789 nos
1000 4730 1148 4790 alios
1179 4730 1394 4808 praeire
1419 4731 1638 4793 debere
1664 4732 2059 4793 arbitramur?
2142 4726 2562 4788 Christianum
2586 4745 2757 4809 (equo
2776 4737 2837 4790 et
2857 4745 3142 4808 generoso
3179 4725 3412 4798 animo,
3458 4723 3793 4784 incursan-

396 4813 511 4878 Ubi
529 4815 911 4892 immodicus,
939 4827 995 4878 et
1023 4818 1343 4880 indecorus
1373 4820 1579 4884 risus?
1608 4820 1711 4882 ubi
1755 4821 1964 4898 longae,
2001 4830 2059 4882 et

395 4904 869 4984 apparatissimas
901 4926 1107 4978 ccenaa,
1138 4909 1408 4988 prandia,
1439 4918 1496 4971 et
1519 4910 1677 4971 inter
1705 4910 1814 4971 ista
1845 4910 2051 4970 confa-

397 4993 734 5056 bulationes
756 4996 1225 5078 intempestivze?
1246 4997 1358 5060 Ubi
1383 5007 1521 5061 tunc
1545 5019 1756 5080 magna
1783 4999 2054 5060 nomina?

475 5154 538 5204 40
564 5154 822 5236 Philipp.
850 5172 936 5230 ιιι,
975 5157 1073 5219 13.

1158 5159 1212 5208 4¹
1247 5163 1380 5223 Act.
1414 5177 1518 5240 vn,
1553 5161 1649 5221 εἳ.

394 5249 479 5299 ιιι,
516 5237 575 5299 2.

474 5407 931 5490 therum._quo
955 5405 1150 5467 verbis
1172 5408 1304 5490 istis
1324 5407 1564 5490 Simeon
1583 5409 1937 5490 respexerit,
1959 5427 2053 5468 me

395 5483 583 5570 fugit;
643 5483 872 5570 verbis,
918 5486 1184 5566 inquam,
1240 5489 1407 5552 istis:
1459 5489 1606 5548 Ἀλλ’
1653 5483 1724 5556 ὥς
1785 5495 1926 5570 παρὰ
1957 5493 2051 5556 τὴς

396 5568 535 5648 ῼείας
586 5572 798 5648 Γραφῆς
851 5567 1080 5639 ἀκήκοκ,
1143 5572 1230 5626 καὶ
1288 5572 1341 5626 ἐν
1399 5571 1540 5646 αὒτῷ
1597 5579 1673 5645 τῷ
1729 5567 2052 5648 {inimicum

400 5643 642 5702 λικιῶτκί
698 5643 834 5711 ’ξινες
892 5650 1267 5725 βαπτιζόμενοι
1351 5659 1418 5729 τῇ
1477 5643 1747 5710 ἐάτελέὺσεὶ
1818 5643 2050 5709 κατάκλυ-

1737 5160 1799 5211 42
1847 5158 2020 5222 Rom.
2057 5175 2180 5231 xw,
2213 5157 2334 5235 10;
2384 5159 2436 5221 II
2465 5161 2600 5224 Cor.
2630 5177 2691 5237 v,
2732 5160 2820 5221 10.

2221 4819 2375 4879 tium
2403 4834 2468 4878 se
2499 4820 2902 4881 tentet-ianum
2928 4821 3184 4897 impetus
3205 4816 3462 4894 sufferre
3483 4820 3787 4892 Oportere.

2217 4906 2329 4978 Qui
2347 4924 2486 4968 vere
2517 4915 2653 4968 sunt
2682 4908 2834 4969 servi
2873 4907 3001 4988 Dei,
3035 4907 3255 4987 quique
3284 4905 3479 4985 ipsum
3531 4900 3787 4980 diligunt

2138 5007 2198 5058 et
2247 4997 2414 5078 quasi
2467 4997 2758 5059 bonorum
2809 4997 3166 5059 tutissimum
3217 4995 3565 5056 thesaurum
3613 4991 3675 5052 in
3719 5008 3786 5052 se

2911 5157 2962 5201 ‘3
2993 5159 3015 5220 Ι
3046 5158 3180 5220 Cor.
3217 5172 3259 5230 ι,
3292 5154 3398 5214 20.
3481 5152 3544 5202 44
3572 5153 3779 5216 Matth.

2135 5410 2314 5486 γέντες
2373 5417 2465 5467 τοῦ
2521 5412 2816 5485 πνεύματος
2869 5408 3176 5486 ἐδάκρυσανε
3231 5402 3343 5486 Ubi
3370 5403 3537 5486 enim
3591 5401 3650 5462 in
3684 5420 3782 5462 sa-

2138 5483 2186 5568 ct
2205 5488 2254 5549 is
2284 5489 2522 5581 Litteris
2557 5483 2854 5582 proditum
2889 5483 3150 5580 legimus
3180 5486 3252 5546 de
3283 5483 3786 5582 ίδῐίΒΙὴλιῇιώταξξ,

2139 5563 2244 5632 seu
2282 5569 2492 5631 coaevis
2523 5562 2700 5633 simul
2761 5562 3090 5650 baptizatis,
3126 5566 3386 5650 ipsoque
3420 5562 3792 5645 baptismatis

2140 5659 2356 5732 puncto
2394 5651 2452 5712 in
2486 5650 2770 5730 lacryntas
2802 5645 3254 5730 erumpentibus
3274 5645 3305 5704 ?
