2080 3219
203 187 262 220 47Ἴ

926 189 1065 221 ORATIO
1087 189 1193 221 XXXI.

1838 186 1897 220 478

202 254 275 296 ipsis
283 253 409 294 habent,
422 257 558 295 tempore
573 254 752 286 tentationes
764 255 901 295 injurias,
917 259 946 285 et
963 264 1031 285 con-
1041 259 1061 284 Α
1074 254 1153 286 litate
1165 265 1231 287 mea
1242 256 1360 287 erubuit
1372 266 1429 293 me,
1444 260 1474 288 et
1486 256 1609 296 gloriam
1626 256 1728 286 mundi
1741 255 1892 294 deserere,

201 302 333 340 temptus
347 308 416 330 cum
432 298 551 339 gaudio,
565 303 594 330 et
609 299 698 330 animi
712 299 900 339 jucunditate
915 299 1031 330 inenar-

200 343 288 376 rabili
314 343 479 385 patiuntur,
497 347 526 374 et
551 353 602 375 eos
623 353 640 374 a
659 344 768 385 quibus
789 344 830 374 ita
856 348 1027 380 tractantur,

199 388 319 420 sincero
330 396 401 420 cum
413 388 532 429 aﬂ'ectu,
545 391 578 419 ut
592 387 670 419 bene
686 388 723 419 de
735 397 768 420 se
780 393 931 420 merentes
941 388 1032 419 maxi-

199 441 325 474 mopere
348 431 485 472 diligunt.
503 431 560 469 Qui
582 436 683 464 autem
704 437 840 473 tempore
859 433 1030 463 tentationis

199 477 454 518 computationes,
470 476 582 518 alapas,
600 477 767 517 petulanter
782 477 880 508 illatas
904 477 1029 517 injurias

200 525 306 563 pacate
318 530 379 552 non
394 520 532 559 sustinet,
559 525 609 552 aut
634 521 734 552 animo
757 521 934 562 concitatus,
959 531 1028 552 ver-

200 565 271 598 bum
282 566 426 598 indecens
435 566 546 606 profert
556 575 564 604 ;
575 570 624 597 aut
635 566 766 607 denique
783 575 835 607 per
850 566 1026 597 exteriorem

201 610 333 643 habitum
347 620 381 642 se
391 611 438 642 ira
450 610 613 642 ferventem
626 611 735 651 prodit,
752 615 914 650 contraque
929 610 1027 641 verbis

204 654 424 687 contumeliosis
447 654 593 694 insurgit;
609 659 660 685 aut
680 655 761 686 aliud
787 655 832 685 sui
858 654 1024 685 ulciscendi

203 708 289 731 causa
300 699 381 738 facit,
394 699 543 740 quomodo
559 699 585 730 is
599 700 660 730 ulla
684 709 721 731 ex
745 703 828 740 parte
845 709 962 730 servum
978 708 1022 735 se,

200 747 230 776 et
242 743 422 776 imitatorem
437 744 558 775 Domini
573 744 630 781 sui,
644 754 677 775 ac
686 753 745 775 non
755 744 909 775 inimicum
928 744 1026 784 potius

197 788 301 821 dicere
310 788 449 820 audebit?
460 787 516 825 Qui
528 788 607 819 enim
617 788 789 819 verberanti
799 789 923 828 resistit,
936 797 1023 818 eum-

198 843 257 875 que
269 832 401 864 vicissim
411 832 560 874 verberat,
573 833 666 864 Deum
680 834 849 871 inhonorat,
862 833 1021 864 dicentem:

197 878 397 918 Quipercutit
408 880 437 909 te
446 880 478 908 in
489 886 552 909 una
571 878 712 918 maxilla,
734 878 837 918 praebe
848 877 893 908 illi
904 880 933 909 et
945 877 1023 909 alte-

1073 309 1180 340 meque
1195 300 1339 331 imitando
1355 301 1507 341 experime
1526 300 1605 331 haud
1629 300 1778 331 sustinuit.
1796 299 1891 335 Nunc,

1072 345 1189 385 quando
1206 345 1270 385 ipse
1285 345 1407 385 quidem
1432 346 1510 376 [lina
1535 345 1627 385 gloria
1646 349 1753 376 exutus
1764 348 1820 381 est,
1839 353 1892 382 ego

1070 399 1139 419 vero
1169 390 1198 420 in
1224 389 1386 420 immortali
1414 390 1510 421 Patris
1528 390 1586 420 mei
1603 389 1697 428 gloria
1713 389 1894 428 gloriﬁcatus

1070 443 1147 471 sum,
1161 435 1204 465 vel
1218 434 1421 465 tantummodo
1433 435 1534 465 videre
1546 442 1613 465 eum
1624 433 1777 464 erubesco,
1793 434 1894 473 Itaque

1070 478 1148 509 foras
1164 479 1320 518 ejiciatur:
1340 478 1475 510 Tollatur
1500 479 1623 519 impius,
1652 487 1690 509 ne
1705 478 1808 508 videat
1823 478 1891 517 glo-

1069 524 1149 554 riam
1162 533 1258 554 meam
1270 523 1311 554 47.

1110 567 1177 598 Haec
1192 568 1324 604 audient,
1352 567 1403 608 qui
1419 568 1518 598 omnia
1533 567 1653 607 quidem
1670 565 1807 597 mandata
1830 565 1889 596 Do-

1068 612 1141 642 mini
1156 612 1314 642 observare
1326 621 1357 642 se
1370 616 1609 652 putant,propter
1620 611 1764 651 pudorem
1776 614 1889 648 autem,

1068 661 1096 687 et
1120 656 1310 697 opprobrium
1337 656 1413 696 apud
1443 657 1590 693 homines,
1618 656 1713 686 illatas
1728 655 1764 686 ab
1780 655 1888 685 iisdem

1067 700 1204 740 injurias,
1231 701 1420 740 ignominias,
1452 700 1608 731 maledicta
1639 710 1697 730 non
1725 700 1888 740 patiuntur,

1067 755 1163 785 neque
1179 747 1289 786 alapas,
1310 755 1406 785 neque
1422 745 1557 782 verbera,
1584 749 1612 775 et
1639 744 1739 785 plagas
1764 744 1889 774 inﬂictas

1066 789 1202 820 tolerant.
1216 790 1396 827 Horrescite,
1414 794 1443 820 et
1457 790 1573 820 tremite
1590 790 1723 825 mortale,
1751 793 1779 819 et
1805 788 1886 828 inju-

1065 834 1135 872 rias,
1148 844 1220 875 quas
1232 844 1283 874 pro
1299 835 1395 865 salute
1408 835 1591 874 vestra-Deus
1604 834 1826 874 pertulit,etiam
1837 842 1887 863 vos

1066 889 1133 910 cum
1148 879 1254 918 gaudio
1271 879 1403 909 sufferte.
1416 879 1493 909 Deos
1505 887 1521 909 a
1537 888 1621 909 servo
1643 878 1844 918 impurissimo
1857 877 1887 907 in

197 922 314 954 ram“.
333 921 390 959 Qui
409 930 498 962 porro
518 922 562 953 sic
578 931 612 953 se
627 922 801 959 defendunt,
828 926 857 953 et
881 922 974 957 aiunt,
992 922 1022 952 in
1034 918 1053 943 Β
1065 924 1169 954 faciem
1187 924 1319 960 caeditur,
1338 923 1390 953 tibi
1405 923 1441 953 ad
1457 923 1639 963 exemplum;
1653 927 1680 953 et
1696 927 1723 952 tu
1739 922 1774 952 ab
1793 923 1888 952 homi-

199 967 264 999 rixa
280 971 310 999 et
325 967 476 1008 pugna,ad
492 967 564 998 iram
579 971 608 998 et
624 968 903 998 encandesccntiam
918 971 950 997 ut
965 967 1021 998 ho-

197 1015 295 1044 mines
315 1019 540 1043 commovemur
555 1021 563 1042 :
588 1011 746 1052 aliquando
762 1012 851 1043 etiam
868 1011 976 1049 verbis,
993 1015 1022 1042 et

196 1065 289 1097 opere
303 1056 368 1097 ipso
379 1055 418 1087 de
432 1055 572 1087 fratribus
584 1066 638 1087 nos
653 1056 847 1091 vindicamus,
867 1060 944 1097 post,
954 1056 1018 1087 ani-

195 1110 279 1133 mum
289 1100 326 1132 ab
337 1100 410 1142 ipsis
420 1110 480 1132 non
496 1101 627 1132 alienum
643 1102 785 1141 gerimus,
800 1101 852 1132 sed
864 1101 964 1131 omnia
977 1100 1020 1131 di-

195 1145 354 1182 mittimus,
366 1144 554 1185 potissimum
569 1145 595 1176 si
610 1146 725 1176 veniam
741 1146 819 1176 inter
834 1154 887 1176 nos
904 1145 1021 1176 dederi-

195 1198 274 1228 mus,
288 1189 426 1220 videntur
441 1189 515 1220 mihi
538 1190 645 1220 tabula;
671 1199 754 1230 purae
775 1189 901 1229 similes,
918 1190 947 1220 in
964 1198 1022 1230 qua

194 1234 338 1266 inimicus
361 1237 391 1265 et
414 1234 507 1265 hostis
523 1238 637 1275 captata
653 1234 887 1274 opportunitate,
903 1244 955 1274 per
970 1243 1022 1264 eos

196 1278 280 1319 ipsos
290 1287 382 1320 prava
395 1287 449 1309 sua
466 1278 572 1319 placita
588 1279 737 1316 inscribit,
757 1283 786 1309 et
801 1279 926 1316 inducit,
948 1279 1022 1318 ipsi-

195 1332 255 1365 que
269 1332 391 1354 rursum
407 1322 623 1363 delentes,quaa
638 1323 760 1354 incitatu
777 1323 896 1362 maligni
914 1323 1023 1354 inscri-

199 1371 335 1409 pserunt.
351 1367 456 1398 nolunt
471 1376 524 1408 pro
541 1368 578 1399 iis
593 1368 701 1400 Christi
724 1368 830 1408 placita
845 1367 1021 1406 inscribere,

194 1416 229 1444 ut
240 1422 310 1444 cum
317 1412 638 1450 veneriladversarius,
648 1412 762 1443 tabulas
772 1412 906 1443 cordium
919 1422 1021 1443 eorum

194 1457 383 1498 conscriptas
391 1456 534 1492 inveniat,
552 1457 705 1497 victusque
720 1466 785 1487 cum
803 1456 951 1488 dedecore
965 1457 1023 1487 dis-

193 1501 301 1534 cedat:
319 1500 374 1533 sed
393 1501 598 1542 unusquisque
622 1511 725 1532 eorum
754 1511 815 1542 prae
842 1501 971 1542 pigritia,
988 1511 1023 1532 ac

1064 968 1145 999 mine
1160 968 1308 998 similibus
1330 972 1427 999 tecum
1455 968 1662 998 affectionibus
1687 968 1813 998 ohnoxio
1830 967 1885 997 hoc

1064 1012 1123 1053 pati
1139 1012 1302 1043 detrectas‘.’
1317 1012 1369 1043 Dei
1384 1012 1563 1043 imitatorem
1580 1022 1645 1042 esse
1658 1012 1764 1050 pudet?
1778 1014 1813 1043 Et
1828 1021 1886 1051 quo

1064 1062 1148 1096 pacto
1162 1066 1228 1087 cum
1245 1057 1311 1095 ipso
1327 1057 1477 1096 regnabis,
1492 1061 1520 1087 et
1535 1066 1601 1087 cum
1618 1066 1652 1087 ee
1667 1056 1697 1086 in
1714 1066 1805 1095 regno
1822 1065 1884 1086 cm-

1062 1103 1157 1133 lorum
1167 1102 1477 1141 congloriﬁcaberis.si
1487 1112 1552 1133 cum
1566 1112 1601 1133 eo
1614 1102 1687 1133 nihil
1697 1101 1883 1132 toleraveris?

1062 1147 1134 1178 Nam
1146 1147 1171 1178 si
1183 1152 1211 1178 et
1221 1147 1282 1184 ille,
1297 1147 1373 1186 quod
1385 1147 1419 1177 ad
1437 1151 1463 1177 te
1482 1146 1597 1187 attinet,
1616 1151 1738 1187 propter
1753 1151 1781 1176 te
1796 1146 1885 1176 homo

1064 1192 1144 1222 nasci
1156 1191 1335 1232 erubuisset,
1347 1195 1376 1222 et
1389 1193 1416 1222 in
1429 1191 1679 1231 przevaricationis
1689 1191 1770 1231 lapsu
1779 1190 1886 1230 jacen—

1063 1240 1122 1267 tem
1140 1241 1166 1267 te
1181 1237 1334 1276 hucusque
1350 1236 1544 1275 destituisset,
1566 1245 1677 1273 nonne,
1700 1236 1801 1275 miser,
1819 1244 1887 1265 cum

1065 1280 1247 1317 inﬁdelibus,
1264 1286 1293 1310 et
1323 1280 1422 1320 impiis
1439 1280 1469 1310 in
1485 1280 1595 1311 interni
1617 1279 1788 1310 recessibus
1815 1288 1886 1319 per-

1067 1324 1248 1356 mansisses‘?
1265 1325 1383 1355 Credin'
1400 1330 1429 1354 tu
1445 1325 1594 1356 Christum
1611 1333 1678 1355 esse
1692 1323 1803 1355 Deum?
1819 1333 1886 1354 cre-

1065 1370 1113 1406 do,
1132 1370 1242 1410 inquis.
1255 1370 1286 1400 Si
1302 1379 1372 1408 ergo
1385 1378 1451 1400 esse
1464 1371 1557 1400 Deum
1573 1369 1682 1406 credis,
1700 1368 1749 1408 qui
1765 1368 1886 1407 coelum,

1065 1419 1094 1445 et
1122 1419 1230 1445 terram
1261 1414 1405 1452 condidit,
1431 1414 1479 1454 qui
1508 1414 1582 1445 citra
1597 1413 1829 1444 exinanitionem
1849 1414 1885 1443 de

1064 1459 1130 1490 sinu
1144 1459 1235 1489 l’atris
1251 1459 1418 1490 exinanitus
1433 1463 1476 1489 est
1487 1459 1528 1495 48,
1543 1459 1593 1499 qui
1608 1467 1643 1489 ex
1658 1458 1804 1488 immensa
1815 1457 1865 1487 alti

1065 1504 1168 1534 tudine
1179 1503 1356 1540 divinitatis,
1370 1508 1397 1533 ct
1410 1503 1627 1543 inexplicabilis
1638 1502 1738 1542 gloriae
1748 1511 1808 1532 suae
1818 1502 1886 1532 des-

192 1546 302 1578 disidia
316 1547 407 1578 hasce
422 1555 529 1577 vacuas
545 1545 732 1586 relinquens,
750 1555 817 1576 cum
836 1546 1049 1585 mandaveritc
1063 1548 1174 1585 ceniit,
1201 1552 1230 1578 et
1257 1553 1379 1588 propter
1393 1552 1420 1578 te
1436 1548 1524 1578 homo
1549 1547 1696 1587 ahjcctus,
1724 1556 1757 1577 ac
1775 1555 1887 1587 pauper

192 1590 349 1632 Dominus,
362 1590 435 1622 utin
446 1590 546 1631 aliqua
562 1591 666 1621 harum
685 1600 746 1621 suae
757 1590 839 1630 leges
851 1591 1019 1622 inscriban-

197 1639 256 1674 tur,
271 1635 316 1667 illi
326 1639 447 1673 mox,et
455 1639 560 1676 propte
572 1635 688 1665 inimici
704 1635 785 1674 leges
797 1635 975 1676 inscribunt,
992 1640 1021 1666 et

200 1688 298 1713 amara
314 1684 401 1721 atque
427 1679 584 1711 mortifera
612 1680 814 1717 admittentes,
842 1680 966 1714 viviﬁca.
993 1684 1021 1710 et

200 1723 292 1755 melle
304 1724 434 1762 duciora,
452 1733 468 1754 a
484 1733 516 1755 se
532 1724 693 1765 repellunt.
712 1724 766 1760 Qui
783 1725 871 1764 igitur
883 1724 954 1755 nihil
971 1725 1021 1755 de-

197 1768 286 1809 liquit
296 1767 380 1800 .Iesus
393 1768 538 1800 Dominus
562 1778 596 1799 ac
618 1769 698 1799 Deus
720 1772 832 1806 noster,
860 1778 1019 1808 percussus

194 1819 251 1852 est,
264 1816 296 1845 ut
308 1813 372 1853 ejus
386 1813 524 1853 exemplo
540 1817 713 1853 peccatores
728 1822 787 1844 non
805 1813 900 1843 solum
916 1813 1021 1844 remis-

190 1857 309 1889 sionem
323 1862 510 1898 peccatorum
528 1857 685 1898 accipiant,
700 1857 753 1888 sed
771 1858 860 1889 etiam
877 1857 1017 1888 divinita-

189 1900 229 1932 tis
241 1902 308 1941 ejus
323 1910 377 1942 per
391 1901 590 1932 obedientiam
603 1902 764 1942 participes
777 1902 858 1933 (iant.
872 1902 955 1937 Quod
968 1902 1018 1941 qui

188 1945 221 1976 in
237 1944 408 1976 humilitate
419 1945 518 1976 cordis
534 1955 593 1976 non
608 1945 776 1981 admiserit,
789 1945 873 1985 quasi
889 1945 1016 1976 erubes-

189 1998 265 2021 cens
288 1989 406 2020 Domini
422 1990 633 2030 perpessiones
644 1989 766 2024 imitari,
786 1989 920 2020 Christus
933 1990 1016 2020 illum

189 2043 291 2066 coram
301 2034 426 2075 angelis,
437 2038 466 2065 et
478 2036 565 2065 Patre
577 2044 631 2065 suo
654 2034 785 2065 caelestis
801 2034 959 2065 erubescet
973 2035 1014 2063 46.

229 2078 315 2115 Quod
331 2079 409 2116 dico,
425 2078 596 2118 hujusmodi
612 2082 665 2109 est.
677 2079 749 2110 Cum
765 2082 843 2109 esset
859 2080 947 2110 Deus.
962 2089 1017 2109 no-

189 2122 243 2154 stri
259 2131 348 2154 causa
363 2123 515 2154 hominem
540 2122 675 2162 indutus,
699 2122 793 2162 alapis
815 2131 920 2160 caesus,
945 2133 1017 2154 con-

1062 1593 1155 1624 factus
1165 1596 1216 1628 est,
1231 1596 1261 1622 tu
1279 1592 1384 1630 lutum,
1399 1592 1488 1632 cinis,
1507 1601 1542 1623 ac
1555 1592 1660 1632 pulvis,
1678 1601 1736 1622 non
1754 1596 1837 1631 potes
1853 1590 1884 1620 in

1061 1637 1191 1668 animum
1209 1637 1363 1674 inducere,
1379 1641 1433 1667 uta
1444 1636 1564 1667 sublimi
1578 1637 1683 1666 throno
1695 1639 1744 1666 tuo
1756 1635 1885 1665 descen-

1062 1681 1146 1719 dens,
1161 1680 1242 1711 fratri
1257 1686 1305 1711 tuo
1322 1686 1351 1711 te
1374 1680 1524 1715 humilies,
1551 1681 1600 1720 qui
1617 1680 1692 1710 infra
1717 1683 1745 1709 te
1761 1678 1882 1718 quidem

1060 1725 1176 1755 videtur
1192 1729 1281 1761 stare,
1297 1725 1428 1756 fortassis
1444 1729 1545 1755 autem
1561 1724 1718 1754 virtutibus
1734 1728 1761 1753 te
1777 1732 1886 1763 super-

1061 1769 1191 1800 eminet?
1206 1769 1282 1805 Quin
1303 1773 1411 1800 vestem
1429 1774 1478 1799 tuo
1490 1768 1604 1808 judicio
1626 1767 1812 1808 splendidam
1829 1766 1884 1797 ab-

1057 1815 1136 1855 jicls.
1150 1814 1229 1844 illius
1245 1824 1278 1844 ex
1296 1814 1363 1854 pilis
1378 1814 1554 1850 confectam,
1568 1818 1595 1843 et
1607 1812 1803 1843 humilitatem
1820 1812 1884 1851 ejus

1061 1858 1222 1889 reveritus?
1234 1858 1310 1894 Quin
1327 1858 1455 1898 despicis
1471 1858 1582 1896 omnia.
1592 1867 1656 1897 quae
1668 1866 1771 1887 revera
1783 1856 1881 1894 ludus,

1061 1908 1090 1933 et
1114 1903 1291 1941 velamenta,
1316 1912 1349 1933 ac
1375 1912 1501 1942 persona
1527 1903 1662 1942 quaedam
1690 1900 1883 1940 turpitudinis

1060 1948 1168 1987 potius,
1186 1957 1275 1987 quam
1291 1947 1384 1987 gloria
1399 1947 1539 1977 claritatis
1551 1946 1643 1978 sunt?
1659 1945 1736 1982 Quin
1753 1954 1805 1984 per
1815 1954 1881 1974 nm-

1059 1992 1107 2021 nia
1123 1991 1295 2021 fabricatori
1320 1995 1369 2022 tuo
1395 2001 1428 2022 ac
1452 1993 1511 2022 Deo
1538 1991 1665 2022 similem
1684 1995 1711 2021 te
1727 1995 1878 2029 prmstans.

1060 2045 1127 2067 cum
1145 2036 1195 2065 illo
1212 2035 1350 2066 fratribus
1375 2036 1432 2066 tuis
1447 2040 1474 2066 te
1490 2034 1652 2066 humilias‘?
1669 2035 1699 2065 Si
1718 2034 1760 2064 illi
1777 2033 1884 2063 similis

1062 2080 1138 2111 efﬁci
1155 2089 1213 2109 non
1231 2080 1284 2119 vis,
1302 2080 1444 2119 majorem
1472 2080 1572 2111 nescio
1595 2078 1754 2120 quomodo,
1773 2083 1801 2108 et
1816 2080 1880 2117 glo-

1061 2124 1217 2156 riosiorem
1234 2125 1284 2154 illo
1297 2129 1323 2154 te
1337 2125 1420 2165 facis,
1436 2125 1585 2165 aliumque
1603 2129 1629 2155 te
1646 2123 1732 2154 nobis
1751 2123 1879 2159 Annam,

189 2171 309 2208 sputus,
328 2167 358 2198 in
375 2176 497 2199 crucem
522 2172 605 2198 actus
621 2172 685 2198 est:
701 2167 824 2202 docens.
853 2177 887 2198 ac
912 2168 1016 2199 dicens
1028 2173 1107 2202 Daut
1123 2168 1275 2208 Caipham,
1294 2173 1344 2199 aut
1356 2169 1481 2200 Pilatum
1499 2174 1654 2208 tyrannum
1672 2168 1807 2204 exhihes,
1821 2167 1881 2206 opi-

189 2210 410 2252 quodammodo
425 2212 532 2252 cuique
547 2216 682 2242 nostrum
699 2221 752 2252 per
773 2221 808 2242 ea
827 2221 894 2251 quae
910 2221 1014 2252 passus

190 2260 238 2287 est
251 2255 324 2296 (qui,
346 2266 405 2296 qua
418 2256 508 2294 Deus,
533 2256 591 2297 pati
607 2266 665 2287 non
683 2257 862 2297 poteratlﬁsi
878 2257 920 2287 vis
935 2257 1014 2288 Deus

191 2309 292 2341 esse,o
302 2300 403 2338 homo,
411 2301 561 2341 vitamque
573 2305 714 2332 aeternam
728 2306 881 2332 assecutus
897 2311 1012 2332 mecum

189 2344 302 2383 vivere,
312 2345 390 2386 quod
404 2349 486 2385 pater
496 2345 615 2385 generis
631 2345 684 2383 tui,
698 2355 764 2376 cum
778 2346 854 2376 male
870 2346 1013 2385 concupi-

188 2389 293 2426 visset,
306 2398 367 2420 non
381 2395 428 2421 est
443 2395 610 2430 assecutus,
622 2390 665 2420 sic
681 2389 848 2427 humiliare,
865 2391 1014 2430 quomodo

188 2442 246 2474 ego
263 2436 313 2464 tua
321 2442 410 2465 causa
426 2443 474 2465 me
487 2434 652 2474 humlliavi,
668 2434 897 2475 arrogantiaque
919 2439 949 2465 et
963 2444 1015 2465 su-

189 2477 308 2519 perbia,
323 2478 355 2509 in
369 2478 478 2520 quibus
493 2482 537 2510 est
553 2479 676 2519 spiritus
700 2478 877 2519 diabolicus,
894 2479 1014 2519 deposi-

189 2526 230 2561 ta,
247 2522 360 2564 alapas,
375 2524 631 2564 computationes,
647 2524 788 2563 colaphos
802 2523 931 2564 suscipe.
945 2523 1014 2555 Per-

187 2567 237 2599 fer
249 2567 307 2598 ista
320 2567 357 2598 ad
374 2572 500 2599 mortem
514 2577 619 2609 usque,
632 2571 662 2598 et
677 2568 737 2598 noli
754 2568 944 2599 erubescere.
962 2569 1014 2600 Sin

188 2615 219 2643 tu
231 2616 355 2653 propter
369 2612 507 2644 mandata
518 2623 586 2644 mea
595 2612 654 2654 pati
670 2613 839 2649 erubueris,
857 2617 1011 2653 postquam

187 2666 244 2698 ego
258 2656 339 2688 Deus
354 2661 477 2698 propter
491 2661 520 2689 te
536 2667 639 2698 passus
650 2658 825 2696 sum,etiam
839 2667 902 2697 ego.
918 2667 1012 2698 quan-

185 2701 225 2734 do
247 2711 316 2734 cum
346 2702 504 2743 majestate
533 2703 693 2738 advenero.
720 2702 827 2743 pudori
855 2702 970 2733 habebo
988 2707 1016 2734 te

183 2755 304 2779 mecum
317 2754 400 2785 esse,
413 2746 570 2788 dicamque
580 2746 698 2788 angelis
710 2746 796 2784 meis,
807 2745 856 2777 hic
867 2746 897 2776 in
912 2747 1013 2777 humi-

218 2832 253 2859 45
265 2831 379 2864 Matth.
394 2840 423 2869 ν,
437 2831 486 2863 39.
530 2831 562 2857 ιϐ
575 2831 646 2863 Luc.
663 2840 704 2873 Ix,
722 2832 771 2864 96.

1056 2216 1142 2246 ﬁcem
1156 2214 1357 2244 universitatis
1370 2224 1428 2245 non
1437 2219 1467 2245 ut
1478 2223 1671 2250 assessorem,
1684 2214 1735 2242 sed
1748 2216 1778 2242 ut
1790 2221 1880 2242 unum

1056 2259 1215 2300 quemdam
1231 2259 1437 2290 damnatorum
1455 2259 1505 2289 tibi
1522 2264 1618 2289 astare
1634 2258 1771 2297 cupiens.

1097 2305 1164 2334 Haec
1175 2303 1210 2333 ad
1221 2303 1326 2334 divites
1339 2308 1369 2334 et
1378 2304 1539 2343 principes,
1549 2307 1575 2333 el
1588 2303 1712 2333 aliorum
1727 2300 1879 2341 praesides,

1056 2353 1084 2379 et
1100 2358 1167 2379 cum
1178 2348 1254 2377 fastu
1268 2348 1460 2388 supercilium
1477 2347 1613 2378 tollentes
1627 2347 1707 2377 dicta
1718 2345 1788 2376 sint.
1804 2345 1879 2381 Quid

1053 2394 1114 2433 jam
1132 2393 1268 2423 dicemus
1284 2392 1331 2428 iis,
1348 2393 1399 2433 qui
1416 2393 1527 2423 relictis
1538 2391 1688 2427 omnibus,
1702 2394 1823 2430 propter
1833 2399 1879 2420 re-

1056 2447 1145 2477 gnum
1162 2437 1304 2467 caalorum
1321 2446 1354 2467 ac
1371 2441 1530 2475 egestatem
1547 2446 1579 2466 se
1595 2434 1791 2472 redegerunt?
1802 2433 1878 2470 Quid

1056 2482 1201 2521 dicemus,
1216 2481 1354 2521 inquam?
1368 2481 1445 2512 Ecce
1455 2481 1553 2517 frater,
1566 2480 1721 2511 mendicus
1734 2480 1837 2514 lactus,
1852 2483 1881 2509 et

1055 2526 1213 2557 Dominum
1231 2526 1395 2562 Christum,
1407 2536 1441 2556 ac
1450 2528 1544 2558 Dcum
1562 2525 1693 2555 imitatus
1705 2533 1748 2555 es.
1760 2523 1880 2554 Intuere

1055 2570 1145 2609 igitur
1159 2571 1238 2600 hunc
1254 2570 1341 2601 modo
1353 2571 1404 2601 tibi
1417 2571 1565 2610 junctum,
1578 2574 1736 2609 tecumque
1753 2577 1876 2599 versan-

1054 2618 1127 2651 tem,
1144 2615 1194 2654 qui
1209 2624 1299 2654 super
1314 2624 1417 2645 omnes
1432 2615 1522 2645 caelos
1541 2614 1677 2645 est.Ecce
1694 2613 1752 2643 duo
1768 2622 1819 2643 vos
1834 2612 1876 2642 si-

1054 2659 1116 2689 mul
1130 2659 1276 2689 inceditis.
1296 2658 1434 2690 Occurrit
1448 2658 1595 2700 quispiam
1611 2658 1694 2688 vobis
1708 2657 1738 2687 in
1755 2657 1875 2694 itinere,

1057 2703 1200 2744 deditque
1216 2704 1341 2734 Domino
1356 2704 1467 2744 alapas,
1483 2704 1567 2735 dedit
1579 2703 1719 2734 similiter
1732 2702 1796 2733 tibi.
1814 2702 1877 2732 Do-

1056 2747 1156 2779 minus
1173 2757 1231 2779 non
1247 2748 1480 2789 contradicit,“
1504 2753 1534 2778 tu
1555 2752 1657 2779 contra
1683 2746 1797 2777 irruis?
1813 2746 1876 2777 Imo

816 2831 847 2856 47
861 2830 919 2863 Isa.
936 2840 1019 2870 xxvr,
1036 2832 1087 2864 10.
1129 2833 1160 2858 48
1176 2833 1303 2874 Philipp.
1323 2842 1354 2869 ιι,
1370 2834 1402 2864 7.
