4160 6414
367 337 495 402 479

1670 329 2043 397 ΒΥΜΕΟΝΙΒ
2079 329 2426 397 JUNIORIS

3641 334 3762 398 480

375 472 490 552 ais,
514 471 660 534 dixit
679 470 840 534 enim
866 469 1032 532 danti
1058 468 1172 531 sibi
1195 470 1427 550 alapam
1457 489 1469 527 :
1495 469 1567 530 Si
1593 470 1757 530 male
1781 469 2013 531 loeutus
2034 491 2075 528 A
2097 483 2324 542 cemus,
2357 464 2462 527 sed
2489 465 2621 528 sine
2655 465 3077 528 communione
3108 485 3476 531 maneamus.
3510 466 3613 530 His
3645 486 3755 548 ego

374 579 534 642 sum,
551 559 958 624 testimonium
969 559 1224 638 perhibe
1245 557 1318 620 de
1338 557 1494 620 malo
1521 579 1534 620 :
1555 558 1609 620 si
1625 565 1830 620 autem
1851 557 2018 632 bene,

379 651 530 732 quid
551 663 645 713 me
665 649 846 712 caedis
873 648 970 711 ‘9?
990 647 1115 710 Hoc
1146 646 1247 710 ille
1273 666 1391 710 non
1424 646 1695 730 protulit,
1727 655 1794 712 ut
1817 654 2024 709 contra

377 739 630 814 diceret,
661 737 820 820 quod
851 745 910 799 tu
943 737 1268 813 existimas;
1303 735 1405 800 sed
1439 735 1716 816 quoniam
1743 738 1865 816 ipse
1887 755 2021 799 om-

377 831 529 891 nino
543 835 849 909 peccatum
870 826 1107 889 nullum
1127 828 1290 908 fecit,
1304 843 1414 889 nec
1430 827 1716 890 inventus
1735 834 1826 888 est
1849 827 2023 889 dolus

380 918 448 979 in
469 935 572 979 ore
602 919 734 995 ejus
753 917 838 978 50.
869 918 1166 989 Preterea,
1200 933 1298 990 ne,
1327 913 1430 996 qui
1459 914 1691 976 dixerat
1726 935 1738 974 :
1768 917 1872 976 Sic
1893 933 2021 977 res-

377 1007 606 1089 pondes
659 1004 972 1086 pontiﬁci?
993 1005 1156 1084 juste
1209 1022 1370 1079 cum,
1422 1010 1487 1065 ut
1538 1003 1639 1084 qui
1693 1011 2020 1084 peccasset,

2104 554 2286 617 miser
2307 562 2367 618 et
2387 554 2590 618 infelix
2623 555 2871 630 auditis,
2896 574 3162 618 seorsum
3198 575 3269 618 ea
3298 575 3532 619 mecum
3565 558 3758 620 revol—

2101 663 2246 707 vens
2277 654 2334 706 et
2363 644 2611 724 indigne
2642 644 2867 726 ferens,
2889 644 3107 708 acerbe
3131 645 3266 706 flevi
3295 645 3356 706 in
3387 645 3593 708 dolore
3615 665 3753 708 cor-

2103 733 2196 795 dis
2215 732 2354 808 mei,
2377 733 2457 794 ita
2475 732 2632 814 apud
2658 733 2927 795 animum
2953 735 3584 813 memetinterrogans:
3601 735 3754 798 Num

2103 841 2309 884 revera
2337 823 2398 884 in
2432 823 2546 884 hoc
2583 823 2821 899 negotio
2871 823 2921 884 si
2973 823 3169 885 affecti
3198 831 3358 900 sunt,
3394 833 3454 888 et
3496 825 3577 887 ita
3605 844 3751 886 sen-

2106 912 2259 974 tiunt
2289 923 2350 973 ut
2392 911 2569 974 verba
2620 920 2857 992 sonant,
2899 913 3178 994 serioque
3224 913 3596 994 impossibile
3640 915 3756 976 hoc

2105 1009 2452 1081 reputantes
2495 1000 2795 1082 dixerunt,
2828 1020 2958 1082 quae
2987 999 3290 1063 dixerunt?
3319 1021 3392 1063 an
3423 1003 3617 1084 potius
3638 1021 3758 1064 non

385 1094 752 1176 percussisse
784 1102 1112 1174 putaretur,
1137 1091 1361 1154 idcirco
1392 1110 1457 1154 se
1485 1091 1789 1154 innoxium
1821 1094 2025 1157 volens
2107 1109 2346 1172 parvum
2379 1107 2447 1152 ac
2474 1090 2646 1152 facile
2676 1089 2976 1170 quoddam
3005 1091 3264 1152 ofﬁcium
3316 1092 3450 1164 rati,
3487 1100 3756 1174 tempore

385 1183 720 1262 declarare,
754 1183 841 1244 sic
867 1182 1098 1244 locutus
1123 1189 1231 1242 est.
1265 1179 1483 1243 Verum
1511 1201 1642 1257 nos,
1681 1182 1881 1244 multis
1910 1182 2022 1244 ob-
2105 1178 2545 1240 communionis
2568 1179 2902 1261 lacrytnari,
2937 1178 3062 1239 solo
3085 1179 3265 1240 verbo
3296 1178 3356 1240 id
3392 1180 3756 1242 irriserunt?

387 1273 579 1335 stricti
623 1271 994 1352 criminibus,
1027 1271 1370 1349 longissime
1421 1270 1493 1333 ab
1542 1272 1655 1334 ista
1683 1271 2029 1336 innocentia
2112 1266 2288 1342 Sane,
2325 1267 2442 1330 nisi
2474 1268 2607 1349 quis
2636 1267 2876 1330 assiduo
2903 1267 3117 1330 diebus
3159 1277 3216 1329 et
3248 1268 3524 1332 noctibus
3557 1289 3756 1332 coram

385 1361 694 1426 distamus.
722 1362 870 1424 Nam
906 1367 1110 1439 postea
1139 1361 1450 1433 Dominus,
1485 1378 1620 1423 cum
1653 1361 1834 1422 multa
1865 1361 2024 1422 indi-
2113 1355 2346 1420 Cbristo
2369 1360 2492 1421 Deo
2523 1356 2584 1418 in
2607 1358 2752 1420 fletu
2784 1364 3110 1437 occupatus
3130 1358 3226 1432 sit,
3253 1375 3365 1419 nec
3395 1377 3528 1419 cum
3560 1358 3762 1420 divina

384 1450 594 1530 gniora
644 1449 794 1512 istoc
835 1448 1189 1529 excepisset,
1225 1448 1454 1510 nullum
1507 1448 1742 1530 penitus
1785 1449 2029 1512 verbum
2115 1445 2467 1526 participare
2509 1445 2787 1518 voluerit,
2820 1446 3360 1528 quomodocuuque
3399 1446 3626 1527 lugere,
3660 1457 3762 1510 aut

387 1539 575 1602 edidit
605 1537 784 1619 :quin
817 1536 1020 1610 etiam,
1043 1537 1201 1618 quod
1233 1543 1483 1611 constat,
1519 1556 1624 1619 pro
1656 1539 2030 1601 crucifixori-
2115 1534 2427 1614 lacrymari
2457 1535 2713 1614 ﬂetuque
2745 1535 3076 1597 secundum
3105 1535 3289 1597 Deutn
3328 1536 3557 1598 stillare
3588 1545 3761 1618 pote-

389 1628 502 1690 bus
524 1627 728 1690 oravit.
757 1626 861 1689 Ille
879 1626 1088 1688 irrisus
1107 1645 1224 1687 non
1247 1625 1608 1706 indignatur,
1629 1637 1687 1689 et
1705 1635 1762 1690 tu
1785 1629 2034 1692 moleste
2114 1622 2333 1696 τίιΩιιί
2354 1622 2547 1684 enim?
2567 1623 2681 1686 nisi
2698 1624 2846 1686 forte
2869 1631 3100 1686 Secreta
3121 1624 3374 1706 quadam
3404 1628 3758 1702 (Economia,

388 1716 556 1779 fers?
585 1715 690 1779 Ille
720 1725 917 1796 sputa,
950 1715 1259 1796 calophos,
1311 1715 1540 1794 flagella
1583 1717 1798 1797 patitur
1827 1735 1842 1791 ;
1877 1725 1932 1778 et
1973 1726 2033 1780 tu
2115 1722 2218 1776 aut
2246 1720 2484 1788 eventu,
2511 1731 2579 1774 ex
2604 1732 2785 1776 causa
2813 1714 3010 1794 aliqua
3031 1731 3165 1774 raro
3187 1713 3245 1774 id
3271 1715 3529 1794 contigat
3556 1716 3756 1791 alicui,

391 1825 467 1867 ne
499 1803 744 1866 verbum
788 1802 1029 1883 quidem
1077 1820 1356 1882 asperum
1405 1802 1613 1864 audire
1674 1806 1880 1883 potes?
1929 1803 2033 1866 Ille
2056 1817 2094 1866 B
2117 1801 2273 1881 quod
2307 1801 2451 1862 mihi
2479 1801 2692 1862 mirum
2727 1803 3117 1878 nonvidetur,
3143 1803 3378 1883 quando
3394 1803 3562 1864 multi
3583 1804 3760 1867 etiam

396 1912 659 1967 crucem,
689 1901 747 1954 et
777 1901 1026 1954 mortem
1058 1891 1536 1970 ignominiosam,
1569 1899 1628 1953 et
1657 1891 1892 1955 dolores
1921 1893 2031 1954 cla-

395 2000 603 2044 vorum
634 1980 874 2061 excipit,
928 1989 988 2041 et
1033 1988 1093 2040 tu
1143 1979 1477 2042 ministeria
1517 1980 1840 2060 abjectiora
1869 1982 2038 2045 obire

393 2069 663 2147 refugis?
687 2069 758 2132 Et
785 2069 1029 2150 quinam
1061 2069 1192 2148 ejus
1212 2068 1415 2148 glorim
1437 2088 1680 2132 consors
1710 2072 1851 2144 eris,
1868 2071 2038 2150 cujus

399 2160 606 2224 mortis
641 2177 888 2222 consors
920 2158 1046 2220 ﬁeri
1077 2157 1337 2219 abnuis?
1369 2161 1526 2221 Sane
1573 2159 1790 2221 frustra
1819 2160 2038 2221 divitiis

396 2259 451 2314 te
485 2249 793 2321 abdicasti,
844 2265 1082 2309 crucem
1113 2255 1178 2308 ut
1206 2246 1307 2308 ille
1330 2247 1508 2327 jussit
1536 2248 1597 2308 in
1629 2249 1871 2310 veritate
1922 2250 2038 2311 tol-

396 2343 519 2402 lere
538 2340 746 2402 nolens
772 2359 785 2400 :
818 2336 1018 2401 Vende
1037 2355 1172 2418 quae
1193 2337 1393 2402 habes.
1415 2345 1468 2400 et
1491 2337 2040 2418 (Iapauperibus,et

395 2429 534 2493 tolle
555 2445 787 2492 crucem
809 2434 997 2500 tuam,
1023 2434 1080 2486 et
1096 2442 1344 2504 sequere
1362 2444 1458 2488 me
1478 2427 1551 2501 51,
1587 2426 2039 2502 adolescmti,et

403 2518 575 2580 nobis
602 2537 736 2579 cum
765 2517 894 2597 ipso
927 2514 1191 2579 Christus
1219 2515 1523 2596 praecepit.
1557 2516 1634 2578 At
1664 2525 1721 2577 tu
1752 2517 2040 2578 facultati-

397 2607 505 2670 bus
548 2605 903 2682 distributis,
965 2621 1203 2666 crucem
1263 2611 1461 2664 tamen
1507 2604 1758 2666 horrens
1804 2606 2033 2680 tollere,

393 2705 458 2760 ut
489 2695 746 2758 diximus
783 2693 962 2775 (quod
994 2692 1138 2754 nihil
1172 2691 1330 2752 aliud
1387 2700 1498 2763 est,
1550 2711 1723 2772 quam
1769 2695 2034 2754 omnium

394 2786 786 2848 tentationum
827 2783 1281 2862 impressionem
1319 2781 1496 2843 hilari
1546 2781 1742 2843 animo
1775 2783 2034 2845 sustine-

394 2893 462 2936 re
493 2892 560 2934 ac
595 2871 844 2952 perpeti)
871 2870 931 2930 in
963 2870 1050 2930 via
1083 2870 1260 2949 hujus
1291 2870 1420 2932 vita:
1447 2870 1716 2945 relictus,
1750 2879 1807 2932 et
1835 2891 1868 2932 a
1899 2871 2034 2935 dul-

2117 1890 2178 1950 in
2223 1889 2382 1952 exitu
2427 1890 2642 1952 animae
2689 1909 2720 1952 e
2771 1909 3023 1970 corpore
3078 1890 3500 1971 lacrymarunt.
3533 1891 3764 1973 Opinor

2117 1986 2313 2040 autem
2345 1978 2443 2040 hic
2468 1997 2586 2040 non
2621 1979 2810 2052 multi,
2837 1979 2941 2041 sed
2972 1979 3143 2060 pauci
3173 1980 3518 2056 admodum,
3549 1991 3760 2062 etquo-

2117 2084 2250 2128 rum
2283 2085 2567 2129 numerus
2607 2067 2747 2128 iniri
2793 2067 2965 2129 facile
2995 2079 3196 2148 queat.
3241 2067 3406 2140 Quod
3437 2070 3487 2129 si
3520 2089 3762 2150 prorsus

2119 2154 2249 2217 fieri
2281 2175 2398 2217 non
2433 2174 2605 2236 posse
2634 2156 2997 2231 existimant,
3049 2164 3108 2216 ut
3157 2156 3290 2237 quis
3320 2176 3451 2218 cum
3489 2159 3763 2240 lacrymis

2121 2245 2181 2305 in
2222 2245 2351 2306 dies
2381 2245 2697 2326 participet
2728 2245 2923 2307 divina
2958 2245 3262 2326 mysteria,
3300 2248 3446 2325 proh
3479 2247 3763 2326 ignoran-

2124 2334 2286 2409 tiam,
2313 2334 2669 2408 socordiam,
2707 2342 2766 2396 et
2790 2334 3115 2396 czecitatem
3147 2334 3259 2395 ista
3289 2335 3680 2414 loquentium.
3702 2339 3768 2400 Si

2123 2424 2284 2486 enim
2315 2425 2543 2506 seipsos
2567 2424 2962 2504 judicassent,
2992 2443 3114 2486 non
3139 2444 3171 2486 e
3201 2424 3324 2486 suis
3359 2427 3618 2506 ipsorum
3644 2446 3768 2490 ser-

2123 2512 2400 2576 monibus
2448 2513 2885 2593 judicarentur.
2919 2513 2977 2576 Si
3021 2514 3386 2595 poenitentiae
3433 2516 3766 2594 studerent,

2123 2621 2242 2663 non
2274 2603 2385 2664 hoc
2417 2623 2524 2684 pro
2546 2603 2901 2684 impossibili
2929 2605 3338 2666 effutivissent.
3365 2603 3428 2666 Si
3446 2604 3768 2669 fructuosis

2120 2699 2398 2752 vacarent
2443 2692 2746 2770 operibus,
2805 2693 2935 2754 talis
2985 2693 3126 2754 boni
3175 2701 3350 2754 tantae
3393 2691 3767 2758 liberalitatis

2121 2781 2338 2843 Christi
2369 2791 2602 2860 gustum
2634 2783 2890 2863 aliquem
2934 2783 3244 2846 haberent.
3279 2782 3341 2846 Si
3385 2793 3543 2846 esset
3583 2788 3640 2846 in
3694 2786 3768 2847 iis

2123 2869 2300 2930 timor
2330 2870 2459 2947 Dei,
2496 2889 2612 2935 non
2656 2873 2846 2934 solum
2905 2880 3172 2953 tempore
3203 2873 3638 2935 communionis
3669 2875 3763 2935 di-

395 2962 552 3024 cimo
583 2961 834 3023 Domino
867 2967 964 3021 tuo
988 2959 1253 3022 divulsus
1293 2979 1378 3022 es.
1433 2959 1574 3033 Sed,
1608 2959 1892 3033 obtestor,
1929 2980 2035 3040 pa-
2121 2959 2395 3020 vinorum
2430 2961 2850 3038 mjsteriorum
2885 2962 3088 3042 lugere
3120 2961 3488 3042 quempiam,
3523 2981 3589 3024 ac
3620 2964 3765 3024 flere

400 3060 521 3114 tres
560 3069 632 3112 ac
680 3047 910 3122 fratres,
955 3049 1155 3110 omnia
1185 3048 1402 3112 Christi
1435 3050 1708 3111 mandata
1734 3051 2036 3112 custodia-
2055 3065 2096 3114 C
2125 3067 2297 3129 posse
2311 3057 2753 3124 attestarentur,
2780 3053 2885 3114 sed
2904 3059 2962 3113 et
2985 3052 3148 3113 omni
3170 3053 3315 3113 hora
3341 3051 3764 3130 pOpemodum.

399 3159 551 3214 mus,
583 3139 922 3200 adorientes
950 3156 1057 3198 nos
1091 3138 1444 3200 tentationes
1477 3157 1660 3218 usque
1683 3138 1752 3198 ad
1789 3147 2038 3201 mortem
2124 3136 2416 3211 Quocirca
2439 3147 2495 3201 et
2518 3149 2771 3202 vestram
2798 3141 3148 3203 charitatem
3169 3141 3244 3203 de
3261 3143 3371 3203 hoc
3394 3142 3617 3204 certius
3639 3161 3770 3203 eru-

398 3229 568 3310 regni
589 3227 849 3291 caalestis
872 3245 1074 3289 amore
1105 3229 1478 3301 suﬂ'eramus,
1506 3237 1648 3289 utet
1680 3228 1880 3307 gloria:
1899 3227 2042 3290 Jesu

397 3318 568 3393 socii,
601 3328 660 3378 et
703 3324 936 3378 aeternae
965 3316 1094 3376 vitae
1125 3324 1457 3396 compotes,
1491 3324 1550 3377 et
1581 3316 1871 3378 bonorum
1902 3316 2043 3398 qui-

397 3407 509 3470 bus
542 3407 700 3469 nulla
729 3424 833 3487 par
862 3414 952 3467 est
981 3405 1192 3481 oratio,
1223 3406 1494 3468 haeredes
1531 3407 1875 3482 evademus,
1903 3426 2038 3486 gra-

396 3497 500 3568 tia,
541 3503 600 3558 et
636 3494 998 3573 benignitate
1040 3495 1233 3572 magni
1268 3496 1382 3556 Dei
1412 3514 1480 3556 ac
1513 3496 1820 3557 salvatoris
1855 3495 2041 3556 nostri

395 3585 536 3649 Iesu
558 3583 799 3654 Christi,
824 3602 959 3644 cum
997 3603 1112 3662 quo
1139 3583 1288 3644 Patri
1313 3584 1516 3662 gloria,
1552 3583 1892 3665 imperium,
1931 3586 2042 3646 lto-

399 3692 534 3749 nor,
567 3692 703 3735 cum
753 3681 958 3733 sancto
1004 3671 1247 3751 Spiritu,
1301 3691 1458 3735 nunc
1507 3681 1566 3735 et
1605 3692 1865 3754 semper,
1902 3674 2044 3736 etin

400 3781 638 3824 omnem
677 3759 1092 3824 aeternitatem.
1129 3766 1341 3822 Amen.

936 3861 1214 3927 ORATIO
1255 3863 1486 3926 XXXII.

1011 3973 1426 4022 ARGUMENTUM.

402 4051 492 4114 De
515 4052 867 4132 paenitentia
889 4058 946 4114 et
968 4053 1438 4132 compunctione,
1465 4057 1518 4112 et
1543 4053 1758 4132 quibus
1781 4052 2041 4112 actioni-

485 4132 592 4194 bus
638 4150 710 4194 ea
743 4131 1278 4212 patiamur-[Sine
1331 4131 1627 4208 lacrymis
1668 4131 1749 4192 ad
1793 4149 2040 4212 purum,

484 4211 878 4290 tranquillum
918 4214 1115 4275 animi
1155 4217 1377 4274 statum
1431 4217 1736 4274 neminem
1775 4211 2043 4290 unquam

479 4299 912 4372 perventurum
924 4341 938 4355 .

481 4397 773 4471 Quoniam
798 4397 1002 4460 Patres
1030 4417 1098 4460 ac
1126 4398 1357 4470 fratres,
1392 4401 1583 4462 sancti
1634 4398 1821 4460 Patris
1855 4397 2044 4459 nostri

403 4486 651 4551 Studitac
703 4487 902 4548 divina
946 4487 1286 4550 sublimium
1321 4489 1448 4568 ejus
1479 4489 1775 4549 actionum
1829 4506 2041 4548 monu-

407 4585 605 4638 menta
636 4575 806 4638 nobis
854 4577 1008 4639 lecta
1034 4587 1193 4652 sunt,
1250 4597 1380 4658 qua:
1408 4578 1508 4639 ille
1548 4576 1777 4639 cmlesti
1823 4575 2045 4656 Spiritu

403 4665 739 4739 instinctus,
766 4665 838 4726 ad
865 4666 1182 4727 multorum
1208 4667 1521 4728 utilitatem
1546 4665 1885 4746 publicavit,
1909 4683 2042 4725 cum

407 4754 542 4816 aliis
583 4755 850 4834 ejusdem
881 4775 1060 4836 supra
1094 4756 1335 4818 modum
1367 4758 1602 4837 egregie
1637 4756 1828 4830 factis,
1871 4753 2045 4816 etiam

407 4844 542 4918 hoc,
569 4843 648 4905 ita
682 4861 986 4924 expresse,
1021 4845 1175 4906 sicut
1203 4845 1263 4906 in
1287 4847 1449 4906 omni
1481 4846 1596 4906 vita
1629 4865 1729 4906 sui
1765 4852 2046 4905 constan-

406 4939 496 4995 ter
543 4932 907 5008 obscrvarat,
950 4933 1206 5016 scripsit,
1259 4935 1317 4995 in
1372 4937 1497 4996 haec
1533 4935 1711 4996 verba
1746 4951 1758 4994 :
1798 4932 2043 5005 Flﬂit’t‘,

406 5021 627 5099 absque
658 5023 1079 5102 lacrymisnmt
1098 5025 1553 5086 communicabit
1587 5041 1848 5099 unquam
1879 5021 2043 5094 Quod

407 5109 510 5170 ubi
539 5110 990 5191 attdierunt'qui
1017 5112 1267 5173 aderant
1310 5112 1579 5190 (aderant
1622 5121 1817 5174 autem
1849 5107 2043 5182 multi,

409 5219 527 5260 non
561 5198 694 5259 laici
728 5199 927 5274 modo,
963 5219 1166 5261 verum
1198 5207 1372 5262 etiam
1416 5201 1491 5263 ob
1534 5201 1812 5263 vittutem
1849 5197 2050 5275 magni

412 5287 690 5367 nominis,
727 5297 784 5348 et
814 5287 982 5350 fama}
1024 5289 1325 5366 monachi)
1375 5291 1568 5352 mirati
1617 5297 1754 5351 sunt
1801 5289 2046 5360 dictum,

2124 3228 2254 3289 dire
2301 3229 2528 3300 volens,
2564 3237 2621 3291 et
2653 3229 2786 3291 illos
2815 3233 2916 3308 qui
2950 3230 3029 3292 ita
3061 3230 3245 3292 locuti
3294 3250 3429 3311 sun,
3487 3241 3766 3312 tanquam

2127 3326 2448 3397 praesentes
2493 3319 2880 3400 compellans,
2918 3320 3386 3401 percuntandum
3419 3325 3618 3382 statui.
3661 3321 3768 3384 Di-

2127 3405 2241 3467 cite
2273 3406 2442 3481 mihi,
2467 3406 2604 3468 boni
2628 3408 2759 3484 viri,
2781 3427 2886 3470 cur
2907 3411 3019 3471 hoc
3051 3410 3177 3471 fieri
3203 3410 3463 3489 nequit?
3488 3410 3649 3491 quia,
3681 3410 3768 3471 in-

2127 3495 2357 3574 quiunt,
2393 3495 2496 3558 alii
2527 3496 2769 3576 quidem
2805 3498 3083 3578 propensi
3133 3517 3204 3559 ac
3245 3498 3448 3560 faciles
3489 3499 3562 3560 ad
3597 3518 3765 3560 com-

2129 3585 2510 3664 punctionem
2538 3595 2696 3660 sunt,
2725 3586 2825 3647 alii
2856 3587 3027 3667 duro,
3060 3587 3157 3648 slii
3187 3587 3420 3666 lapideo
3450 3587 3770 3668 corde,qui

2128 3672 2303 3734 etiam
2352 3674 2556 3753 puncti
2601 3693 2717 3736 non
2763 3684 3266 3756 compunguntur.
3328 3677 3438 3749 Qui
3471 3676 3650 3755 igitur
3687 3677 3770 3740 ita

2126 3769 2262 3822 sunt
2287 3763 2660 3842 comparati?
2701 3764 2800 3844 qui
2823 3766 2969 3826 flere
2993 3773 3049 3825 et
3070 3766 3296 3845 lugere,
3324 3773 3381 3825 et
3411 3784 3542 3826 cum
3578 3765 3758 3844 lacry-

2126 3849 2238 3911 mis
2267 3867 2508 3929 semper
2545 3854 2991 3914 communicare
3031 3854 3353 3933 poterunt?
3385 3853 3539 3925 Quin
3570 3861 3628 3914 et
3656 3853 3772 3934 ipsi

2124 3940 2503 4016 sacerdotes,
2564 3940 2664 4020 qui
2717 3939 2920 4002 divino
2977 3941 3418 4021 incruentaque
3476 3942 3769 4003 sacrificio

2125 4035 2472 4108 operantur,
2498 4030 2794 4108 quomodo
2819 4030 3108 4111 lacrymas
3128 4031 3407 4092 fundent?
3430 4029 3629 4110 Ipsum
3653 4030 3767 4109 igi-

2126 4124 2220 4177 tur
2237 4117 2369 4191 hoc,
2397 4136 2527 4179 esse
2549 4118 2751 4192 duros,
2783 4127 2844 4180 ut
2873 4120 3122 4190 dixistis,
3145 4127 3205 4181 et
3233 4121 3305 4181 ad
3347 4119 3766 4199 compunctio-

2127 4223 2262 4266 nem
2289 4205 2531 4268 difficile
2559 4207 2892 4287 permoveri
2923 4208 3082 4270 unde
3104 4209 3248 4289 ipsis
3269 4207 3533 4271 accidit?
3564 4207 3767 4283 dicite,

2069 4295 2176 4368 Dsi
2211 4295 2418 4355 nostis.
2455 4295 2518 4356 Si
2539 4295 2842 4376 ignoratis,
2870 4296 3173 4377 paululum
3219 4295 3635 4360 celsitudinem
3665 4315 3769 4358 ve-

2127 4390 2313 4445 stram
2372 4383 2517 4444 citra
2570 4386 2928 4446 verecundia
2976 4385 3422 4466 submittentes,
3459 4393 3518 4448 et
3563 4403 3767 4447 aurem

2129 4471 2412 4534 benevole
2443 4472 2821 4550 inclinantes,
2848 4494 2922 4536 ne
2943 4494 3012 4536 ex
3039 4495 3132 4537 me
3153 4475 3358 4537 infimo
3381 4475 3614 4537 discere
3631 4493 3770 4552 gra-

2129 4561 2368 4622 vemini.
2423 4561 2721 4644 Scriptum
2755 4572 2844 4626 est
2871 4567 3031 4627 enim
3066 4586 3079 4628 :
3113 4564 3187 4628 Si
3212 4573 3421 4627 autem
3469 4569 3770 4645 postremo

2129 4650 2456 4713 revelatum
2483 4659 2594 4733 est,
2627 4655 2870 4733 primus
2897 4654 3070 4717 sileat
3099 4654 3182 4714 52.

2210 4738 2381 4802 Unde
2435 4739 2634 4819 igitur,
2679 4741 2898 4824 inquis,
2967 4745 3062 4806 hic
3111 4743 3352 4824 quidem
3405 4743 3611 4816 durus,
3674 4741 3773 4804 hic

2129 4840 2322 4893 autem
2351 4830 2424 4893 ad
2456 4832 2976 4911 compunctionem
3017 4832 3258 4895 mollis?
3289 4831 3463 4893 Audi.
3508 4829 3587 4891 Ex
3629 4849 3772 4910 pro-

2132 4919 2342 5000 positio
2366 4920 2738 4982 etvoluntate
2771 4939 2920 4982 unus
2952 4919 3282 4996 bona,altcr
3306 4921 3480 5000 mala,
3503 4929 3561 4981 et
3587 4938 3656 4980 ex
3680 4938 3776 4981 co-

2130 5009 2510 5089 gitationibus
2535 5009 2631 5070 hic
2651 5008 2892 5088 quidem
2919 5009 3134 5090 pravis,
3153 5009 3307 5070 alius
3338 5027 3476 5070 vero
3499 5008 3776 5069 aliusmo-

2133 5098 2190 5159 di
2218 5115 2231 5160 :
2267 5107 2324 5158 et
2345 5118 2413 5160 ex
2437 5096 2791 5170 actionibus,
2819 5097 2911 5158 hic
2934 5097 3173 5178 quidem
3211 5097 3394 5158 divini
3426 5097 3645 5158 amoris
3670 5096 3769 5156 in-

2133 5187 2388 5261 dicibus,
2421 5187 2522 5248 ille
2544 5205 2678 5248 vero
2699 5188 3033 5248 contrariis.
3068 5189 3156 5249 Ac
3179 5186 3228 5248 si
3252 5187 3463 5267 placat,
3497 5183 3776 5245 conside-

2138 5296 2224 5351 ra,
2247 5283 2304 5336 et
2324 5274 2550 5336 videbis
2589 5293 2800 5336 omnes
2838 5274 3378 5356 indeaprimordio
3416 5271 3775 5332 saeculorum

411 5385 468 5435 et
500 5360 766 5436 mutuum
790 5377 1166 5458 aspicientes,
1185 5398 1252 5440 ac
1274 5360 1650 5441 subridentes
1681 5378 1921 5459 pariter,
1940 5395 2054 5436 una
2139 5385 2246 5459 per
2267 5366 2393 5459 sola
2410 5379 2465 5427 el
2490 5365 2599 5426 tria
2621 5365 2829 5459 partim
2857 5365 3072 5428 multos
3093 5383 3162 5459 ex
3185 5363 3361 5459 bon'_s_
3392 5360 3598 5435 malos,
3635 5376 3773 5459 par-

412 5481 552 5526 voce
585 5465 878 5542 dixerunt,
907 5467 980 5530 de
1011 5475 1224 5530 caetero
1258 5488 1363 5530 nos
1393 5488 1692 5550 nunquam
1726 5464 2051 5530 communi-

493 5641 754 5707 491mm.
788 5661 950 5721 xvm,
984 5644 1084 5709 23.
1169 5647 1232 5698 50
1260 5645 1283 5708 Ι
1316 5645 1565 5716 Petr._u.
1599 5647 1699 5710 ‘29.

1786 5645 1835 5688 51
1871 5642 2068 5706 Matth.
2101 5656 2219 5711 xtx,
2255 5636 2348 5698 1‘2.

2139 5458 2245 5520 tim
2269 5456 2483 5517 multos
2508 5474 2577 5516 ex
2597 5455 2763 5516 malis
2792 5455 2948 5516 bono
2974 5453 3288 5515 exstitisse.
3314 5453 3458 5515 Nati.
3488 5459 3598 5512 uta
3619 5449 3775 5530 prin-

2433 5637 2497 5686 52
2525 5633 2547 5696 Ι
2577 5633 2710 5697 Cor.
2748 5649 2868 5707 xw,
2898 5630 2998 5693 30.
