4160 6396
369 340 484 406 481

1772 355 2056 420 ORATIO
2097 356 2351 422 XXXII.

3643 371 3762 437 482

365 474 523 556 cipio
557 493 663 538 eos
694 494 1144 577 enumeremus,
1183 481 1440 544 Luciferi
1461 501 1632 546 casus
1653 487 1813 551 unde
1836 491 2015 552 exsti-
2037 496 2080 544 Α
2102 485 2466 569 imperatur:
2495 490 2598 554 sed
2633 499 2909 573 prompte
2940 502 3230 574 praestans
3259 496 3515 582 singula,
3552 509 3754 581 postre

372 565 494 626 tit?
526 566 894 658 nonnequia
921 568 1231 644 voluntati,
1267 579 1328 631 et
1357 573 1704 652 cogitationi
1735 596 2032 658 perversae

373 654 678 719 assensit?
707 654 879 718 Unde
927 657 1070 720 Cain
1127 658 1480 723 fratricida?
1526 654 1824 729 nonne-ex
1856 688 2034 750 prava

375 744 710 819 voluntate,
747 765 882 806 cum
913 764 978 808 se
1019 749 1324 811 Conditori
1368 753 1745 831 praztulisset,
1776 765 1834 818 et
1856 744 2032 838 cogi-

377 834 704 895 tationibus
750 834 1044 915 improbis
1103 838 1300 900 locum
1357 841 1739 924 reliquisset,
1797 834 2036 912 invidiae

378 923 747 1012 mancipium
799 927 1006 1001 evasit,
1058 927 1400 1010 caedemque
1438 934 1839 1012 perpetravit?
1868 936 2036 1001 Unde

377 1009 518 1073 Saul
546 1016 852 1092 quaerebat
882 1014 1167 1077 Davidem
1202 1009 1737 1100 comprehendere,
1781 1033 1840 1086 et
1870 1027 2033 1090 occi-

379 1100 548 1176 dere,
581 1121 764 1182 quem
798 1103 960 1196 prius
990 1106 1194 1186 quanti
1226 1109 1492 1189 seipsum
1534 1111 1806 1196 faciebat,
1844 1116 2033 1196 pluri-

385 1209 688 1271 mumque,
715 1201 778 1252 ut
810 1192 963 1255 bene
995 1205 1353 1272 merentem,
1381 1200 1708 1280 diligebat?
1734 1192 1802 1265 ei
1828 1192 2036 1270 natura

391 1297 466 1338 an
499 1298 565 1340 ex
595 1291 876 1362 corrupta
902 1284 1244 1348 voluntate?
1275 1287 1518 1367 planum
1552 1316 1562 1345 ι
1589 1299 1666 1368 st,
1703 1311 1773 1353 ex
1798 1295 2029 1372 vitiosa,

393 1381 449 1432 et
481 1372 793 1453 depravata
823 1377 1143 1440 voluntate.
1169 1378 1389 1442 Natura
1412 1383 1571 1444 enim
1599 1404 1773 1447 nemo
1805 1395 1896 1448 est
1918 1408 2034 1450 ma-

386 1461 501 1541 lus,
523 1465 802 1542 quoniam
838 1465 995 1528 Deus
1028 1487 1145 1530 non
1173 1471 1487 1545 malorum,
1513 1474 1616 1536 sed
1642 1477 1810 1539 valde
1841 1478 2032 1540 lieno-

381 1566 514 1608 rum
539 1569 788 1642 operum
811 1562 1032 1630 auctor,
1064 1565 1121 1616 et
1144 1558 1391 1620 effector
1408 1569 1517 1624 est.
1554 1560 1677 1624 Imo
1705 1567 1901 1642 potius
1933 1567 2034 1628 bo-

383 1657 498 1733 nus
529 1650 623 1701 est
653 1641 930 1722 quisque,
970 1644 1150 1725 idque
1203 1667 1319 1708 non
1367 1651 1555 1712 ascitu
1602 1663 1660 1714 et
1708 1641 2032 1733 electione,

2113 596 2274 638 mum
2304 596 2546 661 semper
2576 581 2770 644 locum
2795 601 3088 664 quaerens,
3115 593 3174 646 et
3196 594 3258 647 ut
3291 581 3630 651 summatim
3661 591 3759 653 di-

2112 684 2266 748 cam,
2311 667 2586 730 universa
2637 672 2900 734 scienter
2955 673 3242 750 efficiens,
3299 695 3431 756 qua:
3478 697 3511 739 a
3543 679 3760 742 divinis

2113 755 2437 835 Scripturis
2465 757 2772 839 docemur,
2802 760 3236 841 praeteritorum
3261 755 3642 844 peccatorum
3666 787 3762 830 ve-

2118 845 2298 921 niam,
2329 853 2386 907 et
2416 847 2890 928 misericordiam
2920 851 3193 933 adeptus,
3229 871 3436 915 corum
3470 854 3590 918 Deo
3615 857 3763 919 fidu-

2117 935 2269 995 ciam
2300 934 2604 998 inveniat?
2647 936 2754 1009 Qui
2777 948 2988 1017 ,autem
3041 941 3243 1002 omnia
3286 941 3382 1004 his
3437 945 3756 1022 contraria,

2117 1023 2563 1087 malavidelicet
2593 1027 2746 1088 mala
2787 1028 2975 1091 animi
3019 1029 3371 1093 inductione
3417 1033 3757 1108 committit,

2118 1121 2315 1175 manet
2344 1113 2674 1195 improbus,
2699 1116 2758 1178 id
2790 1117 2949 1198 quod
2983 1119 3163 1181 etiam
3183 1127 3319 1182 ante
3347 1123 3761 1185 renunciatioa

2118 1220 2254 1262 nem
2290 1213 2414 1265 erat
2450 1225 2462 1264 :
2499 1213 2560 1266 ut
2601 1224 2675 1267 ne
2715 1205 2930 1284 dicam,
2967 1208 3144 1270 etiam
3175 1208 3432 1288 imprior
3462 1211 3543 1290 ﬁt,
3580 1231 3756 1292 quam

2118 1301 2264 1353 erat.
2318 1295 2405 1355 Ita
2464 1313 2580 1355 non
2630 1313 2699 1358 ex
2752 1304 2982 1378 natura,
3017 1306 3082 1358 ut
3124 1298 3363 1378 quidam
3413 1299 3760 1379 opinantur,

2117 1381 2222 1441 sed
2255 1400 2324 1442 ex
2353 1383 2650 1446 voluntate
2702 1393 2913 1466 sponte
2964 1397 3238 1468 surcepta
3283 1387 3533 1468 quilibet
3583 1390 3762 1452 homo

2119 1468 2240 1530 sive
2272 1471 2535 1547 humilis,
2573 1481 2630 1534 et
2659 1474 2730 1534 ad
2755 1474 3274 1554 compunclionem
3302 1475 3601 1556 proclivis,
3637 1479 3762 1540 sive

2118 1558 2304 1620 durus
2360 1562 2563 1635 corde,
2625 1569 2684 1622 et
2741 1573 3052 1642 exeecatus,
3107 1575 3168 1626 et
3223 1582 3258 1626 a
3299 1568 3760 1646 compunctione

2117 1646 2349 1709 alienus
2373 1649 2584 1710 evadit.

382 1727 488 1788 sed
529 1736 760 1824 natura,
805 1735 1158 1824 et_veritate.
1205 1737 1294 1798 Ad
1324 1740 1474 1814 haec,
1522 1742 1678 1803 unde
1710 1744 1858 1806 latro
1887 1727 2031 1808 alter

2201 1735 2487 1809 Quoniam
2515 1739 2674 1801 enim
2699 1739 2900 1816 modo,
2922 1759 3120 1822 quaeso
3153 1749 3233 1818 te,
3262 1742 3461 1806 animo
3491 1743 3761 1808 dolorem

386 1832 524 1877 cum
568 1817 821 1881 Domino
859 1821 1006 1886 Jesu
1058 1826 1378 1889 cruciﬁxus
1418 1830 1655 1892 dicebat
1692 1851 1704 1896 :
1740 1833 1815 1896 Si
1843 1836 2036 1898 Filius

385 1903 504 2005 _Dei
517 1926 601 2005 es,
635 1909 804 1971 salva
827 1915 1222 2005 temetipsum,
1245 1924 1298 1978 et
1316 1935 1449 1992 nos;
1474 1919 1626 1981 alter
1649 1937 1790 1986 vero
1820 1942 2034 2005 repre-

384 1993 669 2058 hendens
698 2001 1081 2064 occurrebat:
1109 1993 1320 2085 Neque
1344 2013 1602 2070 tutimes
1623 2008 1866 2073 Deum:
1888 1993 2034 2075 item

384 2100 498 2145 nos
520 2087 765 2178 quidem
790 2088 982 2167 digna
1018 2093 1202 2170 factis
1227 2097 1396 2172 juste
1421 2098 1764 2178 recipimus,
1799 2101 1895 2163 hic
1917 2119 2031 2162 au-

389 2175 688 2266 temnihit
717 2178 863 2238 mali
877 2183 1062 2260 gessit
1079 2181 1366 2245 53.Velim
1387 2175 1739 2266 mihi—dicas,
1757 2190 1916 2252 unde
1937 2191 2033 2252 hic

389 2261 633 2361 quidem
657 2265 884 2361 isthzec,
910 2268 1011 2331 ille
1032 2289 1171 2332 vero
1189 2272 1302 2334 alia
1333 2273 1588 2351 locutus,
1625 2289 1682 2340 et
1712 2261 1865 2340 unus
1895 2281 2030 2361 qui-

388 2348 529 2410 dem
569 2353 954 2432 justificatus,
1003 2359 1154 2420 alter
1201 2348 1632 2426 condemnatus
1663 2366 1802 2427 est?
1834 2348 2034 2429 nonne

390 2461 462 2504 ex
490 2445 811 2538 voluntate,
840 2457 893 2510 et
917 2451 1377 2530 cogitationibus
1398 2463 1668 2538 uterque,
1696 2478 1850 2521 unus
1871 2478 2034 2522 nem-

386 2551 465 2614 pe
513 2533 709 2614 bonis,
754 2538 902 2600 alter
943 2549 1150 2603 contra
1180 2543 1394 2608 malis?
1424 2547 1512 2610 Ex
1546 2533 1639 2608 his
1680 2548 1839 2610 enim
1889 2551 2038 2613 alter

385 2622 674 2700 inﬁdelis,
716 2627 867 2690 alter
895 2629 1090 2692 ﬁdelis
1120 2631 1398 2698 dicebat:
1429 2640 1724 2700 Memento
1763 2645 1879 2701 mei
1903 2640 2034 2702 D0-

389 2714 578 2804 mine,
617 2733 755 2778 cum
787 2721 1026 2781 veneris
1055 2721 1121 2782 in
1152 2739 1407 2804 regnum
1430 2732 1598 2788 tuum
1624 2728 1708 2787 54.

466 2802 542 2866 Ut
569 2805 720 2895 alios
759 2809 1096 2888 complures
1150 2802 1386 2875 silentio
1435 2824 1803 2895 praeteream,
1839 2839 1913 2882 ex
1945 2822 2038 2883 his

384 2892 523 2992 quid
560 2894 739 2992 velim
770 2900 1093 2992 perceptis,
1118 2909 1174 2962 et
1199 2892 1516 2981 didicistis,
1551 2892 2038 2992 unumquemque

382 2983 709 3046 voluntatis
755 3006 876 3048 sua:
921 2987 1197 3052 libertate
1245 3000 1342 3053 aut
1393 2995 1464 3056 ad
1515 2983 2038 3077 compunctionem

387 3090 778 3162 propensum,
815 3085 874 3137 et
920 3077 1229 3162 humilem,
1264 3090 1364 3143 aut
1411 3083 1546 3145 duri
1586 3087 1807 3161 cordis,
1841 3098 1901 3150 et
1932 3107 2035 3150 su-

2121 1827 2440 1906 concipiet,
2479 1836 2537 1889 et
2569 1829 2792 1891 rorabit
2824 1829 3133 1910 lacrymas,
3169 1831 3272 1911 qui
3301 1839 3421 1893 toto
3451 1833 3639 1896 ferme
3663 1835 3761 1897 die

2118 1918 2235 1978 huc
2260 1918 2401 1981 illuc
2433 1920 2734 2002 divagans,
2782 1939 2979 2002 neque
3025 1922 3406 2003 precationis,
3454 1943 3648 2006 neque
3673 1929 3760 1988 si-

2117 2007 2309 2083 lentii,
2344 2027 2539 2089 neque
2570 2010 2867 2084 lectionis,
2919 2019 2976 2073 et
3005 2011 3222 2092 quietis
3270 2031 3410 2074 cura
3457 2014 3755 2094 tangitur:

2117 2097 2221 2157 sed
2277 2115 2709 2180 nonnunquam
2761 2119 2893 2160 cum
2942 2100 3226 2181 proximis
3273 2101 3335 2162 in
3372 2103 3764 2167 conventibus

2115 2185 2432 2263 fabulatur,
2462 2207 2578 2249 non
2600 2189 2791 2249 solum
2823 2189 3112 2270 seipsum,
3129 2191 3233 2252 sed
3256 2199 3312 2252 et
3333 2209 3758 2275 congerrones,

2117 2274 2365 2337 utilitate
2393 2277 2674 2358 privans;
2711 2297 3134 2359 nonnunquam
3168 2280 3507 2356 calumniis,
3540 2289 3596 2341 et
3619 2274 3761 2362 pro;

2118 2364 2242 2426 bris
2286 2366 2595 2445 religiosos
2636 2366 2869 2439 fratres,
2902 2387 3346 2450 nonnumquam
3380 2369 3575 2449 ipsum
3607 2387 3762 2450 prae-

2121 2454 2373 2536 positum
2405 2455 2732 2517 insectatur
2751 2455 2782 2516 ?
2809 2456 2979 2519 Unde
3009 2459 3532 2538 compunctionom
3553 2458 3764 2540 acqui-

2117 2552 2231 2619 ret,
2271 2545 2368 2625 qui
2393 2563 2490 2606 res
2506 2564 2716 2607 omnes
2740 2546 3225 2622 monasterii,nec
3243 2548 3769 2621 monaSterii,dun-

2121 2641 2297 2709 taxat,
2330 2635 2432 2697 sed
2477 2636 2947 2716 uniuscujusque
2991 2636 3234 2716 insuper
3277 2655 3472 2698 mores
3516 2638 3758 2700 curiose

2119 2732 2437 2805 scrutatur,
2465 2723 2806 2804 et_indigat?
2828 2724 2896 2786 Et
2927 2724 3242 2805 aliquando
3274 2727 3517 2807 quidem
3550 2727 3763 2790 fratres

2119 2812 2406 2893 quosdam
2430 2814 2758 2894 alloquens,
2783 2816 2892 2876 hoc
2917 2822 2975 2875 et
3009 2816 3121 2876 hoc
3145 2814 3298 2890 heri,
3339 2816 3550 2898 iuquit.
3587 2817 3760 2878 audi-

2119 2903 2197 2965 vi.
2229 2902 2588 2983 Aliquando,
2630 2903 2781 2964 scin'
2831 2903 2972 2984 quid
3022 2903 3112 2964 illi
3155 2903 3376 2965 misero
3425 2905 3762 2969 acciderit?

2121 3009 2501 3073 rursumque,
2537 2992 2829 3074 nunquid,
2862 2992 3023 3054 illius
3053 2993 3458 3056 calamitatem
3496 2994 3759 3057 audivis-

2123 3081 2242 3144 tis?
2292 3081 2647 3162 Hujusmodi
2707 3084 2885 3144 homo
2943 3083 3181 3164 quando
3230 3083 3470 3145 tandem
3515 3103 3760 3146 suorum

392 3161 642 3255 perbum
690 3164 844 3255 ﬁeri,
882 3166 954 3230 Et
1007 3161 1245 3246 merito,
1295 3171 1540 3235 Duobus
1589 3175 1749 3236 enim
1780 3176 1876 3238 hic
1903 3177 2035 3240 vita;
2057 3161 2096 3185 ’³
2123 3161 2497 3252 peccatorum
2521 3161 3280 3248 recordabitur,_utdoleat,
3302 3180 3366 3234 ut
3387 3172 3448 3233 in
3473 3173 3766 3255 lacrymas

391 3253 889 3342 renuntiantibus,
926 3256 1200 3335 ejusdem
1247 3261 1411 3337 artis,
1462 3265 1746 3342 cognatis,
1798 3267 2030 3342 comvis,

402 3336 707 3432 aliquando
763 3344 943 3406 etiam
987 3346 1291 3420 fratribus,
1328 3336 1633 3432 cordibus,
1690 3336 1934 3416 moratis
1960 3336 2030 3416 ad

402 3429 668 3522 eumdem
700 3434 967 3508 modum,
996 3437 1569 3520 improbisinquam,
1595 3429 1844 3522 asperis,
1863 3443 2034 3505 mise-

400 3516 762 3609 rerinesciis,
790 3524 1156 3602 crudelibus,
1189 3516 1474 3591 carnis-et
1505 3516 1773 3609 pecuniae
1798 3516 2032 3594 studio-

399 3605 500 3674 sis,
560 3618 614 3669 et
658 3611 716 3672 in
769 3613 932 3674 omni
991 3634 1212 3694 genere
1273 3605 1679 3698 perversitatis
1732 3623 2036 3702 aequaliter

399 3698 746 3782 exercitatis,
776 3712 833 3762 et
863 3702 924 3764 in
951 3705 1209 3766 Stadium
1240 3706 1372 3768 vita:
1397 3716 1639 3781 sanctae,
1674 3727 1743 3770 ac
1774 3698 1878 3771 Iiei
1901 3713 2031 3772 cul-

396 3786 472 3846 tui
495 3799 858 3853 consecratte
885 3793 1066 3856 simul
1089 3794 1588 3874 ingredientibus,
1617 3817 1770 3858 unus
1790 3799 2029 3861 illorum

388 3879 654 3964 omnium
684 3884 968 3942 virtutum
1019 3884 1295 3945 semitam
1327 3884 1504 3946 simul
1535 3885 1722 3947 calcat
1750 3887 2028 3964 feliciter,

381 3963 623 4028 fervore
653 3969 1020 4049 exsequendi
1067 3974 1268 4034 omnia
1309 3973 1446 4035 vitia
1487 3983 1801 4053 amputans
1834 3995 1848 4040 :
1883 3963 2034 4039 alter

388 4055 581 4146 pejor,
615 4076 789 4136 quam
835 4068 971 4123 ante
1007 4062 1510 4125 renuntiationem
1550 4073 1697 4146 erat,
1749 4066 2028 4129 efficitur.

388 4142 540 4214 Quid
572 4165 712 4226 ergo
747 4157 859 4224 est,
895 4154 1051 4232 quod
1083 4172 1200 4214 non
1231 4172 1398 4234 aeque
1428 4153 1660 4216 virtutis
1683 4142 2033 4235 funguntur

387 4250 661 4312 munere,
695 4240 1196 4319 quemadmodum
1227 4261 1461 4305 summa
1506 4243 1781 4306 vitiorum
1813 4245 2034 4326 pariter

2118 3259 2242 3321 eat?
2263 3260 2372 3334 Qui
2405 3281 2580 3342 porro
2607 3261 2784 3324 etiam
2817 3281 2848 3323 e
2877 3260 3089 3342 Synaxi
3143 3280 3445 3343 egressus,
3491 3263 3632 3324 dum
3676 3263 3761 3324 ibi

2118 3351 2436 3431 Scriptura;
2463 3350 2679 3411 divina:
2715 3350 3064 3426 recitamur,
3096 3351 3550 3430 longeque,‘aut
3576 3371 3762 3432 prope

2118 3441 2355 3506 sedens.
2411 3461 2545 3502 cum
2594 3441 2889 3522 aliquibus
2931 3458 3266 3502 sermonem
3314 3440 3546 3521 miscet,
3601 3460 3760 3504 nunc

2116 3530 2242 3611 illo,
2298 3550 2454 3591 nunc
2503 3531 2634 3591 aliis
2665 3538 2910 3593 eventus
2949 3532 3240 3610 quosdam
3277 3529 3408 3590 sine
3449 3529 3644 3592 fructu
3695 3531 3757 3594 in

2119 3618 2380 3680 medium
2406 3618 2814 3701 afferentibus,
2840 3619 3035 3698 itaque
3048 3617 3409 3692 dicentibus,
3434 3618 3599 3679 scitis
3616 3619 3758 3699 quid

2115 3707 2197 3768 illi
2250 3707 2412 3770 fratri
2455 3707 2809 3788 praepositus
2857 3707 3114 3768 fecerit?
3166 3705 3264 3768 hic
3301 3706 3381 3768 ita
3411 3707 3670 3787 excipit:
3705 3707 3756 3768 si

2116 3797 2280 3859 vobis
2309 3817 2648 3871 narravero,
2683 3797 2977 3878 quemodo
3009 3795 3310 3858 infelicem
3344 3796 3511 3857 illum
3535 3797 3757 3859 habue-

2115 3887 2214 3963 rit,
2248 3887 2388 3968 quid
2424 3887 2684 3949 dicetis?
2719 3887 2821 3948 Sic
2853 3886 3008 3962 talia,
3043 3893 3101 3947 et
3149 3885 3242 3946 his
3286 3885 3586 3948 deteriora
3615 3905 3756 3966 gar-

2114 3976 2300 4052 riens,
2319 3985 2382 4039 et
2405 3986 2647 4058 propter
2663 3995 2846 4057 nugas
2865 3975 3205 4039 istiusmodi
3226 3975 3374 4037 alios
3395 3975 3754 4056 impediens,

2114 4073 2172 4127 et
2200 4066 2326 4146 ipse
2355 4065 2698 4147 impeditus,
2737 4065 2972 4147 quando
2998 4064 3059 4126 in
3093 4063 3518 4126 conscientiam
3550 4083 3760 4146 pecca-

2115 4163 2306 4216 torum
2357 4174 2600 4217 suorum
2650 4155 2997 4232 descendet,
3045 4172 3116 4215 ac
3162 4153 3425 4236 seipsum
3465 4154 3763 4219 deﬂebit?

2112 4242 2224 4315 Qui
2254 4244 2413 4305 enim
2447 4244 2728 4306 divinitus
2757 4243 3063 4325 inspiratis
3099 4243 3479 4305 sermonibus
3512 4262 3631 4323 non
3662 4248 3758 4307 at:-

385 4328 804 4409 contigerant?
852 4332 1062 4398 Nonne
1112 4337 1390 4418 quoniam
1451 4337 1602 4399 alter
1661 4338 1908 4402 consilio
1961 4333 2326 4431 achendit,
2362 4353 2472 4397 nec
2505 4334 2736 4431 οεῑίιιιῖ)⁸
2770 4332 3234 4431 ρίνευηὶδῑδηῐίαθ
3272 4332 3444 4394 labiis
3489 4333 3612 4394 ευίδ
3645 4353 3756 4431 99·-

384 4420 691 4492 voluntaLe
737 4421 906 4486 bona;
954 4427 1167 4488 animae
1213 4427 1415 4489 omnia
1464 4427 1793 4490 secundum
1840 4432 2030 4492 Deum

388 4507 581 4570 tristia
613 4511 843 4589 tolerat,
881 4523 941 4579 et
973 4515 1225 4596 insuper
1252 4517 1325 4578 ab
1355 4515 1486 4597 ipso
1519 4516 1816 4596 ingressu,
1840 4527 1898 4580 et
1927 4537 2028 4581 re-

387 4599 758 4664 nuntiatione
780 4605 1111 4684 prudenter
1141 4604 1362 4667 divinis
1393 4604 1722 4687 Scripturis
1753 4626 1818 4670 se
1841 4608 2025 4689 dedit,

388 4696 446 4748 et
479 4707 588 4768 per
612 4709 700 4772 se,
732 4712 959 4775 suaque
991 4703 1207 4776 sponte
1248 4696 1522 4775 probatas
1551 4696 1817 4758 actiones
1864 4697 2027 4777 eligit

382 4779 800 4858 religiosorum
832 4785 1141 4846 hominum
1174 4785 1374 4866 vitam,
1401 4793 1459 4848 et
1490 4804 1683 4848 mores
1709 4787 2030 4849 :tdimitan-

383 4867 529 4929 dum
581 4870 696 4932 sibi
741 4892 1062 4956 propones.
1109 4884 1168 4937 et
1215 4895 1348 4936 cum
1397 4874 1542 4956 ipsis
1571 4874 1630 4937 in
1658 4877 1930 4956 jejuniis,
1964 4877 2029 4940 in

386 4959 689 5038 precibus,
724 4962 785 5022 in
819 4962 1362 5040 observationibus,
1395 4963 1456 5025 in
1488 4964 1749 5038 silentio,
1782 4966 1843 5027 in
1871 4985 2028 5028 com-

387 5050 732 5133 punctione,
770 5061 826 5115 et
851 5053 1145 5134 lacrymis,
1171 5053 1231 5114 in
1255 5053 1616 5116 abstinentia
1638 5054 2027 5118 delicatarum

386 5138 723 5217 epularum,
773 5149 832 5203 et
883 5142 1433 5223 intempestivorum
1477 5142 1932 5225 colloquiorum,
1966 5146 2026 5208 in

383 5226 666 5306 fugienda
694 5232 1212 5310 excandescentia,
1253 5231 1367 5314 ira,
1403 5241 1461 5294 et
1499 5233 1781 5311 clamore,
1815 5245 2023 5314 certat,

383 5317 657 5398 injurias,
704 5321 1140 5404 tribulationes,
1175 5329 1234 5384 et
1270 5322 1539 5400 angustia
1581 5323 1877 5404 patienter
1921 5345 2027 5388 su-

382 5409 632 5487 stinens,
665 5410 806 5473 vilia
836 5419 895 5473 et
922 5412 1266 5492 abjectiora,
1291 5431 1539 5494 operum
1570 5413 1726 5475 ultro
1757 5413 2028 5498 subiens,

384 5518 503 5563 non
534 5500 980 5581 contradicens,
1019 5510 1120 5565 aut
1169 5520 1574 5586 murmurans,
1621 5521 1756 5568 cum
1801 5504 1857 5568 ei
1886 5506 2030 5587 quid

2115 4424 2328 4499 suit55,
2353 4443 2467 4487 nec
2499 4425 2570 4488 ab
2601 4423 2906 4486 auditione
2953 4441 3098 4484 vana
3147 4440 3325 4484 aures
3355 4440 3491 4484 suas
3523 4423 3758 4505 avertit,

2115 4533 2227 4576 nec
2254 4514 2413 4577 illius
2436 4515 2659 4577 ultima:
2685 4512 3116 4594 responsionis,
3143 4525 3204 4575 et
3233 4511 3519 4574 terribilis
3539 4513 3761 4576 Christi

2115 4603 2450 4680 tribunalis,
2485 4603 2782 4686 quomodo
2816 4602 2981 4678 nudi,
3017 4609 3075 4663 et
3118 4601 3352 4663 obtorto
3391 4601 3554 4664 velut
3597 4602 3755 4666 collo

2115 4697 2284 4757 tracti
2313 4709 2523 4756 omnes
2554 4693 2609 4756 ei
2631 4703 2825 4755 astare
2853 4691 3166 4766 debemus,
3198 4691 3349 4754 etde
3366 4691 3546 4754 rebus
3567 4692 3761 4756 invita

2113 4783 2426 4846 transactis
2457 4783 2753 4846 rationem
2781 4781 3060 4862 reddere,
3102 4784 3203 4862 qui
3234 4782 3446 4844 horum
3487 4781 3756 4863 inquam,

2110 4893 2229 4936 non
2262 4873 2556 4948 meminit,
2604 4893 2720 4955 quo
2755 4881 2948 4953 pacto,
2983 4873 3195 4934 amabo
3241 4872 3290 4932 si
3335 4871 3468 4952 plus
3517 4881 3758 4934 centum

2110 4982 2303 5026 annos
2334 4962 2632 5026 viveretin
2652 4962 2858 5024 habitu
2884 4961 3212 5026 monastico
3243 4961 3531 5044 lacrymas
3549 4962 3760 5042 acqui-

2109 5063 2225 5135 rat,
2253 5061 2309 5116 et
2337 5055 2606 5135 seipsum
2639 5052 2866 5114 fervide
2895 5050 3142 5131 lugeat?
3171 5050 3479 5124 Quomodo
3504 5051 3606 5132 qui
3644 5051 3761 5132 pri~

2112 5162 2241 5205 mos
2297 5143 2534 5206 affectat
2584 5142 2646 5203 in
2703 5141 2955 5204 statione
3010 5141 3316 5217 Ecclesiae,
3370 5142 3434 5202 in
3481 5140 3759 5204 accubitu

2111 5251 2358 5314 mensae,
2385 5241 2444 5295 et
2469 5250 2651 5313 super
2669 5231 2764 5293 bis
2785 5247 3027 5312 semper
3043 5230 3372 5308 contendit,
3389 5231 3754 5313 rixaturque,

2110 5321 2431 5404 aliquando
2465 5333 2710 5404 propter
2737 5319 2996 5382 animam
3026 5339 3193 5382 suam
3220 5319 3760 5397 contristabitur,et

2114 5431 2313 5477 coram
2373 5412 2497 5477 Deo
2549 5427 2781 5473 amaras
2827 5410 3089 5472 solvetur
3141 5410 3204 5472 in
3251 5409 3589 5490 lacrymas?
3646 5409 3761 5483 Qui

2111 5511 2312 5568 autem
2345 5501 2760 5567 excusationes
2795 5507 3038 5564 excusat
3059 5498 3122 5562 in
3152 5499 3416 5581 peccatis
3442 5498 3528 5578 55,
3559 5499 3759 5564 imbut-

457 5672 511 5718 ⁵³
539 5675 690 5739 Luc.
723 5686 869 5748 nn,
901 5671 1002 5754 39,
1031 5672 1133 5738 40.
1215 5674 1282 5727 54
1311 5671 1464 5737 Ibid.
1496 5674 1598 5740 42.
1683 5675 1747 5730 55
1772 5674 1932 5742 Psal.
1959 5692 2097 5756 cn,
2127 5677 2188 5741 3.
2271 5673 2336 5728 56
2363 5671 2516 5738 Ibid.
2547 5673 2608 5734 4.
