4160 6424
422 346 540 412 483

1711 348 2019 412 SYMEON
2029 348 2096 410 IS
2137 346 2490 413 JUNIORIS

3688 352 3813 419 484

418 485 700 548 cilitatem
732 484 1027 567 objiciens
1055 484 1118 548 in
1140 485 1397 549 statione
1440 482 1749 560 Ecclesiae,
1794 502 1930 546 cum
1965 501 2067 544 ro-
2091 479 2337 560 Alibus,
2373 468 2690 566 antequam
2723 502 2790 548 se
2825 483 3214 568 subjecerint,
3268 493 3328 551 et
3376 486 3437 549 in
3486 505 3670 568 opere
3702 485 3814 550 Dei

425 577 634 639 bustus
665 577 763 654 sit,
792 577 1090 660 plenoque
1111 595 1178 641 ac
1191 577 1448 658 juvenili
1473 594 1745 657 corpore,
1770 582 1828 637 et
1847 594 1911 637 se
1933 593 2067 636 cum

420 665 895 747 religiosioribus
953 667 1261 729 monachis
1290 686 1357 728 ac
1386 665 1690 738 fratribus,
1726 664 1826 745 qui
1857 663 2067 726 admo-

421 755 562 818 dum
593 756 695 818 diu
732 756 794 817 in
837 755 1206 837 professione
1249 755 1379 817 vitae
1424 753 1766 816 monasticae
1807 753 2065 815 desuda-

419 853 580 925 runt,
615 863 965 926 comparans
997 844 1178 906 dicit:
1207 843 1358 906 Num
1397 862 1503 924 ego
1544 843 1867 924 quidquam
1899 839 2063 914 huic,

419 943 521 996 aut
549 933 689 995 huic
718 934 1012 1008 concedo,
1046 932 1184 1015 quia
1211 933 1313 994 ille
1343 940 1504 993 stans
1525 929 1845 992 innititur?
1871 937 1929 991 et
1952 928 2074 992 abit

421 1041 488 1084 ac
505 1022 766 1103 seipsum
799 1022 916 1084 illis
946 1022 1182 1096 stando,
1225 1030 1283 1085 et
1315 1021 1627 1082 innitendo
1662 1027 1936 1100 exequat,
1970 1017 2070 1099 qui

419 1111 668 1173 fortasse
697 1110 976 1190 indignus
1006 1117 1096 1174 est
1125 1110 1301 1172 etiam
1334 1108 1618 1172 infericre
1650 1109 1810 1186 loco,
1831 1109 2067 1190 quando

419 1201 518 1265 hic
546 1219 714 1263 suam
752 1201 1158 1263 inﬁrmitatem
1208 1208 1509 1281 agnoscat,
1543 1207 1606 1262 ut
1635 1219 1703 1260 ex
1735 1199 1934 1260 animo
1965 1198 2061 1258 in-

414 1290 770 1370 gemiscens,
821 1290 1002 1352 corde
1047 1298 1504 1370 compungatur,
1549 1297 1608 1351 et
1651 1288 1839 1350 oculis
1878 1285 2064 1350 ﬂeat?

415 1377 582 1442 Vana
623 1378 844 1460 quippe
873 1380 1062 1460 gloria
1092 1399 1229 1442 eum
1264 1397 1500 1442 servum
1541 1378 1764 1440 acediae
1793 1377 2058 1456 tradens,

415 1486 534 1530 non
593 1468 847 1548 amplius
876 1469 976 1530 illa
1006 1469 1068 1530 in
1103 1487 1168 1530 re
1198 1488 1333 1530 cum
1385 1468 1670 1550 patientia
1733 1465 2060 1548 perdurare

414 1556 577 1620 sinit.
610 1556 680 1618 Et
709 1556 848 1618 vivit
877 1557 1097 1619 deinde
1127 1558 1380 1638 quisque
1422 1557 1558 1620 talis
1607 1556 1667 1617 in
1717 1554 1970 1632 segnitie
2003 1563 2062 1616 et

412 1647 772 1726 negligentia
815 1646 886 1707 ad
931 1665 1173 1708 omnem
1207 1645 1489 1726 Synaxin,
1521 1644 1946 1710 accedentibus
1984 1644 2057 1706 ad

2151 570 2501 646 laborarint,
2552 593 2621 635 ac
2672 574 2964 650 sudarint,
3017 575 3286 656 corporis
3334 575 3804 639 imbecillitatem

2151 662 2617 744 praetendentes,
2636 662 2882 740 abeunt,
2900 671 3082 740 stant,
3107 665 3466 745 innituntur,
3490 672 3558 728 ut
3579 665 3803 727 dictum

2151 759 2262 830 est,
2287 769 2420 812 cum
2453 751 2548 832 iis,
2580 753 2684 832 qui
2707 753 2925 815 multos
2955 755 3079 834 jam
3107 755 3340 818 labores
3369 757 3798 818 exhauserunt.

2150 839 2292 900 Etsi
2319 840 2622 920 proximus
2642 841 2919 923 cuiquam
2945 844 3156 906 horum
3182 845 3437 908 dixerit:
3467 846 3798 924 Ingredere

2151 927 2338 990 frater
2366 929 2425 991 in
2457 937 2806 992 consuetum
2841 931 2944 993 tibi
2977 933 3200 1016 locum,
3245 944 3304 997 et
3346 947 3438 996 sta
3481 935 3604 996 illic
3635 933 3792 1015 psal-

2153 1016 2282 1078 lens
2313 1037 2444 1078 cum
2477 1017 2781 1095 fratribus,
2818 1029 2985 1101 potes
3008 1022 3556 1104 enim,respondet:
3582 1021 3669 1084 Ex
3686 1023 3802 1084 hoc
3895 1048 3901 1056 ·

2150 1104 2281 1168 loco
2316 1106 2599 1168 attentius
2643 1108 2892 1170 audiens
2944 1111 3160 1175 melius
3205 1114 3417 1193 psallo,
3469 1129 3646 1193 quam
3699 1111 3804 1173 ubi

2147 1203 2307 1256 stare
2352 1195 2660 1259 consuevi.
2712 1194 2881 1269 Quod
2930 1198 2982 1259 si
3025 1200 3208 1262 frater
3247 1201 3630 1281 adjunxerit:
3669 1197 3803 1262 Non

2147 1291 2313 1362 potes
2345 1285 2441 1346 hic
2471 1294 2658 1364 stare,
2693 1285 2898 1364 frater,
2931 1287 3079 1350 citra
3109 1289 3452 1352 facultatem
3485 1309 3518 1350 a
3556 1307 3796 1370 praepo-

2145 1371 2262 1434 sito
2289 1381 2493 1436 nostro
2523 1373 2923 1454 impetratam,
2957 1378 3156 1439 statim
3190 1378 3560 1458 digrediens,
3604 1377 3798 1439 facul-

2148 1469 2322 1523 tatem
2353 1471 2502 1544 orat,
2541 1481 2755 1543 corpus
2786 1463 2985 1526 debile
3034 1475 3092 1526 et
3139 1467 3444 1528 inﬁrmum
3476 1484 3794 1547 excusans,

2143 1549 2336 1615 donec
2359 1551 2476 1612 voti
2491 1569 2734 1632 compos
2748 1552 2868 1628 ﬁat,
2885 1560 2938 1614 et
2969 1573 2982 1612 :
3008 1551 3081 1616 Ut
3097 1555 3333 1616 audiam
3358 1557 3554 1632 Pater,
3573 1554 3790 1636 inquit,

2142 1642 2773 1719 protocanonarcham,
2800 1649 2858 1703 et
2878 1650 3028 1704 stem
3060 1643 3120 1705 in
3157 1645 3349 1724 prima
3377 1645 3654 1721 statione,
3685 1652 3794 1706 aut

412 1753 575 1816 eum,
608 1742 666 1798 et
691 1735 958 1797 audienti
1001 1735 1236 1824 cupidis
1268 1735 1616 1824 frequenter
1645 1752 1894 1796 narrans
1920 1733 2053 1794 ina-
2076 1773 2118 1824 Β
2141 1730 2403 1824 secunda
2432 1748 2617 1810 prope
2649 1729 2838 1806 illum,
2858 1738 3138 1794 veterano
3173 1752 3391 1824 parem
3418 1752 3484 1797 se
3533 1733 3781 1808 faciens,

411 1842 542 1899 nes,
571 1832 627 1885 et
653 1824 840 1886 aniles
866 1824 1114 1886 fabulas.
1162 1823 1355 1905 Atque
1409 1828 1486 1886 ita
1529 1823 1661 1886 sine
1690 1841 1898 1903 sensu,
1929 1831 2049 1897 aut,

410 1919 476 1973 ut
503 1911 718 1973 melius
748 1911 940 1974 dicam
969 1911 1100 1973 sine
1130 1911 1340 1973 dolore
1368 1929 1504 1973 cum
1534 1909 1965 1991 spiritualibus,
1998 1917 2057 1971 et

409 2001 603 2064 Deum
636 2008 842 2063 sancte
873 1999 1212 2063 colentibus
1239 2000 1380 2062 viris
1426 1999 1499 2062 ad
1551 1999 1780 2062 divinas
1807 2017 2055 2079 synaxes

410 2090 797 2165 conveniens,
845 2090 976 2152 sine
1017 2090 1209 2152 fructu
1242 2089 1379 2151 inde
1407 2089 1658 2163 recedit,
1690 2088 1918 2151 nullum
1943 2107 2051 2168 pe-

413 2177 572 2241 nitus
599 2178 660 2240 in
702 2198 768 2241 se
797 2179 1252 2241 incitamentum
1286 2189 1461 2261 atque
1491 2179 1777 2260 impetum
1814 2178 1888 2239 ad
1920 2196 2052 2239 me-

407 2267 556 2330 liora
606 2269 946 2349 eXperiens,
979 2269 1216 2350 qualem
1247 2268 1405 2331 Deus
1434 2266 1958 2338 contendentibus,
1995 2275 2053 2329 et

405 2355 818 2420 laborantibus
849 2377 956 2438 per
985 2359 1503 2439 compunctionem
1527 2356 1850 2418 immittere
1871 2355 2045 2430 solet,

404 2453 462 2508 et
496 2446 607 2508 hoc
639 2448 856 2524 solum,
881 2455 945 2508 ut
976 2465 1053 2511 ne
1081 2465 1116 2508 a
1143 2447 1467 2528 consuetis,
1493 2454 1551 2508 et
1579 2444 1939 2527 praescriptis
1959 2462 2052 2523 sy-

401 2535 652 2598 naxibus
671 2535 825 2598 absit
847 2554 1023 2598 mane
1055 2544 1216 2615 puta,
1251 2545 1309 2598 et
1345 2535 1601 2616 vesperi,
1637 2542 1696 2596 et
1725 2533 1889 2595 horis
1913 2535 2049 2614 qui-

403 2623 512 2687 bus
544 2625 839 2706 psallitur,
874 2625 956 2686 ita
985 2625 1359 2706 simpliciter,
1394 2625 1465 2686 ad
1492 2623 1730 2686 felicem
1753 2623 1815 2684 in
1836 2621 2049 2683 virtute

401 2732 700 2795 pressum,
716 2722 776 2776 et
797 2713 869 2776 ad
901 2714 1476 2776 consummationem
1499 2718 2043 2776 consummatorum

399 2802 463 2864 in
493 2811 724 2864 aetatem
758 2801 977 2865 Christi
1017 2802 1130 2863 sibi
1177 2803 1457 2864 sufﬁcere
1504 2801 1869 2863 existimans.
1904 2797 2047 2860 Novi

399 2890 560 2953 enim
592 2891 878 2972 quosdam
910 2892 1022 2953 hac
1051 2891 1282 2953 fallacia
1299 2899 1522 2972 captos,
1549 2900 1606 2952 et
1629 2906 1869 2970 operam
1892 2888 2046 2949 dan-

400 2985 509 3060 tes,
545 2999 621 3041 ne
652 2981 709 3042 in
741 2988 1048 3060 peccatum
1099 2979 1342 3060 aliquod
1401 2980 1664 3059 carnale,
1724 2977 1776 3038 si
1832 2993 2049 3058 corpus

2138 1818 2308 1898 cujus
2327 1818 2452 1898 jam
2485 1826 2746 1899 spectata
2788 1828 2927 1881 sunt
2973 1823 3318 1885 certamina.
3349 1822 3420 1884 Et
3450 1839 3585 1885 cum
3619 1841 3787 1884 asse-

2138 1916 2305 1968 cutas
2335 1907 2532 1982 fuerit,
2576 1906 2737 1988 quod
2783 1907 2990 1987 voluit,
3043 1929 3111 1973 ex
3162 1930 3232 1973 eo
3281 1927 3585 1993 nunquam
3633 1918 3792 1972 stare

2137 2003 2328 2074 potest
2358 1995 2417 2056 in
2451 1997 2634 2057 choro
2649 2045 2662 2058 .

2218 2082 2502 2146 Paulatim
2537 2103 2714 2164 porro
2744 2087 2876 2148 talis
2907 2088 2968 2149 in
2993 2088 3244 2168 quodvis
3273 2089 3435 2152 aliud
3483 2089 3785 2168 negotium

2135 2190 2200 2233 se
2230 2173 3177 2252 studensimmiscere,externam
3212 2178 3492 2258 pietatem
3526 2177 3787 2254 simulat,

2135 2268 2196 2322 et
2217 2261 2554 2323 modestum
2574 2262 2858 2328 habitum.
2887 2265 3140 2327 aliorum
3170 2266 3400 2342 amicis,
3427 2266 3785 2328 illustribus-

2135 2368 2251 2430 que
2281 2349 2422 2412 viris
2451 2349 2512 2411 in
2544 2353 2970 2415 monasterium
3001 2354 3376 2417 venientibus
3399 2355 3664 2417 studiose
3689 2373 3787 2417 oc-

2135 2437 2347 2513 currit,
2376 2447 2435 2501 et
2454 2439 2526 2500 ad
2550 2459 2700 2520 quos
2721 2443 2965 2504 veniunt
2995 2446 3229 2519 fratres,
3267 2443 3506 2506 crebius
3537 2444 3684 2520 abit,
3719 2455 3785 2506 ut

2135 2527 2196 2587 in
2228 2545 2433 2588 eorum
2468 2528 2736 2589 notitiam
2771 2531 2990 2608 veniat,
3034 2551 3271 2594 causam
3318 2542 3672 2614 pratexens,
3719 2551 3784 2594 se

2135 2633 2205 2676 ex
2237 2615 2475 2676 illorum
2510 2617 2776 2694 (fratrum
2827 2619 3077 2692 scilicet)
3109 2621 3447 2702 colloquiis,
3482 2629 3541 2684 et
3568 2621 3784 2684 divinae

2135 2702 2459 2792 Scripturac
2506 2706 3026 2786 explanationibus
3068 2710 3383 2772 utilitatem
3439 2711 3777 2792 percipere.

2131 2791 2301 2864 Quod
2345 2793 2524 2872 igitur
2572 2813 2947 2877 consequens
2993 2806 3103 2873 est,
3155 2791 3628 2862 circumcursare
3677 2817 3784 2878 per

2132 2882 2582 2959 monasterium,
2600 2896 2659 2944 et
2682 2887 2881 2948 acella
2905 2887 2967 2948 in
2990 2888 3202 2948 cellam
3227 2890 3516 2951 ventitare
3546 2887 3778 2967 incipit,

2130 2969 2499 3051 singulisque
2531 2971 2712 3034 dicit:
2747 2975 2940 3038 Crede
2982 2975 3132 3036 mihi
3176 2976 3379 3053 frater,
3414 2976 3564 3038 adeo
3597 2983 3653 3038 te
3684 2973 3781 3036 di-

399 3057 654 3150 corpore
686 3057 1115 3150 copulaverint,
1151 3057 1446 3132 labantur.
1481 3066 1556 3131 Ut
1595 3057 1790 3129 autem
1823 3057 1954 3147 quae
1983 3065 2044 3127 in
2065 3100 2104 3149 ρ
2130 3057 2270 3138 ligo,
2289 3067 2352 3120 ut
2382 3079 2497 3150 quo
2522 3060 2692 3123 diete
2721 3081 2840 3124 non
2863 3064 3138 3146 viderim,
3168 3064 3269 3128 illo
3294 3083 3392 3128 me
3418 3063 3637 3126 vixisse
3658 3081 3779 3124 non

399 3148 630 3220 occulto
653 3156 725 3219 ab
758 3148 903 3239 ipsis
933 3158 1104 3237 ﬁunt,
1139 3165 1241 3220 aut
1270 3175 1402 3239 quae
1439 3157 1502 3218 in
1530 3155 1880 3220 abscondito
1909 3174 2046 3218 cor-
2078 3148 2089 3149 ί
2129 3155 2354 3239 ιηιιβῐηζ
2379 3148 2545 3222 Quod
2571 3150 2621 3211 si
2642 3152 2772 3232 quis
2791 3170 2858 3214 ex
2878 3152 3021 3235 illis,
3045 3153 3261 3235 quibus
3305 3153 3628 3216 adveniens
3652 3151 3778 3216 haec

396 3244 489 3306 dis
521 3237 853 3327 volvuntur,
877 3237 1333 3328 cogitanturqu'e
1356 3245 1604 3324 fugiant,
1631 3263 1874 3326 prorsus
1893 3243 2044 3305 nihil
2129 3237 2297 3328 dicit.
2327 3238 2516 3302 Deum
2542 3240 2730 3314 timet,
2757 3243 2852 3304 his
2867 3243 2922 3305 ei
2948 3245 3144 3307 verbis
3159 3244 3485 3324 respondet
3510 3265 3525 3307 :
3554 3243 3778 3306 Memor

396 3335 566 3415 pensi
598 3326 846 3409 habere,
876 3343 936 3396 et
963 3326 1268 3414 arbitrari,
1300 3353 1364 3397 se
1394 3335 1525 3398 sine
1564 3335 1680 3396 alio
1714 3352 1894 3415 opere
1919 3333 2043 3396 sal-
2128 3326 2206 3388 Sil
2251 3330 2412 3391 Deus
2462 3329 2768 3393 Charilalis
2796 3341 2933 3414 tuae,
2969 3333 3176 3395 fra'el‘o
3210 3333 3362 3406 Ουίά
3389 3333 3551 3394 enim
3582 3332 3644 3393 in
3677 3351 3772 3394 me

391 3431 587 3484 vatum
617 3423 688 3484 iri
722 3433 1013 3504 (precum,
1043 3424 1340 3504 intellige,
1390 3422 1637 3499 silentii,
1683 3422 2038 3503 vigiliarum,
2126 3418 2293 3482 vides
2322 3418 2506 3481 boni?
2537 3425 2688 3482 Tum
2722 3421 2847 3504 ille,
2874 3423 3015 3504 quid
3047 3431 3242 3485 autem
3277 3422 3418 3484 boni
3441 3429 3501 3484 tu
3533 3439 3652 3483 non
3672 3421 3778 3483 ba-

393 3513 798 3588 continentiae,
820 3513 1182 3593 paupertatis
1207 3512 1472 3594 spiritus,
1506 3510 1880 3594 humilitatis)
1907 3529 2040 3574 cum
2126 3505 2231 3569 bes
2252 3507 2282 3567 ‘?
2312 3507 2447 3589 quis
2471 3515 2587 3571 tam
2609 3520 2979 3588 mansuetus,
3010 3513 3165 3594 plus,
3188 3512 3452 3594 sapiens,
3476 3511 3767 3589 eruditus,

391 3600 541 3675 solo,
576 3621 646 3664 ac
675 3602 933 3683 simplici
963 3603 1035 3663 ad
1068 3620 1320 3683 synaxes
1363 3619 1636 3665 occursu.
1672 3600 1897 3663 Verum
1926 3600 2041 3662 ali-
2124 3597 2438 3676 candidus,
2461 3606 2520 3660 et
2547 3600 2705 3680 quod
2740 3602 2930 3682 majus
2954 3603 3252 3684 omnibus,
3281 3612 3528 3682 paterna
3555 3619 3772 3678 gerens

392 3697 485 3752 ter
511 3709 608 3752 res
639 3691 838 3753 habet.
875 3693 1035 3754 Deus
1063 3693 1248 3774 enim,
1281 3691 1517 3772 fratres,
1551 3710 1670 3753 non
1701 3691 1773 3752 ad
1801 3690 2039 3771 faciem,

389 3797 504 3841 nec
531 3779 604 3841 ad
637 3781 822 3841 solam
854 3780 1212 3842 exteriorem
1246 3799 1480 3842 morum
1509 3780 1888 3855 modestiam,
1936 3780 2039 3842 sed

389 3866 462 3929 ad
485 3886 589 3930 cor
608 3869 952 3947 contritum,
975 3877 1032 3931 et
1053 3869 1429 3932 humiliatum
1454 3877 1513 3932 et
1531 3868 1822 3950 quietum,
1843 3887 1912 3931 ac
1933 3867 2043 3930 Dei

388 3955 605 4019 timore
637 3958 877 4038 plenum
910 3958 1156 4038 respicit
1191 3979 1204 4018 :
1238 3957 1440 4038 Super
1469 3975 1646 4039 quem
1683 3959 2035 4039 respiciam,

386 4044 604 4125 inquit,
629 4047 754 4108 nisi
782 4064 965 4128 super
994 4049 1223 4123 mitem,
1257 4056 1318 4110 et
1349 4049 1639 4129 quietam,
1673 4054 1728 4111 et
1771 4055 2036 4110 tremen-

389 4141 509 4196 tem
537 4151 834 4197 sermones
865 4152 1024 4197 meos
1047 4136 1162 4195 57?

469 4220 620 4294 Quid
653 4231 851 4284 autem
883 4223 958 4285 de
995 4225 1070 4285 iis
1100 4225 1329 4306 loquar,
1363 4224 1486 4306 qui,
1519 4225 1677 4306 quod
1727 4223 2036 4304 indignum

2121 3686 2376 3763 viscera,
2430 3695 2489 3750 et
2535 3688 2832 3752 humanus
2872 3709 3011 3770 erga
3043 3691 3354 3754 universos
3378 3691 3408 3752 ?
3451 3690 3591 3752 Haec
3628 3689 3774 3752 dicit

2125 3794 2195 3838 eo
2228 3777 2368 3853 ﬁne,
2413 3784 2476 3839 ut
2507 3777 2580 3839 de
2623 3779 2755 3859 ejus
2799 3785 2998 3860 patina
3027 3781 3204 3844 simul
3240 3781 3534 3844 comedat.
3576 3779 3770 3862 Spiri-

2126 3864 2301 3928 tualis
2331 3874 2528 3929 autem
2558 3867 2762 3950 frater,
2794 3869 3124 3932 secundum
3152 3873 3347 3932 datam
3380 3869 3494 3931 sibi
3525 3869 3771 3948 gratiam

2124 3953 2199 4017 de
2228 3956 2419 4018 salute
2456 3956 2672 4019 animae
2714 3977 2847 4020 cum
2891 3959 2993 4021 illo
3039 3960 3181 4039 agit,
3215 3968 3273 4022 et
3301 3967 3582 4040 quantum
3611 3959 3671 4020 in
3708 3977 3773 4020 se

2123 4052 2234 4121 est,
2262 4045 2392 4126 ejus
2425 4046 2826 4111 laudationem
2864 4049 3169 4130 rejiciens,
3215 4049 3455 4112 fratrem
3498 4047 3766 4126 corrigit.

2121 4132 2285 4206 Quod
2321 4133 2833 4215 siitalisinventus
2859 4156 2976 4198 non
2999 4139 3199 4214 fuerit,
3227 4138 3332 4200 sed
3366 4151 3594 4220 contra,
3633 4156 3766 4200 car-

2121 4225 2315 4303 nalis),
2335 4225 2650 4302 instabilis,
2702 4227 2976 4290 laudibus
3019 4229 3280 4306 inflatur,
3315 4229 3671 4311 excipitque,
3711 4236 3771 4291 et

386 4320 502 4385 est,
536 4311 608 4372 ad
642 4312 991 4393 praepositos
1037 4332 1178 4375 suos
1223 4314 1470 4389 adeunt,
1521 4322 1697 4395 atque
1742 4331 1844 4375 eos
1878 4313 2286 4400 peti-“quid,
2321 4335 2355 4376 ο
2383 4323 2574 4396 pater,
2619 4323 2678 4377 et
2727 4317 2908 4379 frater
2962 4319 3249 4381 charitate
3305 4317 3549 4400 majus?
3602 4327 3769 4382 certe

385 4401 608 4489 tionem
642 4389 999 4481 deponunt?
1029 4401 1098 4463 Et
1123 4402 1468 4483 quicunque
1497 4389 1905 4465 tantummodo
1939 4389 2294 4466 ex-Dnihil.
2329 4389 2682 4484 Beatusrqui
2727 4406 2881 4468 hanc
2913 4407 3200 4489 possidet,
3251 4415 3310 4468 et
3347 4389 3464 4468 alia
3499 4406 3764 4482 demum,

385 4487 592 4550 teriori
623 4488 921 4572 religioni,
953 4508 1021 4552 ac
1051 4491 1255 4571 pietati
1295 4493 1441 4555 dant
1479 4510 1748 4572 operam,
1779 4498 1876 4553 aut
1922 4511 2033 4572 po-

384 4575 525 4651 tius,
579 4579 680 4659 qui
724 4586 955 4640 tantum
1005 4580 1211 4655 lucris,
1261 4581 1486 4660 gloriae,
1536 4599 1607 4644 ac
1644 4580 2036 4663 praesentibus

385 4666 532 4728 solis
550 4667 804 4731 inhiant.
831 4673 1046 4730 Annon
1071 4687 1298 4746 sumus,
1324 4669 1620 4752 inquiunt,
1640 4669 1877 4749 digniet
1900 4689 2031 4746 nos,

384 4755 734 4819 honorande
769 4759 964 4840 Pater,
998 4767 1062 4820 ut
1093 4760 1478 4836 monasterio,
1513 4770 1572 4822 et
1601 4759 1880 4822 fratribus
1913 4759 2029 4822 mi-

381 4843 753 4908 nistremus‘?
784 4867 922 4908 num
957 4849 1118 4909 solus
1151 4848 1246 4909 hic
1279 4857 1336 4910 et
1385 4849 1482 4910 hic
1513 4849 1585 4910 ad
1631 4848 2030 4911 ministerium

381 4933 496 4996 hoc
516 4934 764 4997 idoneus
787 4945 898 5009 est,
927 4945 984 4998 et
1007 4937 1111 4999 ille
1140 4937 1354 5000 melius
1384 4957 1558 5020 quam
1593 4957 1701 4999 nos
1723 4957 1823 5000 res
1852 4957 2029 5018 gere-

379 5041 469 5100 re,
496 5031 554 5086 et
582 5024 1003 5087 administrare
1025 5026 1187 5088 novit
1209 5034 1236 5090 ?
1267 5029 1380 5088 Fac
1412 5028 1766 5109 periculum,
1814 5028 1867 5090 si
1899 5028 2028 5108 pla-

381 5122 473 5175 cet
504 5112 680 5175 etiam
710 5113 772 5176 in
805 5114 1000 5190 nobis,
1023 5124 1082 5178 et
1129 5115 1422 5194 invenies,
1458 5136 1566 5199 per
1618 5136 1729 5179 nos
1781 5117 2024 5195 rectius,

379 5221 557 5284 quam
587 5221 694 5284 per
717 5203 850 5265 illos
881 5203 1120 5267 tractari
1153 5206 1386 5286 negantia
1419 5205 1786 5270 monasterii.

459 5292 579 5355 Alii
604 5311 768 5374 vero,
801 5312 936 5355 cum
960 5293 1180 5356 nudius
1211 5295 1421 5357 tertius
1451 5314 1484 5358 e
1518 5296 1741 5358 mundo
1767 5296 2030 5360 advene-

376 5381 520 5458 rint,
553 5401 738 5464 seque
758 5383 831 5445 ab
864 5382 992 5465 ipsa
1022 5386 1463 5448 renuntiatione
1512 5385 1822 5462 socordiae,
1857 5386 2030 5467 igna-

377 5472 487 5533 viae
515 5471 880 5550 dediderint,
917 5480 974 5536 et
1006 5473 1268 5554 peccatis
1298 5482 1564 5538 scateant
1610 5475 2030 5541 innumerabi-

456 5641 518 5694 57
548 5639 661 5705 Isa.
692 5657 852 5721 mi,
884 5641 944 5707 2.

2121 4510 2252 4573 quae
2272 4492 2642 4555 adulatorem
2678 4493 2935 4558 libenter
2964 4497 3196 4573 audire,
3227 4505 3284 4559 et
3307 4497 3379 4558 ad
3405 4496 3765 4558 laudandum

2118 4581 2354 4644 irritare
2387 4587 2569 4646 novit.
2605 4585 2840 4646 Posteat
2862 4585 2996 4647 talis
3023 4586 3173 4648 ﬁctis
3195 4586 3469 4649 laudibus
3491 4587 3768 4649 velutde-

2116 4671 2370 4748 mulsus,
2408 4686 2477 4734 ac
2500 4672 2734 4736 levitate
2765 4675 2980 4738 mentis
3010 4676 3298 4752 tumidus,
3332 4677 3382 4738 si
3414 4676 3586 4757 copia
3617 4695 3765 4756 sup-

2117 4761 2361 4840 peditat,
2394 4780 2529 4823 mox
2576 4762 2736 4825 hunc
2775 4766 3181 4828 encomiasten
3223 4785 3397 4829 suum
3443 4785 3554 4828 nec
3601 4767 3767 4829 abire

2113 4848 2278 4926 sinit,
2313 4851 2419 4913 sed
2446 4860 2510 4912 ut
2537 4871 2742 4914 secum
2783 4855 3060 4934 epuletur
3089 4865 3280 4939 rogat,
3328 4865 3387 4918 et
3419 4876 3555 4920 esca
3599 4857 3763 4919 illum

2115 4940 2442 5020 excipiens,
2478 4941 2684 5003 laudes
2713 4959 2988 5006 ventosas
3012 4946 3252 5027 recipit,
3285 4965 3416 5027 qua;
3438 4947 3500 5008 in
3531 4966 3758 5021 aerem,

2112 5028 2259 5090 fumi
2306 5029 2514 5106 instar,
2550 5029 2938 5112 dissipantur,
2983 5035 3410 5098 detrimentum
3457 5055 3599 5099 vero
3633 5036 3764 5115 ejus

2111 5121 2325 5183 anima
2369 5140 2488 5182 non
2537 5120 2842 5186 mediocre
2889 5135 3227 5207 apportant.
3261 5125 3366 5189 Sin
3395 5127 3615 5208 minus,
3640 5127 3764 5188 sal-

2115 5216 2233 5271 tem
2264 5217 2394 5291 post
2417 5209 2648 5291 longos,
2687 5219 2748 5272 et
2783 5211 3026 5276 inutiles
3055 5233 3368 5277 sermones
3397 5215 3477 5275 ait
3508 5215 3594 5275 illi
3622 5235 3637 5274 :
3671 5216 3763 5277 Ne

2115 5297 2262 5358 mihi
2289 5297 2428 5358 vitio
2454 5299 2579 5375 des,
2614 5298 2823 5379 frater,
2865 5303 3024 5365 novit
3055 5303 3184 5384 ipsa
3212 5303 3490 5378 charitas,
3525 5301 3675 5362 nihil
3706 5307 3763 5360 te

2114 5387 2356 5466 dignum
2397 5387 2613 5467 habeo,
2649 5391 2805 5470 quod
2850 5391 2957 5453 tibi
3004 5411 3324 5474 apponam.
3358 5392 3472 5455 Sed
3503 5389 3641 5473 quia
3671 5407 3767 5452 me

2113 5477 2414 5557 abjectum
2446 5478 2536 5541 sic
2565 5497 2750 5556 amas,
2767 5479 3059 5544 debemus
3089 5481 3151 5544 in
3175 5488 3482 5563 posterum
3500 5497 3766 5543 commu-
