2080 3194
187 246 282 293 aiter,
298 251 329 278 et
342 248 443 281 amice
466 249 515 282 his
538 251 664 292 perfrui,
694 262 760 293 quae
774 253 853 285 Deus
868 253 898 283 in
914 252 1014 283 cibnm
1026 254 1046 279 A

189 290 280 323 nobis
304 290 554 334 suppeditaverif,
577 300 606 328 et
627 306 687 328 una
703 290 812 329 laetari.
836 298 909 329 Exin
928 297 1019 336 igitur

188 339 322 383 uterque
330 337 438 369 horum
450 340 639 373 contlictatur
650 342 852 374 sollicitudine
863 347 1016 383 perpetua,

188 389 248 412 nec
258 380 470 415 desinuntvias
481 394 628 426 quaerere,
637 387 717 418 unde
730 387 804 427 ipsis
814 380 902 428 queat
910 380 1019 427 suppe-

189 429 337 472 tere,quo
348 437 404 468 per
417 429 514 461 varios
529 439 563 462 ac
578 431 687 462 multos
710 432 793 463 cibos
815 442 879 472 quae
901 432 1018 463 videtur

187 470 367 518 charitatem
379 473 599 518 constabiliant.
609 476 714 508 Sicubi
726 470 1014 517 specie-dilectionis,

189 514 364 561 imopotius
373 517 477 550 fraude
486 529 554 550 cum
564 514 703 551 omnibus
709 514 929 561 serdevinxerit,
937 531 1017 551 nunc

190 559 314 606 quidem
327 561 395 602 ipse
409 562 512 601 alium,
530 574 612 596 nunc
627 575 663 596 ex
683 566 750 597 aliis
770 566 894 606 singulis
916 559 1016 606 ipsum

193 605 331 638 invitant.
356 606 456 643 Quare
485 619 599 648 mensa,
628 615 656 641 et
679 605 867 641 hilaritasiin
893 611 1015 642 delicias

194 650 295 691 pabuli
316 660 411 693 usque
432 653 470 684 ad
495 655 679 685 saturitatem
703 655 801 695 ipsum
826 666 886 686 non
902 656 1012 693 deﬁcit,

195 698 224 726 et
292 705 401 736 porcus
416 697 459 736 ﬁt,
470 694 744 740 constringiturque
764 701 972 741 voluptatibus,
987 705 1016 731 et

190 738 311 771 aiduo
324 744 459 773 ventrem
473 752 559 774 suum
574 744 663 782 colit;
678 738 785 776 vereor
799 738 879 776 cnim
900 746 1011 782 dicere,

188 782 281 815 etiam
298 793 334 816 ea
348 795 415 826 quae
428 787 484 818 sub
498 793 601 819 ventre
616 793 694 820 sunt.
719 789 865 825 Quocirca
880 790 1012 821 studiose

189 828 331 875 omnibus
343 831 485 862 membris
498 833 649 873 saginatus
661 835 734 874 (t4),
743 835 876 875 quotidie
889 844 1013 875 vespera

186 872 344 922 veniente,
361 880 427 922 post
437 872 568 922 officium
578 887 595 909 a
606 872 689 909 caena
699 872 846 910 inc—ollam
858 872 1011 910 suamdis-
1024 898 1043 922 Β

188 917 314 963 cedens,
326 919 437 951 famulo
447 921 536 953 dicit:
550 922 593 953 En
608 923 741 963 furcifer,
758 924 806 954 siti
818 924 946 963 crucior,
960 925 1012 956 sed

188 961 320 1009 calidum
336 973 407 1004 para
424 965 495 1006 (15),
519 971 547 998 et
575 967 612 998 da
637 968 709 998 mihi
735 961 849 1007 bibere,
873 961 1012 1009 sitimque

187 1007 389 1053 restinguere.
410 1010 477 1048 Ille,
494 1015 597 1053 utpote
619 1014 865 1044 consuetudinem
886 1007 1011 1052 habens,

188 1051 289 1102 stati-In
306 1052 479 1102 benevolus,
495 1051 575 1088 etvad
587 1057 755 1088 faciendum
773 1059 1013 1098 promptissimus

187 1096 329 1143 minister
353 1099 512 1139 invenitur,
542 1102 652 1142 quippe
677 1103 728 1143 qui
753 1096 782 1133 et
805 1096 869 1143 ipse
894 1113 961 1134 cum
978 1113 1012 1134 eo

190 1141 341 1187 epuletur.
354 1143 431 1176 Tum
442 1141 698 1178 meracinsvinum
713 1141 852 1179 hauritet
863 1149 1011 1187 exsorbet,

188 1186 323 1233 tenebris
349 1198 416 1220 eum
440 1190 668 1223 occultantibus.
685 1191 721 1223 Et
746 1197 899 1233 postquam
919 1186 1012 1225 semel

187 1228 276 1276 bibit,
301 1241 420 1264 rursum
446 1234 483 1265 ad
506 1235 605 1266 cibum
630 1228 830 1276 appetendum
856 1237 1012 1274 excitatur,

187 1275 406 1321 epularnmque
426 1279 539 1310 suavite
555 1275 737 1321 quasiiclam
761 1281 818 1312 sibi
847 1286 1012 1321 surreptus,

185 1319 291 1366 satiari
303 1330 337 1352 se
352 1332 410 1353 non
426 1325 529 1365 sentit,
546 1319 741 1366 ventremque
767 1325 902 1366 obesum,
921 1319 949 1357 et
963 1327 1012 1357 in-

185 1365 388 1404 tractabilem,
406 1372 435 1399 et
448 1368 591 1409 appetitui
607 1365 714 1401 animae
729 1365 935 1401 refractarium
947 1372 1013 1402 red-

184 1409 239 1440 dit.
266 1409 395 1451 Subjicit
410 1412 438 1444 ei
454 1417 524 1444 tunc
541 1415 698 1454 cogitatio:
712 1415 833 1446 Dimitte
855 1415 1012 1453 famulum,

183 1456 312 1500 etslaus
328 1461 487 1500 consuetas
503 1468 607 1500 preces
623 1459 725 1491 funde.
749 1459 921 1500 Respondet
944 1460 1014 1491 huic

183 1498 242 1544 alia
266 1499 446 1541 cogitatione
459 1512 465 1534 :
478 1498 515 1534 At
534 1504 683 1544 quomodo
705 1498 880 1536 suburratus
901 1506 1014 1536 stabis?

184 1542 283 1590 dormi
298 1544 497 1588 aliquantum,
513 1542 688 1579 etlnaturam
707 1549 744 1580 ad
764 1549 1011 1590 concoquendum

186 1581 448 1638 quodcomedisti,
474 1581 591 1633 ailjuva,
618 1597 647 1624 et
669 1597 737 1638 ante
763 1581 885 1634 synaxiil
907 1605 1007 1634 surge,
1024 1581 1043 1606 Ο

188 1633 379 1679 tuntbabens
392 1646 500 1678 corpus
523 1638 628 1679 levius,
646 1633 803 1669 commede
824 1633 1007 1678 precaberis.

192 1676 281 1709 Audit
293 1676 514 1722 cogitationem,
524 1692 558 1714 ac
568 1676 747 1714 recumbens
756 1676 876 1721 dormit,
890 1693 1009 1714 somno-

193 1731 250 1762 que
261 1723 367 1756 solutus
377 1735 437 1757 non
447 1727 542 1766 surgit
555 1737 561 1759 :
575 1727 646 1763 Sed,
660 1728 805 1768 nondum,
815 1729 921 1768 inquit,
937 1734 1009 1759 tem-

191 1775 248 1807 pus
261 1769 468 1809 est,dormiam
478 1772 576 1803 adhuc
592 1782 682 1803 unum
700 1773 881 1804 somnulum.
894 1774 944 1804 Sic
955 1778 1010 1804 tar-

189 1811 306 1844 dantem
321 1816 466 1846 matutina
481 1817 599 1857 synaxis
613 1819 779 1847 antevertit.
800 1817 871 1848 Inde
888 1827 1012 1850 consur-

188 1865 260 1896 gens
267 1858 302 1888 ad
313 1857 441 1900 Synaxin
454 1862 580 1901 accedit,
593 1861 806 1893 conscientiam
820 1862 1011 1901 negligentiae

185 1901 367 1948 desidiaeque
386 1915 447 1937 suae
472 1908 684 1938 accusatricem
710 1906 852 1937 sentiens.
880 1906 915 1938 Ut
940 1918 1010 1948 ergo

183 1946 266 1986 prius
273 1947 415 1987 diximus,
428 1955 512 1982 tenet
522 1951 602 1982 hunc
612 1960 738 1988 morem,
752 1955 784 1980 ut
794 1950 928 1982 crebrius
938 1946 1010 1983 auii-

180 1999 298 2030 corum,
323 1997 353 2025 et
371 1995 529 2026 charorum
546 1997 666 2027 Patrum
684 1996 773 2027 cellas
789 1995 889 2033 obeat,
914 1997 1011 2028 donec

182 2035 303 2081 tandem
319 2039 434 2081 sedeat,
449 2050 509 2072 una
523 2045 630 2078 cumet,
645 2040 736 2078 bibat,
751 2040 971 2079 confabuletur,
982 2047 1011 2072 et

181 2080 224 2112 ita
233 2081 264 2112 in
273 2082 381 2114 cellam
391 2080 556 2125 regressus,
572 2095 630 2116 non
643 2085 740 2117 solum
753 2085 789 2115 ad
807 2085 1010 2124 precationem

182 2127 397 2167 vespertinam,
410 2130 464 2161 sed
476 2130 563 2162 etiam
576 2130 612 2161 ad
623 2130 751 2171 Synaxin
764 2130 938 2161 matutinam
950 2132 1012 2162 ine-

182 2173 250 2210 ptus
265 2172 310 2213 ﬁt,
328 2174 404 2206 nihil
421 2175 544 2206 omnino
563 2175 720 2216 spirituale
737 2178 787 2205 aut
802 2174 945 2214 cogitare,
961 2183 1012 2210 aut

182 2216 386 2271 facerecpotis.
403 2219 480 2257 Quin
496 2220 584 2252 etiam
601 2220 630 2251 in
646 2221 721 2251 cella
735 2229 808 2271 “sua,
826 2222 848 2250 si
867 2220 942 2250 alius
958 2229 1010 2251 ac-
1023 2247 1043 2271 Β

181 2263 320 2301 cesserit,
329 2265 468 2296 similiter
481 2265 512 2296 in
529 2268 646 2296 noctem
664 2265 875 2295 tabulationem
892 2268 1010 2304 protra-

182 2307 239 2347 hit,
253 2311 283 2339 et
297 2308 456 2350 aliquando
471 2309 561 2341 vitam
577 2310 702 2341 aliorum
718 2309 824 2349 carpit,
847 2318 881 2340 ac
897 2308 1009 2349 dijudi-

182 2355 241 2390 cat,
258 2357 346 2394 atque
359 2354 390 2385 in
405 2353 456 2385 tali
470 2357 547 2385 statu
559 2359 676 2385 aetatem
686 2362 806 2384 omnem
825 2359 1009 2395 perseverat,

182 2402 256 2430 ante
269 2401 387 2438 tempus
401 2397 558 2438 ebrietate,
574 2399 707 2439 crapula,
720 2398 852 2437 indignis
864 2398 1009 2429 sollicita.

181 2440 306 2473 dinibus
321 2451 388 2474 sese
402 2442 468 2474 iens
483 2443 648 2484 perditum.

223 2485 335 2519 Verum
351 2496 405 2519 cur
417 2496 471 2528 ego
487 2488 551 2519 hac
560 2487 661 2519 omnia
677 2486 832 2519 disserui?
848 2490 879 2518 ut
892 2496 943 2518 vos
952 2486 1007 2518 do-

182 2539 296 2570 cerem,
313 2531 433 2572 fratres,
449 2532 501 2573 qui
517 2532 604 2563 talem
623 2532 711 2563 vitam
728 2532 822 2572 ducit,
846 2542 904 2562 non
922 2541 1010 2571 posse

184 2584 317 2617 unquam
333 2585 369 2608 ex
385 2576 479 2608 oculis
499 2576 662 2617 lacrymam
686 2577 835 2608 emittere.
854 2576 910 2612 Qui
927 2575 1006 2606 enim

182 2622 308 2659 emittat,
324 2620 376 2662 qui
391 2630 512 2662 semper
525 2621 621 2652 ventri
635 2631 688 2652 suo
704 2621 806 2659 servit,
825 2625 853 2652 et
867 2621 897 2652 in
913 2621 1006 2658 diem,

181 2665 260 2697 sicut
274 2665 398 2704 ethnici,
417 2665 488 2706 quid
503 2675 619 2705 esurus,
635 2670 687 2697 aut
702 2666 849 2697 bibiturus
861 2665 910 2703 sit,
922 2665 1008 2696 solli-

185 2709 264 2742 citus
277 2714 336 2749 est,
351 2714 383 2742 et
397 2710 474 2750 gulae
485 2710 628 2752 voluptati
650 2714 789 2749 tanquam
807 2710 935 2742 dominae
950 2710 1007 2741 ob-

239 2790 289 2832 μ)
308 2789 368 2832 Ἓξ
382 2792 438 2832 7‘5”
458 2790 575 2832 ὀργάνων
596 2792 812 2832 γαστριζόμενος,

219 2789 289 2874 έηζ
312 2789 364 2821 Ἐκ
385 2792 438 2820 τῶν
458 2790 575 2860 ὀςγάνων
596 2792 812 2832 γαστριζόμενος.
872 2831 879 2838 0

234 2831 272 2864 15
307 2829 396 2860 Ἀλλὰ
410 2832 474 2871 Θιρμ
491 2844 504 2861 ν
520 2833 671 2872 εὐτρεπίσας
688 2841 696 2849 ο
722 2831 794 2864 Nam
824 2831 938 2863 calidus
953 2839 1008 2871 po-

889 184 1030 217 ORATIO
1052 183 1177 214 XXXII.

1823 184 1883 217 486

1058 249 1215 290 sequitur?
1231 251 1379 280 Ponamus
1400 253 1500 280 tamen
1526 260 1593 281 eum
1618 251 1767 284 abstinere
1783 253 1820 284 ab
1835 254 1882 285 his

1060 303 1126 334 quae
1143 294 1373 331 nominavimus,
1397 299 1426 325 et
1454 304 1551 335 neque
1568 295 1603 326 ad
1620 296 1695 327 alius
1718 297 1882 338 cujuspiam

1060 339 1168 369 cellam
1183 339 1276 377 adire,
1286 348 1385 379 noque
1393 339 1484 370 alium
1496 339 1531 369 ad
1543 340 1647 371 cellam
1661 341 1816 373 admittere
1827 352 1883 373 nec

1060 383 1256 414 diffarciendo
1271 384 1379 425 ventri,
1396 389 1444 414 aut
1461 385 1614 425 potationi,
1635 390 1685 416 aut
1700 386 1802 417 otiosis
1814 397 1881 418 ser-

1060 428 1200 459 monibus
1215 437 1332 469 vacare,
1350 429 1401 459 sed
1418 429 1518 459 clauso
1534 429 1608 460 ostio
1635 430 1665 460 in
1688 430 1763 461 cella
1786 432 1881 462 solum

1059 473 1178 513 penitus
1195 482 1328 509 manere,
1347 473 1417 513 quid
1436 474 1492 503 hoc
1506 473 1675 514 eiprodest,
1687 475 1881 515 sispiritualis

1058 518 1135 548 actio
1151 527 1218 548 cum
1235 518 1432 557 intelligentia
1448 517 1535 555 desit,
1547 519 1648 550 sedeat
1663 524 1761 550 autem
1777 520 1881 560 legens

1059 562 1210 602 quippiam
1226 562 1262 592 ad
1278 562 1515 602 depromendum
1531 563 1642 603 aliquid
1655 569 1788 602 temgore
1796 574 1882 605 syna-

1058 615 1139 642 xeos,
1154 611 1204 636 aut
1221 606 1309 637 etiam
1326 606 1356 637 in
1372 607 1512 644 adventu,
1530 616 1582 637 seu
1600 609 1757 647 praesentia
1771 609 1880 641 amico-

1056 659 1134 689 rum,
1159 655 1189 681 ut
1217 651 1315 681 sciens
1335 661 1369 682 ac
1386 653 1498 692 peritus
1513 651 1673 682 videatur?
1688 651 1744 683 Sed
1761 653 1878 693 demus,

1056 705 1122 726 cum
1140 706 1198 726 non
1222 697 1278 726 hoc
1303 697 1361 726 tino
1386 700 1415 727 et
1436 706 1540 735 scopo,
1558 697 1611 728 sed
1625 697 1759 728 utilitatis
1771 699 1876 738 gratia,

1057 744 1086 771 et
1101 745 1131 771 ut
1147 740 1268 771 verbum
1282 741 1334 771 Dei
1344 741 1442 771 audiat
1456 741 1570 772 divinas
1582 741 1750 782 Scripturas
1767 743 1876 783 legere:

1055 785 1164 816 deinde
1180 795 1314 825 surgere,
1328 790 1356 816 et
1371 786 1407 816 ad
1417 786 1561 816 orandum
1574 790 1663 824 stare,
1680 787 1800 828 sintque
1813 789 1879 828 ejus

1055 830 1148 860 oratio
1166 830 1270 870 psalmi
1288 830 1357 868 duo,
1372 831 1557 868 tresdeccm,
1570 836 1703 871 centum,
1722 832 1877 864 adoratio-

1057 883 1109 904 nes
1125 874 1263 905 similiter
1279 884 1346 905 eum
1361 884 1502 914 peragere
1518 884 1607 914 quam
1624 876 1730 906 multas
1746 876 1798 908 vis.
1810 877 1879 909 Post

1055 918 1175 948 modum
1187 919 1230 950 sic
1246 919 1372 959 expletis
1384 919 1534 959 omnibus,
1547 920 1666 950 mandat
1677 929 1784 960 corpus
1794 931 1878 952 som-

1055 971 1105 1000 n0,
1120 963 1193 993 nihil
1205 964 1343 1003 amplius.
1359 963 1432 999 Quis
1444 963 1533 1002 igitur
1548 963 1577 994 ei
1592 964 1716 1001 fructus,
1739 965 1876 1005 obsecro,

1054 1007 1124 1037 dum
1141 1008 1232 1046 istud,
1245 1012 1276 1038 et
1286 1008 1381 1038 solum
1392 1008 1461 1048 agit,
1479 1017 1535 1038 nec
1545 1008 1655 1039 fructus
1668 1019 1802 1049 precum,
1815 1011 1879 1042 lec-

1056 1052 1156 1090 tionis,
1175 1062 1228 1092 per
1245 1052 1577 1093 pmnitentiaelacrymas
1593 1053 1623 1083 in
1639 1054 1703 1093 ejus
1718 1054 1818 1086 anima
1830 1056 1876 1086 ef-

1055 1096 1209 1127 ﬂorescit?
1224 1097 1273 1137 qui
1289 1097 1409 1138 quidem
1431 1097 1543 1128 fructus
1567 1102 1611 1128 est
1632 1098 1874 1138 pertubationum

1055 1141 1194 1180 vacultas,
1207 1142 1382 1172 humilitatis
1393 1146 1422 1173 et
1438 1143 1675 1173 mansuetudinis
1689 1144 1835 1183 accessio,
1851 1150 1882 1177 et

1055 1186 1184 1225 cognitio
1201 1196 1267 1217 cum
1281 1187 1437 1227 sapientia.
1450 1186 1581 1223 Quilibet
1595 1187 1687 1225 enim,
1703 1188 1753 1228 qui
1773 1198 1809 1219 ex
1826 1199 1879 1221 co-

1057 1231 1190 1270 gnitione
1206 1231 1434 1271 spiritualiopus
1446 1232 1652 1262 mandatorum
1666 1234 1718 1263 Dei
1729 1233 1811 1272 facit,
1823 1244 1879 1275 pro

1057 1276 1194 1315 portione
1210 1276 1365 1306 laboriosae
1381 1277 1504 1307 actionis
1520 1286 1591 1315 suae,
1608 1286 1674 1317 quae
1697 1277 1776 1309 dicta
1797 1284 1878 1318 sunt,

1055 1321 1192 1361 acquirit.
1210 1320 1241 1352 Si
1256 1326 1354 1352 autem
1370 1321 1506 1352 laborare
1517 1331 1548 1352 se
1560 1322 1751 1360 eiustimanli,
1765 1328 1793 1354 et
1804 1334 1878 1364 ope-

1057 1366 1133 1396 ranti
1150 1376 1210 1396 non
1224 1366 1379 1396 eflloreant
1391 1376 1455 1406 quae
1467 1366 1543 1397 dicta
1556 1371 1636 1404 sunt,
1650 1377 1707 1397 non
1720 1372 1879 1399 estsecun-

1056 1411 1124 1441 dum
1144 1413 1236 1442 Deum
1255 1411 1320 1451 ejus
1336 1412 1424 1451 actio,
1438 1412 1490 1442 sed
1504 1412 1878 1452 tantummodoadplacen-

1056 1456 1125 1486 dum
1139 1455 1322 1492 hominil:us,
1334 1460 1362 1486 et
1373 1456 1478 1487 merito
1489 1456 1612 1487 meliora
1625 1466 1682 1487 non
1696 1458 1876 1498 assequitur.

1055 1499 1111 1535 Qui
1124 1500 1215 1539 igitur
1229 1501 1269 1531 de
1281 1501 1337 1538 his,
1352 1500 1388 1531 de
1401 1501 1508 1541 quibus
1524 1501 1614 1531 locuti
1634 1511 1749 1539 sumus,
1767 1512 1878 1542 perpe-

1057 1550 1105 1575 tuo
1123 1546 1209 1576 talem
1226 1546 1314 1577 vitam
1338 1545 1417 1583 vivit,
1436 1546 1542 1585 poterit
1559 1555 1595 1576 ne
1610 1546 1781 1587 aliquando,
1802 1548 1879 1579 sicut

1056 1589 1092 1620 ab
1116 1589 1201 1620 initio
1226 1590 1454 1620 renuntiationis
1476 1600 1547 1628 suae,
1570 1590 1700 1630 seipsum
1726 1595 1817 1622 totum
1841 1592 1878 1623 ad

1052 1634 1151 1665 omnia
1161 1635 1325 1665 secundum
1339 1634 1432 1664 Deum
1445 1634 1579 1665 modesta
1595 1635 1769 1666 sustinenda
1778 1645 1812 1667 ac
1824 1646 1878 1676 pa-

1051 1679 1152 1710 tienda
1170 1688 1203 1709 ex
1211 1688 1338 1719 ponens,
1352 1683 1385 1709 ut
1400 1688 1489 1719 supra
1504 1679 1645 1716 diximus,
1663 1680 1818 1721 lacrymas,
1830 1686 1878 1711 aut

1051 1724 1311 1762 compunctionem
1342 1723 1468 1763 adipisci
1496 1734 1502 1754 :
1527 1728 1578 1754 aut
1592 1733 1658 1764 quae
1672 1734 1688 1754 a
1704 1725 1815 1756 mundo
1834 1725 1878 1756 illi

1054 1769 1206 1799 adhaerent
1220 1768 1300 1806 vitia,
1318 1773 1348 1799 et
1361 1768 1594 1808 improbitatem,
1609 1773 1638 1800 et
1650 1769 1789 1799 duritiam
1807 1779 1877 1800 corv

1054 1813 1100 1843 dis
1108 1813 1239 1853 abjicere
1250 1813 1507 1853 humilitatemque
1514 1813 1683 1853 possidere?
1690 1815 1861 1854 neutiquam
1868 1839 1875 1845 .

1054 1857 1315 1898 Seducitscipsum
1327 1860 1496 1899 quicunque
1509 1859 1551 1889 sic
1564 1863 1657 1898 putat,
1669 1863 1718 1889 aut
1730 1859 1786 1889 sibi
1802 1860 1877 1891 hanc

1053 1903 1149 1942 legem
1161 1903 1481 1939 fertQuamadmodum
1493 1903 1574 1934 onim
1587 1913 1644 1934 non
1659 1908 1755 1944 potest
1764 1904 1876 1935 ferrum

1053 1957 1111 1978 non
1127 1948 1253 1986 ignitum
1267 1957 1351 1988 aeque
1367 1952 1398 1978 ut
1412 1948 1536 1988 ignitum
1551 1949 1757 1988 resplendere,
1776 1953 1826 1979 aut
1840 1949 1876 1979 ad

1053 1992 1208 2023 mollitiem
1224 1993 1311 2023 aliam
1327 1993 1452 2033 quadam
1470 1993 1607 2024 machina
1622 1993 1731 2033 redigi,
1747 1997 1775 2023 et
1790 1993 1878 2024 fabri-

1052 2037 1128 2075 curi,
1145 2042 1174 2068 et
1188 2038 1217 2067 in
1230 2037 1459 2068 instrumentum
1470 2038 1536 2069 usui
1547 2039 1804 2069 accommodatum
1819 2038 1875 2069 for-

1054 2082 1128 2112 mari
1143 2093 1148 2112 :
1162 2083 1204 2113 sic
1213 2092 1310 2122 neque
1327 2083 1525 2122 negligentem
1535 2093 1569 2114 ac
1580 2083 1731 2118 desidem,
1751 2082 1876 2113 etvitam

1052 2127 1092 2157 ita
1111 2128 1228 2157 noxiam
1246 2127 1416 2167 degentem,
1439 2131 1470 2157 ut
1486 2128 1654 2165 docuimus,
1673 2127 1817 2168 possibile
1833 2132 1879 2158 est

1055 2171 1094 2210 ei,
1111 2171 1161 2211 qui
1177 2181 1193 2202 a
1209 2171 1356 2212 principio
1373 2181 1406 2202 ex
1422 2171 1606 2212 subjeclione
1618 2182 1688 2212 erga
1699 2171 1799 2202 Patres
1810 2172 1875 2212 spi-

1054 2216 1179 2247 rituales
1195 2216 1345 2256 przeclaris
1364 2217 1456 2247 veluti
1481 2216 1585 2247 formis
1607 2217 1775 2257 impressus
1789 2219 1878 2256 atque

1053 2261 1245 2300 consignatus
1260 2265 1316 2302 est,
1337 2261 1466 2292 etvitam
1481 2261 1638 2293 virtutibus
1654 2266 1786 2293 ornatatn
1803 2271 1878 2293 con-

1052 2310 1172 2336 secutus
1188 2315 1288 2346 parem
1305 2316 1384 2343 esse,
1407 2306 1575 2346 iisdemque
1598 2306 1696 2344 donis,
1714 2310 1743 2337 et
1758 2306 1876 2337 charis-

1052 2350 1139 2381 matis
1154 2350 1282 2391 Spiritus
1298 2351 1363 2381 frui.
1383 2352 1445 2383 Nec
1461 2351 1582 2390 injuria.
1598 2351 1653 2387 Qui
1665 2351 1745 2382 enim
1763 2355 1807 2382 est
1817 2351 1876 2383 hu-

1052 2395 1131 2425 milis
1143 2395 1241 2433 corde,
1255 2395 1690 2436 cogitationesquesubmissas,
1703 2400 1732 2426 et
1741 2396 1876 2427 animum

1051 2440 1210 2471 contritum
1228 2440 1314 2480 gerit,
1345 2445 1372 2471 et
1396 2441 1505 2471 divinis
1528 2440 1692 2481 Scripturis
1714 2440 1877 2472 studiosius

1051 2494 1156 2526 parere
1163 2485 1306 2522 decrevit,
1316 2490 1346 2516 et
1357 2487 1489 2526 quamvis
1502 2486 1724 2517 tribulationem
1737 2485 1875 2523 sustinet,

1051 2539 1144 2568 genus
1154 2539 1243 2561 omne
1257 2531 1453 2562 tentationum
1466 2532 1590 2571 perfert,
1603 2531 1726 2571 insuper
1737 2530 1877 2562 omnibus

1051 2574 1265 2614 abjectioribus
1272 2584 1305 2606 se
1316 2585 1427 2606 annum
1433 2576 1644 2617 erat,actiones
1652 2575 1876 2613 videlicetsuas,

1050 2623 1079 2650 et
1093 2623 1213 2659 peccata
1228 2623 1382 2660 reputans,
1406 2623 1435 2651 et
1459 2620 1593 2660 quotidie
1616 2620 1812 2661 semetipsum
1827 2629 1878 2651 re-

1051 2663 1255 2705 prehendens,
1280 2668 1368 2704 atque
1399 2668 1431 2695 ut
1456 2669 1645 2705 peccatorem
1670 2664 1876 2703 considerans,

1051 2709 1132 2740 brevi
1150 2712 1297 2750 tempore,
1312 2709 1366 2740 Dei
1374 2709 1494 2750 adjutus
1509 2709 1614 2751 gratia,
1628 2710 1756 2751 prolicit,
1769 2719 1876 2751 quam-

1050 2794 1098 2832 tus
1113 2788 1184 2832 olir_n
1214 2789 1245 2819 in
1273 2788 1391 2832 deliciis
1419 2789 1594 2830 habebatur,
1625 2791 1663 2822 de
1687 2800 1745 2831 quo
1761 2790 1878 2832 Lipsius

1049 2829 1103 2862 lib.
1118 2838 1138 2860 ιι
1153 2829 1246 2861 Elect.
1263 2837 1329 2871 cap.
1347 2831 1377 2863 4.
