4160 6424
416 375 534 440 487
1718 375 2114 446 ΒΥΜΕΟΝΙδι
2136 376 2498 445 ῚΗΝΙΟΒΙΒ
3680 380 3801 446 488

415 507 504 570 vis
529 508 836 571 hominem
879 527 1000 572 non
1045 508 1282 587 habeat,
1317 528 1352 572 a
1382 529 1498 592 quo
1529 509 1604 574 ad
1635 512 1884 575 salutem
1918 530 2064 594 per-
2084 521 2128 571 Α
2149 512 2306 576 tatis.
2339 509 2572 576 Deinde
2601 509 2895 574 bonorum
2925 531 2961 574 a
2988 511 3114 576 Deo
3163 513 3359 595 ipsum
3418 512 3803 594 diligentibus

416 597 668 660 tinentia
697 598 1020 662 doceatur:
1049 599 1330 680 paulatim
1372 600 1738 663 exscindeus
1761 601 1836 663 ab
1867 602 2067 664 anima
2147 610 2636 682 praeparatarum,
2687 620 2757 663 ac
2795 601 3193 683 repositorum
3229 602 3596 664 desiderium
3624 602 3797 681 inge-

415 705 544 762 sua,
580 705 714 768 quae
737 687 791 748 ei
823 705 894 751 ex
927 689 1040 750 hoc
1061 689 1288 750 mundo
1318 691 1664 771 pravitates,
1695 698 1755 753 et
1787 691 2066 772 nequitiae
2146 701 2336 754 nerat.
2375 693 2513 754 Ηωο
2539 692 2816 753 universa
2845 711 2980 753 cum
3009 691 3308 774 lacrymis,
3342 691 3432 754 vel
3464 691 3661 772 potius
3696 708 3803 773 per

415 774 1367 862 adhaerescuntjllarumqueloco
1391 777 2061 857 virtutesintroducens,
2148 779 2438 861 lacrymas
2481 781 2718 842 divinus
2766 781 3250 862 compunctionis
3295 780 3452 860 ignis
3491 790 3796 860 operatur.

417 861 531 935 Qui
560 882 700 928 vero
731 864 1111 928 immunditia
1141 867 1354 946 plenus
1385 873 1499 949 est,
1555 876 1614 930 et
1651 888 1718 930 se
1751 868 2065 946 magnifice
2145 867 2386 949 Absque
2416 867 2692 948 lacrymis
2721 861 2946 944 autem,
2966 877 3030 930 ut
3053 869 3313 932 diximus
3340 869 3486 949 (ιθ),
3513 869 3660 929 nihil
3685 868 3799 930 ho-

416 952 845 1034 circumspicit,
869 974 938 1016 ac
959 955 1071 1016 sub
1114 956 1340 1037 potenti
1381 975 1558 1018 manu
1588 957 1695 1021 Dei
1735 957 2058 1030 humiliari,
2143 973 2276 1016 rum
2309 964 2407 1017 aut
2439 955 2500 1016 in
2530 955 2701 1017 nobis
2731 955 2905 1034 ipsis,
2929 957 3111 1019 autin
3127 957 3261 1018 aliis
3290 975 3552 1037 unquam
3575 956 3794 1018 factum

420 1043 695 1124 Patrique
725 1044 1020 1124 spirituali
1050 1045 1255 1106 cordis
1299 1045 1390 1107 sui
1439 1047 1740 1127 nequitias
1769 1048 2060 1122 revelare,
2147 1052 2258 1118 est,
2295 1061 2493 1125 neque
2543 1045 2666 1105 ﬁet.
2711 1043 2833 1106 Nec
2882 1045 3043 1106 enim
3095 1065 3165 1108 ex
3211 1045 3432 1107 divinis
3477 1043 3802 1126 Scripturis

417 1139 476 1193 et
499 1131 554 1194 ei
575 1132 902 1209 adhaerere,
927 1134 1245 1216 facereque
1292 1143 1351 1197 et
1402 1135 1521 1216 pati
1563 1136 1764 1198 omnia
1810 1154 1941 1216 qua:
1989 1138 2062 1197 ad
2146 1131 2458 1213 quisquam
2507 1131 2800 1213 probabit,
2846 1133 2994 1195 citra
3025 1135 3346 1215 lacrymas,
3381 1133 3798 1214 compunctio-

415 1220 691 1283 virtutem
711 1221 968 1284 etDeum
993 1239 1127 1287 cum
1157 1223 1522 1286 discretione
1559 1225 1915 1307 perducunt,
1948 1225 2062 1286 bo-
2147 1240 2404 1302 nemque
2419 1229 2770 1303 perpetuam
2784 1223 3105 1305 aliquando
3124 1223 3464 1305 quempiam
3485 1230 3796 1304 purgatum

417 1309 1111 1392 minemquesecundum
1149 1312 1346 1392 ipsum
1386 1313 1723 1394 perﬁciunt,
1759 1332 1880 1376 non
1913 1314 2059 1394 vult,
2148 1309 2356 1387 fuisse,
2407 1321 2502 1372 aut
2545 1311 2919 1374 sanctitatem
2968 1314 3296 1389 invenisse,
3350 1319 3450 1374 aut
3506 1311 3797 1392 Spiritum
3847 1345 3858 1350 κ

415 1401 583 1476 pejor
612 1399 679 1460 fit
708 1419 886 1481 quam
936 1400 998 1462 in
1050 1401 1271 1463 mundo
1324 1413 1476 1479 erat,
1513 1403 1723 1483 spiritu
1757 1403 2060 1466 mundano
2144 1407 2415 1460 sanctum
2462 1399 2791 1481 accepisse,
2833 1411 2932 1463 aut
2972 1402 3158 1465 Deum
3203 1401 3450 1473 vidisse,
3494 1409 3594 1461 aut
3640 1400 3702 1461 in
3734 1417 3800 1462 se

411 1505 674 1564 reverso,
701 1500 762 1552 et
792 1489 852 1550 in
877 1509 947 1552 eo
979 1489 1306 1568 habitante,
1337 1511 1472 1553 cum
1505 1492 1640 1553 aliis
1680 1501 1910 1573 septem
1943 1511 2058 1556 ne-
2143 1487 2512 1550 habitantem
2542 1490 2824 1566 sensisse,
2862 1500 2965 1553 aut
3005 1491 3251 1553 omnino
3293 1489 3611 1570 aliquando
3639 1489 3797 1550 hunc

412 1595 588 1656 quam
621 1578 952 1658 spiritibus.
987 1581 1062 1642 Et
1090 1581 1171 1642 ita
1209 1581 1311 1642 ille
1344 1581 1499 1644 alius
1531 1583 1774 1643 fratrem
1807 1601 1924 1643 una
1959 1601 2060 1644 se-
2143 1577 2342 1638 cordis
2391 1578 2650 1640 incolam
2714 1579 3022 1661 habuisse,
3096 1579 3471 1660 paenitentia,
3526 1579 3795 1658 inquam,

414 1685 548 1727 cum
576 1667 833 1731 stadium
863 1668 1200 1747 ingressum
1229 1679 1456 1732 tantum
1483 1671 1918 1751 antegreditur,
1959 1679 2063 1734 aut
2143 1667 2727 1749 compunctioneque
2784 1688 2905 1730 non
2957 1671 3362 1750 praecedente,
3425 1675 3481 1728 et
3538 1667 3712 1748 quasi
3762 1685 3796 1728 a

414 1754 622 1829 vincit,
655 1764 941 1837 quantum
970 1758 1072 1838 qui
1102 1757 1281 1835 liber,
1316 1778 1384 1821 ac
1413 1759 1642 1822 solutus
1687 1760 1897 1837 currit,
1927 1760 2060 1821 vin-
2142 1755 2305 1817 fonte
2336 1776 2578 1838 semper
2613 1757 2981 1820 scatentibus
3008 1758 3250 1820 assiduo
3270 1757 3552 1838 lacrymis
3574 1777 3590 1833 ;
3611 1757 3795 1817 inun-

417 1844 570 1907 culis
594 1854 654 1908 et
683 1846 1074 1928 compedibus
1120 1848 1330 1910 ferreis
1375 1849 1731 1929 impeditum
1774 1859 2015 1930 superat
2042 1868 2055 1913 :
2084 1845 2422 1933 Bdantibus
2501 1847 2782 1909 nimirum
2809 1897 2826 1929 ,
2890 1848 3350 1929 eluentibusque
3423 1845 3794 1908 domicilium

416 1943 477 1996 at
505 1933 618 1997 iste
646 1933 857 2010 victus,
906 1936 969 1997 in
1023 1938 1193 1999 malis
1243 1939 1567 2019 prioribus,
1601 1947 1700 2001 aut
1723 1939 2061 2002 derioribus
2144 1935 2379 2011 animaa,
2402 1953 2656 2016 eamque
2695 1936 2768 1997 ab
2812 1937 2956 2017 iane
2997 1943 3303 1999 inaccesso
3325 1945 3700 2016 occupatam,
3736 1942 3794 1996 et

421 2023 600 2086 etiam
630 2034 961 2106 permanet,
981 2027 1192 2089 nolens
1213 2027 1274 2088 in
1297 2028 1694 2110 deposcendis
1712 2029 1828 2092 sibi
1849 2037 2061 2110 sponte
2143 2023 2456 2086 ardentem
2491 2024 2887 2087 irrorantibus
2916 2046 2985 2088 ac
3009 2023 3523 2104 refrigerantibus.

420 2119 652 2181 virtutis
681 2120 1130 2196 certaminibus,
1164 2122 1428 2184 facinora
1446 2123 1600 2186 bona
1630 2125 1848 2186 facere.
2224 2111 2335 2183 Qut
2369 2111 2546 2192 igitur
2574 2121 2886 2176 autumant
2931 2117 3060 2176 dies
3109 2134 3178 2176 ac
3227 2122 3435 2176 noctes
3486 2115 3631 2174 ﬂere
3673 2130 3794 2174 non

499 2206 753 2284 Idcirco,
787 2215 851 2270 ut
880 2228 1061 2290 supra
1090 2211 1290 2291 docui,
1324 2220 1382 2273 et
1429 2215 1742 2293 Scriptura
1783 2205 2066 2274 divinitus
2148 2217 2281 2293 esse
2303 2201 2612 2293 possibile,
2649 2203 2881 2293 seipsos
2915 2203 3078 2266 omni
3115 2205 3329 2265 virtute
3369 2202 3621 2264 nudatos
3652 2219 3794 2282 pro-

418 2297 706 2378 inspirata
736 2289 969 2378 passim,
993 2306 1241 2362 testatur
1271 2289 1492 2362 fructus
1512 2289 1786 2377 actionis,
1820 2311 1879 2364 et
1909 2302 2061 2364 fruc-

2149 2289 2318 2352 dunt.
2343 2291 2404 2354 Si
2436 2292 2596 2353 enim
2628 2303 2813 2354 sancti
2845 2292 3052 2355 Patres
3084 2293 3270 2356 nostri
3297 2294 3376 2354 ito
3416 2299 3792 2371 asserueunt,

417 2377 583 2448 tuum
617 2377 1014 2465 conciliatrix,
1047 2388 1168 2450 imo
1198 2408 1336 2452 vero
1381 2391 1649 2454 effectrix
1697 2411 1766 2454 ac
1817 2410 2060 2472 parens,

2152 2377 2565 2472 dixeruntque,
2613 2381 2717 2462 qui
2769 2383 2892 2443 vult
2935 2381 3405 2472 pertubationes
3461 2389 3795 2472 amputare,

415 2483 474 2562 et
494 2475 835 2538 fabricatrix
863 2477 1144 2539 virtutum
1191 2479 1460 2541 omnium
1510 2467 1897 2562 compunctio
1945 2467 2057 2542 est;
2144 2467 2288 2562 ρθίυ
2313 2487 2414 2530 935
2443 2478 2732 2551 amputat,
2762 2479 2819 2532 θι
2848 2471 3103 2562 (ἰαί-Ανυίί
3132 2488 3484 2562 compara”?
3523 2469 3794 2544 Virtutes.

413 2561 672 2626 Proinde
721 2564 822 2645 qui
869 2565 1214 2629 affectiones
1259 2567 1527 2629 turbidas
1566 2557 1903 2649 amputare,
1962 2578 2056 2630 aut

2152 2557 2288 2619 fletu
2317 2575 2416 2617 eas
2444 2570 2770 2638 comparat,
2797 2559 3179 2620 manifestum
3215 2567 3324 2634 est,
3362 2558 3464 2640 qui
3498 2575 3617 2618 non
3642 2574 3795 2636 quo-

411 2653 659 2716 virtutes
689 2643 997 2735 possidere
1025 2657 1212 2737 cupit,
1237 2657 1392 2719 hanc
1415 2677 1534 2738 prae
1557 2643 1731 2722 bonis
1754 2643 2057 2734 omnibus,
2145 2643 2287 2706 “die
2318 2644 2511 2707 fundit
2549 2646 2840 2738 Ιδοτγιηειε
2893 2666 3030 2710 eum
3075 2666 3272 2738 neque
3315 2647 3800 2738 Ρθνίυνδδίῖοηθξ

413 2751 474 2805 et
501 2762 636 2805 cum
670 2734 984 2805 virtutibus
1014 2734 1295 2808 omnibus
1327 2734 1646 2827 diligenter
1686 2757 2056 2811 consectetur

2156 2742 2478 2814 amputare,
2513 2755 2708 2816 neque
2729 2737 2976 2798 virtutes
2998 2737 3182 2819 probe
3204 2737 3543 2818 acquirere,
3567 2734 3799 2797 etiamsi

411 2849 664 2894 necesse
695 2840 806 2907 est,
842 2832 972 2895 sine
1002 2853 1118 2914 qua
1147 2835 1408 2896 animam
1439 2823 1606 2898 suam
1625 2838 1778 2898 haud
1804 2857 2063 2918 unquam
2147 2823 2220 2883 ad
2252 2842 2494 2903 Operam
2528 2844 2593 2886 se
2634 2828 2779 2889 dare
2806 2826 3157 2918 arbitretur.
3191 2825 3351 2918 Ουιά,
3377 2843 3657 2918 namque.
3691 2842 3794 2884 οΐο

413 2939 622 3002 puram
648 2921 998 2999 intuebitur,
1035 2933 1217 3005 atque
1244 2923 1326 2985 ita
1359 2925 1537 2986 etiam
1585 2925 1853 3006 corporis
1897 2914 2065 3007 puri-
2150 2919 2230 3008 ιθ)
2261 2918 2670 3008 ’ληδῐτυῃῐῐιθηίδ
2707 2916 2853 3008 {Irus
2896 2917 3259 2991 οοηάυευιιῐ,
3305 2914 3356 2974 εί
3410 2915 3619 2974 artifex
3656 2930 3796 3008 ,ῐξοη

415 3000 595 3072 tatem
629 3011 975 3091 neutiquam
1006 3000 1454 3094 acquiret.Sitte
1476 3033 1630 3096 aqua
1649 3000 1942 3097 siquidem
1969 3034 2064 3078 ve-
2145 3002 2323 3079 ads".
2374 3003 2832 3097 qui‘materiam
2875 3013 3167 3097 }F_u0tal‘9:_
3213 3013 3276 3097 cf
3316 3019 3393 3097 εξ
3423 3019 3492 3062 ea
3521 3017 3620 3097 “is
3651 3000 3789 3097 id":

413 3099 758 3160 stimentum
798 3087 1257 3180 conspurcatum
1298 3087 1549 3164 abluere
1590 3087 1970 3166 non'datur:
2002 3112 2056 3166 et

2147 3109 2324 3155 neum
2359 3093 2656 3157 conficere
2689 3093 2900 3156 novit?
2928 3094 3002 3155 Et
3031 3093 3174 3174 quid
3201 3090 3398 3152 alitori
3448 3087 3711 3170 prodest,
3741 3087 3787 3150 si

414 3188 546 3250 sine
575 3189 850 3269 lacrymis
871 3173 1072 3253 anima
1093 3191 1278 3270 ablui,
1311 3201 1489 3273 atque
1518 3212 1552 3254 a
1577 3193 1824 3256 maculis
1854 3193 2056 3275 inqui-
2080 3173 2119 3224 C
2145 3182 2384 3275 hortum
2418 3191 2604 3248 totum
2635 3185 2964 3266 subegerit,
2997 3187 3345 3275 uterumque
3385 3198 3563 3275 omne
3604 3196 3792 3260 genus

412 3277 826 3359 namentisque
850 3279 1088 3360 purgari
1113 3281 1294 3343 multo
1339 3270 1537 3344 minus
1567 3289 1784 3363 potest.
1809 3281 1895 3344 Ne
1927 3270 2058 3343 ina-
2141 3272 2204 3334 in
2233 3292 2303 3363 e0
2333 3275 2738 3350 seminaverit,
2785 3288 2962 3356 alque
3010 3273 3384 3363 ριαυιεινθζίῐ,
3419 3270 3474 3333 εί
3515 3288 3697 3363 super
3727 3287 3796 3331 ea

412 3384 547 3440 nes,
575 3359 908 3448 animaeqde
932 3369 1160 3446 noxias,
1193 3370 1340 3448 sive,
1374 3379 1438 3432 ut
1467 3359 1662 3432 verius
1701 3369 1916 3440 dicam,
1948 3390 2058 3452 pe-
2142 3362 2293 3424 caelo
2325 3363 2517 3426 imber
2546 3383 2665 3452 non
2696 3364 3102 3435 descenderit,
3136 3371 3236 3424 aut
3273 3361 3324 3422 si
3365 3378 3518 3441 aqua
3547 3359 3793 3452 irrigata

413 3455 573 3518 nitus
603 3447 894 3532 falsas,iet
922 3459 1199 3521 exitiosas
1229 3447 1648 3523 exeusationes
1678 3447 2054 3525 excusemus:
2143 3469 2262 3512 non
2293 3453 2515 3514 fuerint
2538 3453 2562 3514 ἴ
2586 3451 2746 3513 Nihil
2777 3471 3046 3533 prorsus.
3081 3452 3176 3514 Sic
3205 3468 3403 3531 neque
3433 3452 3533 3529 qui
3564 3448 3625 3508 in
3657 3447 3792 3508 aliis

410 3544 515 3606 sed
547 3546 698 3608 hanc
740 3547 1016 3609 virtutum
1048 3555 1313 3629 reginam
1349 3558 1468 3612 toto
1501 3560 1744 3632 pectore
1774 3550 2056 3627 exquira-
2141 3541 2460 3632 uirtutibus
2479 3541 2769 3632 elaborat,
2795 3560 3016 3632 easque
3037 3543 3444 3623 persequitur,
3470 3537 3599 3632 sine
3620 3537 3791 3598 beata

410 3651 564 3695 mus.
591 3634 703 3706 Qui
737 3636 898 3697 enim
920 3637 980 3698 id
1015 3627 1140 3702 toto
1163 3640 1364 3701 animo
1396 3627 1554 3716 facit,
1588 3639 1756 3701 illam
1789 3641 2014 3701 invenit
2045 3659 2053 3703 :

2146 3630 2268 3707 illa,
2306 3639 2366 3692 et
2393 3638 2602 3692 sancta
2651 3630 2914 3708 domina,
2945 3633 3344 3710 virtutumque
3389 3627 3658 3688 omnium
3689 3644 3789 3686 ar-

409 3723 503 3784 vel
526 3724 721 3804 potius
742 3725 873 3806 ipsa
901 3727 1218 3806 accedens,
1249 3748 1314 3791 se
1345 3748 1478 3791 cum
1511 3727 1716 3791 labore
1747 3729 2061 3811 requiren-
2145 3723 2406 3784 chitecta
2434 3721 2622 3782 ullum
2657 3739 2855 3802 operte
2885 3722 3142 3802 pretium
3171 3720 3370 3782 faciet.
3403 3720 3479 3780 Ut
3510 3718 3668 3811 enim
3687 3717 3795 3778 im-

411 3821 530 3874 tem
551 3805 812 3875 invenit:
845 3824 903 3876 et
931 3834 1037 3877 seu
1067 3805 1208 3894 aere,
1235 3837 1339 3879 seu
1370 3818 1552 3892 ferro,
1600 3835 1707 3881 seu
1745 3805 2061 3881 adamante
2145 3820 2386 3892 perator
2409 3812 2541 3873 sine
2572 3812 2838 3874 exercitu
2888 3830 2995 3874 suo
3041 3811 3323 3873 infirmus
3355 3815 3469 3884 est,
3505 3815 3565 3868 et
3591 3805 3654 3867 in
3683 3825 3792 3868 cu-

409 3919 516 3962 cor
538 3901 747 3964 durius
777 3903 1073 3986 habuerit,
1108 3906 1286 3968 simul
1307 3915 1483 3988 atque
1505 3907 1838 3985 advenerit,
1858 3907 2061 3989 quavis
2137 3901 2327 3981 jusvis
2387 3908 2744 3982 potestatem
2795 3900 3000 3962 venire
3047 3908 3260 3982 potest,
3311 3896 3796 3989 nec__imperator

409 4008 548 4052 cera
574 3991 721 4052 illud
757 3993 991 4055 mollius
1010 3985 1229 4059 reddit.
1258 4001 1361 4060 Est
1383 3985 1541 4058 enim
1563 3997 1800 4060 divinus
1819 3985 2058 4077 quidam
2141 3999 2406 4072 apparet,
2445 3990 2552 4054 sed
2581 3999 2932 4052 caeterorum
2969 3990 3280 4052 hominum
3303 3985 3519 4077 similis
3549 3994 3639 4046 est
3665 4003 3679 4048 :
3707 3985 3795 4046 sic

408 4079 629 4157 ingnis,
656 4088 888 4144 montes
917 4093 976 4144 et
1006 4093 1203 4164 petras
1225 4086 1554 4163 resolvens,
1582 4097 1639 4148 et
1669 4075 2059 4168 comp—lanans
2142 4080 2402 4142 vicissim
2434 4080 2719 4162 frequens
2749 4080 3067 4155 exercitus,
3112 4087 3180 4168 et
3218 4084 3412 4168 castra
3461 4075 3791 4168 imperato-

410 4170 635 4242 omnia,
661 4171 801 4232 etin
819 4163 1021 4234 hortos
1052 4185 1450 4251 commutans,
1483 4163 1834 4256 animasque
1857 4175 2056 4256 ipsum
2138 4187 2230 4250 re,
2280 4175 2381 4230 aut
2419 4186 2652 4230 summo
2683 4168 2834 4230 duce
2881 4187 2987 4230 suo
3034 4166 3334 4256 destituta.
3387 4163 3503 4256 Ῑεῗγί
3556 4163 3794 4256 [ζθεριίο

408 4259 806 4341 suscipientes
861 4264 1008 4326 alias
1057 4283 1232 4346 quam
1273 4250 1441 4328 erant
1486 4250 1784 4328 efficiens.
1819 4250 1963 4327 Nam
1995 4265 2059 4326 in
2141 4255 2530 4346 dissipantur,
2572 4257 2968 4346 delenturque
3009 4256 3082 4318 ab
3134 4251 3510 4346 adversariis.
3561 4250 3789 4346 Eodem

407 4338 608 4411 medio
639 4369 845 4413 earum
878 4355 945 4414 tit
976 4338 1133 4431 fons,
1165 4355 1325 4417 unde
1354 4374 1506 4437 aqua
1524 4355 1656 4417 vita;
1687 4372 1928 4436 semper
1956 4373 2058 4416 sa-
2143 4345 2323 4437 mede
2363 4345 2591 4437 luctum
2639 4345 2714 4408 ad
2745 4346 3009 4437 reliquas
3037 4340 3542 4437 virtutesbabere
3567 4358 3633 4401 se
3662 4338 3792 4400 exi-

407 4436 584 4514 liens,
614 4447 673 4502 et
703 4440 970 4504 emicans
999 4462 1099 4505 eas
1127 4445 1289 4525 large
1339 4431 1569 4525 irriget,
1618 4452 1677 4506 et
1721 4431 1996 4525 tanquam
2027 4461 2060 4504 a
2081 4433 2898 4542 Detima..Exercitum‘enim
2919 4435 2983 4495 in
3005 4452 3188 4495 unum
3220 4431 3559 4542 collectum,
3585 4445 3798 4490 omnes

405 4543 545 4589 vase
571 4527 635 4588 in
665 4547 768 4592 eos
798 4531 899 4611 qui
936 4549 1142 4612 prope,
1197 4519 1258 4596 εἰ
1299 4553 1402 4596 eos
1449 4519 1567 4615 ξιυῖ
1597 4533 1772 4613 longe
1810 4519 2056 4608 deﬂuat,
2081 4519 2489 4615 "isagogicas,
2533 4541 2602 4586 ac
2649 4523 2834 4586 veluti
2879 4521 3312 4615 praecursorius
3355 4519 3602 4615 virtutes
3658 4534 3794 4615 esse

407 4615 765 4706 abundeque
795 4605 1318 4700 impleat-animas,
1353 4605 1486 4704 qua;
1513 4641 1680 4685 sacra
1702 4605 1899 4684 vverba
1920 4605 2056 4683 cum
2141 4613 2386 4706 cogita:
2443 4613 2894 4706 imperatorem,
2928 4619 2989 4674 et
3032 4613 3248 4673 ducem
3295 4609 3507 4670 barum
3560 4605 3798 4706 beatum

408 4705 528 4797 ﬁde
573 4707 927 4789 suscipiunt.
965 4709 1125 4772 Eluit
1167 4713 1326 4774 enim
1371 4701 1565 4794 primo
1614 4711 1778 4774 labes
1822 4729 2056 4792 eorum,
2141 4703 2308 4797 illum
2341 4703 2586 4797 iuctuut,
2608 4709 2668 4765 et
2697 4701 3024 4784 ploratum.
3078 4717 3186 4797 Per
3231 4715 3410 4780 quem
3444 4705 3584 4797 ξοαξῖ
3611 4701 3798 4797 copiae

410 4795 512 4875 qui
542 4813 606 4856 se
640 4797 1133 4878 inqttinaverunt:
1165 4789 1534 4882 postea-vitio
1565 4799 1890 4880 implicitas
1913 4789 2058 4861 aﬂ'eé
2142 4791 2204 4853 in
2267 4793 2459 4882 aciem
2517 4792 2897 4872 digeruntur,
2933 4800 2990 4852 et
3021 4789 3398 4882 ordinantur,
3443 4789 3795 4882 incitantur,

407 4874 639 4948 ctiones
670 4874 786 4949 una
818 4889 984 4964 eluit,
1017 4909 1086 4951 ac
1118 4874 1411 4970 profligant,
1448 4909 1549 4952 eas
1593 4874 1704 4951 ceu
1747 4893 2056 4950 vulnerum
2141 4881 2636 4974 corroborantur,
2679 4890 2738 4944 et
2769 4899 2936 4974 arma
2965 4898 3181 4961 capere
3215 4877 3342 4953 ubi.
3373 4874 3703 4974 900111090.
3739 4885 3798 4974 Ῡι

407 4983 642 5036 crustas
665 4963 1042 5055 abstrahens,
1081 4963 1221 5060 puta
1252 4963 1601 5061 nequitiam,
1638 4978 2054 5054 invidiam,va-
2144 4972 2404 5054 quando,
2437 4980 2674 5052 etquae,
2722 4978 2784 5033 et
2828 4970 2891 5031 ίη
2934 4988 3139 5051 quem.
3192 4977 3250 5030 θῐ
3299 4963 3638 5045 ουᾸυεωοάί
3665 4964 3795 5061 ,Μ’

408 5083 544 5127 nam
579 5065 850 5144 gloriam,
882 5075 940 5129 et
972 5054 1186 5130 caetera
1223 5054 1422 5131 omnia
1475 5087 1608 5150 quae
1648 5068 1779 5130 illas
1835 5087 2052 5130 conse-
2138 5061 2492 5142 versarium,
2524 5069 2601 5150 et
2642 5078 2760 5142 qua
2799 5063 3118 5150 occasione
3148 5063 3441 5150 Oporteat,
3472 5063 3636 5150 certa
3663 5054 3798 5133 lege

406 5165 690 5235 quuntur.
719 5159 846 5220 Nec
875 5156 932 5218 id
965 5157 1182 5234 solum,
1216 5159 1322 5221 sed
1348 5144 1526 5222 etiam
1551 5166 1614 5219 ut
1641 5158 1880 5220 ﬂamma
1900 5176 2054 5238 quae-
2139 5152 2454 5215 docentur.
2506 5149 2619 5224 Qui
2667 5157 2964 5232 praeterea
3029 5145 3329 5238 mittendi
3359 5144 3794 5238 speculatores,

405 5234 542 5306 dam
574 5244 865 5320 ambiens,
902 5247 1125 5309 sensim
1151 5266 1252 5310 eas
1273 5247 1494 5324 abolet,
1531 5255 1590 5310 et
1616 5247 1681 5309 in
1710 5247 1890 5308 horas
1918 5234 2052 5310 ivel-
2139 5239 2346 5322 quales
2394 5240 2830 5303 constituendae
2883 5238 3173 5319 excubiaa,
3233 5235 3400 5320 quid,
3451 5244 3510 5298 et
3556 5234 3794 5317 quando

406 5333 495 5395 uti
537 5333 742 5415 spinas
793 5336 1010 5414 exurit,
1061 5345 1238 5418 atque
1285 5339 1583 5400 consumit
1637 5359 1650 5398 :
1707 5355 1839 5419 quae
1877 5336 2055 5400 etiam
2127 5331 2627 5412 respondendum
2671 5331 2934 5392 hostium
2969 5329 3200 5412 legatis.
3245 5329 3411 5392 Licet
3455 5326 3617 5390 enim
3665 5325 3793 5419 solo

406 5421 666 5504 primum
686 5424 929 5507 quidem
952 5416 1237 5507 perfectae
1256 5429 1434 5510 hujus
1468 5416 1760 5491 libertatis
1791 5435 1851 5490 et
1889 5429 2056 5510 puri-
2139 5424 2317 5488 aifatu
2347 5443 2557 5488 omnes
2587 5444 2692 5490 eos
2716 5421 2779 5483 in
2801 5424 3004 5503 fugam
3023 5430 3279 5486 vertere.
3310 5419 3619 5484 Interdum
3639 5435 3714 5479 ne
3732 5416 3798 5479 in

409 5605 810 5750 ultimm?“
858 5607 1077 5673 Adnot.
1127 5610 1192 5671 in
1235 5615 1391 5673 orat.
1444 5606 1547 5672 30.
1596 5607 1765 5672 Hanc
1813 5603 2112 5677 Simeonis
2162 5605 2651 5690 disputationem,
2705 5614 2809 5671 aut
2853 5610 3027 5671 caute
3073 5602 3227 5682 lege,
3277 5610 3378 5668 aut
3403 5598 3667 5680 benigne
3697 5598 3794 5661 in-

507 5705 612 5768 pre
707 5706 764 5751 e.

707 5706 764 5751 Θ.
