4160 6426
459 391 570 456 491

458 613 656 676 lavare
701 613 950 692 singulis
979 612 1254 675 noctibus
1300 612 1515 674 lectum
1551 630 1747 686 suum,
1781 619 1885 672 aut
1915 612 2106 692 lacry-

460 704 574 766 mis
602 703 795 784 rigare
826 712 1072 765 stratum
1102 721 1272 764 suum
1307 699 1574 782 poterit?
1605 699 1759 762 Sane
1807 720 2106 780 nunquam

458 795 703 874 poterit.
754 793 884 855 Non
933 794 1126 854 solum
1177 793 1302 853 haec
1343 794 1401 853 in
1432 809 1495 851 se
1526 791 1678 852 facta
1711 809 1830 851 non
1862 790 2102 866 videbit,

460 883 566 946 sed
599 901 708 946 nec
738 882 799 944 in
832 882 1110 962 precibus
1129 881 1252 940 suis
1276 898 1345 941 ea
1375 878 1660 952 inveniet,
1696 896 1888 958 neque
1911 879 2105 940 locum

460 973 740 1047 Domino,
802 990 996 1050 neque
1044 969 1490 1031 tabernaculum
1542 967 1788 1046 dignum
1840 969 1960 1030 Deo
2007 971 2111 1028 Ja-

461 1063 596 1140 cob,
631 1061 731 1142 qui
764 1069 852 1122 est
882 1060 1150 1122 Christus
1199 1057 1512 1130 Dominus,
1549 1055 1820 1118 Salvator
1854 1066 1912 1118 et
1956 1056 2113 1117 Deus

460 1159 687 1223 noster,
741 1147 1181 1229 praeparaverit.
1233 1145 1400 1218 Quod
1433 1145 1548 1206 nisi
1578 1146 1703 1206 hmo
1745 1148 1907 1225 prius
1957 1144 2110 1207 bene

460 1237 839 1321 praeparabit,
890 1255 1086 1316 neque
1131 1255 1261 1297 cum
1312 1234 1590 1316 lacrymis
1643 1235 1875 1296 scilicet
1914 1253 2110 1313 neque

459 1330 661 1409 digne,
696 1337 761 1389 ut
806 1344 912 1408 par
953 1333 1064 1402 est,
1099 1332 1436 1387 consortem
1468 1343 1536 1385 ac
1567 1323 1792 1384 socium
1827 1326 2013 1385 Deum
2043 1343 2112 1385 ac

459 1436 664 1498 regem
694 1417 756 1478 in
787 1416 1054 1496 seipsum
1073 1414 1382 1495 snscipiet,
1407 1413 1641 1475 etiamsi
1662 1414 1849 1474 semel
1881 1422 2109 1475 tantum

455 1509 518 1570 in
550 1527 704 1570 anno
735 1508 848 1569 hoc
879 1506 1073 1567 faciat.
1107 1506 1338 1568 Sancta
1361 1505 1587 1565 sanctis
1609 1503 1875 1583 quotidie
1898 1503 1958 1564 hi
1984 1502 2110 1584 qui-

456 1599 594 1660 dem
624 1597 851 1673 dicunt,
887 1603 946 1658 et
977 1595 1080 1656 alii
1109 1595 1224 1655 alta
1254 1612 1398 1654 voce
1429 1596 1733 1672 occinunt,
1763 1595 1988 1652 utinam
2009 1611 2110 1653 au-

455 1697 576 1749 tem
608 1695 668 1750 et
695 1686 937 1748 sibimet
962 1684 1332 1746 occinerent.
1363 1681 1481 1745 Alii
1511 1700 1648 1743 vero
1677 1681 1945 1742 dicentes
1976 1681 2110 1743 illos

456 1775 696 1838 auditis.
749 1774 902 1847 Quid
958 1773 1148 1852 ergo?
1191 1774 1290 1850 qui
1343 1779 1580 1832 sanctus
1622 1788 1741 1831 non
1790 1777 1898 1844 est,
1934 1775 2110 1830 etiam

1749 389 2057 453 SYMEON
2066 389 2135 450 IS
2176 388 2528 453 JUNIORIS

461 527 606 588 ﬂetu
636 526 880 600 miscet;
910 523 1210 606 quomodo
1236 521 1289 584 is
1316 541 1600 604 unquam,
1622 521 1833 582 fratres
1853 522 1992 598 mei,
2019 529 2119 583 aut
2139 531 2180 578 A
2200 523 2647 586 contribulalus
2693 545 2710 584 :

3727 387 3848 454 492

2759 543 2865 587 cor
2920 529 3253 590 contritum
3310 535 3365 590 et
3425 527 3846 605 humiliatum,

2194 612 2374 692 Deus,
2407 631 2530 675 non
2557 614 2843 694 despicies
2865 616 2948 678 70.
2979 616 3052 677 Et
3080 626 3270 680 recte.
3298 617 3512 679 Anima
3531 617 3692 678 enim
3714 635 3851 677 nos-

2194 706 2283 760 tra
2312 699 2373 760 in
2407 701 2506 761 tali
2534 701 2738 764 habitu
2770 705 3110 779 constituta,
3145 714 3202 766 et
3230 705 3309 766 ita
3339 705 3653 769 humiliata
3685 703 3843 767 assi-

2191 788 2330 862 due,
2379 809 2490 851 nec
2533 810 2714 852 unum
2775 813 3032 873 unquam
3083 796 3240 856 diem
3291 795 3514 876 absque
3557 793 3848 873 lacrymis

2190 877 2389 955 exigit,
2444 880 2773 943 secundum
2824 881 2970 943 illud
3024 882 3368 945 Davidicum
3406 903 3418 947 :
3455 883 3694 945 Lavabo
3739 899 3848 961 per

2193 965 2470 1044 singulas
2522 979 2722 1032 noctes
2779 971 2996 1033 lectum
3063 989 3284 1047 meum,
3350 973 3639 1053 lacrymis
3699 972 3848 1032 meis

2193 1062 2455 1118 stratum
2484 1077 2682 1120 meum
2711 1060 2922 1138 rigubo
2952 1062 3030 1122 71.

2277 1146 2569 1216 Quocirca
2611 1167 2709 1209 vos
2753 1168 2922 1229 rogo,
2959 1156 3163 1212 Patres
3197 1159 3254 1212 et
3287 1153 3522 1214 Fratres
3575 1149 3715 1224 mei,
3751 1167 3837 1209 se-

2195 1230 2333 1293 dulo
2366 1234 2614 1314 quilibet
2643 1237 2898 1299 animam
2933 1258 3098 1301 suam
3123 1241 3183 1300 in
3215 1239 3307 1301 his
3341 1247 3397 1300 et
3426 1238 3639 1300 talibus
3668 1237 3848 1298 rebus

2196 1332 2492 1395 exerceat,
2543 1344 2673 1405 quae
2721 1336 3076 1407 compuncta
3125 1339 3181 1390 et
3226 1328 3505 1408 paulatim
3537 1329 3848 1388 immutata

2195 1411 2326 1470 fons
2355 1412 2626 1490 efﬁcitur,
2661 1415 3052 1495 lacrymarum
3083 1427 3141 1478 et
3170 1416 3646 1495 compunctionis
3661 1417 3847 1476 ﬂuen-

2195 1509 2252 1560 ta
2285 1501 2638 1564 scaturiens.
2671 1503 2740 1564 Ni
2771 1505 2852 1564 ita
2903 1505 3036 1585 puri
3086 1507 3339 1568 evadere
3385 1505 3840 1577 contendemus,

2192 1591 2298 1650 sed
2329 1589 2388 1650 in
2422 1591 2828 1667 dissolutione,
2863 1595 3114 1673 segnitie
3163 1609 3223 1658 et.
3271 1605 3508 1657 tumore
3547 1592 3843 1675 superbiae

2195 1697 2443 1758 pergere
2460 1681 2843 1758 voluerimus,
2868 1685 3144 1764 equidem
3164 1685 3312 1746 nihil
3332 1684 3595 1747 odiosius
3618 1683 3840 1754 dicam,

2195 1781 2448 1843 parcens
2479 1769 2746 1832 charitati
2779 1780 3010 1847 vestrae,
3062 1773 3174 1834 nisi
3223 1775 3360 1853 hoc,
3411 1772 3569 1853 quod
3609 1771 3843 1833 etiamsi

456 1865 744 1945 indignus
791 1863 926 1924 est?
977 1861 1224 1922 minime
1257 1881 1269 1923 :
1304 1859 1407 1921 sed
1451 1859 1553 1940 qui
1604 1879 1725 1920 non
1753 1858 1815 1919 in
1845 1859 2108 1938 singulos
2131 1861 2170 1909 B
2191 1855 2840 1945 contigeritaliquando
2855 1880 2988 1922 cum
3012 1861 3288 1942 lacrymis
3312 1863 3559 1923 fortasse
3581 1879 3845 1922 commu-

457 1954 589 2016 dies
621 1953 851 2014 occulta
895 1951 1093 2013 cordis
1123 1949 1215 2012 sui
1247 1949 1553 2012 enuntiat:
1589 1949 1689 2029 qui
1722 1967 1841 2009 non
1871 1949 2108 2026 dignam

460 2061 567 2123 pro
599 2043 717 2118 his,
751 2050 812 2103 et
842 2059 973 2122 quae
1008 2039 1344 2117 ignorantia
1384 2039 1668 2120 peccavit,
1703 2037 2106 2118 paenitentiam

461 2132 600 2210 agit,
637 2130 740 2212 qui
767 2149 886 2192 non
918 2147 1160 2209 semper
1187 2129 1366 2205 luget,
1403 2137 1461 2188 et
1489 2127 1868 2189 contristatus
1901 2125 2106 2204 ingre-

461 2221 640 2297 ditur,
673 2228 730 2282 et
759 2238 894 2301 quae
925 2237 1102 2299 supra
1133 2218 1615 2294 memoravimus,
1646 2236 1781 2279 cum
1803 2215 2108 2294 diligentia

461 2330 582 2376 non
613 2316 1020 2384 consectatur,
1047 2307 1144 2369 hic
1171 2306 1453 2385 indignus
1475 2315 1586 2370 est.
1615 2305 1726 2378 Qui
1757 2313 1953 2366 autem
1982 2307 2104 2366 haec

459 2406 696 2480 praestat
735 2399 1032 2479 universa,
1064 2405 1124 2458 et
1151 2397 1211 2457 in
1243 2396 1562 2476 gemitibus
1612 2404 1786 2476 atque
1832 2395 2106 2474 lacrymis

457 2489 646 2569 spatia
672 2488 806 2549 vitae
835 2505 958 2548 suae
986 2486 1275 2559 decurrit,
1310 2485 1404 2547 hic
1438 2505 1556 2546 non
1580 2485 1640 2545 in
1665 2484 1762 2545 die
1783 2484 1934 2545 festo
1959 2484 2105 2544 dun-

457 2585 638 2654 taxat,
675 2578 780 2639 sed
823 2575 999 2638 etiam
1051 2573 1343 2655 quotidie,
1398 2574 1471 2635 ab
1522 2574 1674 2654 ipso,
1731 2572 1780 2633 si
1827 2571 1946 2633 dici
1992 2572 2100 2645 fas,

457 2666 629 2728 initio
665 2663 1028 2747 poenitentiae
1059 2681 1180 2724 suae
1211 2661 1739 2741 conversionisque
1769 2659 2105 2722 divinorum

457 2757 709 2818 istorum
739 2754 1035 2834 particeps
1065 2751 1197 2813 ﬁeri
1232 2770 1520 2832 perquam
1546 2750 1760 2828 dignus
1789 2758 1899 2812 est.
1931 2751 2108 2811 Pater

457 2844 699 2924 quippe,
734 2843 893 2904 hunc
939 2841 1001 2901 in
1039 2841 1154 2915 his,
1175 2848 1234 2901 et
1273 2839 1565 2900 similibus
1597 2837 1878 2918 operibus
1906 2837 1980 2898 ad
2011 2856 2108 2899 ex-

457 2941 715 2994 tremum
764 2949 951 3010 usque
991 2935 1529 3009 perseveraturum,
1578 2928 1639 2988 in
1690 2925 2018 2988 humilitate
2052 2935 2108 2988 et

2194 1943 2397 2005 nicare
2426 1949 2790 2025 quempiam,
2827 1958 2929 2010 aut
2958 1959 3095 2012 ante
3126 1952 3448 2030 liturgia'n,
3493 1958 3593 2010 aut
3623 1950 3682 2010 in
3713 1949 3842 2028 ipsa

2191 2033 2388 2095 divina
2418 2036 2676 2116 liturgia,
2711 2047 2808 2098 aut
2840 2040 2900 2099 in
2930 2039 3059 2120 ipso
3085 2041 3336 2103 articulo
3370 2039 3840 2121 participationis

2192 2122 2522 2186 divinorum
2571 2130 2986 2206 mysteriorum
3032 2129 3316 2211 lacryrms
3361 2131 3654 2204 emittere,
3689 2127 3837 2190 reli-

2189 2231 2335 2293 quas
2364 2223 2558 2276 autem
2591 2216 2722 2278 dies
2742 2226 2799 2278 et
2826 2226 3029 2280 noctes
3063 2239 3176 2280 non
3202 2219 3464 2281 studebit
3492 2219 3650 2280 idem
3673 2219 3834 2280 face-

2189 2305 2456 2383 re,nulla
2481 2306 2535 2367 ei
2559 2325 2627 2367 ex
2677 2307 2858 2369 nnico
2907 2308 3048 2368 ﬂetu
3095 2309 3388 2371 constabit
3442 2308 3684 2370 utilitas.
3709 2305 3839 2369 Non

2189 2395 2346 2454 enim
2381 2395 2491 2457 hoc
2521 2396 2712 2457 solum
2745 2416 2854 2457 nos
2883 2398 3079 2459 statim
3111 2417 3365 2479 purgans
3387 2398 3600 2476 dignos
3621 2397 3836 2459 efficit:

2188 2482 2292 2542 sed
2327 2484 2384 2543 in
2419 2485 2568 2560 dies,
2603 2494 2660 2546 et
2689 2486 2820 2548 sine
2843 2488 3172 2550 cessatione
3194 2507 3380 2568 usque
3402 2488 3474 2549 ad
3496 2505 3836 2568 supremam

2188 2572 2382 2633 lucem
2414 2573 2473 2634 in
2509 2574 2668 2636 luctu
2699 2579 2946 2654 versari,
2973 2577 3475 2656 quemadmodum
3511 2585 3574 2637 ut
3602 2577 3838 2638 facere-

2190 2679 2342 2734 mus,
2379 2661 2506 2742 ipse
2535 2664 2825 2726 Dominus
2859 2667 3030 2729 nobis
3064 2667 3377 2748 praecepit:
3405 2667 3839 2729 Paenitentiam

2188 2751 2370 2831 agite,
2401 2752 2629 2832 inquit;
2671 2754 2884 2828 Petite,
2909 2761 3184 2834 quaerite,
3205 2758 3464 2836 pulsate.
3488 2754 3839 2836 Quousque?

2190 2838 2380 2901 donec
2411 2841 2739 2922 accipiatis,
2783 2845 2996 2926 inquit,
3027 2854 3089 2908 et
3119 2845 3456 2916 inveniatis,
3503 2854 3562 2907 et
3602 2845 3836 2924 aperia-

2189 2937 2284 2990 tur
2313 2931 2500 2994 vobis.
2535 2930 2744 3004 Quid?
2788 2937 3060 3013 Regnum
3103 2936 3387 2997 caalorum
3431 2935 3656 3014 utique.
3694 2931 3832 2993 Haec

458 3021 821 3084 contritione
845 3019 1041 3081 cordis
1062 3018 1462 3080 incedentem.
1483 3020 1630 3081 Nam
1650 3017 1790 3078 dum
1817 3016 1896 3078 ita
1921 3036 1985 3077 se
2009 3035 2107 3093 ge-
2191 3019 2349 3080 enim
2383 3029 2470 3082 est
2503 3023 2869 3103 pcenitenlia,
2908 3033 2965 3086 et
2993 3025 3073 3086 ita
3119 3025 3343 3105 absque
3375 3026 3735 3092 cessasione,
3770 3030 3834 3082 ut

455 3111 555 3202 rit,
581 3111 780 3172 animo
805 3109 1138 3170 illustratur
1160 3115 1334 3187 atque
1362 3108 1420 3168 in
1446 3107 1576 3168 dies
1595 3105 1861 3202 singulos
1883 3124 1951 3166 ex
1976 3124 2104 3202 par-
2121 3154 2160 3202 ρ
2186 3109 2549 3202 dicebamus,
2588 3132 2776 3193 usque
2806 3114 2876 3174 ad
2914 3121 3158 3175 mortem
3194 3133 3326 3174 cum
3377 3112 3600 3183 labore,
3638 3121 3697 3174 et
3723 3111 3833 3172 tri-

454 3200 798 3282 ticipatione
819 3206 1156 3260 sanctorum
1190 3216 1366 3277 opem
1390 3205 1449 3258 et
1475 3195 1758 3258 auxilium
1792 3194 2104 3274 consequi-
2127 3193 2160 3202 “
2186 3193 2492 3258 bulatione
2523 3207 2948 3276 consummata,
2986 3200 3261 3281 paulatim
3296 3201 3434 3263 facit
3481 3219 3590 3261 nos
3638 3200 3832 3280 lacry-

454 3298 573 3371 tur,
607 3299 664 3352 et
693 3289 764 3351 ad
797 3288 1118 3370 perfectam
1172 3286 1511 3367 puritatem,
1547 3304 1614 3346 ac
1645 3283 2098 3346 sanctimoniam
2187 3303 2311 3345 mas
2341 3285 2516 3348 nobis
2565 3307 2795 3350 amaras
2827 3289 3101 3366 fundere,
3137 3308 3241 3370 per
3270 3310 3415 3370 quas
3455 3290 3668 3352 animae
3700 3308 3836 3351 sor-

454 3380 624 3441 brevi
655 3377 1021 3460 provehitur.
1051 3376 1183 3438 Alio
1215 3376 1470 3456 quodam
1504 3374 1679 3436 modo
1722 3373 2097 3434 immundum
2185 3373 2313 3457 des,
2349 3383 2408 3440 et
2437 3378 2891 3458 inquinamenta
2938 3387 3146 3461 purgat
3177 3389 3236 3443 et
3263 3380 3567 3459 abstergit.
3623 3379 3837 3442 Postea

451 3487 552 3530 vas
599 3476 893 3543 nostrum,
947 3465 1375 3545 sordidumque
1409 3463 1777 3525 domicilium
1817 3461 1997 3536 ablui,
2034 3481 2101 3523 ac
2185 3483 2387 3542 puram
2424 3466 2596 3528 nobis
2617 3467 3024 3548 paenitentiam
3051 3469 3282 3545 inserit,
3309 3479 3366 3532 et
3393 3487 3626 3530 amaras
3649 3469 3836 3550 lacry-

451 3556 770 3638 perpugari
825 3556 1057 3637 nequit.
1103 3554 1377 3634 Amplius
1422 3553 1643 3634 aliquid
1703 3571 1810 3630 ego
1862 3551 2102 3632 quidem
2189 3573 2316 3615 mas
2347 3555 2620 3618 dulcibus
2650 3567 2969 3640 permutat,
3000 3578 3447 3641 perennemque
3476 3559 3537 3620 in
3557 3557 3839 3620 cordibus

453 3665 651 3727 neque
681 3667 714 3708 e
743 3645 961 3706 divinis
979 3643 1303 3723 Scripturis
1324 3642 1525 3716 didici,
1546 3646 1946 3722 nequeimarte
1968 3659 2103 3702 meo
2188 3644 2675 3708 nostrislaatitiam
2701 3649 3092 3721 excitat,etad
3113 3649 3650 3712 videndumlumen
3671 3649 3836 3710 inac-

449 3736 723 3798 invenire
745 3753 813 3796 ac
839 3733 1179 3814 perspicere
1226 3732 1410 3812 potui.
1448 3731 1774 3794 Audiamus
1814 3730 1973 3792 enim
2007 3730 2102 3791 di-
2188 3751 2420 3794 cessum
2452 3734 2619 3796 vobis
2649 3736 2803 3798 viam
2837 3746 3001 3818 parat
3033 3758 3046 3798 :
3084 3737 3243 3818 quod
3293 3737 3494 3798 lumen
3526 3737 3641 3798 nisi
3672 3738 3837 3798 omni

454 3833 690 3886 centem
723 3822 1072 3904 Apostolum
1112 3839 1124 3882 :
1170 3820 1394 3884 Probet
1437 3829 1641 3883 autem
1688 3825 2106 3900 unusquisque
2187 3823 2382 3884 studio
2414 3825 2875 3903 apprehendere
2903 3828 3264 3900 laboremus,
3301 3836 3493 3906 patres
3525 3835 3584 3887 et
3625 3827 3836 3888 fratres

451 3915 735 3993 seipsum,
765 3919 823 3972 et
843 3912 927 3972 sic
945 3910 1014 3972 de
1031 3927 1193 3989 pane
1218 3909 1320 3972 illo
1341 3913 1504 3982 edat,
1525 3911 1669 3972 etde
1690 3910 1872 3970 calice
1913 3907 2096 3970 bibat.
2188 3913 2306 3972 mei
2332 3913 2689 3995 spirituales,
2725 3934 3029 3994 nunquam
3060 3914 3337 3975 omnibus
3365 3915 3835 3995 perturbationi-

454 4003 574 4078 Qui
593 4004 755 4063 enim
777 4001 1026 4078 indigne
1043 3999 1368 4061 manda-cat
1391 4005 1447 4061 et
1472 3998 1640 4072 bibit,
1655 3999 1962 4075 judicium
1983 3997 2104 4059 sibi
2186 3998 2295 4061 bus
2326 4001 2401 4063 ad
2435 4021 2694 4080 unguem
2728 4003 2971 4065 liberari
2994 4003 3341 4084 poterimus;
3378 4023 3683 4085 nunquam
3713 4024 3839 4066 om-

449 4088 1689 4168 munducatetbibit68.Rursumque:Qui
1714 4087 2102 4164 autemjndi—
2185 4107 2291 4150 nes
2320 4090 2564 4152 virtutes
2595 4091 3074 4171 comparabimus
3103 4113 3116 4167 ;
3164 4111 3465 4173 nunquam
3498 4093 3696 4172 digne,
3731 4101 3838 4156 aut

447 4199 567 4260 gne
588 4181 917 4242 manduca!
939 4196 1178 4260 corpus,
1202 4186 1254 4240 et
1279 4177 2097 4257 bibitjsanguinemDomini,
2182 4197 2313 4238 cum
2369 4179 2644 4260 lacrymis
2691 4181 3021 4242 secundum
3085 4184 3269 4244 Deum
3323 4181 3588 4262 quotidie
3636 4183 3839 4244 divina

449 4287 589 4332 reus
611 4270 730 4331 erit
753 4271 1018 4349 corporis
1039 4277 1095 4331 et
1125 4268 1447 4347 sanguinis
1478 4266 1751 4341 Domini,
1785 4283 1905 4328 non
1931 4266 2097 4343 diju-
2183 4268 2494 4346 percipere
2545 4269 2847 4347 mysteria,
2881 4281 2981 4330 aut
3012 4270 3166 4351 quod
3197 4271 3258 4330 in
3291 4270 3363 4330 iis
3396 4279 3506 4348 est,
3562 4271 3829 4335 divinum

446 4360 663 4422 dicens
684 4375 897 4439 corpus
926 4355 1448 4428 Domini69.Quod
1467 4354 1540 4430 si,
1567 4354 1893 4435 quidignos
1915 4354 2098 4435 pmni-
2183 4357 2382 4417 lumen
2413 4359 2682 4438 aspicere
2716 4359 3066 4440 poterimus.
3102 4358 3214 4420 Sed
3259 4379 3453 4441 neque
3484 4379 3588 4422 cor
3618 4380 3832 4441 purum

447 4449 649 4510 tentiae
697 4449 925 4510 fructus
975 4467 1095 4508 non
1148 4444 1429 4518 ostendit,
1475 4453 1539 4506 ut
1587 4444 1869 4522 indignus
1919 4463 1952 4505 a
1982 4451 2101 4504 tota
2126 4525 2151 4529 _
2184 4464 2444 4526 unquam
2478 4446 2831 4508 habebimus
2863 4467 2876 4508 :
2914 4465 3108 4529 neque
3142 4448 3428 4528 Spiritum
3464 4459 3734 4512 sanctum
3771 4450 3834 4512 in

446 4538 649 4600 divina
681 4536 991 4617 Scriptura
1022 4535 1422 4614 redarguitur,
1459 4533 1604 4594 cedo
1636 4532 1934 4613 quomodo
1967 4533 2097 4593 sine
2125 4525 2164 4574 ί)
2186 4525 2356 4594 nobis
2385 4535 2654 4597 habitare
2679 4525 3145 4614 cognoscemus:
3177 4525 3370 4618 neque
3403 4538 3565 4618 digni
3590 4540 3832 4619 judica-

446 4627 722 4708 lacrymis
753 4626 1068 4707 aliquando
1123 4624 1358 4707 purgari
1380 4622 1714 4704 quisquam
1767 4623 2004 4703 poterit,
2044 4629 2104 4683 et
2185 4623 2402 4700 bimur,
2428 4636 2493 4685 ut
2525 4626 3027 4705 quemadmodum
3059 4628 3268 4703 sancti,
3291 4627 3476 4690 Deum
3500 4629 3833 4703 videamus,

449 4735 554 4797 pro
599 4715 825 4778 viribus
869 4715 991 4778 suis
1043 4715 1221 4794 digne
1254 4713 1612 4795 participare
1643 4711 1970 4791 mysteria?
1999 4714 2104 4775 Hae
2188 4730 2297 4773 nec
2327 4713 2465 4774 dum
2500 4715 2594 4775 hic
2620 4734 2845 4790 sumus,
2881 4735 2990 4777 nec
3021 4717 3128 4791 ibi,
3156 4725 3218 4778 ut
3249 4717 3395 4778 mihi
3424 4717 3832 4800 videtur,cum

450 4825 709 4888 namque
740 4805 970 4886 primus
996 4805 1352 4886 ptenitentize
1374 4803 1600 4864 fructus
1627 4810 1784 4863 sunt.
1811 4801 2102 4884 thuem-
2188 4802 2328 4863 caeci
2351 4802 2489 4864 hinc
2508 4803 3140 4868 discesserimus.Nam
3167 4825 3234 4866 ex
3258 4807 3529 4884 Gregorii
3549 4806 3836 4888 Theologi

449 4895 772 4958 admodum
805 4895 1169 4958 aversandus
1200 4894 1300 4955 ille
1333 4895 1522 4954 ﬂuxus
1546 4911 1577 4953 e
1601 4910 1872 4972 corpore,
1904 4902 2107 4954 etcor‘
2187 4893 2502 4967 sententia,
2535 4900 2756 4954 tantum
2787 4893 2947 4955 illius
2977 4894 3204 4957 visione
3245 4896 3609 4971 excidemus,
3637 4918 3832 4979 quan-

446 4984 537 5046 dis
560 5004 693 5046 cum
721 4985 885 5046 omni
909 4984 1126 5047 affectu
1151 4980 1778 5064 tanquamvoluptaria
1800 4981 2092 5060 quaedam,
2180 4990 2302 5041 tum
2337 5001 2443 5043 nos
2473 4982 2693 5061 singuli
2723 4983 2989 5046 volentes
3032 4985 3092 5046 in
3133 4986 3242 5048 hac
3271 4988 3386 5048 vita
3418 4988 3546 5066 ejus
3579 4988 3828 5062 lumine,

448 5081 506 5134 et
535 5073 857 5134 libidinosa
886 5072 1243 5149 commistio,
1281 5070 1516 5132 diabolo
1544 5069 1729 5130 instar
1759 5071 2035 5133 sacrilicii
2064 5091 2098 5133 a
2182 5072 2508 5132 secundum
2533 5073 2981 5153 proportionem
3006 5073 3386 5137 bebetudinis
3404 5077 3712 5139 oculorum
3730 5097 3828 5139 n0«

445 5161 620 5224 nobis
650 5163 934 5226 offertur:
961 5163 1047 5224 sic
1083 5181 1212 5243 quas
1243 5181 1312 5224 ex
1347 5180 1441 5235 eo,
1486 5179 1555 5221 ex
1587 5159 1790 5234 corde,
1825 5159 2088 5241 inquam,
2179 5176 2440 5222 Strorum
2456 5163 3208 5243 privaverimus.Caaterum
3227 5165 3450 5226 utinam
3485 5185 3694 5228 omnes
3725 5186 3833 5228 nos

445 5251 707 5313 vicissim
741 5259 1093 5331 promanant
1140 5252 1434 5332 lacrymaz,
1468 5256 1699 5328 gratum
1750 5259 2094 5330 acceptum-
2182 5253 2419 5330 purgari
2451 5254 2775 5332 contingat.
2811 5263 2869 5315 et
2920 5263 3196 5334 purgatos
3244 5254 3448 5315 haberi
3491 5255 3702 5332 dignos
3730 5255 3832 5334 qui

449 5359 562 5422 que
591 5340 949 5402 sacriﬁcium
999 5341 1250 5405 Domino
1274 5338 1502 5402 anobis
1521 5339 1870 5414 offeruntur,
1911 5348 1968 5400 et
2001 5340 2094 5404 fu-
2181 5344 2368 5404 Deum
2417 5341 2762 5405 videamus!
2800 5343 2910 5416 Qui
2956 5345 3112 5404 enim
3165 5353 3329 5405 extra
3357 5343 3484 5404 haec
3513 5343 3631 5403 duo
3665 5361 3698 5404 a
3727 5361 3829 5404 re-

446 5431 635 5492 rentis
683 5430 841 5492 illius
888 5430 1205 5512 voluptatis
1251 5427 1674 5510 turpitudinem
1711 5428 1936 5490 eluunt.
1971 5428 2096 5492 Hoc
2181 5431 2290 5491 bus
2322 5431 2670 5493 mortalibus
2703 5433 3062 5511 demigrant,
3099 5432 3174 5494 de
3207 5441 3471 5494 extrema
3497 5431 3554 5493 in
3589 5451 3652 5494 se
3685 5450 3831 5514 pro-

448 5518 791 5599 significans
821 5518 2097 5600 David'aiebat:SacriﬁciumDeospiritus
2180 5520 2507 5584 nuntianda
2565 5523 2865 5584 sententia
2921 5521 3136 5583 incerti
3193 5529 3352 5582 sunt.
3413 5521 3580 5596 Quod
3632 5532 3830 5586 autem

529 5688 592 5739 68
619 5688 643 5750 Ι
673 5690 810 5752 Cor.
843 5707 924 5763 XI,
957 5689 1170 5764 28,29.
1253 5691 1316 5740 69
1345 5691 1496 5754 Ibid.
1531 5693 1630 5756 27.
1719 5691 1779 5743 70
1809 5690 1963 5755 Psal.
2001 5708 2040 5769 1,
2085 5693 2100 5754 l

2263 5692 2312 5740 Ἡ
2349 5690 2500 5755 Psal.
2533 5710 2611 5773 v1,
2646 5695 2706 5756 7.
