4160 6382
333 333 486 397 493

1744 335 2029 399 ORATIO
2073 336 2354 399 XXXIII.

3627 340 3750 406 494

340 469 668 546 incertum,
703 469 884 532 etiam
917 469 1221 551 instabile,
1246 490 1365 533 non
1389 470 1713 553 sperabile,
1731 478 1790 532 et
1811 471 2004 533 incer-
2026 487 2065 534 A
2090 471 2341 533 allatain
2366 471 2626 534 medium
2648 471 3212 553 quinquefatuarum
3247 475 3544 556 virginum
3577 496 3746 559 para-

350 566 426 619 ιω
457 559 598 620 ﬁdei
617 569 725 622 est.
751 559 862 632 Qui
886 561 1046 621 enim
1071 561 1258 639 gratia
1279 579 1382 622 cor
1405 579 1522 622 non
1555 559 1855 638 stabilivit,
1891 579 2008 621 non

347 647 598 709 alinnde
627 667 792 730 spem
820 669 938 711 non
965 651 1452 730 confundentem,
1480 657 1537 710 et
1559 649 1865 710 indubiam
1893 669 2009 710 un-

362 756 542 817 quam
572 739 858 820 acquiret,
899 749 960 800 ut
989 739 1224 820 opinor.
1259 738 1384 811 Qua
1411 738 1511 820 qui
1540 749 1702 800 caret
1733 757 1842 818 per
1867 739 2013 818 quid

351 825 516 886 aliud
547 825 609 887 in
643 846 958 890 occursum
995 828 1231 891 Domini
1261 847 1397 890 cum
1429 828 1651 888 sanctis
1691 827 1959 907 rapietur
1982 829 2012 887 ἵ

356 913 472 976 Per
501 917 642 996 quid
675 924 738 979 et
769 919 994 998 lampas
1031 926 1172 979 tunc
1221 925 1450 990 nostra,
1489 917 1778 979 exstincta
1813 917 1886 977 ab
1919 917 2012 977 his

354 1022 487 1083 quae
513 1004 608 1066 hic
641 1013 800 1078 sunt,
833 1006 1308 1068 redaccendetur
1328 1012 1355 1068 ?
1385 1006 1486 1066 ubi
1517 1013 1576 1066 et
1605 1004 1763 1066 unde
1809 1006 2003 1065 oleum

355 1093 733 1156 invenietur?
765 1103 823 1156 et
853 1095 1094 1175 quinam
1131 1096 1312 1176 ignis,
1345 1113 1570 1175 quaeso,
1607 1095 1760 1156 hanc
1788 1112 2006 1155 accen-

362 1199 536 1242 surus
570 1183 707 1243 est?
735 1191 835 1244 aut
866 1185 1049 1255 unde,
1081 1191 1182 1246 aut
1211 1183 1530 1264 quomodo,
1559 1191 1622 1244 ut
1654 1191 1793 1244 tunc
1826 1181 2010 1263 parati

368 1269 630 1331 hilariter
657 1290 793 1333 cum
825 1272 1200 1353 lampadibus
1233 1273 1464 1353 Sponso
1496 1271 1727 1334 obviam
1759 1290 1963 1333 eamus
1985 1275 2012 1330 ?

372 1357 511 1420 Cum
563 1361 720 1422 enim
783 1361 942 1422 velut
999 1363 1158 1423 enim
1204 1381 1236 1423 e
1277 1362 1506 1423 somnis
1562 1359 2012 1424 consurrexeri—

369 1467 518 1522 mus,
554 1450 737 1524 illico,
772 1459 836 1510 ut
878 1450 1118 1526 auditis,
1168 1453 1242 1513 ad
1287 1469 1600 1512 occursum
1643 1451 1876 1512 cursuri
1906 1469 2011 1510 su-

363 1555 516 1598 mus.
552 1537 614 1600 Si
645 1538 823 1616 igitur
851 1540 1153 1610 sedentes,
1205 1548 1264 1602 et
1315 1541 1374 1601 in
1428 1544 1828 1600 monumentis
1866 1539 2008 1600 dor-

362 1626 618 1689 mientes
650 1628 788 1690 tuba
817 1628 1101 1690 insonans
1133 1648 1242 1690 nos
1279 1628 1731 1708 expergefaciet,
1768 1647 1873 1689 nos
1903 1646 2008 1688 au-

363 1726 484 1778 tem
518 1736 635 1778 non
667 1727 803 1780 ante
834 1718 994 1780 velut
1026 1719 1326 1799 lampades
1357 1736 1640 1779 accensas
1686 1716 2010 1778 habeamus

2093 559 2230 621 bola
2248 561 2331 634 75,
2365 559 2734 622 demonstrat
2763 561 2936 622 nobis
2959 561 3259 636 omnibus,
3285 571 3344 624 et
3367 565 3740 643 pronuntiat,

2094 649 2243 710 nihil
2305 649 2476 710 nobis
2535 651 2919 712 commodare
2974 651 3284 731 puritatem
3344 654 3637 734 corporis,
3697 655 3748 716 si

2093 736 2340 817 reliquis
2361 736 2669 798 virtutibus
2699 738 2962 800 destituti
2987 740 3196 802 simus.
3219 738 3340 801 Illa:
3367 742 3528 803 enim
3564 745 3750 824 parti-

2095 826 2334 886 culatim
2365 826 2560 887 oleum
2595 827 2881 889 habentes
2913 829 2973 888 in
3003 829 3158 890 vasis
3184 830 3331 900 suis,
3363 829 3422 890 id
3457 839 3569 907 est,
3625 832 3746 893 ali-

2097 933 2346 996 quarum
2367 915 2678 990 virtutum,
2713 925 3219 998 externorumque
3247 926 3411 980 recte
3433 917 3743 997 factorum,

2091 1013 2150 1067 et
2180 1005 2572 1085 quorumdam
2606 1005 3026 1067 charismatum
3075 1007 3396 1087 participes
3441 1009 3657 1088 (quare
3687 1019 3747 1071 et

2089 1092 2392 1180 lampades
2445 1093 2646 1154 earum
2707 1093 3052 1174 aliquandiu
3101 1096 3426 1176 arserunt),
3480 1116 3588 1178 per
3630 1116 3745 1160 ne-

2092 1182 2476 1260 gligentiam,
2537 1182 2973 1257 ignorantiam,
3037 1185 3372 1246 socordiam
3452 1205 3620 1247 suam
3673 1188 3748 1249 ad

2093 1270 2292 1352 ignem
2369 1271 2727 1333 exteriorem
2804 1274 3093 1335 damnatae
3171 1281 3330 1336 sunt.
3391 1276 3525 1337 Non
3585 1275 3748 1338 enim

2094 1361 2358 1422 internas
2415 1361 2709 1422 motiones
2759 1381 2792 1422 a
2851 1362 3125 1441 malignis
3174 1363 3486 1443 Spiritibus
3542 1364 3604 1425 in
3649 1365 3749 1446 ip-

2095 1449 2177 1510 sis
2234 1450 2555 1511 concitatas
2608 1460 3010 1526 curaverunt,
3073 1469 3185 1513 nec
3237 1461 3442 1514 exacte
3520 1472 3745 1533 cogno-

2094 1547 2344 1614 verunt,
2403 1541 2507 1600 sed
2570 1539 2641 1600 ab
2701 1541 3181 1603 adversariorum
3261 1542 3747 1620 instigationibus

2095 1646 2300 1689 eorum
2351 1636 2581 1690 mentes
2644 1628 2706 1689 in
2767 1648 3065 1692 consensu
3123 1630 3548 1710 cogitationum
3607 1652 3746 1694 cor-

2092 1725 2280 1797 rupta:
2329 1727 2488 1792 sunt,
2560 1717 2841 1778 inescatze
2892 1717 2964 1778 ab
3022 1718 3190 1798 ipsis,
3245 1728 3303 1780 et
3358 1720 3627 1791 devictae,
3691 1730 3757 1783 et

361 1805 612 1881 animas,
630 1808 733 1870 sed
767 1816 867 1870 aut
896 1808 1044 1870 nihil
1076 1809 1336 1889 penitus,
1371 1815 1710 1889 autqparum
1742 1808 2011 1869 lucentes
2033 1813 2072 1861 B
2096 1806 2329 1867 occulte
2359 1805 2448 1866 eis
2476 1806 3010 1880 communicantes,
3063 1805 3323 1881 invidiae,
3360 1809 3747 1883 aemulationi,

361 1895 758 1977 inveniamur,
785 1905 842 1958 et
857 1898 978 1977 jam
1003 1898 1415 1977 exstinguendi
1446 1897 1775 1958 secundum
1806 1915 2011 1957 vocem

363 1985 789 2063 evangelicam.
821 1987 923 2048 ubi
956 1995 1094 2048 tunc
1135 1996 1236 2049 aut
1289 2005 1528 2065 prorsus
1559 1986 1878 2048 exstinctas
1907 2004 2010 2046 re-

361 2072 800 2152 daccendendi,
826 2086 928 2137 aut
942 2077 1067 2156 jam
1092 2077 1224 2138 oleo
1242 2075 2011 2155 deﬁcientezaliquantulum

362 2160 714 2224 infundendi
749 2165 920 2245 copia
953 2163 1113 2226 erit?
1141 2164 1301 2225 Nihil
1352 2164 1617 2244 profecto
1651 2163 1886 2241 uSpiam
1921 2166 2013 2223 in-

363 2249 696 2313 veniemus.
729 2251 1127 2326 Quamobrem
1183 2271 1254 2314 ex
1298 2253 1414 2314 hoc
1459 2260 1728 2332 tempore
1776 2271 1878 2313 eos
1911 2269 2017 2330 per

366 2341 800 2420 paenitentiam,
853 2351 911 2404 et
955 2343 1242 2424 lacrymas
1297 2342 1634 2405 luculenter
1686 2341 2015 2403 accendere

367 2447 683 2504 conemur,
720 2441 786 2493 ut
833 2431 895 2493 in
946 2431 1388 2494 resurrectione
1445 2431 1674 2511 Sponso
1721 2450 1856 2492 cum
1888 2430 2021 2491 luce

368 2537 777 2595 occurramus,
834 2531 895 2584 et
924 2541 1056 2584 cum
1097 2523 1227 2602 ipso
1259 2522 1319 2582 in
1349 2540 1595 2598 regnum
1621 2518 2022 2583 ccelorumin-

365 2609 735 2686 grediamur,
771 2629 839 2674 ac
867 2611 1038 2673 bouis
1062 2611 1446 2688 sempiternis
1480 2607 2022 2690 perfruamurQuae

367 2698 647 2759 eveniant
677 2699 848 2761 nobis
899 2701 1174 2762 omnibus
1204 2699 1264 2761 in
1294 2699 1424 2780 ipso
1453 2699 1690 2760 Christo
1739 2697 1860 2759 Deo
1910 2716 2023 2758 no-

371 2795 520 2866 stro,
559 2807 738 2868 quem
773 2790 945 2852 decet
973 2790 1170 2850 omnis
1200 2789 1408 2870 gloria,
1443 2790 1638 2850 honor
1668 2796 1727 2848 et
1756 2785 2026 2848 adoratio

367 2893 503 2936 cum
537 2877 715 2940 Patre
751 2887 808 2940 et
838 2887 1041 2941 sancto
1074 2877 1336 2958 Spirito,‘
1369 2896 1528 2939 nunc
1560 2883 1620 2938 et
1669 2893 1928 2956 semper,
1970 2879 2031 2935 et

362 2963 425 3026 in
456 2968 680 3028 saecula
701 2969 1078 3030 saeculorum.
1111 2971 1328 3030 Amen.
1867 2983 1878 2988 '

907 3069 1178 3134 ORATiO
1235 3069 1488 3134 XXXIII.

989 3161 1422 3224 ARGUMENTUM.

378 3255 455 3310 De
477 3255 822 3326 pauitantia,
865 3259 918 3312 et
962 3260 1186 3312 tantum
1214 3255 1506 3325 facultates
1537 3251 1888 3326 distribuere,
1931 3266 2019 3326 se-

451 3323 548 3396 que
589 3327 753 3384 rebus
797 3323 1053 3384 Omnibus
1098 3323 1334 3389 nudare,
1369 3326 1442 3381 ad
1465 3325 1858 3396 purgationem
1891 3323 2014 3378 ani-

457 3413 555 3470 ma
607 3399 761 3455 nobis
818 3399 971 3454 haud
1021 3397 1301 3470 sufﬁcere,
1361 3397 1474 3452 nisi
1514 3397 1735 3470 fluctum
1793 3396 2022 3465 insuper

462 3468 764 3527 habeamus.
801 3471 883 3526 De
912 3468 1114 3527 exsilio
1138 3469 1362 3531 Adami,
1394 3473 1445 3524 et
1472 3469 1522 3524 si
1544 3472 1667 3539 post
1706 3472 2019 3536 transgres-

458 3540 659 3614 sionem
677 3542 1032 3614 paenituisset.
1062 3541 1331 3614 paradiso
1361 3539 1685 3614 'jiciendum
1704 3553 1816 3614 non
1831 3539 2020 3614 fuisse.

459 3609 729 3684 Quantum
760 3614 889 3670 boni
912 3609 1238 3684 paenitentia
1261 3609 1391 3684 post
1426 3612 1642 3684 lapsum
1671 3611 1722 3666 ei
1749 3609 2020 3665 attulerit.

461 3681 727 3748 Quomodo
755 3701 881 3741 vere
899 3681 1277 3757 paenitendum
1297 3685 1387 3739 sit.

464 3778 631 3841 Bona
661 3787 751 3842 est
781 3777 1229 3861 pmnitentia,et
1257 3796 1386 3857 quae
1417 3775 1558 3836 inde
1597 3781 1832 3836 emanat
1860 3772 2025 3835 utili-

381 3878 490 3933 tas.
544 3869 713 3942 Quod
757 3889 888 3930 cum
945 3878 1170 3948 nosset,
1227 3867 1329 3948 qui
1387 3867 1548 3927 novit
1604 3864 1803 3925 omnia
1854 3861 2028 3925 Jesus

374 3959 650 4024 Christus
680 3959 969 4021 Dominus
997 3977 1065 4019 ac
1099 3958 1257 4020 Deus
1301 3963 1507 4018 noster
1541 3975 1554 4017 :
1588 3954 2028 4016 Paenitentiam

373 4049 558 4129 agite,
593 4048 804 4128 inquit,
839 4049 1357 4128 appropinquavit
1385 4045 1547 4106 enim
1576 4060 1836 4122 regnum
1863 4039 2031 4103 ecclo-

375 4157 516 4200 rum
536 4137 614 4199 79.
638 4136 803 4210 Quod
839 4137 887 4198 si
918 4137 1254 4215 intelligere
1283 4133 1490 4210 avetis,
1525 4152 1640 4214 quo
1672 4142 1846 4212 pacto
1882 4129 2032 4191 citra

378 4227 814 4309 paenitentiam,
863 4234 922 4289 et
976 4225 1384 4308 pmnitentiam
1418 4243 1486 4285 ex
1519 4223 1740 4293 animo,
1795 4220 2027 4300 qualem

2095 1893 2486 1974 contentioni,
2523 1895 2687 1975 rixae,
2722 1894 2885 1972 odio,
2915 1893 3038 1966 ira,
3075 1895 3357 1976 nequitaa,
3392 1897 3753 1960 malevolen-

2096 1983 2214 2064 tiae,
2273 2002 2439 2045 vana;
2494 1984 2718 2062 glorise,
2787 1984 2982 2046 studio
3039 1984 3383 2046 hominibus
3447 1988 3746 2066 placendi,

2096 2073 2567 2152 complacentiae,
2634 2073 2916 2148 avaritiae,
2981 2073 3480 2154 concupiscentia:
3529 2077 3748 2153 carnis,

2097 2162 2158 2222 in
2185 2161 2642 2240 cogitationibus
2666 2162 3023 2241 voluptatem
3057 2172 3397 2242 operantes,
3429 2166 3755 2227 increduli-

2098 2250 2224 2322 tati,
2263 2258 2454 2310 metus
2483 2249 2782 2325 vacuitati,
2820 2249 3142 2324 timiditati,
3177 2252 3420 2328 acediae,
3473 2255 3747 2333 tristitiae,

2104 2339 2602 2417 contradicentiae,
2642 2339 2882 2413 tumori,
2909 2357 3142 2410 somno,
3173 2340 3443 2418 opinioni
3469 2345 3752 2422 propriae,

2099 2427 2369 2508 justitiae,
2421 2427 2684 2501 elationi,
2737 2429 3110 2508 arrogantim,
3149 2429 3432 2504 aviditati,
3478 2431 3752 2510 luxurias,

2105 2516 2385 2590 avarities,
2417 2515 2817 2596 desperationi
2860 2517 3223 2598 reliquisque
3265 2519 3584 2582 subtilibus
3634 2523 3752 2583 im-

2107 2609 2368 2690 probatis
2401 2609 2652 2671 eIl‘ectis.
2681 2608 2870 2670 Etiam
2904 2611 3033 2690 ipse
3065 2610 3132 2670 B.
3182 2611 3395 2673 Paulus
3449 2613 3755 2692 apostolus

2107 2719 2238 2762 cum
2277 2699 2526 2762 Domino
2556 2700 2960 2774 consentiens,
2995 2701 3208 2762 clamat
3242 2719 3255 2762 :
3302 2703 3521 2764 Pacem
3550 2705 3758 2782 sequi-

2110 2790 2261 2850 mini
2275 2806 2408 2850 cum
2432 2789 2733 2867 omnibus,
2758 2797 2812 2852 et
2835 2791 3338 2860 sanctimoniam.
3365 2793 3496 2853 sine
3513 2810 3633 2872 qua
3654 2812 3758 2856 ne-

2113 2896 2207 2940 mo
2229 2879 2452 2939 videbit
2479 2879 2663 2940 Deum
2684 2879 2762 2938 76.
2795 2879 2914 2940 Cur
2939 2898 3080 2940 usus
3108 2888 3196 2940 est
3225 2879 3401 2940 verbo
3433 2879 3756 2960 Sequimi-

2037 2975 2077 3025 C
2101 2966 2204 3030 ni?
2225 2966 2369 3038 Quia
2395 2987 2506 3028 nos
2524 2969 2804 3030 unahora
2822 2969 3044 3042 ﬁeri,et
3065 2987 3195 3030 esse
3219 2975 3459 3031 sanctos
3481 2971 3760 3050 impossi-

2103 3056 2220 3117 bile
2252 3069 2364 3118 est.
2405 3061 2452 3118 A
2488 3057 2678 3133 parvis
2723 3057 2881 3118 enim
2915 3057 3090 3118 ducto
3122 3057 3315 3129 initio,
3344 3057 3419 3118 ad
3452 3058 3750 3119 sanctitu-

2105 3145 2302 3206 dinem
2337 3145 2769 3225 puritatemqne
2800 3147 3020 3207 sensim
3071 3145 3350 3225 progredi
3398 3153 3658 3226 oportet,
3697 3155 3760 3210 et

2103 3236 2240 3315 quia
2265 3235 2530 3315 quamvis
2563 3235 2724 3296 mille
2755 3253 2942 3296 annos
2974 3235 3033 3294 in
3064 3235 3173 3295 hac
3203 3234 3319 3294 vita
3349 3252 3754 3312 maneremus,

2105 3342 2403 3402 nunquam
2435 3323 2565 3401 ejus
2597 3323 3021 3402 perfectionem
3062 3322 3359 3400 attingere
3387 3340 3702 3401 possumus
3737 3340 3751 3384 :

2104 3413 2207 3473 sed
2239 3430 2480 3492 semper
2509 3411 2794 3491 quotidie,
2830 3429 2897 3472 ac
2929 3411 2977 3472 si
3008 3411 3459 3472 fundamentum
3496 3429 3759 3490 ponere-

2107 3519 2256 3574 mus,
2287 3501 2825 3580 inciperemusque,
2850 3501 2909 3560 in
2945 3519 3014 3561 ea
3043 3499 3408 3561 contendere
3439 3498 3755 3561 debemus.

2107 3587 2272 3660 Quod
2331 3589 2487 3649 idem
2538 3607 2743 3651 rursus
2793 3589 3094 3663 indicavit,
3143 3607 3277 3648 cum
3332 3587 3414 3647 ita
3467 3587 3754 3668 scripsit:

2107 3679 2471 3758 Persequor,
2505 3680 2562 3740 si
2591 3696 2704 3756 quo
2741 3679 2919 3740 modo
2955 3677 3486 3757 comprehendam,
3525 3678 3597 3739 in
3642 3695 3763 3758 quo

2107 3777 2166 3829 et
2195 3769 2662 3848 comprehensus
2691 3786 2827 3830 sum
2859 3786 2896 3829 a
2933 3768 3176 3830 Christo
3204 3768 3339 3830 Jesu
3372 3767 3458 3828 77.

2189 3857 2557 3938 Quapropter
2589 3876 2714 3930 oro,
2750 3857 3038 3918 attendite
3069 3855 3265 3930 dictis,
3292 3863 3350 3916 et
3386 3855 3590 3918 Venite
3611 3855 3765 3918 ado-

2111 3965 2340 4020 remus,
2365 3965 2436 4008 ac
2455 3948 2856 4026 procidamus
2896 3954 3036 4007 ante
3075 3946 3293 4006 bonum
3343 3964 3411 4006 ac
3435 3945 3760 4023 benignum

2112 4037 2331 4099 Deum.
2351 4036 2815 4099 Proeveniamus
2831 4037 3052 4113 [aciem
3067 4038 3194 4112 eius
3215 4038 3284 4096 in
3301 4035 3762 4113 confessione,et

2105 4127 2416 4206 ploremus
2433 4132 2572 4196 ante
2593 4143 2724 4188 eum
2750 4127 2855 4206 qui
2889 4125 3030 4203 fecit
3051 4142 3186 4198 nos;
3213 4126 3356 4201 quia
3378 4125 3506 4204 ipse
3526 4132 3609 4186 est
3631 4126 3766 4185 D0-

2113 4217 2318 4277 mi-nus
2333 4217 2492 4276 Deus
2514 4222 2710 4276 noster
2731 4232 2748 4275 :
2774 4233 2879 4275 nos
2891 4220 3091 4275 autem
3103 4215 3367 4292 populus
3387 4215 3537 4289 eius,
3560 4221 3616 4274 et
3637 4230 3769 4275 oves

379 4302 693 4397 Scriptura
722 4325 927 4378 sancta
954 4302 991 4376 a
1011 4315 1183 4377 nobis
1212 4310 1486 4394 requirit,
1519 4311 1730 4374 salvari
1752 4329 1869 4370 non
1895 4329 2031 4389 pos-
2052 4388 2090 4397 “
2113 4321 2350 4397 pascua:
2380 4308 2509 4377 eius
2532 4304 2617 4377 78,
2651 4311 2708 4397 et
2738 4323 2856 4364 non
2887 4310 3108 4364 avertet
3142 4302 3352 4362 faciem
3397 4320 3564 4397 suam
3594 4320 3765 4397 a_no_-

379 4388 612 4485 sumus,
639 4404 829 4486 ipsum
854 4403 1205 4486 Apostolum
1237 4388 1591 4464 clamantem
1623 4398 1822 4460 audite
1857 4415 1869 4458 :
1897 4388 2095 4460 Om-D
2116 4394 2228 4470 bis,
2267 4400 2488 4486 tantum
2526 4393 2806 4486 pceniteat
2856 4412 2961 4452 nos
3011 4398 3390 4486 peccatorum
3432 4408 3507 4486 ex
3539 4389 3768 4486 intimis

382 4515 460 4559 ne
479 4504 788 4577 peccatum
812 4501 993 4557 ea'tra
1017 4511 1231 4574 corpus
1252 4499 1335 4554 est
1358 4509 1370 4554 :
1397 4493 1504 4570 qui
1520 4495 1722 4552 autem
1752 4490 2032 4565 fornica-

382 4598 510 4663 tur,
539 4593 605 4649 in
628 4603 846 4666 corpus
863 4602 1042 4647 suum
1057 4592 1254 4664 peccat
1269 4581 1431 4642 T5.Et
1447 4581 1665 4641 iterum
1693 4597 1705 4638 :
1735 4577 2032 4654 Manifes-

383 4680 510 4742 tari
551 4694 660 4739 nos
701 4693 908 4737 omnes
953 4680 1180 4753 Oportet
1219 4669 1657 4750 anteitribunal
1684 4667 1934 4746 Christi,
1969 4672 2036 4728 ut

381 4767 635 4847 recipiat
663 4765 1100 4845 unusquisque,
1133 4769 1309 4842 prout
1334 4763 1520 4842 gessit
1557 4760 1623 4820 in
1654 4774 1895 4847 corpore
1925 4772 2033 4847 suo

381 4843 515 4919 sive
533 4857 771 4928 bonum,
795 4843 924 4916 sive
954 4854 1186 4913 malum
1211 4852 1294 4910 74.
1324 4848 1521 4911 Potest
1542 4847 1720 4926 igitur
1739 4845 1878 4906 hinc
1904 4843 2034 4924 qui-

384 4946 533 5009 libet
561 4960 975 5026 saepenumero
1006 4941 1230 5003 dicere.
1265 4941 1492 5005 Gratias
1525 4958 1632 5017 ago
1668 4939 1809 5008 Deo,
1840 4953 2031 5015 quan-

385 5035 708 5117 doquidem
731 5032 896 5096 nulla
942 5049 1116 5110 prava
1143 5031 1376 5092 actione
1407 5026 1802 5090 contaminavi
1838 5042 2034 5117 mem-

383 5112 557 5187 brum
610 5122 879 5205 corporis
936 5120 1101 5182 mei:
1150 5121 1308 5201 quod
1369 5117 1614 5196 quidem
1675 5133 1780 5193 ego
1843 5112 2036 5205 omnis

383 5203 731 5296 iniquitatis
767 5209 1346 5292 operarius;adhuc:
1376 5209 1579 5269 dicere
1635 5221 1893 5284 nequeo.
1962 5203 2038 5264 Et

386 5306 542 5387 capit
575 5303 859 5366 nimirum
889 5321 957 5362 ex
986 5303 1098 5363 hoc
1129 5300 1426 5378 solatium,
1459 5297 1600 5387 quia
1631 5303 1807 5387 extra
1827 5311 2035 5374 pecca-

387 5382 507 5458 tum
539 5394 633 5458 sui
663 5391 938 5473 corporis
967 5397 1076 5453 est.
1111 5389 1226 5452 Sed
1259 5385 1612 5451 contradicit
1640 5382 1955 5463 Dominus,
1981 5389 2037 5443 et

463 5567 518 5618 '1'2
550 5565 761 5628 Matth.
824 5579 903 5641 Iv,
932 5562 1029 5641 17.

1116 5561 1177 5611 ’ῖὸ
1211 5562 1233 5624 l
1287 5559 1420 5622 Cor.
1455 5574 1534 5633 v1,
1569 5556 1667 5619 18.
1723 5553 1862 5614 7411
1900 5551 2034 5615 Cor.
2087 5567 2146 5621 v,
2192 5552 2281 5612 εο.

2118 4483 2486 4564 praecordiis,
2515 4491 2573 4543 et
2603 4483 2951 4562 abjiciamus
2983 4499 3017 4540 a
3047 4479 3220 4540 nobis
3247 4498 3366 4540 non
3395 4478 3588 4538 solum
3613 4479 3769 4539 mala

2117 4591 2300 4652 opera
2321 4579 2545 4643 nostra,
2581 4572 2685 4632 sed
2720 4579 2778 4631 et
2806 4572 2963 4649 ipsas
2995 4569 3177 4629 malas
3209 4579 3266 4628 et
3291 4566 3630 4627 immundas
3661 4586 3767 4627 co-

2117 4661 2431 4740 gilationes
2461 4659 2656 4721 cordis
2687 4659 2872 4720 nostri
2925 4658 3260 4738 ejiciamus,
3309 4655 3769 4735 sicutscriptum

2119 4750 2238 4811 est?
2259 4749 2743 4826 Scindite,corda
2767 4755 2988 4820 vestra,
3030 4756 3090 4809 et
3131 4764 3251 4808 non
3282 4751 3640 4808 vestimenta
3667 4762 3771 4805 ve-

2118 4848 2212 4903 tra
2235 4840 2319 4902 79.
2353 4838 2504 4910 Quid
2539 4839 2698 4900 enim
2732 4837 2908 4898 habet
2956 4834 3370 4908 emolumenti,
3407 4833 3682 4907 obsecro,
3723 4832 3772 4892 si

2117 4931 2391 4993 omnibus
2439 4929 2689 4990 fortunis
2741 4927 2956 4988 nostris
2987 4926 3047 4987 in
3083 4943 3370 5007 pauperes
3402 4922 3768 5003 tliSll‘ibtltiS,

2116 5041 2151 5083 a
2200 5030 2440 5102 peccato
2497 5038 2614 5078 non
2663 5016 3157 5089 abstinuerimus,
3212 5033 3322 5074 nec
3375 5013 3524 5074 tllud
3560 5012 3770 5073 oderi-

2120 5110 2282 5172 mus?
2304 5108 2457 5181 Quid
2483 5116 2602 5168 tum
2637 5126 2832 5187 porro,
2869 5108 2918 5167 si
2950 5126 3014 5165 re
3036 5106 3183 5186 ipsa,
3217 5113 3272 5164 et
3299 5111 3436 5164 actu
3466 5102 3778 5181 corporale

2120 5207 2423 5282 peccatum
2477 5216 2593 5258 non
2651 5206 3086 5276 perpetremus,
3147 5194 3347 5254 animo
3396 5200 3591 5252 autem
3627 5209 3763 5282 cum

2120 5281 2290 5353 l'cedis
2349 5296 2408 5349 et
2465 5285 2790 5347 immundis
2849 5283 3305 5363 cogitationibus
3347 5281 3773 5344 commercium

2121 5381 2216 5441 hat
2240 5396 2466 5452 eamus,
2504 5384 2862 5455 secretoque
2907 5364 3214 5456 peccatum
3269 5371 3680 5448 designemus,
3725 5379 3781 5432 et

2370 5547 2839 5624 75Mm1h.xx\-,
2897 5547 2915 5608 1
2961 5563 3126 5626 seqq.
3215 5540 3278 5590 ’⁷6
3306 5540 3490 5603 Hebr.
3539 5557 3642 5616 xu,
3689 5539 3783 5602 14.

380 5653 438 5703 77
471 5648 737 5730 Philipp.
775 5635 990 5722 "5'12.
1078 5641 1140 5691 78
1172 5641 1324 5704 I’sal.
1358 5655 1515 5719 xcw,
1551 5639 1610 5718 6,
1649 5637 1704 5698 ’1.
1793 5635 1855 5684 79
1882 5636 1994 5695 Job
2029 5651 2088 5712 ιι7
2127 5635 2220 5693 t3.
