4160 6386
353 344 478 410 497
1759 344 2043 418 ORATIO
2083 341 2344 414 XXXIII
3636 330 3753 411 498.

354 498 494 561 qua;
545 499 614 542 ex
643 479 766 542 illis
797 479 992 553 ardet,
1027 497 1356 560 careamus,
1390 487 1452 542 et
1479 496 1582 560 ne,
1609 477 1748 542 dum
1782 486 2018 560 tempus
2037 485 2079 535 Α
2100 473 2315 537 merito
2345 473 2648 556 expulsus,
2681 481 2745 539 et
2773 472 2982 542 exsilio
3015 470 3484 550 multatusvixit,
3507 483 3757 542 acmax-

351 577 446 632 est
474 569 787 650 operandi,
819 587 928 650 per
958 569 1222 631 fallacias
1252 569 1392 632 vitae
1423 579 1722 648 vagantes,
1757 570 2015 650 virgini—
2100 571 2218 626 tem
2250 562 2431 630 obiit.

351 657 467 720 bus
497 646 672 721 fatuis
703 646 936 721 similes
996 657 1356 721 efﬁciamur:
1420 646 1525 720 sed
1586 677 1693 738 pro
1723 646 2013 720 bonorum
2178 651 2380 715 Dicam
2414 652 2523 714 tibi
2553 651 2862 733 quiddam,
2916 653 3073 734 quod
3128 669 3262 715 meo
3299 646 3530 738 judicio
3574 663 3752 738 nemo

352 763 611 828 Operum
647 747 1062 829 proportione,
1096 749 1380 810 talentum
1411 731 1610 826 gratiae
1651 748 2012 829 multipiiee-
2097 740 2293 802 adhuc
2322 741 2467 829 satis
2485 731 2840 822 explanavit.
2869 731 3165 816 Quidnam
3186 733 3372 819 ergo?
3411 733 3660 829 attende-
3679 731 3754 795 ad

352 825 512 900 nius.
547 825 864 901 Universis
895 825 1080 919 enim,
1115 836 1290 906 etiam
1335 825 1522 900 laicis.
1557 856 1675 899 non
1708 825 1998 900 monachi:

2099 829 2357 925 divinam
2385 828 2752 925 scripturam
2774 830 2879 890 91⁸.
2900 831 3156 925 dixit
3175 829 3336 925 Deus
3351 825 3756 925 Adamo,p9§t

352 933 582 988 tantum
635 945 898 1008 semper,
951 934 1011 988 et
1057 910 1264 1008 quovis
1306 933 1576 1006 tempore
1608 927 2012 1007 paenitentiam
2099 910 2650 1013 praevaricationem
2684 926 2859 1013 puta:
2893 920 3123 1013 ddum,
3155 917 3264 981 ubi
3293 915 3434 1013 est}
3474 911 3615 1013 quid
3638 910 3755 1013 sibi

352 1033 554 1095 agere,
591 999 853 1091 (Μεθ’-εί
883 999 1030 1078 ⁷Πθο
1074 999 1448 1096 supplicare,-
1497 999 1718 1096 perque
1748 1015 2012 1078 actiones
2095 1007 2217 1069 vult
2246 1007 2338 1069 his
2369 1007 2566 1070 verbis
2593 999 2861 1070 omnium
2914 1007 3265 1100 Procreator
3296 1005 3321 1068 ’ἰ
3364 1001 3644 1100 Omnino,
3675 999 3751 1100 ad

348 1090 764 1182 hujuscemodi
794 1105 980 1168 etiam
1031 1090 1273 1167 caeteras
1321 1090 1568 1166 virtutes
1597 1090 1814 1166 omnes
1837 1124 2006 1166 com-
2089 1111 2332 1157 sensum
2362 1115 2534 1159 casus
2563 1098 2656 1158 sui
2699 1113 2838 1160 eum
2889 1096 3174 1186 adduere,
3233 1103 3408 1186 atque
3438 1090 3509 1154 ad
3546 1090 3749 1186 poeni:

356 1176 570 1272 parare
601 1193 885 1275 possibile
917 1204 1028 1258 est,
2088 1185 2330 1275 tentiam
2364 1204 2689 1275 provocare
2716 1186 2944 1267 volens,
2979 1185 3199 1275 inquit,
3233 1176 3451 1275 Adam,
3495 1179 3603 1243 ubi
3626 1196 3688 1242 es
3723 1176 3751 1238 .9

709 1354 716 1355 ί
1377 1337 1391 1355 _
1681 1345 1692 1355 ι
1866 1338 1878 1351 ο
1923 1347 1934 1355 ⁸
2095 1267 2424 1333 Considera
2457 1273 2734 1354 teipsum,
2770 1282 2826 1336 et
2858 1273 3164 1355 perpende
3192 1271 3532 1340 nuditatem.
3560 1275 3746 1329 tuam.

431 1339 852 1444 lioqita'esse,
889 1357 1101 1444 magna
1147 1337 1249 1444 in?
1305 1337 1606 1444 COlum‘]?g
1641 1345 1699 1444 ξεί
1728 1338 2010 1444 Ψδὲίδίθΐ
2093 1355 2244 1421 Vide
2281 1361 2442 1441 quali
2473 1337 2876 1436 indumento:
2910 1337 3075 1444 quali
3132 1361 3322 1442 gloria
3352 1337 3608 1441 privatus
3637 1355 3746 1417 sis.

338 1426 937 1530 Ῑὲξείεῖείωνιῖοῆηηθε
959 1429 1435 1530 Οιξξγερξιοιηιξε,
1465 1427 1609 1487 mihi
1641 1428 1808 1526 ἶθδῑῖδ
1839 1447 2007 1490 δεῖσθ’
2087 1426 2318 1530 Adam:
2334 1450 2440 1512 ubi
2456 1470 2516 1513 es
2539 1450 2564 1514 ἲ
2584 1452 2743 1530 velut
2771 1451 2822 1512 si
2840 1426 2976 1513 eum
3001 1426 3371 1523 hortaretur:
3389 1466 3456 1510 ac
3479 1447 3742 1518 diceret:

339 1515 451 1622 dit,
489 1515 631 1622 dum
665 1516 957 1597 psalmum
1016 1516 1254 1616 Davidis
1285 1516 1840 1622 quinquagesimum
1897 1535 1998 1578 ex-

2088 1536 2265 1610 Hem,
2291 1515 2408 1600 resi
2417 1539 2600 1620 pisce,
2619 1523 2822 1616 miser,
2841 1541 2977 1603 hem
2995 1541 3288 1622 egredere
3301 1535 3744 1600 ubiteabscon-

341 1604 565 1684 Planai-
589 1604 1022 1710 Αεδέτίίθξιίίηι
1043 1604 1142 1686 (ἱυί
1174 1622 1444 1681 “mrem:
1467 1604 1999 1710 Ῑίδθξοειδηίξξηξιεν
2088 1604 2262 1688 (Ιὶειιὶ.⁷
2302 1627 2392 1689 Me
2417 1604 2611 1692 latere
2645 1638 2698 1691 te
2732 1604 2905 1710 posse
2937 1604 3241 1692 existimas
3265 1635 3294 1692 ?
3323 1627 3442 1704 dic,
3475 1623 3748 1686 Peccavi.

342 1711 654 1755 servorum
698 1695 1003 1774 ingentem
1050 1712 1390 1775 numerum,
1443 1695 1669 1774 amplas
1699 1694 1998 1757 facultates

2086 1713 2164 1775 At
2193 1714 2293 1777 ille
2323 1716 2437 1777 hoc
2469 1737 2589 1778 non
2620 1694 2787 1798 dicit,
2845 1717 2941 1781 vel
2995 1718 3192 1799 potius
3236 1736 3342 1795 ego
3374 1694 3586 1777 infelix
3618 1731 3744 1774 non

342 1781 547 1855 habet.
567 1792 639 1887 fl
667 1782 850 1887 ι’θξιυξ
904 1783 1086 1887 bilius
1129 1783 1338 1887 ξεξξευη
1371 1782 1605 1887 ,θΧίῐῐξίθ
1636 1801 1704 1887 91'
1709 1791 1787 1859 εί,
1825 1803 2002 1887 Ρρδξθ
2025 1775 2063 1822 Β
2087 1801 2243 1878 dico,
2271 1824 2470 1867 meum
2493 1806 2655 1868 enim
2679 1775 2897 1868 maium
2923 1775 3036 1869 ιιοὲ
3057 1815 3168 1869 est.
3193 1775 3307 1870 Sed
3333 1804 3477 1887 quid
3490 1821 3745 1884 respon-

341 1889 462 1973 non
498 1871 688 1972 solum
709 1877 774 1936 ut
793 1872 1296 1973 ploretquotidie,
1332 1880 1388 1973 et
1421 1878 1572 1973 oret,
1608 1880 1666 1932 et
1695 1873 1998 1973 poeniteat,

2087 1891 2190 1952 det
2218 1871 2248 1951 ᾧ
2283 1893 2495 1957 Vocem
2529 1904 2700 1959 tuam
2729 1896 2966 1971 audivi,
2994 1871 3447 1964 deambulaiitis
3475 1895 3542 1956 in
3565 1871 3749 1972 para-

339 1961 446 2022 sed
477 1961 678 2065 etiam,
717 1969 815 2065 “ut.
847 1961 920 2023 ad
967 1961 1200 2025 virtutis
1233 1961 1660 2063 perfectionem
1693 1962 1998 2036 ascendat,

2086 1980 2235 2054 dz'so,
2264 1989 2319 2045 et
2335 1985 2538 2058 timui,
2563 2002 2630 2047 eo
2660 1985 2821 2065 quod
2861 1961 3062 2048 nudus
3098 2003 3314 2060 essem,
3361 1961 3420 2046 et
3456 1961 3748 2054 abscondi

338 2051 391 2153 ᾗ
421 2050 592 2153 γεξίξν
628 2059 692 2153 et
716 2048 1000 2152 Spiritum
1050 2058 1344 2153 εᾷοειυξη,
1377 2050 1660 2153 δοείιξὶδιτ
1687 2059 1744 2114 ει
1773 2052 2003 2153 amicys
2086 2085 2196 2131 me.
2222 2048 2370 2141 Quid
2399 2048 2607 2134 conira
2626 2048 2784 2134 D‘eus
2805 2071 2835 2132 γ
2857 2073 2941 2136 Et
2961 2076 3095 2152 quis
3116 2048 3568 2152 indicavittibi,
3586 2067 3750 2150 quod

341 2139 450 2245 Dei
483 2139 604 2214 ﬁat,
641 2147 701 2245 et
751 2141 1004 2245 insuper
1054 2141 1184 2245 eius
1231 2140 1467 2245 lvisione
1519 2140 1764 2245 fruatuf,
1801 2140 2006 2245 (193193
2087 2139 2471 2242 nuda—aesaes,
2507 2163 2632 2224 nisi
2658 2167 2804 2242 quia
2834 2162 2909 2225 de
2937 2139 3190 2243 iignode
3215 2139 3752 2245 quoprmcepiram

340 2229 521 2331 ςιίεπι
573 2237 708 2331 3i“?
764 2229 984 2331 (ἷξπίδιξ
1033 2229 1350 2331 εάῖθςιιωη
1401 2229 1999 2331 [υθξυηξηΑῧΓεξῙπξῐητ
2091 2247 2226 2318 tibi,
2261 2229 3746 2326 utdccosolonmicomedEres,coincdistifi’ides,

340 2316 504 2420 isaac
557 2327 616 2381 et
659 2317 868 2420 Jacob,
931 2328 988 2380 et
1032 2319 1143 2420 qui
1191 2318 1349 2380 inter
1400 2317 1730 2420 Sodomitas
1773 2319 1998 2380 vivebal

2091 2316 2332 2415 dilecte,
2367 2339 2874 2417 longanimitatem
2934 2340 3043 2404 Dei
3075 2316 3131 2400 αρ’
3161 2340 3306 2404 Cum
3359 2339 3588 2401 diceret
3614 2316 3746 2416 ipse

339 2409 589 2510 Lot,.et,
623 2415 689 2468 ut
720 2407 937 2468 multos
995 2407 1143 2469 alios
1201 2407 1668 2489 praetermittam,
1724 2411 1916 2510 muses
1947 2415 1998 2474 el

2093 2407 2340 2508 Adamo',
2381 2407 2619 2491 Ubies?
2646 2435 2704 2491 et
2732 2428 2834 2491 ille
2864 2447 2983 2498 non
3006 2431 3203 2491 statim
3231 2436 3540 2510 peccatum
3564 2407 3747 2489 conﬁ-

336 2495 551 2562 David.
588 2497 654 2558 In
687 2515 838 2557 nova
867 2504 1062 2557 autem
1095 2497 1304 2573 gratia,
1341 2516 1475 2558 cum
1512 2498 1669 2560 Deus
1699 2515 1767 2558 ac
1794 2495 1998 2558 Salva-

2089 2495 2339 2592 teretur,
2365 2518 2470 2580 sed
2501 2495 2918 2598 responderet,
2965 2518 3171 2581 Vocem
3203 2495 3368 2582 tuam
3417 2515 3654 2591 audivi,
3686 2518 3747 2576 et

337 2593 433 2646 tor
451 2593 658 2646 noster
691 2585 986 2665 apparuit,
1014 2587 1225 2648 Petrus
1268 2585 1544 2666 piscator,
1585 2595 1640 2647 et
1665 2586 2002 2648 illitteratus

336 2693 472 2736 cum
503 2692 706 2747 socru,
741 2683 800 2735 et
829 2675 960 2736 aliis
989 2682 1342 2756 praesentem
1399 2693 1534 2737 esse
1563 2675 1749 2737 Deum
1783 2675 2002 2756 praedi-

335 2782 507 2827 cans.
539 2763 854 2844 Reliquos,
882 2765 1081 2844 plures
1101 2782 1275 2844 quam
1304 2764 1420 2825 sint
1444 2765 1771 2844 pluviarum
1801 2773 2000 2843 guttae,

335 2861 433 2915 aut
461 2853 658 2915 stellae
689 2852 848 2927 cceli,
874 2854 1008 2934 quis
1042 2854 1451 2933 percensuerit
1479 2853 1509 2913 ?
1539 2871 1737 2935 reges,
1775 2853 2002 2933 princi-

328 2963 458 3023 pes,
484 2943 767 3023 dynastas
788 2946 886 3018 (ne
911 2942 1212 3005 nominem
1255 2961 1569 3024 pauperes,
1608 2951 1665 3004 et
1695 2942 1793 3023 qui
1828 2962 2004 3024 parva

2084 2606 2288 2686 timui,
2317 2623 2382 2668 eo
2412 2608 2570 2687 quod
2605 2607 2803 2670 nudus
2835 2625 3043 2674 essem.
3076 2615 3131 2670 et
3161 2606 3450 2672 abscondi
3478 2622 3595 2680 me,
3622 2621 3745 2664 non

2088 2701 2177 2754 est
2208 2697 2414 2776 iratus,
2450 2715 2568 2758 non
2601 2703 2691 2758 est
2719 2704 2966 2777 repente
2997 2715 3280 2778 aversus;
3339 2695 3444 2759 sed
3476 2690 3740 2760 secunda

2084 2783 2250 2844 illum
2285 2784 2610 2864 quaestione
2645 2785 2943 2866 dignatur,
2993 2793 3051 2847 et
3101 2786 3223 2848 ait:
3289 2786 3437 2861 Quis
3466 2783 3628 2846 enim
3648 2783 3746 2843 in-

2084 2873 2458 2955 dicavz‘ttibi,
2473 2876 2630 2955 quod
2645 2875 2848 2938 nudus
2863 2894 3039 2957 esses,
3055 2877 3182 2938 nisi
3193 2877 3338 2958 quia
3360 2877 3430 2938 de
3452 2874 3638 2955 ligno,
3671 2873 3744 2934 de

2086 2979 2202 3042 quo
2228 2980 2635 3044 praeceperam
2653 2965 2787 3046 tibi,
2819 2970 2885 3028 ut
2915 2966 3078 3035 dejeo
3093 2965 3216 3028 solo
3238 2983 3363 3028 non
3375 2963 3736 3039 comedens,

336 3032 396 3093 in
428 3050 496 3118 re
551 3032 731 3092 vitam
791 3031 1090 3111 agitaruut
1153 3033 1347 3112 suam)
1407 3051 1659 3113 quorum
1709 3031 1911 3113 urbes,
1945 3049 1998 3102 et

2086 3031 2446 3114 comedistii
2473 3053 2739 3132 Intellige
2771 3031 3235 3134 profunditatem
3269 3071 3614 3116 sermonum
3639 3031 3742 3114 sa:-

334 3120 568 3200 domus,
601 3129 662 3182 et
693 3121 1084 3182 ecclesiarum
1121 3139 1326 3197 naves,
1388 3139 1533 3202 quas
1565 3121 1650 3182 illi
1685 3121 1995 3200 magniﬁce

343 3209 794 3272 condiderunt:
858 3229 1109 3291 quorum
1170 3209 1532 3287 gerocomia,
1593 3228 1698 3272 seu
1753 3209 1996 3272 senibus

345 3299 569 3360 alendis
597 3300 925 3376 domicilia,
961 3309 1020 3362 et
1075 3301 1449 3363 xenodochia
1505 3310 1767 3382 manent,
1798 3309 1856 3363 et
1886 3320 1993 3362 ex-

345 3395 504 3449 stant
533 3407 707 3468 usque
739 3389 942 3462 hodie,
977 3409 1106 3470 quae
1155 3390 1238 3451 illi
1293 3391 1643 3467 superstites
1673 3391 1991 3464 habebant,

342 3485 402 3540 et
433 3476 508 3537 iis
536 3477 623 3557 pie
652 3479 987 3553 utebantur,
1047 3499 1167 3540 non
1203 3489 1265 3541 ut
1297 3480 1572 3562 propriis,
1607 3479 1712 3542 sed
1749 3487 1813 3543 ut
1841 3481 1996 3542 servi

337 3565 580 3628 Domini
609 3584 671 3628 ea
701 3587 832 3648 quae
863 3567 1012 3648 ipsis
1066 3568 1356 3630 Dominus
1417 3568 1700 3644 dedisset,
1735 3569 1995 3631 admini-

339 3664 615 3730 strantes,
651 3666 707 3719 et
737 3659 851 3720 hoc
883 3658 1102 3719 mundo
1131 3665 1366 3720 utentes
1388 3658 1629 3739 quidem
1663 3659 1993 3720 secundum

341 3745 504 3806 Pauli
537 3765 767 3819 vocem,
826 3766 944 3808 non
994 3756 1191 3808 autem
1227 3746 1638 3808 abutentes9l.
1673 3747 1818 3809 Nam
1851 3767 1994 3828 pro-

334 3845 542 3916 pterea
564 3836 743 3897 etiam
772 3835 833 3896 in
860 3837 971 3898 hac
997 3836 1109 3896 vita
1133 3836 1335 3916 inclyti
1364 3845 1419 3896 et
1440 3836 1700 3899 illustres
1732 3837 1992 3913 fuerunt,

332 3933 390 3986 et
422 3943 583 3984 nunc
614 3931 772 3998 sunt,
807 3930 868 3986 et
925 3925 1159 3985 saeculis
1215 3925 1756 3986 innumerabilibus
1789 3934 1983 3996 erunt,

331 4024 510 4096 atque
541 4015 601 4075 in
634 4015 977 4076 cmlestibus
1033 4017 1151 4077 illis
1211 4017 1452 4079 sedibus
1507 4017 1681 4079 etiam
1714 4017 1988 4084 amulius,

333 4105 504 4177 Quod
539 4104 650 4165 nisi
693 4103 866 4185 pigri,
905 4105 1145 4166 inertes.
1178 4105 1709 4187 mandatorumque
1727 4114 1999 4168 contem-

333 4203 533 4274 ptores
565 4212 854 4268 essemus,
908 4195 1012 4255 sed
1065 4195 1282 4270 seduli,
1343 4195 1602 4268 excitati,
1655 4195 1986 4273 vigilantes,

2079 3139 2316 3220 pientize
2343 3139 2478 3204 Dei.
2510 3141 2662 3215 Quid
2693 3141 2843 3204 dicis
2871 3142 2902 3202 ‘2
2953 3142 3128 3218 Quod
3156 3144 3367 3207 nudus
3395 3160 3606 3223 essem,
3640 3141 3740 3202 in-

2078 3229 2224 3310 quit.
2277 3229 2594 3294 Peccatum
2647 3239 2810 3293 tuum
2869 3229 3190 3303 abscondis
3222 3231 3252 3292 ?
3309 3251 3386 3294 an
3445 3239 3615 3312 putas
3646 3248 3742 3293 me

2080 3327 2304 3380 tantum
2342 3338 2556 3400 corpus
2585 3326 2750 3382 tuum
2795 3319 3022 3394 videre,
3073 3339 3177 3382 cor
3222 3325 3446 3395 autem,
3482 3327 3542 3383 et
3570 3317 3740 3399 cogi-

2079 3407 2331 3485 tationes
2351 3416 2481 3470 tuas
2506 3427 2626 3470 non
2652 3411 2994 3490 perspicere
3016 3409 3046 3469 ?
3079 3407 3403 3489 Separabat
3433 3408 3594 3472 enim
3624 3409 3737 3470 de-

2079 3497 2549 3573 ]ususAdamus,
2575 3499 2765 3559 Deum
2795 3498 3075 3578 ignorare
3103 3495 3410 3578 peccatum
3441 3497 3651 3580 ipsius,
3681 3503 3742 3562 et

2079 3585 2164 3648 sic
2219 3586 2658 3667 quodammodo
2713 3603 2916 3648 secum
2980 3587 3357 3668 loquebatur.
3409 3587 3474 3654 Si
3531 3586 3739 3649 dixero

2079 3694 2172 3736 me
2205 3676 2427 3737 nudum
2461 3693 2617 3753 esse,
2653 3674 2930 3739 nesciens
2976 3678 3155 3750 Deus,
3188 3686 3442 3759 quaeret,
3478 3695 3588 3739 cur
3618 3696 3736 3738 nu-

2077 3766 2186 3827 dus
2217 3765 2352 3828 sim.
2389 3763 2556 3826 Tunc
2588 3764 2736 3826 mihi
2767 3781 2986 3842 negare
3016 3765 3248 3842 licebit,
3284 3774 3342 3828 et
3372 3767 3601 3842 dicere,
3637 3784 3738 3830 ne-

2080 3857 2226 3930 scio,
2271 3872 2629 3935 possumque
2660 3853 2844 3916 latere
2893 3853 3087 3930 illum,
3151 3864 3209 3917 et
3243 3856 3493 3937 primam
3527 3855 3739 3919 stolam

2082 3944 2377 4024 recipere.
2412 3943 2516 4007 Sin
2549 3943 2771 4018 minus,
2809 3951 3004 4004 tamen
3039 3963 3134 4006 me
3161 3964 3276 4006 non
3291 3945 3515 4027 ejiciet,
3540 3953 3742 4008 tamen

2083 4035 2144 4096 in
2171 4033 2441 4096 exsilium
2476 4052 2590 4096 non
2625 4033 2838 4096 mittet.
2863 4032 3000 4096 Haec
3029 4033 3128 4096 illo
3157 4033 3313 4117 apud
3339 4055 3406 4099 se
3433 4037 3740 4100 volutante

2084 4123 2245 4204 (utet
2267 4141 2423 4184 nunc
2448 4121 2616 4183 multi
2638 4121 2884 4197 faciunt,
2923 4130 2980 4184 et
3025 4141 3132 4204 ego
3177 4124 3426 4206 primus,
3458 4145 3567 4189 sua
3597 4145 3740 4208 pec-

2081 4222 2210 4275 cata
2237 4213 2625 4293 occultantes)
2661 4214 2818 4275 Deus
2855 4213 3066 4274 nolens
3095 4214 3410 4280 adversum
3446 4235 3550 4280 eos
3581 4217 3740 4280 mul-

331 4282 920 4383 nihiluabdicatione
979 4302 1178 4348 rerum.
1239 4292 1338 4345 aut
1395 4292 1656 4365 tonsura,
1705 4293 1804 4346 aut
1852 4284 1990 4363 fuga

2084 4297 2358 4383 tiplicare
2380 4282 2675 4382 judicium
2707 4320 2776 4363 ac
2809 4302 3275 4379 damnationem,
3307 4305 3388 4366 ait
3425 4326 3437 4365 :
3471 4306 3553 4369 Et
3582 4306 3745 4376 unde

335 4371 542 4482 ξηυιξάί
570 4391 719 4453 opus
745 4371 1123 4435 haberemus-
1157 4373 1361 4436 Ηοθυι
1401 4373 1742 4455 Ρνοδθιηυεν
1765 4374 2004 4436 aUSCUl'
2029 4371 2268 4482 Duosti,
2302 4371 2460 4471 qubd
2487 4390 2688 4453 nudus
2727 4397 2833 4465 sis,
2886 4392 3011 4453 nisi
3039 4394 3183 4470 quia
3204 4371 3278 4456 de
3312 4393 3498 4475 ligno,
3530 4371 3747 4474 dequo

333 4461 620 4525 tandum.

416 4577 576 4640 Deus
610 4576 682 4638 ab
714 4577 882 4640 initio
943 4578 1246 4640 hominem
1293 4579 1562 4640 omnium
1594 4587 1997 4652 terrenorum,

333 4667 482 4746 quin
517 4667 804 4741 omnium,
835 4687 966 4748 quae
996 4669 1317 4748 complexu
1348 4669 1479 4732 coeli
1511 4670 2008 4749 continerentur,

334 4774 537 4836 regem
574 4757 899 4820 constituit.
965 4756 1108 4818 Nam
1164 4758 1274 4832 sol,
1339 4758 1500 4827 iuno,
1560 4767 1716 4819 astra
1763 4764 2010 4838 propter

336 4845 642 4909 hominem
674 4846 846 4926 plane
871 4853 1069 4907 creata
1089 4855 1247 4910 sunt.
1274 4845 1423 4918 Quid
1450 4847 1647 4926 igitur,
1683 4867 1818 4909 cum
1847 4845 2008 4906 esset

333 4955 440 4997 rex
474 4935 686 4997 horum
719 4954 850 5016 quae
880 4934 1152 4996 videntur
1186 4937 1450 4996 omnium
1483 4944 1509 4996 ν
1568 4939 1719 4999 Num
1755 4937 1880 4997 hzec
1912 4934 2008 4999 illi

335 5025 414 5087 ad
446 5025 727 5086 virtutem
763 5023 1196 5104 impedimento
1224 5025 1495 5088 fuerunt?
1523 5045 1639 5088 non
1666 5045 1834 5100 sane,
1866 5042 2006 5097 non,

334 5116 580 5196 inquam
610 5135 623 5178 :
687 5114 958 5196 quinimo
991 5115 1278 5190 majorem
1312 5116 1370 5176 in
1406 5117 1647 5177 modum
1681 5113 2008 5176 inclaruis-

339 5213 464 5280 set,
497 5204 547 5265 si
579 5206 701 5267 Deo
732 5201 1028 5266 conditori
1059 5223 1164 5264 suo
1213 5223 1246 5265 a
1297 5225 1414 5286 quo
1446 5207 1572 5268 hmc
1603 5206 1805 5268 omnia
1834 5223 2009 5266 accc-

2082 4497 2491 4562 praeceperam
2523 4481 2634 4543 tibi
2664 4498 2739 4542 ne
2767 4480 3128 4555 comederes,
3160 4484 3474 4558 comedisti
3492 4488 3520 4546 ?
3577 4485 3748 4566 quasi

2088 4571 2338 4654 diceret.
2371 4569 2442 4632 Et
2472 4570 2716 4632 omnino
2749 4588 2844 4632 me
2875 4570 3060 4632 latere
3110 4581 3278 4654 putas
3306 4573 3336 4633 ‘?
3385 4593 3573 4653 egone
3602 4573 3746 4656 quid

2090 4659 2307 4722 feceris
2331 4659 2539 4738 ignoro
2568 4658 2598 4712 9
2654 4679 2774 4722 non
2818 4659 3006 4730 dices,
3057 4659 3363 4726 Peccavi?
3410 4663 3508 4727 dic
3539 4663 3745 4739 miser,

2093 4750 2296 4823 etiam,
2322 4766 2530 4810 revera
2571 4749 2910 4812 mandatum
2953 4757 3121 4812 tuum
3153 4760 3560 4833 transgressus
3588 4773 3745 4824 sum.

2094 4838 2308 4901 Audivi
2342 4837 2658 4900 consilium
2694 4837 2988 4920 mulieris,
3048 4849 3105 4903 et
3135 4841 3335 4923 lapsus
3367 4863 3524 4916 sum,
3561 4843 3744 4905 dece-

2095 4937 2228 5010 ptus
2258 4947 2389 4988 sum
2420 4927 2828 5004 vehementer,
2890 4928 2978 4990 illi
3034 4949 3272 5015 parens,
3309 4939 3366 4995 et
3395 4927 3751 4996 tibi'inobe-

2092 5019 2286 5082 diens.
2319 5016 2606 5079 Miserere
2640 5018 2778 5078 mei.
2840 5018 3018 5100 Atqui
3076 5040 3192 5084 non
3246 5021 3393 5088 dicit
3421 5023 3599 5100 istud,
3631 5041 3750 5090 non

2093 5107 2467 5183 humiliatur,
2497 5126 2616 5168 non
2650 5107 2952 5170 ﬂectitur:
2997 5110 3238 5176 Nervus
3263 5113 3500 5194 ferreus
3547 5113 3758 5182 cervix

2093 5198 2292 5264 cordis
2323 5200 2455 5277 ejus
2483 5197 2567 5273 99,
2624 5196 2794 5278 quasi
2825 5196 3110 5262 nimirum
3140 5211 3198 5265 et
3228 5221 3335 5284 ego
3366 5203 3552 5270 miser
3596 5221 3755 5266 sum.

344 5301 536 5377 perat.
564 5301 769 5372 gratus
791 5291 1126 5354 mansisset.
1160 5291 1304 5354 Nam
1331 5294 1750 5374 si_mandatum
1777 5291 2015 5354 Domini
2097 5287 2159 5351 Si
2177 5289 2288 5350 hoc
2305 5287 2552 5350 verbum
2575 5287 2941 5369 protulisset,
2984 5289 3048 5352 in
3089 5289 3364 5373 paradiso
3407 5292 3758 5369 mansisset,

347 5402 464 5444 non
497 5381 797 5464 fregisset,
833 5401 1080 5460 regnum
1128 5381 1282 5444 istud
1339 5403 1453 5446 non
1487 5384 1874 5465 perdidisset,
1913 5379 2018 5443 Dei
2101 5386 2398 5456 totamque
2428 5377 2590 5439 illam
2651 5377 2968 5458 periodum
3023 5384 3315 5454 malorum
3361 5381 3756 5459 inﬁnitarum,
3830 5408 3861 5445 I

345 5473 537 5554 gloria
562 5493 680 5537 non
706 5480 901 5534 semet
919 5470 1253 5553 spoliasset.
1289 5472 1437 5546 Quia
1468 5493 1607 5536 vero
1643 5491 1818 5537 secus
1853 5469 2016 5540 fecit.
2100 5486 2233 5550 quae
2276 5467 2705 5532 exterminatus
2753 5469 2932 5547 subii,
2996 5478 3054 5534 et
3113 5479 3198 5536 tot
3252 5471 3494 5558 saecula,
3547 5469 3765 5558 quibus

425 5636 478 5687 9‘
514 5634 565 5700 II
596 5637 740 5698 Cor.
776 5649 879 5709 VII,
911 5635 1012 5696 31.
1095 5635 1151 5684 91
1186 5634 1203 5656 ’
1238 5637 1388 5700 Gen.
1430 5653 1515 5714 In,
1545 5637 1583 5699 9
1609 5655 1780 5719 seqq.
1864 5632 1924 5684 9‘3
1954 5629 2070 5696 Isa.
2103 5646 2310 5706 XLVIII,
2344 5633 2407 5694 4.
