4120 6392
381 353 502 420 499

1703 350 2082 420 SYMEONIS
2121 353 2473 423 JUNIORIS

3655 330 3776 426 5οό

368 488 526 569 apud
558 460 780 551 inferos
812 462 1073 570 delituit,
1104 485 1286 549 unica
1313 503 1457 550 voce
1485 487 1598 549 hac
1629 487 1881 551 evadere
1911 506 2018 570 po-
2038 492 2082 543 Α
2183 487 2299 552 Sed
2330 490 2792 569 profunditatem
2822 492 3240 573 mysteriorum
3270 493 3380 557 Dei
3408 493 3666 576 dispice,
3710 504 3774 559 et

374 583 792 745 tmIsISoecfigitur
836 674 948 745 est,
1002 666 1167 749 quod
1223 686 1318 730 me
1349 667 1645 729 dicturum
1680 664 2021 748 pollicebat.

2107 575 2297 652 disce,
2330 597 2400 641 ac
2422 579 2638 642 docere
2667 580 2832 663 inde,
2858 600 2980 643 non
3001 582 3186 645 fuisse
3208 583 3562 663 ejiciendus,
3593 584 3644 646 si
3666 603 3771 647 eos

2107 666 2356 728 sceleris
2413 669 2838 750 paenituisset:
2904 689 3023 732 non
3082 671 3333 734 fuissent
3362 673 3765 751 condemnati,

368 756 526 819 Audi
551 756 805 837 reliqua,
840 764 899 819 et
940 759 1095 839 quod
1148 755 1293 837 dixi,
1322 755 1470 817 citra
1497 757 1679 818 ullam
1712 756 2026 817 falsitatem
2110 773 2227 815 non
2248 754 2457 818 fuisset
2485 759 2600 819 lata
2628 759 3110 840 sententia,utin
3135 768 3358 823 terram
3386 770 3767 825 reverteren-

368 863 574 907 verum
610 863 741 907 esse
771 864 1115 926 cognosces.
1149 844 1310 909 Dixit
1354 844 1516 909 Deus
1546 844 1776 906 Adamo
1810 864 1823 908 :
1859 843 2031 920 Qua-

371 953 607 1016 cunque
627 935 783 998 hora
812 936 1192 999 comederilis
1217 935 1291 997 de
1323 935 1516 1015 ligno,
1548 934 1622 996 de
1641 952 1759 1015 quo
1771 934 2037 1015 praecepi

370 1025 541 1086 vobis
554 1042 632 1087 ne
644 1025 993 1101 comedatis,
1009 1029 1200 1087 morte
1211 1024 1558 1086 moriemini
1567 1023 1653 1099 93,
1670 1029 1859 1084 morte
1877 1022 2037 1085 vide-

370 1112 513 1174 licet
541 1112 778 1194 animm,
807 1113 965 1194 quod
1017 1120 1076 1174 et
1133 1113 1264 1193 ipsa
1321 1111 1424 1173 illa
1482 1112 1629 1173 hora
1658 1111 1881 1174 factum
1916 1119 2032 1191 est,

369 1203 627 1284 ideoque
657 1203 873 1265 stolam
907 1201 1372 1265 immortalitatis
1406 1202 1692 1283 perdidit.
1723 1201 1883 1263 Nihil
1914 1221 2036 1263 am-

373 1292 532 1372 plius
560 1292 832 1371 praedixit
859 1291 1038 1374 Deus,
1075 1300 1133 1354 et
1163 1291 1313 1353 nihil
1351 1300 1641 1373 prmterea
1669 1291 1887 1353 factum
1918 1299 2030 1354 est.

370 1380 700 1443 Praesciens
732 1379 917 1461 enim,
953 1388 1017 1442 ut
1044 1380 1224 1457 Deus,
1254 1399 1507 1461 peccare
1526 1399 1700 1461 posse
1715 1381 2030 1454 Adamum,

369 1470 693 1549 volensque
750 1470 1061 1549 pmnitenti
1119 1470 1451 1548 ignoscere,
1528 1470 1680 1531 nihil
1755 1470 2031 1550 amplius,

372 1563 438 1619 ut
493 1558 719 1619 dictum
770 1566 882 1635 est,
940 1568 1145 1620 contra
1198 1577 1334 1620 eum
1385 1566 1559 1621 antea
1605 1558 2031 1640 pronuntiavit.

374 1649 688 1727 Postquam
720 1655 919 1709 autem
949 1651 1183 1726 negavit
1215 1656 1521 1728 peccatum
1554 1666 1750 1725 suum,
1812 1658 1870 1710 et
1922 1666 2034 1710 ne-

2116 851 2230 919 tur,
2266 844 2341 906 de
2371 865 2484 926 qua
2508 848 2730 926 sumpti
2761 849 3491 931 essent.Audiquomodo.
3519 853 3767 915 Postea-

2120 951 2298 1012 quam
2333 934 2509 1014 ejecti
2538 944 2698 1011 sunt,
2735 956 2869 999 mox
2900 937 2964 999 in
3020 937 3258 1000 labores
3288 957 3356 1001 ac
3387 939 3637 1001 sudores
3665 940 3767 1002 in-

2121 1020 2421 1104 ciderunt,
2445 1024 2790 1105 esurireque
2810 1044 2878 1087 ac
2898 1026 3086 1101 sitire,
3121 1036 3180 1089 et
3206 1027 3405 1107 rigere
3430 1047 3499 1090 ex
3519 1028 3765 1107 frigore,

2119 1128 2186 1172 ac
2212 1118 2470 1174 tremere
2498 1123 2827 1193 coeperunt,
2865 1134 2933 1176 ac
2990 1118 3223 1196 perpeti
3278 1118 3621 1198 hujusmodi
3666 1118 3767 1179 in-

2117 1201 2687 1289 commoda,{qualia
2719 1212 2778 1265 et
2805 1222 2914 1265 nos
2970 1204 3174 1286 hodie,
3207 1213 3266 1267 et
3295 1207 3466 1287 plura
3498 1205 3766 1289 perpeti-

2118 1304 2275 1360 mur,
2336 1287 2437 1368 qui
2494 1289 2770 1352 videlicet
2851 1290 3198 1354 calamitatis
3255 1294 3433 1373 hujus
3484 1303 3545 1356 et
3598 1287 3771 1356 casus

2117 1376 2518 1453 cognitionem
2549 1379 2933 1460 accepimus:
2974 1399 3085 1442 nec
3114 1380 3174 1442 id
3206 1382 3422 1455 solum,
3455 1383 3559 1445 sed
3592 1383 3770 1446 etiam

2117 1463 2306 1544 ipsius
2338 1484 2546 1528 eorum
2578 1468 2864 1545 stultitiae,
2926 1477 2983 1531 et
3039 1469 3359 1533 ineffabilis
3389 1471 3496 1534 Dei
3527 1472 3771 1534 miseri-

2118 1553 2355 1616 cordiae.
2392 1554 2570 1618 Extra
2601 1558 2940 1637 paradisum
2992 1558 3193 1639 itaque
3246 1568 3548 1638 vagantes,
3583 1569 3641 1623 et
3669 1579 3770 1623 se-

2118 1639 2348 1718 dentes,
2386 1645 2776 1723 pmnitebant,
2810 1645 3056 1720 ﬂebant,
3090 1647 3774 1727 lamentabantur,fron-

371 1754 489 1817 que
518 1736 929 1817 reprehensus
958 1755 992 1797 a
1023 1739 1146 1800 Deo
1179 1736 1609 1816 poenitudinem
1635 1739 1927 1816 concepit,
1953 1736 2033 1798 ait
2054 1741 2093 1790 Β
2117 1742 2236 1792 tem
2251 1732 2564 1810 feriebant,
2591 1735 3180 1816 capilloslaniabant,
3201 1739 3585 1817 pertinaciam
3601 1758 3769 1801 suam

374 1824 571 1887 enim:
627 1824 870 1906 Mulier,
905 1843 1089 1904 quam
1118 1827 1339 1889 dedisti
1365 1826 1544 1900 mihi,
1576 1827 1708 1905 ipsa
1737 1845 1834 1889 me
1862 1828 2036 1889 dece-

370 1916 492 1994 pit.
519 1948 597 1959 —
623 1915 824 1989 Quam
865 1915 1086 1977 dedisti
1119 1916 1316 1989 mihi;
1339 1934 1372 1976 o
1414 1917 1673 1977 animam
1716 1934 1921 1995 parum
1954 1923 2040 1976 at-

374 2009 620 2079 tentam,
643 2021 714 2064 ac
732 2001 854 2063 Deo
872 2004 1040 2083 quasi
1059 2002 1384 2079 dicentem,
1413 2008 1502 2067 Tu
1524 2004 1857 2067 offendisti:
1893 2006 2035 2069 Mu-

378 2090 496 2153 lier
528 2109 705 2171 quam
735 2091 957 2154 dedisti
1000 2093 1176 2167 mihi,
1212 2094 1345 2172 ipsa
1375 2110 1473 2155 me
1502 2095 1759 2173 derepit,
1794 2093 1948 2174 quod
1982 2101 2039 2155 et

379 2198 541 2242 nunc
599 2181 835 2261 abjecto
888 2180 1057 2256 mihi,
1110 2190 1168 2243 et
1215 2181 1446 2244 infelici
1496 2201 1607 2244 usu
1656 2181 1861 2245 venit:
1918 2202 2039 2244 non

380 2268 542 2331 enim
582 2270 712 2331 volo
743 2289 1009 2350 unquam
1040 2270 1370 2346 humiliari,
1409 2279 1468 2332 et
1495 2273 1696 2334 dicere
1725 2291 1793 2333 ex
1810 2273 2031 2342 animo,

380 2358 506 2438 Ego
540 2359 893 2439 perditionis
923 2378 1073 2421 meae
1093 2378 1273 2421 causa
1302 2380 1431 2421 sum
1468 2380 1481 2421 :
1517 2361 1622 2422 sed
1655 2361 1774 2433 aio,
1815 2361 1917 2423 ille
1943 2379 2037 2422 me

380 2449 455 2510 ad
497 2449 646 2518 hmo,
684 2454 741 2509 et
769 2448 873 2511 illa
902 2448 1180 2523 dicenda,
1242 2449 1515 2512 facienda
1560 2450 1877 2530 instigavit.
1934 2450 2042 2513 Ille

386 2536 534 2599 mihi
563 2539 770 2613 suasit,
803 2547 868 2598 ut
897 2539 1011 2601 hoc
1041 2545 1100 2600 et
1144 2539 1256 2601 hoc
1309 2539 1623 2619 facerem,:
1632 2548 1688 2601 et
1717 2549 2036 2621 patrarem.

383 2623 431 2688 Ο
462 2624 764 2688 infelicem
797 2625 1081 2702 animam,
1130 2627 1311 2690 verba
1343 2629 1572 2708 peccati
1603 2628 1779 2709 plena
1810 2630 2045 2710 profun-

384 2714 628 2777 dentem
661 2718 676 2777 ε
739 2714 786 2779 Ο
816 2716 1031 2777 anima;
1059 2717 1426 2798 impudentis
1454 2726 1512 2778 et
1544 2719 1814 2780 scelestae
1842 2719 2042 2799 impu-

388 2803 628 2865 dentem
659 2806 1092 2885 scelestamque
1137 2805 1465 2867 orationem
1504 2805 1516 2865 !
1571 2809 1773 2889 Itaque
1823 2827 1955 2869 cum
1988 2817 2045 2870 et

390 2892 505 2954 hoc
536 2894 801 2955 Adamus
832 2894 1193 2974 protulisset,
1228 2894 1371 2956 dicit
1404 2896 1459 2957 ei
1488 2895 1644 2957 Deus
1680 2917 1692 2958 :
1726 2896 1801 2958 In
1832 2896 2046 2959 labore

2121 1819 2524 1901 deplorantes.
2561 1823 2625 1885 Id
2663 1843 2840 1906 porro
2899 1844 3016 1886 non
3068 1845 3276 1908 unum,
3338 1835 3439 1889 aut
3466 1828 3636 1903 duos,
3672 1835 3773 1889 aut

2120 1910 2329 1974 decem
2363 1913 2516 1993 dies,
2551 1913 2681 1985 sed,
2741 1913 2996 1975 credatis
3053 1912 3202 1975 mihi
3257 1915 3456 1992 velim,
3510 1916 3773 1997 quandiu

2120 2010 2258 2063 aetas
2289 2002 2712 2083 suppeditavit.
2772 2002 3080 2075 Quomodo
3136 2003 3293 2066 enim
3348 2013 3624 2085 poterant
3652 2024 3775 2068 non

2122 2090 2501 2151 continenter
2529 2098 2703 2172 atque
2728 2093 2889 2153 omni
2926 2103 3196 2172 tempore
3228 2092 3513 2173 lacrymas
3536 2094 3777 2174 profun-

2121 2179 2285 2258 dere,
2321 2178 2806 2260 cumZDominum
2840 2180 3007 2242 illum
3044 2190 3162 2242 tam
3185 2190 3583 2260 mansuetum,
3617 2184 3775 2246 deli-

2121 2268 2246 2331 cias
2291 2269 2445 2344 illas,
2506 2287 2654 2350 quas
2712 2288 2909 2332 sermo
2968 2269 3173 2350 nequit
3228 2271 3559 2349 declarare,
3614 2273 3777 2334 illam

2120 2359 2331 2420 florum
2364 2359 2866 2439 pulchritudinem
2890 2357 3376 2435 inenarrabilem,
3415 2360 3573 2422 illam
3597 2361 3774 2424 vitam

2128 2449 2288 2509 omni
2321 2448 2723 2510 sollicitudine
2753 2468 2822 2511 ac
2879 2448 3083 2511 labore
3131 2466 3397 2525 vacuam,
3429 2450 3776 2529 angelorum

2125 2536 2197 2598 ad
2247 2538 2410 2618 ipsos
2465 2539 2792 2600 descensus
2845 2556 3249 2618 ascensusque
3317 2540 3778 2618 recogitarent?

2127 2625 2642 2699 Quemadmodum
2678 2628 2861 2704 enim,
2922 2627 3022 2709 qui
3075 2626 3149 2688 ab
3208 2627 3409 2708 aliquo‘
3438 2629 3776 2712 principum

2127 2716 2305 2796 hujus
2333 2717 2533 2779 saeculi
2566 2718 2735 2779 electi
2766 2725 2905 2778 sunt
2942 2716 3119 2793 servi,
3152 2717 3226 2778 ad
3259 2719 3657 2798 praestandum
3689 2719 3777 2780 illi

2127 2822 2326 2865 coram
2363 2803 2791 2880 ministerium,
2818 2804 3077 2885 qnandiu
3112 2804 3536 2883 reverentiam,
3571 2812 3630 2869 et
3661 2807 3773 2867 lio-

2127 2911 2358 2968 norem,
2395 2894 2449 2955 ei
2481 2894 2780 2957 serviendi
2810 2913 3024 2956 munus
3054 2893 3352 2956 sincerum
3387 2894 3637 2957 Domino
3669 2912 3776 2956 suo

381 2987 436 3076 et
461 2983 685 3045 sudore
697 2983 1201 3076 comedespanem
1225 2992 1424 3059 tuum,
1451 2993 1507 3048 et
1521 2991 1732 3066 spinas
1753 3004 1826 3049 ac
1849 2985 2042 3049 tribu-
2064 3025 2104 3076 ο
2132 2991 2429 3076 praestant,
2465 2984 2807 3065 ipsumque,
2840 3003 2937 3062 ,ac
2986 3003 3304 3076 conversos
3331 3001 3470 3076 suos
3497 2983 3773 3062 diligunt,

384 3069 474 3132 los
498 3078 667 3134 terra
684 3071 1045 3152 germinabit
1068 3073 1200 3135 tibi.
1244 3072 1316 3136 Et
1343 3082 1678 3155 postremo:
1714 3076 1872 3149 Quia
1901 3069 2104 3154 put-3
2133 3072 2312 3134 etiam
2343 3072 2619 3136 libertate
2666 3091 2806 3152 erga
2855 3091 3013 3148 eum,
3074 3080 3134 3135 et
3190 3072 3600 3134 benevolentia
3648 3074 3779 3153 ejus

382 3161 476 3223 vis
493 3179 578 3242 es,
611 3167 669 3223 et
693 3162 759 3223 in
787 3160 1107 3241 pulverem
1125 3168 1477 3226 reverteris.
1505 3163 2046 3246 Dicebam,{inquit,

382 3258 448 3311 ut
481 3249 797 3331 paeniteret
826 3257 909 3325 te,
970 3249 1406 3332 pristinamque
1463 3253 1594 3314 vita:
1623 3253 1873 3314 formam
1905 3255 2052 3318 reti-

372 3358 585 3402 neres.
610 3338 760 3412 Quia
774 3358 909 3401 vero
932 3340 1084 3401 adeo
1107 3341 1454 3420 praefractus
1489 3360 1576 3417 es,
1609 3359 1793 3422 apage
1823 3343 1899 3404 de
1930 3362 2049 3405 caa-

383 3435 512 3490 tero
544 3448 578 3491 a
608 3448 726 3505 me,
764 3436 822 3491 et
850 3429 1104 3490 sufﬁciet
1132 3428 1237 3490 tibi
1269 3430 1341 3491 ad
1374 3429 1751 3512 disciplinam
1783 3431 2045 3493 desertio

383 3527 517 3581 tua:
548 3519 856 3593 Quoniam
876 3517 1077 3597 pulvis
1098 3535 1183 3599 es,
1209 3526 1265 3581 et
1282 3521 1346 3581 in
1357 3518 1677 3600 pulverum
1698 3527 2042 3585 reverteris.

381 3607 470 3671 En
526 3607 728 3687 igitur,
775 3606 1062 3682 didicisti,
1118 3626 1251 3670 eum
1292 3617 1424 3689 post
1472 3609 2041 3690 prmvaricationem,

383 3696 518 3778 quia
541 3716 661 3759 non
683 3696 980 3777 paenituit,
1008 3714 1122 3758 nec
1145 3696 1314 3772 dixit,
1345 3698 1610 3773 Peccavi,
1639 3698 2041 3777 etexpulsum,

2133 3178 2458 3243 amoreque
2502 3164 2683 3225 multa
2740 3183 2873 3225 cum
2924 3161 3249 3243 vacatione,
3298 3161 3672 3241 jucunditate
3720 3169 3781 3223 et

2132 3250 2530 3314 oblectatione
2560 3252 2967 3333 perfruuntur.
3004 3250 3106 3313 Sin
3153 3259 3349 3312 autem
3393 3248 3457 3311 in
3497 3268 3777 3311 vesanam

2130 3340 2511 3402 insolentiam
2541 3351 2747 3404 contra
2778 3342 3094 3404 Dominum
3124 3358 3295 3402 suum
3325 3339 3507 3415 versi,
3540 3338 3772 3400 obtorto

2131 3432 2282 3492 collo
2312 3437 2545 3512 raptent
2601 3449 2929 3497 conservos
2974 3447 3137 3504 suos,
3198 3447 3382 3510 seque
3439 3446 3620 3508 supra
3645 3427 3780 3489 illos

2130 3521 2400 3595 efferant,
2430 3521 2533 3601 qui
2578 3520 2733 3600 apud
2778 3519 2944 3581 illum
3000 3518 3294 3596 libertate,
3341 3517 3775 3592 benevolentia,

2131 3618 2190 3673 et
2217 3629 2423 3672 amore
2478 3609 2834 3690 gaudebant,
2894 3627 2964 3670 ea
3020 3608 3220 3668 omnia
3274 3607 3575 3682 amittunt,
3631 3609 3684 3668 ei
3716 3605 3779 3667 in

2129 3701 2513 3782 longinquam
2547 3700 2619 3762 ab
2632 3719 2704 3763 eo
2726 3697 3031 3779 regionem
3054 3692 3331 3776 relagati,’
3346 3698 3590 3777 ejusque
3606 3696 3779 3777 jussu

385 3793 445 3845 et
473 3785 536 3846 in
569 3784 775 3847 labore
805 3803 875 3846 ac
906 3784 1126 3847 sudore
1175 3786 1357 3848 vitam
1408 3804 1584 3865 agere
1606 3790 1862 3866 jussum,
1896 3795 1955 3848 et
1981 3786 2043 3848 in
2126 3791 2459 3853 innumeris
2492 3788 2928 3869 lassitudinum,
2972 3787 3468 3867 vexationumque
3498 3785 3780 3849 tentatio-

384 3882 628 3949 terram,
662 3874 738 3934 de
767 3892 885 3954 qua
913 3882 1257 3955 assumptus
1299 3881 1411 3955 est,
1445 3875 1786 3937 damnatum
1819 3894 1951 3937 esse
1981 3883 2046 3938 ut
2127 3880 2305 3943 nibus
2334 3879 2578 3959 objecti,
2612 3877 2798 3957 magis
2831 3877 3135 3956 magisque
3166 3876 3344 3936 ferias
3385 3872 3599 3954 quibus
3622 3873 3778 3933 frue-

380 3963 634 4043 rediret,
668 3962 831 4044 quod
861 3962 943 4023 ita
977 3961 1247 4026 evenisse
1300 3971 1531 4026 constat
1576 3983 1648 4027 ex
1703 3965 1795 4026 his
1822 3984 1954 4046 quae
1982 3965 2045 4026 in
2128 3970 2366 4049 bantur,
2403 3977 2461 4031 et
2494 3968 2852 4030 detrimenta
2884 3966 3171 4027 bonorum
3203 3963 3559 4026 amissorum
3590 3962 3777 4022 intel-

386 4051 700 4131 Scriptura
758 4061 1110 4132 sequuntur.
1168 4052 1426 4115 Proinde
1502 4054 1604 4116 illo
1664 4053 1911 4115 dimisso
1967 4054 2040 4115 ad
2124 4060 2336 4140 ligunt.
2372 4056 2596 4121 Eodem
2630 4055 2806 4117 modo
2840 4054 3218 4136 protoplastis
3264 4052 3482 4127 evenit,
3514 4050 3782 4131 quicum

383 4140 565 4203 Evam
594 4142 778 4218 venit,
812 4141 1133 4204 ostendere
1162 4143 1390 4220 volens,
1422 4142 1610 4224 ipsam
1645 4163 1879 4224 quoque
1911 4162 2039 4224 poe-
2125 4151 2188 4214 in
2244 4145 2518 4226 paradiso
2573 4152 2817 4224 agentes
2875 4142 3047 4205 bonis
3100 4141 3220 4203 illis
3272 4140 3777 4214 circumfluerent,

382 4230 581 4292 nitere
605 4230 931 4312 nolentem,
952 4231 1091 4310 jure
1113 4250 1245 4292 cum
1273 4232 1403 4313 ipso
1432 4233 1683 4312 ejectum
1709 4232 1806 4307 iri,
1837 4242 1893 4293 et
1923 4232 2036 4295 ait:
2064 4311 2096 4313 _
2129 4237 2348 4299 deinde
2378 4234 2450 4296 ab
2480 4234 2693 4296 iisdem
2727 4231 2952 4294 exclusi
2981 4239 3039 4294 et
3089 4229 3363 4312 projecti,
3396 4228 3501 4290 ubi
3530 4245 3601 4292 ea
3627 4226 3782 4289 ami-

386 4319 545 4395 Οτιἰά
605 4320 713 4383 hoc
767 4311 1028 4397 fecisti?
1082 4328 1147 4382 ut
1204 4328 1262 4382 et
1302 4311 1406 4383 illa
1435 4311 1730 4402 subjiciat,
1783 4311 2283 4402 peccavi.Dsisse
2311 4330 2654 4397 senserunt,
2718 4339 2957 4400 semper
3016 4311 3511 4399 lamentabantur,
3545 4333 3785 4396 semper

384 4410 532 4471 Nam
564 4408 710 4491 quid
742 4409 965 4490 alioqui
994 4428 1143 4491 opus
1172 4408 1432 4473 habebat
1459 4411 1640 4486 Deus,
1673 4429 1893 4493 quaeso,
1927 4412 2045 4473 hu-

379 4499 648 4579 jusmodi
677 4498 880 4562 verbis
911 4518 1041 4561 eam
1092 4502 1475 4579 compellare,
1534 4500 1649 4562 nisi
1682 4501 1793 4561 hac
1821 4502 1947 4562 sola
1975 4501 2050 4561 de

383 4606 585 4665 causa,
622 4598 684 4650 ut
717 4589 952 4650 diceret
1003 4588 1106 4650 illa
1145 4606 1158 4650 :
1223 4591 1287 4650 In
1347 4590 1692 4669 insipientia
1748 4608 1901 4670 mea,
1937 4593 2053 4653 Do.

385 4675 573 4752 mine,
598 4677 757 4741 istud
780 4678 897 4740 feci
920 4679 948 4740 ?
970 4696 1079 4757 ego
1109 4677 1330 4739 nullius
1354 4678 1550 4759 pretii,
1591 4686 1645 4741 et
1681 4679 1909 4740 misella
1942 4678 2046 4742 tibi

384 4765 639 4828 Domino
672 4786 805 4829 meo
835 4786 955 4829 non
985 4766 1392 4847 obtemperavi
1422 4767 1710 4831 miserere
1741 4768 1880 4831 mei.
1929 4768 2048 4832 Sed

383 4854 496 4917 ista
517 4874 635 4918 non
660 4855 829 4920 dixit.
854 4855 1007 4929 Quid
1040 4862 1237 4917 autem
1269 4857 1283 4915 !
1308 4856 1570 4935 Serpens
1597 4859 1827 4938 decepit
1848 4876 1967 4921 me.
1999 4859 2048 4922 Ο

387 4953 691 5024 stuporem
720 4947 733 5006 ε
768 4945 930 5008 Itane
958 4964 1111 5027 pane
1135 4964 1268 5005 cum
1294 4956 1575 5026 serpente
1607 4955 1816 5008 contra
1855 4948 2053 5009 Domi-

388 5053 529 5096 num
551 5035 731 5099 verba
758 5035 860 5097 tibi
884 5036 1202 5116 ingerente
1232 5035 1656 5097 commercium
1688 5035 1968 5109 habuisti,
1990 5049 2049 5100 et

388 5124 552 5186 hunc
578 5124 703 5187 Deo
733 5124 993 5186 creatori
1016 5130 1116 5184 tuo
1142 5122 1474 5202 praetulisti,
1499 5133 1557 5186 et
1583 5124 1896 5186 consilium
1917 5126 2047 5204 ejus

389 5213 665 5275 mandato
696 5213 934 5276 Domini
966 5214 1362 5294 praestantius,
1413 5231 1483 5274 ac
1502 5213 1709 5275 ‘verius
1739 5212 2044 5275 existima-

385 5306 495 5369 Sli!
530 5305 645 5371 Ubi
676 5307 856 5387 igitur
884 5325 997 5368 nec
1026 5304 1188 5366 illam
1223 5305 1521 5367 dicentem
1579 5305 1824 5381 invenit,
1888 5308 2042 5369 Pec-

385 5394 530 5471 cavi,
565 5396 894 5477 ejiciuntur
921 5417 954 5459 e
983 5393 1241 5471 deliciis,
1276 5413 1310 5456 a
1363 5394 1658 5478 paradiso,
1693 5404 1751 5458 et
1781 5395 1901 5458 Deo
1932 5414 2041 5459 ex-

385 5484 707 5564 pelluntur.

464 5664 530 5715 95
556 5659 705 5730 Gen.
741 5681 806 5747 ιι,
838 5667 941 5728 t7.

2130 4414 2374 4488 flebant,
2421 4412 2658 4473 Domini
2700 4411 2793 4471 sui
2838 4408 3313 4472 misericordiam
3366 4407 3778 4489 implorantes,

2132 4503 2284 4575 Quid
2337 4502 2496 4576 facit,
2549 4500 2647 4580 qui
2696 4500 2917 4561 multus
2974 4509 3063 4561 est
3115 4497 3174 4559 in
3233 4494 3665 4576 misericordia,
3725 4503 3786 4557 et

2131 4593 2336 4656 tardus
2364 4591 2426 4652 in
2457 4589 2748 4671 supplicio
2772 4596 2799 4652 ’ἶ
2831 4590 2904 4651 Ut
2935 4587 3080 4649 vidit
3100 4606 3205 4649 eos
3243 4586 3605 4659 humiliatos,
3639 4603 3785 4665 pro-

2134 4684 2309 4744 latam
2346 4680 2698 4742 senten'tiam
2724 4698 2858 4740 mox
2881 4685 3140 4751 revocat,
3172 4695 3308 4741 cum
3339 4676 3413 4738 ad
3446 4674 3787 4754 castigatio-

2135 4790 2274 4833 nem
2306 4771 2554 4846 scilicet,
2589 4776 2648 4829 et
2680 4786 2753 4829 ne
2783 4767 2915 4848 quis
2944 4766 3248 4828 Condituri
3278 4765 3689 4827 universorum
3721 4783 3787 4826 se

2133 4866 2486 4942 opponeret,
2522 4877 2652 4919 eam
2687 4857 2936 4918 tulisset.
3002 4855 3146 4918 Cum
3206 4855 3392 4931 enim,
3425 4861 3491 4916 ut
3517 4854 3696 4929 Deus,
3728 4862 3790 4916 et

2134 4968 2336 5012 casum
2368 4947 2629 5010 hominis
2688 4955 2748 5007 et
2793 4944 3200 5027 pmnitentiam
3255 4943 3578 5025 praesciret,
3612 4950 3787 5004 ante-

2131 5058 2307 5120 quam
2340 5036 2788 5099 universitatem
2821 5035 3149 5111 moliretur,
3183 5031 3784 5114 etopportunitatem,

2132 5140 2188 5190 et
2218 5137 2471 5208 tempus,
2506 5133 2564 5186 et
2593 5124 2910 5206 quomodo,
2948 5132 3005 5184 et
3034 5124 3270 5203 quando
3294 5123 3453 5184 hunc
3481 5122 3555 5184 ab
3579 5122 3787 5184 exsilio

2128 5217 2464 5287 reduceret,
2512 5212 2918 5276 secretissimo
2971 5211 3228 5293 judicio,
3286 5221 3345 5275 et
3393 5211 3788 5291 investigabili

2127 5306 2291 5369 omni
2320 5303 2556 5386 Spiritui
2590 5301 2876 5365 definivit.
2937 5303 3082 5363 Nam
3141 5301 3192 5362 si
3246 5301 3624 5383 quibusdam,
3661 5301 3787 5362 hac

2123 5393 2384 5458 revelata
2409 5392 2684 5465 fuissent,
2721 5398 2777 5452 et
2830 5388 3098 5452 scribere
3148 5390 3462 5471 voluisset,
3520 5408 3639 5453 non
3701 5391 3791 5451 eis

2125 5496 2384 5566 tempus,
2422 5501 2537 5544 non
2573 5483 2800 5559 charta,
2834 5498 2954 5542 non
3000 5488 3398 5543 atramentum
3428 5481 3789 5544 suffecisset.
