2060 3189
146 171 202 202 501

859 166 998 201 ORATIO
1021 164 1158 197 XXXIII.

1790 163 1850 196 502

190 236 273 267 Sicut
287 244 356 275 ergo
372 235 533 267 miseratus
545 240 611 266 ante
621 235 771 266 constituit
790 238 818 265 et
829 234 976 274 prmdixit,
989 237 1011 261 A
1022 233 1165 264 desidiosi
1178 232 1289 264 fuerint
1303 232 1512 265 incredulitate
1527 240 1580 263 sua
1603 231 1698 263 Deum
1714 235 1852 263 contem-

149 281 194 312 sic
205 282 307 321 utique
322 281 410 311 etiam
427 281 515 312 fecit:
531 285 559 311 et
582 290 655 321 quos
675 290 690 311 e
713 280 848 320 paradiso
861 283 981 320 propter
1020 278 1147 319 pserint,
1160 282 1189 309 et
1204 281 1383 318 praeceptum
1406 278 1471 318 ejus
1500 276 1702 308 violaverint?
1720 276 1751 308 Si
1767 276 1850 308 enim

150 325 378 366 impudentiam,
395 329 427 356 et
451 325 641 366 iinpoenitens
663 335 724 361 cor,
749 335 781 355 ac
799 325 978 355 voluntatem
1021 323 1063 357 illi
1086 323 1287 360 crididissent,
1306 332 1365 353 non
1388 325 1559 363 serpentem
1575 322 1643 359 Eva,
1670 331 1730 353 non
1760 321 1850 353 Evam

151 370 328 401 obstinatam
343 370 435 410 ejicit,
450 375 482 400 ut
503 370 614 406 decuit,
634 380 684 399 eos
706 376 770 400 acta
793 368 978 408 poenitentia,

151 420 180 446 et
198 425 251 456 pro
267 425 314 453 eo,
331 419 362 446 ut
376 415 536 454 debebant,
561 416 741 452 humiliatos,
761 420 788 444 et
805 419 866 454 post
880 416 981 444 ﬂetum

151 470 187 491 ac
202 462 332 490 lamenta
343 460 464 500 ipseille
473 460 554 490 solus
566 469 599 490 ex
613 460 675 489 solo
702 459 870 498 unigenitus
879 458 982 493 Filius,

151 509 182 535 et
197 504 329 535 Verbum
344 504 437 534 Patris
466 505 523 539 sui,
551 504 601 544 qui
617 504 670 534 fuit
687 508 753 533 ante
766 513 853 534 omne
870 503 982 542 princi-

153 550 249 591 pium.
278 560 346 580 cum
373 550 589 586 descendisset,
617 554 647 579 ut
672 559 775 580 omnes
803 550 908 589 nostis,
924 558 984 578 non

153 595 249 625 solum
263 595 370 625 similis
385 595 445 625 illis
468 595 556 625 homo
580 595 675 625 factus
700 598 754 633 est,
774 594 824 623 sed
843 594 930 624 etiam
947 593 984 623 ad

156 640 313 670 violentam
331 644 360 670 et
370 639 543 679 probrosam
560 643 685 669 mortem
699 643 842 678 raptatus,
863 637 985 677 perinde

156 688 188 714 ut
206 684 250 714 illi
266 685 342 715 mori
357 694 416 715 non
433 684 600 715 recusavit:
616 688 644 714 et
660 684 844 714 descendens
861 683 896 712 ad
912 682 985 713 infe-

154 737 216 768 ros,
232 729 321 759 etiam
336 729 408 759 inde
423 738 473 759 eos
503 729 621 768 eripuit.
648 728 702 763 Qui
719 737 787 767 ergo
806 732 862 757 tam
881 727 983 763 multa,

151 782 241 813 quam
256 773 394 813 quotidie
410 773 504 807 audis,
525 783 626 803 eorum
643 782 732 803 causa
747 772 877 812 pertulit,
891 776 922 801 ut
933 779 985 802 eos

151 817 382 858 aloginquoillo
402 818 505 850 exsilio
525 822 688 853 revocaret,
716 818 740 847 si
777 816 987 855 poeniluissenl

1024 367 1154 399 Adamus
1170 368 1219 398 ille
1230 367 1288 398 ﬁde
1304 367 1470 407 digniorem
1496 366 1705 397 existimasset.
1723 366 1781 398 Sed
1798 375 1850 397 ca-

1024 421 1093 443 vere
1108 412 1273 452 oportebat,
1288 422 1326 443 ne
1349 413 1387 444 de
1410 411 1518 443 arbore
1538 411 1627 442 vetita
1642 411 1848 443 comederent.

1024 456 1080 488 Ubi
1093 456 1298 495 comederunt,
1317 457 1403 497 ejecti
1419 459 1498 487 sunt.
1529 455 1670 496 Rursum,
1702 456 1777 486 nihil
1793 455 1853 487 illis

1026 501 1162 532 exsilium
1178 501 1290 539 damni,
1308 501 1359 532 sed
1374 501 1559 541 amplissima
1582 500 1661 531 bona
1671 499 1806 536 contulit,
1824 504 1854 531 et

1027 546 1062 576 ad
1086 546 1209 577 salutem
1237 545 1323 576 nobis
1351 545 1490 577 omnibus
1519 545 1671 577 conduxit.
1708 544 1854 585 Delapsus

1027 591 1136 631 quippe
1148 590 1185 621 de
1196 591 1274 621 coelo
1283 590 1428 621 Dominus
1439 593 1550 628 noster,
1560 593 1655 621 morte
1663 599 1718 620 sua
1726 592 1853 620 mortem

1027 640 1159 666 nostram
1176 635 1308 673 deduxit,
1336 635 1616 675 damnationemque
1632 634 1851 675 praevaricatio-

1028 689 1095 711 nem
1122 680 1210 720 primi
1239 680 1369 720 parentis
1396 681 1487 710 nostri
1513 683 1702 710 consecutam
1720 678 1853 709 funditus

1027 725 1157 765 sustulit,
1176 734 1287 765 perque
1303 734 1419 755 sacrum
1432 724 1581 765 baptisma
1591 733 1644 754 nos
1653 732 1850 763 regenerans,

1028 773 1057 801 et
1067 770 1227 809 reﬁngens,
1245 773 1274 800 et
1296 779 1331 800 ea
1349 769 1482 810 peafecte
1505 779 1558 799 nos
1586 769 1722 806 solvens,
1749 768 1779 798 in
1795 768 1853 798 hoc

1028 814 1139 844 mundo
1169 823 1290 854 prorsus
1319 814 1442 854 liberos,
1473 823 1529 845 nec
1563 812 1711 854 tyrannidi
1739 811 1854 843 inimici

150 864 182 895 in
192 857 341 905 paradiso,
360 875 418 896 non
430 866 497 896 illos
527 865 753 895 commiseratus
766 863 894 894 fuisset?
910 862 986 899 Quid
1001 880 1018 904 Β
1030 859 1178 898 subjectos
1193 859 1338 905 collocat:
1357 861 1412 905 sed
1433 859 1571 900 primaeva
1586 857 1699 889 arbitrii
1712 857 1851 905 libertate

151 911 194 946 ni,
212 910 263 949 qui
278 910 423 949 benignus
435 915 489 947 est,
508 914 535 940 et
560 910 671 939 idcireo
687 909 839 938 hominem
857 910 984 942 crearat,

152 959 186 984 ut
215 954 300 985 bonis
325 955 419 996 ipsius
444 959 474 985 ut
497 954 633 994 paradiso
660 954 817 989 frueretur,
841 957 868 982 et
897 952 989 983 bene-

155 999 296 1030 factorem
313 1010 399 1031 suum
416 999 619 1039 gloriﬁcaret?
634 1000 711 1028 Sane
731 998 780 1034 ita,
800 1002 829 1027 ut
845 997 984 1028 arbitror.

157 1044 275 1081 fratres,
295 1045 402 1076 factum
420 1045 535 1075 fuisset.

198 1089 232 1119 Ει
247 1094 344 1120 autem
360 1093 389 1120 et
404 1094 510 1120 czetera
526 1089 635 1128 discas,
649 1093 676 1118 el
688 1088 786 1118 verbis
799 1087 871 1117 meis
890 1088 984 1126 major

155 1134 234 1174 apud
251 1138 280 1164 te
296 1134 370 1165 ﬁdes
399 1135 447 1174 sit,
479 1134 547 1163 audi
569 1133 693 1172 reliqua.
726 1132 753 1162 Si
781 1132 986 1170 pmniluissent

155 1179 254 1209 adhuc
265 1179 295 1209 in
311 1179 447 1219 paradiso
472 1179 625 1216 degentes,
653 1178 748 1217 ipsum
773 1177 853 1206 illum
873 1176 987 1215 paradi-

155 1233 222 1254 sum
238 1225 434 1264 recepissent,
448 1233 481 1254 ac
494 1228 636 1263 prieterea
649 1222 734 1252 nihil.
750 1222 823 1257 Quia
839 1231 907 1251 vero
921 1230 986 1260 pro~

160 1273 226 1308 pter
242 1268 491 1309 impmnitentiam
506 1278 587 1298 suam
607 1267 719 1306 expulsi
732 1272 811 1302 sunt,
826 1276 858 1295 ac
876 1265 985 1296 deinde

160 1314 354 1344 vehementer
369 1314 555 1354 pcenitentes,
584 1313 727 1351 lacrymas
753 1311 892 1341 fuderunt
907 1310 984 1341 affli-

159 1358 257 1398 ctique
274 1363 343 1389 sunt
362 1369 367 1389 :
399 1368 473 1398 quae,
496 1363 525 1388 ut
551 1357 621 1392 dixi,
650 1366 706 1386 non
738 1360 838 1386 essent
860 1356 948 1395 passi,
962 1360 987 1389 si

157 1403 186 1433 in
205 1404 344 1443 paradiso
355 1403 573 1443 pmnituissent,
592 1412 644 1442 pro
670 1401 820 1431 laboribus
843 1401 918 1437 istis,
934 1410 986 1430 su-

157 1447 291 1488 doribus,
310 1453 339 1478 et
367 1448 520 1480 molestiis.
549 1451 577 1477 et
601 1447 677 1476 bona
703 1446 874 1485 poenitentia
887 1445 988 1475 volens

156 1492 301 1524 Dominus
315 1494 392 1524 Deus
404 1493 515 1523 honore
528 1502 578 1522 eos
590 1496 617 1521 et
630 1492 722 1530 gloria
733 1491 863 1525 afﬁcere,
883 1499 937 1521 nec
956 1490 986 1521 id

160 1543 283 1573 tantum,
302 1538 355 1568 sed
368 1538 457 1569 etiam
475 1536 734 1567 onmiumillorum
752 1536 894 1565 malorum
909 1535 988 1565 obli-

162 1583 275 1613 vionem
293 1583 353 1613 illis
383 1583 502 1617 afferre,
534 1582 603 1621 quid
621 1581 703 1620 agit?
734 1580 887 1619 Perpende
917 1565 1019 1612 mihiC

166 1627 353 1666 benignitatis
374 1626 621 1666 magnitudinem.
647 1625 805 1656 Descendit
820 1625 849 1654 in
866 1625 987 1663 inferos,

167 1680 274 1711 eosque
287 1672 395 1702 deinde
412 1672 565 1701 reductos.
586 1680 643 1700 non
661 1671 689 1699 in
707 1669 886 1707 paradisum,
900 1679 989 1710 quem

165 1716 332 1753 amiserant,
348 1717 486 1751 restituit,
504 1716 554 1745 sed
572 1716 601 1745 in
629 1715 699 1744 illud
728 1714 831 1744 czelum
855 1714 921 1744 (teli
938 1724 990 1745 eos

165 1760 309 1791 subvexit.
335 1761 389 1798 Qti
416 1771 482 1792 cum
509 1761 544 1791 ad
574 1761 724 1790 dexteram
755 1759 808 1789 Dei
835 1759 929 1789 Patris
944 1758 990 1789 sui

165 1805 309 1845 principio
327 1807 455 1837 carentis
483 1806 618 1839 sedisset,
648 1804 717 1844 quid
746 1804 785 1840 ei,
812 1804 924 1834 Adamo
942 1804 988 1834 in-

163 1860 261 1889 quam,
273 1860 357 1882 servo
373 1851 493 1891 quidem
513 1860 564 1880 suo
575 1850 738 1880 secundum
751 1853 896 1882 naturam,
914 1848 989 1888 patri

161 1900 258 1926 autem
273 1906 327 1926 suo
341 1901 443 1927 vocato
456 1895 620 1926 secundum
631 1894 767 1932 gratiam,
780 1893 988 1923 fecissedicis?

160 1940 234 1970 Vide
249 1941 280 1971 in
303 1945 438 1981 quantam
464 1940 648 1970 altituduwm
677 1942 796 1978 propter
812 1938 874 1977 (jus
891 1937 987 1977 paeni-

160 1986 295 2021 tentiam,
327 1986 541 2016 humilitatem.
570 1985 699 2014 lamenta
731 1988 819 2022 atque
847 1983 989 2022 lacrymas

158 2030 304 2061 Dominus
318 2031 414 2070 ipsum
430 2030 591 2060 sustulerit.
612 2029 634 2059 Ο
663 2028 863 2065 lacrimarum
883 2032 910 2057 et
928 2037 989 2067 p33-

160 2075 292 2105 nitentiae
307 2075 381 2105 vim!
400 2077 424 2107 0
439 2075 594 2104 immensa:
606 2072 807 2111 benignitatis,
827 2077 855 2102 et
872 2077 988 2103 seruta-

161 2120 231 2150 bilis
255 2120 469 2150 misericordize
500 2120 633 2158 pelagus,
676 2117 799 2147 fratres!
833 2117 906 2152 Quia
930 2126 990 2147 non

1030 913 1084 934 nos
1097 905 1258 944 honorans,
1274 904 1372 944 potius
1389 904 1465 934 vires
1493 907 1594 934 contra
1609 911 1676 933 eum
1693 902 1851 939 ministrat,

1031 952 1062 979 ut
1076 948 1126 989 qui
1141 949 1256 989 volunt,
1269 948 1349 979 nullo
1378 958 1444 979 cum
1459 948 1584 988 negocio
1600 947 1768 984 devincant,
1784 945 1854 977 feli-

1030 993 1093 1024 cius
1111 994 1298 1034 quamsancti
1313 1003 1429 1031 omnes,
1459 994 1509 1034 qui
1531 996 1600 1024 ante
1621 991 1732 1023 Christi
1746 991 1856 1021 adven-

1030 1043 1092 1070 tnm
1112 1039 1262 1070 vixerunt.
1279 1038 1440 1070 Dieautem
1461 1047 1514 1069 suo
1540 1037 1676 1078 perfecti,
1704 1045 1763 1067 non
1777 1036 1856 1066 sicut

1027 1083 1080 1121 illi,
1097 1083 1133 1114 ad
1147 1083 1270 1121 inferos,
1282 1084 1333 1114 sed
1350 1083 1381 1114 in
1397 1083 1516 1120 coelum,
1544 1088 1574 1112 et
1599 1081 1636 1113 ad
1652 1080 1777 1112 delicias
1788 1080 1855 1111 illas

1027 1138 1060 1158 ac
1073 1129 1234 1168 voluptates
1250 1128 1463 1168 perducuntur.
1476 1127 1512 1158 Et
1524 1136 1604 1157 nunc
1614 1125 1736 1167 quidem
1748 1125 1855 1156 mode-

1028 1173 1119 1203 ratius
1147 1173 1302 1203 laetantur:
1337 1176 1367 1203 at
1396 1175 1462 1213 post
1490 1171 1620 1202 reditum
1645 1179 1806 1211 corporum
1822 1169 1854 1199 in

1028 1217 1127 1255 vitam,
1141 1218 1259 1258 penitus
1275 1217 1457 1257 sempiterno
1469 1216 1575 1256 gaudio
1589 1219 1742 1256 quantum,
1760 1223 1855 1255 quan-

1027 1266 1088 1293 tum
1113 1267 1157 1293 est
1181 1262 1392 1302 dignabuntur.
1410 1261 1464 1298 Qui
1479 1261 1571 1301 igitur
1594 1260 1707 1298 volunt,
1725 1259 1855 1291 mantel-

1029 1307 1089 1337 lum
1115 1317 1174 1338 non
1207 1312 1350 1347 quaerant,
1379 1315 1433 1338 nec
1462 1306 1586 1337 dicant:
1618 1305 1709 1336 Plane
1733 1307 1856 1345 propter

1029 1351 1135 1383 Adami
1160 1352 1410 1391 trangressionem
1423 1349 1635 1391 cupiditatibus
1644 1357 1711 1387 nos,
1733 1358 1767 1379 ac
1784 1348 1855 1380 libi-

1030 1396 1150 1427 dinibus
1164 1397 1280 1436 agitari,
1292 1396 1401 1427 etinde
1409 1405 1463 1426 nos
1471 1395 1506 1425 ad
1527 1398 1681 1435 peccatum
1711 1392 1855 1434 pertrahi.

1031 1441 1087 1477 Qui
1097 1442 1138 1472 ita
1152 1441 1284 1472 sentiunt
1299 1444 1328 1471 et
1347 1441 1519 1481 loquuntur,
1545 1438 1665 1471 Domini
1680 1448 1715 1469 ac
1730 1437 1786 1470 Dei
1799 1447 1856 1468 nu-

1032 1486 1085 1516 stri
1101 1486 1259 1517 adventum
1270 1486 1496 1523 infructuosum,
1515 1484 1697 1523 inanemque
1720 1482 1857 1513 existisse

1032 1530 1200 1569 opinantur,
1217 1531 1295 1570 quod
1316 1529 1536 1565 haereticorum,
1559 1538 1619 1559 non
1649 1527 1782 1558 ﬁdelium
1799 1531 1855 1566 est,

1033 1574 1141 1605 utdicit
1151 1575 1236 1606 solet.
1249 1574 1346 1611 Quare
1360 1574 1440 1605 enim
1450 1573 1617 1610 descendit,
1628 1576 1678 1603 aut
1689 1581 1742 1603 cur
1752 1580 1856 1603 necem

1032 1629 1135 1659 passus
1151 1624 1206 1658 est,
1224 1620 1281 1650 nisi
1295 1619 1334 1650 ob
1349 1620 1406 1650 hoc
1421 1619 1555 1658 omnino,
1587 1622 1620 1648 ut
1634 1616 1856 1648 damnationem

1032 1664 1150 1705 peccati
1179 1664 1350 1695 mercedem
1372 1663 1501 1702 tolleret,
1525 1667 1554 1694 et
1576 1671 1670 1702 genus
1692 1665 1857 1692 nostrume

1031 1709 1183 1746 servitute,
1202 1716 1231 1740 et
1254 1709 1425 1749 operatione
1431 1708 1546 1739 Satanae
1553 1707 1668 1739 inimici
1683 1705 1857 1737 assereret?

1030 1753 1099 1784 Haec
1115 1754 1194 1784 enim
1206 1758 1235 1785 et
1246 1762 1385 1793 germana
1396 1753 1531 1789 libertas,
1547 1752 1659 1783 nullius
1675 1749 1856 1781 dominatio-

1029 1808 1098 1829 nem
1114 1808 1292 1839 quocunque
1320 1798 1441 1830 tandem
1459 1797 1546 1828 modo
1565 1797 1691 1837 perpeti.

1029 1844 1089 1875 Nos
1115 1843 1263 1883 siquidem
1289 1852 1306 1873 a
1334 1846 1491 1884 peccatore
1515 1845 1699 1883 peccatores,
1726 1850 1744 1872 a
1760 1845 1857 1872 trans-

1029 1897 1166 1927 gressore
1183 1894 1428 1927 transgressores,
1458 1890 1489 1918 et
1503 1897 1520 1918 a
1541 1895 1626 1917 servo
1652 1885 1767 1926 peccati
1784 1894 1856 1926 pro-

1031 1934 1141 1974 pagati,
1162 1934 1252 1965 etiam
1265 1934 1321 1974 ipsi
1336 1933 1413 1964 servi
1426 1932 1542 1973 peccati
1567 1941 1698 1969 eramus,
1726 1941 1743 1962 a
1767 1931 1858 1962 male—

1031 1979 1110 2009 dicto
1126 1982 1155 2009 et
1172 1983 1287 2009 mortuo
1303 1978 1454 2008 maledicti
1465 1981 1553 2017 atque
1569 1977 1689 2014 mortui,
1702 1975 1738 2007 ab
1755 1985 1789 2007 eo
1806 1976 1858 2016 qui

1032 2033 1121 2054 suasu
1136 2022 1255 2062 maligni
1271 2022 1464 2053 transversim
1480 2027 1574 2059 actus,
1591 2025 1620 2052 et
1633 2020 1664 2051 in
1676 2020 1858 2061 mancipium

1032 2068 1096 2108 ejus
1110 2068 1258 2104 redactus,
1274 2077 1360 2098 suum
1374 2067 1424 2107 jus
1452 2075 1488 2098 ac
1503 2070 1664 2107 potestates
1693 2066 1855 2098 amiserat:

1032 2118 1064 2143 ut
1075 2113 1126 2143 ﬁlii
1142 2113 1218 2152 ejus,
1246 2112 1352 2144 eodem
1380 2112 1510 2152 maligno
1537 2111 1568 2142 in
1592 2111 1679 2142 nobis
1702 2115 1858 2152 operante,

160 2164 259 2204 ipsum
276 2165 384 2205 solum,
402 2165 455 2195 sed
485 2155 513 2194 et
529 2155 700 2193 universum
716 2163 780 2201 ejus
805 2171 919 2201 semen,
937 2171 991 2191 nos
1002 2167 1146 2205 Dsuaque
1157 2166 1212 2188 nos
1227 2157 1359 2198 potentia
1371 2157 1572 2205 opprimente,
1587 2156 1750 2205 tyrannica
1764 2155 1861 2205 ipsius

161 2209 303 2239 nimirum
321 2210 385 2249 ejus
403 2210 490 2246 ﬁlios,
510 2209 572 2248 ejus
593 2207 828 2242 confeSsiunem,
848 2206 993 2245 preniten-

163 2254 246 2293 tiam,
264 2254 402 2289 lamenta,
422 2254 576 2293 lacrymas,
604 2259 633 2282 et
653 2252 708 2282 alia
735 2261 799 2290 qme
815 2260 903 2290 supra
919 2250 991 2288 dixi,

160 2298 305 2336 imitatos,
323 2299 448 2339 perinde
465 2304 491 2328 et
506 2299 589 2329 illum
617 2301 644 2327 et
671 2296 836 2332 honoravit,
856 2300 883 2326 et
899 2295 991 2335 glori-

161 2343 280 2374 ﬁcavit:
300 2348 328 2374 et
343 2344 382 2374 ita
409 2343 587 2374 facientibus
610 2351 703 2382 usque
729 2350 818 2377 nunc,
843 2345 870 2370 et
886 2350 920 2371 ex
936 2340 993 2370 hoc

161 2388 299 2425 facturis,
314 2389 377 2419 sive
394 2388 548 2424 mundani,
568 2388 630 2417 sive
649 2386 786 2416 monachi
804 2385 872 2421 sint,
892 2394 992 2424 parem

162 2433 307 2463 honorem
339 2437 367 2463 et
387 2433 510 2472 gloriam
536 2432 657 2462 tribuet.
682 2431 787 2465 Amen,
818 2430 890 2459 di.\it
906 2438 992 2460 verax

160 2479 250 2514 Deus,
278 2487 336 2507 non
360 2478 527 2517 relinquam
557 2476 754 2515 eosjinquam,
774 2475 825 2504 sed
853 2478 991 2514 tanquam

159 2522 267 2552 fratres
283 2531 377 2559 meos,
394 2526 423 2552 et
437 2522 560 2558 amicos,
580 2528 688 2561 patres,
702 2524 820 2555 matres,
839 2525 990 2557 cognatos,

161 2567 335 2598 cohzeredes
365 2576 448 2597 meos
463 2567 585 2596 reddam
619 2575 681 2602 eos,
715 2568 743 2594 et
771 2563 943 2602 gloriﬁcavi,
964 2567 994 2593 et

162 2611 386 2651 gloriﬁcabo,et
403 2611 433 2641 in
449 2612 523 2641 coelo
549 2620 680 2649 sursum,
709 2613 735 2638 et
760 2619 790 2638 in
808 2615 886 2638 terra
901 2608 992 2639 deor-

161 2666 238 2694 sum,
257 2661 286 2687 et
302 2657 371 2696 vita,
389 2656 500 2686 laetitia.
531 2660 619 2694 atque
646 2654 739 2693 gloria
766 2654 897 2693 ipsorum
910 2652 990 2683 nullo

162 2701 221 2732 ﬁne
236 2701 514 2733 circumscribe-tur.

202 2747 276 2784 Quid
294 2757 379 2786 ergo,
400 2747 438 2777 mi
455 2747 574 2785 frutrer,
603 2744 757 2786 potop'asti
786 2744 850 2773 vitae
865 2742 939 2773 ratio
960 2741 991 2773 in

161 2793 311 2834 paradiso,
329 2791 441 2822 laboris
458 2796 485 2821 et
500 2800 637 2821 curarum
664 2789 764 2820 nescia
787 2787 908 2828 profuit,
922 2796 989 2818 cum

195 2884 227 2910 οι
243 2881 382 2922 Philipp.
399 2889 430 2918 ιι,
451 2881 476 2911 ’1.

1035 2202 1161 2242 imperio
1178 2202 1354 2242 parebamus
1383 2201 1461 2232 Deus
1483 2204 1581 2231 autem
1608 2202 1647 2231 de
1661 2200 1736 2231 ccelo
1752 2199 1857 2238 adfuit,

1035 2257 1156 2279 carnem
1173 2247 1278 2287 induit,
1291 2246 1399 2278 similis
1411 2250 1544 2277 nostrum
1558 2249 1656 2282 natus,
1667 2245 1781 2286 absque
1791 2254 1860 2286 pec-

1035 2297 1110 2330 cato,
1124 2296 1278 2332 peccatum
1290 2291 1419 2332 sustulit,
1427 2290 1726 2331 conceptionemque,
1742 2293 1771 2321 et
1787 2299 1859 2330 pro-

1034 2336 1217 2368 creationem
1242 2335 1446 2372 sanctiﬁcavit,
1479 2338 1508 2366 et
1527 2334 1671 2374 gradatim
1703 2334 1858 2372 educatus,

1035 2386 1126 2412 totam
1151 2385 1266 2412 aetatem
1296 2380 1460 2412 benedixit.
1504 2379 1613 2411 Viriles
1640 2382 1740 2410 autem
1765 2388 1861 2410 annos

1033 2427 1197 2465 ingressus,
1227 2425 1399 2456 concionari
1421 2424 1559 2465 instituit,
1589 2425 1702 2455 docens
1730 2432 1796 2462 nos,
1822 2433 1862 2454 ne

1034 2480 1123 2502 canos
1140 2470 1300 2510 prudentia
1309 2474 1339 2501 et
1350 2470 1468 2507 virtute,
1480 2478 1534 2500 nos
1540 2469 1670 2509 juvenes
1679 2467 1819 2505 maxime,
1832 2471 1862 2498 et

1035 2515 1192 2555 prudentia
1206 2515 1340 2545 nondum
1354 2514 1410 2545 viri
1426 2522 1621 2554 praecurrere,
1635 2516 1665 2544 et
1674 2516 1860 2544 antevertere

1034 2561 1064 2591 in
1080 2560 1177 2600 aliquo
1184 2559 1319 2590 velimus.
1331 2558 1469 2599 Suscepit
1479 2562 1581 2590 nostra
1592 2567 1645 2598 pro
1653 2557 1751 2596 nobis,
1764 2561 1862 2588 custo-

1034 2605 1162 2645 ditisque
1177 2603 1317 2634 omnibus
1332 2603 1424 2644 patris
1439 2603 1501 2634 suis
1512 2602 1861 2644 prmeeptis,transgres-

1033 2650 1117 2681 sione
1134 2658 1188 2680 nos
1202 2648 1300 2686 solvit,
1324 2653 1624 2689 transgressoresque
1639 2657 1656 2679 a
1670 2647 1862 2688 damnatique

1033 2694 1202 2725 vindicavit.
1216 2693 1299 2724 Servi
1311 2693 1406 2724 forma
1416 2697 1539 2734 accepta
1546 2701 1650 2724 servus
1659 2696 1704 2724 est
1721 2691 1859 2724 factust".

1033 2744 1062 2771 et
1076 2749 1130 2770 nos
1145 2747 1246 2770 servos
1272 2738 1301 2769 in
1316 2739 1469 2779 antiquam
1477 2737 1650 2777 dignitatem
1670 2737 1861 2769 dominorum

1032 2783 1173 2822 restituit,
1186 2793 1220 2815 ac
1231 2783 1346 2824 tyranni
1359 2782 1467 2815 veteris
1492 2782 1631 2814 dominos
1650 2782 1761 2815 eﬂ'ecit.
1771 2782 1863 2823 Cujus
