4120 6410
414 349 534 422 503
1721 347 2027 417 SYMEON
2033 346 2103 409 IS
2141 342 2493 414 JUNIORIS
3687 351 3800 418 504

415 487 503 548 rei
535 490 716 546 testes
748 490 886 546 sunt
913 481 1123 559 sancti,
1165 482 1264 564 qui
1317 481 1495 544 etiam
1524 487 1713 543 morte
1734 481 1858 560 jam
1906 481 2127 544 obitaA
2149 481 2308 542 cium
2340 489 2526 545 tuum.
2554 491 2612 546 et
2631 483 2898 546 defensio
2922 503 3038 546 non
3062 485 3410 547 estinventa
3429 485 3490 548 in
3513 504 3619 548 ore
3642 503 3799 548 mec-

417 577 637 656 ipsum,
665 582 723 634 et
753 573 1058 636 ministros
1081 573 1210 653 ejus
1240 579 1304 632 ut
1352 570 1684 650 languidos,
1713 579 1770 631 et
1799 570 2071 633 imbecil-
2153 570 2488 633 Nihilenim
2518 591 2697 653 super
2713 581 2930 634 terram
2947 573 3086 654 feci,
3110 574 3269 655 quod
3290 574 3530 636 unicum
3555 575 3801 637 verbum

417 664 504 726 les
535 663 856 745 repellunt,
890 682 957 724 ac
991 663 1211 741 fugant.
1275 660 1620 722 Maledictus
1666 659 1853 721 factus
1885 669 1974 722 est
2002 661 2064 722 in
2153 659 2407 722 otiosum
2441 662 2559 723 oris
2617 663 2734 724 mei
2759 682 3149 744 compensare
3191 671 3387 744 queat.
3417 663 3562 726 Nam
3596 663 3645 725 si
3677 683 3804 726 om-

420 769 602 817 cruce
628 751 873 813 sufﬁxus
894 751 1271 832 (Maledictus
1303 751 1486 829 enim,
1521 747 1714 828 inquit
1734 749 2062 830 Scriptura,
2148 767 2285 810 nem
2311 750 2601 830 justitiam
2653 751 2861 815 fecerit
2909 753 3108 827 homo,
3163 765 3442 834 tanquam
3487 771 3712 829 servus,
3746 761 3805 816 et

422 846 621 903 omnis
647 842 757 920 qui
783 841 1000 920 pendet
1025 841 1092 900 in
1121 838 1369 918 ligno95)
1404 845 1462 899 et
1490 837 1827 900 universam
1852 839 2067 900 Adami
2148 837 2383 900 debitor
2411 840 2608 920 faciet,
2642 842 3187 922 compensationem
3219 854 3420 904 autem
3451 844 3679 923 peccati
3706 843 3801 904 sui

424 929 910 992 maledictionem
941 947 974 990 a
1030 927 1201 988 nobis
1242 927 1494 1008 depulit.
1547 929 1814 989 Mortuus
1865 937 1976 1009 est,
2012 937 2071 989 et
2152 929 2374 990 nullam
2404 929 2685 992 inveniet.
2724 931 2956 994 Etenim
2989 931 3405 994 misericordia
3447 931 3552 994 abs
3581 939 3642 996 te
3675 933 3804 994 solo

425 1027 616 1082 morte
639 1037 745 1082 sua
762 1025 1009 1079 mortem
1035 1017 1308 1098 peremit.
1335 1015 1703 1092 Resurrexit,
1733 1026 1789 1077 et
1815 1016 2068 1094 inimici,

423 1109 524 1190 qui
556 1127 662 1188 per
713 1115 961 1168 mortem
1011 1113 1069 1166 et
1097 1115 1404 1186 peccatum
1466 1113 1814 1186 potestatem
1873 1105 1934 1166 in
1964 1125 2074 1167 nos

425 1196 766 1270 exercebat,
815 1196 1088 1256 virtutem
1141 1195 1669 1274 operationemque
1717 1195 1956 1258 delevit.
2006 1195 2073 1256 In

423 1286 796 1348 mortiferum
851 1285 1068 1364 quippe
1109 1303 1432 1358 venenum,
1497 1293 1554 1344 et
1603 1283 1762 1344 virus
1821 1285 2066 1364 peccati,

423 1375 710 1437 ineffabili
741 1373 998 1448 deitatis,
1025 1374 1299 1446 etcarnis
1321 1392 1441 1435 suae
1475 1373 1704 1434 viviﬁca
1726 1375 2076 1436 eﬂicacitate

421 1465 662 1544 injecta,
697 1481 891 1542 genus
940 1463 1267 1524 humanum
1321 1462 1412 1541 ab,
1443 1462 1788 1542 operatione
1842 1460 2071 1522 inimici

422 1551 1096 1614 omnimodisliberavit.
1129 1554 1241 1612 Per
1263 1570 1495 1612 sacrum
1529 1558 1724 1611 autem
1757 1549 2070 1630 baptisma,

419 1651 478 1706 et
505 1641 991 1705 communionem
1020 1641 1544 1719 Lintemeratorum
1594 1641 1724 1717 ejus
1754 1638 2070 1719 mysterio-

2155 1024 2264 1089 est,
2299 1025 2357 1078 et
2387 1027 2692 1097 peccatum
2719 1038 2879 1080 mors
2912 1028 3021 1082 est.
3058 1019 3128 1080 Et
3157 1019 3425 1100 quisnam
3479 1038 3584 1102 per
3607 1023 3805 1102 ipsum

2157 1105 2442 1180 moriens,
2477 1108 2651 1168 etiam
2689 1127 2794 1189 per
2820 1108 3080 1188 seipsum
3112 1116 3429 1188 resurgat?
3451 1111 3649 1171 nullus
3679 1130 3807 1172 om-

2156 1195 2321 1256 nino.
2384 1196 2470 1258 Tu
2514 1197 2676 1259 solus
2734 1207 3008 1260 mortuus
3059 1200 3456 1275 resurrexisti,
3522 1199 3803 1276 quoniam

2157 1293 2464 1364 peccatum
2497 1305 2617 1348 non
2660 1287 2973 1362 admisisti,
3028 1306 3139 1350 nec
3196 1287 3470 1350 inventus
3512 1297 3601 1350 est
3632 1284 3804 1351 dolus

2157 1372 2218 1433 in
2249 1392 2351 1435 ore
2382 1382 2482 1436 tuo
2500 1376 2584 1436 98.
2617 1378 2744 1438 lam
2778 1395 2914 1437 vero
2957 1376 3091 1457 quis
3137 1377 3422 1438 morietur
3449 1377 3509 1437 in
3545 1377 3804 1457 peccatis

2159 1470 2216 1522 et
2246 1483 2364 1523 non
2395 1464 2660 1543 capietur
2685 1465 3043 1546 pacnitudiue
3070 1483 3082 1528 :
3126 1466 3197 1527 ad
3231 1465 3377 1527 nihil
3428 1466 3483 1528 ei
3506 1467 3800 1546 proderit.

2157 1549 2255 1612 Sic
2287 1561 2344 1613 et
2372 1572 2488 1628 me,
2534 1555 2788 1616 Domine
2833 1555 3229 1635 omnipotens,
3288 1554 3802 1635 pcenitetquidem

2157 1641 2444 1703 malorum
2491 1662 2622 1724 quae
2691 1644 2934 1724 patravi,
3005 1662 3125 1704 non
3196 1642 3432 1723 proﬁcit
3501 1649 3692 1703 autem
3728 1643 3802 1704 ad

419 1730 869 1811 rum,corporis
893 1748 1132 1810 nempe,
1159 1738 1216 1789 et
1242 1728 1549 1806 sanguinis
1572 1727 1834 1808 pretiosi,
1866 1747 2067 1788 emun-
2095 1737 2132 1785 Β
2150 1730 2440 1809 justitiam
2472 1733 2616 1793 mihi
2650 1734 2998 1813 pmditentia
3027 1751 3196 1794 mea:
3233 1741 3323 1794 est
3359 1731 3520 1793 enim
3553 1739 3806 1793 tantum-

419 1822 569 1883 dans
625 1819 822 1888 nos96,
887 1828 943 1881 et
1009 1819 1334 1897 viviﬁcans,
1405 1827 1664 1889 sanctos,
1743 1825 1799 1878 et
1846 1817 2074 1896 peccati

425 1930 608 1992 puros
636 1910 856 1972 reddit.
891 1908 1009 1972 Sed
1045 1917 1103 1970 et
1121 1927 1358 1969 rursum
1377 1907 1608 1969 arbitrii
1640 1906 1910 1968 libertate
1933 1927 2071 1968 con-

425 1999 696 2061 decorari
725 1997 888 2073 sinit,
923 2005 987 2058 ut
1007 2016 1126 2058 non
1149 2000 1364 2077 coacti,
1396 1996 1498 2057 sed
1525 1997 1790 2058 volentes
1816 1997 2069 2058 Domino

422 2089 651 2152 servire
681 2087 987 2150 videamur
1017 2105 1030 2148 :
1067 2093 1125 2148 et
1151 2086 1649 2166 quemadmodum
1673 2085 1929 2147 abinitio
1946 2096 2072 2149 erat

415 2179 681 2241 Adamus
707 2177 766 2238 in
791 2175 1071 2257 paradiso
1129 2175 1302 2251 liber,
1349 2184 1630 2256 extraque
1671 2175 1786 2235 vim
1835 2184 1895 2237 et
1927 2195 2068 2255 pec-

424 2275 619 2330 catum
671 2268 969 2328 voluntate
1019 2265 1210 2326 soluta
1257 2282 1326 2327 ac
1370 2264 1558 2326 libera
1602 2263 2068 2326 obediebatini-

423 2357 600 2433 mico,
635 2375 668 2418 a
722 2375 838 2436 quo
893 2355 1180 2436 deceptus
1239 2355 1580 2416 mandatum
1641 2354 1746 2416 Dei
1799 2355 2066 2418 violavit:

419 2447 505 2508 sic
540 2454 595 2508 et
626 2465 734 2507 nos
759 2465 791 2506 e
817 2464 985 2506 sacro
1008 2444 1364 2526 baptismate
1381 2445 1734 2522 regenerati,
1763 2445 2063 2506 servitutis

412 2540 555 2618 jugo
587 2554 621 2598 a
645 2535 817 2597 nobis
837 2535 1114 2615 depulso,
1141 2535 1327 2596 nostri
1352 2535 1508 2615 juris
1531 2534 1823 2615 liberique
1857 2535 2068 2596 reddi-

419 2645 554 2687 mur
579 2644 592 2688 :
628 2644 697 2688 ac
726 2625 840 2686 nisi
872 2625 1027 2686 ultro
1057 2624 1304 2685 inimico
1351 2624 1765 2703 obtemperare
1792 2625 2062 2698 velimus,

421 2716 536 2778 alia
565 2715 861 2796 quandam
884 2713 976 2774 via
1007 2722 1212 2775 contra
1234 2733 1342 2774 nos
1374 2714 1566 2773 moliri
1595 2713 1742 2775 nihil
1766 2721 1979 2794 potest.
2007 2713 2070 2776 Si

421 2803 581 2867 enim
614 2812 750 2866 ante
781 2805 974 2882 legem
1007 2802 1648 2880 etadventumﬁhristi
1669 2803 1763 2864 his
1793 2802 2071 2864 omnibus

420 2903 694 2956 carentes
725 2893 961 2954 auxiliis
1016 2893 1207 2966 multi,
1260 2893 1402 2952 inno
1448 2891 1918 2953 innumerabiles
1948 2892 2070 2953 Deo

421 2985 794 3064 placuerunt,
825 2991 883 3044 et
931 2991 1094 3044 extra
1153 2983 1386 3061 culpam
1443 2982 1717 3042 vixerunt
1770 2984 1826 3062 (e
1857 2981 2072 3061 quibus

2159 1821 2332 1880 modo
2352 1823 2576 1900 peccati
2596 1823 2839 1899 agnitio.
2863 1827 2929 1885 Et
2945 1842 3100 1884 nunc
3117 1823 3283 1884 vides
3299 1822 3519 1897 omnia,
3537 1822 3802 1883 omnium

2153 1907 2484 1986 inspector,
2517 1913 2919 1993 Domine,qui
2946 1931 3235 1994 nusquam
3287 1911 3434 1972 mihi
3482 1911 3693 1972 relicta
3716 1921 3806 1973 est

2154 1998 2361 2059 salutis
2387 2003 2646 2076 occasio,
2681 2002 2787 2063 sed
2837 2002 3028 2062 vivum
3050 2021 3144 2062 me
3169 2001 3434 2064 infernus
3464 1999 3799 2079 deglutivit.

2153 2089 2237 2150 Tu
2268 2096 2461 2150 autem
2495 2091 2658 2151 solus
2687 2100 2855 2172 potes
2887 2111 2982 2152 me
3027 2090 3316 2152 reducere
3367 2099 3423 2151 et
3451 2108 3663 2151 sanare
3689 2090 3802 2150 do-

2154 2177 2312 2238 lores
2341 2179 2540 2240 cordis
2573 2180 2714 2254 mei,
2769 2180 3047 2260 quoniam
3100 2187 3308 2259 potens
3360 2185 3417 2240 et
3446 2197 3656 2240 manus
3704 2187 3806 2241 tua

2152 2267 2224 2328 ad
2286 2267 2506 2342 omnia,
2544 2277 2601 2330 et
2647 2271 2706 2330 in
2765 2270 2913 2330 fines
2971 2269 3317 2348 abyssorum
3367 2276 3710 2349 penetrans,
3747 2276 3804 2329 et

2155 2356 2356 2418 omnia
2381 2375 2484 2436 pro
2536 2365 2679 2418 nutu
2731 2367 2827 2420 tuo
2861 2376 3140 2439 operans.
3173 2356 3300 2417 Non
3351 2358 3539 2420 audeo
3572 2357 3799 2433 dicere,

2144 2445 2430 2510 Miserere
2458 2446 2600 2524 mei,
2623 2467 2754 2508 sum
2782 2448 2939 2510 enim
2966 2447 3243 2524 indignus
3268 2445 3702 2510 misericordia.
3727 2449 3804 2507 At

2148 2538 2231 2608 tu,
2268 2533 2540 2610 Domine,
2593 2536 2746 2598 nosti
2800 2535 3021 2610 omnia,
3056 2543 3135 2609 et,
3186 2543 3248 2594 ut
3282 2534 3441 2595 novit
3471 2533 3805 2612 benignitas

2153 2631 2271 2696 tua,
2310 2623 2399 2685 fac
2431 2624 2490 2684 in
2524 2644 2638 2701 me,
2685 2625 2784 2706 qui
2831 2626 3004 2687 etiam
3039 2625 3166 2702 ipsa
3191 2623 3306 2684 vita
3334 2623 3613 2703 indignus
3644 2643 3800 2688 sum.

2235 2712 2333 2774 Sic
2356 2713 2491 2787 erit,
2549 2715 2781 2788 fratres,
2837 2716 2937 2796 qui
2983 2733 3181 2776 coram
3227 2713 3348 2774 Deo
3397 2712 3806 2794 omnipotente

2154 2803 2442 2884 peccavit,
2469 2812 2524 2865 et
2575 2805 2786 2866 timore
2832 2803 3069 2884 judicii,
3117 2801 3559 2882 aversionisque
3597 2801 3708 2862 Dei
3731 2801 3806 2863 ab

2155 2910 2240 2972 se,
2276 2891 2461 2952 animi
2493 2911 2740 2954 sensum
2769 2894 3005 2973 accipit.
3028 2891 3237 2952 Timor
3259 2892 3416 2952 enim
3450 2889 3708 2962 Domini,
3749 2899 3808 2950 et

2155 2981 2364 3042 notitia
2386 2983 2796 3045 retributionis
2852 2984 2980 3062 ejus
3037 2981 3116 3041 ita
3161 2999 3370 3042 carnes
3414 2977 3717 3058 liquefacit
3746 2983 3806 3038 et

417 3075 648 3154 justum
672 3072 875 3134 Enoch
904 3071 1292 3134 translatione
1315 3072 1650 3146 honoravit,
1678 3071 1863 3131 Eliam
1889 3089 2065 3133 curru
2087 3102 2127 3151 (ς
2154 3088 2287 3131 ossa
2317 3073 2594 3147 conterit,
2656 3079 2720 3137 ut
2770 3072 2920 3154 lapis
2976 3092 3008 3132 a
3053 3071 3324 3132 machina
3373 3086 3694 3148 suspensus
3741 3067 3804 3128 in

419 3163 600 3244 igneo
623 3162 781 3225 velut
801 3162 863 3223 in
886 3163 1109 3224 coelum
1142 3161 1510 3242 assumpsit),
1529 3163 1668 3241 quid
1684 3180 1791 3221 nos
1811 3177 2066 3240 reSpon-

422 3252 720 3325 debimus,
746 3252 846 3332 qui
905 3259 1038 3333 post
1081 3251 1358 3332 gratiam,
1412 3251 1709 3331 talemque
1749 3269 1816 3311 ac
1849 3258 2066 3312 tantam

418 3341 902 3416 beneﬁcentiam,
938 3350 1070 3422 post
1092 3341 1298 3402 mortis
1330 3349 1385 3401 et
1438 3340 1662 3420 peccati
1703 3339 2062 3402 destructio-

419 3450 582 3506 nem,
617 3441 750 3513 post
779 3431 1611 3512 baptismiregenerationem,
1640 3438 1698 3491 et
1728 3437 2068 3492 sanctorum

416 3521 762 3600 angelorum
795 3521 1149 3596 custodiam,
1213 3529 1270 3582 et
1316 3520 1505 3601 ipsam
1567 3519 1824 3600 Spiritus
1885 3516 2075 3579 sancti

2155 3160 2432 3221 torculari
2467 3181 2603 3223 uvas
2632 3161 2996 3244 comprimit,
3034 3158 3574 3222 vehementerinde
3603 3157 3802 3218 vinum

2151 3248 2447 3328 exprimit.
2482 3250 2610 3312 Non
2641 3270 2783 3313 uvas
2814 3251 2913 3332 qui
2963 3249 3192 3312 calcant
3222 3248 3501 3329 primum,
3535 3253 3804 3326 postmo-

2151 3337 2289 3398 dum
2323 3358 2426 3401 eas
2455 3360 2594 3402 saxo
2625 3341 3074 3422 superimmisso
3099 3339 3460 3419 exprimunt,
3496 3345 3552 3396 et
3583 3335 3654 3395 iis
3681 3353 3809 3396 om-

2153 3447 2289 3488 nem
2315 3431 2435 3491 vini
2465 3431 2776 3493 humorem
2807 3428 3439 3504 demuntﬁllominem
3473 3432 3669 3487 autem
3699 3423 3810 3486 Dei

2155 3517 2434 3580 timorem
2483 3520 2842 3600 ingressum,
2879 3521 3008 3601 ipse
3040 3519 3216 3580 timor
3264 3516 3541 3578 omnibus
3573 3532 3636 3575 se
3667 3533 3812 3576 con-

421 3612 964 3688 abumbrationem,
1005 3611 1440 3692 adventumque
1488 3628 1668 3691 super
1705 3627 1834 3683 nos,
1862 3627 1936 3670 ne
1959 3607 2077 3668 illis
2159 3607 2511 3670 culcandum
2557 3611 2822 3691 prmbere
2847 3609 3003 3672 facit.
3039 3609 3110 3670 Et
3160 3627 3292 3669 cum
3354 3603 3721 3686 superbiam,
3756 3609 3817 3664 et

420 3705 662 3786 quidem
696 3702 946 3783 quiante
964 3701 1209 3779 gratiam
1227 3701 1488 3774 fuerunt,
1514 3718 1686 3781 pares
1716 3698 2080 3771 invenimur,
2173 3698 2546 3776 cogitationis
2576 3701 2795 3781 carnis,
2829 3720 2990 3761 vanae
3019 3697 3221 3778 gloriae
3269 3695 3521 3776 cupidus
3553 3693 3817 3774 perfecte

421 3781 530 3856 sed
561 3781 792 3872 ignavia
821 3790 1137 3871 corruptis,
1173 3789 1276 3851 Dei
1301 3792 1464 3872 jussa
1529 3788 1979 3870 vilipendimus,
2017 3805 2085 3848 ac
2168 3789 2530 3868 contriverit,
2552 3800 2727 3872 atque
2743 3790 3203 3860 deleverit,tunc
3227 3793 3460 3848 sanctas
3485 3781 3812 3872 humilitas,

421 3869 796 3965 prmtérimus
819 3869 1052 3942 Ἶρι-οιξο
1074 3869 1436 3959 ςτδνίυέηοε
1463 3869 1731 3962 punitum
1765 3879 1865 3958 iri,
1905 3895 2080 3957 quam
2165 3876 2266 3938 ille
2296 3879 2468 3960 lapis,
2506 3882 2604 3962 qui
2630 3869 2838 3943 mente
2872 3877 3221 3960 percipitur,
3257 3874 3590 3936 levissimus
3621 3880 3679 3932 et
3707 3869 3818 3932 uti-

421 3962 613 4053 quiin
648 3973 778 4049 lege
807 3982 1223 4052 peccaverunt,
1258 3971 1392 4033 siin
1440 3968 1698 4052 peccatis
1727 3986 2078 4048 permanse-
2164 3966 2428 4031 lissimus
2466 3971 2728 4050 desuper
2780 3970 3046 4048 illapsus,
3101 3965 3198 4027 ubi
3259 3973 3443 4025 totum
3499 3962 3814 4053 humorem

419 4049 632 4133 rimus,
669 4049 908 4122 sanctus
925 4049 1242 4120 Paulushis
1264 4049 1760 4121 verbisindicavit
1787 4077 1799 4119 :
1828 4057 2074 4118 Sienim
2164 4059 2488 4122 carnalium
2519 4049 2882 4142 voluptatum
2921 4058 3417 4142 affectiouumque
3435 4049 3814 4142 expresserit,

422 4157 531 4233 qui
553 4168 668 4233 per
690 4152 936 4231 angelos
966 4151 1160 4212 dictus
1182 4158 1264 4212 est
1283 4153 1720 4228 sermo,facms
1740 4156 1827 4210 est
1844 4147 2079 4226 ﬁrmus,
2171 4149 2425 4211 animam
2458 4151 2537 4213 ita
2567 4137 2934 4232 expressam,
2970 4148 3194 4208 fructus
3244 4141 3400 4204 haud
3422 4140 3671 4233 inanem
3703 4137 3817 4199 de-

420 4231 484 4304 et
513 4231 708 4304 oinm‘s
731 4241 1244 4322 praevaricatio'et
1276 4241 1685 4303 inobetlientia
1705 4239 1934 4318 accepit
1954 4241 2087 4315 jus'
2174 4248 2506 4302 monstrat:
2568 4241 2673 4302 sed
2726 4258 2856 4300 cum
2910 4257 3038 4299 eam
3117 4234 3360 4322 ﬂumine
3415 4231 3814 4322 lacrymarum

421 4342 546 4394 tam
575 4316 867 4394 mercedis
898 4329 1392 4404 retributionem,
1455 4329 1750 4410 quomodo
1783 4316 1889 4388 nos
1923 4325 2081 4405 e/fu-
2169 4329 2518 4407 perfuderit,
2545 4348 2756 4411 aquam
2786 4329 2968 4388 vivam
3002 4323 3290 4386 scaturire
3321 4319 3479 4392 facit,
3518 4316 3820 4411 etinflicta

419 4423 653 4503 giemus
680 4423 738 4482 si
786 4425 1023 4482 tantam
1055 4406 1496 4499 neglexeriinus
1526 4419 1783 4481 salutem
1805 4417 1921 4476 97‘?
2104 4437 2201 4514 Da
2259 4428 2498 4499 peccato
2557 4406 2801 4481 vulnera
2859 4422 3050 4486 sanat,
3112 4427 3440 4489 eorumque
3493 4406 3822 4514 saniem'et

502 4511 630 4573 Non
646 4529 784 4589 ergo
803 4495 1247 4586 Adamum,’sed
1265 4509 1656 4589 semetipsum
1673 4507 2080 4589 unusquisque
2104 4495 2148 4514 υ
2169 4495 2367 4570 ulc—era
2388 4508 2596 4588 abluit,
2623 4516 2678 4570 et
2700 4506 3003 4569 hominem
3031 4503 3198 4563 illum
3237 4508 3424 4589 totum
3448 4495 3581 4558 nive
3611 4495 3822 4589 cand‘if

421 4611 688 4663 nostrum
722 4606 963 4662 accuset
993 4606 1051 4660 et
1093 4599 1518 4679 reprehendat,
1570 4599 1632 4659 in
1683 4598 2082 4678 quodcunque

425 4701 740 4773 peccatum
775 4687 1076 4760 inciderit,
1105 4696 1163 4749 et
1193 4689 1243 4748 si
1272 4689 1448 4748 vitam
1479 4696 1759 4749 aeternam
1793 4687 2086 4748 velitcon-

417 4780 589 4862 sequi
620 4780 680 4840 in
711 4777 989 4850 Domino,
1027 4777 1462 4858 paenitentiam,
1498 4786 1580 4856 qut
1637 4778 1736 4840 ille
1789 4777 2086 4856 ostendat,

414 4873 566 4933 flens
599 4869 662 4931 in
692 4868 900 4931 dolore
951 4867 1152 4930 cordis
1201 4868 1385 4936 sui,et
1435 4869 1496 4928 in
1549 4868 1853 4947 agnitione
1885 4867 1974 4928 sui
2007 4867 2076 4927 ad

415 4961 891 5041 omnipotentem
946 4957 1267 5019 Dominum
1326 4958 1624 5019 clamans:
1682 4957 1835 5019 Ecce
1889 4957 2075 5026 vides,

413 5050 690 5123 Domine,
728 5047 894 5129 (quid
923 5056 1012 5109 est
1061 5055 1257 5108 autem
1298 5047 1452 5128 quod
1519 5057 1577 5108 tu
1631 5067 1748 5108 non
1776 5047 1977 5107 videas
2001 5045 2075 5127 ἲ),

414 5160 521 5220 ego
572 5158 722 5220 opus
767 5155 1047 5200 manuum
1113 5145 1370 5212 tuarum,
1429 5156 1614 5217 opera
1665 5136 2079 5198 mandatorum

415 5238 653 5292 tuorum
681 5247 802 5290 non
882 5225 1036 5288 feci:
1094 5225 1202 5288 sed
1259 5243 1364 5306 per
1423 5225 1732 5287 stultitiam
1793 5225 1953 5287 omni
1987 5243 2081 5285 me

2165 4598 2394 4659 diorem
2426 4583 2667 4660 reddit:
2722 4595 2898 4656 modo
2944 4612 3019 4653 ne
3052 4590 3186 4672 quis
3248 4587 3427 4649 dubio
3489 4593 3546 4647 et
3575 4583 3823 4664 ancipiti

2174 4687 2355 4748 corde
2375 4689 2444 4748 ad
2475 4688 2661 4749 Denm
2688 4687 2954 4748 accedat.
2978 4679 3277 4744 Duliitatio
3302 4675 3462 4738 enim
3487 4674 3684 4737 cordis
3708 4683 3820 4747 est,

2174 4776 2540 4852 ratiocinari,
2578 4789 2677 4838 aut
2710 4776 2882 4856 plane
2913 4790 3113 4833 secum
3139 4769 3218 4828 ita
3267 4766 3530 4856 cogitare
3565 4762 3822 4856 misere:

2165 4867 2322 4928 bitur
2347 4869 2462 4928 mei
2492 4851 2674 4939 Deus,
2701 4851 2897 4925 annon
2926 4855 3307 4920 miserebitur
3327 4855 3356 4914 ἲ)
3378 4853 3526 4915 Illud
3570 4851 3824 4914 annon?

2165 4957 2601 5018 incredulitatis
2658 4964 2766 5016 cst.
2823 4950 2990 5024 Quod
3050 4950 3097 5009 si
3150 4965 3265 5006 non
3317 4943 3533 5013 credis,
3571 4961 3704 5002 eum
3738 4939 3824 5002 tui

2165 5047 2443 5108 misereri
2467 5047 2616 5107 velle
2641 5062 2818 5124 supra
2839 5059 3011 5122 quam
3052 5042 3350 5116 expectas,
3380 5031 3528 5124 quid
3559 5029 3821 5124 accedis,

2166 5155 2424 5216 eumque
2453 5155 2626 5212 rogas
2651 5135 2675 5195 Υ
2697 5119 2990 5211 Ancipitis
3030 5135 3227 5216 autem
3251 5122 3450 5182 cordis
3475 5127 3586 5196 est,
3617 5139 3736 5180 non
3762 5119 3824 5179 in

2166 5215 2416 5287 mortem
2441 5243 2682 5306 prorsus
2706 5222 2969 5301 seipsum
3009 5215 3265 5306 tradere,
3304 5223 3548 5292 propter
3571 5227 3822 5306 regnum

414 5319 649 5383 scelere
696 5316 960 5399 alligavi.
1009 5314 1099 5376 Tu
1131 5300 1312 5395 igitur
1369 5314 1565 5377 bonus
1622 5315 1932 5388 Dominus,
1969 5334 2077 5393 ego
2162 5300 2487 5378 malorum:
2525 5314 2632 5376 sed
2666 5313 2740 5373 de
2773 5300 2845 5372 iis
2878 5325 3040 5399 essse
3064 5302 3571 5399 solli_citum,quaa.
3597 5300 3669 5360 ad
3703 5316 3827 5398 car-

414 5417 612 5472 autem
643 5428 762 5471 non
793 5388 1226 5488 cognoscebam
1288 5414 1368 5468 te.
1402 5408 1574 5468 Nunc
1601 5406 1795 5468 audivi
1823 5407 1897 5468 de
1921 5388 2082 5479 te,'et
2163 5425 2298 5467 nem
2332 5412 2622 5485 spectant.
2659 5401 2768 5474 Qui
2803 5401 2959 5460 enim
3023 5393 3377 5488 laboriosam
3415 5388 3823 5488 paenitentiam

414 5499 774 5573 contremui,
811 5478 1042 5578 etvquid
1072 5497 1285 5559 faciam
1347 5497 1572 5559 nescio.
1627 5497 1896 5560 Intellexi
1919 5497 2080 5576 judi-
2158 5495 2300 5577 agit,
2337 5478 2450 5556 hoc
2471 5494 2664 5556 solum
2699 5509 2908 5554 cavere
2943 5485 3142 5551 debet,
3197 5499 3270 5541 ne
3307 5479 3504 5559 ipsum
3552 5478 3828 5540 machina

483 5678 549 5729 95
578 5679 749 5742 Deut.
783 5673 1018 5756 111113323
1047 5695 1063 5752 ;
1096 5674 1284 5739 Galat.
1325 5693 1413 5758 III,
1453 5676 1551 5738 13.
1637 5673 2036 5753 961Joan.1,
2079 5677 2173 5740 16.
2260 5672 2324 5725 97
2356 5671 2540 5735 Hebr.
2579 5691 2641 5751 ιι,
2674 5672 2735 5748 Ξ,
2767 5674 2827 5733 3.
2913 5670 2978 5719 98
3009 5665 3031 5729 Ι
3063 5664 3219 5728 Petr.
3254 5678 3318 5736 ιι,
3361 5661 3467 5724 22.
