4120 6386
378 347 498 414 505

1691 401 1702 414 .
1795 353 2078 419 ORATIO
2119 353 2401 421 XXXIII.

3638 355 3781 426 ξοδ,

370 485 572 568 aliqua
628 486 985 566 exstinguat,
1045 495 1108 551 et
1161 487 1256 550 sui
1311 487 1610 552 homicida
1663 489 1803 552 ﬂat:
1860 487 2364 551 verbiAfricuisti
2387 487 2683 565 manibus,
2710 495 2774 552 ut
2806 489 3062 553 fructum
3101 489 3370 557 laborum
3391 499 3624 556 tuorum
3656 489 3766 553 ab-

369 577 580 657 gratia,
607 583 703 637 aut
734 594 804 638 ex
827 578 945 640 alto
968 583 1024 640 et
1047 577 1446 660 praecipitans,
1488 587 1591 641 aut
1627 578 2022 657 strangulans,

371 672 474 726 aut
505 665 663 726 aliud
715 674 924 728 contra
971 678 1243 729 naturam
1303 668 1418 730 sibi
1444 669 1735 732 inferens.
1769 667 1854 730 De
1880 667 2027 730 reli-

373 754 531 836 quis,
559 772 802 836 perque
824 774 1040 838 corpus
1069 757 1149 820 ali
1170 777 1238 820 ac
1285 757 1482 820 vivere
1529 758 1665 834 scit,
1713 777 1788 820 ne
1817 763 2022 819 curet:

371 844 705 906 secundum
765 845 910 908 illud
961 854 1299 909 sanctorum
1349 848 1696 911 oraculum:
1759 846 2032 922 Quaerite

366 934 651 1013 primum
681 951 928 1014 regnum
967 933 1102 1011 Dei,
1147 935 1276 998 haec
1339 937 1547 999 omnia
1590 936 1691 1016 (ad
1737 953 1913 997 usum
1940 935 2034 995 vi-

372 1020 594 1083 delicet
624 1023 894 1103 corporis
924 1025 1286 1095 necessaria)
1337 1025 1710 1103 adficientur
1750 1025 1916 1087 vobis
1942 1024 2028 1087 99.

368 1111 566 1172 Pctest
587 1129 872 1193 namque,
900 1112 1001 1193 qui
1014 1114 1196 1175 vitam
1228 1113 1288 1174 in
1312 1114 1639 1176 certamine
1669 1113 1854 1189 ducit,
1885 1122 1944 1175 et
1963 1132 2034 1176 ex

373 1208 704 1281 prescrtpto
736 1201 1038 1283 Evangelii
1066 1202 1235 1278 vivit,
1286 1204 1415 1265 solo
1462 1221 1639 1284 pane,
1689 1211 1746 1265 et
1775 1221 1924 1285 aqua
1954 1203 2030 1264 ali

375 1288 664 1368 quotidie,
723 1297 783 1351 et
809 1290 1027 1366 vivere,
1086 1298 1150 1354 et
1205 1291 1464 1354 habitior
1492 1311 1648 1373 esse,
1702 1310 1882 1373 quam
1932 1306 2035 1373 qui

379 1381 598 1442 mensis
680 1380 1107 1444 delicatoribus
1171 1385 1552 1448 accumbunt.
1634 1384 1922 1458 Quocirca
1975 1394 2036 1448 et

367 1467 586 1530 Paulus
617 1471 796 1551 hujus
818 1471 906 1533 rei
927 1489 1152 1550 gnarus
1167 1473 1425 1552 dicebat,
1453 1493 1810 1556 semperque
1844 1473 2028 1537 dicit:

362 1559 670 1622 Habentes
701 1562 952 1634 victum,
985 1568 1044 1623 et
1071 1561 1288 1640 quibus
1339 1571 1614 1644 tegamur
1644 1565 1739 1626 his
1765 1565 2030 1626 contenti

359 1649 559 1710 simus
580 1650 627 1712 ί.
657 1649 744 1711 Et
773 1667 1056 1713 rursum:
1091 1649 1167 1714 Ut
1194 1654 1259 1714 in
1281 1653 1456 1715 nobis
1486 1654 1634 1731 ipsis
1673 1669 2026 1733 responsum

2113 576 2367 639 solutum
2393 578 2694 659 aspiceres
2717 579 2833 640 ‘teo
2853 587 3056 642 autem
3094 591 3384 664 spectato,
3423 601 3560 644 num
3593 580 3768 643 alitus

2111 665 2188 728 ad
2211 666 2610 744 saturitatem,
2644 675 2702 729 et
2731 667 2964 731 vibrum
2993 670 3180 732 factus
3234 690 3297 733 es
3326 669 3674 733 robustior?
3703 670 3767 732 Si

2111 755 2325 818 horum
2348 766 2546 819 certus
2567 775 2652 832 es,
2699 759 2906 839 pedes,
2931 765 2989 820 et
3011 760 3255 839 vestigia
3285 761 3503 842 pedum
3529 768 3762 822 tuorum

2112 845 2320 927 adoro,
2352 853 2412 907 et
2432 846 2766 920 exosculor,
2806 866 2926 908 non
2957 848 3115 909 enim
3149 848 3247 929 dig
3257 869 3370 911 nus
3393 869 3522 912 sum
3550 849 3763 911 faciem

2113 939 2274 994 tuam
2303 934 2584 996 osculari.
2619 933 2968 1016 Triumphe,
2995 945 3052 998 et
3097 938 3350 1014 exsulta,
3383 957 3518 1002 cum
3552 937 3768 1017 gaudio

2113 1021 2424 1101 colligens,
2460 1043 2594 1104 quze
2649 1043 2786 1087 cum
2817 1024 3021 1088 labore
3071 1033 3131 1088 et
3177 1027 3529 1092 lassitudine
3578 1027 3765 1090 semi-

2113 1111 2286 1172 nasti.
2312 1112 2415 1174 Sin
2437 1121 2632 1175 autem
2655 1113 2852 1194 etipsa
2880 1133 3011 1196 quae
3032 1134 3067 1175 a
3119 1135 3214 1178 me
3238 1116 3518 1179 dieuntur
3541 1117 3762 1193 nescis,

2117 1207 2392 1282 etneque
2418 1221 2492 1264 an
2522 1203 2583 1264 in
2611 1211 2766 1265 terra
2797 1211 2920 1278 tua,
2965 1204 3026 1266 in
3071 1223 3232 1285 agro,
3267 1207 3530 1287 inquam,
3565 1206 3765 1268 cordis

2118 1288 2223 1370 tui,
2245 1290 2320 1351 de
2352 1289 2644 1353 fructibus
2677 1292 3024 1354 melioribus
3055 1294 3410 1356 seminalum
3442 1295 3539 1374 sit,
3577 1295 3760 1368 nosti,

2115 1393 2294 1439 narra
2323 1379 2494 1456 mihi,
2541 1388 2838 1443 extremos
2873 1382 3036 1445 orbis
3081 1391 3370 1445 terrarum
3422 1385 3571 1446 fines
3618 1383 3758 1445 dum

2115 1464 2334 1543 obiisti,
2363 1478 2423 1531 et
2449 1470 2657 1533 ultima
2713 1471 2902 1550 pelagi
2949 1472 3138 1552 spatia
3185 1491 3464 1534 emensus
3492 1491 3582 1546 es,
3613 1473 3757 1554 quid

2111 1555 2641 1643 proiecisti?Nihil
2664 1558 2888 1640 utique.
2923 1558 2986 1622 Si
3037 1561 3194 1622 enim
3227 1561 3288 1623 in
3321 1564 3759 1643 eleemosynam

2107 1640 2331 1707 dedero
2362 1655 2548 1708 tomm
2582 1649 2892 1723 mundum,
2946 1670 3063 1711 non
3110 1659 3312 1713 tamen
3345 1652 3416 1714 de
3443 1640 3618 1725 meis,
3651 1651 3756 1713 sed

357 1741 576 1801 mortis
604 1738 906 1821 habentes,
940 1758 1060 1803 non
1079 1740 1266 1803 simul
1290 1741 1536 1820 ﬁdentes
1557 1743 1627 1804 in
1648 1742 1817 1804 nobis
1848 1743 2017 1824 ipsis,

2107 1740 2253 1810 esto,
2288 1734 2361 1796 de
2395 1736 2565 1817 meis,
2592 1755 2687 1798 me
2713 1746 2910 1800 autem
2931 1739 3153 1801 nudum
3187 1747 3244 1802 et
3276 1741 3515 1821 inopem
3538 1741 3756 1816 sivero,

355 1828 465 1889 sed
482 1829 552 1889 in
584 1828 737 1910 Deo,
768 1832 874 1910 qui
899 1831 1162 1893 suscitas
1192 1831 1517 1894 mortuost

440 1914 1029 1995 En,fratres,dilecti,
1056 1919 1392 1994 docuimus,
1412 1917 1709 2002 quomodo
1729 1918 1802 1980 ad
1836 1917 2019 1980 Deum

358 2005 794 2088 accedendum,
856 2022 914 2070 et
947 2007 1139 2090 qualis
1162 2009 1239 2088 ζεῖ
1290 2009 1632 2090 paenitentia
1690 2008 2022 2070 exhibenda

355 2095 457 2155 sit.
492 2093 580 2157 Ne
627 2095 810 2174 igitur
858 2095 931 2157 ab
979 2115 1050 2158 ea
1083 2116 1272 2179 usque
1320 2098 1396 2161 ab
1443 2099 1719 2160 ultimum
1750 2097 2018 2160 habitum

356 2195 630 2250 nostrum
681 2189 1064 2267 desistamus,
1120 2209 1313 2273 neque.
1363 2191 1508 2254 boni
1559 2192 1738 2286 hujug
1787 2181 2023 2252 consilli

353 2296 472 2340 nos
500 2279 698 2359 capiat
718 2278 959 2341 oblivio.
986 2281 1048 2343 Si
1075 2281 1231 2342 enim
1257 2280 1329 2342 ad
1357 2282 1502 2358 haec,
1528 2281 1650 2344 Deo
1681 2278 2013 2361 adjuvante,

355 2376 415 2429 et
445 2367 518 2428 ad
579 2368 692 2429 hoc
749 2387 900 2449 opus
967 2371 1330 2450 poenitentiae
1389 2371 1860 2447 incubuerimus,
1904 2369 2018 2450 ipsi

357 2455 584 2516 sensim
611 2457 839 2536 majora
862 2459 1155 2538 mysteria
1178 2460 1601 2540 intelligemus,
1628 2479 1891 2540 superna
1919 2460 2020 2521 illa

361 2545 550 2623 gratia
574 2545 816 2607 edocti:
875 2566 987 2609 nec
1038 2549 1228 2610 solum
1277 2550 1412 2611 fons
1458 2551 1878 2631 lacrymarum,
1911 2549 2016 2612 sed

357 2635 535 2695 etiam
589 2635 857 2696 omnium
909 2656 1218 2717 pravarum
1272 2639 1651 2701 affectionum
1689 2640 1920 2709 horror,
1958 2648 2018 2701 et

352 2723 637 2785 alienatio
671 2742 783 2803 per
808 2724 1224 2804 hujuscemodi
1253 2730 1516 2790 actiones
1536 2725 1710 2788 nobis
1759 2725 2014 2788 donabi-

353 2821 466 2874 tur.
497 2811 648 2874 Nam
681 2813 1088 2894 paenitentiam
1127 2823 1184 2877 et
1214 2817 1734 2895 compunctionem
1777 2834 2016 2895 semper

344 2902 686 2984 exquirere,
724 2910 781 2964 et
817 2904 1070 2965 scrutari
1094 2923 1226 2986 quae
1245 2905 1316 2966 ad
1343 2905 1694 2986 lugendum,
1718 2905 2007 2981 ﬂendum,

347 2992 680 3054 dolendum
733 2992 985 3067 valeant,
1047 3013 1236 3075 eaque
1284 2994 1457 3056 enixe
1498 3003 1802 3076 prastare,
1863 2994 2008 3055 etin

2106 1829 2165 1910 et
2192 1822 2272 1884 ita
2295 1823 2357 1885 in
2381 1824 2674 1888 bonorum
2700 1835 2981 1905 egestate,
3015 1829 3396 1910 moriturum,
3421 1838 3479 1891 et
3498 1830 3570 1891 ad
3596 1830 3760 1891 terri-

2103 1909 2224 1999 bile
2243 1913 2462 1977 Christi
2483 1915 2733 1977 tribunal
2753 1917 3108 1999 sistendum,
3131 1918 3274 1998 quid
3300 1919 3446 1981 mihi
3478 1919 3760 1999 prodest?

2102 1998 2347 2064 Indutos
2403 2013 2463 2066 et
2523 2016 2764 2070 ornatos
2812 2027 2846 2070 e
2896 1998 3149 2088 corpore
3198 2007 3359 2069 exire
3402 1998 3656 2088 oportet,
3709 2007 3761 2068 si

2101 2090 2278 2178 modo
2303 2092 2618 2156 vilimusin
2637 2098 2860 2178 nuptiis
2899 2097 3100 2174 Regiis
3122 2115 3238 2158 una
3273 2116 3406 2158 cum
3445 2097 3575 2176 ejus
3602 2095 3750 2158 ami-

2105 2177 2191 2239 cis
2223 2179 2624 2248 discumbere.
2653 2177 2808 2259 Quid
2869 2205 3046 2266 porro
3093 2195 3202 2262 est,
3257 2186 3412 2266 quod
3449 2195 3506 2247 et
3537 2205 3668 2266 ego,
3702 2194 3762 2247 et

2103 2286 2312 2331 omnes
2337 2271 2512 2334 amici
2543 2275 2672 2354 ejus
2701 2275 3132 2356 superinduere
3162 2274 3474 2348 debemus,
3506 2293 3583 2336 ne
3615 2283 3755 2336 tunc

2103 2357 2248 2418 nudi
2273 2377 2668 2440 appareamus
2687 2362 2716 2422 ?
2747 2363 3014 2425 Christus
3037 2373 3094 2426 et
3118 2363 3274 2426 Deus
3305 2363 3543 2425 fratres.

2181 2445 2346 2518 Quod
2379 2448 2429 2509 si
2460 2449 2822 2534 universum,
2883 2451 2988 2532 qui
3031 2451 3139 2513 sub
3188 2451 3338 2514 caelo
3397 2459 3508 2529 est,
3542 2450 3750 2513 orbem

2102 2554 2515 2615 peragravero,
2545 2539 2889 2623 nullamque
2910 2541 3243 2620 regionem,
3267 2549 3368 2602 aut
3391 2541 3626 2614 urbem,
3651 2549 3752 2602 aut

2100 2625 2419 2688 ecclesiam
2448 2631 2910 2709 prmtermisero,
2954 2631 3013 2692 in
3063 2649 3241 2712 quam
3292 2649 3413 2691 non
3439 2630 3750 2692 odoratum

2099 2714 2417 2792 iutroeam,
2450 2717 2698 2800 ipasque
2723 2719 2875 2782 bene
2894 2721 3354 2802 perlustravero,
3383 2727 3440 2781 et
3475 2727 3752 2783 accurate

2097 2821 2454 2884 cognovero,
2489 2825 2674 2887 regno
2703 2817 2902 2871 autem
2934 2809 3160 2872 cmiesti
3197 2808 3504 2889 excidero,
3537 2808 3750 2890 ecquid

2095 2913 2215 2954 non
2238 2895 2450 2957 melius
2471 2907 2616 2974 erat,
2646 2918 2741 2960 me
2773 2918 3090 2980 numquam
3116 2905 3318 2959 natum
3341 2917 3496 2972 esse,
3536 2916 3644 2960 nec
3686 2899 3748 2960 in

2095 2990 2314 3044 terram
2345 2987 2659 3063 cecidisse,
2707 2998 2806 3052 aut
2854 2989 3125 3070 spiritum
3167 2989 3324 3049 hunc
3373 2989 3591 3050 ducere
3622 3007 3743 3050 cce-

352 3081 518 3142 nullo
545 3079 658 3142 sibi
684 3081 946 3162 potiores
970 3068 1230 3163 deferre,
1257 3091 1357 3145 aut
1384 3068 1516 3145 ulla.
1543 3104 1610 3145 ex
1656 3068 1821 3165 parte
1846 3083 2011 3146 carni
2031 3068 2070 3117 C
2096 3071 2280 3165 PiS§9,
2312 3081 2370 3135 θῐ
2392 3076 2581 3138 οουιίε
2611 3077 2797 3139 Solem
2827 3068 3130 3158 δέρθκίεεθ
3150 3077 3180 3138 Ῡ
3199 3076 3412 3153 Euam,
3453 3077 3565 3138 hoc
3600 3076 3752 3140 mihi

359 3169 628 3251 obsequi,
665 3171 1023 3250 compendio
1056 3172 1312 3252 quodam
1372 3173 1676 3234 hominem
1703 3173 1774 3234 ad
1809 3175 2013 3253 perfe-

361 3258 638 3335 ctionem,
665 3267 721 3320 et
740 3259 811 3320 ad
836 3261 1174 3335 puritatem,
1201 3261 1636 3342 aﬂ'ectuumque
1666 3264 2013 3324 var-nitatem

372 3347 628 3421 deducit,
678 3359 737 3410 et
787 3350 979 3412 sancti
1012 3348 1266 3431 Spiritus
1307 3352 1655 3432 participem
1704 3352 1911 3415 efficit.
1946 3353 2019 3414 Et

371 3435 503 3496 haec
533 3437 782 3517 quidem,
817 3439 867 3500 si
900 3439 1331 3521 paenitentiam,
1377 3450 1434 3504 et
1471 3441 1885 3503 contritionem
1919 3441 2012 3502 di-

371 3523 705 3592 lexerimus.
732 3527 836 3592 Sin
879 3529 1268 3600 uoluerimus,
1297 3549 1544 3611 quaeque
1576 3531 1734 3592 dicta
1761 3539 1921 3605 sunt,
1957 3531 2016 3592 in

367 3613 443 3676 iis
465 3617 589 3678 sine
611 3616 1059 3680 intermissione
1080 3638 1196 3681 non
1230 3619 1759 3700 elaboraverimus,
1778 3639 1853 3681 ne
1885 3618 2018 3700 quis

358 3712 556 3767 tamen
584 3706 858 3788 loquatur
886 3707 1093 3789 impie,
1156 3717 1214 3770 et
1262 3710 1421 3771 dicat
1473 3710 1529 3771 ld
1581 3729 1710 3772 esse
1733 3711 2015 3792 impossi-

351 3793 508 3857 bile:
546 3815 679 3872 nec,
705 3797 862 3876 quod
887 3797 997 3859 ista
1018 3797 1078 3859 in
1103 3797 1365 3859 medium
1410 3799 1599 3878 attuli,
1644 3817 1738 3862 me
1760 3801 2010 3860 multum

342 3883 660 3947 abundare
689 3887 830 3956 olio.
891 3905 1086 3968 neque
1133 3897 1444 3949 recenseat
1497 3889 1666 3959 mihi.
1703 3898 2009 3970 quamtum

352 3974 484 4035 auri
511 3975 861 4057 argentique
880 3975 1307 4057 distribuerit;
1327 3997 1395 4039 ac
1443 3977 1791 4059 disperserit
1817 4002 1830 4039 :
1865 3997 2012 4040 neve

359 4063 541 4144 dicat,
572 4073 735 4126 totet
759 4073 839 4126 tot
861 4065 935 4126 de
957 4066 1330 4128 facultatibus
1363 4067 1510 4129 meis
1563 4068 1752 4129 nudos
1782 4067 2011 4148 vestivi,

348 4153 690 4216 esurientes
726 4153 868 4231 alui,
895 4155 1167 4215 sitientes
1193 4157 1406 4236 potavi,
1442 4157 1642 4219 omnia
1673 4176 1804 4221 mea
1835 4159 2008 4220 dilar-

349 4243 509 4322 gitus
539 4260 692 4316 sum,
731 4244 860 4304 veni
889 4244 951 4305 in
984 4245 1138 4305 hunc
1193 4255 1480 4320 montem,
1529 4246 1737 4307 intravi
1771 4247 1830 4307 in
1857 4248 2009 4310 hanc

2098 3161 2316 3223 melius
2338 3172 2488 3240 erat,
2521 3165 2671 3238 Quid
2700 3166 2883 3246 igitur
2901 3167 3136 3240 faciam,
3170 3185 3246 3227 ne
3283 3167 3394 3227 hoc
3417 3185 3602 3245 regno
3623 3165 3742 3248 pri~

2101 3250 2252 3314 ver?
2299 3250 2362 3314 Si
2418 3254 2652 3316 functus
2701 3255 2980 3317 omnibus
3035 3256 3399 3336 poenitentiae
3445 3255 3749 3335 operibus,

2100 3339 2384 3420 Spiritum
2435 3352 2705 3405 sanctum
2752 3363 3064 3425 accepero.
3110 3343 3269 3406 Istud
3319 3345 3539 3425 quippe
3569 3352 3657 3406 est
3687 3363 3752 3408 se

2103 3447 2240 3490 men
2271 3430 2509 3504 Christi,
2539 3451 2643 3513 per
2663 3436 2820 3514 quod
2865 3453 2973 3494 nos
3013 3451 3328 3514 pauperes,
3375 3442 3433 3494 et
3463 3433 3750 3496 mortales

2100 3518 2230 3598 ejus
2248 3521 2516 3600 cognatis
2536 3523 2914 3588 ascribimur.
2942 3523 3106 3596 Quod
3132 3522 3181 3583 si
3213 3521 3498 3584 ceciderit
3527 3522 3586 3583 in
3623 3535 3747 3584 ter-

2100 3627 2226 3670 ram
2258 3608 2497 3682 bonam,
2550 3611 2802 3674 fructum
2852 3614 2988 3687 fert,
3035 3631 3218 3674 unum
3266 3611 3658 3688 tricesimum,
3693 3620 3752 3673 et

2105 3697 2265 3760 aliud
2297 3700 2756 3780 sexagesimum,
2783 3701 2938 3762 aliud
2963 3700 3394 3763 centisimum3.
3422 3699 3612 3781 Atque
3635 3701 3750 3762 hoc

2094 3792 2288 3872 ipsum
2322 3801 2381 3856 et
2436 3813 2685 3873 regnum
2737 3797 3072 3858 owlorum:
3121 3803 3340 3856 caetera
3389 3795 3590 3854 omnia
3619 3793 3750 3860 sine.

2095 3882 2208 3943 hoc
2260 3883 2409 3944 nihil
2457 3884 2754 3946 commodi
2814 3885 3056 3946 habent.
3111 3884 3236 3946 Nisi
3297 3883 3480 3959 enim,
3513 3884 3747 3966 fratres,

2096 3975 2281 4034 nostri
2312 3973 2578 4054 ipsorum
2613 3975 3029 4047 misercamur,
3089 3984 3147 4036 et
3197 3993 3302 4054 per
3331 3973 3749 4056 paenitentiam

2094 4063 2322 4125 animas
2355 4073 2582 4126 nostras
2608 4075 2903 4146 purgatas,
2940 4084 3008 4126 ac
3065 4063 3310 4125 luminis
3339 4064 3546 4145 plenas
3576 4063 3744 4126 inve~

2094 4153 2347 4230 niamus,
2375 4155 2521 4216 nihil
2546 4174 2653 4216 nos
2673 4155 2819 4216 alias
2840 4153 3313 4234 fecissejuvabit,
3343 4161 3404 4215 ut
3426 4152 3506 4216 ait
3538 4153 3744 4215 Domi-

2091 4260 2203 4301 nus
2225 4249 2280 4302 et
2305 4246 2462 4306 Deus
2489 4253 2729 4306 noster:
2755 4244 2917 4320 ρφηι
2951 4247 3202 4325 prodest
3225 4244 3478 4314 homini,
3523 4245 3577 4304 si
3600 4249 3744 4305 uni-

350 4333 722 4411 speluncam,
749 4334 819 4394 ad
837 4332 1077 4395 Domini
1100 4335 1444 4413 sepulcrum
1469 4336 1716 4416 accessi,
1743 4335 1802 4398 in
1828 4356 2005 4399 mon-
2090 4349 2285 4393 ersum
2320 4335 2614 4397 mundum
2641 4335 2929 4404 lucretur.
2966 4337 3185 4396 animae
3221 4351 3362 4395 vero
3402 4351 3529 4394 sum
3550 4333 3742 4394 detri-

351 4429 469 4482 tem
501 4422 798 4485 Olivarum
829 4423 1096 4504 escendi,
1134 4432 1190 4485 et
1225 4445 1380 4486 nunc
1432 4425 1492 4486 in
1544 4427 1657 4487 hoc
1690 4444 1997 4488 monome-
2023 4425 3022 4506 1)mentumpatiatur?autquam
3040 4423 3747 4486 dabit/wmocommuta-

345 4509 501 4571 rium
537 4531 633 4571 me
655 4511 878 4586 abdidi,
917 4520 976 4575 et
1006 4513 1129 4592 jam
1163 4513 1474 4594 detonsus,
1502 4522 1601 4574 aut
1634 4515 1810 4577 etiam
1844 4525 2015 4578 antea

343 4599 654 4680 detonsus,
689 4601 746 4662 in
781 4602 932 4663 cella
955 4602 1157 4673 sedeo,
1201 4612 1426 4664 tantum
1463 4623 1776 4666 numerum
1813 4625 2008 4686 preca-

347 4689 577 4751 tionum
612 4691 892 4766 fundens,
919 4711 1052 4752 cum
1087 4693 1179 4753 his
1197 4692 1493 4774 salvabor,
1520 4694 1812 4755 etsufftcit
1837 4695 2006 4756 mihi.

346 4782 439 4842 Ne
473 4779 582 4840 tibi
617 4780 812 4842 fucum
847 4780 1047 4844 facias.
1099 4782 1461 4862 quicumque
1523 4800 1606 4856 es,
1661 4783 1862 4862 frater,
1901 4804 2010 4847 nec

351 4868 604 4948 teipsum
629 4869 792 4930 vanis
813 4869 1272 4948 cogitationibus
1295 4869 1651 4948 insipienter
1668 4875 2003 4937 consolere.

349 4955 486 5018 Haec
520 4958 678 5018 enim
709 4957 910 5019 omnia
955 4958 1132 5038 bona,
1186 4969 1244 5020 et
1296 4960 1468 5020 valde
1519 4961 1673 5021 bona
1705 4971 1862 5043 sunt,
1899 4965 2004 5026 sed

2097 4514 2318 4573 tionem
2337 4531 2452 4593 pro
2473 4517 2683 4576 anima
2703 4515 2850 4576 su14
2872 4513 2985 4576 ?Et
3003 4514 3214 4574 iterum
3245 4535 3257 4570 :
3283 4512 3395 4586 Qui
3411 4512 3750 4592 perdiderit

2096 4602 2366 4663 animum
2389 4622 2585 4674 suam.
2612 4603 2734 4666 sive
2766 4606 3013 4676 munito,
3047 4611 3146 4662 aut
3177 4601 3248 4662 iis
3297 4600 3396 4682 qui
3429 4600 3490 4660 in
3525 4600 3745 4662 mundo

2094 4697 2230 4750 sunt
2257 4699 2572 4760 mortuam.
2610 4699 2668 4753 et
2698 4693 2828 4753 sine
2891 4711 3066 4752 sensu
3110 4689 3458 4763 reddiderit,
3490 4696 3749 4768 propter

2093 4797 2204 4860 me,
2228 4782 2494 4845 inveniet
2522 4785 2708 4846 eami’t.
2737 4781 2845 4855 Qui
2871 4791 3065 4842 autem
3083 4779 3376 4841 invenerit
3401 4796 3529 4839 eam
3557 4777 3616 4838 in
3641 4779 3746 4839 ali-

2091 4887 2206 4948 qua
2231 4870 2427 4931 carnis
2446 4871 2771 4945 voluntate,
2802 4871 3008 4951 perdet
3053 4887 3205 4930 eam.
3233 4865 3290 4929 Si
3317 4866 3497 4944 igitur
3519 4867 3746 4928 animas

2092 4966 2323 5020 nostras
2345 4980 2462 5021 non
2510 4961 2590 5021 ita
2641 4969 2880 5042 propter
2931 4959 3230 5022 Chritsum
3281 4955 3742 5037 perdiderimus.

345 5064 553 5108 semen
589 5055 810 5108 tantum
862 5066 995 5109 esse
1051 5049 1222 5110 scito.
1285 5048 1438 5111 Vide
1488 5048 1668 5127 igitur
1725 5051 2003 5132 (exempli
2088 5051 2899 5130 rursumqueinvenerimus,
2935 5047 3172 5131 quando
3215 5065 3347 5108 cum
3393 5046 3628 5108 Christo
3659 5047 3747 5106 vi-

343 5137 539 5212 causa)
561 5156 763 5216 agrum
815 5137 1135 5213 renovasti,
1179 5140 1380 5199 fimum
1427 5139 1713 5220 sparsisli,
1751 5141 2004 5203 tribulos
2089 5147 2206 5202 tam
2228 5140 2651 5221 sempiternam
2703 5143 2812 5203 vix
2841 5143 3048 5214 rimus,
3102 5137 3244 5219 quid
3294 5136 3526 5216 reliqua
3550 5137 3751 5198 omnia

338 5225 577 5298 vellisti,
603 5225 934 5298 seminasti,
967 5230 1099 5289 Non
1125 5245 1265 5306 ergo
1285 5247 1353 5288 ex
1383 5228 1568 5290 herba
1593 5239 1772 5292 terra;
1796 5249 2001 5293 Semen
2088 5229 2262 5291 nobis
2288 5230 2677 5292 emolumenti
2710 5230 2967 5292 dabunt?
2986 5230 3236 5291 Pronus
3254 5225 3400 5287 nihil
3426 5225 3748 5306 proderunt

336 5315 754 5388 seostendere,
781 5333 919 5375 num
937 5315 1198 5376 crevisse
1215 5315 1768 5396 comperisti?num
1797 5319 1995 5399 spicas
2085 5319 2290 5382 dilecti
2322 5321 2478 5382 servi
2511 5320 2753 5396 Christi,
2787 5340 2900 5383 nec
2932 5320 3004 5381 ab
3060 5316 3300 5380 aeternis
3345 5315 3600 5376 flammis
3639 5337 3748 5379 nos

333 5403 724 5483 prodeuntes,
760 5423 900 5465 num
933 5404 1096 5465 albas
1132 5404 1351 5466 animm
1387 5424 1509 5466 sua:
1539 5421 1796 5488 segetes,
1822 5417 1882 5469 et
1921 5409 1992 5470 ad
2080 5417 2369 5472 asserent.
2396 5409 2590 5483 Quare
2615 5411 2838 5492 omnia,
2862 5417 2920 5472 et
2946 5427 3152 5472 omnes
3175 5406 3611 5487 relinquentes,
3640 5429 3749 5472 nos

335 5510 590 5556 messem
622 5495 876 5558 idoneas
899 5493 1305 5575 conspexisti?
1329 5494 1540 5558 vellisti
1578 5496 1775 5577 spicas
1803 5498 1944 5561 inde
1964 5499 1995 5560 ?
2080 5500 2242 5581 ipsos
2266 5500 2444 5577 selos,
2471 5510 2531 5565 et
2552 5509 2748 5563 nostra
2776 5508 3064 5583 perpetuo
3100 5496 3512 5578 inSpiciamus,
3555 5498 3747 5565 donec

413 5653 478 5706 99
505 5656 713 5722 Matth.
750 5669 836 5730 v1,
871 5653 966 5718 33.

333 5752 393 5815 κ,
425 5737 523 5802 39.

1059 5656 1078 5698 ¹
1117 5654 1139 5718 I
1169 5653 1329 5719 Tim.
1387 5670 1468 5730 vx,
1501 5657 1561 5721 8.
1647 5655 1756 5720 211
1797 5663 1935 5728 Cor.
1966 5679 2012 5740 ι,
2042 5661 2104 5727 9.
2203 5660 2238 5713 ³
2265 5661 2471 5726 Matth.
2503 5678 2632 5739 xui,
2664 5664 2726 5730 8.
2827 5663 2859 5714 4
2885 5662 3092 5728 Matth.
3123 5675 3248 5743 xv1,
3298 5659 3399 5724 26.
3483 5660 3516 5710 δ
3542 5662 3744 5728 Matth.
