  <div class='ocr_page' id='page_1' title='image "/cluster/home/n/w/nwhite01/storage/ocr_20150623/120/coo.31924054870245/261.png"; bbox 0 0 4120 6380; ppageno 0'>
   <div class='ocr_carea' id='block_1_1' title="bbox 397 340 513 405">
    <p class='ocr_par' dir='ltr' id='par_1_1' title="bbox 397 340 513 405">
     <span class='ocr_line' id='line_1_1' title="bbox 397 340 513 405; baseline -0.017 0"><span class='ocrx_word' id='word_1_1' title='bbox 397 340 513 405; x_wconf 87' lang='grc'>507</span> 
     </span>
    </p>
   </div>
   <div class='ocr_carea' id='block_1_2' title="bbox 1689 337 2494 402">
    <p class='ocr_par' dir='ltr' id='par_1_2' title="bbox 1689 337 2494 402">
     <span class='ocr_line' id='line_1_2' title="bbox 1689 337 2494 402; baseline -0.002 0"><span class='ocrx_word' id='word_1_2' title='bbox 1689 337 2000 402; x_wconf 82' lang='lat' dir='ltr'><strong>SYMEON</strong></span> <span class='ocrx_word' id='word_1_3' title='bbox 2003 338 2076 401; x_wconf 87' lang='lat' dir='ltr'><strong>IS</strong></span> <span class='ocrx_word' id='word_1_4' title='bbox 2113 339 2494 402; x_wconf 78' lang='lat' dir='ltr'><strong>JUNIORIS.</strong></span> 
     </span>
    </p>
   </div>
   <div class='ocr_carea' id='block_1_3' title="bbox 3665 340 3785 405">
    <p class='ocr_par' dir='ltr' id='par_1_3' title="bbox 3665 340 3785 405">
     <span class='ocr_line' id='line_1_3' title="bbox 3665 340 3785 405; baseline 0.008 -2"><span class='ocrx_word' id='word_1_5' title='bbox 3665 340 3785 405; x_wconf 87' lang='lat'><strong>508</strong></span> 
     </span>
    </p>
   </div>
   <div class='ocr_carea' id='block_1_4' title="bbox 390 469 3794 558">
    <p class='ocr_par' dir='ltr' id='par_1_4' title="bbox 390 469 3794 558">
     <span class='ocr_line' id='line_1_4' title="bbox 390 469 3794 558; baseline -0.001 -21"><span class='ocrx_word' id='word_1_6' title='bbox 390 475 465 538; x_wconf 90' lang='lat' dir='ltr'><strong>iis</strong></span> <span class='ocrx_word' id='word_1_7' title='bbox 495 493 622 558; x_wconf 89' lang='lat' dir='ltr'><strong>qua</strong></span> <span class='ocrx_word' id='word_1_8' title='bbox 647 474 989 548; x_wconf 80' lang='lat' dir='ltr'><strong>deterioris,</strong></span> <span class='ocrx_word' id='word_1_9' title='bbox 1016 477 1074 538; x_wconf 87' lang='lat' dir='ltr'><strong>id</strong></span> <span class='ocrx_word' id='word_1_10' title='bbox 1123 483 1234 553; x_wconf 90' lang='lat' dir='ltr'><strong>est,</strong></span> <span class='ocrx_word' id='word_1_11' title='bbox 1281 474 1552 557; x_wconf 90' lang='lat' dir='ltr'><strong>corporis</strong></span> <span class='ocrx_word' id='word_1_12' title='bbox 1597 481 1756 548; x_wconf 87' lang='lat' dir='ltr'><strong>sunt,</strong></span> <span class='ocrx_word' id='word_1_13' title='bbox 1789 473 1960 536; x_wconf 86' lang='lat' dir='ltr'><strong>victis</strong></span> <span class='ocrx_word' id='word_1_14' title='bbox 1989 479 2108 534; x_wconf 73' lang='grc' dir='ltr'><strong>οιΑ</strong></span> <span class='ocrx_word' id='word_1_15' title='bbox 2129 487 2368 532; x_wconf 91' lang='lat' dir='ltr'><strong>omnem</strong></span> <span class='ocrx_word' id='word_1_16' title='bbox 2383 469 3184 549; x_wconf 91' lang='lat' dir='ltr'><strong>hujusvitasollicitudinem</strong></span> <span class='ocrx_word' id='word_1_17' title='bbox 3199 471 3614 535; x_wconf 85' lang='lat' dir='ltr'><strong>amandemus.</strong></span> <span class='ocrx_word' id='word_1_18' title='bbox 3637 470 3794 536; x_wconf 81' lang='lat' dir='ltr'><strong>Ode-</strong></span> 
     </span>
    </p>
   </div>
   <div class='ocr_carea' id='block_1_5' title="bbox 393 563 2048 647">
    <p class='ocr_par' dir='ltr' id='par_1_5' title="bbox 393 563 2048 647">
     <span class='ocr_line' id='line_1_5' title="bbox 393 563 2048 647; baseline -0.001 -20"><span class='ocrx_word' id='word_1_19' title='bbox 393 565 698 640; x_wconf 80' lang='lat' dir='ltr'><strong>edomitis,</strong></span> <span class='ocrx_word' id='word_1_20' title='bbox 752 576 811 630; x_wconf 91' lang='lat' dir='ltr'><strong>et</strong></span> <span class='ocrx_word' id='word_1_21' title='bbox 875 567 1134 641; x_wconf 83' lang='lat' dir='ltr'><strong>meliori,</strong></span> <span class='ocrx_word' id='word_1_22' title='bbox 1195 584 1412 647; x_wconf 87' lang='lat' dir='ltr'><strong>nempe</strong></span> <span class='ocrx_word' id='word_1_23' title='bbox 1470 564 1709 639; x_wconf 92' lang='lat' dir='ltr'><strong>rationi,</strong></span> <span class='ocrx_word' id='word_1_24' title='bbox 1762 571 1820 626; x_wconf 91' lang='lat' dir='ltr'><strong>et</strong></span> <span class='ocrx_word' id='word_1_25' title='bbox 1849 563 2048 626; x_wconf 85' lang='lat' dir='ltr'><strong>animo</strong></span> 
     </span>
    </p>
   </div>
   <div class='ocr_carea' id='block_1_6' title="bbox 391 653 2050 736">
    <p class='ocr_par' dir='ltr' id='par_1_6' title="bbox 391 653 2050 736">
     <span class='ocr_line' id='line_1_6' title="bbox 391 653 2050 736; baseline -0.001 -21"><span class='ocrx_word' id='word_1_26' title='bbox 391 653 670 735; x_wconf 91' lang='lat' dir='ltr'><strong>subditis,</strong></span> <span class='ocrx_word' id='word_1_27' title='bbox 695 663 754 719; x_wconf 91' lang='lat' dir='ltr'><strong>et</strong></span> <span class='ocrx_word' id='word_1_28' title='bbox 805 656 886 717; x_wconf 90' lang='lat' dir='ltr'><strong>ita</strong></span> <span class='ocrx_word' id='word_1_29' title='bbox 933 656 1094 736; x_wconf 87' lang='lat' dir='ltr'><strong>pacis</strong></span> <span class='ocrx_word' id='word_1_30' title='bbox 1140 655 1366 736; x_wconf 79' lang='lat' dir='ltr'><strong>Spiritu</strong></span> <span class='ocrx_word' id='word_1_31' title='bbox 1415 653 1708 736; x_wconf 76' lang='lat' dir='ltr'><strong>perfruiti,</strong></span> <span class='ocrx_word' id='word_1_32' title='bbox 1742 653 2050 714; x_wconf 90' lang='lat' dir='ltr'><strong>atumultu</strong></span> 
     </span>
    </p>
   </div>
   <div class='ocr_carea' id='block_1_7' title="bbox 396 741 2050 824">
    <p class='ocr_par' dir='ltr' id='par_1_7' title="bbox 396 741 2050 824">
     <span class='ocr_line' id='line_1_7' title="bbox 396 741 2050 824; baseline 0.001 -21"><span class='ocrx_word' id='word_1_33' title='bbox 396 744 696 804; x_wconf 89' lang='lat' dir='ltr'><strong>terrestris</strong></span> <span class='ocrx_word' id='word_1_34' title='bbox 717 744 962 822; x_wconf 77' lang='lat' dir='ltr'><strong>spiritus</strong></span> <span class='ocrx_word' id='word_1_35' title='bbox 987 744 1395 824; x_wconf 87' lang='lat' dir='ltr'><strong>expediamur,</strong></span> <span class='ocrx_word' id='word_1_36' title='bbox 1427 749 1483 805; x_wconf 90' lang='lat' dir='ltr'><strong>et</strong></span> <span class='ocrx_word' id='word_1_37' title='bbox 1504 743 1565 804; x_wconf 94' lang='lat' dir='ltr'><strong>in</strong></span> <span class='ocrx_word' id='word_1_38' title='bbox 1596 750 1828 823; x_wconf 92' lang='lat' dir='ltr'><strong>portum</strong></span> <span class='ocrx_word' id='word_1_39' title='bbox 1855 741 2050 804; x_wconf 81' lang='lat' dir='ltr'><strong>beata</strong></span> 
     </span>
    </p>
   </div>
   <div class='ocr_carea' id='block_1_8' title="bbox 395 831 1319 912">
    <p class='ocr_par' dir='ltr' id='par_1_8' title="bbox 395 831 1319 912">
     <span class='ocr_line' id='line_1_8' title="bbox 395 831 1319 912; baseline 0.002 -20"><span class='ocrx_word' id='word_1_40' title='bbox 395 831 618 909; x_wconf 90' lang='lat' dir='ltr'><strong>quietis</strong></span> <span class='ocrx_word' id='word_1_41' title='bbox 651 842 869 894; x_wconf 89' lang='lat' dir='ltr'><strong>nostra</strong></span> <span class='ocrx_word' id='word_1_42' title='bbox 890 832 1319 912; x_wconf 87' lang='lat' dir='ltr'><strong>ingrediamur.</strong></span> 
     </span>
    </p>
   </div>
   <div class='ocr_carea' id='block_1_9' title="bbox 475 917 2052 1002">
    <p class='ocr_par' dir='ltr' id='par_1_9' title="bbox 475 917 2052 1002">
     <span class='ocr_line' id='line_1_9' title="bbox 475 917 2052 1002; baseline -0.003 -20"><span class='ocrx_word' id='word_1_43' title='bbox 475 923 688 982; x_wconf 78' lang='lat' dir='ltr'><strong>Beatus</strong></span> <span class='ocrx_word' id='word_1_44' title='bbox 719 921 920 1000; x_wconf 79' lang='lat' dir='ltr'><strong>igitur,</strong></span> <span class='ocrx_word' id='word_1_45' title='bbox 954 921 1078 1002; x_wconf 91' lang='lat' dir='ltr'><strong>qui,</strong></span> <span class='ocrx_word' id='word_1_46' title='bbox 1108 940 1238 1002; x_wconf 89' lang='lat' dir='ltr'><strong>qua</strong></span> <span class='ocrx_word' id='word_1_47' title='bbox 1260 921 1515 981; x_wconf 84' lang='lat' dir='ltr'><strong>diximus</strong></span> <span class='ocrx_word' id='word_1_48' title='bbox 1546 921 1698 995; x_wconf 53' lang='lat' dir='ltr'><strong>fcum</strong></span> <span class='ocrx_word' id='word_1_49' title='bbox 1722 918 1858 996; x_wconf 48' lang='lat' dir='ltr'><strong>,fide</strong></span> <span class='ocrx_word' id='word_1_50' title='bbox 1887 917 2052 978; x_wconf 81' lang='lat' dir='ltr'><strong>audit</strong></span> 
     </span>
    </p>
   </div>
   <div class='ocr_carea' id='block_1_10' title="bbox 395 1007 2052 1091">
    <p class='ocr_par' dir='ltr' id='par_1_10' title="bbox 395 1007 2052 1091">
     <span class='ocr_line' id='line_1_10' title="bbox 395 1007 2052 1091; baseline -0.002 -21"><span class='ocrx_word' id='word_1_51' title='bbox 395 1017 455 1071; x_wconf 86' lang='lat' dir='ltr'><strong>et</strong></span> <span class='ocrx_word' id='word_1_52' title='bbox 483 1011 557 1072; x_wconf 85' lang='lat' dir='ltr'><strong>ad</strong></span> <span class='ocrx_word' id='word_1_53' title='bbox 588 1030 844 1090; x_wconf 91' lang='lat' dir='ltr'><strong>unguem</strong></span> <span class='ocrx_word' id='word_1_54' title='bbox 867 1029 935 1072; x_wconf 86' lang='lat' dir='ltr'><strong>ea</strong></span> <span class='ocrx_word' id='word_1_55' title='bbox 966 1010 1329 1091; x_wconf 85' lang='lat' dir='ltr'><strong>exsequitur,</strong></span> <span class='ocrx_word' id='word_1_56' title='bbox 1353 1018 1412 1071; x_wconf 89' lang='lat' dir='ltr'><strong>et</strong></span> <span class='ocrx_word' id='word_1_57' title='bbox 1443 1011 1595 1072; x_wconf 92' lang='lat' dir='ltr'><strong>hanc</strong></span> <span class='ocrx_word' id='word_1_58' title='bbox 1628 1027 1828 1071; x_wconf 89' lang='lat' dir='ltr'><strong>veram</strong></span> <span class='ocrx_word' id='word_1_59' title='bbox 1862 1007 2052 1088; x_wconf 70' lang='lat' dir='ltr'><strong>pani-</strong></span> 
     </span>
    </p>
   </div>
   <div class='ocr_carea' id='block_1_11' title="bbox 396 1099 2046 1180">
    <p class='ocr_par' dir='ltr' id='par_1_11' title="bbox 396 1099 2046 1180">
     <span class='ocr_line' id='line_1_11' title="bbox 396 1099 2046 1180; baseline -0.003 -19"><span class='ocrx_word' id='word_1_60' title='bbox 396 1099 597 1162; x_wconf 90' lang='lat' dir='ltr'><strong>tentia</strong></span> <span class='ocrx_word' id='word_1_61' title='bbox 625 1100 940 1179; x_wconf 87' lang='lat' dir='ltr'><strong>imaginem</strong></span> <span class='ocrx_word' id='word_1_62' title='bbox 959 1100 1543 1180; x_wconf 88' lang='lat' dir='ltr'><strong>descriptionemque</strong></span> <span class='ocrx_word' id='word_1_63' title='bbox 1563 1099 1849 1178; x_wconf 83' lang='lat' dir='ltr'><strong>imitatur,</strong></span> <span class='ocrx_word' id='word_1_64' title='bbox 1873 1115 2046 1177; x_wconf 89' lang='lat' dir='ltr'><strong>quam</strong></span> 
     </span>
    </p>
   </div>
   <div class='ocr_carea' id='block_1_12' title="bbox 394 1185 2052 1270">
    <p class='ocr_par' dir='ltr' id='par_1_12' title="bbox 394 1185 2052 1270">
     <span class='ocr_line' id='line_1_12' title="bbox 394 1185 2052 1270; baseline -0.002 -21"><span class='ocrx_word' id='word_1_65' title='bbox 394 1189 559 1270; x_wconf 91' lang='lat' dir='ltr'><strong>prius</strong></span> <span class='ocrx_word' id='word_1_66' title='bbox 581 1189 774 1269; x_wconf 81' lang='lat' dir='ltr'><strong>praxis</strong></span> <span class='ocrx_word' id='word_1_67' title='bbox 792 1196 993 1250; x_wconf 87' lang='lat' dir='ltr'><strong>nostra</strong></span> <span class='ocrx_word' id='word_1_68' title='bbox 1014 1187 1300 1268; x_wconf 86' lang='lat' dir='ltr'><strong>implevit,</strong></span> <span class='ocrx_word' id='word_1_69' title='bbox 1334 1188 1712 1268; x_wconf 91' lang='lat' dir='ltr'><strong>postmodum</strong></span> <span class='ocrx_word' id='word_1_70' title='bbox 1751 1185 2052 1266; x_wconf 84' lang='lat' dir='ltr'><strong>Scriptura</strong></span> 
     </span>
    </p>
   </div>
   <div class='ocr_carea' id='block_1_13' title="bbox 392 1275 2050 1353">
    <p class='ocr_par' dir='ltr' id='par_1_13' title="bbox 392 1275 2050 1353">
     <span class='ocr_line' id='line_1_13' title="bbox 392 1275 2050 1353; baseline -0.001 -17"><span class='ocrx_word' id='word_1_71' title='bbox 392 1276 588 1338; x_wconf 86' lang='lat' dir='ltr'><strong>verbis</strong></span> <span class='ocrx_word' id='word_1_72' title='bbox 606 1276 926 1340; x_wconf 82' lang='lat' dir='ltr'><strong>commisit.</strong></span> <span class='ocrx_word' id='word_1_73' title='bbox 948 1275 1094 1338; x_wconf 90' lang='lat' dir='ltr'><strong>Nam</strong></span> <span class='ocrx_word' id='word_1_74' title='bbox 1125 1296 1260 1338; x_wconf 92' lang='lat' dir='ltr'><strong>cum</strong></span> <span class='ocrx_word' id='word_1_75' title='bbox 1287 1276 1443 1338; x_wconf 92' lang='lat' dir='ltr'><strong>bona</strong></span> <span class='ocrx_word' id='word_1_76' title='bbox 1469 1276 1861 1349; x_wconf 74' lang='lat' dir='ltr'><strong>intellectum,</strong></span> <span class='ocrx_word' id='word_1_77' title='bbox 1890 1275 2050 1353; x_wconf 87' lang='lat' dir='ltr'><strong>cogi-</strong></span> 
     </span>
    </p>
   </div>
   <div class='ocr_carea' id='block_1_14' title="bbox 394 1365 2048 1446">
    <p class='ocr_par' dir='ltr' id='par_1_14' title="bbox 394 1365 2048 1446">
     <span class='ocr_line' id='line_1_14' title="bbox 394 1365 2048 1446; baseline -0.001 -18"><span class='ocrx_word' id='word_1_78' title='bbox 394 1367 703 1441; x_wconf 87' lang='lat' dir='ltr'><strong>tationem,</strong></span> <span class='ocrx_word' id='word_1_79' title='bbox 745 1385 1088 1428; x_wconf 90' lang='lat' dir='ltr'><strong>sermonem</strong></span> <span class='ocrx_word' id='word_1_80' title='bbox 1134 1367 1474 1446; x_wconf 84' lang='lat' dir='ltr'><strong>superantia</strong></span> <span class='ocrx_word' id='word_1_81' title='bbox 1516 1366 1826 1444; x_wconf 75' lang='lat' dir='ltr'><strong>invrnerit,</strong></span> <span class='ocrx_word' id='word_1_82' title='bbox 1864 1365 2048 1426; x_wconf 90' lang='lat' dir='ltr'><strong>mise-</strong></span> 
     </span>
    </p>
   </div>
   <div class='ocr_carea' id='block_1_15' title="bbox 391 1446 2052 1528">
    <p class='ocr_par' dir='ltr' id='par_1_15' title="bbox 391 1446 2052 1528">
     <span class='ocr_line' id='line_1_15' title="bbox 391 1446 2052 1528; baseline -0.002 -20"><span class='ocrx_word' id='word_1_83' title='bbox 391 1465 515 1508; x_wconf 89' lang='lat' dir='ltr'><strong>ram</strong></span> <span class='ocrx_word' id='word_1_84' title='bbox 551 1465 789 1508; x_wconf 91' lang='lat' dir='ltr'><strong>manum</strong></span> <span class='ocrx_word' id='word_1_85' title='bbox 825 1465 1040 1521; x_wconf 89' lang='lat' dir='ltr'><strong>meam,</strong></span> <span class='ocrx_word' id='word_1_86' title='bbox 1067 1465 1197 1528; x_wconf 90' lang='lat' dir='ltr'><strong>qua</strong></span> <span class='ocrx_word' id='word_1_87' title='bbox 1221 1448 1332 1508; x_wconf 91' lang='lat' dir='ltr'><strong>hoc</strong></span> <span class='ocrx_word' id='word_1_88' title='bbox 1354 1447 1621 1526; x_wconf 84' lang='lat' dir='ltr'><strong>scripsit,</strong></span> <span class='ocrx_word' id='word_1_89' title='bbox 1658 1446 1892 1507; x_wconf 85' lang='lat' dir='ltr'><strong>beatam</strong></span> <span class='ocrx_word' id='word_1_90' title='bbox 1926 1463 2052 1524; x_wconf 83' lang='lat' dir='ltr'><strong>pro-</strong></span> 
     </span>
    </p>
   </div>
   <div class='ocr_carea' id='block_1_16' title="bbox 2133 560 3784 642">
    <p class='ocr_par' dir='ltr' id='par_1_16' title="bbox 2133 560 3784 642">
     <span class='ocr_line' id='line_1_16' title="bbox 2133 560 3784 642; baseline 0.002 -22"><span class='ocrx_word' id='word_1_91' title='bbox 2133 560 2322 620; x_wconf 91' lang='lat' dir='ltr'><strong>rimus</strong></span> <span class='ocrx_word' id='word_1_92' title='bbox 2376 560 2704 641; x_wconf 85' lang='lat' dir='ltr'><strong>voluptates</strong></span> <span class='ocrx_word' id='word_1_93' title='bbox 2753 562 2970 636; x_wconf 87' lang='lat' dir='ltr'><strong>carnis,</strong></span> <span class='ocrx_word' id='word_1_94' title='bbox 3037 562 3446 642; x_wconf 85' lang='lat' dir='ltr'><strong>jucunditates</strong></span> <span class='ocrx_word' id='word_1_95' title='bbox 3489 563 3784 642; x_wconf 88' lang='lat' dir='ltr'><strong>corporis,</strong></span> 
     </span>
    </p>
   </div>
   <div class='ocr_carea' id='block_1_17' title="bbox 2133 647 3782 732">
    <p class='ocr_par' dir='ltr' id='par_1_17' title="bbox 2133 647 3782 732">
     <span class='ocr_line' id='line_1_17' title="bbox 2133 647 3782 732; baseline 0.002 -24"><span class='ocrx_word' id='word_1_96' title='bbox 2133 647 2595 723; x_wconf 89' lang='lat' dir='ltr'><strong>oblectamenta,</strong></span> <span class='ocrx_word' id='word_1_97' title='bbox 2620 657 2677 710; x_wconf 91' lang='lat' dir='ltr'><strong>et</strong></span> <span class='ocrx_word' id='word_1_98' title='bbox 2698 651 2906 722; x_wconf 91' lang='lat' dir='ltr'><strong>otium,</strong></span> <span class='ocrx_word' id='word_1_99' title='bbox 2930 670 3179 731; x_wconf 90' lang='lat' dir='ltr'><strong>perqua</strong></span> <span class='ocrx_word' id='word_1_100' title='bbox 3197 652 3353 732; x_wconf 92' lang='lat' dir='ltr'><strong>quod</strong></span> <span class='ocrx_word' id='word_1_101' title='bbox 3378 651 3644 713; x_wconf 89' lang='lat' dir='ltr'><strong>deterius</strong></span> <span class='ocrx_word' id='word_1_102' title='bbox 3671 661 3782 726; x_wconf 90' lang='lat' dir='ltr'><strong>est,</strong></span> 
     </span>
    </p>
   </div>
   <div class='ocr_carea' id='block_1_18' title="bbox 2133 736 3788 820">
    <p class='ocr_par' dir='ltr' id='par_1_18' title="bbox 2133 736 3788 820">
     <span class='ocr_line' id='line_1_18' title="bbox 2133 736 3788 820; baseline 0.002 -24"><span class='ocrx_word' id='word_1_103' title='bbox 2133 736 2347 816; x_wconf 89' lang='lat' dir='ltr'><strong>potiori</strong></span> <span class='ocrx_word' id='word_1_104' title='bbox 2375 738 2668 816; x_wconf 86' lang='lat' dir='ltr'><strong>pravalet,</strong></span> <span class='ocrx_word' id='word_1_105' title='bbox 2695 745 2752 800; x_wconf 89' lang='lat' dir='ltr'><strong>et</strong></span> <span class='ocrx_word' id='word_1_106' title='bbox 2790 741 2970 819; x_wconf 83' lang='lat' dir='ltr'><strong>agite,</strong></span> <span class='ocrx_word' id='word_1_107' title='bbox 3019 740 3413 820; x_wconf 90' lang='lat' dir='ltr'><strong>suscipiamus</strong></span> <span class='ocrx_word' id='word_1_108' title='bbox 3442 739 3620 800; x_wconf 79' lang='lat' dir='ltr'><strong>fidem</strong></span> <span class='ocrx_word' id='word_1_109' title='bbox 3655 742 3788 800; x_wconf 90' lang='lat' dir='ltr'><strong>sin-</strong></span> 
     </span>
    </p>
   </div>
   <div class='ocr_carea' id='block_1_19' title="bbox 2133 824 3790 907">
    <p class='ocr_par' dir='ltr' id='par_1_19' title="bbox 2133 824 3790 907">
     <span class='ocr_line' id='line_1_19' title="bbox 2133 824 3790 907; baseline 0.002 -24"><span class='ocrx_word' id='word_1_110' title='bbox 2133 842 2329 884; x_wconf 90' lang='lat' dir='ltr'><strong>ceram</strong></span> <span class='ocrx_word' id='word_1_111' title='bbox 2363 842 2499 901; x_wconf 82' lang='lat' dir='ltr'><strong>erga</strong></span> <span class='ocrx_word' id='word_1_112' title='bbox 2531 824 2738 898; x_wconf 91' lang='lat' dir='ltr'><strong>Deum,</strong></span> <span class='ocrx_word' id='word_1_113' title='bbox 2790 835 2848 888; x_wconf 78' lang='lat' dir='ltr'><strong>et</strong></span> <span class='ocrx_word' id='word_1_114' title='bbox 2898 827 2997 907; x_wconf 90' lang='lat' dir='ltr'><strong>qui</strong></span> <span class='ocrx_word' id='word_1_115' title='bbox 3047 828 3374 889; x_wconf 87' lang='lat' dir='ltr'><strong>secundum</strong></span> <span class='ocrx_word' id='word_1_116' title='bbox 3432 830 3619 891; x_wconf 90' lang='lat' dir='ltr'><strong>Deum</strong></span> <span class='ocrx_word' id='word_1_117' title='bbox 3650 834 3790 888; x_wconf 90' lang='lat' dir='ltr'><strong>sunt</strong></span> 
     </span>
    </p>
   </div>
   <div class='ocr_carea' id='block_1_20' title="bbox 2133 914 3786 990">
    <p class='ocr_par' dir='ltr' id='par_1_20' title="bbox 2133 914 3786 990">
     <span class='ocr_line' id='line_1_20' title="bbox 2133 914 3786 990; baseline 0.003 -18"><span class='ocrx_word' id='word_1_118' title='bbox 2133 920 2326 990; x_wconf 90' lang='lat' dir='ltr'><strong>patres</strong></span> <span class='ocrx_word' id='word_1_119' title='bbox 2357 933 2424 974; x_wconf 87' lang='lat' dir='ltr'><strong>ac</strong></span> <span class='ocrx_word' id='word_1_120' title='bbox 2454 914 2669 977; x_wconf 80' lang='lat' dir='ltr'><strong>fratres</strong></span> <span class='ocrx_word' id='word_1_121' title='bbox 2694 915 2901 977; x_wconf 91' lang='lat' dir='ltr'><strong>nostri.</strong></span> <span class='ocrx_word' id='word_1_122' title='bbox 2963 916 3382 980; x_wconf 90' lang='lat' dir='ltr'><strong>Possideamus</strong></span> <span class='ocrx_word' id='word_1_123' title='bbox 3421 937 3525 979; x_wconf 94' lang='lat' dir='ltr'><strong>cor</strong></span> <span class='ocrx_word' id='word_1_124' title='bbox 3555 917 3786 978; x_wconf 89' lang='lat' dir='ltr'><strong>contri-</strong></span> 
     </span>
    </p>
   </div>
   <div class='ocr_carea' id='block_1_21' title="bbox 2133 1003 3783 1087">
    <p class='ocr_par' dir='ltr' id='par_1_21' title="bbox 2133 1003 3783 1087">
     <span class='ocr_line' id='line_1_21' title="bbox 2133 1003 3783 1087; baseline 0.004 -26"><span class='ocrx_word' id='word_1_125' title='bbox 2133 1008 2254 1062; x_wconf 92' lang='lat' dir='ltr'><strong>tum</strong></span> <span class='ocrx_word' id='word_1_126' title='bbox 2289 1010 2346 1064; x_wconf 91' lang='lat' dir='ltr'><strong>et</strong></span> <span class='ocrx_word' id='word_1_127' title='bbox 2399 1003 2774 1065; x_wconf 79' lang='lat' dir='ltr'><strong>humiliatum</strong></span> <span class='ocrx_word' id='word_1_128' title='bbox 2805 1004 3015 1067; x_wconf 91' lang='lat' dir='ltr'><strong>anima</strong></span> <span class='ocrx_word' id='word_1_129' title='bbox 3035 1005 3333 1087; x_wconf 90' lang='lat' dir='ltr'><strong>spiritum,</strong></span> <span class='ocrx_word' id='word_1_130' title='bbox 3366 1014 3423 1069; x_wconf 90' lang='lat' dir='ltr'><strong>et</strong></span> <span class='ocrx_word' id='word_1_131' title='bbox 3445 1026 3552 1087; x_wconf 90' lang='lat' dir='ltr'><strong>per</strong></span> <span class='ocrx_word' id='word_1_132' title='bbox 3590 1005 3783 1087; x_wconf 87' lang='lat' dir='ltr'><strong>poeni-</strong></span> 
     </span>
    </p>
   </div>
   <div class='ocr_carea' id='block_1_22' title="bbox 2133 1091 3781 1175">
    <p class='ocr_par' dir='ltr' id='par_1_22' title="bbox 2133 1091 3781 1175">
     <span class='ocr_line' id='line_1_22' title="bbox 2133 1091 3781 1175; baseline 0.004 -25"><span class='ocrx_word' id='word_1_133' title='bbox 2133 1091 2397 1165; x_wconf 89' lang='lat' dir='ltr'><strong>tentiam,</strong></span> <span class='ocrx_word' id='word_1_134' title='bbox 2435 1101 2491 1152; x_wconf 89' lang='lat' dir='ltr'><strong>et</strong></span> <span class='ocrx_word' id='word_1_135' title='bbox 2522 1093 2810 1172; x_wconf 71' lang='lat' dir='ltr'><strong>lacrymas</strong></span> <span class='ocrx_word' id='word_1_136' title='bbox 2837 1113 2936 1154; x_wconf 91' lang='lat' dir='ltr'><strong>cor</strong></span> <span class='ocrx_word' id='word_1_137' title='bbox 2968 1113 3180 1175; x_wconf 89' lang='lat' dir='ltr'><strong>purum</strong></span> <span class='ocrx_word' id='word_1_138' title='bbox 3227 1094 3301 1156; x_wconf 88' lang='lat' dir='ltr'><strong>ab</strong></span> <span class='ocrx_word' id='word_1_139' title='bbox 3327 1096 3491 1157; x_wconf 92' lang='lat' dir='ltr'><strong>omni</strong></span> <span class='ocrx_word' id='word_1_140' title='bbox 3523 1095 3781 1172; x_wconf 89' lang='lat' dir='ltr'><strong>macula,</strong></span> 
     </span>
    </p>
   </div>
   <div class='ocr_carea' id='block_1_23' title="bbox 2135 1180 3784 1265">
    <p class='ocr_par' dir='ltr' id='par_1_23' title="bbox 2135 1180 3784 1265">
     <span class='ocr_line' id='line_1_23' title="bbox 2135 1180 3784 1265; baseline 0.003 -25"><span class='ocrx_word' id='word_1_141' title='bbox 2135 1188 2192 1240; x_wconf 92' lang='lat' dir='ltr'><strong>et</strong></span> <span class='ocrx_word' id='word_1_142' title='bbox 2220 1180 2353 1242; x_wconf 85' lang='lat' dir='ltr'><strong>labe</strong></span> <span class='ocrx_word' id='word_1_143' title='bbox 2382 1183 2633 1263; x_wconf 85' lang='lat' dir='ltr'><strong>peccati,</strong></span> <span class='ocrx_word' id='word_1_144' title='bbox 2670 1193 2730 1244; x_wconf 90' lang='lat' dir='ltr'><strong>ut</strong></span> <span class='ocrx_word' id='word_1_145' title='bbox 2763 1183 2939 1244; x_wconf 91' lang='lat' dir='ltr'><strong>etiam</strong></span> <span class='ocrx_word' id='word_1_146' title='bbox 2985 1185 3284 1264; x_wconf 90' lang='lat' dir='ltr'><strong>possimus</strong></span> <span class='ocrx_word' id='word_1_147' title='bbox 3317 1185 3632 1265; x_wconf 90' lang='lat' dir='ltr'><strong>pervenire</strong></span> <span class='ocrx_word' id='word_1_148' title='bbox 3667 1185 3784 1246; x_wconf 91' lang='lat' dir='ltr'><strong>ali-</strong></span> 
     </span>
    </p>
   </div>
   <div class='ocr_carea' id='block_1_24' title="bbox 2134 1271 3784 1356">
    <p class='ocr_par' dir='ltr' id='par_1_24' title="bbox 2134 1271 3784 1356">
     <span class='ocr_line' id='line_1_24' title="bbox 2134 1271 3784 1356; baseline 0.002 -26"><span class='ocrx_word' id='word_1_149' title='bbox 2134 1272 2367 1350; x_wconf 80' lang='lat' dir='ltr'><strong>quando</strong></span> <span class='ocrx_word' id='word_1_150' title='bbox 2417 1271 2488 1332; x_wconf 87' lang='lat' dir='ltr'><strong>ad</strong></span> <span class='ocrx_word' id='word_1_151' title='bbox 2539 1273 3026 1351; x_wconf 85' lang='lat' dir='ltr'><strong>compendiosam</strong></span> <span class='ocrx_word' id='word_1_152' title='bbox 3077 1292 3418 1335; x_wconf 90' lang='lat' dir='ltr'><strong>mensuram</strong></span> <span class='ocrx_word' id='word_1_153' title='bbox 3461 1273 3784 1356; x_wconf 91' lang='lat' dir='ltr'><strong>spiritualis</strong></span> 
     </span>
    </p>
   </div>
   <div class='ocr_carea' id='block_1_25' title="bbox 2133 1359 3784 1445">
    <p class='ocr_par' dir='ltr' id='par_1_25' title="bbox 2133 1359 3784 1445">
     <span class='ocr_line' id='line_1_25' title="bbox 2133 1359 3784 1445; baseline 0.004 -27"><span class='ocrx_word' id='word_1_154' title='bbox 2133 1360 2342 1432; x_wconf 89' lang='lat' dir='ltr'><strong>atatis,</strong></span> <span class='ocrx_word' id='word_1_155' title='bbox 2367 1368 2424 1421; x_wconf 92' lang='lat' dir='ltr'><strong>et</strong></span> <span class='ocrx_word' id='word_1_156' title='bbox 2457 1359 2658 1421; x_wconf 88' lang='lat' dir='ltr'><strong>videre</strong></span> <span class='ocrx_word' id='word_1_157' title='bbox 2683 1379 2752 1422; x_wconf 88' lang='lat' dir='ltr'><strong>ac</strong></span> <span class='ocrx_word' id='word_1_158' title='bbox 2783 1361 2896 1422; x_wconf 82' lang='lat' dir='ltr'><strong>frui</strong></span> <span class='ocrx_word' id='word_1_159' title='bbox 2946 1361 3118 1424; x_wconf 92' lang='lat' dir='ltr'><strong>bonis</strong></span> <span class='ocrx_word' id='word_1_160' title='bbox 3163 1362 3588 1445; x_wconf 78' lang='lat' dir='ltr'><strong>ineffabilibus,</strong></span> <span class='ocrx_word' id='word_1_161' title='bbox 3615 1363 3784 1424; x_wconf 90' lang='lat' dir='ltr'><strong>inde-</strong></span> 
     </span>
    </p>
   </div>
   <div class='ocr_carea' id='block_1_26' title="bbox 2138 1447 3782 1530">
    <p class='ocr_par' dir='ltr' id='par_1_26' title="bbox 2138 1447 3782 1530">
     <span class='ocr_line' id='line_1_26' title="bbox 2138 1447 3782 1530; baseline 0.003 -23"><span class='ocrx_word' id='word_1_162' title='bbox 2138 1466 2253 1527; x_wconf 92' lang='lat' dir='ltr'><strong>que</strong></span> <span class='ocrx_word' id='word_1_163' title='bbox 2273 1447 3020 1530; x_wconf 84' lang='lat' dir='ltr'><strong>divinolumine,quamvis</strong></span> <span class='ocrx_word' id='word_1_164' title='bbox 3053 1470 3171 1512; x_wconf 92' lang='lat' dir='ltr'><strong>non</strong></span> <span class='ocrx_word' id='word_1_165' title='bbox 3204 1460 3634 1526; x_wconf 90' lang='lat' dir='ltr'><strong>consummate,</strong></span> <span class='ocrx_word' id='word_1_166' title='bbox 3674 1451 3782 1513; x_wconf 89' lang='lat' dir='ltr'><strong>sed</strong></span> 
     </span>
    </p>
   </div>
   <div class='ocr_carea' id='block_1_27' title="bbox 389 1533 3783 1621">
    <p class='ocr_par' dir='ltr' id='par_1_27' title="bbox 389 1533 3783 1621">
     <span class='ocr_line' id='line_1_27' title="bbox 389 1533 3783 1621; baseline 0.001 -25"><span class='ocrx_word' id='word_1_167' title='bbox 389 1535 709 1617; x_wconf 89' lang='lat' dir='ltr'><strong>nuntiabit,</strong></span> <span class='ocrx_word' id='word_1_168' title='bbox 733 1547 791 1597; x_wconf 91' lang='lat' dir='ltr'><strong>et</strong></span> <span class='ocrx_word' id='word_1_169' title='bbox 812 1535 1285 1604; x_wconf 86' lang='lat' dir='ltr'><strong>misericordem,</strong></span> <span class='ocrx_word' id='word_1_170' title='bbox 1313 1536 1631 1616; x_wconf 87' lang='lat' dir='ltr'><strong>multaque</strong></span> <span class='ocrx_word' id='word_1_171' title='bbox 1653 1533 2054 1596; x_wconf 89' lang='lat' dir='ltr'><strong>miserationis</strong></span> <span class='ocrx_word' id='word_1_172' title='bbox 2139 1553 2210 1596; x_wconf 86' lang='lat' dir='ltr'><strong>ex</strong></span> <span class='ocrx_word' id='word_1_173' title='bbox 2242 1545 2430 1616; x_wconf 87' lang='lat' dir='ltr'><strong>parte,</strong></span> <span class='ocrx_word' id='word_1_174' title='bbox 2463 1547 2519 1597; x_wconf 89' lang='lat' dir='ltr'><strong>et</strong></span> <span class='ocrx_word' id='word_1_175' title='bbox 2552 1557 2655 1620; x_wconf 90' lang='lat' dir='ltr'><strong>pro</strong></span> <span class='ocrx_word' id='word_1_176' title='bbox 2684 1548 2855 1618; x_wconf 88' lang='lat' dir='ltr'><strong>captu</strong></span> <span class='ocrx_word' id='word_1_177' title='bbox 2889 1549 3113 1616; x_wconf 89' lang='lat' dir='ltr'><strong>nostro,</strong></span> <span class='ocrx_word' id='word_1_178' title='bbox 3166 1541 3494 1602; x_wconf 90' lang='lat' dir='ltr'><strong>secundum</strong></span> <span class='ocrx_word' id='word_1_179' title='bbox 3530 1558 3783 1621; x_wconf 92' lang='lat' dir='ltr'><strong>propor-</strong></span> 
     </span>
    </p>
   </div>
   <div class='ocr_carea' id='block_1_28' title="bbox 391 1623 2051 1704">
    <p class='ocr_par' dir='ltr' id='par_1_28' title="bbox 391 1623 2051 1704">
     <span class='ocr_line' id='line_1_28' title="bbox 391 1623 2051 1704; baseline -0.003 -16"><span class='ocrx_word' id='word_1_180' title='bbox 391 1623 708 1688; x_wconf 90' lang='lat' dir='ltr'><strong>Dominum</strong></span> <span class='ocrx_word' id='word_1_181' title='bbox 745 1623 1114 1704; x_wconf 85' lang='lat' dir='ltr'><strong>pradicabit,</strong></span> <span class='ocrx_word' id='word_1_182' title='bbox 1160 1625 1262 1704; x_wconf 90' lang='lat' dir='ltr'><strong>qui</strong></span> <span class='ocrx_word' id='word_1_183' title='bbox 1295 1643 1400 1704; x_wconf 89' lang='lat' dir='ltr'><strong>per</strong></span> <span class='ocrx_word' id='word_1_184' title='bbox 1431 1625 1691 1703; x_wconf 76' lang='lat' dir='ltr'><strong>linguam</strong></span> <span class='ocrx_word' id='word_1_185' title='bbox 1725 1623 2051 1692; x_wconf 78' lang='lat' dir='ltr'><strong>sordidam,</strong></span> 
     </span>
    </p>
   </div>
   <div class='ocr_carea' id='block_1_29' title="bbox 2140 1625 3780 1707">
    <p class='ocr_par' dir='ltr' id='par_1_29' title="bbox 2140 1625 3780 1707">
     <span class='ocr_line' id='line_1_29' title="bbox 2140 1625 3780 1707; baseline 0.004 -23"><span class='ocrx_word' id='word_1_186' title='bbox 2140 1625 2364 1687; x_wconf 86' lang='lat' dir='ltr'><strong>tionem</strong></span> <span class='ocrx_word' id='word_1_187' title='bbox 2395 1627 2686 1707; x_wconf 81' lang='lat' dir='ltr'><strong>puritatis,</strong></span> <span class='ocrx_word' id='word_1_188' title='bbox 2716 1637 2774 1690; x_wconf 90' lang='lat' dir='ltr'><strong>et</strong></span> <span class='ocrx_word' id='word_1_189' title='bbox 2805 1628 3159 1690; x_wconf 88' lang='lat' dir='ltr'><strong>innocentia</strong></span> <span class='ocrx_word' id='word_1_190' title='bbox 3213 1638 3450 1693; x_wconf 87' lang='lat' dir='ltr'><strong>nostra.</strong></span> <span class='ocrx_word' id='word_1_191' title='bbox 3503 1631 3600 1692; x_wconf 84' lang='lat' dir='ltr'><strong>Sic</strong></span> <span class='ocrx_word' id='word_1_192' title='bbox 3623 1630 3780 1690; x_wconf 89' lang='lat' dir='ltr'><strong>enim</strong></span> 
     </span>
    </p>
   </div>
   <div class='ocr_carea' id='block_1_30' title="bbox 389 1711 3784 1796">
    <p class='ocr_par' dir='ltr' id='par_1_30' title="bbox 389 1711 3784 1796">
     <span class='ocr_line' id='line_1_30' title="bbox 389 1711 3784 1796; baseline 0.001 -21"><span class='ocrx_word' id='word_1_193' title='bbox 389 1723 448 1775; x_wconf 89' lang='lat' dir='ltr'><strong>et</strong></span> <span class='ocrx_word' id='word_1_194' title='bbox 476 1713 874 1788; x_wconf 90' lang='lat' dir='ltr'><strong>immundam,</strong></span> <span class='ocrx_word' id='word_1_195' title='bbox 912 1721 1048 1774; x_wconf 91' lang='lat' dir='ltr'><strong>etos</strong></span> <span class='ocrx_word' id='word_1_196' title='bbox 1096 1712 1398 1793; x_wconf 89' lang='lat' dir='ltr'><strong>impurum</strong></span> <span class='ocrx_word' id='word_1_197' title='bbox 1427 1713 1552 1774; x_wconf 89' lang='lat' dir='ltr'><strong>hac</strong></span> <span class='ocrx_word' id='word_1_198' title='bbox 1590 1711 1884 1792; x_wconf 91' lang='lat' dir='ltr'><strong>scriptura</strong></span> <span class='ocrx_word' id='word_1_199' title='bbox 1909 1732 2054 1773; x_wconf 91' lang='lat' dir='ltr'><strong>con-</strong></span> <span class='ocrx_word' id='word_1_200' title='bbox 2081 1769 2114 1796; x_wconf 66' lang='grc' dir='ltr'><strong>η</strong></span> <span class='ocrx_word' id='word_1_201' title='bbox 2141 1722 2200 1775; x_wconf 91' lang='lat' dir='ltr'><strong>et</strong></span> <span class='ocrx_word' id='word_1_202' title='bbox 2229 1733 2335 1775; x_wconf 90' lang='lat' dir='ltr'><strong>nos</strong></span> <span class='ocrx_word' id='word_1_203' title='bbox 2357 1716 2629 1776; x_wconf 87' lang='lat' dir='ltr'><strong>uniemus</strong></span> <span class='ocrx_word' id='word_1_204' title='bbox 2678 1716 2820 1792; x_wconf 90' lang='lat' dir='ltr'><strong>Deo,</strong></span> <span class='ocrx_word' id='word_1_205' title='bbox 2876 1727 2934 1778; x_wconf 88' lang='lat' dir='ltr'><strong>et</strong></span> <span class='ocrx_word' id='word_1_206' title='bbox 2976 1717 3134 1779; x_wconf 79' lang='lat' dir='ltr'><strong>Deus</strong></span> <span class='ocrx_word' id='word_1_207' title='bbox 3190 1719 3430 1780; x_wconf 90' lang='lat' dir='ltr'><strong>unietur</strong></span> <span class='ocrx_word' id='word_1_208' title='bbox 3489 1718 3686 1796; x_wconf 86' lang='lat' dir='ltr'><strong>nobis,</strong></span> <span class='ocrx_word' id='word_1_209' title='bbox 3725 1727 3784 1780; x_wconf 90' lang='lat' dir='ltr'><strong>et</strong></span> 
     </span>
    </p>
   </div>
   <div class='ocr_carea' id='block_1_31' title="bbox 393 1800 2052 1885">
    <p class='ocr_par' dir='ltr' id='par_1_31' title="bbox 393 1800 2052 1885">
     <span class='ocr_line' id='line_1_31' title="bbox 393 1800 2052 1885; baseline -0.001 -21"><span class='ocrx_word' id='word_1_210' title='bbox 393 1802 668 1883; x_wconf 83' lang='lat' dir='ltr'><strong>signavit,</strong></span> <span class='ocrx_word' id='word_1_211' title='bbox 694 1803 767 1864; x_wconf 89' lang='lat' dir='ltr'><strong>ad</strong></span> <span class='ocrx_word' id='word_1_212' title='bbox 794 1804 1129 1881; x_wconf 85' lang='lat' dir='ltr'><strong>exemplum</strong></span> <span class='ocrx_word' id='word_1_213' title='bbox 1155 1802 1558 1863; x_wconf 89' lang='lat' dir='ltr'><strong>conversionis</strong></span> <span class='ocrx_word' id='word_1_214' title='bbox 1583 1811 1643 1862; x_wconf 90' lang='lat' dir='ltr'><strong>et</strong></span> <span class='ocrx_word' id='word_1_215' title='bbox 1668 1800 2052 1885; x_wconf 67' lang='lat' dir='ltr'><strong>poenitentia,</strong></span> 
     </span>
    </p>
   </div>
   <div class='ocr_carea' id='block_1_32' title="bbox 2140 1804 3782 1882">
    <p class='ocr_par' dir='ltr' id='par_1_32' title="bbox 2140 1804 3782 1882">
     <span class='ocr_line' id='line_1_32' title="bbox 2140 1804 3782 1882; baseline 0.004 -19"><span class='ocrx_word' id='word_1_216' title='bbox 2140 1804 2571 1866; x_wconf 86' lang='lat' dir='ltr'><strong>consuetudine</strong></span> <span class='ocrx_word' id='word_1_217' title='bbox 2602 1813 2799 1867; x_wconf 90' lang='lat' dir='ltr'><strong>nostra</strong></span> <span class='ocrx_word' id='word_1_218' title='bbox 2855 1807 3158 1869; x_wconf 86' lang='lat' dir='ltr'><strong>utentibus</strong></span> <span class='ocrx_word' id='word_1_219' title='bbox 3199 1809 3425 1872; x_wconf 82' lang='lat' dir='ltr'><strong>erimus</strong></span> <span class='ocrx_word' id='word_1_220' title='bbox 3466 1809 3689 1882; x_wconf 89' lang='lat' dir='ltr'><strong>lumen,</strong></span> <span class='ocrx_word' id='word_1_221' title='bbox 3723 1817 3782 1869; x_wconf 92' lang='lat' dir='ltr'><strong>et</strong></span> 
     </span>
    </p>
   </div>
   <div class='ocr_carea' id='block_1_33' title="bbox 389 1891 3780 1971">
    <p class='ocr_par' dir='ltr' id='par_1_33' title="bbox 389 1891 3780 1971">
     <span class='ocr_line' id='line_1_33' title="bbox 389 1891 3780 1971; baseline 0.001 -17"><span class='ocrx_word' id='word_1_222' title='bbox 389 1902 448 1954; x_wconf 92' lang='lat' dir='ltr'><strong>et</strong></span> <span class='ocrx_word' id='word_1_223' title='bbox 475 1893 548 1954; x_wconf 83' lang='lat' dir='ltr'><strong>ad</strong></span> <span class='ocrx_word' id='word_1_224' title='bbox 579 1891 730 1952; x_wconf 90' lang='lat' dir='ltr'><strong>viam</strong></span> <span class='ocrx_word' id='word_1_225' title='bbox 757 1891 1043 1952; x_wconf 89' lang='lat' dir='ltr'><strong>directam</strong></span> <span class='ocrx_word' id='word_1_226' title='bbox 1069 1891 1562 1971; x_wconf 84' lang='lat' dir='ltr'><strong>verissimamque</strong></span> <span class='ocrx_word' id='word_1_227' title='bbox 1603 1908 1810 1952; x_wconf 91' lang='lat' dir='ltr'><strong>eorum</strong></span> <span class='ocrx_word' id='word_1_228' title='bbox 1857 1891 1956 1970; x_wconf 89' lang='lat' dir='ltr'><strong>qui</strong></span> <span class='ocrx_word' id='word_1_229' title='bbox 1982 1911 2050 1952; x_wconf 88' lang='lat' dir='ltr'><strong>ex</strong></span> <span class='ocrx_word' id='word_1_230' title='bbox 2135 1892 2245 1964; x_wconf 89' lang='lat' dir='ltr'><strong>sol,</strong></span> <span class='ocrx_word' id='word_1_231' title='bbox 2280 1893 2350 1952; x_wconf 89' lang='lat' dir='ltr'><strong>ad</strong></span> <span class='ocrx_word' id='word_1_232' title='bbox 2385 1910 2652 1968; x_wconf 83' lang='lat' dir='ltr'><strong>magnam</strong></span> <span class='ocrx_word' id='word_1_233' title='bbox 2686 1911 2789 1954; x_wconf 91' lang='lat' dir='ltr'><strong>eor</strong></span> <span class='ocrx_word' id='word_1_234' title='bbox 2833 1914 2889 1955; x_wconf 92' lang='lat' dir='ltr'><strong>m</strong></span> <span class='ocrx_word' id='word_1_235' title='bbox 2920 1896 3232 1956; x_wconf 89' lang='lat' dir='ltr'><strong>utilitatem</strong></span> <span class='ocrx_word' id='word_1_236' title='bbox 3265 1897 3324 1957; x_wconf 89' lang='lat' dir='ltr'><strong>in</strong></span> <span class='ocrx_word' id='word_1_237' title='bbox 3371 1896 3608 1960; x_wconf 87' lang='lat' dir='ltr'><strong>Christo</strong></span> <span class='ocrx_word' id='word_1_238' title='bbox 3635 1899 3780 1958; x_wconf 86' lang='lat' dir='ltr'><strong>Jesu</strong></span> 
     </span>
    </p>
   </div>
   <div class='ocr_carea' id='block_1_34' title="bbox 384 1979 3776 2066">
    <p class='ocr_par' dir='ltr' id='par_1_34' title="bbox 384 1979 3776 2066">
     <span class='ocr_line' id='line_1_34' title="bbox 384 1979 3776 2066; baseline 0.001 -24"><span class='ocrx_word' id='word_1_239' title='bbox 384 1989 504 2043; x_wconf 88' lang='lat' dir='ltr'><strong>tota</strong></span> <span class='ocrx_word' id='word_1_240' title='bbox 527 1981 726 2042; x_wconf 90' lang='lat' dir='ltr'><strong>anima</strong></span> <span class='ocrx_word' id='word_1_241' title='bbox 748 1979 943 2041; x_wconf 89' lang='lat' dir='ltr'><strong>sanari</strong></span> <span class='ocrx_word' id='word_1_242' title='bbox 970 1981 1427 2060; x_wconf 86' lang='lat' dir='ltr'><strong>concupiscunt,</strong></span> <span class='ocrx_word' id='word_1_243' title='bbox 1464 1987 1521 2041; x_wconf 88' lang='lat' dir='ltr'><strong>et</strong></span> <span class='ocrx_word' id='word_1_244' title='bbox 1544 1998 1790 2056; x_wconf 84' lang='lat' dir='ltr'><strong>regnum</strong></span> <span class='ocrx_word' id='word_1_245' title='bbox 1830 1979 2047 2040; x_wconf 89' lang='lat' dir='ltr'><strong>vitam-</strong></span> <span class='ocrx_word' id='word_1_246' title='bbox 2129 1983 2384 2044; x_wconf 91' lang='lat' dir='ltr'><strong>Domino</strong></span> <span class='ocrx_word' id='word_1_247' title='bbox 2411 1993 2632 2059; x_wconf 89' lang='lat' dir='ltr'><strong>nostro,</strong></span> <span class='ocrx_word' id='word_1_248' title='bbox 2663 2001 2838 2062; x_wconf 92' lang='lat' dir='ltr'><strong>quem</strong></span> <span class='ocrx_word' id='word_1_249' title='bbox 2870 1985 3044 2047; x_wconf 90' lang='lat' dir='ltr'><strong>decet</strong></span> <span class='ocrx_word' id='word_1_250' title='bbox 3079 1984 3273 2046; x_wconf 90' lang='lat' dir='ltr'><strong>omnis</strong></span> <span class='ocrx_word' id='word_1_251' title='bbox 3320 1985 3528 2064; x_wconf 84' lang='lat' dir='ltr'><strong>gloria,</strong></span> <span class='ocrx_word' id='word_1_252' title='bbox 3561 1986 3776 2066; x_wconf 89' lang='lat' dir='ltr'><strong>honor,</strong></span> 
     </span>
    </p>
   </div>
   <div class='ocr_carea' id='block_1_35' title="bbox 383 2067 3776 2151">
    <p class='ocr_par' dir='ltr' id='par_1_35' title="bbox 383 2067 3776 2151">
     <span class='ocr_line' id='line_1_35' title="bbox 383 2067 3776 2151; baseline 0.001 -20"><span class='ocrx_word' id='word_1_253' title='bbox 383 2070 937 2151; x_wconf 70' lang='lat' dir='ltr'><strong>queimmortalem,</strong></span> <span class='ocrx_word' id='word_1_254' title='bbox 960 2087 1026 2130; x_wconf 89' lang='lat' dir='ltr'><strong>ac</strong></span> <span class='ocrx_word' id='word_1_255' title='bbox 1051 2069 1356 2131; x_wconf 73' lang='lat' dir='ltr'><strong>caelestem</strong></span> <span class='ocrx_word' id='word_1_256' title='bbox 1403 2088 1508 2150; x_wconf 92' lang='lat' dir='ltr'><strong>pro</strong></span> <span class='ocrx_word' id='word_1_257' title='bbox 1534 2067 1875 2130; x_wconf 84' lang='lat' dir='ltr'><strong>hareditate</strong></span> <span class='ocrx_word' id='word_1_258' title='bbox 1906 2070 2038 2130; x_wconf 90' lang='lat' dir='ltr'><strong>adi-</strong></span> <span class='ocrx_word' id='word_1_259' title='bbox 2126 2079 2185 2133; x_wconf 89' lang='lat' dir='ltr'><strong>et</strong></span> <span class='ocrx_word' id='word_1_260' title='bbox 2213 2070 2502 2145; x_wconf 89' lang='lat' dir='ltr'><strong>adoratio,</strong></span> <span class='ocrx_word' id='word_1_261' title='bbox 2539 2089 2674 2131; x_wconf 94' lang='lat' dir='ltr'><strong>cum</strong></span> <span class='ocrx_word' id='word_1_262' title='bbox 2713 2076 2881 2134; x_wconf 76' lang='lat' dir='ltr'><strong>l’atre</strong></span> <span class='ocrx_word' id='word_1_263' title='bbox 2905 2081 2962 2134; x_wconf 91' lang='lat' dir='ltr'><strong>et</strong></span> <span class='ocrx_word' id='word_1_264' title='bbox 2993 2073 3391 2149; x_wconf 87' lang='lat' dir='ltr'><strong>sanctissimo,</strong></span> <span class='ocrx_word' id='word_1_265' title='bbox 3449 2074 3776 2136; x_wconf 75' lang='lat' dir='ltr'><strong>ac-vivitico</strong></span> 
     </span>
    </p>
   </div>
   <div class='ocr_carea' id='block_1_36' title="bbox 389 2157 3771 2242">
    <p class='ocr_par' dir='ltr' id='par_1_36' title="bbox 389 2157 3771 2242">
     <span class='ocr_line' id='line_1_36' title="bbox 389 2157 3771 2242; baseline 0.001 -20"><span class='ocrx_word' id='word_1_266' title='bbox 389 2159 505 2222; x_wconf 89' lang='lat' dir='ltr'><strong>turi</strong></span> <span class='ocrx_word' id='word_1_267' title='bbox 535 2166 694 2222; x_wconf 90' lang='lat' dir='ltr'><strong>sunt.</strong></span> <span class='ocrx_word' id='word_1_268' title='bbox 715 2158 1115 2230; x_wconf 82' lang='lat' dir='ltr'><strong>Quamobrem</strong></span> <span class='ocrx_word' id='word_1_269' title='bbox 1139 2177 1280 2237; x_wconf 88' lang='lat' dir='ltr'><strong>rogo</strong></span> <span class='ocrx_word' id='word_1_270' title='bbox 1301 2177 1428 2234; x_wconf 89' lang='lat' dir='ltr'><strong>vos,</strong></span> <span class='ocrx_word' id='word_1_271' title='bbox 1459 2159 1518 2218; x_wconf 92' lang='lat' dir='ltr'><strong>in</strong></span> <span class='ocrx_word' id='word_1_272' title='bbox 1545 2157 1776 2221; x_wconf 87' lang='lat' dir='ltr'><strong>Christo</strong></span> <span class='ocrx_word' id='word_1_273' title='bbox 1806 2157 2041 2240; x_wconf 81' lang='lat' dir='ltr'><strong>fratres,</strong></span> <span class='ocrx_word' id='word_1_274' title='bbox 2129 2159 2374 2240; x_wconf 90' lang='lat' dir='ltr'><strong>Spiritu,</strong></span> <span class='ocrx_word' id='word_1_275' title='bbox 2410 2178 2566 2220; x_wconf 92' lang='lat' dir='ltr'><strong>nunc</strong></span> <span class='ocrx_word' id='word_1_276' title='bbox 2587 2160 2935 2242; x_wconf 61' lang='lat' dir='ltr'><strong>etlsemper,</strong></span> <span class='ocrx_word' id='word_1_277' title='bbox 2971 2173 3028 2224; x_wconf 91' lang='lat' dir='ltr'><strong>et</strong></span> <span class='ocrx_word' id='word_1_278' title='bbox 3059 2163 3116 2223; x_wconf 93' lang='lat' dir='ltr'><strong>in</strong></span> <span class='ocrx_word' id='word_1_279' title='bbox 3179 2164 3394 2224; x_wconf 81' lang='lat' dir='ltr'><strong>saecula</strong></span> <span class='ocrx_word' id='word_1_280' title='bbox 3422 2164 3771 2226; x_wconf 91' lang='lat' dir='ltr'><strong>saculorum</strong></span> 
     </span>
    </p>
   </div>
   <div class='ocr_carea' id='block_1_37' title="bbox 389 2246 2346 2329">
    <p class='ocr_par' dir='ltr' id='par_1_37' title="bbox 389 2246 2346 2329">
     <span class='ocr_line' id='line_1_37' title="bbox 389 2246 2346 2329; baseline 0 -19"><span class='ocrx_word' id='word_1_281' title='bbox 389 2247 853 2329; x_wconf 89' lang='lat' dir='ltr'><strong>proculanobis</strong></span> <span class='ocrx_word' id='word_1_282' title='bbox 906 2265 1146 2309; x_wconf 87' lang='lat' dir='ltr'><strong>omnem</strong></span> <span class='ocrx_word' id='word_1_283' title='bbox 1195 2249 1568 2310; x_wconf 76' lang='lat' dir='ltr'><strong>affectionem</strong></span> <span class='ocrx_word' id='word_1_284' title='bbox 1625 2246 1944 2323; x_wconf 79' lang='lat' dir='ltr'><strong>turbidam,</strong></span> <span class='ocrx_word' id='word_1_285' title='bbox 1989 2256 2047 2309; x_wconf 92' lang='lat' dir='ltr'><strong>et</strong></span> <span class='ocrx_word' id='word_1_286' title='bbox 2128 2251 2346 2311; x_wconf 89' lang='lat' dir='ltr'><strong>Amen.</strong></span> 
     </span>
    </p>
   </div>
   <div class='ocr_carea' id='block_1_38' title="bbox 1561 2539 2608 2606">
    <p class='ocr_par' dir='ltr' id='par_1_38' title="bbox 1561 2539 2608 2606">
     <span class='ocr_line' id='line_1_38' title="bbox 1561 2539 2608 2606; baseline -0.004 -2"><span class='ocrx_word' id='word_1_287' title='bbox 1561 2541 1957 2606; x_wconf 84' lang='lat' dir='ltr'><strong>EPILOGUS</strong></span> <span class='ocrx_word' id='word_1_288' title='bbox 1997 2543 2044 2604; x_wconf 83' lang='lat' dir='ltr'><strong><em>A</em></strong></span> <span class='ocrx_word' id='word_1_289' title='bbox 2062 2543 2104 2603; x_wconf 91' lang='lat' dir='ltr'><strong>D</strong></span> <span class='ocrx_word' id='word_1_290' title='bbox 2147 2541 2304 2603; x_wconf 87' lang='lat' dir='ltr'><strong>LEC</strong></span> <span class='ocrx_word' id='word_1_291' title='bbox 2319 2539 2608 2603; x_wconf 74' lang='lat' dir='ltr'><strong>TOREM.</strong></span> 
     </span>
    </p>
   </div>
   <div class='ocr_carea' id='block_1_39' title="bbox 469 2790 3774 2875">
    <p class='ocr_par' dir='ltr' id='par_1_39' title="bbox 469 2790 3774 2875">
     <span class='ocr_line' id='line_1_39' title="bbox 469 2790 3774 2875; baseline 0.001 -21"><span class='ocrx_word' id='word_1_292' title='bbox 469 2793 766 2855; x_wconf 88' lang='lat' dir='ltr'><strong>Laudetur</strong></span> <span class='ocrx_word' id='word_1_293' title='bbox 788 2796 969 2870; x_wconf 89' lang='lat' dir='ltr'><strong>Deus,</strong></span> <span class='ocrx_word' id='word_1_294' title='bbox 995 2795 1096 2875; x_wconf 88' lang='lat' dir='ltr'><strong>qui</strong></span> <span class='ocrx_word' id='word_1_295' title='bbox 1120 2794 1259 2855; x_wconf 93' lang='lat' dir='ltr'><strong>huic</strong></span> <span class='ocrx_word' id='word_1_296' title='bbox 1297 2793 1484 2855; x_wconf 90' lang='lat' dir='ltr'><strong>labori</strong></span> <span class='ocrx_word' id='word_1_297' title='bbox 1521 2797 1705 2856; x_wconf 83' lang='lat' dir='ltr'><strong>tinem</strong></span> <span class='ocrx_word' id='word_1_298' title='bbox 1748 2793 1931 2855; x_wconf 89' lang='lat' dir='ltr'><strong>dedit.</strong></span> <span class='ocrx_word' id='word_1_299' title='bbox 1968 2793 2047 2858; x_wconf 84' lang='lat' dir='ltr'><strong>At</strong></span> <span class='ocrx_word' id='word_1_300' title='bbox 2127 2793 2350 2868; x_wconf 85' lang='lat' dir='ltr'><strong>vivens,</strong></span> <span class='ocrx_word' id='word_1_301' title='bbox 2375 2790 2721 2852; x_wconf 74' lang='lat' dir='ltr'><strong>anitnalua</strong></span> <span class='ocrx_word' id='word_1_302' title='bbox 2770 2797 3000 2852; x_wconf 88' lang='lat' dir='ltr'><strong>atatem</strong></span> <span class='ocrx_word' id='word_1_303' title='bbox 3043 2791 3197 2855; x_wconf 90' lang='lat' dir='ltr'><strong>ultra</strong></span> <span class='ocrx_word' id='word_1_304' title='bbox 3234 2793 3526 2873; x_wconf 78' lang='lat' dir='ltr'><strong>phanicis</strong></span> <span class='ocrx_word' id='word_1_305' title='bbox 3559 2797 3774 2858; x_wconf 86' lang='lat' dir='ltr'><strong>sacula</strong></span> 
     </span>
    </p>
   </div>
   <div class='ocr_carea' id='block_1_40' title="bbox 389 2880 3763 2962">
    <p class='ocr_par' dir='ltr' id='par_1_40' title="bbox 389 2880 3763 2962">
     <span class='ocr_line' id='line_1_40' title="bbox 389 2880 3763 2962; baseline 0.001 -20"><span class='ocrx_word' id='word_1_306' title='bbox 389 2883 712 2962; x_wconf 91' lang='lat' dir='ltr'><strong>tu,lector,</strong></span> <span class='ocrx_word' id='word_1_307' title='bbox 739 2883 924 2961; x_wconf 85' lang='lat' dir='ltr'><strong>quiin</strong></span> <span class='ocrx_word' id='word_1_308' title='bbox 949 2884 1107 2944; x_wconf 91' lang='lat' dir='ltr'><strong>hunc</strong></span> <span class='ocrx_word' id='word_1_309' title='bbox 1151 2883 1364 2945; x_wconf 86' lang='lat' dir='ltr'><strong>librum</strong></span> <span class='ocrx_word' id='word_1_310' title='bbox 1407 2883 1714 2955; x_wconf 87' lang='lat' dir='ltr'><strong>incideris,</strong></span> <span class='ocrx_word' id='word_1_311' title='bbox 1757 2883 2044 2944; x_wconf 86' lang='lat' dir='ltr'><strong>monteab</strong></span> <span class='ocrx_word' id='word_1_312' title='bbox 2129 2881 2390 2959; x_wconf 76' lang='lat' dir='ltr'><strong>augebis,</strong></span> <span class='ocrx_word' id='word_1_313' title='bbox 2426 2881 2618 2942; x_wconf 92' lang='lat' dir='ltr'><strong>donec</strong></span> <span class='ocrx_word' id='word_1_314' title='bbox 2649 2880 2736 2940; x_wconf 88' lang='lat' dir='ltr'><strong>vir</strong></span> <span class='ocrx_word' id='word_1_315' title='bbox 2770 2880 2893 2959; x_wconf 93' lang='lat' dir='ltr'><strong>jam</strong></span> <span class='ocrx_word' id='word_1_316' title='bbox 2948 2881 3272 2960; x_wconf 87' lang='lat' dir='ltr'><strong>perfectus,</strong></span> <span class='ocrx_word' id='word_1_317' title='bbox 3320 2882 3391 2942; x_wconf 90' lang='lat' dir='ltr'><strong>ad</strong></span> <span class='ocrx_word' id='word_1_318' title='bbox 3427 2901 3763 2945; x_wconf 91' lang='lat' dir='ltr'><strong>mensuram</strong></span> 
     </span>
    </p>
   </div>
   <div class='ocr_carea' id='block_1_41' title="bbox 387 2969 3768 3065">
    <p class='ocr_par' dir='ltr' id='par_1_41' title="bbox 387 2969 3768 3065">
     <span class='ocr_line' id='line_1_41' title="bbox 387 2969 3768 3065; baseline 0.001 -34"><span class='ocrx_word' id='word_1_319' title='bbox 387 2972 708 3032; x_wconf 89' lang='lat' dir='ltr'><strong>omnicura</strong></span> <span class='ocrx_word' id='word_1_320' title='bbox 729 2972 908 3050; x_wconf 88' lang='lat' dir='ltr'><strong>hujus</strong></span> <span class='ocrx_word' id='word_1_321' title='bbox 933 2972 1390 3033; x_wconf 83' lang='lat' dir='ltr'><strong>mundivacuus.</strong></span> <span class='ocrx_word' id='word_1_322' title='bbox 1423 2981 1485 3033; x_wconf 91' lang='lat' dir='ltr'><strong>ut</strong></span> <span class='ocrx_word' id='word_1_323' title='bbox 1521 2974 1713 3053; x_wconf 90' lang='lat' dir='ltr'><strong>decet,</strong></span> <span class='ocrx_word' id='word_1_324' title='bbox 1742 2980 1796 3032; x_wconf 89' lang='lat' dir='ltr'><strong>te</strong></span> <span class='ocrx_word' id='word_1_325' title='bbox 1825 2971 2102 3065; x_wconf 84' lang='lat' dir='ltr'><strong>adhibeC</strong></span> <span class='ocrx_word' id='word_1_326' title='bbox 2129 2971 2329 3033; x_wconf 85' lang='lat' dir='ltr'><strong>venias</strong></span> <span class='ocrx_word' id='word_1_327' title='bbox 2358 2973 2569 3044; x_wconf 86' lang='lat' dir='ltr'><strong>atatis,</strong></span> <span class='ocrx_word' id='word_1_328' title='bbox 2603 2990 2744 3050; x_wconf 86' lang='lat' dir='ltr'><strong>qua</strong></span> <span class='ocrx_word' id='word_1_329' title='bbox 2789 2969 2967 3030; x_wconf 84' lang='lat' dir='ltr'><strong>fuisse</strong></span> <span class='ocrx_word' id='word_1_330' title='bbox 3015 2969 3330 3031; x_wconf 86' lang='lat' dir='ltr'><strong>Dominum</strong></span> <span class='ocrx_word' id='word_1_331' title='bbox 3379 2980 3624 3034; x_wconf 90' lang='lat' dir='ltr'><strong>constat.</strong></span> <span class='ocrx_word' id='word_1_332' title='bbox 3659 2971 3768 3035; x_wconf 91' lang='lat' dir='ltr'><strong>Ubi</strong></span> 
     </span>
    </p>
   </div>
   <div class='ocr_carea' id='block_1_42' title="bbox 391 3059 3768 3141">
    <p class='ocr_par' dir='ltr' id='par_1_42' title="bbox 391 3059 3768 3141">
     <span class='ocr_line' id='line_1_42' title="bbox 391 3059 3768 3141; baseline 0.001 -21"><span class='ocrx_word' id='word_1_333' title='bbox 391 3059 770 3122; x_wconf 88' lang='lat' dir='ltr'><strong>sermonibus</strong></span> <span class='ocrx_word' id='word_1_334' title='bbox 796 3060 947 3136; x_wconf 90' lang='lat' dir='ltr'><strong>istis,</strong></span> <span class='ocrx_word' id='word_1_335' title='bbox 978 3079 1126 3141; x_wconf 87' lang='lat' dir='ltr'><strong>quos</strong></span> <span class='ocrx_word' id='word_1_336' title='bbox 1166 3061 1380 3140; x_wconf 61' lang='lat' dir='ltr'><strong>studio:</strong></span> <span class='ocrx_word' id='word_1_337' title='bbox 1405 3069 1463 3123; x_wconf 87' lang='lat' dir='ltr'><strong>et</strong></span> <span class='ocrx_word' id='word_1_338' title='bbox 1515 3061 1713 3123; x_wconf 88' lang='lat' dir='ltr'><strong>labore</strong></span> <span class='ocrx_word' id='word_1_339' title='bbox 1765 3080 1870 3123; x_wconf 91' lang='lat' dir='ltr'><strong>suo</strong></span> <span class='ocrx_word' id='word_1_340' title='bbox 1895 3080 2041 3123; x_wconf 91' lang='lat' dir='ltr'><strong>con-</strong></span> <span class='ocrx_word' id='word_1_341' title='bbox 2069 3059 2102 3065; x_wconf 70' lang='grc'><strong><em>“</em></strong></span> <span class='ocrx_word' id='word_1_342' title='bbox 2127 3080 2243 3123; x_wconf 87' lang='lat' dir='ltr'><strong>una</strong></span> <span class='ocrx_word' id='word_1_343' title='bbox 2261 3081 2393 3122; x_wconf 88' lang='lat' dir='ltr'><strong>cum</strong></span> <span class='ocrx_word' id='word_1_344' title='bbox 2421 3059 2651 3122; x_wconf 91' lang='lat' dir='ltr'><strong>Christo</strong></span> <span class='ocrx_word' id='word_1_345' title='bbox 2670 3060 2755 3121; x_wconf 91' lang='lat' dir='ltr'><strong>sic</strong></span> <span class='ocrx_word' id='word_1_346' title='bbox 2785 3059 3002 3120; x_wconf 84' lang='lat' dir='ltr'><strong>vixeris</strong></span> <span class='ocrx_word' id='word_1_347' title='bbox 3053 3078 3121 3120; x_wconf 86' lang='lat' dir='ltr'><strong>ex</strong></span> <span class='ocrx_word' id='word_1_348' title='bbox 3151 3060 3375 3136; x_wconf 90' lang='lat' dir='ltr'><strong>animo,</strong></span> <span class='ocrx_word' id='word_1_349' title='bbox 3405 3068 3462 3121; x_wconf 88' lang='lat' dir='ltr'><strong>et</strong></span> <span class='ocrx_word' id='word_1_350' title='bbox 3484 3061 3768 3140; x_wconf 89' lang='lat' dir='ltr'><strong>spiritua-</strong></span> 
     </span>
    </p>
   </div>
   <div class='ocr_carea' id='block_1_43' title="bbox 394 3147 3771 3232">
    <p class='ocr_par' dir='ltr' id='par_1_43' title="bbox 394 3147 3771 3232">
     <span class='ocr_line' id='line_1_43' title="bbox 394 3147 3771 3232; baseline 0.001 -23"><span class='ocrx_word' id='word_1_351' title='bbox 394 3149 534 3212; x_wconf 89' lang='lat' dir='ltr'><strong>fecit</strong></span> <span class='ocrx_word' id='word_1_352' title='bbox 561 3152 934 3211; x_wconf 87' lang='lat' dir='ltr'><strong>venerandus</strong></span> <span class='ocrx_word' id='word_1_353' title='bbox 965 3151 1089 3224; x_wconf 91' lang='lat' dir='ltr'><strong>ille,</strong></span> <span class='ocrx_word' id='word_1_354' title='bbox 1144 3160 1202 3213; x_wconf 88' lang='lat' dir='ltr'><strong>et</strong></span> <span class='ocrx_word' id='word_1_355' title='bbox 1250 3151 1487 3212; x_wconf 89' lang='lat' dir='ltr'><strong>inclitus</strong></span> <span class='ocrx_word' id='word_1_356' title='bbox 1540 3154 1709 3213; x_wconf 86' lang='lat' dir='ltr'><strong>Pater</strong></span> <span class='ocrx_word' id='word_1_357' title='bbox 1759 3150 2036 3232; x_wconf 77' lang='lat' dir='ltr'><strong>Symeon,</strong></span> <span class='ocrx_word' id='word_1_358' title='bbox 2127 3149 2284 3223; x_wconf 72' lang='lat' dir='ltr'><strong>liter,</strong></span> <span class='ocrx_word' id='word_1_359' title='bbox 2320 3149 2520 3209; x_wconf 90' lang='lat' dir='ltr'><strong>unitus</strong></span> <span class='ocrx_word' id='word_1_360' title='bbox 2571 3150 2622 3210; x_wconf 91' lang='lat' dir='ltr'><strong>ei</strong></span> <span class='ocrx_word' id='word_1_361' title='bbox 2669 3157 2950 3228; x_wconf 88' lang='lat' dir='ltr'><strong>quantum</strong></span> <span class='ocrx_word' id='word_1_362' title='bbox 3003 3147 3165 3228; x_wconf 91' lang='lat' dir='ltr'><strong>licet,</strong></span> <span class='ocrx_word' id='word_1_363' title='bbox 3217 3150 3390 3210; x_wconf 89' lang='lat' dir='ltr'><strong>etiam</strong></span> <span class='ocrx_word' id='word_1_364' title='bbox 3440 3168 3572 3211; x_wconf 93' lang='lat' dir='ltr'><strong>cum</strong></span> <span class='ocrx_word' id='word_1_365' title='bbox 3601 3169 3671 3212; x_wconf 90' lang='lat' dir='ltr'><strong>eo</strong></span> <span class='ocrx_word' id='word_1_366' title='bbox 3697 3151 3771 3213; x_wconf 88' lang='lat' dir='ltr'><strong>de</strong></span> 
     </span>
    </p>
   </div>
   <div class='ocr_carea' id='block_1_44' title="bbox 391 3235 3777 3321">
    <p class='ocr_par' dir='ltr' id='par_1_44' title="bbox 391 3235 3777 3321">
     <span class='ocr_line' id='line_1_44' title="bbox 391 3235 3777 3321; baseline 0.001 -23"><span class='ocrx_word' id='word_1_367' title='bbox 391 3237 490 3318; x_wconf 91' lang='lat' dir='ltr'><strong>qui</strong></span> <span class='ocrx_word' id='word_1_368' title='bbox 514 3239 875 3300; x_wconf 89' lang='lat' dir='ltr'><strong>monasterio</strong></span> <span class='ocrx_word' id='word_1_369' title='bbox 897 3241 969 3301; x_wconf 89' lang='lat' dir='ltr'><strong>ad</strong></span> <span class='ocrx_word' id='word_1_370' title='bbox 996 3240 1642 3321; x_wconf 81' lang='lat' dir='ltr'><strong>Xylocercumprafuit</strong></span> <span class='ocrx_word' id='word_1_371' title='bbox 1686 3240 1913 3302; x_wconf 91' lang='lat' dir='ltr'><strong>Etcum</strong></span> <span class='ocrx_word' id='word_1_372' title='bbox 1939 3259 2040 3303; x_wconf 92' lang='lat' dir='ltr'><strong>eos</strong></span> <span class='ocrx_word' id='word_1_373' title='bbox 2126 3245 2282 3300; x_wconf 89' lang='lat' dir='ltr'><strong>terra</strong></span> <span class='ocrx_word' id='word_1_374' title='bbox 2312 3237 2563 3299; x_wconf 87' lang='lat' dir='ltr'><strong>exaltato</strong></span> <span class='ocrx_word' id='word_1_375' title='bbox 2585 3235 2872 3310; x_wconf 90' lang='lat' dir='ltr'><strong>sublatus,</strong></span> <span class='ocrx_word' id='word_1_376' title='bbox 2918 3239 2988 3296; x_wconf 88' lang='lat' dir='ltr'><strong>ad</strong></span> <span class='ocrx_word' id='word_1_377' title='bbox 3043 3238 3239 3298; x_wconf 91' lang='lat' dir='ltr'><strong>locum</strong></span> <span class='ocrx_word' id='word_1_378' title='bbox 3294 3237 3395 3298; x_wconf 91' lang='lat' dir='ltr'><strong>ubi</strong></span> <span class='ocrx_word' id='word_1_379' title='bbox 3444 3237 3546 3298; x_wconf 92' lang='lat' dir='ltr'><strong>ille</strong></span> <span class='ocrx_word' id='word_1_380' title='bbox 3578 3249 3777 3301; x_wconf 89' lang='lat' dir='ltr'><strong>manet</strong></span> 
     </span>
    </p>
   </div>
   <div class='ocr_carea' id='block_1_45' title="bbox 391 3323 3775 3410">
    <p class='ocr_par' dir='ltr' id='par_1_45' title="bbox 391 3323 3775 3410">
     <span class='ocr_line' id='line_1_45' title="bbox 391 3323 3775 3410; baseline 0.002 -26"><span class='ocrx_word' id='word_1_381' title='bbox 391 3326 612 3388; x_wconf 87' lang='lat' dir='ltr'><strong>videris</strong></span> <span class='ocrx_word' id='word_1_382' title='bbox 640 3345 772 3388; x_wconf 91' lang='lat' dir='ltr'><strong>esse</strong></span> <span class='ocrx_word' id='word_1_383' title='bbox 805 3339 924 3389; x_wconf 92' lang='lat' dir='ltr'><strong>tres</strong></span> <span class='ocrx_word' id='word_1_384' title='bbox 957 3339 1013 3389; x_wconf 89' lang='lat' dir='ltr'><strong>et</strong></span> <span class='ocrx_word' id='word_1_385' title='bbox 1072 3328 1330 3408; x_wconf 87' lang='lat' dir='ltr'><strong>triginta,</strong></span> <span class='ocrx_word' id='word_1_386' title='bbox 1377 3329 1620 3390; x_wconf 89' lang='lat' dir='ltr'><strong>totidem</strong></span> <span class='ocrx_word' id='word_1_387' title='bbox 1652 3347 1860 3402; x_wconf 87' lang='lat' dir='ltr'><strong>annos,</strong></span> <span class='ocrx_word' id='word_1_388' title='bbox 1895 3349 2043 3410; x_wconf 90' lang='lat' dir='ltr'><strong>quos</strong></span> <span class='ocrx_word' id='word_1_389' title='bbox 2127 3327 2460 3407; x_wconf 77' lang='lat' dir='ltr'><strong>pervenies.</strong></span> <span class='ocrx_word' id='word_1_390' title='bbox 2483 3326 2686 3387; x_wconf 88' lang='lat' dir='ltr'><strong>Trahit</strong></span> <span class='ocrx_word' id='word_1_391' title='bbox 2709 3324 2866 3386; x_wconf 89' lang='lat' dir='ltr'><strong>enim</strong></span> <span class='ocrx_word' id='word_1_392' title='bbox 2892 3324 2952 3385; x_wconf 92' lang='lat' dir='ltr'><strong>in</strong></span> <span class='ocrx_word' id='word_1_393' title='bbox 2969 3323 3180 3388; x_wconf 89' lang='lat' dir='ltr'><strong>Sancta</strong></span> <span class='ocrx_word' id='word_1_394' title='bbox 3202 3336 3540 3388; x_wconf 84' lang='lat' dir='ltr'><strong>sanctorum</strong></span> <span class='ocrx_word' id='word_1_395' title='bbox 3565 3347 3775 3390; x_wconf 87' lang='lat' dir='ltr'><strong>omnes</strong></span> 
     </span>
    </p>
   </div>
   <div class='ocr_carea' id='block_1_46' title="bbox 393 3414 3775 3498">
    <p class='ocr_par' dir='ltr' id='par_1_46' title="bbox 393 3414 3775 3498">
     <span class='ocr_line' id='line_1_46' title="bbox 393 3414 3775 3498; baseline 0.001 -22"><span class='ocrx_word' id='word_1_396' title='bbox 393 3415 687 3478; x_wconf 90' lang='lat' dir='ltr'><strong>Dominus</strong></span> <span class='ocrx_word' id='word_1_397' title='bbox 718 3428 922 3478; x_wconf 88' lang='lat' dir='ltr'><strong>noster</strong></span> <span class='ocrx_word' id='word_1_398' title='bbox 951 3437 1202 3498; x_wconf 88' lang='lat' dir='ltr'><strong>corpore</strong></span> <span class='ocrx_word' id='word_1_399' title='bbox 1235 3420 1493 3480; x_wconf 88' lang='lat' dir='ltr'><strong>humano</strong></span> <span class='ocrx_word' id='word_1_400' title='bbox 1511 3418 1778 3492; x_wconf 89' lang='lat' dir='ltr'><strong>vestitus,</strong></span> <span class='ocrx_word' id='word_1_401' title='bbox 1804 3427 1866 3480; x_wconf 94' lang='lat' dir='ltr'><strong>ut</strong></span> <span class='ocrx_word' id='word_1_402' title='bbox 1889 3438 2045 3480; x_wconf 87' lang='lat' dir='ltr'><strong>mor-</strong></span> <span class='ocrx_word' id='word_1_403' title='bbox 2124 3416 2225 3496; x_wconf 90' lang='lat' dir='ltr'><strong>qui</strong></span> <span class='ocrx_word' id='word_1_404' title='bbox 2255 3417 2458 3478; x_wconf 87' lang='lat' dir='ltr'><strong>volunt</strong></span> <span class='ocrx_word' id='word_1_405' title='bbox 2485 3415 2544 3475; x_wconf 88' lang='lat' dir='ltr'><strong>in</strong></span> <span class='ocrx_word' id='word_1_406' title='bbox 2579 3416 2709 3495; x_wconf 85' lang='lat' dir='ltr'><strong>ejus</strong></span> <span class='ocrx_word' id='word_1_407' title='bbox 2741 3414 2966 3475; x_wconf 84' lang='lat' dir='ltr'><strong>semitis</strong></span> <span class='ocrx_word' id='word_1_408' title='bbox 2991 3414 3233 3492; x_wconf 74' lang='lat' dir='ltr'><strong>veSLigia</strong></span> <span class='ocrx_word' id='word_1_409' title='bbox 3273 3435 3516 3495; x_wconf 91' lang='lat' dir='ltr'><strong>ponere,</strong></span> <span class='ocrx_word' id='word_1_410' title='bbox 3558 3417 3775 3498; x_wconf 90' lang='lat' dir='ltr'><strong>quibus</strong></span> 
     </span>
    </p>
   </div>
   <div class='ocr_carea' id='block_1_47' title="bbox 393 3503 3776 3588">
    <p class='ocr_par' dir='ltr' id='par_1_47' title="bbox 393 3503 3776 3588">
     <span class='ocr_line' id='line_1_47' title="bbox 393 3503 3776 3588; baseline 0.002 -24"><span class='ocrx_word' id='word_1_411' title='bbox 393 3504 526 3566; x_wconf 90' lang='lat' dir='ltr'><strong>talis</strong></span> <span class='ocrx_word' id='word_1_412' title='bbox 565 3506 875 3588; x_wconf 85' lang='lat' dir='ltr'><strong>nobiscum</strong></span> <span class='ocrx_word' id='word_1_413' title='bbox 902 3507 960 3567; x_wconf 90' lang='lat' dir='ltr'><strong>in</strong></span> <span class='ocrx_word' id='word_1_414' title='bbox 988 3508 1162 3569; x_wconf 88' lang='lat' dir='ltr'><strong>terris</strong></span> <span class='ocrx_word' id='word_1_415' title='bbox 1190 3507 1349 3588; x_wconf 83' lang='lat' dir='ltr'><strong>vixit,</strong></span> <span class='ocrx_word' id='word_1_416' title='bbox 1381 3509 1592 3586; x_wconf 86' lang='lat' dir='ltr'><strong>cogita.</strong></span> <span class='ocrx_word' id='word_1_417' title='bbox 1639 3507 1709 3568; x_wconf 89' lang='lat' dir='ltr'><strong>Et</strong></span> <span class='ocrx_word' id='word_1_418' title='bbox 1734 3509 1844 3569; x_wconf 89' lang='lat' dir='ltr'><strong>hoc</strong></span> <span class='ocrx_word' id='word_1_419' title='bbox 1868 3528 2041 3570; x_wconf 90' lang='lat' dir='ltr'><strong>man-</strong></span> <span class='ocrx_word' id='word_1_420' title='bbox 2126 3525 2228 3586; x_wconf 91' lang='lat' dir='ltr'><strong>pro</strong></span> <span class='ocrx_word' id='word_1_421' title='bbox 2263 3505 2434 3566; x_wconf 92' lang='lat' dir='ltr'><strong>nobis</strong></span> <span class='ocrx_word' id='word_1_422' title='bbox 2467 3505 2645 3586; x_wconf 79' lang='lat' dir='ltr'><strong>prior</strong></span> <span class='ocrx_word' id='word_1_423' title='bbox 2694 3503 2822 3584; x_wconf 88' lang='lat' dir='ltr'><strong>ipse</strong></span> <span class='ocrx_word' id='word_1_424' title='bbox 2865 3504 3129 3575; x_wconf 86' lang='lat' dir='ltr'><strong>incessit,</strong></span> <span class='ocrx_word' id='word_1_425' title='bbox 3181 3514 3456 3585; x_wconf 85' lang='lat' dir='ltr'><strong>tanquam</strong></span> <span class='ocrx_word' id='word_1_426' title='bbox 3491 3507 3776 3570; x_wconf 83' lang='lat' dir='ltr'><strong>Mediator</strong></span> 
     </span>
    </p>
   </div>
   <div class='ocr_carea' id='block_1_48' title="bbox 391 3585 3768 3677">
    <p class='ocr_par' dir='ltr' id='par_1_48' title="bbox 391 3585 3768 3677">
     <span class='ocr_line' id='line_1_48' title="bbox 391 3585 3768 3677; baseline 0.001 -22"><span class='ocrx_word' id='word_1_427' title='bbox 391 3593 540 3655; x_wconf 91' lang='lat' dir='ltr'><strong>dans</strong></span> <span class='ocrx_word' id='word_1_428' title='bbox 561 3595 785 3672; x_wconf 91' lang='lat' dir='ltr'><strong>animo,</strong></span> <span class='ocrx_word' id='word_1_429' title='bbox 808 3585 1043 3671; x_wconf 80' lang='lat' dir='ltr'><strong>festina,</strong></span> <span class='ocrx_word' id='word_1_430' title='bbox 1069 3585 1854 3677; x_wconf 87' lang='lat' dir='ltr'><strong>utspiritualiincremento.</strong></span> <span class='ocrx_word' id='word_1_431' title='bbox 1881 3599 2038 3677; x_wconf 89' lang='lat' dir='ltr'><strong>quod</strong></span> <span class='ocrx_word' id='word_1_432' title='bbox 2121 3585 2370 3669; x_wconf 83' lang='lat' dir='ltr'><strong>Scilicet,</strong></span> <span class='ocrx_word' id='word_1_433' title='bbox 2407 3585 2495 3655; x_wconf 85' lang='lat' dir='ltr'><strong>et</strong></span> <span class='ocrx_word' id='word_1_434' title='bbox 2523 3611 2770 3672; x_wconf 86' lang='lat' dir='ltr'><strong>magnus</strong></span> <span class='ocrx_word' id='word_1_435' title='bbox 2805 3602 3008 3654; x_wconf 88' lang='lat' dir='ltr'><strong>noster</strong></span> <span class='ocrx_word' id='word_1_436' title='bbox 3038 3595 3330 3658; x_wconf 82' lang='lat' dir='ltr'><strong>Pontifex.</strong></span> <span class='ocrx_word' id='word_1_437' title='bbox 3366 3593 3552 3657; x_wconf 90' lang='lat' dir='ltr'><strong>Nemo</strong></span> <span class='ocrx_word' id='word_1_438' title='bbox 3585 3598 3768 3676; x_wconf 88' lang='lat' dir='ltr'><strong>enim,</strong></span> 
     </span>
    </p>
   </div>
   <div class='ocr_carea' id='block_1_49' title="bbox 391 3682 3771 3764">
    <p class='ocr_par' dir='ltr' id='par_1_49' title="bbox 391 3682 3771 3764">
     <span class='ocr_line' id='line_1_49' title="bbox 391 3682 3771 3764; baseline 0.001 -21"><span class='ocrx_word' id='word_1_439' title='bbox 391 3682 546 3744; x_wconf 82' lang='lat' dir='ltr'><strong>libur</strong></span> <span class='ocrx_word' id='word_1_440' title='bbox 569 3684 665 3744; x_wconf 94' lang='lat' dir='ltr'><strong>hic</strong></span> <span class='ocrx_word' id='word_1_441' title='bbox 693 3685 934 3763; x_wconf 83' lang='lat' dir='ltr'><strong>exponit</strong></span> <span class='ocrx_word' id='word_1_442' title='bbox 957 3703 1023 3746; x_wconf 93' lang='lat' dir='ltr'><strong>ac</strong></span> <span class='ocrx_word' id='word_1_443' title='bbox 1049 3685 1334 3759; x_wconf 85' lang='lat' dir='ltr'><strong>declarat,</strong></span> <span class='ocrx_word' id='word_1_444' title='bbox 1361 3685 1639 3747; x_wconf 88' lang='lat' dir='ltr'><strong>celeriter</strong></span> <span class='ocrx_word' id='word_1_445' title='bbox 1673 3686 2042 3749; x_wconf 89' lang='lat' dir='ltr'><strong>annosillius</strong></span> <span class='ocrx_word' id='word_1_446' title='bbox 2122 3684 2236 3745; x_wconf 91' lang='lat' dir='ltr'><strong>nisi</strong></span> <span class='ocrx_word' id='word_1_447' title='bbox 2276 3703 2380 3763; x_wconf 88' lang='lat' dir='ltr'><strong>per</strong></span> <span class='ocrx_word' id='word_1_448' title='bbox 2435 3702 2567 3744; x_wconf 90' lang='lat' dir='ltr'><strong>eum</strong></span> <span class='ocrx_word' id='word_1_449' title='bbox 2615 3683 2686 3744; x_wconf 86' lang='lat' dir='ltr'><strong>ad</strong></span> <span class='ocrx_word' id='word_1_450' title='bbox 2722 3684 2961 3744; x_wconf 80' lang='lat' dir='ltr'><strong>Patrem</strong></span> <span class='ocrx_word' id='word_1_451' title='bbox 3012 3685 3226 3758; x_wconf 87' lang='lat' dir='ltr'><strong>veniet,</strong></span> <span class='ocrx_word' id='word_1_452' title='bbox 3270 3685 3771 3764; x_wconf 88' lang='lat' dir='ltr'><strong>quemadmodum</strong></span> 
     </span>
    </p>
   </div>
   <div class='ocr_carea' id='block_1_50' title="bbox 389 3771 3765 3854">
    <p class='ocr_par' dir='ltr' id='par_1_50' title="bbox 389 3771 3765 3854">
     <span class='ocr_line' id='line_1_50' title="bbox 389 3771 3765 3854; baseline 0.002 -22"><span class='ocrx_word' id='word_1_453' title='bbox 389 3789 688 3852; x_wconf 83' lang='lat' dir='ltr'><strong>exaques,</strong></span> <span class='ocrx_word' id='word_1_454' title='bbox 721 3791 790 3834; x_wconf 82' lang='lat' dir='ltr'><strong>ex</strong></span> <span class='ocrx_word' id='word_1_455' title='bbox 814 3775 1214 3848; x_wconf 91' lang='lat' dir='ltr'><strong>sermonibus,</strong></span> <span class='ocrx_word' id='word_1_456' title='bbox 1253 3777 1514 3854; x_wconf 91' lang='lat' dir='ltr'><strong>inquam,</strong></span> <span class='ocrx_word' id='word_1_457' title='bbox 1539 3773 1710 3850; x_wconf 66' lang='lat' dir='ltr'><strong>jhaud</strong></span> <span class='ocrx_word' id='word_1_458' title='bbox 1744 3773 2034 3848; x_wconf 89' lang='lat' dir='ltr'><strong>obscuris,</strong></span> <span class='ocrx_word' id='word_1_459' title='bbox 2125 3775 2249 3854; x_wconf 91' lang='lat' dir='ltr'><strong>ipse</strong></span> <span class='ocrx_word' id='word_1_460' title='bbox 2278 3772 2608 3834; x_wconf 87' lang='lat' dir='ltr'><strong>affirmavit.</strong></span> <span class='ocrx_word' id='word_1_461' title='bbox 2647 3771 2828 3850; x_wconf 86' lang='lat' dir='ltr'><strong>Cujus</strong></span> <span class='ocrx_word' id='word_1_462' title='bbox 2878 3781 2936 3832; x_wconf 91' lang='lat' dir='ltr'><strong>et</strong></span> <span class='ocrx_word' id='word_1_463' title='bbox 2977 3773 3090 3834; x_wconf 92' lang='lat' dir='ltr'><strong>hoc</strong></span> <span class='ocrx_word' id='word_1_464' title='bbox 3138 3773 3382 3835; x_wconf 86' lang='lat' dir='ltr'><strong>verbum</strong></span> <span class='ocrx_word' id='word_1_465' title='bbox 3439 3784 3570 3838; x_wconf 88' lang='lat' dir='ltr'><strong>est:</strong></span> <span class='ocrx_word' id='word_1_466' title='bbox 3609 3777 3765 3854; x_wconf 81' lang='lat' dir='ltr'><strong>Volo,</strong></span> 
     </span>
    </p>
   </div>
   <div class='ocr_carea' id='block_1_51' title="bbox 388 3860 3770 3943">
    <p class='ocr_par' dir='ltr' id='par_1_51' title="bbox 388 3860 3770 3943">
     <span class='ocr_line' id='line_1_51' title="bbox 388 3860 3770 3943; baseline 0.003 -24"><span class='ocrx_word' id='word_1_467' title='bbox 388 3868 447 3920; x_wconf 90' lang='lat' dir='ltr'><strong>et</strong></span> <span class='ocrx_word' id='word_1_468' title='bbox 479 3860 725 3922; x_wconf 90' lang='lat' dir='ltr'><strong>totidem</strong></span> <span class='ocrx_word' id='word_1_469' title='bbox 749 3881 998 3922; x_wconf 89' lang='lat' dir='ltr'><strong>numero</strong></span> <span class='ocrx_word' id='word_1_470' title='bbox 1026 3862 1212 3923; x_wconf 89' lang='lat' dir='ltr'><strong>Patris</strong></span> <span class='ocrx_word' id='word_1_471' title='bbox 1235 3863 1432 3942; x_wconf 86' lang='lat' dir='ltr'><strong>hujus.</strong></span> <span class='ocrx_word' id='word_1_472' title='bbox 1475 3862 1633 3934; x_wconf 88' lang='lat' dir='ltr'><strong>Quos</strong></span> <span class='ocrx_word' id='word_1_473' title='bbox 1663 3883 1793 3924; x_wconf 87' lang='lat' dir='ltr'><strong>cum</strong></span> <span class='ocrx_word' id='word_1_474' title='bbox 1825 3863 2042 3943; x_wconf 86' lang='lat' dir='ltr'><strong>legeris</strong></span> <span class='ocrx_word' id='word_1_475' title='bbox 2123 3862 2346 3934; x_wconf 77' lang='lat' dir='ltr'><strong>Pater,</strong></span> <span class='ocrx_word' id='word_1_476' title='bbox 2380 3880 2527 3941; x_wconf 85' lang='lat' dir='ltr'><strong>quos</strong></span> <span class='ocrx_word' id='word_1_477' title='bbox 2557 3862 2782 3923; x_wconf 76' lang='lat' dir='ltr'><strong>dediin</strong></span> <span class='ocrx_word' id='word_1_478' title='bbox 2812 3862 2989 3934; x_wconf 80' lang='lat' dir='ltr'><strong>mihi,</strong></span> <span class='ocrx_word' id='word_1_479' title='bbox 3021 3871 3088 3923; x_wconf 81' lang='lat' dir='ltr'><strong>ut</strong></span> <span class='ocrx_word' id='word_1_480' title='bbox 3143 3881 3378 3926; x_wconf 80' lang='lat' dir='ltr'><strong>mecum</strong></span> <span class='ocrx_word' id='word_1_481' title='bbox 3401 3866 3549 3941; x_wconf 75' lang='lat' dir='ltr'><strong>sint,</strong></span> <span class='ocrx_word' id='word_1_482' title='bbox 3584 3874 3641 3930; x_wconf 82' lang='lat' dir='ltr'><strong>et</strong></span> <span class='ocrx_word' id='word_1_483' title='bbox 3668 3868 3770 3930; x_wconf 77' lang='lat' dir='ltr'><strong>vi-</strong></span> 
     </span>
    </p>
   </div>
   <div class='ocr_carea' id='block_1_52' title="bbox 383 3951 3541 4033">
    <p class='ocr_par' dir='ltr' id='par_1_52' title="bbox 383 3951 3541 4033">
     <span class='ocr_line' id='line_1_52' title="bbox 383 3951 3541 4033; baseline 0.001 -23"><span class='ocrx_word' id='word_1_484' title='bbox 383 3955 441 4010; x_wconf 90' lang='lat' dir='ltr'><strong>et</strong></span> <span class='ocrx_word' id='word_1_485' title='bbox 475 3951 841 4029; x_wconf 88' lang='lat' dir='ltr'><strong>perceperis,</strong></span> <span class='ocrx_word' id='word_1_486' title='bbox 871 3951 1377 4031; x_wconf 89' lang='lat' dir='ltr'><strong>quemadmodum</strong></span> <span class='ocrx_word' id='word_1_487' title='bbox 1431 3951 1536 4012; x_wconf 91' lang='lat' dir='ltr'><strong>tibi</strong></span> <span class='ocrx_word' id='word_1_488' title='bbox 1566 3952 1682 4012; x_wconf 88' lang='lat' dir='ltr'><strong>vita</strong></span> <span class='ocrx_word' id='word_1_489' title='bbox 1711 3953 2036 4017; x_wconf 87' lang='lat' dir='ltr'><strong>secundum</strong></span> <span class='ocrx_word' id='word_1_490' title='bbox 2121 3953 2303 4015; x_wconf 78' lang='lat' dir='ltr'><strong>deant</strong></span> <span class='ocrx_word' id='word_1_491' title='bbox 2331 3951 2590 4033; x_wconf 76' lang='lat' dir='ltr'><strong>glormnt</strong></span> <span class='ocrx_word' id='word_1_492' title='bbox 2619 3969 2834 4032; x_wconf 85' lang='lat' dir='ltr'><strong>meum,</strong></span> <span class='ocrx_word' id='word_1_493' title='bbox 2865 3969 3048 4031; x_wconf 83' lang='lat' dir='ltr'><strong>quam</strong></span> <span class='ocrx_word' id='word_1_494' title='bbox 3078 3953 3303 4016; x_wconf 75' lang='lat' dir='ltr'><strong>dedisti</strong></span> <span class='ocrx_word' id='word_1_495' title='bbox 3331 3954 3541 4017; x_wconf 65' lang='lat' dir='ltr'><strong>mihit}.</strong></span> 
     </span>
    </p>
   </div>
   <div class='ocr_carea' id='block_1_53' title="bbox 383 4035 2040 4122">
    <p class='ocr_par' dir='ltr' id='par_1_53' title="bbox 383 4035 2040 4122">
     <span class='ocr_line' id='line_1_53' title="bbox 383 4035 2040 4122; baseline 0.004 -24"><span class='ocrx_word' id='word_1_496' title='bbox 383 4035 572 4098; x_wconf 92' lang='lat' dir='ltr'><strong>Deum</strong></span> <span class='ocrx_word' id='word_1_497' title='bbox 599 4038 965 4101; x_wconf 88' lang='lat' dir='ltr'><strong>instituenda</strong></span> <span class='ocrx_word' id='word_1_498' title='bbox 1012 4041 1109 4121; x_wconf 90' lang='lat' dir='ltr'><strong>sit,</strong></span> <span class='ocrx_word' id='word_1_499' title='bbox 1161 4060 1507 4120; x_wconf 84' lang='lat' dir='ltr'><strong>cognosces,</strong></span> <span class='ocrx_word' id='word_1_500' title='bbox 1559 4050 1617 4102; x_wconf 90' lang='lat' dir='ltr'><strong>et</strong></span> <span class='ocrx_word' id='word_1_501' title='bbox 1645 4042 2040 4122; x_wconf 59' lang='lat' dir='ltr'><strong>cumzChristo</strong></span> 
     </span>
    </p>
   </div>
   <div class='ocr_carea' id='block_1_54' title="bbox 464 4196 1006 4275">
    <p class='ocr_par' dir='ltr' id='par_1_54' title="bbox 464 4196 1006 4275">
     <span class='ocr_line' id='line_1_54' title="bbox 464 4196 1006 4275; baseline 0.006 -14"><span class='ocrx_word' id='word_1_502' title='bbox 464 4196 496 4247; x_wconf 81' lang='grc'><strong>6</strong></span> <span class='ocrx_word' id='word_1_503' title='bbox 523 4197 692 4262; x_wconf 89' lang='lat' dir='ltr'><strong>Joan.</strong></span> <span class='ocrx_word' id='word_1_504' title='bbox 728 4217 869 4275; x_wconf 79' lang='lat' dir='ltr'><strong>xvu,</strong></span> <span class='ocrx_word' id='word_1_505' title='bbox 905 4200 1006 4264; x_wconf 77' lang='grc'><strong>24.</strong></span> 
     </span>
    </p>
   </div>
   <div class='ocr_carea' id='block_1_55' title="bbox 1103 4515 3056 4661">
    <p class='ocr_par' dir='ltr' id='par_1_55' title="bbox 1103 4515 3056 4661">
     <span class='ocr_line' id='line_1_55' title="bbox 1103 4515 3056 4661; baseline 0.002 -4"><span class='ocrx_word' id='word_1_506' title='bbox 1103 4515 1963 4660; x_wconf 81' lang='lat' dir='ltr'><strong>EJUSDEM</strong></span> <span class='ocrx_word' id='word_1_507' title='bbox 2105 4515 2870 4661; x_wconf 83' lang='lat' dir='ltr'><strong>SYMEON</strong></span> <span class='ocrx_word' id='word_1_508' title='bbox 2887 4516 3056 4660; x_wconf 87' lang='lat' dir='ltr'><strong>IS</strong></span> 
     </span>
    </p>
   </div>
   <div class='ocr_carea' id='block_1_56' title="bbox 1825 4766 2314 4845">
    <p class='ocr_par' dir='ltr' id='par_1_56' title="bbox 1825 4766 2314 4845">
     <span class='ocr_line' id='line_1_56' title="bbox 1825 4766 2314 4845; baseline -0.002 -17"><span class='ocrx_word' id='word_1_509' title='bbox 1825 4766 2314 4845; x_wconf 67' lang='lat' dir='ltr'><strong>,PItESBYTEItI</strong></span> 
     </span>
    </p>
   </div>
   <div class='ocr_carea' id='block_1_57' title="bbox 519 4925 3626 5011">
    <p class='ocr_par' dir='ltr' id='par_1_57' title="bbox 519 4925 3626 5011">
     <span class='ocr_line' id='line_1_57' title="bbox 519 4925 3626 5011; baseline 0.002 -23"><span class='ocrx_word' id='word_1_510' title='bbox 519 4926 954 4989; x_wconf 78' lang='lat' dir='ltr'><strong>DIVINORUM</strong></span> <span class='ocrx_word' id='word_1_511' title='bbox 1003 4930 1357 5005; x_wconf 83' lang='lat' dir='ltr'><strong>AMORUM,</strong></span> <span class='ocrx_word' id='word_1_512' title='bbox 1403 4931 1578 4992; x_wconf 84' lang='lat' dir='ltr'><strong>SIVE</strong></span> <span class='ocrx_word' id='word_1_513' title='bbox 1623 4925 2036 4991; x_wconf 81' lang='lat' dir='ltr'><strong>SACRARUM</strong></span> <span class='ocrx_word' id='word_1_514' title='bbox 2082 4930 2838 5011; x_wconf 75' lang='lat' dir='ltr'><strong>COMMENTATIONUM,</strong></span> <span class='ocrx_word' id='word_1_515' title='bbox 2891 4933 3118 4993; x_wconf 84' lang='lat' dir='ltr'>LIBER</span> <span class='ocrx_word' id='word_1_516' title='bbox 3162 4933 3626 4994; x_wconf 78' lang='lat' dir='ltr'><strong>SINGULARIS</strong></span> 
     </span>
    </p>
   </div>
   <div class='ocr_carea' id='block_1_58' title="bbox 904 5285 3764 5372">
    <p class='ocr_par' dir='ltr' id='par_1_58' title="bbox 904 5285 3764 5372">
     <span class='ocr_line' id='line_1_58' title="bbox 904 5285 3764 5372; baseline 0.001 -23"><span class='ocrx_word' id='word_1_517' title='bbox 904 5286 1144 5350; x_wconf 83' lang='lat' dir='ltr'><strong>CAPUT</strong></span> <span class='ocrx_word' id='word_1_518' title='bbox 1195 5287 1506 5350; x_wconf 80' lang='lat' dir='ltr'><strong>PRIMUM.</strong></span> <span class='ocrx_word' id='word_1_519' title='bbox 2119 5287 2383 5348; x_wconf 92' lang='lat' dir='ltr'><strong>nomine.</strong></span> <span class='ocrx_word' id='word_1_520' title='bbox 2412 5285 2586 5362; x_wconf 85' lang='lat' dir='ltr'><strong>Veni,</strong></span> <span class='ocrx_word' id='word_1_521' title='bbox 2624 5305 2720 5349; x_wconf 90' lang='lat' dir='ltr'><strong>res</strong></span> <span class='ocrx_word' id='word_1_522' title='bbox 2753 5287 3093 5352; x_wconf 76' lang='lat' dir='ltr'><strong>ineffabilis.</strong></span> <span class='ocrx_word' id='word_1_523' title='bbox 3137 5288 3317 5365; x_wconf 87' lang='lat' dir='ltr'><strong>Veni,</strong></span> <span class='ocrx_word' id='word_1_524' title='bbox 3369 5309 3624 5372; x_wconf 88' lang='lat' dir='ltr'><strong>persona</strong></span> <span class='ocrx_word' id='word_1_525' title='bbox 3648 5291 3764 5351; x_wconf 82' lang='lat' dir='ltr'><strong>liu-</strong></span> 
     </span>
    </p>
   </div>
   <div class='ocr_carea' id='block_1_59' title="bbox 380 5371 3766 5462">
    <p class='ocr_par' dir='ltr' id='par_1_59' title="bbox 380 5371 3766 5462">
     <span class='ocr_line' id='line_1_59' title="bbox 380 5371 3766 5462; baseline 0.003 -30"><span class='ocrx_word' id='word_1_526' title='bbox 380 5371 655 5462; x_wconf 62' lang='lat' dir='ltr'><strong>Precatio</strong></span> <span class='ocrx_word' id='word_1_527' title='bbox 687 5376 1108 5457; x_wconf 79' lang='lat' dir='ltr'><strong>mystica,qua</strong></span> <span class='ocrx_word' id='word_1_528' title='bbox 1132 5378 2029 5458; x_wconf 75' lang='lat' dir='ltr'><strong>Spirilussanctusinvocatur.</strong></span> <span class='ocrx_word' id='word_1_529' title='bbox 2118 5394 2349 5438; x_wconf 90' lang='lat' dir='ltr'><strong>manam</strong></span> <span class='ocrx_word' id='word_1_530' title='bbox 2403 5375 2862 5455; x_wconf 82' lang='lat' dir='ltr'><strong>intelligentiam</strong></span> <span class='ocrx_word' id='word_1_531' title='bbox 2922 5378 3179 5457; x_wconf 88' lang='lat' dir='ltr'><strong>fugiens.</strong></span> <span class='ocrx_word' id='word_1_532' title='bbox 3244 5371 3416 5453; x_wconf 72' lang='lat' dir='ltr'><strong>Veni,</strong></span> <span class='ocrx_word' id='word_1_533' title='bbox 3484 5379 3766 5462; x_wconf 89' lang='lat' dir='ltr'><strong>perennis</strong></span> 
     </span>
    </p>
   </div>
   <div class='ocr_carea' id='block_1_60' title="bbox 460 5461 3762 5549">
    <p class='ocr_par' dir='ltr' id='par_1_60' title="bbox 460 5461 3762 5549">
     <span class='ocr_line' id='line_1_60' title="bbox 460 5461 3762 5549; baseline 0.002 -26"><span class='ocrx_word' id='word_1_534' title='bbox 460 5461 633 5536; x_wconf 92' lang='lat' dir='ltr'><strong>Veni,</strong></span> <span class='ocrx_word' id='word_1_535' title='bbox 673 5465 894 5526; x_wconf 84' lang='lat' dir='ltr'><strong>Lumen</strong></span> <span class='ocrx_word' id='word_1_536' title='bbox 950 5485 1176 5528; x_wconf 86' lang='lat' dir='ltr'><strong>verum.</strong></span> <span class='ocrx_word' id='word_1_537' title='bbox 1204 5466 1377 5529; x_wconf 82' lang='lat' dir='ltr'><strong>Veni.</strong></span> <span class='ocrx_word' id='word_1_538' title='bbox 1434 5468 1548 5527; x_wconf 87' lang='lat' dir='ltr'><strong>vita</strong></span> <span class='ocrx_word' id='word_1_539' title='bbox 1580 5476 1821 5531; x_wconf 89' lang='lat' dir='ltr'><strong>aterna.</strong></span> <span class='ocrx_word' id='word_1_540' title='bbox 1844 5466 2031 5544; x_wconf 87' lang='lat' dir='ltr'><strong>&#39;Veni,</strong></span> <span class='ocrx_word' id='word_1_541' title='bbox 2117 5466 2423 5530; x_wconf 83' lang='lat' dir='ltr'><strong>exultatio.</strong></span> <span class='ocrx_word' id='word_1_542' title='bbox 2449 5464 2624 5543; x_wconf 89' lang='lat' dir='ltr'><strong>Veni,</strong></span> <span class='ocrx_word' id='word_1_543' title='bbox 2660 5467 2881 5529; x_wconf 88' lang='lat' dir='ltr'><strong>Lumen</strong></span> <span class='ocrx_word' id='word_1_544' title='bbox 2913 5488 3214 5549; x_wconf 85' lang='lat' dir='ltr'><strong>nunquam</strong></span> <span class='ocrx_word' id='word_1_545' title='bbox 3249 5461 3552 5532; x_wconf 85' lang='lat' dir='ltr'><strong>occidens.</strong></span> <span class='ocrx_word' id='word_1_546' title='bbox 3589 5469 3762 5546; x_wconf 88' lang='lat' dir='ltr'><strong>Veni,</strong></span> 
     </span>
    </p>
   </div>
   <div class='ocr_carea' id='block_1_61' title="bbox 378 5547 3762 5641">
    <p class='ocr_par' dir='ltr' id='par_1_61' title="bbox 378 5547 3762 5641">
     <span class='ocr_line' id='line_1_61' title="bbox 378 5547 3762 5641; baseline 0.002 -31"><span class='ocrx_word' id='word_1_547' title='bbox 378 5547 793 5615; x_wconf 86' lang='lat' dir='ltr'><strong>absconditum</strong></span> <span class='ocrx_word' id='word_1_548' title='bbox 843 5556 1212 5640; x_wconf 75' lang='lat' dir='ltr'><strong>mysterium.</strong></span> <span class='ocrx_word' id='word_1_549' title='bbox 1267 5555 1442 5635; x_wconf 87' lang='lat' dir='ltr'><strong>Veni,</strong></span> <span class='ocrx_word' id='word_1_550' title='bbox 1498 5555 1802 5621; x_wconf 78' lang='lat' dir='ltr'><strong>Thesaure</strong></span> <span class='ocrx_word' id='word_1_551' title='bbox 1823 5577 2034 5622; x_wconf 84' lang='lat' dir='ltr'><strong>carens</strong></span> <span class='ocrx_word' id='word_1_552' title='bbox 2116 5554 2383 5621; x_wconf 90' lang='lat' dir='ltr'><strong>omnium</strong></span> <span class='ocrx_word' id='word_1_553' title='bbox 2443 5556 2855 5618; x_wconf 74' lang='lat' dir='ltr'><strong>salvantlorum</strong></span> <span class='ocrx_word' id='word_1_554' title='bbox 2944 5547 3082 5619; x_wconf 82' lang='lat' dir='ltr'><strong>vera</strong></span> <span class='ocrx_word' id='word_1_555' title='bbox 3151 5558 3538 5641; x_wconf 83' lang='lat' dir='ltr'><strong>exspectatio.</strong></span> <span class='ocrx_word' id='word_1_556' title='bbox 3589 5557 3762 5636; x_wconf 91' lang='lat' dir='ltr'><strong>Veni,</strong></span> 
     </span>
    </p>
   </div>
  </div>
