4120 6358
281 348 412 430 ¹509
1450 343 1894 409 DIVINORUM
1934 340 1973 404 A

2065 341 2264 404 )RUM
2308 341 2543 404 LIBER
3575 331 3697 399 510

295 491 666 548 mortuorum
708 480 1110 545 resuscitatio.
1152 479 1332 561 Veni,
1360 487 1592 561 potens,
1621 479 1723 560 qui
1753 475 2013 539 omniaA
2037 473 2135 537 Sic
2164 493 2270 538 ero
2299 473 2610 556 quibusvis
2639 472 2883 554 regibus
2929 473 3268 555 opulentior
3300 492 3314 533 :
3348 479 3407 535 et
3436 468 3695 534 mandu-

297 592 541 654 semper
558 572 686 634 solo
717 578 865 633 nutu
883 571 1053 648 facis,
1101 570 1403 644 immutas,
1438 577 1496 631 et
1525 567 1740 629 varias.
1775 565 1951 654 Veni,
2036 581 2201 654 cans,
2223 582 2291 626 ac
2329 564 2542 627 bibens
2571 571 2654 641 te,
2686 572 2746 626 et
2777 563 2839 625 in
2870 564 3046 625 horas
3077 562 3340 643 singulas
3361 561 3620 623 induens
3639 566 3697 620 te

300 647 540 742 peni-tus
607 659 1080 741 inaspectabilis,
1139 657 1447 732 intactilis,
1524 653 1952 737 impalpabilis.
2036 653 2200 714 fruar
2245 655 2538 742 bonorum
2571 652 2805 718 deliciis
2832 651 3357 742 inenarrabilibus.
3407 647 3697 742 Quoniam

298 738 477 826 Veni,
513 738 758 830 semper
786 765 994 809 manes
1048 745 1395 820 immobilis,
1428 763 1665 826 quoque
1690 748 1748 805 in
1780 745 1960 805 horas
2041 750 2106 804 tu
2137 761 2314 803 omne
2333 741 2579 817 bonum,
2602 751 2658 804 et
2682 760 2858 803 omne
2875 741 3084 818 decus,
3119 749 3179 803 et
3213 759 3391 802 omne
3428 738 3696 800 delecta—

305 849 464 902 totus
495 837 957 918 transmoveris,
991 846 1049 897 et
1077 835 1150 897 ad
1177 853 1287 896 nos
1306 835 1472 897 venis
1489 835 1757 914 jacentes
1773 833 1835 894 in
1861 832 1958 892 in-

299 930 469 1002 feris,
488 929 784 1010 quisupra
801 944 1013 988 omnes
1043 925 1224 986 coelos
1251 923 1506 986 habitas.
1540 923 1714 998 Veni,
1740 939 1960 1010 nomen

301 1007 844 1096 exoptatissimum,
879 1021 937 1076 et
989 1012 1554 1092 celebratissimum,
1600 1012 1675 1076 de
1706 1029 1822 1092 quo
1854 1007 1964 1070 fari

305 1106 448 1186 quid
481 1105 585 1180 sis,
643 1111 746 1165 aut
794 1121 976 1164 nosse
1030 1102 1242 1183 qualis,
1304 1109 1403 1163 aut
1461 1100 1797 1181 cuiusmodi
1855 1097 1959 1171 sis,

306 1194 481 1256 nobis
506 1211 751 1275 prorsus
808 1199 1086 1271 negatum
1120 1199 1232 1253 est.
1283 1190 1456 1272 Veni,
1505 1190 1706 1252 laetitia
1735 1186 1963 1275 sempig

312 1274 705 1357 terna.iVeni,
731 1299 952 1343 corona
985 1279 1523 1342 immarcescibilis.
1558 1277 1730 1352 Veni,
1765 1274 1965 1355 magni

310 1373 420 1433 Dei
453 1379 507 1433 et
533 1369 919 1452 Imperatoris
950 1371 1132 1430 nostri
1161 1387 1444 1450 purpura.
1468 1367 1623 1428 Veni
1653 1385 1800 1428 zona
1832 1365 1957 1446 (i7)

309 1469 375 1524 ut
407 1461 721 1541 crystallus
765 1458 986 1531 lucida,
1022 1465 1080 1520 et
1129 1457 1381 1536 gemmis
1426 1456 1748 1536 variegata.
1784 1453 1962 1534 Veni,

303 1550 601 1629 refugium
665 1549 1060 1610 inaccessum.
1120 1546 1294 1618 Veni,
1345 1546 1560 1626 regalis
1590 1562 1872 1628 purpura,
1905 1545 1966 1604 et

304 1649 571 1719 augusta;
635 1638 964 1719 maiestatis
993 1638 1257 1701 dextera.
1305 1639 1480 1718 Veni,
1534 1653 1710 1718 quem
1742 1635 1960 1696 misera

304 1730 507 1791 anima
536 1747 670 1790 mea
696 1726 1082 1800 desideravit,
1137 1737 1193 1789 et
1230 1727 1552 1789 desiderat.
1605 1724 1780 1799 Veni,
1807 1723 1936 1785 sole

304 1823 380 1884 ad
410 1821 605 1883 solum
633 1840 650 1896 ;
675 1839 806 1882 sum
840 1820 1002 1880 enim
1033 1820 1216 1895 solus,
1281 1820 1368 1881 uti
1420 1819 1608 1882 vides.
1652 1816 1828 1891 Veni,
1862 1818 1967 1896 qui

253 1933 264 1947 ι
309 1930 405 1974 me
436 1909 744 1992 separasti,
779 1917 839 1971 et
867 1909 1060 1970 solum
1095 1927 1228 1971 esse
1251 1908 1310 1969 in
1349 1921 1507 1970 terra
1537 1907 1754 1970 fecisti.
1787 1904 1963 1979 Veni,

307 2001 409 2082 qui
433 2002 620 2062 factus
651 2019 716 2063 es
743 1998 1110 2060 desiderium
1139 2018 1362 2070 meum,
1387 1997 1704 2079 fecistique
1730 2003 1794 2057 ut
1814 1995 1969 2057 desi-

306 2090 695 2164 derarem'te,
731 2087 803 2150 ad
831 2107 1009 2170 quem
1031 2088 1298 2168 aspirare
1329 2087 1528 2150 nullus
1555 2094 1769 2166 potest.
1789 2083 1964 2158 Veni,

305 2179 527 2242 halitus
561 2188 622 2242 et
651 2177 766 2238 vita
797 2195 951 2238 mea.
980 2176 1136 2238 Veni
1165 2175 1549 2258 deSpicabilis
1588 2173 1800 2235 animae
1822 2190 1969 2233 meas

306 2268 664 2344 consolatio,
719 2265 896 2346 Veni,
930 2265 1236 2345 gaudium,
1285 2273 1345 2326 et
1387 2265 1600 2344 gloria,
1652 2273 1710 2325 et
1740 2259 1972 2324 deliciae

311 2375 461 2419 mea:
490 2355 768 2417 assiduae.
805 2353 1035 2417 Gratias
1088 2371 1195 2433 ago
1228 2351 1356 2434 tibi,
1391 2351 1626 2434 quando
1658 2367 1815 2412 unus
1847 2367 1968 2410 me-

305 2465 440 2509 cum
471 2445 720 2526 spiritus
738 2444 886 2506 citra
925 2442 1362 2519 confusionem,
1405 2440 1880 2504 immutationem
1912 2445 1971 2500 et

302 2533 756 2597 conversionem
787 2533 974 2592 factus
1005 2549 1092 2607 es,
1157 2530 1416 2611 quicum
1465 2529 1548 2590 sis
1595 2533 1754 2592 Deus
1788 2545 1970 2606 super

310 2624 533 2704 omnia,
559 2621 709 2684 mihi
755 2620 955 2682 omnia
988 2620 1175 2682 factus
1226 2639 1291 2682 es
1329 2618 1630 2682 omnibus.
1673 2617 1973 2683 Alimonia

305 2710 766 2794 inexplicabilis,
791 2728 925 2791 quae
946 2708 1184 2771 absumi
1215 2707 1562 2789 neutiquam
1591 2715 1780 2789 potes,
1813 2725 1966 2788 quaa-

305 2821 422 2884 que
451 2799 641 2862 labris
687 2797 901 2860 animae
951 2816 1100 2858 mea:
1141 2797 1367 2877 jugiter
1411 2795 1759 2872 afl‘underis,
1822 2795 1969 2856 etin

304 2883 465 2954 fonte
519 2889 722 2951 cordis
768 2887 888 2949 mei
942 2886 1197 2949 ubertim
1230 2885 1514 2949 scaturis.
1548 2883 1970 2947 Indumentum

303 2980 637 3060 fulgurans,
686 2984 744 3037 et
793 2976 1097 3036 dsemonas
1155 2975 1438 3037 adurens.
1513 2973 1828 3047 Lustratio,
1863 2990 1968 3052 per

1943 1771 2024 1829 ’.B

2044 838 2306 892 mentum
2341 850 2428 906 es,
2469 840 2526 892 et
2580 830 2834 908 teidecet
2881 831 3088 910 gloria,
3135 840 3410 910 sanctam
3443 835 3502 888 et
3543 843 3696 888 con-

2045 918 2465 982 subtautialem
2500 921 2874 1000 Trinitatem,
2927 940 3058 1001 qua:
3108 920 3169 981 in
3202 923 3397 993 Patre,
3431 924 3490 978 et
3518 914 3693 994 Filio,

2046 1017 2102 1068 et
2130 1007 2352 1088 Spiritu
2377 1019 2580 1071 sancto
2613 1011 2960 1081 honoratur,
2987 1017 3044 1072 et
3066 1009 3428 1088 agnoscitur,
3469 1014 3528 1067 et
3548 1003 3698 1065 ado-

2045 1106 2232 1172 ratur,
2267 1105 2325 1158 et
2351 1098 2566 1160 colitur
2594 1097 2666 1160 ab
2719 1099 3100 1160 universitate
3152 1096 3419 1158 fidelium
3453 1111 3609 1156 nunc
3641 1099 3701 1153 et

2045 1201 2306 1266 semper,
2339 1193 2393 1248 et
2428 1203 2535 1267 per
2567 1186 2916 1248 infinitatem
2952 1185 3328 1248 saeculorum.
3361 1184 3576 1246 Amen.

2679 1300 2918 1365 CAPUT
2967 1301 3042 1366 Il.

2043 1413 2330 1489 Degivina
2351 1416 2724 1489 inusti-ctione
2742 1424 2789 1472 et
2810 1418 3219 1475 iituminatione
3235 1414 3477 1489 Spiritus
3496 1411 3698 1471 sancti-

2122 1484 2304 1545 Unum
2359 1503 2470 1544 esse
2527 1488 2706 1544 locum
2731 1560 2734 1561 ν
2759 1489 2954 1555 Deum,
3015 1490 3077 1545 in
3126 1504 3232 1561 quo
3265 1484 3409 1561 φρει
3464 1489 3700 1561 mortem

2119 1562 2302 1619 sancti
2347 1574 2537 1632 omnes
2576 1560 2976 1632 requiescunt:
3021 1567 3069 1617 et
3115 1555 3210 1632 q'm'
3265 1555 3436 1615 Deum
3482 1555 3694 1632 omisit.

2125 1633 2238 1689 alio
2268 1633 2330 1688 in
2358 1631 2471 1687 loco
2516 1631 2579 1686 in
2625 1628 2827 1702 futura
2873 1633 2990 1688 vita
3037 1628 3283 1703 requiem
3336 1645 3449 1686 non
3503 1628 3698 1683 inven-

2119 1710 2330 1764 turum.

2131 1812 2304 1886 Hem,
2329 1809 2486 1892 quod
2506 1810 2663 1872 istud
2693 1818 2809 1872 tam
2833 1810 3238 1873 venerandum
3259 1805 3602 1890 mysterium
3635 1804 3698 1865 in

2054 1921 2148 1964 me
2181 1902 2472 1983 paratur?
2501 1900 2660 1978 quod
2689 1919 2798 1962 nec
2856 1901 3055 1980 lingua
3095 1899 3288 1974 effari,
3339 1915 3449 1959 nec
3492 1911 3700 1955 manus

2049 1992 2289 2053 infirma
2316 1989 2531 2051 litteris
2561 2007 2811 2051 exarare
2838 1998 3051 2070 potest,
3100 1990 3175 2050 ad
3216 1987 3456 2050 laudem
3481 1992 3536 2045 et
3560 1983 3700 2063 glo-

2050 2081 2202 2142 riam
2234 2079 2392 2140 illius
2442 2081 2537 2139 cui
2585 2096 2794 2140 revera
2850 2097 2956 2160 par
2999 2078 3148 2154 laus,
3199 2086 3256 2140 et
3297 2074 3483 2138 oratio
3541 2070 3703 2132 nulla

2049 2168 2306 2251 reperiri
2329 2177 2526 2249 queat.
2562 2169 2680 2231 Sed
2717 2169 2770 2231 si
2798 2187 2928 2249 quae
2959 2187 3118 2229 nunc
3171 2167 3234 2228 in
3265 2185 3361 2228 me
3391 2162 3698 2244 deplorato

2052 2266 2325 2340 aguntur,
2375 2256 2700 2319 ineffabilia
2748 2265 2805 2319 et
2859 2255 3305 2337 inexplicabilia
3362 2260 3520 2330 sunt,
3581 2267 3699 2330 quo

2053 2348 2292 2410 tandem
2324 2347 2388 2407 in
2419 2356 2588 2427 pacto
2621 2346 2692 2422 is,
2720 2346 2820 2426 qui
2851 2346 2988 2407 talia
3012 2345 3258 2423 largitur
3286 2340 3562 2412 etefficit,
3597 2357 3702 2399 no-

2052 2437 2190 2500 stris
2219 2435 2508 2498 encomiis
2541 2443 2598 2497 et
2628 2431 3456 2514 prwdicationibusindigebit
3477 2437 3504 2494 ?
3527 2428 3700 2492 Certe

2053 2546 2170 2589 non
2189 2525 2634 2606 glorificabitur,
2661 2524 2760 2605 qui
2783 2524 3248 2604 estgloriﬁcatus
3273 2542 3287 2587 :
3311 2520 3702 2604 quemadmo-

2053 2617 2194 2679 dum
2225 2634 2336 2676 nec
2365 2613 2778 2694 illustrabitur,
2809 2633 2924 2677 nec
2953 2615 3156 2676 lumen
3195 2632 3230 2675 a
3256 2611 3428 2674 nobis
3460 2617 3698 2671 mutua-

2055 2706 2218 2768 bitur
2249 2705 2345 2766 hic
2375 2704 2489 2784 sol,
2525 2722 2702 2786 qucm
2732 2703 2797 2766 in
2825 2703 2976 2768 caelo
3026 2704 3326 2785 fulgentes
3355 2699 3702 2780 aspicimus.

2055 2793 2378 2871 Illuminat,
2409 2811 2525 2857 non
2555 2793 2950 2868 illuminatur,
2983 2794 3175 2855 lucem
3199 2791 3414 2866 fundit,
3452 2807 3568 2850 non
3601 2804 3706 2848 re—

2055 2887 2198 2969 cipit
2222 2909 2235 2948 :
2261 2886 2439 2950 habet
2456 2886 2774 2969 siquidem,
2801 2906 2980 2968 quam
2994 2889 3047 2951 ei
3070 2907 3103 2949 a
3121 2885 3415 2968 principio
3435 2881 3708 2946 conditor

2056 2987 2145 3038 est
2175 2977 2534 3055 impertitus.
2590 2975 2653 3040 Si
2703 2995 2846 3056 ergo
2887 2976 2988 3058 qui
3036 2978 3224 3038 solem
3270 2975 3411 3038 fecit
3439 2971 3707 3035 omnium
3745 3039 3750 3048 ι

305 3058 620 3131 continuas
649 3075 710 3129 et
738 3073 969 3127 sanctas
1000 3065 1512 3146 lacrymas,jquas
1541 3063 1840 3143 presentia
1871 3058 2024 3122 tua“
2051 3073 2395 3147 procreator
2423 3065 2605 3138 Deus,
2661 3064 2741 3127 ita
2791 3065 2954 3145 fecit,
3009 3073 3075 3127 ut
3105 3067 3334 3127 luceret
3380 3058 3704 3123 abundanti

311 3157 386 3220 iis
412 3159 485 3220 ad
516 3175 667 3239 quos
681 3155 848 3217 venis
874 3155 1146 3234 largitur,
1187 3155 1395 3216 eluens
1426 3171 1546 3215 me.
1601 3151 1832 3216 Gratias
1859 3168 1968 3231 ago

321 3251 449 3325 tibi,
479 3251 762 3332 quoniam
817 3249 947 3311 dies
999 3248 1130 3310 sine
1177 3266 1427 3330 vespera
1478 3247 1621 3308 mihi
1647 3247 1860 3323 ifactus
1880 3263 1965 3318 es,

327 3348 388 3402 et
415 3341 502 3401 sol
531 3343 678 3402 citra
699 3356 974 3401 occasum
1005 3359 1018 3400 :
1041 3337 1142 3419 qui
1173 3357 1289 3398 non
1314 3337 1498 3399 habes
1521 3335 1620 3396 ubi
1653 3343 1708 3396 te
1729 3334 1977 3396 abscon-

325 3428 458 3502 das,
481 3429 689 3509 quique
719 3427 913 3508 gloria
943 3435 1041 3488 tua
1078 3428 1290 3508 imples
1324 3426 1627 3488 universa.
1663 3423 1976 3504 Nunquam

324 3525 385 3578 tu
412 3517 488 3578 ab
519 3517 634 3578 ullo
660 3527 715 3580 te
741 3516 1138 3597 abscondisti,
1189 3535 1393 3577 verum
1427 3535 1535 3577 nos
1564 3532 1802 3594 semper
1832 3531 1976 3574 nos-

317 3613 444 3668 met
473 3613 586 3667 ate
625 3605 1071 3680 abscondimus,
1112 3605 1252 3667 dum
1275 3605 1346 3666 ad
1375 3610 1430 3665 te
1449 3604 1652 3664 venire
1676 3601 1974 3664 nolumus.

313 3695 429 3760 Ubi
463 3695 623 3757 enim
656 3704 712 3756 te
739 3695 1173 3770 absconderes,
1223 3694 1318 3757 cui
1364 3691 1784 3774 requiescendi
1814 3692 1977 3753 locus

317 3804 615 3866 nusquam
647 3784 786 3846 est?
807 3785 923 3846 Aut
944 3803 1050 3845 cur
1076 3791 1132 3845 te
1164 3783 1590 3858 absconderes,
1620 3781 1719 3863 qui
1753 3799 1823 3842 ex
1845 3800 1978 3842 om-

321 3875 500 3936 nibus
553 3873 843 3936 aversaris
888 3873 1216 3954 neminem,
1276 3871 1570 3934 revereris
1625 3868 1982 3932 neminem?

310 3963 482 4025 Nunc
511 3963 713 4042 igitur,
749 3965 846 4044 pie
875 3962 1151 4039 Domine,
1199 3961 1644 4024 tabernaculum
1672 3960 1733 4020 in
1759 3978 1852 4020 me
1876 3957 1984 4019 tibi

320 4056 459 4132 fige,
497 4063 555 4113 et
577 4052 778 4113 habita
801 4053 861 4112 in
893 4069 1012 4126 me,
1046 4059 1104 4112 et
1126 4069 1312 4132 usque
1334 4049 1408 4112 ad
1432 4048 1660 4113 obitum
1686 4066 1884 4110 meum
1909 4065 1985 4108 ne

316 4140 643 4216 divellaris,
671 4159 784 4202 nec
805 4139 1104 4221 separeris
1126 4159 1158 4201 a
1183 4158 1278 4201 me
1320 4158 1492 4200 servo
1548 4147 1668 4212 tuo,
1711 4145 1852 4198 utet
1875 4155 1983 4215 ego

317 4229 381 4290 in
415 4229 576 4291 exitu
609 4248 765 4304 meo,
802 4237 860 4291 et
916 4237 1047 4311 post
1103 4229 1323 4290 exitum
1385 4229 1448 4288 in
1511 4235 1566 4290 te
1597 4227 1889 4298 inveniar,
1929 4233 1987 4285 et

319 4334 570 4398 regnem
610 4323 831 4399 tecum,
877 4319 976 4398 qui
1001 4336 1236 4396 regnas,
1297 4317 1482 4391 Deus,
1532 4335 1712 4397 super
1760 4313 1983 4384 omnia.

2051 3155 2300 3231 lumine,
2327 3173 2437 3216 nec
2459 3173 2608 3235 opus
2627 3155 2873 3216 haberet
2893 3156 3012 3216 ullo
3037 3155 3214 3218 modo
3250 3152 3490 3215 aliunde
3517 3149 3710 3227 majus

2056 3251 2286 3324 petere,
2322 3243 2620 3324 quomodo
2680 3262 2715 3304 a
2760 3263 2855 3305 me
2909 3244 3010 3305 vili
3059 3243 3412 3323 abjectoque
3455 3239 3709 3320 gloriam

2056 3333 2310 3413 accipiet
2342 3333 2660 3394 fabricator
2675 3333 2841 3409 solis,
2882 3334 2977 3395 cui
3002 3333 3162 3394 nulla
3183 3331 3426 3393 omnino
3455 3347 3521 3390 re
3561 3344 3711 3406 opus

2060 3433 2173 3496 est,
2208 3430 2266 3483 et
2295 3421 2398 3502 qui
2427 3430 2569 3482 nutu
2601 3441 2670 3483 ac
2716 3423 3016 3486 voluntate
3064 3422 3246 3499 (solus
3291 3419 3452 3482 enim
3500 3424 3713 3498 potens

2060 3514 2171 3590 est)
2194 3510 2368 3572 bouis
2393 3509 2666 3571 omnibus
2690 3511 2898 3592 implet
2932 3512 3176 3573 omnia?
3220 3509 3464 3574 Interim
3503 3515 3561 3569 et
3591 3505 3711 3566 lin-

2061 3619 2174 3680 gua
2204 3619 2299 3661 me
2325 3599 2554 3679 ingenti
2586 3599 2895 3662 verberum
2923 3610 3178 3681 egestate
3209 3601 3416 3672 labrat,
3441 3609 3501 3662 et
3546 3616 3711 3681 qure-

2062 3691 2243 3750 inme
2275 3698 2547 3768 aguntur,
2584 3707 2754 3752 mens
2785 3709 2916 3752 mea
2965 3691 3121 3753 videt
3162 3691 3264 3752 illa
3305 3691 3569 3774 quidem,
3605 3687 3712 3750 sed

2065 3796 2363 3858 exponere
2395 3797 2513 3839 non
2544 3783 2714 3839 valet.
2782 3780 3038 3861 Aspicit,
3089 3789 3146 3842 et
3198 3781 3396 3862 eloqui
3427 3781 3570 3854 vult,
3607 3781 3712 3844 sed

2065 3887 2180 3948 quo
2201 3867 2549 3928 sermoneid
2570 3867 2768 3944 faciat,
2799 3888 2914 3930 non
2936 3869 3180 3930 invenit.
3207 3869 3474 3933 lntuetur
3495 3871 3718 3953 quippe

2067 3955 2537 4036 inaspectabilia,
2553 3957 3030 4037 etomnisfiguraa
3046 3961 3719 4042 undequamqueexper-

2069 4048 2169 4119 tia,
2204 4045 2500 4124 simplicia
2525 4064 2788 4125 prorsus,
2824 4065 2941 4108 non
2997 4051 3346 4130 composita,
3395 4059 3452 4112 et
3483 4051 3717 4130 magni-

2072 4133 2280 4195 tudine
2311 4134 2568 4196 infinita.
2601 4133 2721 4197 Nec
2753 4137 2913 4197 enim
2951 4137 3312 4219 principium
3358 4141 3568 4215 ullum,
3606 4160 3718 4204 nec

2068 4225 2249 4286 finem
2265 4225 2570 4306 perspicit,
2596 4235 2654 4288 et
2672 4227 2929 4290 medium
2950 4229 3123 4309 plane
3170 4231 3423 4314 ignorat,
3447 4250 3558 4294 nec
3580 4232 3714 4306 scit,

2075 4314 2312 4395 quinam
2346 4315 2576 4388 efferat,
2635 4315 2790 4396 quod
2837 4315 3015 4378 videt.
3062 4317 3274 4380 Totum
3328 4321 3624 4401 quoddam
3658 4320 3720 4382 in

322 4409 519 4483 Mane,
547 4408 818 4488 Domine,
848 4417 907 4468 et
938 4426 1013 4468 ne
1039 4426 1136 4468 me
1176 4407 1368 4469 solum
1409 4404 1705 4486 relinque,
1757 4411 1818 4464 ut
1849 4421 1984 4465 cum
2007 4427 2050 4477 ι)
2072 4422 2328 4478 summa,
2361 4414 2425 4465 ut
2474 4404 2753 4484 arbitror,
2788 4414 2846 4466 et
2887 4407 3232 4487 neutiquam
3281 4410 3410 4490 ipsa
3462 4411 3722 4473 essentia

322 4495 600 4558 venerint
625 4495 854 4557 inimici
889 4497 1026 4577 mei,
1053 4497 1156 4577 qui
1187 4496 1566 4558 continenter
1595 4501 1864 4575 quaerunt
1885 4493 1986 4553 de-

322 4605 533 4647 vorare
563 4586 822 4646 animam
856 4604 1077 4666 meam,
1105 4593 1279 4667 teque
1330 4585 1486 4646 intra
1517 4603 1612 4644 me
1646 4590 1986 4644 manentem

321 4673 683 4755 repererint,
712 4673 947 4754 penitus
969 4679 1327 4756 penitusque
1362 4671 1678 4752 refugiant,
1709 4691 1818 4732 nec
1845 4689 1988 4750 pra;-

321 4765 555 4825 valeant
587 4762 752 4839 mihi,
788 4782 923 4824 cum
975 4774 1035 4824 te
1078 4765 1380 4826 fortiorem
1430 4761 1708 4822 omnibus
1737 4761 1895 4822 intus
1923 4760 1986 4821 in

324 4852 630 4915 domicilio
663 4852 907 4913 humilis
928 4853 1143 4914 anima:
1171 4872 1315 4914 meae
1334 4851 1705 4914 residentem
1740 4868 1987 4931 conspe-

324 4942 544 5004 xerint.
581 4943 757 5015 Sane,
787 4951 847 5002 ut
883 4960 1114 5003 memor
1162 4943 1325 5004 fuisti
1371 4940 1512 5016 mei,
1546 4939 1824 5019 Domine,
1850 4958 1983 5001 cum

323 5031 386 5092 in
421 5033 642 5092 mundo
673 5048 892 5104 essem,
929 5037 988 5092 et
1018 5050 1114 5092 me
1145 5031 1336 5092 inscio
1368 5029 1498 5109 ipse
1530 5025 1763 5108 elegisti
1783 5045 1902 5102 me,
1929 5041 1988 5093 et

323 5140 360 5182 a
390 5119 612 5181 mundo
643 5119 974 5199 removisli,
1008 5129 1186 5201 atque
1209 5129 1346 5182 ante
1375 5118 1588 5180 faciem
1636 5117 1839 5197 gloria
1873 5125 1989 5178 tua:

326 5208 687 5272 constituisti
715 5231 728 5269 :
754 5208 841 5270 sic
865 5208 1042 5270 etiam
1068 5209 1415 5272 modointus
1445 5226 1543 5269 me
1573 5206 1982 5290 constitutum,

327 5319 453 5361 sem
465 5318 571 5380 per
586 5297 982 5374 immobilem,
1014 5307 1256 5380 propter
1280 5307 1434 5360 tuam
1459 5296 1648 5375 in;me
1670 5296 1986 5358 habitatio—

327 5409 467 5453 nem
500 5389 756 5468 custodi,
795 5395 857 5448 ut
879 5388 1144 5468 quotidie
1189 5389 1429 5450 intuens
1476 5395 1532 5447 te
1563 5403 1670 5465 ego
1699 5393 1986 5464 mortuus,

327 5479 539 5556 vivam,
566 5476 884 5559 possidens
908 5485 965 5538 te
987 5495 1093 5558 ego
1118 5495 1370 5560 pauper,
1393 5492 1636 5555 semper
1657 5474 1820 5537 dives
1849 5475 1986 5543 sim.

404 5656 523 5738 (17)
554 5657 703 5725 COd.
738 5657 940 5723 mend.
973 5659 1248 5735 ὑπόθημα,
1286 5657 1396 5734 leg.
1433 5655 1696 5732 ὑπόδυμα.

2067 4512 2198 4568 sua,
2232 4493 2339 4554 sed
2390 4493 2842 4575 participatione
2891 4496 3144 4558 videtur.
3199 4497 3430 4560 Etenim
3482 4519 3552 4561 ex
3583 4501 3720 4579 ignc

2068 4584 2267 4662 ignem
2291 4582 2588 4658 ascendis,
2637 4591 2695 4643 et
2725 4591 2909 4644 totum
2958 4588 3114 4665 quod
3167 4597 3223 4648 et
3272 4587 3426 4667 ignis
3450 4590 3714 4669 accipis:

2067 4672 2197 4752 ipsa
2227 4681 2428 4733 tamen
2470 4679 2680 4734 natura
2736 4673 2883 4753 ipsis
2938 4693 3054 4734 non
3093 4675 3312 4751 deficit,
3355 4687 3412 4739 et
3441 4676 3716 4754 indivisa,

2070 4768 2294 4822 utante
2328 4770 2663 4841 permanet.
2697 4760 3127 4838 Veruntamen,
3182 4767 3338 4846 quod
3379 4768 3718 4828 communi-

2070 4857 2257 4930 catur,
2289 4867 2323 4910 a
2375 4849 2566 4931 primo
2624 4868 2981 4930 separatur:
3030 4859 3091 4913 et
3132 4853 3273 4934 quia
3345 4865 3720 4936 corporatum

2070 4938 2354 5021 quiddam
2386 4947 2495 5021 est,
2527 4938 2586 5000 in
2615 4939 2920 5020 lampadas
2977 4944 3316 5022 complures
3347 4944 3719 5026 dispertitur.

2071 5027 2220 5092 lllud
2251 5036 2448 5090 autem
2483 5028 2789 5108 spirituale
2821 5038 2931 5103 est,
2982 5029 3478 5115 divisionemque,
3513 5035 3724 5097 sectio-

2070 5135 2233 5198 nem,
2262 5117 2700 5198 seperationcm
2737 5135 2979 5198 prorsus
3025 5120 3247 5183 nullam
3292 5124 3546 5186 admittit
3592 5124 3724 5186 Non

2072 5208 2234 5269 enim
2283 5205 2566 5286 quoniam
2621 5207 3120 5291 communicatur,
3179 5211 3374 5274 idirco
3421 5213 3484 5274 in
3543 5215 3725 5275 multa

2072 5295 2425 5370 secernitur,
2487 5296 2592 5358 sed
2647 5295 2967 5359 indivisum
3022 5309 3380 5378 perseverat,
3435 5312 3496 5365 et
3535 5302 3593 5363 in
3627 5321 3722 5365 me

2074 5395 2185 5463 est,
2222 5395 2279 5448 et
2308 5387 2368 5446 in
2398 5405 2494 5448 me
2521 5386 2679 5447 intus
2713 5385 2772 5446 in
2808 5385 3024 5448 misero
3067 5389 3248 5452 corde
3278 5411 3411 5453 meo
3442 5399 3720 5474 tanquam

2073 5481 2186 5558 sol,
2220 5483 2320 5538 aut
2351 5477 2553 5540 discus
2583 5475 2726 5539 solis
2753 5477 2959 5556 hnjus,
2991 5480 3302 5557 rotundus,
3358 5481 3477 5544 luci
3511 5483 3727 5546 similis
