4120 6396
411 340 522 406 511
1715 342 2050 410 SYMEONI

2139 339 2496 414 IUNIORIS
3684 334 3803 402 51'2

405 473 568 550 (nam
591 479 652 534 et
672 471 774 536 lux
794 473 908 552 est)
945 471 1234 536 exoritur.
1260 471 1496 546 Nescio,
1547 479 1612 535 ut
1637 470 1890 572 aiebam,
1918 471 2062 554 quid
2081 480 2125 536 Α
2144 471 2276 538 Non
2293 476 2453 572 enim
2485 475 2988 572 quemadmpdum
3017 492 3178 572 nunc
3206 451 3269 534 in
3296 469 3496 572 terris,
3525 469 3611 533 sic
3631 469 3810 572 etiam

409 561 486 624 de
515 580 586 623 eo
616 560 926 626 dicam.Et
969 561 1470 639 velobamtacere,
1497 562 1904 660 quodutinam
1939 581 2071 660 p_o_s-
2152 571 2292 660 tunc
2317 565 2576 660 futurum
2610 574 2720 629 est.
2771 564 2940 660 Nunc
2990 563 3210 660 quippe
3267 560 3368 643 qui
3418 560 3805 660 tepesciunl.

410 669 536 713 sem
572 651 719 713 :sed
783 651 1134 714 miraculum
1183 650 1584 716 venerationis
1628 652 1868 732 plenum
1896 653 2066 714 solli-
2152 653 2244 714 hic
2275 653 2336 716 in
2366 653 2619 732 deliciis,
2671 662 2728 716 et
2773 652 3178 735 voluptatibus
3224 650 3532 730 corporeis
3575 657 3805 710 atatem

411 740 551 802 citat
609 740 898 813 animum,
961 749 1020 804 et
1065 749 1294 804 reserat
1349 742 1650 821 impurum
1705 760 1772 803 os
1828 760 2062 806 meum:

408 829 630 909 quique
660 847 818 890 nunc
849 829 910 890 in
942 829 1123 914 corde
1155 848 1287 892 meo
1331 829 1650 892 tenebroso
1698 839 1890 891 ortum
1923 850 2060 910 pro-

411 917 562 992 tulit,
588 918 664 979 ad
701 919 1088 998 loquendum,
1152 918 1653 1000 scribuenquue
1697 919 1786 982 vel
1816 919 2064 982 invitum

412 1025 508 1068 me
532 1007 856 1087 compellit.

498 1095 607 1168 Qui
639 1096 785 1157 mihi
816 1097 1244 1160 demonstravit
1270 1095 1584 1178 mirabilia,
1609 1118 1740 1179 quae
1761 1099 1917 1162 oculi
1942 1119 2060 1162 non

410 1185 708 1262 viderunt,
726 1185 826 1266 qui
850 1185 910 1246 in
935 1204 1030 1247 me
1053 1194 1118 1247 ut
1137 1195 1504 1267 postremum
1553 1207 1621 1250 ac
1650 1187 1900 1250 infin—um
1923 1208 2047 1250 om-

411 1274 576 1335 nium
610 1293 676 1336 se
705 1273 966 1350 demisit.
993 1273 1102 1347 Qui
1127 1275 1423 1356 apostolos
1444 1276 1790 1356 discipulos,
1820 1287 1879 1339 et
1908 1279 2060 1341 filios

407 1362 688 1426 reddidit.
712 1363 778 1425 In
803 1381 921 1437 me,
947 1362 1213 1444 inquam,
1240 1383 1416 1445 quem
1438 1366 1768 1441 horribilis,
1791 1375 1847 1428 et
1869 1367 2058 1430 inter-

405 1451 600 1512 fector
626 1451 939 1513 hominum
973 1453 1151 1516 draco
1201 1453 1462 1527 tenebat,
1491 1454 1654 1534 prius
1709 1457 1905 1520 omnis
1936 1457 2058 1520 ini-

405 1538 650 1619 quitatis
698 1540 1064 1622 ministrum,
1121 1550 1182 1603 e'.
1233 1544 1600 1621 operarium.
1652 1545 1752 1606 Sol
1802 1546 1926 1626 ille,
1960 1551 2056 1628 qui

405 1628 605 1690 existit
628 1637 765 1690 ante
788 1630 1080 1709 originem
1121 1633 1495 1700 saeculorum,
1543 1641 1602 1694 et
1628 1634 1727 1714 qui
1772 1637 1926 1717 apud
1960 1639 2056 1698 in-

2149 742 2408 822 exigunt,
2442 744 2537 805 hic
2561 744 2875 818 exsultant,
2913 751 2970 805 et
2999 741 3186 803 instar
3203 741 3508 802 brutarum
3534 738 3805 799 animan-

2150 830 2296 892 tium
2328 833 2576 894 saltibus
2607 833 2940 896 lasciviunt.
2968 831 3112 905 Quae
3137 830 3210 892 ad
3236 849 3408 892 usum
3441 838 3499 892 et
3532 845 3804 890 commo-

2149 918 2395 982 ditatem
2417 928 2547 983 Vitaa
2569 922 2820 1001 agendce
2841 921 3083 996 dedisti,
3116 939 3188 982 ea
3216 918 3332 980 sibi
3374 917 3617 991 habent,
3652 926 3711 978 et
3743 916 3806 978 in

2147 1006 2221 1068 iis
2242 1009 2386 1089 splis
2417 1009 2620 1083 deﬁxi,
2650 1019 2780 1090 post
2798 1011 3129 1072 discessum
3156 1028 3225 1069 ex
3251 1008 3363 1069 hac
3388 1010 3517 1068 luce
3540 1005 3802 1068 similem

2141 1096 2354 1159 animm
2395 1107 2607 1170 statum
2648 1099 2775 1161 fore
2824 1099 3180 1160 existimant.
3234 1095 3352 1160 Sed
3404 1095 3557 1158 male
3601 1095 3803 1175 conje-

2144 1193 2325 1262 ctant,
2344 1190 2496 1248 male
2519 1188 2774 1268 sapiunt,
2803 1188 2905 1268 qui
2926 1206 2989 1249 se
3004 1207 3120 1248 non
3141 1195 3358 1259 tecum,
3387 1191 3802 1246 verumtamen

2142 1272 2204 1336 in
2235 1275 2445 1353 requie
2470 1277 2697 1338 futuros
2731 1283 3058 1352 automant,
3094 1275 3188 1337 cui
3231 1274 3424 1336 locum
3453 1272 3798 1354 quemdam,

2144 1383 2178 1424 o
2211 1363 2600 1446 domentiam,
2627 1374 2790 1427 extra
2842 1384 3090 1442 regnum
3124 1383 3191 1425 ac
3225 1363 3600 1436 thalamum,
3635 1381 3670 1422 a
3699 1381 3799 1441 ge-

2144 1453 2342 1514 henna
2371 1464 2428 1514 et
2456 1454 2611 1534 ignis
2639 1455 2930 1537 supplicio
2980 1462 3298 1526 semotum,
3333 1471 3444 1512 nec
3475 1469 3613 1512 eum
3643 1449 3799 1512 luci—

2142 1541 2305 1612 dum,
2337 1561 2404 1604 ac
2437 1542 2700 1606 tenebris
2743 1551 3040 1605 vacantem
3102 1541 3482 1612 constituant,
3528 1539 3592 1600 in
3619 1557 3797 1619 quem

2141 1629 2408 1692 infelices
2443 1631 2525 1694 illi
2563 1633 2845 1694 devenire
2879 1640 3103 1712 optant,
3140 1650 3258 1691 non
3291 1647 3466 1707 egere
3485 1645 3547 1691 se
3574 1635 3798 1688 aeterna

405 1718 564 1778 feros
597 1718 987 1800 resplenduit,
1025 1729 1080 1781 et
1096 1721 1331 1783 tandem
1348 1721 1688 1786 collustrata
1705 1727 1903 1788 anima
1926 1746 2050 1791 mea

2142 1729 2239 1782 tua
2257 1721 2466 1799 gloria,
2501 1731 2600 1784 aut
2629 1724 2912 1785 cmlorum
2947 1741 3152 1800 regno,
3187 1720 3291 1783 sed
3345 1721 3403 1780 in
3436 1719 3642 1800 requie
3669 1718 3795 1779 fore

407 1806 674 1868 tenebris
735 1809 994 1889 oppleta,
1055 1809 1212 1872 diem
1266 1811 1412 1873 mihi
1459 1831 1708 1893 vespera
1753 1825 2055 1880 carentem

405 1894 651 1974 largitus
679 1907 790 1961 est.
825 1897 935 1970 Qui
961 1899 1405 1962 mendicitatem
1440 1921 1630 1964 meam
1666 1904 1838 1966 bonis
1869 1908 2057 1968 omni-

403 1983 518 2046 bus
545 1987 884 2066 cumulasti,
919 1995 976 2047 tu
1012 2008 1350 2050 sermonem
1385 1991 1562 2068 dona,
1616 2003 1672 2054 et
1700 1995 1881 2058 verba
1914 1998 2052 2059 mihi

401 2092 676 2153 suggere,
702 2076 771 2136 ad
799 2078 1197 2140 enarrandum
1222 2079 1516 2143 universis
1546 2102 1726 2162 opera
1751 2093 1845 2145 tua
1871 2086 2054 2148 mira-

395 2161 564 2244 bilia,
590 2182 722 2245 qua:
744 2167 922 2228 hodie
941 2187 1179 2249 quoque
1223 2177 1466 2250 praaslas
1489 2161 1626 2249 erga
1659 2193 1766 2235 nos
1801 2175 2054 2238 famulos

397 2259 534 2312 tuos
562 2270 576 2314 :
612 2261 674 2313 ut
705 2262 761 2314 et
790 2254 888 2335 qui
921 2255 983 2316 in
1045 2256 1310 2320 tenebris
1339 2260 1629 2322 socordia:
1657 2263 2048 2339 dormientes,

396 2350 670 2402 asserunt
699 2352 1040 2422 peccatores
1085 2365 1203 2407 non
1255 2366 1430 2425 posse
1481 2349 1715 2431 salvari,
1771 2370 1840 2413 ac
1871 2354 2049 2417 veluti

397 2431 662 2511 Petrum,
723 2443 1090 2516 czeterosque
1139 2439 1436 2517 apostolos
1478 2448 1713 2502 sanctos
1745 2451 1802 2503 et
1825 2444 2046 2522 justus,

399 2518 529 2598 ipso
556 2519 839 2609 similiter
872 2523 1347 2588 misericordiam
1389 2527 1663 2609 adipisci,
1710 2530 1769 2591 id
1802 2518 2048 2595 bonitati

401 2614 515 2670 tua:
543 2608 716 2671 facile
747 2611 952 2692 fuisse,
1008 2632 1162 2687 esse,
1203 2624 1264 2678 et.
1310 2617 1431 2678 fore
1464 2608 1844 2696 cognoscant,
1876 2631 1934 2684 et
1962 2623 2050 2684 in-

396 2697 697 2786 telligant:
734 2708 792 2760 et
821 2701 922 2782 qui
953 2721 1018 2764 se
1046 2704 1373 2781 opina:er
1424 2707 1731 2786 possidere
1761 2718 1816 2770 te
1847 2711 2048 2773 lumen

393 2785 558 2848 orbis
580 2795 900 2864 terrarum,
933 2810 1044 2853 nec
1071 2803 1268 2855 tamen
1317 2804 1374 2856 te
1421 2785 1622 2860 videre
1665 2798 1893 2880 dicunt,
1928 2820 2046 2863 non

391 2875 590 2937 vivere
620 2877 679 2938 in
711 2877 959 2954 lumine,
994 2901 1110 2943 non
1143 2882 1490 2952 illuminari.
1526 2905 1642 2948 non
1678 2875 2044 2968 perspicere,

394 2969 451 3025 te
464 2965 708 3048 jugiter,
736 2967 814 3027 mi
839 2969 1126 3046 salvator,
1179 2972 1401 3047 norint,
1439 2981 1495 3035 te
1526 2975 1584 3036 in
1620 2965 1918 3040 mentibus
1939 2997 2044 3040 eo-

2139 1809 2518 1873 arbitrantes.
2547 1813 2696 1874 Proh
2722 1813 2964 1873 istorum
2979 1810 3295 1890 caliginem
3319 1809 3330 1870 !
3355 1809 3502 1887 proh
3525 1809 3798 1886 ignoran-

2139 1899 2277 1960 tiam
2306 1901 2319 1960 !
2352 1903 2495 1981 proh
2518 1901 2814 1962 miseriam
2849 1910 2905 1962 et
2928 1920 3066 1979 Spes
3090 1901 3296 1960 inanes
3325 1900 3337 1959 !
3368 1915 3653 1978 n'usquam
3682 1897 3794 1957 hoc

2139 1989 2428 2070 scriptum
2460 1998 2669 2064 exstat,
2706 2009 2993 2071 nusquam
3042 1991 3154 2051 hoc
3199 1987 3352 2050 erit:
3389 2005 3591 2047 verum
3624 1986 3795 2046 inlu-

2139 2080 2298 2142 mine
2327 2081 2697 2158 felicitatum,
2724 2083 2823 2163 qui
2847 2089 3048 2144 sancta
3071 2079 3346 2144 etdivina
3374 2077 3690 2158 gesserint,
3728 2077 3790 2138 in

2139 2171 2616 2232 tenebrisautem
2677 2191 2986 2252 pennarum
3038 2179 3230 2246 erunt,
3296 2169 3397 2250 qui
3457 2166 3788 2248 iniquitatis

2135 2261 2392 2338 operarii
2423 2259 2663 2321 fuerint.
2697 2258 2762 2321 In
2793 2260 2989 2320 medio
3015 2269 3209 2322 autem
3245 2258 3438 2318 hiatus
3469 2263 3556 2316 est
3585 2255 3788 2317 formi-

2133 2347 2368 2425 dabilis,
2401 2348 2608 2412 ambos
2647 2367 2995 2423 secernens,
3028 2347 3323 2429 quomodo
3373 2355 3430 2406 tu
3474 2344 3627 2424 ipse,
3662 2343 3786 2405 Do-

2134 2438 2314 2511 mine,
2352 2439 2669 2518 docuisti7,
2697 2439 2797 2519 qui
2834 2438 2958 2500 haec
2992 2435 3356 2517 praeparasti.
3421 2433 3544 2496 Hoc
3595 2435 3784 2495 inter-

2131 2527 2346 2592 vallum
2377 2527 2604 2588 homini
2628 2527 2686 2588 in
2714 2528 2907 2608 ipsum
2928 2525 3228 2589 delabenti
3278 2523 3441 2586 omni
3487 2531 3782 2584 tormento

2132 2634 2200 2677 ac
2231 2616 2521 2696 supplicio
2553 2616 2734 2678 dirius
2769 2615 2904 2691 erit,
2947 2615 3006 2676 in
3029 2613 3312 2695 abyssum
3345 2630 3679 2694 pcenarum,
3715 2611 3777 2673 in

2133 2705 2312 2766 chaos
2343 2705 2693 2785 perditionis
2723 2723 2830 2786 per
2858 2715 3032 2784 caput
3056 2703 3374 2765 infeliciter
3403 2722 3469 2764 se
3500 2702 3778 2782 praecipi-

2131 2793 2298 2868 tanti,
2331 2793 2669 2875 ruentique,
2706 2813 2822 2874 quo
2855 2794 2947 2855 his
2995 2793 3094 2874 qui
3139 2794 3198 2853 in
3231 2791 3496 2854 cruciatu
3529 2808 3775 2852 versan-

2131 2891 2245 2957 tur,
2281 2883 2520 2945 deicile
2551 2892 2639 2946 est
2666 2883 3014 2957 ascendere,
3047 2891 3106 2944 et
3132 2883 3203 2943 ad
3237 2894 3456 2944 terram
3477 2882 3770 2962 justorum

2131 2980 2518 3036 transmeare.
2556 2973 2779 3036 Malunt
2809 2972 3100 3052 siquidem
3122 2973 3182 3031 in
3213 2971 3350 3048 igne
3371 2989 3500 3032 cum
3532 2966 3766 3028 acerbi-

391 3070 524 3114 l‘um
570 3073 690 3116 non
741 3056 1002 3130 fulsisse,
1062 3079 1175 3122 nee
1233 3061 1554 3125 incoluisse
1605 3084 1809 3127 eorum
1870 3069 2247 3142 cordactate
2273 3061 2335 3123 in
2391 3062 2655 3124 cinerem
2703 3061 3190 3142 redigi,quamin
3213 3057 3766 3122 chaoshorrendum

392 3142 638 3204 sordida
669 3145 1000 3227 frustraque
1047 3166 1150 3210 eos
1203 3168 1350 3213 vana
1400 3169 1506 3232 Spe
1549 3155 1869 3237 exsultare,
1903 3156 2043 3218 dum
2128 3171 2192 3214 se
2226 3151 2669 3247 projicereQui
2705 3171 2844 3247 ergo
2874 3152 2995 3247 illic
3027 3160 3158 3247 post
3188 3159 3602 3247 mortemesse
3631 3165 3771 3247 con-

392 3247 459 3290 se
490 3241 620 3312 post
648 3234 828 3296 linem
862 3236 1036 3316 hujus
1067 3238 1198 3300 vitae
1250 3239 1450 3300 lumen
1485 3250 1644 3303 tuum
1685 3234 1913 3306 visuros
1942 3263 2042 3308 ar-
2127 3241 2456 3319 οιιρὶειυηι,
2493 3241 2691 3300 multis
2717 3240 3068 3336 lacrymis-et
3101 3239 3377 3336 lamentis
3407 3237 3570 3336 digni
3601 3243 3765 3336 sunt}.

387 3317 705 3384 bilranlnr.
730 3323 873 3386 Nam
904 3326 1136 3406 pignus,
1158 3337 1216 3389 et
1257 3329 1543 3407 sigillum,
1568 3349 1674 3394 seu
1715 3341 1939 3396 tessera
1970 3336 2040 3397 ad
2127 3317 2404 3409 quoniam
2426 3330 2764 3423 ut_j_umenla
2787 3317 3033 3390 rationis
3053 3328 3339 3423 expertia,
3364 3325 3596 3407 penitus
3615 3322 3776 3423 nihil

390 3409 693 3473 dexteram
729 3415 1096 3478 collocandis
1127 3418 1334 3480 ovibus
1367 3420 1539 3499 plane
1565 3423 1660 3483 hic
1683 3424 1942 3486 dataest.
1978 3425 2043 3489 Si
2129 3419 2385 3498 sapiunt.
2450 3418 2690 3479 Sibimet
2749 3427 2976 3499 ρθειθιη
3050 3416 3484 3498 imprecantur,
3544 3413 3774 3493 δείρεοε

392 3499 550 3560 enim
587 3503 993 3584 unusquisque
1029 3509 1353 3568 mortemi.
1385 3510 2046 3576 seinclnsameircum-
2123 3509 2411 3606 seducunt
2692 3597 2704 3606 _
3074 3595 3084 3606 -
3130 3603 3139 3606 _
3235 3600 3245 3606 Δ
3325 3601 3335 3606 _

389 3587 524 3662 fert,
562 3599 618 3652 et
656 3601 788 3670 post
817 3603 1066 3655 mortem
1120 3597 1398 3659 omnibus
1454 3619 1522 3659 ex
1579 3619 1746 3681 aequo
1794 3603 2039 3664 facultas
2207 3596 2291 3658 Tu
2325 3617 2574 3675 regnum
2599 3597 2906 3693 caelorum,
2951 3595 3204 3693 Dliriste,
3231 3600 3481 3693 tuterra
3514 3591 3769 3693 milium”.

391 3680 680 3756 operandi
705 3680 918 3757 deerit,
953 3692 1010 3744 et
1041 3703 1217 3745 nemo
1241 3706 1342 3747 seu
1369 3687 1530 3763 boni,
1570 3679 1674 3750 seu
1704 3691 1840 3753 mali
1865 3694 2042 3772 quill-
2127 3685 2215 3750 Tu
2249 3687 2444 3750 virens
2477 3686 2802 3766 paradisus.
2830 3684 2915 3746 Tu
2944 3684 3236 3781 thalamus
3260 3682 3601 3781 divinus'Let
3628 3679 3778 3778 inef-

395 3767 550 3847 piam
580 3788 756 3848 agere
781 3773 1018 3850 poterit,
1041 3774 1292 3851 quilibet
1322 3779 1544 3858 utique,
1580 3780 1769 3859 qualis
1795 3767 1915 3842 tum
1944 3783 2043 3844 iu-
2127 3777 2344 3838 fabilis.
2380 3776 2466 3837 Tu
2501 3795 2703 3837 mensa
2753 3773 3090 3836 communis
3146 3771 3437 3833 omnium.
3491 3769 3574 3830 Tu
3609 3767 3778 3848 panis

388 3864 599 3918 ventus
625 3859 824 3935 fuerit,
862 3862 994 3923 talis
1044 3864 1176 3924 erit.
1229 3864 1386 3926 Istud
1433 3877 1545 3940 est,
1587 3870 1862 3950 Domine,
1887 3871 2042 3952 quod
2131 3866 2268 3926 vitae
2323 3865 2409 3926 Tu
2445 3865 2905 3959 potus__inaxi_me
2938 3860 3251 3923 novus.Tu
3278 3861 3551 3959 poculum
3585 3877 3773 3959 aqua).

396 3945 542 4006 mihi
568 3955 600 4006 ιι
628 3966 854 4010 rrorem
890 3963 1334 4033 tremoremque
1360 3955 1587 4016 incutit.
1645 3957 1805 4019 Istud
1839 3945 2047 4022 omnes
2129 3954 2217 4017 Tu
2246 3974 2396 4035 aqua
2425 3955 2575 4016 vitae.
2609 3956 2693 4014 'l'u
2726 3954 3015 4034 cujuSquc
3033 3960 3369 4012 sanctorum
3421 3951 3666 4011 lucerna
3692 3949 3780 4010 in-

391 4053 604 4098 sensus
631 4057 792 4099 meos
824 4039 1117 4102 tabelacit.
1154 4041 1340 4105 Sicuti
1386 4064 1578 4107 caecus
1638 4047 1751 4108 fato
1784 4048 2042 4124 functus,
2132 4045 2438 4106 exstincta.
2477 4043 2577 4138 Tu
2599 4051 2656 4103 et
2682 4043 2900 4138 tunica,
2957 4049 3011 4102 et
3044 4059 3286 4138 corona,
3337 4049 3404 4138 et
3427 4055 3776 4138 coronarum

394 4135 454 4186 el.
485 4124 624 4186 illuc
660 4127 1002 4202 translatus,
1031 4149 1334 4211 nunquam
1361 4134 1545 4194 solem
1579 4135 1734 4198 hunc
1753 4155 1931 4198 sensu
1960 4138 2048 4198 vi-
2131 4133 2498 4195 distributor.
2533 4132 2620 4194 Tu
2646 4131 2954 4226 gaudiujn,
2988 4127 3448 4226 ct_requieS-.Tu
3478 4127 3685 4226 3‘9133,

389 4214 566 4274 vendi
628 4217 958 4297 usurpavit,
1018 4221 1284 4300 quamvis
1342 4222 1486 4284 olim
1541 4223 1600 4284 in
1637 4224 1748 4285 vita
1777 4226 2042 4301 rediens,
2134 4223 2383 4286 delicia:
2421 4222 2507 4283 Tu
2534 4221 2937 4318 exaltatio.'fu
2971 4214 3781 4318 animorumjucunditas.Et

394 4304 620 4367 lumina
641 4308 938 4386 receperit
963 4327 976 4370 :
1004 4309 1082 4369 ita
1119 4329 1314 4390 neque
1347 4312 1449 4393 qui
1497 4332 1631 4375 cum
1664 4323 1864 4376 mente
1892 4335 2045 4380 caeca
2068 4380 2110 4408 Π
2137 4312 2761 4391 lucebitgratiasancti
2785 4309 3039 4408 Spiritus
3061 4309 3168 4408 tui,
3195 4311 3561 4408 Deusmeus,
3597 4308 3801 4398 instas

393 4395 551 4455 diem
572 4380 898 4456 extremum
926 4396 1161 4474 obierit,
1192 4380 1246 4464 te
1272 4380 1484 4470 solem,
1503 4402 1912 4482 intelligentia:
1933 4406 2043 4468 soli
2068 4380 2110 4428 Β
2131 4404 2272 4464 sulis
2294 4410 2348 4462 in
2373 4401 2648 4462 omnibus
2690 4399 2910 4462 sanctis
2935 4401 3068 4460 tuis.
3118 4400 3188 4459 Et
3220 4397 3534 4498 lucebisin
3570 4416 3780 4498 eorum

393 4491 728 4563 parentem,
765 4485 920 4546 Deus
955 4505 1142 4567 meus,
1181 4488 1522 4552 intuebitur.
1553 4492 1658 4554 sed
1703 4512 1978 4571 egressus
2010 4516 2042 4558 e
2131 4492 2469 4566 medio,Sol
2494 4487 3778 4586 inaccessus,_omncs.queproportiolielidei,

395 4573 1035 4636 tenebrishabitabitin
1061 4576 1347 4650 tenebris,
1374 4587 1546 4659 atque
1570 4579 1628 4642 in
1648 4601 1824 4644 omne
1855 4602 2039 4646 aevum
2130 4601 2376 4662 operum
2414 4580 2564 4660 Spei.
2601 4579 2931 4658 cbari‘atis,
2960 4577 3232 4658 puritatis
3264 4584 3320 4637 et
3345 4576 3781 4657 illustrationis,

391 4680 424 4722 a
457 4667 516 4724 te
546 4662 939 4741 separabitur.
1001 4663 1188 4726 Nemo
1220 4667 1555 4748 hominum,
1589 4671 1861 4746 Domine,
1897 4673 1957 4735 in
1989 4683 2046 4736 te

391 4751 786 4814 credentium.
818 4772 993 4814 nemo
1028 4755 1086 4814 in
1145 4756 1398 4816 nomine.
1443 4767 1540 4818 tuo
1589 4758 2040 4840 baptizatornm,

391 4860 668 4920 magnum
705 4843 814 4903 hoc
838 4851 896 4903 et
926 4843 1197 4904 horroris
1231 4846 1472 4925 plenum
1521 4865 1671 4910 onus
1702 4850 2043 4927 sustinebit,

390 4939 454 4991 ut
483 4930 587 4992 abs
616 4939 672 4993 te
703 4941 1035 5012 separetur.
1068 4932 1206 4994 Dira
1272 4943 1357 4994 est
1395 4935 1552 4996 enim
1587 4937 1699 5000 ista
1726 4938 2042 5015 tribulatio,

391 5019 542 5092 dira,
579 5029 637 5080 et
672 5021 1067 5093 intoleranda,
1122 5030 1180 5082 et
1226 5031 1445 5086 aeterna
1493 5028 1853 5090 moestitudo
1895 5029 2045 5100 Quid

394 5129 672 5190 namque.
705 5109 974 5172 Salvator
1004 5111 1106 5190 mi,
1145 5113 1314 5192 pejus
1343 5131 1476 5176 esse
1496 5125 1708 5196 potest,
1736 5138 1909 5198 quam
1935 5123 2045 5183 abs

393 5209 448 5260 te
479 5199 700 5271 divelli,
733 5210 907 5281 atque
937 5201 1366 5282 sejungi?quill
1385 5205 1790 5281 cruciabilins,
1818 5228 1991 5288 quam
2013 5229 2046 5270 a

389 5289 504 5350 vita
535 5289 900 5368 disjunctum
933 5289 1055 5351 illic
1098 5291 1298 5351 vivere
1342 5291 1528 5354 instar
1571 5297 1810 5377 mortui,
1848 5299 2041 5376 priva-

392 5385 637 5460 tumque
669 5379 806 5458 vita,
842 5378 1058 5459 privari
1085 5380 1256 5440 simul
1308 5379 1477 5443 bonis
1536 5385 1830 5448 universis
1853 5387 2044 5450 ?Nam

391 5468 492 5548 qui
525 5467 630 5530 abs
660 5475 1069 5552 te.separatur,
1091 5468 1286 5531 omnis
1309 5469 1445 5533 boni
1459 5473 1750 5553 jacturam
1770 5476 2043 5541 incurrit.

471 5638 501 5698 7
530 5635 671 5710 Luc.
703 5655 824 5715 xvt,
853 5639 954 5706 26.

2129 4690 2198 4733 ex
2231 4669 2454 4751 Spiritu
2491 4678 2608 4740 tuo,
2639 4666 3149 4728 illuminabuntur.
3178 4665 3335 4726 Deus
3367 4665 3491 4725 sole
3518 4665 3782 4744 longani-

2134 4760 2270 4834 uiis,
2294 4769 2350 4820 et
2377 4761 2557 4840 judex
2578 4757 2872 4838 omnium,
2895 4757 2984 4818 his
3009 4755 3108 4837 qui
3133 4755 3471 4815 mansiones
3487 4754 3782 4835 diversas,

2133 4851 2334 4910 etloca
2347 4847 2902 4921 comminiscuntur,
2927 4864 3206 4906 mensura
3224 4844 3473 4905 rharitat
3500 4863 3525 4904 s
3545 4864 3784 4906 rursum

2132 4940 2245 5000 erit
2271 4957 2552 4998 mensura
2582 4935 2869 4998 claritatis
2909 4935 3200 5015 ipsorum,
3224 4941 3280 4993 et
3299 4952 3581 4994 mensura
3599 4935 3785 4996 visio-

2133 5028 2225 5089 nis
2257 5037 2390 5107 tuae,
2425 5028 2536 5088 erit
2563 5030 2773 5086 iterum
2809 5026 2996 5105 portio
3031 5023 3489 5102 magniﬁcentiae
3519 5024 3782 5100 illorum,

2133 5120 2346 5190 honor,
2371 5117 2622 5189 deliciae,
2660 5123 2715 5176 ct
2746 5115 2960 5194 gloria,
3019 5115 3090 5174 ad
3131 5112 3579 5175 distributiones
3609 5115 3787 5176 domo

2130 5227 2288 5278 rum,
2323 5217 2382 5267 (ί
2415 5207 2786 5268 mansionum
2813 5202 3323 5265 admirandarum.
3346 5202 3472 5264 Hoc
3505 5201 3788 5265 taberna-

2132 5301 2265 5361 cula
2291 5299 2545 5371 diversa,
2571 5298 2682 5358 hoc
2707 5297 2907 5357 multa;
2928 5295 3162 5374 domus,
3179 5294 3292 5355 hoc
3313 5295 3477 5355 stolzc
3509 5294 3789 5375 splendi-

2129 5389 2388 5451 dissimae
2409 5387 2723 5447 multarum
2739 5386 3118 5465 dignitatum,
3135 5390 3442 5444 etcoronze
3471 5383 3785 5458 distinctaa,

2131 5478 2342 5568 lapilli,
2377 5475 2732 5557 margaritae,
2798 5484 2857 5538 et
2916 5476 3094 5538 ﬂores
3153 5473 3544 5552 immortales,
3582 5498 3790 5547 novam
