4120 6386
340 365 462 431 513

1494 359 1937 428 DIVINORUM
1979 355 2310 424 AMORUM
2354 352 2588 420 LIBER

3601 341 3729 409 ‘51‘4

341 501 638 564 habentes
669 498 966 580 speciem,
990 497 1105 560 hoc
1125 495 1294 578 lecti,
1312 494 1820 574 stragulazvest'es,
1842 514 2004 556 men-
2025 503 2067 552 Α
2090 491 2347 574 Spiritus
2373 489 2755 552 sermonibus
2798 485 3168 551 incredulus.
3213 488 3286 550 :ln
3335 484 3508 580 omni
3536 485 3741 580 utique

341 610 430 666 sa,
457 588 688 662 throni,
725 587 785 650 et
813 587 1101 670 quidquid
1132 587 1203 648 ad
1249 585 1605 666 voluptatem
1633 585 2005 664 jucundissi-

342 699 506 741 mum
530 687 640 753 est,
670 685 820 750 erat,
845 685 934 738 est
956 685 1014 739 et
1037 676 1172 750 erit,
1190 683 1246 736 te
1263 672 2004 752 solumintueri.Siigitur,

340 777 407 832 ut
431 787 609 850 supra
628 765 1006 840 dicebamus,
1040 784 1157 827 non
1170 765 1441 825 videntes
1471 764 1673 825 lumen
1689 770 1878 838 tuum,
1895 780 2007 824 nec

339 859 446 920 abs
479 868 535 920 te
568 856 698 933 visi,
730 856 836 917 sed
868 855 1148 936 separati,
1194 855 1421 915 visione
1471 862 1586 926 tua,
1621 853 1824 913 omnia
1854 853 2010 913 bona

339 947 786 1030 complectente
814 945 1144 1025 privantur,
1178 943 1421 1005 ubinam
1456 941 1748 1022 requiem,
1783 941 1882 1003 ubi
1916 943 2007 1002 lo-

342 1029 722 1100 cumdolore
752 1053 1001 1096 vacuum
1033 1034 1388 1095 invenient?
1422 1032 1524 1092 ubi
1559 1031 1932 1105 habitabant,
1959 1029 2011 1093 si

343 1127 497 1190 recti
533 1145 652 1186 non
688 1123 970 1184 fuerint?
1015 1123 1238 1184 etenim
1279 1121 1442 1182 Recti.
1483 1121 1850 1184 habitabant
1877 1139 2010 1183 cum

348 1215 517 1277 vultu
543 1224 646 1276 tuo
668 1214 722 1274 8.
750 1213 1063 1274 Formatus
1088 1211 1246 1273 enim
1276 1211 1335 1272 in
1357 1229 1562 1272 eorum
1608 1219 1771 1271 recto
1807 1209 2006 1284 corde,

353 1313 414 1365 et
443 1303 708 1364 habitant
738 1320 872 1363 cum
901 1302 1088 1363 forma
1119 1308 1216 1362 tua
1248 1300 1306 1361 in
1341 1309 1420 1374 te,
1454 1298 1688 1361 Christe
1717 1316 1907 1362 meus.

428 1392 474 1454 Ο
507 1393 654 1453 mira
684 1409 805 1467 res,
861 1411 893 1450 ο
926 1389 1206 1451 bonitatis
1237 1389 1457 1450 donum
1518 1387 1908 1468 inopinabile,
1944 1386 2005 1448 in

344 1481 539 1544 forma
577 1481 684 1542 Dei
716 1498 848 1541 esse
877 1479 1174 1554 homines,
1204 1487 1260 1539 et
1278 1479 1515 1539 formari
1542 1478 1600 1538 in
1633 1477 1802 1558 ipsis,
1827 1494 2004 1557 quem

342 1589 522 1632 nemo
553 1570 737 1650 capit,
775 1573 986 1642 Deum,
1040 1568 1212 1646 cujus
1261 1574 1471 1628 natura
1521 1575 1578 1626 et
1607 1566 2002 1646 invariahilis,

341 1668 400 1721 et
429 1658 846 1734 immutabilis,
885 1657 984 1738 qui
1015 1656 1074 1717 in
1103 1654 1379 1716 omnibus
1412 1675 1476 1716 se
1509 1654 1702 1734 dignis
1735 1653 2005 1717 habitare

2091 573 2267 644 etiam
2299 581 2362 642 hi
2393 587 2591 653 erunt,
2623 597 2832 641 revera
2884 587 3079 639 autem
3135 585 3302 639 extra
3347 573 3614 637 divinqu
3646 574 3741 634 lu-

2091 689 2253 750 men,
2291 670 2605 751 ipsumque
2642 671 2852 732 Deum.
2913 665 2990 730 Ut
3045 668 3209 742 caici,
3245 666 3477 728 lucente
3505 663 3655 739 sole,
3685 669 3744 724 et

2091 760 2196 822 toti
2228 757 2576 820 circumfusi
2608 757 2860 831 lumine,
2918 765 3115 818 tamen
3149 765 3314 817 extra
3347 755 3554 815 lumen
3581 757 3740 824 sunt,

2092 850 2426 929 cognitione
2457 857 2818 929 aspectuque
2845 847 2918 908 ab
2975 865 3044 908 eo
3097 845 3394 927 sejuncti:
3430 843 3516 905 sic
3562 841 3743 903 estin

2092 938 2254 999 omni
2285 937 2547 998 divinum
2581 935 2887 998 Trinitatis
2920 937 3142 1011 lumen,
3198 943 3256 996 et
3284 935 3344 995 in
3379 933 3575 994 medio
3606 939 3745 992 sunt

2092 1037 2452 1107 peccatores,
2483 1027 2746 1088 tenebris
2768 1027 3101 1108 praepediti,
3144 1026 3464 1108 quominus
3485 1023 3742 1097 videant,

2093 1117 2396 1196 ullamque
2430 1116 2760 1178 Divinitatis
2785 1116 3084 1178 notionem
3109 1135 3178 1176 ac
3193 1132 3434 1177 sensum
3459 1111 3737 1174 habeant:

2092 1207 2198 1268 sed
2230 1206 2528 1280 ardentes,
2565 1212 2624 1265 et
2652 1223 2756 1266 sua
2783 1204 3048 1286 ipsorum
3071 1203 3436 1266 conscientia
3451 1200 3742 1262 condem-

2092 1293 2236 1375 nati,
2271 1292 2652 1356 al‘llictionem
2684 1293 3188 1374 inexplicabilem,
3224 1303 3280 1354 et
3311 1291 3581 1353 dolorem
3604 1291 3742 1352 ine-

2089 1381 2450 1444 narrabilem
2485 1400 2591 1461 per
2621 1383 2838 1444 saecula
2867 1383 3231 1463 sempiterna
3258 1379 3658 1442 sustinebunt.

2716 1502 2956 1567 CAPUT
3010 1503 3111 1567 ΙΙΙ.

2087 1631 2360 1707 Quomodo
2387 1635 2554 1692 Pater
2583 1635 2670 1690 hic
2714 1635 3064 1700 immutatus,
3111 1639 3509 1707 purgatusque,
3569 1633 3744 1707 arcti;

2155 1705 2291 1762 sime
2336 1722 2461 1762 cum
2505 1708 2617 1762 Deo
2664 1707 2988 1778 conjunctus
3017 1705 3128 1778 sit;
3155 1705 3430 1778 et’qualis
3479 1721 3548 1762 ea:
3589 1705 3745 1778 quati

342 1749 487 1829 vult,
520 1757 586 1809 ut
609 1748 1020 1847 quilibetinse
1036 1754 1224 1850 totum
1254 1763 1480 1850 regem,
1510 1745 1702 1850 ipsum
1724 1762 1997 1823 regnum,

2160 1745 2410 1840 ιυαέενίι,
2442 1745 2617 1835 ἱρεῖῡᾶ
2641 1745 2988 1849 εἷῖιῗῖιῖἳὸἓ
3015 1745 3205 1850 ἕὶἕρίιϊ
3228 1745 3745 1850 αἷῖῧὲἶιπῗαςῗιέἷὲἑ

341 1847 402 1898 et
430 1838 503 1899 ad
535 1855 787 1914 regnum
811 1835 1169 1917 pertinentia
1188 1833 1422 1908 habeat,
1455 1843 1512 1895 et
1540 1834 1780 1912 fulgeat,
1809 1853 2014 1914 quem-

342 1927 671 1988 admodum
707 1925 944 1987 refulsit
975 1923 1272 1986 redivivus
1289 1923 1445 1985 Deus
1469 1942 1662 1997 meus,
1699 1922 2008 2003 plusquam

339 2015 496 2076 radii
527 2015 672 2076 solis
701 2015 904 2094 hujus,
945 2031 1122 2094 quem
1169 2011 1494 2074 cernimus.
1527 2011 1598 2072 Et
1630 2030 1764 2072 cum
1797 2011 2008 2072 astite-

343 2103 469 2165 rint
494 2105 549 2165 ei
583 2104 683 2184 qui
715 2105 801 2166 sic
830 2102 992 2184 ipsos
1022 2101 1392 2181 gloriﬁcavit,
1429 2100 1839 2180 magnitudine
1869 2101 2002 2180 glo-

343 2193 474 2268 τίω,
510 2202 570 2254 et
599 2192 837 2254 assiduo
868 2191 1082 2253 divinae
1112 2190 1396 2252 claritatis
1419 2190 1787 2251 incremento
1818 2191 2005 2250 admi-

346 2283 577 2345 ratione
605 2282 838 2344 attoniti
888 2289 1152 2346 manent.
1214 2281 1334 2346 Nec
1385 2281 1544 2344 enim
1605 2281 1742 2342 ullis
1773 2279 2004 2343 szeculis

340 2372 690 2452 proficiendi
723 2371 859 2434 linis
888 2371 1039 2434 erit:
1077 2371 1370 2452 siquidem
1398 2369 1591 2444 statin,
1619 2389 1724 2432 seu
1754 2370 2000 2433 cessatio

343 2463 717 2524 incrementi
749 2462 948 2523 (iniret
995 2461 1052 2522 id
1087 2461 1242 2542 quod
1278 2460 1437 2521 finiri
1487 2462 1712 2540 nequit,
1747 2467 1807 2521 et
1835 2478 2002 2520 com-

340 2551 811 2633 prehensionem
849 2548 1754 2631 prorsusincomprehensibilis,
1772 2549 2007 2610 satieta-

341 2653 583 2722 temque
615 2639 1130 2715 induceretillius,
1157 2659 1274 2720 quo
1317 2639 1511 2700 satiari
1535 2638 1733 2700 nullus
1761 2647 1954 2718 potest
1986 2659 1999 2699 :

341 2731 446 2792 sed
480 2730 789 2811 plenitudo
815 2727 966 2808 ejus,
995 2737 1052 2790 et
1074 2729 1257 2806 gloria
1279 2727 1429 2789 lucis
1451 2727 1696 2807 abyssus
1722 2727 1835 2788 erit
1865 2747 2006 2808 pro-

342 2821 558 2896 fectus,
588 2828 644 2882 et
668 2821 796 2881 sine
815 2820 935 2880 tine
952 2817 1337 2900 principium.
1365 2816 1437 2878 Et
1474 2817 1626 2878 sicut
1657 2817 1755 2897 qui
1788 2817 2008 2878 habent

347 2907 652 2973 Christum
684 2909 841 2970 intus
891 2908 1232 2982 formatum,
1283 2905 1504 2983 eidem,
1561 2924 1896 2986 quanquam
1925 2905 2008 2968 ita

342 2998 624 3076 fulgenti,
656 3006 717 3058 ut
740 2996 891 3058 adiri
929 3004 1206 3077 nequeat,
1233 3002 1424 3057 astant
1464 2994 1892 3056 nihilominus:
1922 2995 2008 3056 sic

343 3088 477 3150 finis
509 3089 571 3148 in
605 3087 777 3167 ipsis,
802 3086 897 3166 glo
911 3085 1011 3148 rite
1035 3094 1125 3147 est
1145 3084 1407 3147 initium.
1434 3083 1626 3164 Atque
1649 3091 1712 3144 ut
1741 3083 1848 3145 tibi
1872 3103 2003 3146 seu-

345 3195 474 3238 sum
500 3185 888 3255 mentemque
908 3192 1106 3236 meam
1133 3172 1454 3234 dilucidius
1471 3190 1786 3252 exponam,
1805 3173 1864 3233 in
1881 3174 1998 3236 fine

2161 1849 2326 1920 plena
2350 1848 2745 1906 demonstrant.
2780 1851 2866 1906 Ad
2897 1848 3202 1906 extremum
3231 1849 3523 1920 theologire
3552 1848 3617 1904 de
3638 1863 3745 1904 an-

2161 1921 2295 1990 gelis
2325 1921 2569 1994 disserit.
2616 1923 2906 1994 Principio
2953 1921 3245 1988 orationis,
3293 1935 3447 1976 more
3464 1921 3746 1991 justorum

2163 1997 2454 2048 accusator
2480 1993 2572 2049 sui
2600 1997 2697 2049 est.

2170 2099 2410 2172 Quaasst
2431 2102 2564 2178 ista,
2589 2102 2858 2164 Salvator
2882 2101 2985 2178 mi,
3017 2102 3312 2164 immensa
3335 2099 3748 2164 misericordia

2090 2197 2187 2250 tua
2205 2190 2235 2249 ‘I
2256 2189 2563 2262 Quomodo
2581 2210 2676 2254 me
2700 2191 3027 2272 impurum,
3056 2211 3150 2252 me
3180 2191 3500 2272 perditum,
3525 2191 3747 2253 mefor-

2089 2279 2400 2356 nicarium,
2435 2280 2566 2341 fieri
2597 2279 2935 2342 membrum
2956 2295 3120 2342 tuum
3135 2280 3366 2341 voluisti
3389 2287 3416 2343 ?
3438 2279 3743 2353 Quomodo

2086 2386 2182 2430 me
2204 2369 2351 2430 stola
2379 2369 2770 2451 lucidissima,
2796 2370 3118 2451 splendore
3138 2370 3600 2432 immortalitatis
3635 2389 3742 2432 co-

2088 2467 2390 2534 ruscante,
2425 2467 2482 2520 et
2511 2459 2713 2521 omnia
2746 2459 3018 2521 membra
3063 2477 3193 2521 mea
3223 2459 3423 2522 lucida
3451 2460 3744 2522 reddente

2086 2549 2658 2611 vestivistiYEtenim
2686 2568 2903 2630 corpus
2927 2557 3091 2611 tuum
3109 2551 3574 2621 immaculatum,
3599 2549 3746 2611 divi-

2088 2658 2370 2720 numque,
2408 2660 2525 2701 non
2556 2641 2956 2721 commistum,
2984 2652 3045 2704 et
3063 2641 3439 2703 commistum
3461 2640 3741 2702 ineffabi-

2089 2729 2246 2804 liter,
2268 2737 2453 2792 totum
2475 2730 2610 2810 igne
2634 2730 2958 2791 divinitatis
2980 2731 3254 2810 fulgurat.
3279 2729 3350 2791 Et
3369 2731 3481 2791 hoc
3503 2749 3741 2812 quoque

2089 2816 2324 2878 donasti
2357 2817 2529 2894 mihi,
2562 2819 2721 2882 Deus
2743 2837 2934 2882 meus.
2967 2818 3124 2881 Deus
3150 2837 3409 2900 namque
3435 2819 3574 2881 huic
3606 2838 3742 2881 sor-

2090 2904 2252 2982 dido,
2275 2913 2332 2968 et
2357 2907 2624 2969 interitui
2646 2908 2902 2970 obnoxio
2947 2907 3330 2970 tabernaculo
3371 2927 3507 2970 meo
3536 2907 3745 2970 unitur

2087 3013 2302 3075 corpus
2359 3004 2523 3058 tuum
2579 2997 3305 3073 incontaminatissimum,
3370 3007 3427 3060 et
3502 2997 3744 3076 sanguis

2088 3102 2255 3144 meus
2281 3087 2680 3166 permiscetur
2713 3087 2990 3167 sanguini
3045 3097 3164 3161 tuo,
3224 3096 3314 3150 sat
3360 3087 3508 3162 scio,
3544 3090 3743 3149 unitus

2086 3191 2214 3233 sum
2250 3175 2426 3235 etiam
2459 3175 2756 3238 divinitati
2791 3185 2921 3251 tum,
2975 3184 3036 3237 et
3081 3177 3331 3238 affectus
3363 3196 3496 3237 sum
3526 3195 3741 3258 corpus

349 3263 650 3326 habebunt
679 3263 1064 3344 principium,
1101 3270 1158 3323 et
1187 3260 1245 3320 in
1278 3259 1568 3341 principio
1593 3261 1794 3323 ﬁnem.
1821 3260 1995 3322 Plus-
2081 3270 2248 3324 tuum
2263 3264 3741 3346 mundissimum,membrumfulgidum,membrum

352 3372 526 3432 quam
556 3355 796 3434 plenum
829 3351 1096 3431 intellige
1129 3351 1298 3425 mihi,
1359 3358 1418 3410 et
1452 3349 1812 3410 accessionis
1843 3351 1999 3412 haud
2079 3368 2215 3412 vere
2246 3361 2539 3427 sanctum,
2578 3354 2912 3416 membrum
2946 3355 3122 3434 longe
3165 3355 3437 3430 rutilans,
3481 3356 3738 3435 pelluci-

355 3442 647 3520 indigum,
677 3451 734 3504 et
755 3442 855 3523 qui
880 3449 1147 3518 currunt,
1171 3459 1274 3502 eos
1301 3442 1481 3500 linem
1506 3439 1718 3500 inﬁniti
1749 3459 1867 3500 non
1890 3459 1997 3500 an-

355 3538 664 3594 tevertere.
694 3531 756 3595 Si
789 3550 1050 3612 namque
1077 3539 1342 3594 transeat
1386 3528 1601 3591 caelum
1635 3529 1815 3610 istud,
1849 3529 2006 3610 quod

357 3621 624 3682 videmus
652 3631 707 3683 et
737 3630 918 3697 terra,
955 3629 1015 3683 et
1070 3639 1200 3701 quae
1252 3619 1313 3680 in
1361 3637 1431 3680 ea
1459 3626 1596 3680 sunt
1625 3618 1829 3680 omnia
1859 3637 2008 3680 con-

345 3711 506 3790 jecta
534 3713 691 3792 quod
723 3711 865 3780 dixi)
896 3713 1011 3773 erit
1040 3710 1156 3772 loci
1190 3707 1676 3790 comprehensio,
1705 3708 1804 3768 ubi
1828 3707 2008 3768 tinem

351 3801 648 3873 invenies,
678 3820 797 3861 non
822 3801 957 3862 dico
978 3818 1353 3879 corporeum,
1377 3797 1482 3858 sed
1511 3796 1710 3858 animo
1744 3797 2008 3877 plenitu-

345 3889 547 3951 dinem
598 3890 807 3951 mundi
839 3889 1176 3970 incorporei
1209 3887 1435 3969 poteris
1467 3886 2003 3966 comprehendere.

339 3978 470 4041 Non
495 3988 586 4040 est
615 3988 808 4040 autem
835 3979 1112 4053 mundus,
1161 3979 1272 4039 sed
1305 3995 1428 4058 aer,
1463 3977 1614 4037 sicut
1640 3983 1812 4037 antea
1845 3993 1859 4038 :
1898 3994 2007 4038 nec

335 4069 584 4149 aer,sed
599 4067 1019 4130 inenarrabilis
1035 4068 1213 4149 (quod
1233 4067 1574 4129 universum
1589 4065 1821 4147 vocant)
1839 4065 2006 4146 abys-

2092 3441 2256 3515 dum,
2296 3451 2355 3503 et
2383 3443 2728 3524 splendens.
2762 3442 2949 3506 Video
2982 3444 3518 3524 pulchritudinem,
3567 3445 3740 3506 video

2089 3530 2498 3610 splendorem,
2523 3533 2584 3593 in
2607 3533 2849 3614 speculo
2871 3534 3074 3612 gratim
3097 3541 3208 3595 tuae
3247 3533 3447 3595 lumen
3479 3534 3736 3612 intueor,

2093 3628 2152 3680 et
2175 3618 2665 3701 inexplicabilem
2697 3623 2987 3700 fulgorem
3043 3622 3420 3704 obstupesco,
3455 3630 3513 3684 et
3542 3633 3742 3685 mente

2093 3711 2340 3791 excedo,
2375 3711 2516 3772 dum
2571 3713 3002 3787 animadverto,
3056 3713 3245 3795 qualis
3274 3714 3509 3790 fuerim,
3551 3714 3742 3795 qualis

2090 3797 2278 3861 factus
2301 3801 2412 3860 sim
2433 3801 2788 3864 mirabiliter
2820 3819 2834 3865 :
2883 3811 2940 3864 et
2967 3801 3171 3879 timeo,
3206 3811 3265 3865 et
3293 3821 3573 3864 revereor
3603 3821 3738 3866 me-

2088 3889 2306 3970 ipsum,
2341 3899 2399 3952 et
2427 3899 2700 3972 tanquam
2737 3901 2794 3954 te
2825 3911 3102 3956 revereor
3140 3911 3208 3954 ac
3250 3903 3472 3975 metuo,
3509 3902 3568 3955 et
3598 3912 3741 3974 per-

2092 3979 2299 4059 plexus
2319 3999 2474 4057 sum,
2501 3990 2558 4044 et
2584 3983 2827 4044 omnino
2849 4001 3062 4045 vereor
3084 3983 3184 4044 ubi
3201 3984 3468 4060 sedeam,
3503 3983 3597 4046 cui
3627 4003 3737 4065 ap-

2091 4071 2506 4152 propinquem,
2543 4071 2720 4134 etubi
2741 4071 3010 4135 membra
3026 4081 3124 4134 tua
3160 4073 3474 4150 reclinem,
3507 4073 3580 4136 ad
3611 4092 3743 4155 quae

336 4159 583 4220 sustine
608 4177 820 4220 carens
848 4160 1108 4240 penitus;
1146 4158 1452 4238 aequaliter
1482 4156 1746 4236 undique
1775 4163 1894 4217 tota
1931 4173 1999 4218 ex
2083 4178 2285 4239 opera,
2321 4161 2393 4222 ad
2426 4179 2573 4242 quas
2620 4162 2886 4223 actiones
2936 4171 3053 4222 tam
3112 4163 3556 4225 venerabilibus
3585 4163 3739 4228 divi—

336 4250 608 4333 partibus
636 4252 927 4332 utrisque.
962 4250 1088 4312 Hoc
1137 4270 1312 4313 omne
1365 4249 1670 4311 divinitate
1700 4249 1994 4330 repletum
2080 4248 2291 4330 nisque
2313 4249 2598 4312 membris
2621 4251 2857 4313 tandem
2881 4250 2984 4313 ubi
3014 4251 3288 4316 debeam.
3325 4255 3410 4316 Da
3441 4253 3586 4314 mihi
3609 4272 3742 4335 quae

337 4349 456 4403 est.
488 4339 600 4413 Qui
631 4360 770 4421 ergo
805 4343 934 4422 ejus
964 4341 1284 4423 participes
1315 4347 1472 4415 sunt,
1509 4338 1645 4400 etin
1676 4337 1804 4419 ipso
1835 4337 2001 4400 habi-
2022 4337 2217 4404 Ddico
2250 4347 2307 4400 et
2335 4339 2518 4421 loqui,
2553 4348 2610 4403 et
2641 4341 2860 4417 facere,
2894 4363 2928 4402 ο
2958 4341 3192 4424 artifex,
3251 4349 3308 4404 et
3339 4343 3509 4405 lictor
3539 4361 3738 4405 meus.

342 4438 490 4504 tant,
524 4431 820 4512 quomodo
847 4439 1031 4492 totum
1074 4430 1564 4510 complectantur,
1601 4436 1664 4489 ut
1694 4427 1871 4489 etiam
1901 4445 2002 4490 sa-

344 4518 678 4582 turentur?
724 4529 824 4582 aut
877 4519 1197 4596 quomodo,
1231 4518 1329 4581 dic
1365 4517 1534 4598 mihi,
1570 4517 1750 4577 finem
1783 4513 2005 4578 inﬁniti

343 4607 635 4688 capient?
684 4608 1114 4672 Difﬁcillimum
1148 4608 1342 4689 plane,
1396 4615 1454 4669 et
1485 4603 1997 4685 impossibileest.

343 4695 496 4757 Nam
515 4715 708 4778 neque
728 4699 825 4761 hic
845 4700 905 4760 in
928 4716 1180 4780 corpore
1217 4703 1451 4760 sanctos
1477 4695 1782 4771 degentes,
1809 4711 2002 4774 neque

343 4786 492 4849 illuc
513 4787 574 4848 in
597 4787 716 4849 Deo
740 4789 1048 4850 translatos
1077 4788 1212 4850 talis
1241 4787 1487 4849 omnino
1513 4783 1788 4865 cogitatio
1800 4783 2003 4845 subire

343 4884 564 4956 potest.
591 4875 966 4958 Obteguntur
988 4896 1242 4958 namque
1283 4875 1508 4938 lumine
1534 4874 1752 4936 divinae
1774 4871 1999 4949 gloriae,

2085 4425 2326 4509 Nam,si
2348 4447 2480 4509 qua:
2500 4429 2731 4508 loquor,
2760 4429 2927 4491 factis
2965 4449 3082 4491 non
3127 4438 3362 4511 praesto,
3386 4431 3573 4494 factus
3604 4450 3736 4493 sum

2087 4534 2190 4590 aes,
2221 4525 2413 4592 acute,
2461 4525 2520 4578 et
2570 4519 2788 4580 frustra
2814 4518 3095 4596 tinniens,
3131 4529 3190 4580 et
3217 4539 3425 4582 sonum
3461 4521 3737 4601 pulsuum

2086 4604 2237 4667 nihil
2258 4606 2522 4668 sentiens
2535 4607 2589 4667 9.
2615 4607 2731 4672 Sed
2757 4616 2815 4671 tu
2841 4608 2960 4670 noli
2982 4627 3077 4670 me
3103 4608 3428 4682 dimittere,
3472 4609 3596 4672 noli
3623 4611 3734 4673 dc-

2085 4695 2429 4776 relinquere
2453 4713 2466 4758 :
2491 4714 2638 4759 neve
2654 4697 2813 4758 sinas
2829 4695 3112 4760 oberrare
3133 4717 3228 4760 me
3253 4699 3518 4761 Salvator
3539 4717 3732 4778 meus,

2087 4802 2204 4861 me,
2230 4786 2494 4866 inquam,
2525 4787 2830 4858 miserum,
2857 4787 3219 4868 mendicum,
3240 4806 3308 4850 ac
3320 4789 3731 4870 peregrinum,

2085 4883 2146 4936 et
2172 4874 2381 4936 decem
2413 4875 2662 4936 millium
2712 4876 3072 4939 talentorum
3123 4877 3227 4939 tibi
3257 4878 3592 4941 debitorum
3625 4880 3729 4943 10:

343 4964 782 5042 illuminantur,
818 4976 872 5029 et
910 4968 1132 5044 lucent,
1197 4975 1255 5029 et
1305 4965 1678 5028 oblectantur
1708 4965 1765 5025 in
1797 4961 1910 5032 his,
1945 4969 2006 5023 et
2082 4982 2290 5026 verum
2323 4964 2477 5026 sicut
2504 4965 2670 5043 olim,
2696 4965 2777 5027 ita
2801 4972 3034 5029 etnunc
3058 4967 3254 5031 facito.
3279 4973 3449 5030 Tunc
3471 4971 3631 5032 enim
3661 4969 3734 5032 ab

342 5053 544 5115 sciunt
572 5073 733 5137 vere,
768 5057 1052 5137 omnique
1083 5066 1142 5117 et
1175 5057 1348 5137 plena
1379 5054 1518 5135 fide,
1554 5049 2002 5132 horum'perfe-

346 5143 610 5206 ctionem
635 5146 924 5208 infinitam
946 5148 1096 5208 fore.
1125 5147 1171 5208 Α
1195 5145 1318 5208 Deo
1341 5152 1536 5206 autem
1556 5141 1795 5222 abjecti,
1817 5139 2002 5200 miror

343 5233 448 5294 ubi
481 5234 830 5308 consistent,
895 5237 1065 5315 longe
1116 5234 1368 5313 sejuncti
1423 5233 1496 5294 ab
1549 5251 1619 5293 eo
1651 5231 1750 5312 qui
1783 5229 2002 5310 ubique

345 5331 459 5384 est.
489 5324 560 5386 Et
582 5343 755 5404 sane,
776 5325 1013 5398 fratres,
1053 5326 1398 5386 miraculum
1431 5319 1998 5402 obstupescendum,

346 5422 406 5475 et
441 5414 507 5475 ad
543 5413 700 5495 quod
737 5414 889 5476 bene
941 5414 1391 5493 intelligendum
1445 5419 1643 5474 mente
1672 5409 2001 5470 illuminata

344 5521 494 5584 opus
524 5508 620 5584 sit,
656 5514 719 5564 ut
751 5522 872 5564 non
902 5503 1129 5566 incidas
1178 5505 1239 5565 in
1287 5501 1564 5564 haeresim
1620 5500 1786 5582 quasi
1818 5498 2002 5561 divini

416 5677 448 5724 8
478 5673 635 5738 Psal.
671 5688 912 5748 cxxxnx,
953 5675 1049 5736 tt.
1135 5672 1219 5734 91
1255 5674 1390 5736 Cor.
1424 5687 1551 5750 xui,
1589 5671 1644 5733 l.

2085 5053 2456 5131 haereditate,
2492 5063 2727 5136 totaque
2761 5063 2920 5118 terra
2951 5057 3158 5138 patria,
3207 5065 3392 5138 patre,
3426 5059 3730 5138 fratribus,

2090 5149 2296 5232 matre,
2333 5143 2700 5224 domesticis,
2753 5143 2989 5226 alienis,
3049 5153 3108 5207 et
3138 5147 3403 5225 cognatis
3431 5149 3731 5232 omnibus,

2087 5240 2144 5292 et
2172 5231 2380 5292 amicis
2409 5251 2506 5292 me
2537 5243 2939 5314 peccatorem.
2975 5244 3033 5295 et
3089 5235 3366 5297 omnibus
3398 5237 3528 5299 istis
3559 5231 3734 5303 vilio-4

2073 5340 2209 5382 rem
2226 5321 2779 5403 scparasti,tuisque
2794 5325 2949 5386 ulnis
2966 5324 3373 5386 mundissimis
3386 5329 3655 5409 complcx
3668 5349 3736 5393 us

2085 5429 2169 5490 es,
2200 5411 2300 5492 qui
2336 5429 2430 5473 me
2460 5411 2749 5474 adversus
2782 5413 3072 5476 beneficia
3109 5423 3204 5474 tua
3235 5414 3528 5494 ingratum
3563 5419 3738 5481 exhi~

2085 5500 2330 5561 bueram
2364 5499 2488 5564 :sic
2519 5502 2698 5564 etiam
2733 5512 2982 5566 nunc-tu
3018 5501 3356 5567 misericors
3386 5508 3735 5575 misericor-

1733 5667 1789 5722 ⁸ο
1819 5671 2020 5734 Matth.
2054 5685 2222 5746 xvm,
2255 5669 2358 5734 Ἦ.
