4120 6382
396 309 399 312 ’
459 329 585 396 sis
1766 315 2144 388 SYMEONIS
2182 317 2527 384 JUNIORIS
3741 322 3864 388 sto

455 470 613 532 diam
639 464 786 529 mihi
811 462 1032 538 tribue,
1073 459 1186 543 sic,
1211 458 1479 541 inquam,
1515 457 1636 518 imo
1665 473 1810 519 vero
1841 453 2052 536 magis,
2079 472 2114 516 o
2135 463 2177 512 Α
2198 454 2338 516 Haec
2367 453 2661 534 subjectio
2711 458 2975 521 omnium
3032 476 3162 539 quae
3218 466 3462 537 aspectu
3490 457 3854 520 sentiuntur.

454 559 614 622 Deus
646 573 833 625 meus,
860 561 918 616 et
938 553 1228 615 miserere
1254 549 1395 622 mei,
1423 555 1480 609 et
1501 544 1735 607 custodi
1759 563 1877 620 me,
1905 551 1962 605 et
1990 561 2111 604 non
2198 544 2361 605 Hanc
2392 543 2729 608 habuerunt
2782 547 2980 627 angeli
3031 556 3216 610 status
3267 547 3360 609 sui
3392 546 3851 627 firmitudinem,

455 656 654 710 rectos
683 644 867 706 animi
891 642 1007 704 mei
1030 641 1294 721 impetus
1313 654 1652 717 compesce,
1679 642 1738 695 et
1764 633 1838 695 ad
1871 650 2112 695 omnem
2199 649 2334 721 cum
2357 630 2631 694 Satanam
2659 643 2718 696 et
2737 637 2935 698 socios
2949 636 3100 716 ejus,
3121 635 3408 714 opinione
3428 637 3652 710 inflata,
3674 652 3854 715 quam

455 735 844 803 tentatiouem
881 719 1332 809 molestiamque
1360 726 1492 787 vitai
1519 725 1725 804 hujus,
1747 731 1806 784 et
1837 740 2118 803 quaacuu-
2201 719 2276 781 de
2305 730 2494 783 semet
2524 722 2819 786 habebant
2849 725 3148 800 seductos,
3183 725 3258 787 de
3289 726 3437 788 coelo
3469 725 3688 788 cadere
3717 741 3857 784 cer-

455 848 573 912 que
602 827 731 907 ipse
761 823 906 884 mihi
937 821 1116 882 stulte
1148 838 1308 891 creo,
1355 826 1413 878 et
1449 817 1509 877 in
1542 814 1758 912 quibus
1788 832 1890 912 me
1916 811 2118 911 invida}
2197 817 2433 912 neptes,
2466 813 2893 912 cognitioueet
2917 814 3128 876 timore
3157 815 3314 877 aucti
3334 822 3505 912 sunt.
3547 813 3670 912 Qui
3691 812 3855 874 enim

453 897 793 982 daemonum
826 920 1034 972 natura
1087 916 1296 988 teutat,
1347 914 1405 966 et
1448 923 1579 986 quae
1626 902 1966 964 imbecilles
2019 898 2116 960 isti
2197 897 2374 988 hujus
2407 907 2631 988 tantum
2665 901 2832 963 obliti
2865 911 3027 974 sunt,
3071 905 3248 965 etiam
3297 903 3553 964 elatione
3581 901 3858 962 volunta-

452 1009 666 1070 fratres
688 1005 801 1064 mei
827 999 1062 1081 pariunt
1083 997 1228 1058 mihi
1255 985 1451 1057 verbis
1474 1003 1532 1056 et
1552 993 1743 1066 factis,
1765 991 1837 1052 ad
1863 993 2008 1064 hmo,
2029 989 2118 1049 in-
2195 985 2284 1047 ria
2313 987 2686 1081 deciderunt.
2723 991 2960 1067 Contra,
2993 995 3091 1072 qui
3125 992 3283 1054 istud
3316 998 3736 1081 cognoverunt,
3775 989 3855 1081 ti-

453 1114 654 1179 quam,
687 1075 886 1152 omnia
939 1087 1232 1179 patienter
1294 1082 1650 1179 perferenda
1707 1099 1800 1141 me
1833 1081 2114 1142 idoneum
2201 1075 2768 1179 morihchain'itatique
2799 1081 3196 1179 adliaarentes,
3221 1082 3460 1179 eraltati
3490 1086 3646 1142 sunt.
3681 1077 3858 1141 Unde

457 1165 667 1248 redde.
692 1179 821 1242 Heu
862 1165 980 1251 me,
1019 1174 1157 1255 quia
1187 1172 1455 1234 membra
1488 1189 1621 1232 mea
1650 1181 2122 1232 consumuntme
2204 1165 2459 1255 cognitio
2495 1169 2818 1231 Dominicm
2873 1172 3182 1251 potestatis
3234 1171 3579 1232 charitatem
3614 1184 3858 1248 quoque

457 1281 635 1355 atque
667 1253 1112 1344 conficiuntpet
1141 1270 1382 1344 propter
1429 1261 1641 1323 eadem
1675 1278 1913 1320 rursum
1946 1257 2118 1318 doleo
2203 1253 2602 1355 amplificavit,
2634 1261 2912 1338 quoniam
2946 1260 3147 1340 plures
3177 1259 3355 1320 etiam
3388 1276 3699 1320 coruscum
3724 1255 3858 1316 Tri-

455 1341 785 1439 trahorque
817 1375 850 1416 a
903 1341 1177 1435 pedibus,
1233 1341 1332 1432 qui
1392 1351 1584 1412 locum
1634 1349 1848 1428 capitis
1877 1347 2121 1408 sortitus
2204 1341 2404 1405 uitatis
2433 1345 2723 1439 fulgorem
2744 1347 3118 1439 manifestius
3145 1345 3690 1439 videbant,et_is_tud
3712 1363 3853 1439 rur-

448 1471 606 1515 sum.
633 1434 858 1510 Iucedo
900 1434 1078 1504 nudis
1111 1440 1389 1520 pedibus,
1423 1447 1482 1500 et
1511 1439 1698 1520 spinis
1727 1453 2116 1518 compungor,
2205 1451 2338 1492 sum
2373 1453 2614 1496 omnem
2642 1437 2819 1497 aliam
2852 1437 3268 1516 cogitationem
3322 1435 3699 1504 excludebat,
3733 1434 3854 1494 im-

451 1539 815 1617 cruciorque
845 1533 1254 1606 vehementer,
1281 1549 1392 1591 nec
1416 1527 1743 1617 cruciatum
1769 1527 1917 1588 fero.
1951 1526 2124 1590 Alter
2209 1521 2644 1604 mutabilesque
2664 1525 2916 1617 faciebat
2939 1545 3042 1587 eos
3057 1527 3162 1617 qui
3189 1527 3263 1587 ah
3307 1525 3476 1586 initio
3506 1522 3855 1617 mutabilem

448 1631 673 1713 pedum
714 1612 993 1686 ineorum
1017 1639 1192 1700 porro
1216 1616 1504 1699 procedit,
1529 1618 1691 1713 alter
1711 1615 1926 1677 iterum
1960 1624 2122 1678 retro
2207 1620 2478 1674 naturam
2500 1624 2875 1694 acceperant,
2900 1615 2959 1676 in
2982 1615 3344 1678 sublimitate
3363 1612 3696 1677 cmlestium
3721 1627 3859 1690 per-

453 1705 857 1786 convertitur,
885 1711 1002 1772 huc
1021 1709 1162 1770 illuc
1189 1709 1451 1804 trahunt,
1483 1715 1540 1768 et
1564 1705 1803 1804 rapiunt
1822 1723 2120 1804 me,.sup—
2142 1753 2183 1804 Β

447 1811 705 1893 plantor,
740 1812 800 1893 et
824 1804 1108 1893 deorsum
1131 1799 1306 1862 cado.
1348 1797 1571 1893 Omnes
1597 1797 1774 1893 igitur
1795 1795 1964 1893 sequi
1995 1814 2116 1857 nou

451 1886 721 1982 possum.
741 1891 959 1956 Jacere
984 1889 1203 1950 malum
1234 1896 1344 1962 est,
1375 1896 1432 1948 et
1460 1887 1747 1982 incedere
1778 1886 1866 1947 sic
1896 1886 2116 1982 impro-

449 1971 586 2050 vide
606 1983 875 2047 deterius
906 1989 1017 2058 est,
1037 1996 1210 2058 quam
1231 1978 1462 2056 jacere,
1489 1975 1723 2054 quando
1755 1971 2115 2035 omnesalias

450 2075 820 2142 calamitates
846 2068 1049 2130 vincit.
1079 2067 1352 2139 Domine,
1383 2064 1597 2143 largire
1642 2063 1787 2124 milii
1816 2064 2039 2125 luctum
2059 2073 2116 2124 et

447 2161 1000 2247 compunctionem,
1033 2165 1092 2219 et
1122 2157 1368 2247 dignare
1403 2173 1497 2216 me
1530 2153 1754 2247 servire
1787 2152 1917 2247 tibi,
1937 2162 1994 2214 te
2016 2172 2111 2247 eo-

447 2241 604 2328 lere,
625 2259 684 2313 et
708 2265 946 2311 servare
963 2253 1168 2306 sancta
1197 2243 1468 2305 mandata
1495 2251 1591 2302 tua
1612 2241 1672 2302 in
1693 2241 1956 2304 tenebris
1977 2241 2109 2302 vitae

452 2342 655 2422 hujus,
683 2346 742 2400 et
765 2338 824 2396 in
854 2335 1074 2396 mundo
1095 2333 1231 2412 isto,
1261 2331 1361 2422 qui
1380 2330 1812 2422 tristititelocus
1839 2329 2111 2394 est.Gra-

455 2419 564 2494 tias
589 2428 694 2491 tibi
719 2446 848 2506 ago,
877 2443 1010 2486 cum
1037 2425 1212 2484 vitam
1245 2420 1391 2481 mihi
1440 2419 1722 2494 tribuisti,
1759 2421 2110 2499 donastique

451 2529 517 2583 ut
550 2532 1000 2597 cognoscerem,
1035 2519 1092 2573 et
1121 2511 1430 2572 adorarem
1465 2520 1544 2583 te,
1582 2509 1741 2571 Deus
1763 2527 1930 2570 meus
1975 2507 2120 2569 Haec

453 2616 543 2672 est
576 2607 735 2669 enim
769 2603 907 2679 vita,
933 2618 1293 2680 cognoscere
1316 2609 1372 2660 te
1386 2599 1576 2660 solum
1606 2602 1816 2679 Deum,
1843 2597 2114 2660 etcondi-

459 2707 648 2760 torem
684 2693 1144 2767 eil'ectoremque
1202 2687 1493 2766 omnium,
1561 2707 1676 2748 non
1741 2696 1960 2762 natum,
1995 2706 2112 2748 non

461 2795 750 2856 creatum,
797 2781 988 2842 solum
1020 2777 1250 2858 absque
1283 2777 1596 2858 principio,
1625 2786 1683 2839 et
1709 2777 1920 2838 Filium
1957 2795 2027 2837 ex
2059 2783 2116 2836 te

459 2875 748 2956 genitum,
785 2872 860 2945 11,
897 2877 954 2930 et
983 2868 1405 2949 procedentem
1439 2886 1509 2928 ex
1540 2875 1796 2956 utroque
1828 2864 2114 2956 Spiritum

460 2954 900 3028 sanctissimum
913 3007 928 3032 ,
943 2956 1223 3018 omnibus
1237 2956 1715 3037 prosequendam
1731 2954 2005 3016 laudibus
2019 2954 2118 3015 tri-

2207 1711 2537 1766 manentes.

2203 1887 2291 1950 De
2312 1907 2452 1952 vero
2471 1893 2768 1953 monacho
2791 1901 2846 1954 et
2877 1897 3008 1972 ejus
3029 1893 3245 1972 ofﬁcio.
3265 1891 3354 1954 Ad
3378 1898 3676 1972 quantum
3706 1906 3853 1952 con-

2357 1974 2782 2052 templationis
2811 1976 3130 2054 fastigium
3160 1977 3285 2054 ipse
3313 1972 3676 2035 ascenderit.

2279 2077 2630 2157 Quicunque
2654 2079 2984 2140 monachus
3009 2086 3118 2155 est,
3147 2078 3369 2140 mundo
3397 2096 3462 2140 se
3483 2095 3601 2138 non
3616 2075 3851 2150 miscet,

2193 2177 2400 2230 etcum
2424 2166 2550 2228 solo
2587 2171 2706 2230 Deo
2733 2177 3016 2250 perpetuo
3046 2175 3329 2232 versatur.
3355 2165 3551 2243 Videt,
3589 2172 3647 2226 et
3677 2164 3848 2226 vide-

2194 2265 2310 2332 tur,
2346 2265 2526 2332 amat,
2564 2265 2622 2318 et
2651 2268 2904 2318 amatur.
2944 2259 3036 2320 Fit
3066 2258 3292 2333 lumen,
3327 2257 3534 2319 lucens
3563 2262 3849 2336 quantum

2193 2345 2390 2408 verbis
2419 2347 2708 2407 declarari
2741 2366 2857 2408 non
2895 2355 3107 2427 potest.
3147 2347 3532 2420 Praedicatus,
3566 2343 3754 2423 magis
3785 2361 3853 2406 se

2198 2435 2537 2497 mendicum
2570 2444 2826 2514 reputat,
2891 2445 2942 2497 et
3000 2436 3317 2499 conciliata
3381 2434 3492 2495 sibi
3527 2433 3848 2494 multorum

2197 2523 2478 2598 amicitia,
2514 2525 2704 2586 instar
2760 2525 3010 2606 hospitis
3062 2545 3130 2587 ac
3180 2523 3480 2606 peregrini
3529 2529 3639 2585 est.
3696 2522 3848 2584 Hem

2198 2629 2410 2677 novum
2446 2632 2708 2692 prorsus,
2769 2622 2827 2675 et
2885 2615 3038 2694 quod
3103 2635 3218 2676 non
3280 2613 3469 2694 possis
3525 2621 3615 2673 sat
3651 2610 3848 2692 eloqui

2199 2701 2547 2764 miraculum
2612 2705 2674 2765 ln
2734 2703 3048 2767 immensis
3079 2704 3290 2784 opibus
3323 2720 3544 2783 pauper
3575 2720 3705 2762 sum
3741 2723 3753 2760 :
3792 2708 3850 2761 et

2197 2811 2332 2854 cum
2364 2791 2698 2869 possideam
2733 2792 3010 2873 plurima,
3047 2794 3195 2854 nihil
3229 2793 3448 2853 habere
3482 2811 3576 2853 me
3601 2799 3760 2871 pulo,
3790 2797 3850 2852 et

2197 2881 2259 2943 in
2289 2901 2575 2962 aquarum
2600 2883 2771 2964 copia
2791 2883 2961 2946 sitire
2985 2902 3080 2946 me
3103 2884 3404 2965 profiteor.
3439 2881 3508 2945 Et
3536 2883 3664 2962 quis
3695 2879 3846 2942 mihi

2197 2972 2621 3052 suppeditabit,
2643 2993 2760 3054 quo
2783 2972 3068 3036 abundo?
3108 2981 3166 3035 et
3187 2972 3289 3036 ubi
3308 2971 3625 3045 inveniam,
3659 2987 3839 3050 quem

464 3052 944 3144 namlmilatfmg
971 3064 1145 3127 quam
1172 3046 1420 3144 adorare
1456 3044 1628 3125 θίΡίθ
1656 3044 1877 3144 ⁰⁰¹εῗ¹⁸θτ
1904 3063 2110 3125 quam“
2133 3075 2173 3127 C
2198 3044 2463 3142 quotidie
2493 3044 2722 3124 cerno?
2771 3071 2828 3124 et
2878 3062 3174 3144 quomodo
3207 3062 3396 3143 patiar
3425 3080 3496 3124 eo
3525 3059 3627 3141 qui
3656 3044 3716 3120 in
3745 3076 3843 3120 me

457 3144 547 3204 vis
577 3141 758 3204 aliam
787 3137 1035 3216 gloriam
1068 3153 1172 3196 seu
1205 3142 1529 3211 terrenam,
1555 3153 1658 3196 seu
1677 3135 1978 3197 caelestem
2011 3153 2114 3194 an-

469 3231 713 3296 tecellit.

533 3321 683 3394 Quid
712 3319 867 3382 enim
885 3315 1270 3396 Angelorum,
1289 3313 1429 3394 quid
1443 3313 1980 3393 Archangelorum,
1999 3313 2115 3375 Do-

459 3409 875 3481 minationum,
907 3403 1250 3479 Cherubim,
1286 3411 1344 3464 et
1375 3402 2112 3483 Seraphim,ca>terarum-

455 3520 570 3582 que
600 3499 866 3561 omnium
898 3493 1228 3558 caelestium
1261 3492 1555 3582 legionum
1589 3492 1811 3582 gloria,
1826 3499 1944 3582 est,
1980 3492 2112 3582 nisi

452 3581 656 3653 lumen
691 3582 1179 3659 immortalitatis,
1203 3582 1317 3643 nisi
1341 3581 1643 3661 gaudium,
1663 3581 1775 3642 nisi
1800 3581 2107 3644 illumina-

459 3680 537 3742 tio
575 3679 708 3740 vitae
729 3675 804 3737 ab
837 3673 1003 3736 omni
1033 3673 1161 3736 fece
1190 3689 1391 3732 rerum
1426 3671 1820 3732 humanarum
1854 3670 2106 3750 purissi-

457 3767 617 3831 mae?
648 3765 763 3827 nisi
793 3781 978 3826 unum
1011 3762 1212 3822 lumen
1269 3767 1486 3821 sanctae
1517 3757 1824 3820 Trinitatis
1853 3759 2106 3820 divisum

451 3855 707 3920 indivise
739 3850 1080 3931 tripliciler,
1115 3848 1273 3930 quod
1314 3866 1495 3909 unum
1528 3855 1616 3909 est
1645 3848 1704 3908 in
1740 3847 1927 3912 tribus
1960 3849 2108 3910 cha-

447 3944 805 4015 racteribus,
834 3938 1140 4018 incognite
1169 3936 1468 4016 cognitum
1493 3945 1776 4017 quantum
1799 3937 1965 3999 vult?
1987 3937 2108 4000 Nec

449 4037 612 4098 enim
646 4039 919 4095 creatura
946 4030 1288 4091 Creatorem
1322 4025 1409 4088 sic
1439 4034 1624 4087 totum
1658 4034 1852 4106 potest
1880 4047 2105 4106 cogno-

449 4141 643 4198 scere,
678 4130 740 4182 ut
783 4119 911 4200 ipse
944 4137 1009 4180 se
1039 4115 1366 4178 secundum
1401 4125 1670 4178 naturam
1705 4135 1868 4178 suam
1893 4136 2109 4197 cogno-

450 4214 613 4276 scit:
674 4211 778 4272 sed
834 4227 940 4290 per
973 4207 1220 4286 gratiam
1278 4223 1486 4266 omnes
1542 4205 1758 4284 angeli,
1794 4207 2108 4288 omni-que

432 4322 581 4379 .crea
597 4311 653 4363 ta
669 4310 880 4361 natura
897 4316 1032 4359 eum
1060 4295 1339 4357 videntet
1376 4293 1737 4374 intelligunt.
1783 4295 1904 4358 Nec
1933 4316 2104 4358 com-

2195 3157 2254 3212 et
2277 3160 2440 3213 extra
2466 3151 2754 3215 mundum
2787 3152 2928 3215 est?
2970 3171 3211 3233 prorsus
3244 3151 3404 3214 enim
3439 3169 3558 3212 non
3588 3147 3843 3212 videtur.

2192 3239 2305 3312 Qui
2336 3242 2515 3304 habet
2569 3260 2745 3304 aures
2791 3242 3097 3318 audiendi,
3153 3242 3374 3323 audiat,
3424 3239 3611 3321 probe
3665 3237 3852 3302 verba

2191 3329 2478 3394 illitterali
2511 3332 2877 3412 intelligens.

2836 3440 3078 3505 CAPUT
3127 3441 3199 3504 V.

2193 3535 2458 3593 Doctrina
2504 3535 2578 3592 ad
2622 3537 2941 3608 monachos,
2998 3537 3094 3608 qui
3143 3551 3329 3592 recens
3384 3535 3614 3603 mundo,
3673 3537 3725 3590 ct
3777 3534 3850 3592 iis

2298 3624 2384 3664 um
2421 3609 2483 3663 in
2527 3607 2734 3663 mundo
2780 3613 2930 3670 sunt.
2981 3607 3243 3665 nuntium
3294 3608 3649 3664 remiserunt.
3686 3610 3848 3677 Qua-

2298 3625 2384 3664 uas
2421 3625 2483 3663 ιη
2527 3625 2734 3663 munao
2780 3625 2930 3670 sunt.
2981 3625 3243 3665 nuntium
3294 3625 3649 3664 remiserunt.
3686 3625 3846 3677 qua-

2263 3625 2705 3808 Ξεθῗϐιὲιέῗὲιαῖιιὺ
2735 3693 2867 3752 erga
2910 3681 3137 3737 Patrem
3181 3695 3344 3736 suum
3371 3679 3724 3752 spim'tuaiem
3749 3693 3846 3750 ge-

2275 3850 2555 3912 Mundum
2574 3857 2781 3924 totum,
2809 3859 2866 3911 et
2887 3850 3162 3912 homines
3183 3851 3362 3928 hujus
3387 3847 3840 3924 mundidesere,

2191 3940 2503 4021 solumque
2525 3939 2760 4002 beatum
2783 3943 2999 4003 luctum
3024 3958 3285 4016 assume,
3317 3947 3375 4001 et
3411 3947 3635 4000 tantum
3671 3957 3843 3999 com-

2193 4031 2374 4092 missa
2397 4031 2503 4092 abs
2536 4039 2593 4092 te
2623 4039 2866 4110 peccata
2906 4032 3230 4093 lamentare
3259 4053 3271 4094 :
3328 4030 3607 4112 quoniam
3642 4031 3753 4091 ista
3784 4036 3844 4090 te

2192 4119 2453 4182 omnium
2482 4121 2793 4182 conditore
2816 4121 3071 4197 Christo,
3097 4129 3156 4183 et
3177 4120 3459 4182 societate
3499 4128 3838 4182 sanctorum

2192 4211 2321 4290 ejus
2343 4210 2764 4291 spoliaverunt.
2810 4210 3033 4272 Praeter
3071 4211 3198 4272 haec
3231 4210 3379 4271 nihil
3412 4209 3517 4270 tibi
3547 4227 3706 4271 cura:
3736 4208 3837 4270 sit.

2189 4299 2346 4371 Quin
2376 4300 2552 4360 etiam
2584 4317 2803 4378 corpus
2835 4307 3000 4360 tuum
3063 4308 3125 4360 ut
3170 4300 3432 4380 ignotum
3463 4318 3532 4360 ac
3565 4297 3837 4379 peregri-

452 4390 854 4474 prehendunt,
872 4386 977 4448 sed
1000 4385 1358 4474 intelligunt,
1377 4385 1885 4474 quatenuslumen
1913 4389 2108 4458 caecis,
2135 4407 2340 4460 onum
2375 4389 2612 4457 habeto,
2649 4397 2705 4449 et
2737 4391 2961 4470 oculos,
2985 4390 3162 4451 veluti
3185 4390 3637 4464 condemnatus,
3673 4403 3732 4450 et
3763 4387 3838 4449 ad

445 4489 546 4543 aut
576 4479 752 4541 etiam
788 4477 964 4557 plane
997 4473 1334 4535 videntibus
1384 4473 1778 4556 manifestari,
1835 4485 1895 4537 et
1925 4475 1999 4538 ab
2033 4479 2108 4540 iis

445 4568 722 4650 cognosci
751 4565 1022 4629 voluerit.
1047 4562 1194 4625 Nam
1227 4563 1434 4624 oculus
1471 4563 1696 4644 absque
1727 4564 1955 4628 lumine
1987 4588 2109 4631 non

440 4660 626 4739 videt,
653 4656 756 4719 sed
785 4654 1039 4718 utetiam
1062 4653 1281 4728 videat,
1304 4652 1584 4714 alumine
1606 4654 1844 4735 accipit,
1861 4659 2107 4736 quando

442 4749 516 4812 ab
547 4749 678 4828 ipso
728 4763 965 4827 quoque
1023 4742 1342 4804 fabricatus
1402 4750 1510 4813 est.
1575 4740 1689 4805 Seu
1723 4763 2103 4830 corporeum,

440 4857 548 4901 seu
579 4838 1027 4914 incorporeum,
1061 4832 1262 4894 omnia
1289 4831 1448 4894 Deus
1470 4832 1633 4915 fecit,
1661 4852 1791 4914 quae
1815 4835 1874 4895 in
1909 4837 2100 4912 coelis,

444 4936 505 4990 et
524 4925 732 5008 quaein
757 4925 934 4986 terris
956 4932 1014 4984 et
1055 4941 1185 5003 quae
1221 4922 1282 4982 in
1323 4921 1548 5002 abyssis
1585 4933 1745 4984 sunt.
1783 4926 1856 4986 Et
1886 4925 2099 4988 horum

444 5016 713 5079 omnium
765 5033 882 5075 una
923 5012 1038 5073 vita
1101 5020 1159 5073 et
1215 5011 1424 5088 gloria,
1486 5031 1669 5072 unum
1699 5013 2102 5089 desiderium,

442 5126 625 5169 unum
657 5123 930 5184 regnum,
963 5102 1204 5184 divitiae,
1231 5103 1534 5182 gaudium,
1556 5122 1798 5179 corona,
1830 5106 2100 5187 victoria,

2194 4487 2446 4542 mortem
2479 4478 2886 4558 excipiendam
2925 4479 3276 4559 procedens,
3312 4480 3474 4541 humi
3507 4478 3724 4558 dejice.
3751 4477 3840 4540 Ab

2192 4571 2312 4632 imo
2343 4577 2582 4650 pectore
2609 4568 2725 4630 duc
2752 4567 3005 4648 gemitus
3033 4570 3296 4650 assiduo,
3331 4579 3388 4632 et
3430 4569 3641 4631 faciem
3680 4577 3838 4629 tuam

2192 4658 2465 4740 lacrymis
2493 4659 2776 4721 duntaxat
2834 4658 3062 4739 prolue,
3127 4658 3332 4740 pedes,
3384 4659 3484 4741 qui
3514 4657 3584 4720 ad
3621 4657 3842 4720 malum

2193 4758 2608 4820 cucurrerunt,
2669 4747 3010 4830 neutiquam
3090 4748 3233 4809 velis
3311 4748 3629 4830 aliquando
3689 4766 3844 4828 aqua

2192 4839 2458 4900 abluere.
2495 4837 2650 4900 Sane
2682 4857 2818 4899 vero
2850 4838 3027 4899 etiam
3060 4858 3268 4900 manus
3320 4847 3448 4901 tuas
3506 4845 3843 4901 contractas

2192 4927 2367 5002 habe,
2402 4945 2618 5008 easque
2646 4925 3028 5007 impudenter
3083 4928 3153 4989 ad
3213 4928 3400 4990 Deum
3452 4946 3527 4988 ne
3560 4925 3838 5000 extende,

2193 5035 2340 5097 quas
2370 5015 2441 5077 ad
2476 5023 2779 5095 peccatum
2829 5033 3240 5096 saapenumero
3295 5014 3640 5078 extendisti.
3696 5015 3838 5076 Lin-

2189 5125 2363 5186 guam
2391 5104 2682 5166 lubricam
2717 5123 2928 5169 coerce
2979 5125 3086 5186 pro
3133 5107 3326 5169 virili:
3377 5113 3467 5168 est
3519 5104 3678 5166 enim
3712 5104 3844 5186 ipsa

439 5215 574 5274 pax,
609 5203 668 5257 et
697 5194 894 5256 omnis
922 5193 1104 5254 decor
1136 5211 1254 5253 non
1285 5191 1437 5254 alius
1481 5202 1593 5269 est,
1627 5211 1804 5274 quam
1836 5196 2095 5274 cognitio
2187 5197 2376 5259 facilis
2409 5195 2480 5257 ad
2537 5203 2866 5276 peccatum,
2924 5205 2983 5258 et
3041 5217 3146 5279 per
3196 5199 3382 5278 ipsam
3443 5197 3625 5258 solam
3659 5196 3841 5260 etiam

438 5285 719 5367 principii
744 5295 803 5344 et
825 5301 1019 5344 causa;
1039 5281 1196 5343 unde
1220 5283 1506 5362 producta
1546 5291 1606 5344 et
1635 5289 1764 5344 orta
1795 5293 1933 5346 sunt
1959 5306 2094 5347 om-
2179 5288 2374 5368 multi,
2407 5295 2464 5348 et
2494 5286 2688 5364 magni
2744 5286 2854 5348 viri
2913 5305 2946 5347 a
3006 5297 3166 5350 recto
3213 5289 3430 5350 itinere
3460 5287 3836 5364 aberrantes,

436 5375 560 5437 nia.
584 5375 721 5438 Haec
742 5383 832 5435 est
847 5375 1223 5455 superiorum
1240 5371 2088 5454 inferiorumqueconjunctio.

439 5461 578 5527 Haec
608 5464 756 5528 ordo
787 5464 1051 5525 omnium
1082 5481 1214 5544 quae
1242 5461 1636 5541 intelligentia
1655 5463 2086 5546 percipiuntur.

523 5624 568 5665 “
599 5621 771 5685 Joan.
811 5640 958 5700 xvn,
995 5623 1053 5688 3.

2175 5395 2424 5458 regnum
2457 5374 2742 5436 caelorum
2777 5376 3189 5455 perdiderunt.
3229 5379 3344 5442 Sed
3379 5387 3517 5439 ante
3553 5377 3684 5458 sepi
3717 5395 3832 5438 au-

2175 5487 2272 5532 res
2297 5474 2446 5538 tuas,
2483 5473 2544 5524 ut
2570 5463 2720 5525 nihil
2767 5471 2936 5547 turpe
2983 5485 3053 5528 ac
3101 5487 3314 5530 vanum
3366 5467 3654 5529 audiant:
3712 5473 3837 5528 tum
