4120 6406
345 340 468 407 517

1494 346 1937 416 DIVINORUM
1982 343 2309 410 AMORUM
2354 347 2584 410 LIBER

3649 352 3769 417 518

346 477 606 567 fortasse
635 486 692 540 et
723 479 870 542 huic
895 479 1250 562 imperabis.
1311 481 1505 544 Patris
1537 483 1624 545 tui
1655 480 2008 545 admonitio-

2102 497 2242 541 num
2274 497 2442 559 gero,
2489 497 2560 540 ex
2607 481 3150 561 persecutionibus,
3213 493 3271 547 et
3300 485 3760 567 invidiafeorum

350 565 533 629 nibus
548 569 951 631 tantummodo
965 571 1255 644 ausculta,
1275 570 1332 633 ei
1365 570 1672 634 humiliter
1693 571 2016 652 responde,

351 663 412 718 et
437 676 557 718 non
577 676 752 719 secus
773 677 950 740 quam
976 658 1099 722 Deo
1123 659 1377 739 cogitata
1408 659 1622 721 mentis
1665 669 1800 734 tuae,
1835 676 2021 740 usque

350 745 425 806 ad
481 745 706 825 primos
766 755 963 808 motus
1022 749 1255 827 detege,
1317 748 1465 810 nihil
1525 749 1691 810 illum
1731 749 1878 824 cela,
1912 767 2021 810 nec

353 835 585 912 aliquid
623 855 692 896 eo
727 837 968 899 nolente
999 837 1221 918 incipe,
1280 856 1428 899 neve
1489 857 1558 899 eo
1587 838 1769 901 invito
1803 837 2016 918 dormi,

358 943 509 986 neve
537 925 810 1006 comede,
872 945 1018 988 neve
1084 925 1244 990 bibe.
1304 929 1453 988 Cum
1504 928 1630 988 hch
1683 928 1756 988 ad
1792 935 2022 1006 tempus

356 1015 730 1092 praestiteris,
757 1015 907 1076 nihil
931 1015 1212 1077 eximium
1239 1016 1584 1096 praestitisse
1615 1025 1671 1077 te
1693 1015 2015 1096 judicabis.

355 1104 424 1166 ln
457 1103 677 1165 sudore
737 1112 798 1165 tu
856 1104 1122 1185 quidem,
1183 1114 1240 1166 et
1299 1105 1652 1167 lassitudine
1682 1103 2015 1178 seminasti,

361 1195 627 1255 nondum
659 1201 857 1254 tamen
890 1193 1159 1255 laborum
1213 1201 1450 1256 tuorum
1483 1196 1739 1255 fructum
1772 1193 2020 1272 collegi-

363 1282 462 1343 sti.
483 1283 572 1344 Ne
593 1282 799 1344 fallare
821 1281 1023 1364 igitur,
1041 1290 1144 1344 aut
1168 1283 1331 1364 quod
1359 1284 1599 1363 quazris,
1635 1290 1690 1344 te
1720 1281 2021 1344 invenisse

363 1371 600 1445 credas,
657 1373 1002 1453 priusquam
1035 1372 1377 1452 spirituales
1409 1372 1614 1434 oculos
1642 1371 2016 1453 acquisieris,

360 1468 420 1520 et
450 1478 626 1522 aures
657 1461 857 1522 cordis
891 1461 970 1522 tui
1004 1462 1279 1542 lacrymis
1311 1461 1448 1531 tuis.
1505 1462 1678 1524 elutis
1707 1461 1850 1522 inde
1881 1480 2016 1521 sor-

2099 568 2298 658 quiin
2332 567 2510 631 exilio
2542 568 2691 630 mihi
2737 570 2999 634 curando
3054 574 3757 658 tragaadiamﬁquamdam

2102 656 2396 736 dederunt
2424 675 2438 719 :
2473 665 2598 736 aut,
2629 666 2692 718 ut
2736 659 2934 722 verius
2962 661 3182 738 dicam,
3213 656 3755 746 benemerentium,

2104 747 2506 835 dominorum,
2541 758 2600 810 et
2629 765 2766 810 vere
2795 750 3126 812 amicorum
3187 772 3479 818 meorum.
3508 756 3754 835 Quibus,

2105 832 2337 927 Christe
2369 853 2562 927 meus,
2585 854 2693 916 pro
2717 837 2857 898 mali
2880 836 3055 927 bona,
3081 843 3349 920 repende
3367 832 3755 927 sempiterna,

2103 921 2274 1002 ditia,
2308 931 2368 984 et
2395 923 2614 998 divina,
2651 943 2782 1005 quae
2811 933 2868 987 te
2897 925 3309 1006 diligentibus,
3371 940 3430 995 et
3457 921 3528 995 ex
3557 921 3758 999 animo

2104 1009 2582 1073 desiderantibus
2611 1011 2673 1072 in
2712 1013 2926 1075 saecula
2969 1016 3317 1080 saeculorum
3372 1022 3753 1088 constituisti.

2104 1199 2567 1290 ιλνατξοερῑιὶοηθε,
2598 1201 2816 1290 quibus
2841 1209 2977 1290 tyro
3001 1205 3328 1290 monachus
3347 1224 3452 1271 ceu
3475 1209 3750 1290 ducibus,

2185 1285 2245 1342 et
2273 1285 2438 1364 viam
2461 1281 2871 1364 munientibus
2892 1284 2970 1344 ad
2982 1287 3420 1364 perfectionem
3442 1297 3637 1356 status
3655 1281 3754 1358 sui

2183 1361 2548 1423 contendere
2575 1362 2840 1434 docetur.

2182 1457 2227 1512 A
2271 1453 2528 1546 Christo,
2563 1463 2622 1546 et
2649 1455 2899 1546 ferventi
2931 1456 3048 1519 fide
3078 1459 3258 1522 ducto
3291 1462 3609 1546 principio,
3664 1469 3750 1532 sic

357 1548 541 1610 dibus
573 1550 914 1630 purgaveris
972 1550 1476 1631 Spiritualiterque
1535 1550 1760 1630 videas,
1821 1558 1880 1613 et
1909 1569 2008 1610 au-

2100 1559 2134 1602 a
2165 1543 2386 1637 mundo
2417 1544 2662 1637 secede,
2693 1551 2764 1637 et‘
2781 1544 2917 1637 fuge
2946 1556 3229 1637 cognatos
3269 1570 3402 1612 cum
3431 1543 3639 1619 amicis
3669 1560 3746 1637 (id

354 1637 510 1713 dias,
538 1647 594 1699 et
625 1639 899 1700 sensibus
932 1640 1167 1720 penitus
1199 1641 1496 1701 immutari
1525 1639 1800 1721 incipias.
1829 1639 2019 1703 Vide-

358 1725 454 1788 bis
485 1728 648 1789 enim
681 1729 1009 1809 complura,
1043 1747 1174 1810 quae
1205 1729 1405 1791 etl'erri
1459 1737 1786 1810 nequeunt,
1821 1737 1879 1789 et
1907 1747 2017 1789 au-

356 1815 492 1876 dies
552 1815 724 1895 longe
775 1818 968 1897 plura,
1031 1836 1220 1899 eaque
1277 1818 1562 1896 ingentia,
1626 1835 1756 1898 qum
1813 1816 2018 1896 lingua

355 1905 698 1985 exprimere
725 1926 841 1969 non
864 1906 1108 1988 poteris.
1137 1907 1285 1970 Mira
1306 1907 1512 1986 igitur,
1547 1916 1606 1969 et
1637 1907 2018 1968 veneratione

351 1994 534 2074 digna
593 2015 712 2073 res,
766 1996 1157 2076 spiritualiter
1213 1996 1444 2078 audire,
1502 2005 1563 2059 et
1628 1995 2020 2077 spiritualiter

354 2102 598 2164 quoque
617 2085 843 2167 videre,
865 2086 1288 2151 miraculorum
1310 2084 1824 2148 maximum.Talis
1837 2086 2016 2147 homo

352 2172 502 2232 nihil
536 2191 670 2235 cum
703 2192 884 2236 carne
933 2175 1318 2254 conjunctum
1369 2193 1631 2254 unquam
1689 2173 1923 2250 cogitat,
1960 2186 2018 2240 et

353 2267 514 2322 terra
547 2263 756 2340 calcat,
791 2282 859 2324 ac
918 2263 967 2325 si
1018 2283 1124 2344 per
1172 2281 1367 2326 aerem
1414 2262 1854 2339 ingrederetur,
1888 2281 2009 2322 om-

350 2350 571 2430 niaque
602 2351 675 2413 ad
706 2352 826 2412 ima
857 2351 1103 2414 Tartara
1132 2371 1321 2432 usque
1361 2351 1576 2424 cernit,
1615 2359 1672 2412 et
1699 2369 1831 2431 quae
1860 2349 2012 2412 facta

350 2447 515 2513 sunt,
553 2441 838 2522 perspicit
884 2441 1106 2504 omnia.
1167 2441 1356 2502 Deum
1417 2440 1747 2518 cognoscit,
1799 2439 2009 2500 timore

349 2529 721 2608 percellitur,
756 2540 814 2592 et
843 2539 909 2593 ut
938 2532 1309 2594 conditorem
1355 2529 1633 2611 precibus
1663 2539 2002 2603 veneratur,

346 2627 530 2698 atque
555 2620 863 2698 gloriﬁcat.
891 2623 1162 2700 Magnum
1183 2628 1460 2700 estporro
1474 2635 1668 2690 nosse,
1694 2636 1872 2696 quam
1892 2617 2010 2681 late

348 2717 572 2787 pateat,
612 2719 668 2770 et
697 2711 872 2790 quale
920 2711 995 2772 sit
1042 2711 1169 2789 ejus
1199 2707 1518 2788 imperium
1558 2727 1570 2768 :
1633 2707 1787 2786 quod
1819 2725 2010 2788 quan-

348 2814 534 2876 quam
567 2817 775 2860 omnes
804 2817 977 2861 nosse
1026 2817 1089 2860 se
1145 2797 1508 2869 existiment,
1565 2803 1766 2855 errant
1809 2803 2008 2857 tamen

344 2886 618 2964 plurimi,
656 2907 730 2950 ne
762 2887 983 2950 dubita.
1023 2888 1144 2950 Soli
1179 2885 1496 2948 illuminati
1547 2885 1703 2946 istud
1733 2895 1958 2948 norunt
1988 2903 2002 2947 :

348 2975 576 3056 reliqui
600 2978 862 3040 universi
887 2984 949 3058 (ο
974 2977 1188 3040 foedam
1213 2974 1611 3056 ignorantiam
1641 2976 1683 3053 ε)
1702 2973 1849 3054 ipsis
1867 2993 2010 3054 quo-

346 3085 464 3146 que
494 3068 868 3131 daemonibus
900 3071 1124 3149 majore
1155 3075 1469 3129 versantur
1499 3065 1558 3126 in
1590 3064 1866 3144 caligine.

427 3157 747 3234 Caeterum,
784 3178 817 3220 ο
855 3159 1108 3222 Domine
1141 3167 1198 3220 et
1229 3155 1767 3228 molitoromnium,
1795 3154 2004 3235 quime

357 3261 390 3304 e
419 3251 575 3307 terra
606 3249 856 3310 mortale
885 3247 1104 3310 animal
1137 3246 1433 3321 creavisti,
1471 3252 1527 3306 et
1555 3243 1740 3322 gratia
1764 3242 2008 3304 immor-

361 3334 462 3393 tali
486 3336 811 3411 honorasti,
837 3337 1172 3418 deditisque
1192 3339 1408 3412 vivere,
1442 3333 1626 3414 loqui,
1662 3340 1719 3395 et
1751 3332 2002 3407 moveii,

364 3430 426 3484 et
445 3424 736 3489 celebrare
762 3427 965 3489 laudes
990 3435 1117 3488 tuas
1135 3425 1548 3487 universorum
1592 3421 1854 3503 Domini,
1877 3422 2006 3503 ipse

360 3524 453 3587 tu,
488 3515 561 3575 da
587 3517 725 3579 mihi
756 3517 978 3579 misero
1036 3525 1174 3580 ante
1232 3525 1288 3577 te
1341 3512 1658 3595 prosterni,
1710 3519 1769 3573 et
1797 3529 2005 3590 rogare

357 3601 769 3668 conducentia.
804 3605 1043 3668 Etenim
1074 3604 1370 3686 quomodo
1401 3602 1463 3663 in
1512 3602 1672 3662 hunc
1717 3605 2003 3661 mundum

355 3691 678 3770 productus
704 3695 842 3771 sim,
904 3702 961 3756 et
1017 3694 1156 3775 quid
1212 3693 1325 3754 ista
1371 3691 1514 3771 sint,
1573 3707 1702 3770 quae
1733 3690 2006 3751 homines

351 3798 482 3843 esse
509 3793 738 3859 rentur,
767 3804 874 3864 ego
893 3785 1118 3846 nescio.
1144 3781 1287 3856 Quae
1316 3782 1391 3842 sit
1422 3780 1568 3841 visio
1594 3797 1746 3854 mea,
1784 3798 1818 3839 o
1847 3778 2006 3841 Deus

341 3890 532 3948 meus,
573 3873 716 3955 quid
741 3894 872 3956 quae
893 3874 1284 3954 aspiciuntur,
1328 3870 1532 3932 dicere
1564 3887 1820 3949 nequeo.
1853 3867 2005 3940 Quid

334 3960 420 4021 ita
451 3962 764 4024 stultitiam
822 3963 1127 4026 induimus
1189 3960 1464 4023 homines
1522 3957 1806 4032 universi,
1843 3959 2006 4020 etde

334 4049 524 4112 rebus
547 4053 894 4132 judicamus
926 4070 1239 4134 perperam
1267 4047 1298 4108 ?
1351 4047 1494 4110 Heri
1553 4046 1810 4142 primum
1838 4047 2006 4142 veni,

338 4159 475 4204 cras
519 4143 764 4218 recedo,
801 4152 859 4206 et
891 4161 987 4204 me
1017 4143 1112 4203 hic
1142 4139 1538 4202 immortalem
1573 4137 1696 4197 fore
1726 4135 2007 4206 arbitror;

337 4232 546 4294 Palam
577 4251 672 4294 me
709 4233 934 4296 habere
958 4240 1014 4295 te
1039 4235 1226 4295 Deum
1258 4229 1580 4308 confiteor,
1614 4226 1780 4287 factis
1811 4234 2008 4287 autem

339 4329 400 4382 te
436 4341 592 4401 nego
627 4323 892 4404 quotidie
913 4321 988 4383 η.
1021 4320 1218 4382 Doceo
1267 4327 1322 4380 te
1369 4325 1676 4379 auctorem
1708 4333 1840 4377 esse
1870 4334 2004 4375 om-

342 4411 538 4486 nium,
575 4420 632 4473 et
648 4403 797 4474 isine
830 4419 886 4474 te
915 4409 1138 4472 habere
1197 4407 1398 4470 omnia
1426 4405 1748 4468 contendo.
1778 4403 1866 4466 Tu
1899 4424 2004 4466 su-

338 4501 526 4581 peris,
562 4510 618 4563 et
641 4501 849 4564 inferis
872 4500 1198 4582 imperitas,
1237 4506 1294 4559 et
1329 4516 1438 4577 ego
1465 4496 1637 4574 gsolus
1665 4493 1768 4555 tibi
1800 4495 2004 4580 reniti,

335 4598 396 4650 et
414 4590 715 4653 adversari
738 4610 854 4653 non
886 4592 1189 4653 horresco.
1217 4588 1302 4650 Da
1323 4585 1510 4666 inopi,
1558 4585 1634 4645 da
1670 4583 2006 4646 miserrimo

338 4699 582 4742 omnem
613 4682 826 4744 animae
857 4680 1191 4762 nequitiam
1225 4677 1521 4766 abjicere,
1542 4692 1719 4754 quam
1752 4673 2001 4766 inﬂatio,

337 4778 399 4831 et
432 4790 577 4834 vana
605 4771 791 4834 animi
822 4771 995 4834 elatio
1028 4770 1144 4831 heu
1206 4785 1303 4828 me
1349 4764 1527 4828 simul
1560 4763 2004 4851 comminuunt,

335 4865 397 4918 et
427 4869 766 4924 conterunt.
803 4861 1006 4924 Praabe
1037 4857 1469 4928 humilitatem,
1525 4852 1723 4934 praebe
1757 4871 2000 4914 manum

339 4948 772 5029 opitularicem,
808 4959 866 5012 et
895 4949 1166 5027 absterge
1201 4945 1464 5008 maculas
1511 4942 1728 5005 animae
1776 4959 1908 5017 mae,
1943 4958 2002 5011 et

335 5038 548 5101 Suffice
579 5041 726 5102 mihi
753 5041 1040 5119 lacrymas
1072 5036 1464 5118 poenitentiae.
1493 5031 1781 5096 Desidero
1805 5031 1995 5112 lacry-

336 5145 486 5202 mas,
517 5129 804 5210 lacrymas
827 5127 1056 5202 salutis,
1085 5127 1375 5206 lacrymas
1401 5123 1671 5184 eluentes
1690 5119 1996 5200 fuliginem

333 5221 731 5298 animaameae,
767 5241 983 5303 meque
1013 5220 1336 5282 reddentes
1368 5217 1595 5280 clarum
1627 5233 1696 5276 ac
1731 5213 1996 5275 lucidum

333 5313 666 5394 deintegro,
693 5313 993 5374 volentem
1017 5318 1073 5372 te
1095 5309 1296 5370 videre
1321 5308 1514 5368 lamen
1539 5303 1770 5394 mundi,
1793 5303 1994 5394 lumen

332 5391 640 5464 oculorum
673 5419 968 5471 meorum,
1010 5417 1300 5474 meorum,
1331 5398 1597 5478 inquam,
1632 5391 1860 5468 miseri,
1895 5393 1994 5474 qui

329 5511 434 5555 cor
462 5493 664 5555 multis
696 5491 877 5571 hujus
909 5490 1038 5552 vitae
1090 5487 1283 5562 malis,
1339 5494 1396 5548 et
1432 5482 1829 5547 incommodis
1863 5483 1994 5563 ple-

405 5664 458 5708 ¹⁹
487 5663 605 5727 Tit.
645 5681 683 5742 l,
723 5662 822 5725 16.

2105 1631 2266 1691 enim
2291 1633 2629 1694 commodat
2649 1632 3123 1718 incipientibus),
3148 1646 3206 1698 et
3227 1641 3419 1702 nudus
3439 1662 3472 1704 a
3504 1631 3753 1710 munda-

2104 1720 2196 1781 nis
2228 1728 2284 1780 et
2315 1721 2725 1784 materialibus
2755 1724 2958 1799 rebus,
2992 1726 3062 1786 ad
3093 1744 3229 1787 eum
3259 1731 3360 1810 qui
3390 1735 3638 1798 materia
3657 1756 3754 1798 va-

2103 1817 2195 1869 cat
2226 1818 2282 1872 te
2313 1812 2539 1888 confer,
2575 1831 2689 1892 quo
2721 1813 2954 1876 nullum
3017 1816 3209 1896 majus
3267 1820 3549 1884 auxilium
3578 1827 3750 1888 inve-

2101 1897 2252 1960 nies.
2274 1900 2825 1993 Pusillanimitatem
2849 1921 3088 1993 omnem
3133 1906 3239 1967 abs
3278 1920 3336 1970 te
3367 1913 3634 1993 repelle:
3670 1917 3747 1980 ad

2101 1990 2659 2086 potentem‘quippe
2693 1991 3012 2054 Dominum
3071 1995 3407 2086 confugisti.
3438 1990 3603 2073 quin
3633 2022 3748 2086 po-

2100 2075 2216 2137 tius
2244 2095 2364 2174 non
2395 2077 2576 2139 dubia
2601 2097 2707 2159 spe
2752 2090 3058 2163 concepta,
3110 2075 3370 2164 Domini,
3406 2091 3582 2153 etiam
3609 2075 3746 2174 pas-

2099 2167 2470 2262 serculorum
2520 2187 2722 2230 curam
2777 2171 3040 2262 gerentis
3096 2174 3224 2235 leve
3261 2176 3472 2257 jugum
3527 2167 3742 2262 porta:

2097 2273 2309 2333 magna
2333 2256 2492 2317 enim
2518 2276 2626 2318 nos
2651 2268 2849 2320 manet
2871 2259 2933 2320 in
2970 2261 3232 2324 futurum
3267 2256 3602 2334 retributio.
3637 2273 3747 2336 Ille

2093 2361 2201 2404 nos
2231 2363 2440 2408 omnes
2472 2348 2747 2439 mortales
2805 2350 2987 2428 gratis
3015 2353 3220 2429 salvat,
3257 2358 3742 2439 quandoquidem

2091 2444 2466 2530 sacrosancto
2486 2436 2969 2530 ipsiussanguine
2987 2441 3167 2521 empti
3191 2462 3418 2509 sumus.
3443 2436 3552 2529 Εἰ]
3564 2470 3742 2530 ugum

2090 2521 2236 2584 illud
2282 2525 2493 2587 virtute
2540 2528 2801 2590 vocantis
2851 2529 3007 2590 Deos
3064 2550 3174 2592 nos
3229 2533 3388 2597 facit.
3422 2521 3548 2600 Hoc
3577 2521 3737 2603 enim

2093 2613 2275 2673 voluit
2308 2614 2635 2708 incarAnatio
2663 2617 2920 2691 Domini,
2961 2627 3027 2679 ut
3062 2639 3244 2700 Opere
3273 2625 3460 2687 exitus
3488 2648 3737 2708 operum

2092 2720 2432 2800 cognoscas.
2450 2703 2616 2800 Quod
2631 2707 2990 2770 omnimodis
3005 2709 3337 2776 mirabilius
3374 2731 3464 2777 εει
3494 2703 3588 2780 his
3607 2739 3741 2800 quae

2088 2791 2383 2890 videntur,
2409 2795 2759 2890 praeclarum
2799 2797 2904 2858 tibi
2935 2798 3170 2861 lucrum
3201 2809 3433 2866 tuarum
3465 2791 3737 2890 ampiita-

2091 2879 2170 2974 tio
2200 2881 2587 2974 voluntatum,
2613 2884 2772 2946 unde
2798 2893 2854 2947 te
2895 2897 3210 2969 martyrem
3238 2910 3372 2956 esse
3393 2879 3734 2974 cognoscas.

2090 2968 2232 3042 Quae
2261 2970 2368 3032 tibi
2423 2973 2646 3054 verbis,
2679 2975 2945 3056 praecipit
3003 2968 3170 3058 pater
3223 2988 3378 3060 tuus,
3415 2968 3493 3047 ea
3515 2987 3730 3051 facito:

2025 3089 2064 3140 ο
2091 3060 2314 3123 ducunt
2364 3063 2525 3124 enim
2575 3082 2643 3125 ea
2693 3073 2752 3127 te
2781 3084 2888 3146 per
2919 3065 3070 3128 viam
3134 3068 3282 3131 citra
3313 3074 3738 3140 offendiculum

2089 3167 2274 3243 usque
2304 3151 2377 3212 ad
2409 3161 2682 3243 mortem.
2717 3155 2930 3232 Magna
2985 3163 3074 3217 est
3129 3158 3256 3221 haec
3287 3162 3648 3243 sublimitas,
3683 3177 3741 3228 et

2088 3236 2274 3299 Deum
2299 3257 2536 3320 quoque
2557 3239 2617 3300 id
2643 3249 2884 3322 prOpter
2921 3250 2980 3304 te
3010 3243 3226 3308 fecisse
3251 3260 3502 3314 constat.
3538 3236 3740 3318 Statue

2089 3334 2145 3388 te
2175 3327 2524 3421 vilissimum
2557 3347 2690 3392 esse
2750 3331 3041 3421 omnium,
3103 3337 3260 3415 quod
3294 3338 3400 3400 tibi
3429 3342 3649 3421 primas
3675 3345 3738 3406 in

2085 3419 2998 3511 regno‘cmlorumconciliabit.
3061 3426 3203 3486 Puta
3234 3438 3293 3488 te
3327 3419 3734 3511 peregrinum,

2088 3507 2454 3585 mendicum,
2489 3518 2546 3571 et
2574 3509 2961 3589 abjectiorem
3018 3513 3172 3576 aliis.
3225 3517 3415 3595 Magni
3445 3507 3569 3583 hac
3597 3507 3733 3585 mo;

2089 3597 2271 3658 menti
2301 3607 2458 3672 sunt,
2492 3599 2542 3660 si
2575 3618 2646 3660 ea
2678 3609 2838 3662 recte
2895 3603 3263 3682 praestiteris.
3300 3605 3554 3672 Omnino
3586 3612 3728 3673 imi-

2088 3694 2240 3748 tator
2270 3699 2397 3749 esto
2429 3688 2688 3765 Domini,
2724 3708 2840 3771 quo
2897 3691 3046 3753 nihil
3107 3703 3302 3774 potest
3330 3699 3578 3777 cogitari
3611 3719 3736 3765 me-

2089 3777 2224 3838 lius.
2255 3781 2446 3840 Luctu
2487 3779 2831 3859 quotidiano
2863 3780 3017 3843 bene
3059 3785 3388 3862 procedunt
3420 3789 3641 3866 omnia,
3677 3801 3738 3853 et

2089 3868 2139 3929 is
2169 3867 2302 3929 cibo
2325 3885 2393 3928 ac
2417 3868 2655 3948 potione
2676 3869 2908 3931 dulcior
2933 3879 3042 3946 est,
3075 3873 3385 3937 fluentium
3417 3880 3739 3942 stantium-

2088 3975 2205 4038 que
2233 3957 2631 4033 cognitionem
2664 3958 2860 4021 docet.
2919 3959 3073 4021 Ante
3102 3963 3264 4024 enim
3296 3983 3331 4024 a
3362 3973 3482 4028 toto
3516 3969 3736 4033 mundo

2093 4047 2368 4126 sejungit,
2405 4055 2463 4108 et
2491 4047 2780 4109 bonorum
2839 4068 2971 4128 quae
3027 4050 3285 4114 diximus
3328 4057 3632 4118 custodem
3662 4059 3740 4121 si-

2091 4135 2335 4196 lentium
2368 4145 2624 4199 exercet.
2659 4137 2914 4200 Radices
2970 4142 3317 4220 omnigenas
3361 4145 3736 4212 atiectionum

2094 4224 2381 4318 malarum
2410 4225 2744 4318 utinutiles
2774 4227 2990 4291 evellit.
3021 4230 3372 4292 Memoriam
3405 4237 3617 4298 mortis
3629 4239 3737 4318 ju-

2090 4331 2224 4392 gem
2257 4314 2433 4374 habet
2485 4313 2650 4377 Idem
2697 4317 3042 4379 humilitatis
3090 4321 3335 4383 effector
3377 4337 3492 4388 est.
3523 4313 3740 4390 Ab'his

2090 4420 2193 4492 cor
2223 4411 2599 4484 purgatusget
2622 4405 2947 4468 illustratus
2979 4407 3148 4483 (mira
3176 4421 3291 4488 res)
3322 4414 3480 4492 quod
3505 4414 3578 4475 ab
3610 4435 3736 4478 om-

2089 4491 2265 4584 nibus
2318 4493 2669 4584 exquiritur,
2722 4495 2985 4557 diviuum
3037 4497 3242 4559 lumen
3297 4502 3398 4580 qui
3451 4505 3734 4584 praeclare

2088 4581 2311 4654 videas,
2345 4583 2560 4661 dignus
2589 4585 2733 4659 eris,
2764 4584 2976 4646 Telum
3015 4593 3106 4648 est
3154 4587 3314 4649 enim
3345 4581 3737 4656 immateriale

2091 4679 2150 4732 et
2177 4672 2577 4737 immateriali.
2610 4672 2877 4736 Christus
2929 4684 3125 4737 autem
3179 4685 3269 4738 est
3299 4679 3564 4758 perfecta
3588 4683 3735 4746 cha-

2089 4761 2252 4840 ritas,
2285 4781 2403 4843 qua
2431 4763 2534 4844 qui
2591 4763 2875 4844 praeditus
2924 4773 3036 4839 est,
3085 4765 3404 4847 adoptione
3434 4772 3593 4833 Deus
3621 4779 3731 4835 est.

2087 4851 2160 4913 Et
2191 4871 2261 4914 ea
2288 4852 2488 4914 anima
2545 4871 2609 4913 se
2660 4853 3032 4934 inquirentes
3087 4855 3403 4934 illuminat,
3436 4878 3568 4939 qua:
3595 4861 3736 4924 solas

2085 4939 2310 5022 vivent,
2341 4959 2419 5003 ne
2449 4941 2584 5022 quis
2617 4953 2776 5004 erret
2822 4952 2879 5021 (ο
2939 4943 3198 5007 charitas
3249 4945 3428 5024 Deus,
3470 4958 3529 5010 et
3556 4949 3736 5012 deiﬁ-

2081 5047 2223 5092 cans
2251 5030 2288 5107 ε)
2312 5051 2325 5090 :
2353 5049 2485 5111 quae
2507 5049 2605 5093 res
2627 5040 2929 5112 stuporem
2951 5032 3152 5109 habet,
3185 5042 3245 5100 et
3268 5035 3624 5117 investigatu
3645 5045 3739 5104 est

2081 5119 2384 5182 ditﬁcillis.

2702 5214 2942 5279 CAPUT
2989 5216 3112 5280 VII.

2304 5299 2592 5361 Amonm
2619 5314 2796 5361 suum
2824 5315 2968 5380 erga
2997 5299 3191 5362 Deum
3221 5298 3514 5364 declarat.

2157 5393 2230 5456 Ut
2259 5395 2412 5474 ignis
2442 5413 2506 5456 es
2535 5395 2890 5469 scaturiens,
2933 5410 3086 5474 aqua
3135 5393 3423 5470 irrorans,
3475 5404 3536 5457 et
3584 5395 3731 5473 uris,

2076 5490 2133 5545 et
2163 5483 2480 5548 dulcedine
2532 5482 2748 5558 affluis,
2801 5492 2859 5544 et
2907 5483 3352 5565 corruptionem
3415 5485 3624 5548 tollis?
3670 5495 3736 5550 ut
