4120 6376
437 330 559 399 519
1747 317 2077 390 -ΒΥΜΕΟΝῙ

2169 317 2215 389 υΐ
2222 325 2534 390 ΗΝἹΟΒΙΒ
3716 329 3839 396 520

437 466 716 531 homines
764 465 908 527 deos
959 464 1128 538 facis,
1177 459 1455 525 tenebras
1504 460 1707 522 lumen
1755 457 1982 531 reddis,
2015 455 2384 521 abaabesse
2410 459 2706 541 suspicor,
2740 460 2898 543 quod
2923 479 3180 523 cernens
3209 460 3595 543 concupisco,
3631 471 3692 525 et
3731 464 3831 527 ni-

438 557 652 619 inferis
680 553 942 624 reducis,
977 561 1243 614 mortuos
1288 549 1728 612 immortalitate
1759 548 1943 610 donas
1970 548 2001 607 ‘?
2031 556 2095 608 ut
2177 547 2260 608 hil
2294 547 2516 611 habere
2571 569 2663 611 me
2693 550 2994 631 existimo,
3023 550 3202 631 plane
3232 551 3481 613 donatas
3513 552 3656 614 mihi
3689 572 3835 634 opes

439 645 718 708 tenebras
745 643 808 704 in
839 643 1032 703 lucem
1087 640 1390 720 producis,
1449 647 1683 701 noctem
1718 655 1911 717 pugno
1943 655 2090 697 con-
2177 654 2293 697 non
2325 637 2591 699 sentiens
2627 659 2643 714 ;
2703 658 2813 702 nec
2871 639 3027 720 quod
3059 640 3245 701 solem
3279 639 3540 715 intueor,
3573 641 3632 702 id
3659 661 3834 724 repu-

438 735 654 807 cludis,
689 751 794 795 cor
823 731 1266 809 circnmfulges,
1305 748 1398 790 me
1450 737 1630 789 totum
1663 725 2092 788 immutas?ut
2176 724 2558 797 to.'Quonam
2614 728 2850 789 modo?
2907 728 3066 804 audi,
3130 739 3188 791 et
3245 729 3447 794 crede.
3500 731 3666 804 Quod
3719 751 3830 811 ego

442 836 498 885 te
529 822 843 902 conjungi:
905 820 1269 892 hominibus,
1331 817 1437 879 Dei
1488 817 1640 877 filios
1690 815 1854 890 facis,
1889 833 2091 876 amore
2173 813 2398 892 aspicio
2431 824 2523 876 est
2577 817 2688 886 sol,
2751 818 2924 898 cujus
2979 817 3126 878 mihi
3177 836 3392 880 sensus
3441 837 3624 900 supra
3653 839 3830 901 quam

437 913 919 990 tuisintlammas,
946 909 1264 988 adoptione
1283 906 1538 984 etgratia
1554 915 1670 977 tua,
1691 903 2088 984 perSpiritum

439 1012 628 1077 tuum,
663 998 958 1070 distantia,
996 1006 1057 1057 ut
1101 996 1276 1070 Deus,
1333 995 1763 1056 admirabiliter
1790 992 2031 1074 copulas
2060 999 2088 1054 ?

1037 1100 1276 1164 CAPUT
1325 1100 1476 1163 Vlll.

435 1201 642 1268 Quibus
670 1198 1054 1269 manifestatur
1083 1197 1242 1259 Deus,
1292 1201 1342 1252 et
1385 1195 1448 1269 in
1479 1196 1676 1269 quibus
1701 1209 1807 1269 per
1829 1193 2086 1269 observa-

558 1275 760 1329 tionem
786 1266 1184 1324 mandatorum
1207 1269 1344 1339 ejus,
1377 1266 1504 1323 boni
1538 1266 1756 1324 habitus
1785 1267 1945 1322 insit.

512 1370 820 1444 Quomodo
853 1379 940 1442 tu,
965 1369 1067 1451 qui
1100 1387 1163 1430 es
1186 1368 1593 1439 absconditus,
1627 1366 1924 1444 inspectas
1949 1383 2081 1426 om-

431 1460 580 1522 nia‘?
608 1457 919 1530 Quomodo
953 1455 1124 1518 nobis
1157 1475 1272 1517 non
1324 1455 1611 1526 cerneris,
1647 1463 1704 1516 et
1735 1473 1853 1514 non
1888 1453 2085 1515 cernis

431 1547 670 1610 omnes?
695 1550 1143 1626 Verumtamen,
1168 1563 1282 1606 non
1309 1563 1683 1625 omnesquos
1701 1542 1888 1616 vides,
1907 1542 2082 1603 etiam

427 1655 714 1717 agnosces
744 1658 756 1698 :
813 1634 916 1696 sed
942 1635 1255 1713 diligentes
1304 1645 1381 1708 te,
1419 1653 1520 1695 eos
1550 1636 1707 1694 solos
1741 1650 1844 1712 pro
1875 1630 2084 1691 amicis

428 1725 720 1805 agnoscis,
758 1723 918 1786 etiis
977 1723 1345 1784 excellenter
1403 1729 1458 1783 te
1519 1720 1861 1782 manifestas
1892 1719 2079 1780 solem

2173 902 2292 963 dici
2326 911 2520 983 potest
2543 906 2871 984 jucundus,
2905 907 3284 986 animamque
3316 907 3568 971 mirifico
3627 919 3685 971 et
3741 910 3833 971 di-

2172 990 2306 1054 vino
2336 1010 2539 1054 amore
2569 994 2772 1056 trahit.
2830 993 2958 1074 Ipsa
3014 1013 3267 1056 cernens
3313 996 3527 1074 uritur,
3575 1008 3635 1060 et
3662 999 3834 1065 ardet

2169 1095 2397 1156 amore,
2431 1097 2500 1140 ac
2534 1089 2718 1143 totum
2773 1083 2930 1161 quod
2981 1093 3248 1164 apparet,
3298 1083 3456 1146 intra
3505 1103 3571 1147 se
3605 1085 3830 1149 habere

2170 1168 2374 1248 cupit;
2432 1170 2588 1249 quod
2651 1190 2786 1232 cum
2822 1181 3098 1252 nequeat,
3134 1172 3210 1233 ob
3240 1171 3298 1233 id
3333 1174 3738 1249 contristatur,
3771 1183 3832 1237 et

2167 1257 2394 1338 videre,
2457 1261 2836 1341 lustrareque
2896 1280 3014 1322 non
3093 1280 3227 1323 esse
3298 1261 3518 1324 bonum
3570 1264 3824 1344 judicat.

2167 1344 2414 1418 Quando
2444 1347 2627 1427 igitur
2657 1349 2756 1429 qui
2788 1350 3076 1422 cernitur,
3127 1359 3183 1411 et
3213 1369 3246 1410 a
3278 1351 3518 1413 nemine
3547 1353 3678 1432 capi
3713 1373 3825 1433 po-

2166 1440 2301 1509 test,
2340 1444 2398 1497 et
2425 1455 2631 1498 revera
2664 1437 3011 1500 inaccessos
3041 1447 3153 1512 est,
3187 1440 3420 1501 afﬂictae
3449 1449 3505 1501 et
3535 1441 3826 1504 humilia-

2166 1531 2240 1583 ιω
2266 1525 2479 1586 animae
2509 1544 2654 1586 mea:
2687 1525 2960 1588 misereri
2992 1527 3268 1605 voluerit,
3301 1536 3550 1608 repente
3575 1531 3768 1610 qualis
3791 1550 3827 1592 a

2166 1631 2261 1672 me
2293 1612 2520 1674 videtur
2547 1623 2684 1676 ante
2715 1615 2916 1676 oeulos
2975 1617 3225 1693 fulgens,
3290 1617 3422 1678 talis
3450 1625 3604 1681 totus
3632 1617 3695 1678 in
3725 1637 3824 1680 me

2167 1720 2478 1764 coruscare
2509 1709 2798 1778 cernitur,
2836 1715 2890 1765 et
2924 1713 3081 1766 totus
3134 1705 3298 1767 omni
3355 1706 3594 1786 gaudio,
3656 1709 3822 1770 omni

425 1782 864 1876 absconditum.
902 1812 1127 1874 Omnes
1151 1811 1429 1872 mortales
1453 1809 1777 1881 fornicarii,
1795 1808 2072 1890 adulteri,

2167 1789 2486 1867 desiderio,
2515 1801 2572 1852 et
2597 1792 2912 1854 dulcedine
2947 1793 3190 1855 visionis
3227 1813 3319 1856 me
3355 1782 3638 1856 humilem
3665 1816 3824 1857 com-

427 1903 798 1973 decoctores,
835 1907 1200 1980 peccatores,
1240 1899 1561 1979 publicani,
1602 1898 1740 1958 dum
1777 1897 2071 1976 paeniten-

427 1992 571 2052 tiam
601 1999 800 2069 agunt,
859 1988 1070 2048 divinae
1132 1989 1281 2049 lucis
1337 1997 1450 2048 tum
1507 1988 1613 2049 ﬁlii
1642 1986 1915 2048 evadunt.
1956 1987 2075 2047 Lux

425 2091 626 2142 autem
659 2077 901 2139 omnino
934 2077 1127 2139 lucem
1159 2085 1438 2157 generat:
1504 2077 1700 2157 itaque
1749 2083 1806 2137 et
1835 2075 1944 2155 ipsi
1977 2075 2074 2136 lux

426 2177 564 2230 sunt
595 2168 701 2230 filii
732 2166 859 2240 Dei,
917 2175 978 2226 ut
1028 2166 1312 2246 scriptum
1356 2175 1444 2228 est
1471 2165 1585 2246 43",
1621 2174 1677 2227 et
1696 2165 1776 2225 dii
1810 2183 1916 2244 per
1939 2182 2076 2243 gra-

425 2259 590 2329 tiam,
629 2264 912 2338 quotquol
947 2255 1142 2317 divina
1199 2255 1476 2317 mandata
1535 2263 1631 2315 tua
1669 2253 1854 2334 probe
1883 2272 2078 2314 serva-

423 2351 633 2411 verint.
661 2347 1011 2428 Quicunque
1031 2347 1238 2408 mundi
1276 2347 1592 2421 vanitates,
1629 2356 1685 2406 et
1716 2346 2074 2425 imposturas

423 2439 618 2500 valere
659 2439 972 2516 jusserint.
1036 2437 1386 2518 Quicunque
1439 2443 1739 2516 parentes,
1775 2444 1835 2496 et
1863 2434 2075 2496 fratres

423 2527 551 2589 sine
579 2526 714 2587 odio
739 2525 996 2605 oderint,
1025 2527 1373 2606 peregrinos
1397 2544 1482 2601 se,
1508 2534 1565 2586 et
1593 2525 1846 2586 viatores
1870 2523 1930 2584 in
1963 2525 2072 2584 ltac

421 2616 537 2676 vita
567 2615 854 2677 arbitrati.
889 2613 1238 2694 Quicunque
1269 2615 1491 2676 divitiis
1544 2623 1602 2674 et
1658 2612 1911 2693 pecunia
1937 2631 2070 2673 sese

420 2703 796 2778 nudaverint,
830 2703 1185 2783 illarumque
1232 2704 1508 2766 affectum
1563 2702 1796 2783 penitus
1824 2701 2068 2780 abjece-

417 2795 558 2854 rint.
621 2791 970 2873 Quicunque
1045 2792 1283 2853 inanem
1360 2792 1606 2871 gloriam
1665 2792 2071 2870 humanasque

2168 1879 2308 1958 plet.
2344 1881 2679 1960 Repentina
2711 1889 2800 1943 est
2829 1883 2956 1944 haec
3008 1883 3279 1957 mutatio,
3329 1884 3645 1963 peregrina
3694 1886 3822 1947 haec

2167 1969 2431 2049 variatio,
2469 1989 2580 2030 nec
2610 1970 2809 2033 verbis
2865 1971 3123 2033 describi
3187 1980 3400 2052 potest,
3437 1973 3594 2052 quod
3628 1973 3690 2034 in
3723 1993 3819 2035 me

2160 2058 2480 2138 peragitur.
2515 2058 2576 2121 Si
2609 2060 2768 2120 enim
2802 2061 2987 2122 solem
3023 2062 3202 2134 hunc,
3239 2080 3415 2142 quem
3449 2081 3660 2123 omnes
3679 2081 3821 2124 con-

2167 2157 2421 2228 tuemur,
2459 2147 2613 2208 intra
2643 2168 2747 2210 cor
2774 2168 2945 2210 suum
2985 2149 3372 2212 descendisse
3402 2150 3722 2232 quispiam,
3760 2161 3818 2212 et

2165 2242 2350 2297 totum
2381 2236 2438 2298 id
2471 2237 2650 2298 inhab
2681 2247 2928 2312 tantem,
2983 2248 3041 2298 et
3087 2257 3254 2320 aeque
3288 2239 3614 2316 lucentem,
3645 2240 3814 2322 vidit,

2158 2345 2356 2387 nonne
2389 2327 2676 2388 miraculo
2707 2329 3016 2402 attonitus,
3069 2337 3128 2390 et
3178 2347 3331 2408 pene
3360 2329 3650 2391 exanimis
3679 2330 3815 2411 fuit,

2159 2422 2217 2475 et
2245 2433 2456 2476 omnes
2489 2416 2589 2495 qui
2625 2435 2760 2476 eum
2796 2417 3090 2491 viderunt,
3131 2417 3570 2499 obstupuerunt
3601 2419 3626 2479 Υ
3679 2416 3813 2481 Jam

2157 2505 2254 2583 qui
2287 2503 2430 2564 solis
2461 2513 2790 2566 creatorem
2840 2506 3028 2567 instar
3078 2506 3394 2568 luminaris
3443 2507 3626 2586 hujus
3655 2507 3719 2568 in
3747 2526 3815 2570 se

2154 2593 2589 2674 splendentem,
2625 2603 2993 2674 operantem,
3029 2595 3368 2675 loquentem
3403 2596 3616 2669 cernit,
3655 2615 3808 2676 quo-

2155 2682 2328 2743 modo
2353 2698 2597 2762 aspectu
2615 2701 2732 2743 non
2757 2683 3178 2763 obstupescet?
3199 2685 3498 2765 quomodo
3520 2685 3814 2765 religione

2153 2791 2270 2834 non
2305 2771 2743 2852 perfundetnr?
2781 2773 3078 2852 quomodo
3109 2793 3226 2834 non
3260 2774 3489 2852 diliget,
3522 2793 3558 2835 a
3586 2794 3702 2854 quo
3720 2776 3811 2837 vi-

415 2881 626 2944 laudes
655 2900 723 2942 ex
751 2859 971 2961 animo,
1013 2889 1256 2961 propter
1283 2859 1581 2942 coevlestem
1614 2879 1861 2959 gloriam
1892 2859 2068 2958 repu-

2164 2880 2267 2926 ‘am
2301 2859 2579 2942 accepit?
2635 2860 2924 2922 Homines
2955 2861 3070 2923 sibi
3100 2861 3328 2924 similes
3357 2863 3629 2925 homines
3660 2864 3806 2926 dili-

417 2971 729 3035 diaverint.
757 2949 1056 3050 Quotquot
1077 2949 1376 3050 propriam
1416 2949 1776 3030 voluntatem
1805 2949 2065 3048 perfecte

2164 2959 2310 3053 gunt,
2337 2949 2890 3053 quandoIprzestare
2913 2951 3187 3053 nonnihil
3209 2951 3343 3014 aliis
3369 2952 3661 3053 videntur.
3694 2958 3804 3052 Ast

416 3039 888 3138 exstirpaverint,
923 3039 981 3121 et
1012 3039 1686 3138 quem-admodumaoves
1720 3039 2121 3147 innocentes”
2148 3041 2412 3147 οῐηῐξξυω
2447 3039 2844 3147 Ῥοῐξάίίονθηῖν
2898 3040 3092 3140 selum
3145 3040 3800 3147 immorlﬁilflfsnomni-

416 3166 554 3228 erga
583 3121 876 3229 pastorem
936 3165 1000 3207 se
1030 3121 1376 3226 ‘gesserint.
1431 3129 1782 3227 Quicunque
1813 3163 2064 3227 corpore

2164 3130 2342 3192 nodis
2365 3139 2692 3210 potentem,
2721 3129 2855 3210 quis
2877 3129 3066 3191 visum
3104 3149 3223 3191 non
3265 3130 3534 3193 amabit?
3562 3130 3649 3192 Ex
3677 3131 3804 3192 sola

414 3219 1170 3318 ad'quamlibetactionvem
1223 3255 1458 3317 pravam
1493 3219 1738 3310 mortui,
1773 3219 2060 3299 virtutum
2145 3219 2448 3320 aitdiiione
2480 3219 2644 3318 "funi
2703 3219 2878 3280 ﬁdem
2936 3219 3222 3320 habemeﬁ
3273 3219 3802 3320 eumodiléxefumg

411 3315 599 3388 labori
650 3325 1079 3407 insudaverint,
1126 3333 1184 3386 et
1225 3315 1304 3387 ex
1347 3325 1471 3388 sola
1525 3323 1919 3386 moderatoris
1971 3323 2062 3386 sui

2164 3317 2208 3371 et
2233 3315 2407 3370 vitam
2465 3315 2596 3387 ejus
2645 3325 2821 3368 causa
2869 3317 3198 3388 posuerunt
3244 3315 3460 3383 sancti,
3516 3315 3574 3369 et
3600 3315 3808 3370 vivunt

408 3415 709 3476 voluntate
738 3413 1014 3488 vixerint,
1050 3397 1392 3476 obedientia
1437 3413 1676 3490 mortui,
1722 3414 2060 3495 iterumque

2164 3397 2558 3459 nihilominus.
2594 3399 2704 3459 Ast
2733 3397 2833 3477 qui
2867 3397 3110 3459 visionis
3141 3406 3198 3459 et
3228 3397 3475 3460 luminis
3505 3399 3635 3478 ejus
3665 3417 3806 3479 par-

405 3503 702 3566 vivificati.
739 3503 1090 3584 Quicunque
1119 3503 1334 3564 timore
1393 3503 1523 3578 Dei,
1560 3510 1616 3564 et
1646 3487 2060 3566 recordatione
2141 3487 2352 3587 ξίείρθε
2381 3487 2520 3548 fac“
2549 3495 2710 3587 εαξη»
2745 3487 2964 3567 cogniti
3002 3487 3093 3587 fit)
3124 3487 3276 3587 ipso,
3309 3497 3367 3548 θί
3397 3498 3807 3587 ορὲηονθτυξη

409 3593 639 3668 mortis,
674 3593 737 3654 in
768 3575 1032 3670 Singulos
1061 3593 1190 3654 dies
1221 3601 1277 3654 et
1329 3575 1534 3655 noctes
1565 3593 1850 3673 lacrymas
1880 3592 2056 3653 fude-

2164 3588 2358 3658 ps‘um,
2393 3578 2684 3657 quomodo
2717 3594 2836 3637 non
2864 3575 3168 3650 amabunt,
3203 3593 3400 3656 quaiso
3430 3577 3462 3636 ‘?
3493 3578 3799 3658 quomodo

403 3663 638 3763 rint,et
668 3663 1000 3743 secundum
1063 3681 1429 3744 intellectum
1490 3681 1562 3743 ad
1615 3663 1798 3762 pedes
1828 3681 2068 3750 Domini

2164 3673 2394 3747 propter
2423 3683 2558 3764 eum
2589 3683 2708 3726 non
2767 3663 3060 3764 lugebunt
3103 3673 3391 3764 perpetuo
3419 3663 3449 3724 ‘?
3498 3666 3801 3745 quomodo

404 3754 891 3852 procumbentes,
928 3771 1398 3833 misericordiam
1436 3779 1494 3833 et
1541 3754 1778 3832 veniam
1810 3769 2064 3831 delicto-

2164 3773 2268 3816 που
2299 3755 2606 3828 mundum,
2643 3761 2701 3814 et
2729 3754 2934 3834 quaein
2958 3754 3179 3814 mundo
3201 3763 3340 3814 sunt
3367 3761 3753 3817 contemnent
3773 3758 3802 3818 ?

403 3843 535 3922 rum
569 3859 984 3939 ffagitaverint.
1018 3859 1089 3920 Hi
1139 3859 1430 3920 bonorum
1465 3860 1728 3920 omnium
1761 3859 2056 3922 exercita-

2164 3844 2444 3925 Iuomodo
2477 3861 2595 3904 non
2627 3861 2866 3904 omnem
2901 3845 3190 3904 honorem
3218 3850 3278 3904 et
3307 3843 3554 3921 gloriam
3589 3844 3798 3926 despi-

404 3951 587 4025 tione,
624 3934 680 4011 et
706 3968 817 4011 usu
870 3948 1136 4010 habitum
1189 3947 1330 4010 boni
1375 3949 1809 4029 adipiscuntur,
1845 3951 2054 4028 lugen-

2164 3935 2317 4010 :ient,
2343 3934 2442 4015 qui
2466 3934 2630 3995 omni
2653 3934 2843 4011 gloria
2891 3934 3184 4005 terrestri,
3219 3934 3381 3993 omni
3415 3934 3644 3996 honore
3679 3954 3800 3997 ma-

400 4049 612 4119 tesque
635 4038 926 4119 quotidie,
955 4046 1014 4100 et
1036 4047 1484 4118 perseveranter
1516 4039 1842 4120 pulsantes,
1867 4040 2052 4101 mise-

2164 4043 2318 4097 ores,
2355 4042 2513 4098 eum,
2569 4031 2670 4104 qui
2701 4031 2792 4084 est
2821 4031 2985 4085 extra
3017 4031 3261 4098 terram,
3318 4031 3376 4084 et
3406 4033 3570 4085 extra
3596 4031 3798 4088 omnia

399 4113 720 4189 ricordiain
751 4113 1218 4209 consequuntur.
1252 4129 1323 4190 lli
1354 4113 1582 4190 crebris
1616 4113 2049 4191 obsecrationi-

2164 4113 2540 4212 spectabilia,
2593 4115 2728 4215 imo.
2763 4131 2900 4214 vero
2951 4113 3052 4194 qui
3098 4113 3365 4215 condidit
3411 4115 3799 4195 aspectabilia

396 4216 507 4279 bus
533 4203 971 4298 gemitibusque
994 4217 1518 4295 inenarrabilibus,
1559 4229 1617 4280 et
1651 4219 2046 4300 lacrymarum

2164 4203 2432 4274 miversa,
2471 4211 2531 4265 et
2579 4203 2828 4282 gloriam
2879 4203 3279 4265 immortalem
3315 4204 3697 4280 invenerunt,
3735 4217 3797 4268 et

397 4291 657 4369 fontibus
695 4291 953 4368 animam
998 4316 1347 4388 expurgant,
1402 4291 1576 4390 quam
1630 4291 1931 4389 purgatam
1957 4309 2049 4370 vi-
2134 4301 2517 4394 ξιεεεθρεξτξηλι.
2540 4294 2820 4394 vittaque
2851 4291 3145 4356 ἀθίθείυῖη
3182 4313 3368 4394 ίοιηίιξθ
3399 4295 3619 4358 bonum
3653 4298 3795 4394 infle

396 4395 927 4458 dentesincensum
944 4381 1309 4459 desiderium
1332 4381 1460 4460 eam
1479 4381 1652 4478 plene
1666 4381 2048 4479 expurgatam
2073 4405 2077 4454 ἰ

2164 4381 2356 4488 labent
2384 4381 2414 4441 ?
2445 4382 2598 4454 Quin
2629 4391 2687 4482 et
2715 4401 2955 4445 omnem
2988 4385 3446 4488 Iappetentiam,
3481 4405 3660 4448 omne
3689 4387 3792 4449 de-

393 4485 631 4548 videndi
687 4486 1015 4564 concipiut.
1075 4485 1367 4558 Quoniam
1426 4473 1621 4549 autem
1675 4473 2049 4551 fin-em'lucis
2132 4473 2420 4564 δξάθνίυιη
2454 4473 2954 4564 εειηρῇιθτιιρτυω
2985 4473 3300 4550 bonorum:
3339 4493 3662 4558 rerumque
3691 4477 3790 4538 di‘

392 4574 664 4637 invenire
693 4594 812 4636 non
843 4561 1064 4654 valent,
1099 4580 1292 4639 omnis
1342 4576 1610 4659 purgatio
1643 4577 1790 4659 ipsis
1816 4577 2046 4660 imper-

2166 4561 2423 4638 inarum,
2454 4571 2511 4624 et
2531 4562 2742 4624 eodem
2773 4562 2930 4624 fonte
2951 4581 3191 4644 semper
3222 4564 3473 4642 vivente,
3509 4573 3789 4647 tanquam

391 4662 546 4726 fecta
576 4670 685 4727 est.
1048 4650 1056 4654 ⁷
1343 4650 1360 4659 ’
1458 4650 1484 4657 ⁷
1669 4650 1686 4659 ’
1904 4650 1923 4660 ’
2132 4650 2371 4715 divitias
2407 4652 2776 4714 hauserunt:
2810 4671 2928 4734 quo
2961 4661 3019 4716 et
3051 4652 3248 4727 nobis,
3281 4656 3558 4724 Domine.
3593 4656 3789 4716 abun-

470 4751 1008 4834 Quanlumcunque
1063 4753 1221 4815 enim
1285 4763 1563 4836 purgatus
1614 4755 1804 4834 fuero,
1858 4765 1917 4820 et
1945 4760 2042 4820 ni-
2128 4741 2340 4803 danter
2368 4739 2569 4836 satiari
2597 4741 2883 4836 concede,
2937 4751 2995 4803 et
3023 4742 3302 4836 omnibus
3338 4743 3692 4822 amantibus,
3728 4754 3791 4807 ϐι

387 4850 556 4905 tuere
589 4842 797 4918 miser,
832 4851 890 4904 et
910 4832 1448 4925 quantumcunque
1477 4863 1510 4906 a
1542 4863 1637 4907 me
1657 4832 1818 4908 visus
1838 4847 2041 4925 fuerit,

2168 4832 2527 4894 merentibus
2559 4840 2616 4893 te
2658 4850 2728 4893 ex
2765 4833 2991 4914 animo,
3028 4844 3091 4896 ut
3121 4843 3177 4896 et
3207 4835 3323 4916 ipsi
3350 4853 3457 4899 nos
3488 4855 3620 4898 cum
3653 4855 3788 4898 san-

386 4949 646 5013 purgans
679 4950 774 4993 me
805 4923 1082 5014 Spiritus,
1116 4923 1365 5014 semper
1389 4933 1534 4995 mihi
1567 4923 2038 5018 etpurgaiionis,
2125 4923 2234 4986 ctis
2260 4923 2399 5018 _tuis_
2429 4930 2673 5018 aeterna
2728 4924 3008 4988 felicitate
3057 4927 3120 4988 in
3170 4927 3376 4990 omnia
3429 4929 3784 4990 saeculorum

385 5035 445 5083 et
473 5021 716 5083 visionis
749 5013 1110 5103 principium
1140 5013 1398 5086 videtur.
1458 5023 1522 5086 In
1558 5013 1848 5106 profundo
1880 5013 2041 5090 enim

2164 5013 2314 5094 patio
2345 5013 2736 5078 oblectemur.
2770 5019 2985 5077 Amen.

381 5111 637 5186 inﬁnito,
668 5122 726 5173 et
755 5111 1064 5174 altitudine
1114 5112 1403 5175 immensa
1450 5115 1585 5194 quis
1639 5116 1904 5178 medium
1935 5132 2042 5186 aut
2769 5122 3010 5187 CAPUT
3041 5124 3142 5190 IX.

383 5202 563 5264 finem
595 5201 932 5262 invenerit?
979 5201 1221 5264 Multum
1274 5223 1405 5266 esse
1437 5204 1584 5280 scio,
1618 5205 1722 5266 sed
1754 5213 2037 5288 quantum

2164 5230 2364 5302 piritus
2404 5232 2585 5289 sancti
2617 5237 2933 5308 compotem,
2985 5235 3055 5291 ab
3099 5234 3344 5308 ejusdem
3390 5235 3598 5292 tantine
3626 5237 3776 5308 rapi,

384 5293 482 5365 sit,
533 5291 758 5382 nescio.
817 5290 954 5382 Plus
1011 5292 1143 5372 plus
1200 5293 1508 5382 desidero,
1562 5303 1618 5356 et
1661 5297 2041 5364 continenter
2151 5290 3784 5382 ’ξιευρταρ-ηιηεεΡίνιυνὺᾶίὶοὴεῖίεννί,ηεσνεαῗὰὴὲόἠῖ

377 5396 576 5468 gemo,
625 5378 766 5457 quia
814 5378 1090 5458 exiguum
1145 5389 1259 5462 est,
1310 5381 1467 5462 quod
1518 5382 1716 5444 datum
1768 5394 1857 5446 est
1895 5387 2034 5468 (etsi

2195 5380 2345 5431 tactu
2373 5376 2519 5432 (redi.

379 5467 628 5527 multum
679 5485 810 5529 esse
857 5469 1094 5549 opinor)
1147 5470 1220 5531 ad
1271 5471 1355 5548 id,
1403 5472 1560 5554 quod
1616 5474 1821 5554 procul
1874 5467 1917 5538 α
1940 5496 2032 5539 me
2194 5472 2395 5538 Proh!
2454 5477 2647 5558 proh!
2718 5477 2967 5541 Domine
3025 5479 3424 5561 omnipotens,
3483 5477 3616 5558 quis
3678 5485 3778 5539 tua

458 5629 536 5675 ‘9’
564 5626 719 5692 Psal.
756 5644 960 5711 LXXXI,
997 5629 1055 5692 6.
