2060 3178
144 163 198 195 521

144 274 473 315 comprehensibilitate
488 274 665 314 implebitur
676 274 691 303 ‘I
707 274 773 314 quis
787 283 854 303 cum
872 283 923 313 pro
940 282 976 303 eo

144 329 178 350 ac
194 319 320 350 decetin
335 319 482 350 mandatis
492 319 549 350 tuis
559 319 766 358 ambulaverit,
785 319 873 348 etiam
882 318 976 348 vultus

147 364 188 394 tui
201 364 303 395 lumen
314 363 464 403 aspiciet?
479 363 619 404 Magnum
633 363 794 403 quoddam,
808 367 836 393 et
851 363 976 393 admira-

146 408 218 445 bile,
237 413 266 439 et
282 409 359 448 quod
377 408 498 438 omnino
515 408 720 447 intelligentiae
734 407 790 437 vim
803 407 975 446 superet,in

146 453 203 484 hoc
219 453 300 492 gravi
316 457 346 483 et
362 453 520 483 tenebroso
537 453 647 482 mundo
665 452 809 483 viventem
835 452 942 482 auferri
960 461 975 482 e

146 497 258 528 mundo
275 506 344 527 cum
359 506 494 536 corpore.
514 496 587 526 Hem
606 497 778 536 mysterium
796 496 975 529 inauditum!

720 161 941 195 DIVINORUM
963 160 1129 193 AMORUM
1151 162 1267 193 LIBER

142 229 348 270 inaspectabili
361 229 585 269 pulchritudine
601 229 777 260 satiabitur?
793 229 861 268 quis
873 233 922 258 tua
933 229 975 258 in-
987 232 1006 255 Α

1783 163 1841 196 522

1057 272 1153 303 Deum
1166 272 1227 303 sibi
1239 273 1317 304 sicut
1331 273 1429 304 Paulo
1443 276 1471 305 et
1486 274 1641 314 Stephano
1654 275 1794 315 apostolis

1141 319 1251 354 visum,
1266 326 1335 348 cum
1349 321 1473 357 stupere
1488 322 1711 350 commemorat.

1058 365 1129 402 Quae
1143 367 1230 406 hujus
1245 368 1378 399 miraculi
1395 368 1602 409 novitas.quod
1616 373 1644 400 et
1655 379 1734 401 nunc
1747 374 1840 410 patra'

1018 410 1083 441 tur?
1095 410 1188 442 Deum
1198 412 1286 442 etiam
1298 412 1413 444 hodiea
1423 414 1629 453 peccatoribus
1637 415 1841 455 vultconspici,

1020 455 1070 494 qui
1082 455 1144 495 jam
1156 456 1225 486 olim
1237 457 1416 493 ascendit,et
1426 457 1457 487 in
1465 458 1548 488 ccelis
1559 462 1683 498 paterno
1695 459 1726 489 in
1735 459 1843 490 throno

1020 499 1178 531 considens
1202 504 1246 531 est
1269 500 1471 533 absconditus.
1497 501 1630 533 Abstulit
1652 503 1731 534 enim
1757 512 1789 534 se
1804 503 1841 534 ab

146 539 219 575 Quis
244 540 388 580 parietem
406 549 466 571 suae
482 540 579 570 carnis
605 544 807 578 transgressus
825 545 867 569 est
880 540 894 568 ί]
911 539 978 579 quis
1020 542 1114 573 oculis
1139 547 1308 574 sanctorum
1335 545 1546 584 apostolorum,
1565 549 1596 576 ut
1619 546 1796 584 audivimus,
1815 550 1846 578 et

148 585 499 630 pervasitqcorrnptionis
526 585 697 630 caliginem,
704 628 708 630 _
719 589 837 630 totoque
865 584 974 630 mundo
1019 587 1101 617 solus
1116 591 1216 627 postea
1232 587 1397 629 Stephanus
1413 590 1503 620 caelos
1516 595 1634 630 apertos
1649 591 1733 629 vidit,
1749 601 1784 622 ac
1798 591 1843 622 di-

150 628 267 659 deserto
283 628 391 676 latuit?
408 629 509 676 Papae,
522 638 609 676 quam
633 628 727 676 facilis
741 628 810 676 ista
834 628 972 676 cognitio,
1015 631 1076 663 xit:
1097 631 1186 663 Video
1202 628 1318 664 Filium
1331 637 1459 665 stantem
1481 643 1500 665 a
1519 628 1636 667 dextris
1652 628 1763 676 gloriae
1778 636 1843 667 Pa-
1888 667 1893 676 ,

149 677 250 721 etnon
262 672 381 703 subtilis
397 674 490 721 oratio
504 673 509 702 !
523 672 578 703 Ubi
590 672 684 721 latuit,
699 673 748 712 qui
761 673 904 721 mundum
920 677 975 721 tra-
1016 676 1224 721 tftsMAdque
1236 677 1349 708 idcirco
1360 678 1397 708 ab
1410 679 1483 718 ipsis
1498 679 1572 719 legis
1581 672 1754 711 doctoribus
1764 680 1843 721 lapi-

144 717 230 757 jecit,
249 721 279 763 et
293 721 376 763 extra
392 718 491 748 omnia
507 727 571 757 quae
590 717 707 763 videbat
723 727 754 747 se
770 717 872 763 eatulit
884 716 898 745 ‘.’
913 717 971 763 dic,
1016 719 1244 759 dibusobrutus,
1258 731 1310 761 pro
1334 716 1448 754 naturae
1466 716 1637 755 conditione
1657 716 1803 763 moritur;
1813 729 1843 756 et

145 762 293 809 sapientia
316 762 482 809 sapientum
508 762 677 809 reprobata,
704 771 741 791 ne
757 762 867 809 dicam
881 770 900 809 it
913 762 973 791 Deo
1015 764 1084 809 vivit
1098 774 1158 795 aevo
1175 765 1589 805 sempiterno.Verumtamen
1602 772 1665 799 erat
1678 768 1742 809 ipse
1756 778 1843 809 apos-

146 806 336 853 stulta__i'_acta,
353 810 385 853 ut
397 806 492 846 inquit
508 806 613 853 Paulus
623 806 660 842 43,
676 811 704 853 et
715 805 900 853 quilibeLDei
914 814 974 835 ser-
988 838 1005 853 η
1017 808 1121 846 stolus,
1138 812 1167 839 et
1179 814 1242 840 erat
1256 810 1469 849 sanctiﬁcatus,
1482 816 1511 842 et
1521 805 1709 844 sacrosancto
1726 805 1840 853 Spiritu

146 859 213 882 vus.
231 849 285 880 Hic
301 855 346 881 est
362 850 405 880 vir
419 838 633 890 concupiscens
654 850 804 896 spiritum:
830 849 883 879 Hic
905 859 973 879 cor-
986 838 1005 862 Β
1016 838 1691 896 undiqueplenus.lnitioautenipromulgatum
1701 838 1842 889 estiﬁvan-

147 903 220 934 pore
235 895 353 942 cgrpori
365 895 606 942 appropinquans
623 898 718 942 potest
734 894 839 933 spiritu
857 898 974 923 sanctus
1015 897 1126 936 gelium
1142 899 1325 929 multitudini
1348 894 1525 938 inﬁdelium,
1556 894 1607 941 qui
1634 902 1840 942 apostolorum

147 947 226 969 esse.
251 938 340 985 Extra
365 939 506 969 mundum
536 939 614 985 enim
633 942 662 985 et
677 938 889 985 haeccorpora,
915 947 973 968 non
1016 950 1107 981 opera
1123 942 1153 972 in
1168 942 1317 974 Christum
1333 944 1502 981 credentes,
1521 938 1609 976 etiam
1632 938 1756 985 gratiam
1770 946 1843 977 ﬁdei

147 987 193 1013 est
206 983 357 1023 appetitus
367 984 494 1014 carnalis
509 983 684 1016 adfectionis,
703 983 753 1012 sed
768 983 896 1012 vacuitas
910 992 974 1021 pas-
1015 985 1125 1017 donum
1142 992 1333 1027 acceperunt.
1351 989 1391 1020 At
1408 988 1489 1019 enim
1516 999 1595 1020 nunc
1619 983 1667 1020 res
1690 999 1765 1021 nova
1780 991 1844 1022 haec

146 1027 276 1063 sionum,
287 1036 372 1067 quam
392 1028 442 1067 qui
456 1027 569 1062 dilexit,
582 1031 609 1057 et
620 1037 653 1057 ex
669 1036 702 1058 ea
716 1027 877 1057 dilectione
887 1027 973 1056 vitam

149 1071 306 1108 lucrifecit,
320 1081 400 1108 eum,
415 1072 527 1102 etiamsi
552 1072 692 1101 indecore
713 1081 744 1101 se
765 1076 928 1110 gerentem,
948 1074 975 1099 et

148 1116 184 1146 ad
207 1116 356 1147 actionem
372 1116 543 1155 hujusmodi
560 1118 641 1156 quasi
660 1116 836 1155 transfugam
854 1124 885 1146 se
901 1124 973 1145 con-

149 1160 294 1191 ferentem
311 1160 422 1197 videas,
441 1160 514 1191 scito
530 1160 560 1190 id
576 1161 848 1200 corpusﬁmortuum
866 1160 972 1191 facere.

149 1204 213 1235 Non
239 1204 305 1236 dico
333 1214 440 1244 corpus
470 1206 536 1235 sine
562 1205 671 1242 anima,
695 1215 760 1245 quae
790 1205 830 1235 illi
862 1209 975 1235 motum

148 1249 246 1285 affert,
273 1248 325 1279 sed
354 1249 419 1279 sine
445 1250 519 1279 mala
545 1250 692 1289 cupidate.
724 1250 865 1287 Voluptas
894 1249 973 1278 enim

150 1293 302 1333 praeclara
317 1294 453 1329 ἀπειθείας,
466 1297 493 1324 et
504 1293 581 1333 quod
595 1303 629 1323 ex
642 1293 710 1323 inde
722 1293 889 1324 incredibili
904 1302 973 1332 quo-

149 1339 215 1369 dam
234 1337 323 1368 modo
340 1347 387 1368 me
403 1338 496 1377 diligit
513 1339 625 1375 lumen,
645 1342 736 1369 totam
754 1338 973 1375 mihifmentem

149 1383 319 1422 percellens
346 1383 471 1422 abripit,
496 1383 650 1422 ipsamque
680 1383 787 1413 nudam
820 1382 975 1412 continens

150 1427 342 1457 immateriali
358 1436 457 1462 manu,
475 1437 534 1457 non
552 1436 599 1457 me
610 1436 662 1457 sua
677 1427 809 1457 claritate
825 1427 974 1461 excidere,

1015 1039 1080 1070 qua).
1090 1030 1121 1060 in
1136 1040 1184 1061 me
1199 1031 1243 1071 ﬁt,
1260 1032 1401 1071 quidnam
1419 1032 1476 1063 sibi
1486 1033 1563 1064 vult?
1578 1033 1656 1069 Quid
1671 1035 1718 1065 his
1733 1044 1798 1075 quae
1811 1035 1843 1066 in

1015 1083 1063 1105 me
1079 1079 1287 1115 perpetrantur
1311 1076 1352 1107 ita
1373 1076 1577 1117 obstupesco?
1591 1078 1658 1118 quis
1681 1078 1731 1109 hic
1754 1079 1843 1110 beni-

1015 1119 1133 1158 gnitatis
1149 1120 1265 1156 modus,
1284 1130 1371 1160 quem
1388 1121 1546 1161 experior?
1563 1121 1651 1153 Novae
1664 1123 1774 1154 divitia
1788 1124 1843 1155 bo-

1015 1164 1128 1202 nitatis,
1144 1164 1218 1195 alius
1233 1164 1298 1195 fons
1310 1165 1537 1204 misericordiae,
1554 1167 1646 1197 multo
1672 1167 1739 1207 plus
1753 1177 1843 1208 quam

1016 1208 1088 1239 olim
1104 1209 1273 1240 effundens.
1291 1210 1392 1241 Multis
1409 1210 1489 1240 enim
1514 1220 1550 1242 ex
1575 1210 1761 1250 benignitate
1786 1212 1844 1244 Dei

1017 1253 1222 1284 misericordia
1246 1254 1396 1293 impertita
1413 1258 1458 1285 est
1475 1266 1481 1286 :
1499 1261 1706 1287 verumtamen
1732 1261 1762 1288 et
1785 1257 1844 1297 ipsi

1017 1298 1171 1338 proprium
1184 1298 1432 1339 quiddam,ﬁdem
1442 1299 1582 1331 nimirum
1595 1301 1843 1339 aﬁ'erebant,cum

1017 1342 1083 1372 aliis
1101 1342 1257 1373 virtutibus
1278 1343 1468 1384 probatisque
1490 1344 1666 1376 actionibus.
1690 1345 1750 1385 Ego
1768 1355 1841 1376 vero

1016 1386 1063 1417 his
1076 1386 1214 1417 omnibus
1231 1396 1280 1418 me
1295 1397 1397 1419 carere
1413 1389 1575 1429 perspicio,
1589 1393 1620 1421 et
1633 1390 1706 1428 scio,
1724 1391 1843 1422 etferre

1017 1441 1143 1471 nequeo,
1166 1441 1232 1472 quae
1256 1432 1287 1462 in
1311 1442 1359 1463 me
1382 1433 1418 1463 ab
1434 1437 1519 1464 utero
1535 1435 1638 1465 matris
1654 1435 1840 1475 deploratum

148 1474 198 1501 aut
213 1470 328 1519 aliquid
345 1470 531 1519 cum_viliosa_
546 1471 676 1519 motione
692 1471 882 1519 conjunctum
898 1470 974 1519 cogi-
984 1479 1003 1505 C
1015 1470 1089 1507 ﬁunt
1099 1486 1117 1506 a
1132 1470 1204 1515 Deo,
1215 1477 1265 1517 qui
1278 1476 1366 1508 verbo
1378 1487 1498 1509 omnem
1510 1482 1644 1510 naturam
1655 1470 1839 1519 procreavit,

146 1520 208 1545 tare
223 1515 358 1556 patitur:
372 1514 424 1545 sed
436 1515 642 1554 complectitur
654 1515 851 1551 continenter,
870 1519 898 1544 et
908 1515 974 1544 ani-

148 1569 224 1590 mam
252 1568 352 1590 meam
376 1562 469 1589 torret
492 1568 586 1595 amor,
606 1568 660 1589 nec
687 1563 731 1589 est
755 1559 785 1588 in
809 1568 854 1588 me
871 1568 975 1590 sensus

151 1603 235 1635 alius.
247 1602 362 1640 Quanto
375 1604 455 1634 enim
478 1604 692 1634 mundissimus
709 1604 793 1643 panis
817 1603 886 1633 ﬁmo
904 1614 973 1643 pre-

155 1647 246 1678 tiosor
263 1652 292 1678 et
306 1649 423 1679 suavior
438 1652 494 1684 est,
513 1652 593 1678 tanto
610 1648 736 1687 amplius
762 1652 791 1678 et
809 1648 873 1677 sine
890 1658 973 1678 com-

155 1691 307 1731 paratione
322 1692 449 1732 amplius
464 1701 593 1732 superna
607 1692 732 1722 infernis
746 1696 882 1731 prmstaut
897 1693 973 1732 apud

151 1735 235 1774 illos,
249 1735 296 1776 qui
310 1745 342 1767 ea
354 1737 431 1767 bene
447 1741 646 1775 gustaverunt.
665 1736 842 1767 Erubescaru
860 1737 975 1776 sapien-

152 1784 217 1810 tum
231 1779 380 1821 sapientia,
399 1790 476 1811 verae
491 1781 668 1819 cognitionis
685 1790 801 1820 expers.
819 1782 972 1821 Simplici-

154 1829 197 1855 tas
213 1825 290 1855 enim
305 1830 475 1856 nostrorum
497 1834 667 1855 sermonum
692 1825 791 1864 reipsa
814 1826 972 1864 legitimam

150 1869 324 1910 sapientiam
355 1869 506 1909 possidet,
538 1879 603 1909 quae
632 1870 846 1900 consuetudine
877 1870 974 1900 divina

149 1915 250 1945 fruens
264 1914 349 1944 illum
365 1914 479 1950 adorat,
494 1923 511 1944 a
524 1924 580 1953 quo
598 1914 695 1944 omnis
708 1914 854 1953 sapientia
875 1915 904 1943 in
921 1915 973 1944 hac

145 1958 205 1989 vita
228 1958 339 1989 donata
364 1963 420 1995 est,
449 1967 501 1998 per
525 1967 614 1997 quam
640 1958 784 1996 reﬁngor,
808 1963 857 1990 aut
884 1958 972 1989 etiam

146 2003 257 2034 deitate
273 2003 397 2034 afﬁcior.

478 2069 595 2101 CAPUT
617 2069 652 2101 X.

150 2125 321 2156 Tristitiam
335 2133 375 2155 ea:
390 2123 472 2155 obitu
499 2124 663 2155 charorum
684 2123 776 2153 etiam
791 2123 974 2154 robustiores
985 2131 1006 2157 ι)

481 2171 641 2208 attingere.

1016 1529 1141 1561 quaeque
1150 1524 1178 1551 et
1188 1522 1287 1552 animo
1300 1522 1431 1561 cogitare
1444 1523 1618 1560 reformido,
1629 1524 1740 1555 nedum
1757 1528 1790 1555 ut
1806 1533 1842 1556 ea

1016 1565 1149 1596 scribere
1174 1566 1311 1597 audeam.
1332 1566 1405 1597 Nam
1427 1577 1563 1607 quamam
1592 1577 1696 1599 manus
1711 1569 1782 1600 huic
1796 1569 1842 1601 rei

1014 1609 1177 1640 inserviet?
1191 1610 1257 1650 quis
1272 1611 1403 1641 calamus
1419 1611 1575 1643 exarabit?
1590 1613 1658 1653 quis
1668 1623 1768 1644 sermo
1780 1614 1842 1644 elo-

1015 1654 1136 1694 quetur?
1146 1664 1212 1694 quae
1230 1655 1331 1695 linqua
1345 1656 1545 1687 renuntiabit?
1555 1662 1620 1697 qua;
1635 1657 1717 1688 labra
1734 1658 1839 1698 expri-

1015 1702 1107 1735 ment,
1121 1708 1187 1738 quae
1205 1699 1236 1729 in
1252 1709 1300 1730 me
1314 1705 1476 1731 cernuntur
1489 1701 1565 1739 ﬁeri,
1584 1706 1613 1732 et
1627 1705 1687 1732 tota
1701 1702 1751 1733 die
1766 1711 1838 1742 per-

1015 1742 1087 1774 ﬁci?
1102 1742 1219 1774 Etenim
1236 1748 1265 1774 et
1280 1744 1347 1783 ipsa
1363 1749 1460 1782 nocte,
1477 1745 1508 1775 in
1522 1744 1596 1785 ipsis
1611 1745 1744 1777 tenebris
1771 1756 1840 1777 cum

1016 1791 1147 1818 tremore
1162 1786 1310 1819 Christum
1326 1788 1416 1819 caelos
1438 1788 1512 1819 mihi
1535 1789 1721 1830 aperientem
1741 1790 1838 1831 video,

1014 1831 1174 1871 ipsumque
1190 1832 1432 1872 prospicientem,
1450 1837 1479 1864 et
1500 1833 1531 1864 in
1556 1843 1605 1865 me
1628 1834 1771 1866 deorsum
1789 1835 1840 1866 in-

1016 1879 1160 1913 tuentem,
1176 1885 1243 1907 cum
1255 1876 1341 1907 Patre
1353 1881 1381 1908 et
1391 1876 1514 1919 Spiritu,
1532 1879 1645 1910 lumine
1660 1883 1707 1911 ter
1722 1884 1839 1911 sancto.
1888 1900 1889 1903 η

1015 1919 1113 1951 Unum
1128 1920 1218 1959 igitur
1232 1921 1263 1951 in
1278 1920 1386 1963 tribus,
1417 1925 1447 1953 et
1467 1922 1498 1953 in
1521 1933 1580 1954 uno
1600 1923 1656 1954 tria
1678 1923 1776 1964 ipsum
1791 1923 1841 1956 lu-

1017 1974 1086 1995 men
1101 1964 1189 2005 plane
1205 1969 1260 2002 est,
1277 1970 1306 1996 et
1321 1965 1423 1997 lumen
1439 1976 1531 1998 unum
1543 1967 1611 2007 tria,
1626 1968 1705 2008 quod
1721 1973 1751 2000 et
1762 1969 1842 2009 plus-

1016 2018 1103 2049 quam
1118 2009 1162 2040 sol
1178 2010 1307 2040 animam
1324 2020 1421 2042 meam
1438 2011 1571 2050 irradiat,
1595 2019 1625 2043 et
1642 2018 1773 2044 mentem
1794 2018 1841 2045 te-

1016 2053 1118 2084 nebris
1143 2054 1266 2084 oﬁ‘usam
1291 2054 1431 2087 illustrat.
1457 2055 1489 2087 Si
1511 2057 1592 2087 enim
1617 2057 1740 2088 vidisset
1755 2067 1842 2089 mens

1016 2107 1093 2136 mea,
1105 2099 1144 2129 ab
1154 2098 1238 2129 initio
1254 2098 1385 2130 vidi:set.
1400 2099 1459 2131 Sed
1475 2110 1571 2132 caecus
1587 2110 1681 2139 eram,
1692 2102 1767 2133 mihi
1777 2112 1843 2133 cre-

1016 2143 1088 2181 dite,
1102 2152 1156 2174 nec
1166 2142 1408 2185 videbam,atque
1424 2144 1491 2176 ideo
1502 2145 1677 2177 miraculum
1689 2146 1785 2186 magis
1794 2156 1843 2178 me

1015 2187 1232 2228 obstupefacit,
1259 2198 1329 2220 cum
1358 2189 1477 2220 oculum
1508 2190 1618 2221 mentis
1649 2191 1784 2231 aperiat,
1814 2195 1844 2222 et

191 2237 268 2268 Rem
294 2245 398 2266 novam
421 2240 451 2266 et
468 2235 733 2275 obstupescendam
749 2234 856 2265 audivi.
876 2235 971 2265 Natu—
1013 2232 1234 2273 quodammodo
1249 2233 1351 2264 videre
1366 2233 1426 2271 dct,
1443 2239 1472 2265 et
1488 2238 1534 2265 est
1547 2235 1647 2275 ipsum
1664 2235 1744 2275 quod
1758 2235 1842 2266 vide-

148 2291 228 2318 ram,
250 2280 298 2310 cui
313 2280 386 2310 nihil
402 2290 467 2310 cum
482 2279 571 2310 rebus
586 2280 704 2310 caducis
729 2279 912 2315 commercii,
930 2279 971 2308 la-
1013 2280 1071 2307 tur.
1087 2278 1154 2317 Ipse
1168 2277 1248 2308 enim
1263 2277 1363 2308 lumen
1380 2278 1417 2309 de
1442 2279 1555 2310 lumine
1577 2283 1699 2320 apparet
1712 2279 1844 2310 videnti.

148 2326 232 2366 pide,
244 2324 291 2355 cui
301 2333 410 2355 nomen
422 2324 552 2358 adamas,
570 2324 742 2354 solidiorem
759 2324 818 2363 pati
828 2323 971 2363 potuisse.

150 2370 209 2407 Qui
225 2368 298 2409 lapis
314 2378 381 2400 cum
395 2378 449 2399 nec
459 2368 538 2407 igne,
552 2378 607 2398 nec
618 2368 696 2398 ferro
707 2368 869 2404 mollescat,
880 2367 975 2406 plum-

149 2414 189 2445 bo
203 2413 383 2454 implicatus,
400 2421 468 2443 cera
485 2413 515 2442 ﬁt
531 2412 659 2442 mollior.
676 2412 762 2443 Modo
779 2411 892 2442 credidi
908 2415 974 2450 gut-

152 2463 196 2489 tas
211 2466 293 2498 aquas
308 2456 395 2496 longo
408 2457 501 2496 spatio
517 2456 547 2486 in
562 2460 674 2496 petram
690 2457 829 2486 cadentes
845 2465 908 2486 eam
926 2466 973 2486 ca-

150 2511 232 2534 vare.
243 2501 280 2532 Et
293 2501 424 2542 profecto
436 2501 511 2531 nihil
525 2501 605 2531 estin
616 2501 671 2531 vita
682 2500 976 2532 immutabile.Nemo

152 2556 201 2578 me
223 2556 259 2577 ex
283 2555 409 2576 occursu
430 2545 556 2585 judicet.
573 2545 633 2582 Vae,
660 2545 773 2585 fugacia
796 2545 882 2584 hujus
912 2545 977 2574 titre

153 2592 233 2622 bona
248 2595 386 2630 tanquam
402 2590 487 2620 ﬁrma
502 2594 531 2620 et
545 2590 640 2620 valida
659 2589 796 2625 intuenti,
815 2594 844 2619 et
868 2589 978 2619 laetanti

152 2636 183 2667 in
198 2636 270 2667 illis.
287 2635 400 2666 Eadem
413 2634 456 2664 illi
472 2644 527 2664 usu
541 2634 672 2672 venient,
689 2643 755 2674 qum
771 2634 843 2664 mihi
856 2634 976 2664 misero.

153 2682 215 2712 Nox
231 2689 280 2711 me
294 2689 312 2711 a
327 2680 418 2710 fratre
433 2679 620 2718 dulcissimo,
637 2679 802 2718 interrupto
829 2678 979 2708 charitatis

150 2725 277 2757 indiviso
294 2723 409 2754 Limine
425 2723 581 2763 separavit.

191 2805 243 2836 '31
258 2804 332 2835 Cor.
350 2811 370 2841 ι,
393 2804 438 2835 19.
484 2804 513 2828 ’4
526 2805 591 2834 Act.
610 2811 661 2840 VII,
678 2803 727 2833 55.

316 2890 443 2920 ΡΑτιιοι.
460 2888 514 2920 Gn.
530 2886 613 2920 CXX.

1016 2320 1082 2358 bus,
1101 2325 1130 2351 et
1143 2321 1193 2361 qui
1208 2321 1239 2352 in
1254 2321 1366 2353 lumine
1391 2323 1502 2360 vident,
1530 2323 1627 2363 ipsum
1657 2333 1777 2355 rursum
1796 2324 1842 2354 vi-

1017 2366 1099 2403 dent,
1116 2365 1146 2395 in
1162 2365 1275 2396 lumine
1292 2367 1372 2397 enim
1387 2367 1517 2407 Spiritus
1532 2367 1644 2408 vident,
1660 2368 1713 2408 qui
1730 2367 1842 2408 vident,

1017 2414 1045 2441 et
1059 2410 1091 2440 in
1106 2410 1163 2440 hoc
1178 2410 1323 2447 videntes,
1338 2411 1446 2442 Filium
1463 2411 1660 2451 perspiciunt.
1673 2411 1730 2447 Qui
1744 2415 1843 2442 autem

1016 2454 1123 2494 dignus
1139 2458 1184 2485 est
1199 2454 1328 2492 habitus,
1343 2455 1447 2486 videre
1463 2455 1584 2494 Filium,
1596 2457 1713 2487 Patrem
1726 2465 1845 2496 quoque

1017 2499 1107 2530 videt.
1123 2500 1236 2529 Patrem
1254 2503 1351 2530 autem
1370 2500 1482 2541 videns,
1499 2510 1567 2530 cum
1584 2500 1658 2531 Filio
1670 2501 1792 2531 omnino
1805 2502 1846 2530 vi-

1018 2543 1078 2581 det,
1095 2543 1172 2573 sicut
1183 2548 1213 2574 et
1228 2552 1318 2581 nunc,
1336 2548 1366 2574 ut
1379 2544 1490 2575 dictum
1508 2549 1562 2582 est,
1580 2545 1610 2575 in
1622 2554 1669 2576 me
1682 2545 1726 2575 ﬁt.
1742 2545 1844 2576 Etnon

1018 2586 1220 2627 intelligibilia
1244 2587 1426 2628 aliquantum
1451 2588 1583 2628 intelligo
1602 2598 1608 2620 :
1627 2594 1655 2621 et
1671 2599 1750 2620 nunc
1775 2589 1843 2629 pul—

1019 2632 1204 2662 chritudines
1220 2639 1344 2672 propter
1362 2633 1463 2664 lumen
1487 2634 1706 2671 inaccessibile,
1723 2639 1845 2674 propter

1019 2676 1143 2715 gloriam
1166 2686 1224 2708 non
1251 2677 1454 2709 sustinendam
1472 2678 1750 2719 incontemplabiles
1771 2688 1844 2719 pro-

1021 2721 1067 2752 cul
1084 2720 1207 2760 aspicio.

1565 2891 1601 2923 17
