4120 6416
408 343 526 408 523
1716 336 2043 406 SYMEONI

2128 337 2471 404 JUNIORIS
3679 332 3796 398 524

492 475 790 540 Attonitus
819 475 896 538 ﬁo
920 474 1341 550 vehementer,
1373 480 1432 534 et
1453 481 1716 535 tremore
1745 473 2059 554 corripior,
2083 486 2122 532 Α
2148 473 2221 536 ab
2253 494 2344 548 eo,
2371 474 2471 556 qui
2503 482 2594 536 est
2623 474 2682 535 in
2715 473 3032 555 principio,
3061 482 3196 535 ante
3227 473 3430 534 omnia
3457 470 3694 544 saecula,
3723 487 3794 530 ex

409 585 545 630 cum
579 565 694 628 nisi
723 583 899 626 unam
932 571 1154 644 guttam
1188 581 1258 624 ex
1288 561 1496 643 abysso
1524 560 1779 636 videam,
1814 563 2058 626 univer-
2145 561 2335 637 Patre,
2387 582 2520 624 cum
2563 563 2786 643 Spiritu
2833 570 3060 636 sancto,
3111 561 3260 623 Filio
3307 569 3364 623 et
3408 559 3606 622 Verbo
3663 558 3791 620 Dei.

411 656 555 720 sitas
581 661 781 718 autem
811 670 1096 734 aquarum
1141 661 1206 714 ut
1263 653 1324 712 in
1386 657 1546 730 gutta
1591 650 2056 729 demonstratur,
2145 650 3039 731 (Deestinutroqueexemplari
3053 653 3286 731 pagina
3303 651 3798 728 fortasseuna)...

407 763 663 828 quanam
708 743 991 825 qualitate
1008 751 1066 805 et
1094 740 1294 822 specie
1324 739 1400 801 sit
1442 759 1455 798 :
1508 738 1663 801 sicut
1709 759 1781 802 ex
1825 740 2064 803 ﬁmbria
2147 749 2204 802 et
2234 740 2294 801 in
2327 759 2424 801 me
2456 740 2790 820 producunt
2820 739 3065 814 bestias,
3101 748 3158 801 et
3190 739 3483 828 dracones
3515 737 3800 828 mihina-

410 826 597 898 totum
629 841 876 914 textum,
915 839 994 907 et,
1028 837 1091 892 ut
1129 831 1314 904 aiunt,
1351 847 1420 889 ex
1451 847 1648 908 ungue
1679 829 1797 891 leo.
1834 828 1928 892 Sic
1961 843 2056 891 to-
2147 839 2415 903 scuntur,
2452 837 2510 889 et
2533 828 2789 908 reptilia,
2839 837 2899 889 et
2945 835 3245 908 sepentes,
3283 826 3554 888 membra
3585 826 3801 887 animae

411 932 537 987 tum
568 923 631 985 in
677 941 853 1004 parvo
901 920 1244 1001 amplexans
1286 918 1481 993 video,
1516 918 1832 1000 ipsumque
1889 919 2056 981 illum
2143 937 2291 980 meae
2323 929 2601 980 vexantes
2632 919 3063 997 semper.Vana
3101 917 3319 998 quippe
3351 925 3408 978 et
3437 916 3633 976 inanis
3662 916 3800 994 glo-

409 1014 736 1092 Christum,
766 1020 823 1073 et
844 1014 1033 1072 Deum
1061 1027 1259 1070 meum
1287 1006 1490 1069 adoro.
1523 1007 1837 1070 Solabalur
1856 1017 2055 1070 autem
2136 1006 2227 1068 ria
2255 1010 2487 1070 mordet
2516 1025 2634 1083 me,
2670 1015 2728 1069 et
2755 1007 2965 1068 dentes
3015 1006 3206 1084 inﬁgit
3234 1007 3294 1066 in
3341 1023 3445 1068 cor
3473 1024 3694 1078 meum,
3724 1024 3797 1066 ex

412 1120 508 1165 me
539 1100 834 1176 nonnihil,
868 1097 1024 1180 quod
1054 1116 1174 1159 non
1205 1097 1543 1170 devorarer,
1569 1096 1728 1178 quod
1756 1116 1876 1158 non
1898 1117 2060 1158 com-
2141 1116 2256 1177 quo
2289 1097 2524 1158 inﬁrmo
2549 1097 2673 1176 jam
2705 1105 2762 1156 et
2793 1096 2965 1177 plane
2997 1097 3179 1156 fracto
3213 1115 3306 1156 me
3340 1115 3522 1157 canes
3556 1095 3790 1156 feroces

409 1191 681 1264 burerer,
719 1192 882 1251 velut
909 1203 1102 1250 cerua
1127 1186 1290 1265 facie
1317 1189 1502 1266 ignis,
1527 1197 1591 1247 ut
1621 1185 1768 1247 dixit
1801 1187 2051 1267 Prophe-
2142 1185 2492 1246 exstiterunt
2524 1195 2580 1246 et
2624 1184 2882 1246 ferarum
2919 1185 3250 1246 multitudo.
3286 1184 3551 1265 Cumque
3574 1186 3788 1264 jacen-

410 1281 545 1358 ωδ,
563 1280 702 1361 quia
729 1277 903 1356 longe
925 1275 1209 1337 distarem
1232 1273 1516 1336 alumine
1555 1273 1978 1350 inaccessibili,
2000 1285 2059 1336 et

408 1368 798 1431 consisterem
816 1365 878 1426 in
899 1362 1115 1426 mediis
1154 1361 1442 1436 tenebris,
1483 1369 1542 1423 et
1571 1362 1666 1423 his
1701 1363 2054 1444 occultarer,

405 1459 566 1521 unde
589 1456 747 1518 velut
767 1472 874 1536 per
893 1452 1194 1515 modicum
1215 1451 1481 1513 foramen
1508 1450 2052 1531 prospiciens,ver-

403 1547 650 1628 tiginem
671 1543 958 1627 patiebar.
984 1540 1049 1603 In
1071 1541 1167 1604 his
1189 1540 1329 1602 dum
1351 1540 1502 1610 vivo.
1529 1548 1913 1621 mentemque
1934 1541 2055 1602 dis-

403 1637 666 1712 tineo,et
685 1633 854 1716 quasi
871 1633 932 1693 in
956 1629 1172 1693 cmlum
1200 1648 1297 1692 me
1316 1637 1454 1710 puto
1477 1630 1806 1710 suspicere,
1837 1631 2051 1693 timeo-

402 1745 540 1808 que.
574 1741 650 1785 ne
675 1721 934 1808 propior
961 1718 1109 1808 mihi
1145 1718 1335 1780 factus
1366 1735 1460 1808 me
1481 1716 2049 1808 all'let,ipsumillum

405 1805 629 1888 inveni,
681 1829 860 1892 quem
907 1806 1246 1890 Stephanus
1285 1805 1454 1870 oculis
1501 1808 1721 1888 apertis
1772 1806 1936 1882 vidit,
1993 1817 2110 1896 etB

403 1912 607 1987 postea
640 1901 858 1966 Paulus
887 1917 1025 1987 cum
1055 1897 1322 1987 vidisset,
1355 1905 1680 1987 excaecatus
1714 1907 1803 1959 est
1830 1897 1910 1974 16,
1953 1907 2046 1960 to-

401 1985 528 2055 tum
573 1990 836 2073 profecto
893 1993 959 2050 ut
1009 1986 1210 2066 ignem
1263 1985 1324 2046 in
1383 1986 1581 2048 medio
1640 1987 1838 2049 cordis
1905 1987 2044 2050 mei.

402 2079 802 2154 Quamobrem
853 2077 1138 2138 miraculo
1199 2075 1600 2151 tremefactus,
1663 2084 1722 2138 et
1778 2077 2048 2158 trepidus

399 2169 594 2246 valde,
627 2175 689 2231 et
716 2165 924 2229 solutis
955 2163 1205 2240 viribus,
1239 2165 1315 2226 de
1359 2173 1559 2226 mente
1593 2165 1850 2241 decessi,
1893 2174 2046 2228 totus

400 2256 867 2323 haesitabundus.
912 2256 1046 2318 Non
1098 2253 1400 2316 sustinens
1444 2261 1642 2316 autem
1691 2255 2045 2318 immensam

401 2347 678 2430 gloriam,
703 2346 764 2408 in
783 2350 955 2406 nocte
969 2343 1181 2405 harum
1198 2342 1540 2404 notitiarum
1559 2362 1802 2407 aversus
1823 2345 2041 2425 aufugi,

399 2445 710 2519 tectusque
742 2432 1220 2514 cogitationibus,
1273 2433 1332 2493 in
1383 2432 1476 2494 his
1523 2433 1680 2494 velut
1721 2435 1781 2494 iu
1827 2453 2044 2495 monu-

399 2534 665 2589 mentum
688 2524 1028 2604 ingressus,
1076 2528 1136 2583 et
1167 2539 1272 2601 pro
1303 2519 1502 2601 lapide
1531 2521 1645 2583 hoc
1674 2523 2045 2584 crassissimo

399 2631 650 2697 corpore
681 2612 1076 2694 superposito,
1101 2609 1373 2672 obtectus
1394 2628 1548 2684 sum,
1572 2619 1630 2672 et
1659 2610 2044 2673 absconditus

399 2703 681 2786 Opinione
712 2720 845 2763 mea
874 2719 909 2761 a
938 2706 1232 2780 praesente
1272 2697 1514 2786 ubique,
1565 2698 1668 2778 qui
1701 2698 1842 2760 olim
1879 2719 2041 2760 mor-

399 2784 565 2854 tuum
597 2809 667 2853 ac
695 2789 996 2870 sepultum
1017 2805 1114 2848 me
1136 2785 1429 2848 excitavit.
1463 2784 1754 2848 Tremens
1779 2786 1962 2862 enim,
1988 2796 2046 2848 et

395 2899 519 2943 non
550 2879 704 2962 potis
732 2877 935 2938 videre
957 2876 1090 2956 ejus
1111 2875 1382 2954 gloriam,
1407 2876 1612 2936 subire
1642 2875 1793 2954 elegi
1825 2876 2042 2958 potius,

398 2977 458 3032 et
487 2985 736 3030 manere
764 2965 827 3028 in
859 2966 1160 3046 sepulcro,
1195 2970 1254 3024 et
1283 2962 1551 3025 habitare
1593 2983 1728 3024 cum
1769 2965 2040 3041 mortuis,

2141 1283 2258 1335 tem
2294 1275 2681 1348 invenissent,
2712 1275 3105 1335 comederunt
3135 1292 3250 1336 me.
3284 1274 3526 1335 Deliciae
3550 1274 3709 1335 enim
3731 1281 3791 1334 et

2142 1363 2351 1424 laudes
2385 1364 2658 1424 humanae
2700 1363 3139 1424 emedullalunt
3173 1371 3229 1423 et
3263 1373 3621 1424 enervarunt
3652 1363 3789 1424 ani-

2144 1471 2298 1514 mam
2327 1471 2542 1527 meam,
2576 1451 3062 1532 abstuleruntque
3097 1452 3239 1512 mihi
3267 1451 3451 1513 robur
3479 1461 3537 1513 et
3567 1452 3788 1513 alacri-

2139 1549 2312 1603 tatem
2347 1561 2562 1604 meam.
2586 1541 2716 1602 Heu
2740 1538 2869 1604 me!
2896 1543 2996 1621 qui
3025 1540 3278 1601 scribam
3313 1541 3541 1602 omnia?
3563 1541 3784 1620 Magni-

2135 1630 2248 1693 ﬁca
2273 1639 2470 1693 autem
2502 1629 2784 1709 opinione
2815 1631 2888 1691 de
2921 1649 3016 1691 me
3037 1629 3782 1710 ipso,inertia,voluptate,

2134 1737 2276 1782 cura
2299 1719 2642 1780 hominibus
2665 1719 3246 1799 placendi,tanquam
3279 1719 3612 1781 latronibus
3634 1719 3782 1780 mihi

2132 1807 2448 1888 impositis,
2480 1807 2759 1889 utrinque
2788 1808 3110 1883 trahentes,
3147 1807 3544 1870 distraxerunt
3572 1826 3690 1869 me.
3711 1807 3782 1868 Et

2131 1897 2257 1958 haec
2286 1897 2524 1978 quidem
2557 1896 2750 1958 ablata
2779 1895 3103 1960 sobrietate
3127 1906 3188 1958 et
3221 1897 3636 1978 temperantia;
3655 1897 3782 1958 haec

2129 2003 2268 2047 vero
2299 2005 2480 2066 opera
2511 1985 2686 2060 bona,
2724 1993 2783 2047 et
2811 1987 3077 2048 actiones
3107 1991 3438 2049 secundum
3473 1986 3688 2058 Deum,
3719 1995 3785 2047 ut

2129 2076 2381 2156 aseipsa
2418 2076 2712 2156 profectas
2741 2082 3065 2150 ostentans,
3095 2083 3394 2138 mortuum
3429 2095 3522 2138 me
3569 2075 3780 2138 reddi-

2130 2165 2366 2227 derunt.
2400 2165 2528 2240 Dic,
2561 2165 2799 2239 amabo,
2833 2183 2908 2225 an
2949 2184 3066 2226 non
3101 2165 3465 2242 miserabile,
3503 2174 3560 2227 et
3595 2166 3781 2227 mise-

2128 2254 2366 2317 ratione
2408 2252 2825 2332 dignissimum
2876 2263 2986 2328 est,
3031 2273 3163 2315 cum
3212 2263 3326 2316 tam
3363 2255 3570 2317 multa;
3599 2256 3779 2316 aﬁ‘ec—

2130 2343 2345 2420 tiones,
2372 2352 2430 2406 et
2457 2343 2716 2423 impetus
2749 2342 3072 2404 turbulenti
3098 2343 3157 2404 in
3191 2362 3285 2405 me
3316 2354 3564 2424 repente
3594 2343 3782 2406 irrue-

2129 2446 2294 2510 runt,
2331 2441 2388 2494 et
2414 2431 2578 2494 omni
2627 2433 2840 2494 virtute
2879 2441 3118 2493 exutum
3151 2451 3220 2494 ac
3249 2431 3643 2514 despoliatum
3677 2434 3778 2494 in-

2131 2530 2522 2596 teremerunt,
2582 2538 2820 2583 rursum
2881 2540 2975 2581 me
3032 2520 3222 2602 ipsum
3275 2522 3502 2597 nescio,
3535 2531 3593 2584 ct
3624 2523 3776 2585 nihil

2130 2630 2335 2672 eorum
2365 2631 2494 2691 quae
2527 2611 2671 2672 mihi
2703 2610 3085 2687 contigerunt
3107 2629 3430 2689 agnocens,
3459 2619 3650 2672 statuo
3679 2631 3776 2674 me

2130 2701 2416 2778 majorem
2446 2699 2743 2778 omnibus,
2778 2707 2836 2758 et
2865 2708 3166 2760 vacantem
3193 2700 3770 2780 perturbationibus,

2127 2797 2184 2850 et
2202 2790 2388 2850 virum
2413 2799 2703 2859 sanctum,
2731 2788 3162 2867 etsapienlem,
3189 2789 3591 2870 eximiumque
3612 2791 3778 2851 theo-

2126 2879 2346 2958 logum,
2400 2887 2458 2939 et
2490 2879 2629 2958 jure
2674 2877 3076 2939 venerandum
3107 2878 3180 2938 ab
3219 2878 3509 2941 universis
3541 2890 3766 2940 morta—

2126 2967 2281 3029 libus
2338 2967 2450 3030 Sed
2485 2976 2543 3028 et
2573 2986 2706 3028 cum
2739 2966 2968 3040 laudor,
3003 2975 3064 3027 ut
3092 2967 3325 3029 laudem
3360 2969 3598 3029 meritus
3628 2987 3766 3028 om-

395 3058 598 3119 vivens
626 3056 756 3137 ipse
785 3055 846 3116 in
877 3053 1174 3134 sepulcro,
1213 3070 1391 3131 quam
1433 3060 1496 3113 ut
1545 3052 1683 3131 igne
1729 3052 1830 3113 illo
1871 3052 2232 3118 com-Cnes
2264 3056 2579 3125 advocans.
2628 3055 2703 3116 ab
2752 3055 2825 3116 iis
2876 3055 3020 3116 mihi
3075 3056 3318 3118 honoris
3369 3057 3766 3119 testimonium

394 3145 604 3209 bustus
632 3144 897 3206 funditus
929 3140 1209 3222 perirem.
1236 3139 1322 3200 lbi
1355 3140 1660 3202 sedentem
1695 3158 1791 3202 me
1820 3143 2039 3222 despe-

395 3242 615 3309 ratum,
667 3232 909 3294 omnino
959 3229 1090 3291 sine
1131 3230 1251 3290 ﬁne
1300 3228 1634 3303 lamentari,
1696 3238 1754 3292 et
1805 3232 2039 3310 plorare

396 3331 651 3405 oportet,
700 3321 837 3402 quia
875 3319 1135 3381 desirato
1192 3317 1530 3393 frustratus,
1589 3337 1746 3380 nunc
1798 3318 1858 3380 in
1907 3337 2038 3380 mo-

395 3420 680 3476 numento
719 3410 1026 3472 delitesco.
1076 3405 1294 3470 Vivens
1350 3414 1547 3468 autem
1604 3416 1872 3470 mortuus
1928 3407 2038 3468 sub

393 3511 576 3579 terra,
636 3509 696 3563 et
745 3498 944 3580 lapide
985 3502 1313 3568 contectus,
1356 3495 1534 3556 vitam
1593 3495 1796 3558 inveni
1848 3496 2038 3558 Deum

391 3591 614 3672 ipsum,
648 3589 750 3670 qui
778 3588 954 3650 vitam
985 3584 1174 3662 dedit,
1212 3584 1306 3646 cui
1336 3584 1412 3645 sit
1439 3585 1646 3666 gloria,
1669 3593 1726 3647 et
1765 3586 2037 3648 honorin

390 3679 625 3742 saecula.

1011 3800 1252 3865 CAPUT
1297 3799 1422 3862 XII.

395 3933 476 3996 De
497 3932 733 3993 unitate
759 3927 1109 3992 omnimodo
1138 3927 1547 4004 τρισυποστάτου
1577 3924 1862 3999 Deitatis;
1892 3932 2039 3992 etin

470 4009 688 4092 quibus
714 4026 780 4092 se
807 4007 1046 4086 aliquid
1074 4023 1199 4068 esse
1245 4005 1432 4092 dicat,
1463 4004 1796 4092 humiliores
1838 4022 1900 4070 se
1929 4008 2040 4072 hac

473 4085 858 4169 confessione,
907 4085 972 4149 et
1019 4090 1442 4166 arrogantiam
1467 4085 1881 4164 pudefaciens.

473 4213 804 4294 Quomodo,
837 4230 970 4294 quae
997 4209 1315 4292 aliquando
1339 4209 1401 4270 in
1428 4228 1523 4270 me
1552 4209 1846 4286 delevisti,
1880 4212 2036 4275 Deus

394 4323 587 4377 meus,
633 4301 1015 4377 reviviscunt,
1062 4318 1276 4380 meque
1326 4298 1618 4374 cruciant,
1653 4307 1710 4360 et
1758 4301 2032 4366 tenebras

2123 3145 2518 3224 colligendum
2550 3153 2714 3225 puto.
2744 3143 3124 3223 Congregatis
3159 3145 3316 3207 enim
3349 3146 3488 3228 illis,
3523 3165 3628 3226 ego
3651 3165 3775 3206 am-

2121 3234 2278 3315 plius
2321 3233 2674 3309 intumesco,
2729 3243 2786 3294 et
2815 3240 3024 3294 crebro
3054 3235 3485 3315 circumspicio,
3522 3255 3594 3297 ne
3624 3237 3776 3298 forte

2121 3323 2253 3404 quis
2283 3323 2455 3404 absit,
2481 3326 2580 3404 qui
2616 3341 2712 3384 me
2742 3341 2860 3385 non
2891 3323 3108 3386 videat.
3142 3323 3308 3396 Quod
3345 3325 3394 3385 si
3426 3326 3580 3387 forte
3610 3325 3772 3406 quis-

2121 3417 2274 3492 piam
2309 3413 2467 3474 limis
2495 3412 2683 3474 oculis
2713 3431 2809 3474 me
2841 3413 3159 3493 aspexerit,
3196 3414 3510 3493 malignior,
3545 3423 3608 3474 et
3637 3434 3775 3476 cono

2119 3501 2324 3582 vicior,
2357 3509 2414 3562 et
2441 3501 2638 3563 deillo
2671 3501 2938 3582 detraho,
2975 3510 3037 3562 ut
3090 3509 3147 3563 et
3200 3502 3354 3581 ipse,
3385 3504 3480 3564 hlS
3523 3505 3769 3585 auditis,

2120 3591 2511 3654 convitiorum
2536 3608 2803 3653 meorum
2828 3590 3146 3672 impatiens
3169 3592 3385 3668 veniat,
3413 3611 3508 3654 me
3530 3593 3766 3670 salutet,

2123 3699 2388 3760 memque
2427 3680 2587 3752 ﬁdei,
2621 3698 3010 3761 mearumque
3047 3699 3311 3761 precum,
3357 3690 3415 3744 et
3463 3683 3771 3744 charitatis

2120 3769 2400 3847 indignus
2430 3767 2904 3848 appareat.Quod
2939 3770 3015 3830 de
3041 3770 3287 3850 reliquis
3309 3771 3585 3833 omnibus
3603 3774 3763 3836 dico.

2122 3859 2297 3920 Venit
2325 3857 2498 3939 alius,
2520 3867 2580 3919 et
2609 3857 3092 3920 benedictionem
3115 3877 3308 3921 meam
3339 3870 3621 3941 reportat,
3645 3880 3774 3925 ser-

2123 3966 2329 4009 mones
2349 3956 2409 4008 et
2437 3947 2768 4008 doctrinam
2799 3965 2991 4009 meam
3033 3951 3348 4013 auscultat.
3382 3949 3536 4012 Proh
3569 3952 3769 4013 stulti-—

2121 4035 2258 4096 tiam
2317 4036 2554 4098 meam!
2619 4035 2926 4107 Quomodo
2984 4037 3310 4100 nuditatem
3368 4058 3437 4100 ac
3469 4041 3770 4103 miseriam

2121 4143 2315 4187 meam
2367 4143 2488 4186 non
2529 4143 2735 4199 cerno,
2769 4136 2826 4188 et
2859 4126 3058 4206 plagas
3091 4146 3208 4188 non
3240 4129 3460 4204 sentio,
3494 4149 3611 4191 non
3657 4131 3770 4191 tri-

2118 4222 2262 4294 stor,
2294 4233 2412 4275 non
2443 4216 2578 4291 ﬂeo,
2615 4233 2729 4276 nec
2769 4217 3136 4278 sanationem
3169 4235 3367 4298 quaero
3392 4218 3452 4280 in
3510 4239 3768 4282 nosoco-

2119 4303 2238 4364 mio
2261 4304 2492 4383 jacens,
2522 4323 2633 4365 nec
2677 4322 2921 4365 accerso
2955 4305 3220 4367 medicos
3251 4309 3573 4372 ostendens
3607 4309 3764 4371 vibi-

393 4394 543 4456 mihi
569 4391 820 4454 faciunt?
855 4388 1353 4472 perturbationes,
1393 4386 1658 4468 inquam,
1686 4387 1810 4464 iraa,
1845 4397 1904 4450 et
1933 4409 2034 4452 ex-
2063 4403 2226 4454 Dces
2271 4411 2431 4454 meas
2463 4401 2520 4454 et
2548 4393 2834 4472 detegens
2886 4393 3006 4454 illis
3055 4393 3232 4455 etiam
3280 4398 3541 4459 occultas
3581 4399 3767 4461 animi

393 4481 852 4556 candescentias,
884 4479 1044 4542 unde
1073 4496 1277 4560 vapor,
1310 4485 1368 4538 et
1398 4477 1584 4555 caligo
1618 4476 1902 4539 invadunt
1931 4499 2034 4541 ca-

392 4580 499 4655 put
526 4590 747 4646 meum,
783 4577 1194 4649 caecanturque
1237 4566 1394 4628 oculi
1425 4565 1826 4655 intelligentia:
1863 4588 2033 4634 mea}.

391 4654 628 4726 Etenim
672 4660 834 4722 velut
879 4657 1200 4721 connivere
1231 4662 1291 4718 et
1337 4654 1572 4715 occludi
1627 4665 1936 4734 coguntur,
1981 4667 2040 4719 et

389 4761 491 4812 tuo
521 4749 747 4830 spolior
763 4749 1012 4818 lumine;
1034 4744 1192 4826 quod
1212 4762 1345 4805 cum
1367 4760 1540 4816 nemo
1568 4761 1686 4803 non
1710 4745 2034 4826 desideret,

394 4840 569 4920 pauci
602 4847 799 4899 tamen
831 4834 1169 4917 exquirunt.
1203 4831 1355 4904 Quin
1402 4831 1579 4904 etiam
1613 4851 1760 4912 quos
1793 4835 1906 4896 tuis
1938 4855 2038 4897 ar-

392 4931 558 4991 canis
584 4927 859 5006 dignatus
887 4944 974 4998 es,
999 4933 1058 4985 et
1077 4923 1148 4984 ad
1169 4920 1533 4982 materialem
1558 4924 2039 4987 communionem

394 5036 528 5080 cum
561 5035 741 5078 sensu
766 5034 883 5077 non
907 5011 1224 5085 materiali,
1249 5010 1666 5090 inetiabilium,
1687 5021 1746 5074 et
1765 5014 2042 5077 omnibus

393 5105 841 5168 tremendorum
900 5099 1307 5182 mysteriorum
1359 5107 1591 5159 tuorum
1637 5100 1952 5184 admisisti,
1983 5114 2041 5166 et

394 5195 612 5258 dedisti
637 5193 725 5256 eis
746 5202 808 5255 ut
829 5197 1256 5271 cognescerent
1297 5186 1653 5249 invisibilem
1694 5189 1754 5249 in
1786 5191 2036 5254 visibili-

398 5283 510 5344 hus
539 5283 812 5361 gloriam,
847 5297 1182 5360 novumque
1229 5277 1568 5358 mysterium
1603 5278 1664 5337 in
1695 5282 1916 5341 mundo
1945 5282 2036 5344 fa—

397 5378 557 5433 ctum
592 5371 928 5447 (admodum
963 5368 1133 5450 pauci
1163 5373 1323 5442 sunt,
1357 5373 1447 5426 sat
1479 5365 1627 5438 scio,
1660 5367 1759 5447 qui
1805 5370 1928 5432 haec
1959 5373 2035 5434 li-

398 5461 577 5540 quido
623 5459 779 5541 apud
825 5459 1090 5522 animum
1143 5473 1315 5518 suum
1352 5455 1742 5536 contemplati
1780 5458 2036 5541 fuerunt)

483 5637 543 5690 ιδ
568 5635 724 5704 Pal.
757 5653 945 5716 van,
981 5635 1037 5701 3.
1127 5634 1186 5688 16
1211 5635 1344 5700 Act.
1379 5652 1457 5716 ιχ,
1491 5635 1550 5698 8.

2124 4482 2241 4541 mei
2273 4481 2676 4560 aegritudines,
2732 4491 2794 4543 ut
2845 4482 3008 4544 sicca
3059 4484 3377 4563 emplastra
3434 4495 3492 4547 et
3547 4489 3768 4550 ustoria

2121 4570 2468 4650 imponant,
2521 4591 2651 4653 quae
2707 4571 2937 4634 fortifer
2993 4572 3260 4635 sanitatis
3336 4577 3768 4656 recuperandae

2121 4679 2298 4721 causa
2344 4661 2720 4724 suStineam?
2758 4663 2874 4724 Sed
2910 4661 3100 4742 potius
3154 4662 3306 4725 addo
3339 4665 3581 4727 vulnera
3610 4685 3765 4747 quo-

2123 4749 2288 4811 tidie.

2205 4842 2281 4901 At
2304 4847 2386 4914 tu,
2417 4859 2449 4900 ο
2473 4843 2629 4902 Deus
2661 4860 2848 4914 meus,
2877 4841 3166 4904 miserere
3197 4843 3338 4924 mei,
3359 4844 3460 4924 qui
3485 4844 3774 4927 deceptus

2124 4946 2252 4988 sum
2284 4935 2341 4990 et
2369 4929 2598 5005 erravi;
2656 4937 2716 4990 et
2771 4929 3041 4991 timorem
3101 4938 3263 4991 tuum
3321 4930 3521 4993 insere
3575 4932 3635 4993 in
3668 4951 3774 4994 cor

2125 5036 2362 5092 meum,
2383 5025 2447 5077 ut
2475 5019 2803 5080 secundum
2863 5021 3142 5082 mandata
3190 5028 3288 5080 tua
3337 5021 3624 5083 mundum
3673 5022 3771 5083 fu-

2123 5106 2301 5186 giam,
2339 5115 2394 5168 et
2425 5108 2675 5182 oderim,
2709 5117 2766 5170 et
2796 5108 3022 5170 salubri
3071 5116 3229 5170 metu
3271 5112 3619 5172 contraham
3673 5130 3772 5174 me

2123 5197 2446 5276 sapienter.
2479 5195 2564 5258 Ne
2597 5198 2779 5272 sinas,
2815 5198 3070 5278 Christe,
3126 5216 3220 5258 me
3263 5198 3323 5260 in
3376 5201 3574 5262 medio
3610 5201 3772 5263 illius

2125 5284 2406 5346 oberrare
2436 5285 2784 5366 vagarique;
2815 5306 2948 5348 nam
2986 5295 3041 5348 te
3071 5287 3287 5362 solum,
3322 5289 3608 5352 hactenus
3651 5309 3770 5351 non

2121 5375 2428 5452 dilectum,
2449 5375 2650 5455 diligo,
2682 5386 2741 5437 et
2772 5387 2871 5438 tua
2899 5375 3090 5438 solum
3123 5390 3422 5459 praecepta
3452 5399 3548 5441 me
3576 5399 3774 5442 serva-

2119 5473 2316 5528 turum
2348 5466 2604 5542 conﬁdo,
2639 5466 2743 5546 qui
2778 5475 2934 5531 totus
2963 5482 3095 5531 sum
3113 5467 3177 5528 in
3196 5467 3369 5543 vitiis,
3406 5487 3517 5532 nec
3547 5489 3770 5552 cogno-
