4120 6360
271 338 386 408 525
1425 340 1867 410 DIVINORUM
1905 340 2236 407 AMORUM
2284 344 2516 408 LIBER
3541 343 3663 410 526

266 477 320 538 vi
352 485 428 539 te.
469 475 616 550 Quis
645 478 873 540 etenim
916 486 973 541 te
1011 478 1310 559 cognovit,
1345 486 1403 541 et
1436 478 1644 540 mundi
1672 477 2141 558 gloriamAsine
2170 496 2374 559 sensu,
2416 477 2733 541 instarluti
2756 486 2868 543 est.
2899 481 3105 543 Totam
3139 482 3354 544 animae
3393 478 3658 544 hominis

269 566 609 631 desiderat?
660 576 762 630 aut
808 568 943 651 quis
992 576 1049 630 te
1099 576 1276 645 amat,
1314 575 1373 630 et
1425 575 1644 648 praeter
1679 576 1735 629 te
1762 568 1920 629 aliud
2002 566 2364 629 voluntatem
2393 586 2571 629 unam
2621 586 2753 630 esse
2803 576 2964 649 puto.
3017 569 3128 643 Qui
3166 588 3304 650 ergo
3349 589 3516 633 suam
3553 570 3654 634 di-

264 657 502 737 quaarit?
534 676 755 738 nempe
780 666 842 719 ut
865 676 1075 719 omnes
1113 658 1184 719 ad
1217 674 1282 720 se
1304 657 1689 731 laudandum,
1726 666 1784 719 et
1813 657 1921 719 ad-
2002 655 2138 717 vino
2202 657 2454 737 Spiritui
2509 658 2917 738 conjunxerit,
2972 661 3094 722 Deo
3153 660 3366 723 similis
3423 659 3652 735 evasit;

266 743 601 807 mirandum
631 747 907 822 advocet;
938 755 1039 809 aut
1067 746 1424 828 quibusdam
1457 748 1778 821 aduletur;
1821 754 1923 809 aut
2003 743 2235 807 Christo
2264 745 2325 806 in
2360 753 2562 825 pectus
2601 755 2868 827 accepto,
2923 748 3293 812 Christianus
3337 768 3373 811 a
3421 748 3652 812 Christo

264 834 530 895 omnium
555 835 852 897 amicitias
874 835 987 897 sibi
1008 836 1333 897 conciliare
1365 834 1774 899 studeat.Ha:c
1796 836 1922 897 nul-
2012 842 2123 908 est,
2155 834 2457 898 Christum
2489 836 2803 898 formatum
2838 837 2899 898 in
2932 838 3152 919 seipso,
3189 839 3657 921 incomprehen-

265 922 360 983 lus
387 941 698 986 servorum
748 933 987 986 tuorum
1035 943 1455 1002 germanorum
1507 924 1695 1001 fecit;
1731 931 1790 986 et
1819 926 1932 986 hoc
2016 940 2170 999 sum,
2207 924 2422 1000 solum,
2457 934 2516 987 et
2542 944 2747 988 revera
2793 927 3073 990 omnibus
3128 928 3384 991 conditis
3427 928 3656 1010 naturis

266 1019 359 1073 est
398 1012 559 1092 quod
613 1033 707 1075 me
762 1013 1017 1091 cruciat,
1053 1022 1112 1075 et
1141 1015 1201 1075 in
1237 1014 1543 1076 tristitiam
1596 1015 1720 1094 dat,
1770 1016 1934 1076 Deus
2017 1010 2393 1074 inaccessum
2426 1014 2597 1095 plane
2627 1015 2686 1076 in
2719 1033 2784 1079 se
2814 1015 3151 1080 continens.
3205 1016 3346 1089 Sed,
3380 1037 3414 1079 ο
3447 1027 3658 1081 natura

265 1119 459 1175 meus,
493 1101 634 1182 quia
663 1103 835 1165 video
884 1122 980 1164 me
1031 1102 1094 1163 in
1145 1103 1238 1164 his
1268 1103 1558 1167 servitute
1589 1104 1942 1190 subactum,
2019 1101 2392 1190 intemerata,
2447 1104 2703 1166 essentia
2757 1105 3008 1181 occulta,
3071 1106 3270 1186 ignota
3323 1107 3658 1188 benignitas

268 1209 381 1253 nec
408 1193 756 1272 persuaderi
796 1194 861 1255 iu
907 1193 1156 1254 alteram
1191 1200 1439 1273 partem,
1478 1212 1589 1255 nec
1622 1189 1933 1256 humiliari
2025 1189 2297 1268 plurimis
2325 1192 2690 1266 hominibus,
2724 1194 3134 1257 misericordia
3161 1214 3293 1277 quae
3338 1216 3459 1259 non
3487 1197 3658 1260 vide-

270 1298 533 1358 possum,
561 1301 673 1343 nec
696 1290 853 1344 tuam
878 1281 1064 1343 solius
1094 1282 1341 1361 gloriam
1368 1300 1634 1364 quaerere
1658 1284 1920 1355 instituo,
2009 1285 2105 1337 tur
2140 1296 2176 1338 a
2221 1278 2396 1340 stulte
2453 1280 2779 1344 viventibus
2831 1282 3221 1364 invariabilis,
3281 1284 3653 1360 insecabilis,

268 1386 379 1448 per
408 1389 582 1445 quam
632 1371 1013 1433 demonstrer
1055 1370 1273 1443 ﬁdelis,
1327 1390 1396 1432 ac
1439 1390 1644 1433 servus
1676 1380 1830 1446 tuus,
1867 1379 1927 1434 et

265 1475 375 1535 per
402 1477 581 1535 quam
614 1460 936 1541 (praecipue
967 1459 1030 1520 in
1061 1460 1286 1522 vilitate
1321 1470 1380 1522 et
1412 1461 1820 1531 mendicitate,
1854 1479 1925 1522 ac

263 1544 596 1627 laboribus)
630 1568 750 1610 non
784 1549 1217 1628 potentioribus
1250 1550 1451 1625 modo,
1473 1550 1578 1612 sed
1602 1549 1923 1631 etregibus

264 1654 421 1715 queo
452 1637 583 1698 ﬁeri
598 1636 939 1701 sublimior.
966 1638 1238 1701 Flectere
1259 1638 1437 1717 igitur
1466 1638 1623 1700 Deus
1654 1639 1922 1700 omnium

2007 1373 2098 1457 ter
2126 1380 2330 1430 sancta
2359 1369 2637 1445 essentia,
2671 1371 2923 1452 simplex
2958 1373 3185 1445 lumen,
3211 1381 3269 1435 et
3289 1391 3501 1437 carens
3525 1393 3659 1457 spe-

2006 1454 2120 1530 cie,
2158 1456 2403 1546 minime
2432 1459 2847 1540 compositum,
2893 1461 3345 1544 incorporeum,
3378 1454 3659 1546 quodque

2005 1561 2040 1603 a
2088 1544 2251 1606 nulla
2303 1553 2511 1608 natura
2562 1548 2695 1629 capi
2748 1556 2925 1629 atque
2974 1551 3404 1631 comprehendi
3465 1544 3654 1633 potes,

2005 1633 2325 1712 quomodo,
2364 1653 2399 1695 o
2452 1653 2578 1709 rex,
2634 1636 2821 1698 oculis
2876 1638 3154 1702 humanis
3203 1638 3473 1720 objectus
3501 1660 3566 1704 es
3597 1652 3662 1703 ut

264 1722 579 1805 opifex,ad
603 1725 980 1788 tribuendam
1003 1726 1478 1789 misericordiam
1509 1728 1722 1790 animm
1747 1746 1915 1803 mete,
1944 1738 1982 1788 Β
2006 1740 2137 1800 ego.
2174 1722 2446 1801 cognitus
2476 1725 2548 1787 ab
2588 1726 2679 1786 bis
2704 1725 2807 1808 qui
2850 1725 2914 1787 in
2954 1727 3175 1789 mundo
3203 1740 3366 1805 sunt,
3394 1737 3660 1809 gestatus

264 1813 370 1893 qui
393 1813 552 1876 bene
572 1823 636 1876 ut
657 1833 876 1890 essem,
897 1816 1110 1878 dedisti
1139 1816 1304 1889 mihi,
1328 1826 1387 1879 et
1408 1818 1809 1895 cognitionem
1830 1836 1927 1879 ve-
2009 1818 2229 1872 sanctae
2276 1814 2474 1875 Matris
2507 1821 2623 1876 tuae
2664 1814 2966 1888 manibus,
2998 1817 3210 1896 ligatus
3239 1826 3305 1880 ut
3334 1819 3657 1897 homicida,

266 1919 394 1962 ram
430 1902 671 1982 largire,
726 1911 792 1966 ut
844 1904 1017 1967 bonis
1049 1905 1164 1966 tuis
1196 1905 1434 1967 aeternis
1463 1908 1525 1967 in
1556 1908 1696 1971 solis
1725 1907 1947 1969 seiens’
2009 1917 2216 1978 Passus
2246 1910 2309 1963 ut
2338 1902 2660 1980 maleﬁCUS,
2695 1903 2836 1965 dum
2867 1923 2962 1967 me
2994 1923 3236 1986 Ρΐοΐευε
3285 1906 3510 1970 salvam
3546 1909 3658 1981 Vis.

267 1999 329 2051 et
358 1992 628 2072 prudens
658 1993 1007 2068 inhaeream,
1040 1994 1414 2075 gloriamque
1448 2005 1602 2057 tuam
1627 2017 1696 2058 ex
1727 2000 1926 2062 animo

2008 1997 2069 2051 et
2097 1989 2157 2051 in
2197 1990 2539 2071 paradisum
2579 1992 2784 2070 gloriae
2813 1993 3010 2055 denuo
3053 1994 3369 2060 reducere.
3403 1995 3542 2059 Haec
3572 2006 3663 2059 est

267 2079 520 2159 diligam
552 2090 609 2143 et
639 2101 927 2162 quaeram,
961 2085 1285 2145 humanam
1314 2092 1704 2148 acterrenam
1737 2089 1927 2151 neuti-
2008 2080 2341 2141 oeconomia
2373 2088 2492 2162 tua,
2527 2081 2653 2142 haec
2679 2100 2857 2144 causa
2885 2082 3175 2145 adventus
3200 2083 3309 2163 tui,
3332 2084 3460 2147 haec
3483 2086 3662 2148 mise-

261 2188 440 2249 quam
474 2189 721 2245 curem;
752 2184 820 2232 ut.
862 2171 969 2233 tibi
1001 2191 1182 2241 nunc,
1217 2183 1277 2236 et
1305 2182 1439 2254 post
1467 2184 1718 2237 mortem
1765 2196 1908 2239 con-

251 2258 504 2338 jungar,
539 2269 595 2321 et
625 2279 860 2323 merear
886 2280 1137 2341 regnare
1182 2271 1401 2344 tecum,
1434 2264 1701 2346 quiﬁmea
1736 2286 1915 2329 causa

259 2347 726 2425 ignominiosam
744 2368 953 2412 necem
970 2370 1034 2413 es
1048 2369 1418 2432 perpesssus,
1437 2365 1745 2418 etomnem
1759 2375 1914 2419 (nco-

261 2436 527 2498 nomiam
557 2438 898 2519 implevisti.
921 2439 1087 2502 Tunc
1115 2440 1461 2503 mortalibus
1490 2443 1779 2506 universis
1810 2463 1912 2506 ero

261 2525 572 2588 illustrior.
605 2528 820 2590 Amen.
855 2527 941 2590 Ita
970 2530 1089 2604 ﬁat,
1125 2529 1399 2609 Domine,
1430 2550 1587 2593 nunc
1618 2541 1677 2594 et
1704 2533 1764 2595 in
1797 2553 1913 2596 saa-

1994 2167 2274 2249 ricordia,
2312 2177 2372 2231 et
2415 2170 2761 2233 humanitas
2810 2180 2930 2246 tua,
2982 2170 3263 2233 omnibus
3306 2174 3660 2237 mortalibus

1994 2255 2167 2318 nobis
2200 2257 2482 2334 exhibita,
2519 2259 2821 2341 ﬁdelibus,
2849 2260 3213 2336 inﬁdelibus,
3243 2262 3499 2325 ethnicis
3520 2282 3659 2344 pec-

1995 2346 2322 2422 caloribus,
2358 2356 2418 2410 et
2449 2349 2691 2411 sanctis.
2732 2350 2911 2413 Facta
2934 2357 3026 2411 est
3051 2350 3213 2411 enim
3242 2351 3535 2432 apparitio
3560 2365 3663 2416 tua

1995 2439 2063 2500 in
2096 2453 2272 2496 carne
2302 2436 2640 2499 communis
2689 2437 2957 2501 omnium
3001 2438 3265 2501 vivorum
3296 2458 3366 2502 ac
3392 2449 3658 2504 mortuo-

1995 2542 2128 2585 rum
2173 2525 2331 2587 salus
2362 2534 2422 2588 et
2443 2526 2805 2609 redemptio.

2082 2613 2246 2686 Quod
2272 2624 2471 2679 autem
2504 2616 2567 2677 in
2598 2636 2692 2678 me
2719 2616 2955 2698 perdito
2987 2618 3247 2692 occulte,
3282 2628 3340 2680 et
3383 2638 3654 2684 seorsum

873 2720 1117 2785 CAPUT
1160 2721 1313 2785 qu
2002 2702 2337 2781 ignorantia
2382 2705 2769 2782 cagnoscibili
2817 2706 2967 2767 mihi
3013 2707 3256 2786 quidem
3300 2718 3487 2786 certe,
3523 2711 3659 2773 aliis

257 2824 348 2881 Ad
373 2826 758 2901 paenitentiam
777 2826 1110 2901 cohortatio,
1142 2830 1195 2884 et
1221 2831 1490 2899 quomodo
1515 2831 1768 2889 voluntas
1796 2847 1917 2889 car-
2001 2799 2199 2852 autem
2224 2812 2339 2854 non
2351 2842 2369 2894 ἶ
2389 2793 2894 2901 βέτΐθθῳφθδιό
2910 2814 3043 2897 quia
3070 2796 3273 2875 lingua
3300 2798 3660 2901 θιθῳξῗῳδῖἳ

508 2897 790 2971 voluntati
837 2900 1068 2971 spiritus
1098 2884 1763 2971 'copitlataifhomiueni
1800 2884 1912 2960 Dea

2001 2900 2135 2962 quae
2165 2901 2335 2944 mens
2354 2884 2845 2964 interpretabitur
2863 2884 2894 2943 ‘?
2916 2884 3050 2965 quis
3072 2904 3271 2947 sermo
3294 2889 3653 2971 enuntiabit,

330 2969 571 3025 similem
598 2968 817 3025 reddat.
865 2968 881 2971 “
1181 2968 1201 2971 ’
2004 2979 2145 3033 utet
2174 2990 2383 3033 manus
2432 2992 2566 3035 mea
2613 2973 2829 3036 litteris
2880 2974 3123 3037 exaret?
3163 2993 3303 3038 vero
3336 2977 3497 3039 enim
3531 2968 3658 3041 treé

343 3067 657 3146 lllacrymo
689 3077 747 3129 et
774 3087 1163 3148 compungor,
1199 3091 1332 3133 cum
1383 3071 1533 3133 mihi
1561 3072 1767 3133 lumen
1799 3073 1918 3134 ful-
2005 3062 2313 3138 mendum,
2355 3063 2729 3126 "emendum
2762 3071 2874 3139 95‘:
2908 3065 3173 3146 inquam,
3211 3084 3323 3128 nec
3364 3068 3507 3130 satis
3535 3068 3658 3131 diei

269 3155 348 3216 sit
372 3157 660 3238 videoque
690 3158 1134 3219 mendicitatem
1165 3179 1383 3241 meam,
1413 3170 1471 3222 et
1491 3179 1788 3238 cognosco
1819 3151 1981 3223 ubic
2008 3160 2221 3241 Ροῐθει,
2254 3152 2409 3232 (ἰυοά
2437 3172 2471 3214 ³
2502 3173 2596 3215 me
2625 3153 2858 3216 Videtur
2916 3154 3144 3235 lumen:
3188 3156 3346 3235 (ιιιοά
3397 3158 3658 3220 mundus

274 3261 431 3314 sum.
461 3256 520 3306 et
542 3247 781 3326 qualem
813 3248 1423 3325 mundumincolam,
1460 3250 1725 3311 mortalis
1756 3269 1921 3312 mor-
2003 3240 2116 3301 iste
2152 3259 2269 3302 non
2305 3242 2505 3305 habet.
2549 3243 2621 3304 Et
2648 3242 2839 3321 diligit
2885 3261 3003 3317 me,
3039 3244 3142 3323 qui
3189 3244 3254 3305 in
3282 3244 3397 3307 hoc
3429 3248 3651 3310 mundo

278 3333 456 3393 talem
481 3343 536 3395 et
553 3336 931 3397 interiturum
956 3336 1208 3399 scilicet.
1237 3340 1511 3401 Delector
1531 3358 1669 3401 vero
1700 3347 1758 3401 et
1784 3359 1912 3419 gau-

2006 3348 2123 3391 non
2149 3340 2262 3391 est.
2297 3332 2370 3393 Et
2401 3350 2509 3409 ego
2537 3334 2594 3392 in
2628 3333 2825 3394 medio
2856 3332 3027 3407 cellae
3053 3351 3205 3395 mete
3252 3334 3425 3396 video
3454 3336 3654 3413 illum,

276 3419 422 3494 deo,
471 3424 688 3502 quoties
734 3432 953 3486 statum
1000 3444 1199 3486 meum
1243 3436 1303 3489 et
1330 3446 1681 3489 concessam
1713 3429 1859 3489 mihi
1890 3449 1925 3490 a
2006 3419 2105 3499 (Ιυί
2135 3428 2298 3481 θκίιεᾶ
2332 3420 2619 3482 mundum
2651 3431 2764 3483 θδῑο
2796 3419 2987 3501 Super
3009 3421 3223 3483 ιθειιιίο
3258 3440 3390 3484 meo
3439 3424 3644 3507 εθάθο,

275 3509 411 3571 Deo
440 3512 675 3589 gloriam
710 3514 1034 3595 perspicio,
1066 3534 1135 3577 ac
1166 3535 1263 3577 me
1292 3517 1451 3577 velut
1492 3520 1766 3594 angelum
1796 3518 1920 3579 Do-
2006 3516 2065 3568 et
2096 3515 2259 3570 extra
2300 3510 2587 3570 mundum
2619 3527 2841 3573 versor.
2872 3508 3018 3571 Eum
3049 3519 3250 3572 autem
3280 3511 3383 3592 qui
3410 3531 3656 3594 semper

279 3598 436 3660 mini
455 3608 629 3663 totum
651 3603 1000 3665 indumento
1024 3621 1143 3663 non
1170 3604 1460 3666 materiali
1486 3614 1759 3667 ornatum
1779 3625 1922 3667 con-
2005 3606 2115 3678 est,
2151 3606 2210 3660 et
2240 3608 2433 3660 tamen
2463 3599 2699 3678 genitus
2743 3607 2833 3661 est
2880 3598 3072 3676 Video,
3120 3600 3224 3682 qui
3275 3619 3411 3663 cum
3456 3611 3516 3665 et
3557 3604 3649 3666 to-

268 3688 453 3768 jecto.
493 3688 779 3752 Gaudium
804 3692 983 3770 igitur
1011 3691 1309 3771 largitoris
1338 3702 1395 3755 et
1419 3694 1790 3755 immutantis
1822 3714 1917 3757 me
2005 3706 2153 3768 quor
2202 3688 2512 3768 audeoque
2559 3688 2784 3762 dicere,
2841 3689 3013 3765 Αῐῐιο,
3063 3690 3345 3771 quoniam
3401 3691 3506 3754 ille
3556 3712 3651 3756 me

272 3778 379 3840 Dei
405 3780 767 3841 desiderium
798 3782 860 3841 in
893 3798 987 3842 me
1026 3787 1367 3863 exsuscitat,
1423 3782 1791 3845 desiderium
1824 3785 1917 3846 la-
2001 3785 2176 3839 amat.
2214 3775 2352 3839 Sola
2382 3780 2512 3857 ejus
2540 3778 2962 3857 contemplatio
2994 3779 3291 3860 pmolam
3336 3781 3487 3844 mihi
3538 3782 3651 3845 da-

265 3888 598 3950 crymarum
630 3871 852 3932 ﬂuenta
882 3871 1164 3950 proludit,
1201 3879 1260 3932 et
1289 3891 1383 3932 me
1415 3871 1656 3934 uberius
1685 3873 1914 3934 illumi-
2002 3885 2105 3946 pes
2136 3876 2195 3928 et
2225 3868 2592 3930 nutrimenta
2620 3876 2779 3944 sunt;
2800 3867 3010 3949 illique
3032 3870 3234 3931 unitus
3264 3888 3444 3951 supra
3468 3875 3653 3936 caelos

260 3967 383 4023 nat.
414 3959 652 4031 Audite,
689 3960 791 4040 qni
818 3959 880 4021 in
910 3958 1123 4035 Deum,
1158 3969 1220 4021 ut
1241 3978 1378 4041 ego,
1414 3961 1693 4042 peccatis;
1721 3963 1916 4024 elabo-
2000 3957 2245 4020 scando.
2276 3957 2346 4019 Et
2383 3959 2498 4021 hoc
2528 3975 2732 4019 verum
2768 3977 2837 4019 ac
2883 3966 3115 4021 certum
3159 3977 3291 4022 esse
3335 3961 3483 4027 scio.
3538 3963 3652 4026 Ubi

263 2614 419 2677 cula.

256 4057 388 4111 rate
419 4056 480 4111 et
498 4047 722 4111 currite
743 4049 805 4109 in
830 4048 1004 4110 bonis
1031 4049 1335 4132 operibus,
1363 4060 1425 4112 ut
1444 4052 1914 4132 comprehenda-

259 4138 362 4214 tis,
395 4145 455 4200 et
483 4137 960 4219 complectamini
992 4138 1146 4217 ignis
1194 4143 1441 4201 materia
1485 4142 1746 4203 vacantis
1780 4161 1911 4203 ma-

258 4226 476 4289 teriam
507 4228 669 4309 (cum
699 4228 837 4290 dico
869 4231 1197 4310 materiam,
1225 4228 1483 4291 divinam
1514 4229 1620 4292 tibi
1643 4239 1909 4293 naturam

258 4316 565 4398 signiﬁco)
597 4325 654 4378 ct
674 4317 1009 4380 ascendatis
1032 4317 1493 4381 intellectualem
1512 4319 1726 4382 animae
1752 4321 1907 4382 lam-

1995 4055 2193 4108 autem
2228 4048 2341 4109 hoc
2372 4066 2589 4127 corpus
2618 4054 2743 4108 tum
2773 4047 2873 4121 sit,
2900 4048 3126 4112 nescio.
3148 4049 3284 4111 Scio
3310 4051 3649 4116 descende-

1993 4154 2083 4209 re,
2112 4136 2213 4217 qui
2243 4146 2332 4198 est
2358 4137 2707 4197 immobilis.
2742 4136 2881 4199 Scio
2903 4156 2936 4199 a
2961 4156 3054 4200 me
3080 4138 3294 4214 videri,
3328 4159 3431 4221 qui
3471 4152 3652 4206 natu-

1992 4242 2058 4285 ra
2086 4233 2176 4286 est
2206 4224 2668 4306 inaspectabilis.
2718 4226 2877 4301 Scio,
2911 4226 3015 4306 qui
3065 4226 3137 4288 ab
3168 4228 3336 4289 omni
3383 4239 3656 4295 creatura

1992 4314 2167 4393 longe
2218 4314 2414 4390 distat,
2468 4314 2541 4375 ab
2599 4333 2670 4377 eo
2719 4315 2932 4396 accipi,
2997 4323 3057 4377 et
3108 4318 3268 4379 inter
3313 4318 3487 4381 ulnas
3520 4322 3654 4401 ejus

257 4407 502 4488 padem,
534 4416 601 4469 ut
641 4409 792 4470 ﬁatis
837 4408 996 4470 soles
1043 4409 1105 4469 in
1152 4408 1375 4471 mundo
1426 4410 1794 4474 collucentes
1852 4403 2303 4489 etDabscondi,
2339 4412 2398 4465 et
2429 4412 2570 4466 tunc
2603 4414 2771 4467 extra
2801 4412 2990 4467 totum
3025 4407 3311 4468 mundum
3347 4427 3445 4470 me
3475 4412 3646 4472 inve-

260 4516 637 4578 nequaquam
667 4497 779 4558 visi
807 4500 884 4559 ab
907 4498 1001 4559 his
1029 4498 1130 4578 qui
1159 4498 1219 4559 in
1259 4499 1482 4560 mundo
1518 4509 1681 4576 sunt;
1704 4508 1769 4561 ut
1795 4501 1921 4571 sitis
2004 4493 2143 4577 tu'ri.
2174 4492 2448 4555 Vicissim
2484 4511 2591 4572 ego
2619 4494 2911 4572 mortalis,
2944 4494 3082 4555 etin
3113 4495 3227 4557 hoc
3261 4497 3482 4560 mundo
3506 4517 3649 4580 par-

254 4584 418 4647 sicut
447 4586 553 4660 dii,
589 4593 767 4648 totam
796 4586 905 4648 Dei
935 4586 1187 4665 gloriam
1220 4586 1375 4650 intra
1395 4607 1497 4650 vos
1523 4589 1915 4669 possidentes,

2004 4603 2112 4645 vus
2143 4591 2317 4663 atque
2348 4584 2614 4661 exiguus,
2650 4582 2804 4643 intra
2834 4601 2931 4644 me
2961 4593 3290 4647 creatorem
3324 4588 3530 4650 mundi
3564 4597 3650 4651 to-

254 4674 321 4735 in
343 4674 577 4736 duabus
600 4676 1142 4755 essentiis,duabus
1163 4678 1408 4739 omnino
1438 4679 1917 4760 naturis,duplici
2001 4682 2123 4734 tum
2156 4672 2381 4753 aspicio
2417 4689 2430 4735 2
2466 4680 2525 4733 et
2553 4671 2697 4733 dum
2745 4671 2902 4734 intra
2932 4672 3110 4736 vitam
3156 4692 3310 4747 sum.
3346 4682 3649 4759 totamque

252 4763 831 4845 functione,gemina
844 4765 1421 4847 voluntate,quemad
1434 4770 1675 4830 modum
1695 4768 1908 4833 Paulus

254 4851 473 4916 clamat
498 4854 719 4917 ‘7.Atia
747 4863 837 4916 est
866 4854 1160 4935 siquidem
1194 4858 1365 4918 ﬂuxae
1383 4856 1583 4919 carnis
1614 4858 1901 4936 voluntas,

252 4943 374 5005 alia
402 4943 651 5024 Spiritus
680 4952 739 5006 et
767 4943 983 5007 animae
1007 4962 1153 5005 meae
1178 4962 1191 5006 :
1217 4954 1624 5009 verumtamen
1649 4967 1767 5008 non
1801 4948 1901 5009 tri-

253 5032 523 5113 plex,sed
553 5033 769 5114 duplex
790 5040 852 5093 ut
873 5032 1070 5113 homo,
1098 5033 1483 5096 sum.Anima
1505 5055 1638 5097 mea
1667 5036 1904 5117 corpori

250 5140 390 5183 meo
441 5121 849 5204 inexplicabili
883 5122 1116 5184 vinculo
1167 5123 1440 5204 colligata
1491 5126 1904 5188 est.Attamen

248 5213 543 5275 utrumvis
562 5220 966 5292 congruenter
993 5230 1102 5273 sua
1129 5216 1362 5293 quaerit,
1390 5216 1908 5295 corpus,comede-

247 5319 339 5374 re,
355 5300 1037 5382 bibere,dormire;quas
1050 5300 1223 5362 etiam
1239 5302 1434 5364 carnis
1449 5311 1702 5366 terrenae
1714 5304 1911 5365 volun-

250 5398 401 5454 tates
429 5390 871 5475 appello.Quod
898 5398 1208 5471 postquam
1242 5390 1316 5453 ab
1345 5391 1543 5454 anima
1571 5402 1908 5475 separatum

243 5480 442 5565 fuerit,
478 5482 635 5545 nihil
679 5481 911 5562 appetit
937 5480 1354 5560 hujuscemodi
1390 5484 1534 5544 :setl
1581 5493 1905 5562 mortuum,

314 5655 367 5705 ¹7
398 5653 575 5717 Rom.
614 5669 722 5727 vn,
765 5651 838 5714 14
868 5669 1034 5732 seqq.

1997 4762 2173 4824 vitam
2207 4763 2359 4824 intra
2389 4780 2481 4822 me
2512 4761 2807 4839 vigentem
2830 4768 2889 4822 et
2909 4762 3226 4823 ﬂorentem
3257 4764 3645 4845 complector,

1991 4869 2087 4913 me
2117 4871 2233 4913 non
2269 4852 2619 4912 moriturum
2650 4850 2798 4912 scio.
2835 4848 2901 4910 In
2932 4850 3114 4912 corde
3166 4869 3300 4912 meo
3335 4861 3448 4935 est,
3482 4863 3541 4915 et
3585 4855 3648 4918 in

1991 4940 2141 5001 caalo
2172 4960 2288 5002 non
2314 4940 2481 5002 deest
2517 4962 2530 4998 :
2571 4940 2668 5001 hic
2701 4947 2758 4999 et
2786 4938 2870 4999 ibi
2899 4958 2933 5000 a
2967 4959 3062 5000 me
3094 4940 3361 5002 cernitur
3396 4945 3646 5023 mquali-

1990 5036 2082 5092 ter
2109 5029 2725 5102 coruscans.Quonam
2777 5044 2976 5092 antem
3033 5034 3206 5093 modo
3255 5032 3651 5115 intelligentia

1991 5122 2131 5183 satis
2163 5140 2513 5202 consequar,
2548 5140 2665 5202 quo
2701 5128 2867 5200 pacto
2905 5121 2995 5181 ha;
3027 5121 3208 5182 ﬁant?
3248 5134 3349 5184 aut
3391 5143 3646 5204 quomo-

1990 5211 2065 5273 do
2105 5212 2209 5272 tibi
2254 5231 2533 5273 enarrare
2579 5220 2811 5291 potero,
2859 5228 2988 5289 quae
3037 5209 3309 5291 in‘elligo
3343 5222 3401 5274 et
3427 5214 3645 5277 video?

1995 5300 2144 5364 Sunt
2166 5301 2324 5362 enim
2353 5302 2612 5382 profecto
2637 5300 2817 5361 etfatu
2844 5299 3253 5379 impossibilia,
3287 5310 3347 5362 et
3370 5302 3646 5368 universe

1992 5390 2439 5466 inenarrabilis,
2475 5410 2606 5472 quae
2627 5389 2835 5451 oculus
2865 5408 2989 5450 non
3021 5388 3185 5465 vidit,
3221 5409 3333 5454 nec
3359 5393 3519 5454 auris
3538 5412 3641 5456 au-

1992 5481 2154 5557 divit,
2187 5490 2242 5542 ct
2274 5481 2332 5540 in
2371 5499 2472 5541 cor
2500 5480 2738 5543 carnale
2790 5497 2905 5540 non
2955 5482 3352 5543 ascenderunt
3373 5481 3448 5541 18.
3486 5484 3637 5548 Gra-

1124 5653 1183 5702 18
1214 5653 1329 5715 lsa.
1362 5670 1523 5730 wa,
1562 5655 1593 5717 4
1632 5676 1647 5727 ;
1682 5653 1705 5715 Ι
1739 5656 1873 5717 Cor.
1912 5670 1972 5735 ιι,
2011 5653 2070 5716 9.
