4120 6384
441 332 558 397 527

1727 329 2036 395 SYMEON
2040 329 2112 392 IS
2151 330 2526 395 JUNIORIS.

3700 333 3827 400 528

441 468 557 530 tias
585 485 694 548 ago
722 466 852 544 tibi,
899 465 1175 542 Domine,
1225 467 1509 548 quoniam
1553 466 1833 529 misertus
1879 483 1944 527 es
1975 464 2151 527 meiA
2176 475 2238 527 ut
2270 467 2388 528 mei
2421 467 2707 532 misertus
2736 469 2994 532 salvares
3025 489 3141 533 me.
3179 471 3303 533 Hoc
3335 478 3498 533 certa
3527 471 3645 534 fide
3676 489 3825 552 per-

443 564 503 619 et
530 556 761 618 donasti
782 556 952 636 mihi,
987 563 1052 618 ut
1079 555 1206 617 hac
1235 555 1520 632 viderem,
1541 563 1598 617 et
1615 553 2082 630 conscriberem,

2171 574 2409 617 suasum
2445 555 2696 633 habens,
2746 577 2781 619 a
2827 560 3019 637 gratia
3052 568 3149 620 tua
3179 559 3462 639 gaudium
3503 561 3823 640 carpebam

443 643 817 726 posterisque
845 645 994 706 meis
1023 643 1410 725 pradicarem
1443 643 1870 724 benignitatem
1894 651 2086 716 tuam;
2169 643 2551 724 inexplebile,
2588 653 2645 707 et
2685 647 2873 708 solida
2903 667 3010 728 spe
3052 649 3443 712 sustentabar.
3473 647 3559 711 De
3586 648 3826 710 duobus

442 742 508 795 ut
537 742 597 795 et
620 752 779 795 nunc
810 751 978 795 sacra
1008 733 1118 795 hac
1147 733 1419 794 doctrina
1465 732 1812 794 imbuantur
1861 731 2086 812 populi,

442 821 632 884 tribus
662 829 723 884 et
750 822 982 902 lingua,
1018 821 1175 902 quod
1207 823 1474 883 omnium
1516 821 1742 882 fervide
1791 820 2087 902 poeniten-

441 911 590 974 tium
624 912 948 983 misereris;
981 912 1135 972 sicut
1163 911 1570 988 apostolorum
1605 919 1862 989 tuorum,
1890 916 1950 971 et
1970 927 2092 970 om-

445 1000 608 1063 nium
640 1010 974 1063 sanctorum
1020 1001 1297 1063 misertus
1328 1019 1416 1062 es.
1448 999 1760 1062 Benefacis
1812 998 1953 1071 illis,
1989 1016 2093 1059 eos

445 1091 726 1165 honoras,
759 1099 818 1151 et
842 1089 1159 1168 glorificas,
1210 1089 1368 1151 Deus
1411 1107 1620 1164 meus;
1655 1096 1718 1150 ut
1748 1107 1882 1150 cum
1923 1086 2089 1148 desi-

447 1177 615 1240 derio
647 1179 854 1253 multo,
885 1179 1174 1240 ettimore
1205 1186 1262 1240 te
1293 1178 1696 1258 exquirentes,
1732 1185 1791 1238 et
1820 1177 1893 1238 ad
1917 1185 1974 1238 te
1997 1193 2090 1236 so-

445 1266 569 1329 lum
595 1267 806 1331 mundi
836 1267 1112 1348 opificem
1144 1286 1496 1349 conversos,
1531 1286 1710 1349 quem
1751 1266 1924 1328 decet
1956 1265 2090 1345 glo-

444 1355 557 1433 ria,
621 1357 832 1430 honor,
886 1356 1232 1438 imperium,
1285 1356 1586 1436 majestas,
1636 1363 1701 1418 ut
1756 1373 1986 1434 regem,
2035 1361 2093 1415 et

443 1441 656 1524 Deum,
687 1464 758 1508 ac
789 1445 1108 1508 Dominum
1138 1447 1425 1520 universi,
1461 1463 1621 1506 nunc
1651 1453 1710 1507 et
1740 1445 2091 1506 innumera-

446 1531 668 1598 bilibus
696 1534 1050 1597 saculorum
1080 1534 1373 1598 atatibus.
1408 1539 1622 1597 Amen.

1052 1651 1298 1717 CAPUT
1342 1652 1495 1716 XIV.

2172 741 2366 820 autem
2398 733 2518 796 illis
2546 737 2828 798 extremis
2856 737 2996 818 quid
3033 737 3224 799 dicam
3260 739 3484 805 nescio.
3526 758 3658 820 qua
3685 738 3819 811 tibi,

2173 818 2296 882 Rex
2329 839 2512 898 meus,
2548 825 2607 885 in
2642 842 2738 885 me
2767 825 2898 886 fieri
2929 826 3344 906 complacitum
3376 835 3484 902 est,
3517 818 3649 908 qua
3685 827 3824 888 ani-

2177 928 2287 971 ma
2313 928 2385 972 ac
2417 912 2600 973 menti
2633 912 3024 993 privationem
3057 915 3334 990 afferunt,
3369 916 3826 996 functionesque

2175 1007 2232 1060 et
2262 999 2686 1079 intelligentias
2714 1022 2922 1065 omnes
2952 1004 3308 1084 impediunt.
3333 1004 3484 1076 Quin
3518 1013 3578 1066 et
3600 1005 3828 1084 magni-

2175 1092 2379 1155 tudine
2423 1094 2625 1173 gloria
2657 1105 2770 1158 tua
2797 1106 3056 1175 gravant,
3111 1107 3168 1159 et
3214 1098 3402 1160 ferme
3449 1106 3827 1160 commovent

2175 1199 2270 1242 me
2301 1182 2373 1242 ad
2404 1185 2780 1262 cessandum,
2819 1193 2879 1248 ut
2927 1187 3080 1249 nihil
3127 1187 3354 1268 loquar,
3390 1187 3536 1249 nihil
3584 1188 3823 1260 faciam,

2173 1270 2322 1331 nihil
2353 1272 2566 1334 horum
2598 1274 2906 1354 attingam.

2252 1358 2479 1442 fEstuo,
2528 1370 2587 1424 et
2641 1363 2943 1426 admirans
2997 1365 3340 1447 contristor,
3402 1366 3560 1447 quod
3611 1365 3683 1428 ad
3723 1385 3824 1428 res

2174 1447 2343 1521 tales,
2377 1457 2492 1511 tam
2525 1462 2930 1516 sacrosanctas
2963 1474 3057 1518 me
3088 1455 3383 1532 dederim,
3416 1465 3478 1517 ut
3508 1455 3818 1536 servirem,

2178 1543 2237 1625 et
2279 1536 2555 1616 liturgum
2578 1559 2816 1620 agerem
2848 1542 2910 1602 in
2942 1543 3017 1604 iis
3049 1561 3157 1622 ego
3187 1543 3393 1624 miser,
3427 1563 3558 1625 qua
3601 1542 3827 1604 intueri

2177 1622 2362 1685 libere
2391 1627 2586 1702 angeli
2615 1639 2917 1706 verentur;
2952 1633 3258 1712 propheta
3287 1622 3422 1694 cum
3446 1622 3680 1696 'timore
3710 1651 3817 1694 co—

451 1743 812 1810 Gran-arum
841 1744 1001 1804 acu-0
1051 1742 1132 1805 ad
1167 1744 1378 1818 Deum,
1424 1750 1664 1822 propter
1692 1741 1855 1803 dom,
1883 1723 2536 1822 (Ιίηιηῳθἕηονεειπιιρῑζ
2568 1718 2741 1822 simul
2785 1720 2861 1782 de
2901 1721 3179 1822 gloriosa,
3220 1732 3282 1822 et
3325 1722 3827 1822 incompreliensa

540 1831 611 1903 ob
636 1840 705 1885 eo
727 1823 1016 1902 dignatus
1052 1832 1162 1885 est.
1191 1819 1655 1903 Praepositurw,
1686 1839 1758 1885 ac
1777 1819 2101 1903 sacerdotii

532 1899 893 1994 dignitatem
923 1905 1072 1982 ipsis
1117 1899 1354 1983 quoque
1383 1903 1619 1984 angelis
1666 1899 2091 1973 venerabilem,

533 1999 606 2044 ac
634 1999 1004 2062 suspmenm
1032 2000 1182 2045 esse.

531 2082 679 2164 Ego,
713 2082 987 2160 Domine,
1016 2084 1248 2146 etiamsi
1279 2085 1440 2166 loqui
1459 2084 1660 2159 velim,
1685 2102 1805 2145 non
1828 2100 2091 2164 possum.

2179 1804 2578 1866 aconominia
2601 1808 2952 1870 audiverunt
2974 1829 2986 1870 :
3007 1811 3281 1890 apostoli,
3310 1819 3622 1890 martyres,
3645 1818 3703 1872 et
3722 1811 3830 1872 do-

2177 1897 2405 1953 ctorum
2457 1895 2676 1958 chorus
2723 1898 2980 1960 clamant
3029 1907 3088 1960 et
3113 1899 3534 1973 vociferantur,
3568 1917 3632 1961 se
3659 1899 3826 1960 indi-

2177 1998 2324 2070 gnos
2357 1982 2550 2061 palam
2583 1985 2993 2066 pradicantes.
3015 1989 3140 2067 Ego
3173 1997 3366 2050 autem
3400 1989 3688 2070 perditus,
3715 2007 3824 2068 ego

2178 2068 2520 2144 fornicator,
2553 2076 2850 2154 quomodo
2898 2078 3144 2139 fratrum
3176 2068 3416 2156 rector,
3448 2077 3824 2138 divinorum-

453 2173 607 2246 Quid
637 2161 798 2235 enim
830 2173 1067 2235 tandem
1099 2173 1327 2254 loquar,
1357 2161 1497 2236 cum
1531 2161 2092 2248 consiliis,_actioni-
2171 2177 2286 2254 qus
2301 2161 3818 2254 mYSlel'iOI‘u‘m,sacerdosielTl'inilaliSimmacu'am

452 2261 563 2324 bus
608 2270 668 2325 et
715 2261 993 2323 omnibus
1040 2263 1500 2341 cogitationibus
1546 2262 1890 2324 immundus
1933 2258 2094 2322 sim?

451 2349 850 2414 Nihilominus
895 2353 1196 2413 vulnerata
1245 2360 1335 2415 est
1389 2351 1588 2413 anima
1635 2369 1788 2423 mea,
1822 2359 1881 2412 et
1931 2349 2097 2410 intus

451 2439 658 2516 ardeo,
690 2439 936 2520 cupiens
967 2448 1026 2502 te
1053 2441 1277 2522 alloqui
1307 2441 1514 2503 saltem
1544 2437 2098 2520 aliquantum,Deus

455 2547 644 2592 meus.
704 2526 893 2590 Video
944 2528 1104 2592 enim
1160 2538 1402 2604 memet,
1449 2531 1605 2611 quod
1650 2529 1790 2602 scis,
1840 2537 1899 2589 et
1924 2528 2097 2590 video

455 2615 752 2698 quomodo
781 2617 1048 2680 membra
1081 2618 1283 2679 omnia
1312 2618 1578 2699 corporis
1611 2627 1668 2680 et
1701 2617 1914 2678 anima
1951 2633 2101 2677 mea

455 2705 528 2768 ab
559 2706 688 2786 ipso
715 2712 848 2766 ortu
879 2705 1347 2788 inquinaverim,
1380 2715 1534 2770 totus
1567 2714 1876 2785 peccatum
1903 2705 2052 2785 (l8).

535 2793 860 2857 Considero
931 2793 1442 2876 misericordiam,
1508 2794 1980 2874 benignitatem,
2043 2801 2099 2855 et

455 2881 644 2945 multa
672 2881 830 2943 bona
855 2889 955 2944 tua
985 2901 1114 2963 qua
1143 2883 1208 2944 in
1237 2901 1333 2945 me
1362 2892 1641 2964 operatus
1671 2902 1758 2960 es,
1792 2891 1850 2946 et
1881 2882 2097 2945 obmu-

2177 2247 2448 2311 minister
2475 2270 2604 2313 sum
2631 2251 2656 2314 ἲ
2686 2253 2932 2326 Quando
2965 2257 3126 2317 enim
3157 2257 3327 2338 panis
3357 2257 3616 2337 ponitur,
3646 2266 3707 2318 et
3732 2255 3826 2316 vi-

2177 2354 2321 2398 num
2363 2339 2638 2403 hauritur
2680 2346 2754 2407 ad
2790 2363 3007 2425 corpus
3061 2353 3120 2407 et
3171 2345 3520 2426 sanguinem
3568 2355 3759 2427 tuum,
3793 2364 3828 2406 o

2179 2427 2463 2504 Verbum,
2510 2432 2970 2509 conficiendum,
3027 2433 3112 2495 ibi
3167 2433 3310 2497 ades
3366 2442 3425 2495 tu
3470 2435 3622 2516 ipse,
3668 2434 3829 2498 Deus

2183 2534 2372 2591 meus,
2406 2527 2464 2579 et
2495 2519 2620 2582 hac
2647 2541 2783 2584 vere
2814 2543 3029 2605 corpus
3068 2532 3231 2585 tuum
3281 2531 3341 2586 et
3383 2525 3622 2604 sanguis
3653 2525 3826 2599 fiunt,

2181 2615 2539 2684 superventu
2572 2609 2826 2689 Spiritus
2869 2612 3078 2688 sancti,
3130 2612 3463 2693 virtuteque
3509 2613 3825 2692 Altissimi,

2183 2707 2240 2782 et
2277 2695 2460 2755 Deum
2494 2695 2992 2774 inaccessum,vel
3020 2701 3215 2782 potius
3238 2700 3597 2763 habitantem
3629 2705 3825 2764 lucem

2180 2781 2655 2847 inaccessibilem
2685 2807 2804 2850 non
2833 2781 3031 2851 solum,
3069 2789 3206 2851 huic
3256 2798 3480 2852 natura
3528 2791 3825 2873 humana,

2183 2886 2235 2933 et
2271 2874 2636 2953 corruptioni
2666 2876 2958 2954 obnoxia,
3001 2878 3107 2940 sed
3163 2879 3339 2942 etiam
3391 2879 3661 2942 omnibus
3691 2899 3823 2960 qua

453 2983 641 3051 tesco,
674 2970 1227 3051 propemodumque
1259 2963 1537 3053 despero,
1573 2981 1632 3034 et
1661 2972 1888 3051 alﬂigor
1915 2971 2099 3035 conti-

2185 2965 2413 3053 ratione
2462 2963 2897 3045 intelliguntur,
2933 2967 3276 3046 angelorum
3321 2968 3672 3048 agminibus,
3705 2988 3819 3032 au--

454 3069 692 3134 neuter,
725 3077 794 3120 ac
823 3059 1030 3122 tristor
1057 3060 1282 3141 infelix,
1309 3061 1448 3142 quia
1472 3061 1750 3123 omnibus
1782 3060 1952 3122 bonis
1987 3061 2102 3122 tuis

450 3147 732 3228 indignus
754 3167 909 3213 sum.
933 3147 1075 3211 Cum
1101 3150 1354 3230 porroin
1385 3150 1676 3232 meipsum
1707 3150 2097 3226 descendens,

454 3236 896 3300 multitudinem
927 3247 1302 3318 peccatorum
1347 3257 1614 3301 meorum
1647 3239 1801 3319 apud
1833 3238 2098 3300 animum

449 3333 686 3408 reputo,
722 3344 1079 3408 mecumque
1109 3328 1327 3406 cogito,
1361 3347 1471 3389 nec
1501 3347 1683 3390 unum
1711 3328 1918 3391 saltem
1950 3347 2101 3409 opus

451 3414 674 3477 bonum
705 3413 765 3475 in
791 3415 908 3476 vita
956 3417 1292 3497 suscepisse
1341 3435 1457 3493 me,
1507 3425 1566 3480 et
1619 3435 1722 3496 pro
1766 3417 2096 3497 suppliciis,

451 3523 585 3586 qua
604 3523 673 3566 ex
695 3505 859 3584 justa
887 3504 976 3566 ira
1005 3512 1102 3566 tua
1132 3506 1434 3568 sustinere
1457 3505 1776 3580 debebam,
1812 3515 1875 3567 ut
1909 3507 2011 3587 qui
2045 3515 2100 3569 te

451 3593 667 3674 sapius
699 3593 1110 3668 offendissem,
1145 3595 1417 3674 plurimis
1448 3595 1642 3675 potius
1665 3595 1974 3658 beneficiis
1994 3596 2099 3658 abs

452 3690 510 3743 te
537 3681 874 3743 humaniter
917 3683 1281 3744 cumulatum
1333 3701 1489 3765 esse,
1524 3684 1584 3745 in
1619 3684 2099 3764 desperationem

454 3771 1127 3852 adducor,quandoquid
1136 3790 1228 3833 em
1242 3772 1436 3833 adhuc
1448 3772 1713 3852 quotidie
1734 3782 1925 3834 errata
1941 3792 2103 3835 erra-

453 3859 530 3921 tis
554 3859 798 3939 adjicio;
823 3867 883 3922 et
911 3879 985 3921 ne
1004 3861 1248 3922 multam
1285 3860 1731 3923 miserationem
1759 3861 2098 3941 benignita-

457 3955 698 4027 temque
723 3956 882 4010 tuam
903 3948 976 4010 ad
1005 3949 1195 4029 majus
1224 3949 1579 4030 supplicium
1605 3949 1752 4010 mihi
1781 3950 2100 4030 imponen-

455 4037 597 4097 dum
629 4045 820 4098 vertas
855 4037 1148 4100 formido:
1179 4038 1456 4118 quoniam
1502 4057 1618 4119 quo
1667 4038 1934 4118 pluribus
1969 4059 2100 4102 me-

455 4123 586 4187 ritis
613 4125 721 4186 abs
752 4135 808 4187 te
839 4144 1041 4200 ornor,
1076 4144 1146 4188 eo
1179 4126 1364 4205 magis
1390 4127 1654 4206 ingratus
1675 4145 1805 4188 sum
1837 4128 1941 4190 tibi
1963 4147 2094 4208 ego,

2185 3049 2394 3112 demus
2423 3054 2794 3134 contingere.
2828 3055 2952 3118 Hoc
2982 3057 3161 3134 igitur
3186 3075 3491 3133 arcanum,
3511 3058 3619 3120 hoc
3642 3077 3824 3140 supra

2185 3146 2451 3228 naturam
2497 3162 2669 3224 opus,
2703 3152 2762 3206 et
2803 3145 2930 3208 hac
2961 3145 3136 3218 actio,
3169 3145 3243 3207 ad
3283 3165 3455 3228 quam
3489 3146 3823 3209 obeundam

2184 3227 2449 3293 delectus
2497 3251 2651 3314 sum,
2706 3235 2913 3296 suadet
2952 3243 3016 3296 ut
3061 3235 3208 3296 mihi
3243 3227 3326 3297 uti
3378 3245 3654 3312 mortem,
3690 3246 3829 3300 ante

2185 3319 2389 3382 oculos
2437 3340 2785 3402 proponam.
2839 3322 3004 3386 Unde
3064 3324 3394 3405 posthabita
3442 3325 3643 3388 latitia
3700 3334 3827 3389 tre-

2187 3425 2351 3496 more
2379 3412 2710 3488 concutior,
2741 3431 2875 3474 cum
2907 3412 3088 3475 sciam
3121 3432 3232 3476 nec
3267 3433 3382 3495 me,
3418 3433 3530 3477 nec
3558 3417 3831 3496 quemvis

2183 3494 2360 3558 alium
2422 3517 2526 3580 pro
2600 3500 2840 3579 dignate
2903 3521 3076 3583 posse
3133 3494 3456 3584 λειτουργεῖν
3517 3494 3832 3578 (sacrificio

2184 3584 2368 3663 fungi)
2416 3596 2474 3649 et
2517 3588 2692 3652 vitam
2738 3591 2886 3653 adeo
2943 3592 3301 3668 angelicam,
3353 3593 3472 3654 imo
3519 3592 3830 3675 plusquam

2183 3675 2509 3762 angelicam
2543 3679 2604 3740 in
2635 3698 2882 3761 corpore
2929 3680 3284 3744 traducere:
3321 3689 3384 3744 ut
3432 3685 3831 3762 quemadmo-

2185 3760 2323 3823 dum
2367 3765 2515 3828 ratio
2561 3760 2756 3850 docet,
2791 3778 2848 3830 et
2879 3769 3093 3830 veritas
3125 3769 3327 3847 habet,
3377 3760 3481 3852 pro
3513 3790 3583 3833 eo
3627 3791 3698 3833 ac
3733 3771 3834 3832 di-

2184 3871 2365 3929 gnum
2399 3863 2508 3930 est,
2540 3856 2887 3920 familiarior
2908 3858 3056 3940 ipsis
3085 3861 3312 3938 angelis
3339 3859 3462 3923 Deo
3486 3861 3608 3937 fiat;
3629 3869 3835 3940 utpote

2186 3949 2244 4001 et
2274 3943 2550 4007 manibus
2588 3954 2869 4022 tractans,
2901 3955 2961 4009 et
2989 3966 3094 4009 ore
3142 3948 3488 4026 absumens,
3539 3949 3696 4029 quod
3745 3949 3838 4009 illi

2185 4041 2432 4110 auguste
2481 4045 2860 4113 venerantur,
2915 4044 2973 4098 et
3020 4056 3152 4099 cum
3211 4049 3471 4101 tremore
3511 4037 3832 4100 circumsi—

2187 4128 2348 4182 stunt
2375 4121 2672 4186 Judicium
2704 4133 2903 4188 autem
2928 4126 3432 4207 fratrum,quibus
3456 4126 3837 4190 moderandis

458 4212 599 4275 boni
646 4213 884 4276 Domini
930 4233 1134 4276 servus
1163 4204 1490 4295 improbus.
1538 4214 1753 4278 Omnia
1779 4215 1958 4294 igitur
1984 4204 2310 4279 aliaDSllm
2343 4215 2710 4292 prapositus,
2738 4232 2868 4295 qua
2896 4215 3092 4276 anima
3125 4204 3468 4296 portaverit?
3495 4235 3626 4297 qua
3660 4235 3838 4278 mens

454 4302 854 4379 incommoda,
887 4303 1162 4386 Domine,
1191 4304 1489 4384 patientia
1519 4303 1664 4365 mihi
1698 4314 1888 4380 erant,
1931 4325 2098 4386 spem

455 4399 695 4454 aterna
720 4391 853 4454 vita
881 4396 1287 4472 suggerantia;
1319 4394 1487 4473 cujus
1519 4393 1607 4454 rei
1655 4411 1832 4455 causa
1873 4396 2100 4474 gaude-

457 4481 594 4543 bam
627 4500 808 4563 sape,
840 4483 999 4564 quod
1031 4484 1197 4546 solus
1223 4483 1400 4555 nosti,
1424 4483 1684 4544 confisus
1707 4483 2024 4546 clementia
2046 4494 2106 4548 et

457 4569 872 4633 misericordia
901 4571 1122 4636 tua.0b
1147 4573 1258 4633 hoc
1289 4571 1451 4633 enim
1484 4589 1552 4633 ex
1586 4579 1706 4632 toto
1739 4573 1964 4634 mundo
1987 4574 2106 4637 ele-

459 4659 594 4738 gisti
622 4678 740 4741 me,
773 4669 948 4742 atque
995 4661 1069 4722 ab
1113 4659 1322 4722 amicis
1369 4659 1752 4740 cognatisque
1793 4661 2107 4740 sejunxisti

539 4829 657 4904 (18)
680 4828 1042 4893 Humilitatis
1071 4837 1127 4891 et
1155 4828 1449 4909 religiosa
1480 4829 1789 4892 modestia
1819 4841 1956 4894 sunt
1983 4834 2111 4896 ista

460 4927 658 4977 voces;
676 4909 994 4972 similesilli
1011 4909 1334 4972 Davidica:
1354 4909 1486 4974 Non
1498 4912 1833 4972 estsam’tas
1847 4914 1908 4974 in
1925 4932 2112 4977 carne

460 5007 595 5070 mea
633 4957 827 5070 (Psal.
867 4991 1287 5070 xxxvu,4).Et
1309 4990 1532 5054 Lumbi
1568 4957 2115 5068 meiimplet-ilsu'ii‘f

465 5069 1038 5143 illusiOnibussz’d.
1055 5069 1545 5156 8).Inquinan_tur
1560 5069 1828 5131 membra
1847 5075 2115 5156 corporis

465 5168 570 5230 per
600 5160 939 5232 peccatum,
959 5151 1251 5232 quatenus
1279 5151 1827 5214 suntinstrumenta
1857 5151 2115 5216 hominis

467 5231 796 5315 peccantis.
830 5230 901 5315 Et
927 5230 1026 5294 ille
1073 5233 1260 5315 homo
1305 5233 1368 5293 fit
1417 5239 1580 5315 totus
1624 5241 1929 5315 peccatum
1967 5253 1980 5298 :
2015 5235 2116 5315 qui

469 5310 748 5394 omnibus
780 5311 906 5394 suis
932 5310 1306 5394 panitentiis
1327 5321 1384 5375 et
1406 5310 1690 5374 membris
1715 5312 1785 5372 ad
1812 5310 2114 5394 peccatum

470 5390 772 5484 abutitur,
796 5390 1350 5484 nimiru1n_quando
1365 5390 1841 5484 immensitatem
1872 5414 1977 5457 seu
2007 5415 2115 5456 ex-

469 5472 873 5551 superantiam
923 5474 1012 5536 rei
1058 5472 1311 5613 alicujus
1347 5475 1638 5564 denotare
1662 5473 1957 5552 volumus,
1995 5485 2118 5537 tum

469 5549 762 5613 abstracta
805 5553 1088 5613 vocabula
1137 5573 1203 5613 su
1252 5563 1404 5613 lecto
1460 5551 1802 5613 tribuimus.
1861 5555 1936 5613 Ut
1984 5575 2117 5613 cum

467 5549 762 5615 abstracta
805 5553 1088 5619 vocabula
1137 5549 1404 5632 subjecto
1460 5551 1802 5620 tribuimus.
1861 5549 1950 5618 Ut'
1984 5575 2117 5619 cum

2183 4299 2454 4376 sufﬁciet,
2497 4303 2642 4365 citra
2666 4304 2895 4384 justum
2929 4306 3462 4386 reprehensionem
3501 4307 3839 4385 gubernare

2185 4391 2474 4471 cujusque
2502 4392 2788 4472 animum,
2825 4402 2883 4455 et
2919 4402 3135 4456 cuncta
3174 4414 3302 4476 qua
3327 4396 3422 4458 sui
3454 4395 3638 4458 ofﬁcii
3664 4405 3836 4472 sunt,

2187 4477 2316 4540 sine
2346 4479 2682 4544 defectione
2712 4484 3008 4563 conferre,
3051 4502 3234 4565 seque
3278 4486 3476 4566 ipsum
3518 4484 3590 4547 ab
3622 4503 3832 4547 eorum

2187 4567 2457 4629 censuris
2489 4570 2753 4652 eripere?
2777 4571 2902 4634 Hoc
2933 4571 3080 4633 mihi
3110 4573 3460 4655 neutiquam
3489 4573 3669 4637 alicui
3699 4591 3838 4653 pos-

2189 4655 2362 4719 sibile
2403 4657 2661 4724 videtur.
2708 4659 2921 4723 Induxi
2964 4678 3104 4738 ergo
3145 4662 3209 4724 in
3257 4664 3547 4743 animum,
3583 4669 3640 4724 et
3680 4662 3838 4724 malo

2191 4826 2451 4907 aliquem
2483 4829 2558 4891 ob
2590 4833 2870 4895 eximium
2903 4831 3088 4896 animi
3116 4831 3461 4908 candorem,
3489 4838 3675 4895 totum
3701 4850 3846 4894 can-

2194 4916 2408 4974 dorem
2424 4912 2800 4994 nominatus.
2835 4913 2959 4987 Quo
2982 4912 3270 4994 pertinet
3287 4913 3491 4994 etiam
3507 4911 3668 4973 illius
3698 4929 3840 4994 ora-

2197 4995 2302 5060 tio,
2339 4991 2728 5075 qui_dicebat,
2781 4991 3098 5057 lusciniam
3150 4993 3299 5075 nihil
3333 4993 3496 5075 aliud
3537 5010 3692 5075 esse,
3728 4991 3844 5054 nisi

2197 5071 2414 5137 vocem.
2439 5071 2576 5134 Hac
2607 5071 3032 5146 adnotaverim,
3059 5092 3134 5134 ne
3165 5073 3298 5152 quis
3326 5092 3392 5134 ex
3425 5073 3842 5134 hareticorum

2197 5173 2372 5234 grege
2405 5153 2466 5213 in
2497 5155 2654 5217 hunc
2684 5156 2878 5216 locum
2938 5153 3232 5227 incidens,
3268 5155 3692 5234 exsultare‘tcb:
3722 5153 3841 5216 ὄνος

2199 5231 2268 5298 ἐίς
2301 5231 2474 5314 ἄχυρα
2503 5235 2799 5312 ἐμπίπτων,
2833 5244 2997 5297 ratus
3027 5252 3091 5295 se
3131 5233 3432 5314 reperisse
3462 5231 3843 5314 stabilimen-

2202 5311 2567 5376 tum‘delirio
2600 5335 2706 5377 suo
2741 5317 2812 5376 de
2845 5323 3086 5396 peccato
3117 5311 3365 5394 originis
3389 5315 3566 5375 etiam
3592 5311 3845 5396 post‘ba-

2201 5396 2534 5478 ptissimum
2563 5397 2624 5457 in
2655 5393 2910 5478 homine~
2929 5393 3594 5478 rem_anente,eumque,
3629 5407 3695 5454 ut
3717 5393 3844 5454 fer-

2203 5474 2470 5539 mentum
2505 5494 2783 5557 massam,
2817 5474 3254 5557 miserabiliter
3282 5475 3588 5557 inficiente
3618 5482 3676 5535 et
3705 5491 3845 5535 cor-

2201 5565 2544 5639 rumpente,
2576 5557 2656 5620 ita
2686 5566 2751 5620 ut
2769 5555 2919 5618 nihil
2949 5556 3029 5619 sit
3057 5556 3215 5636 quod
3246 5556 3320 5618 ab
3346 5557 3457 5618 hac
3485 5555 3582 5617 lue
3609 5561 3801 5616 vacet.
