4120 6382
293 349 410 412 529

1442 353 1884 418 DIVINORUM
1927 357 2258 421 AMORUM
2301 359 2534 422 LIBER

3565 363 3686 429 530

291 497 428 574 esse
457 479 842 574 discipulus,
875 489 932 543 et
989 482 1115 574 sub
1157 482 1334 546 unius
1391 483 1750 574 voluntatem
1781 485 1945 547 arbi-
1967 495 2010 545 Α
2031 486 2443 566 indignitatem
2474 490 2672 568 video,
2696 510 2888 574 eaque
2912 494 3392 558 consideratione
3419 502 3682 560 mentem

294 569 598 649 triumque
627 567 870 648 subjici,
907 578 966 632 et
1015 571 1192 633 unius
1224 589 1538 652 capessere
1561 573 1754 653 jussa,
1789 583 1847 636 et
1878 574 1954 637 ob

297 657 461 718 hunc
493 676 678 718 unum
708 657 968 721 reddere
1025 661 1340 734 rationem,
1395 679 1569 740 quam
1602 662 1869 725 moribus
1898 669 1960 726 et

295 746 704 808 voluntatibus
735 747 960 810 servire
1012 749 1294 829 plurium,
1353 768 1678 832 eorumque
1729 760 1958 815 mentes

297 835 577 917 scrutari,
609 837 860 898 consilia
909 838 1268 919 comperire,
1321 839 1589 901 actiones
1643 847 1702 902 et
1727 841 1956 919 cogita-

301 925 498 987 tiones
529 924 790 1006 penitius
821 926 1180 1006 investigare
1217 947 1232 1002 ;
1292 927 1528 1009 quando
1583 935 1640 990 et
1662 928 1957 1010 judicium

298 1034 398 1077 me
423 1023 643 1090 manet,
673 1023 732 1078 et
758 1034 1155 1098 responsurus
1182 1035 1312 1080 sum
1339 1018 1532 1099 proiis
1555 1039 1730 1100 quam
1758 1039 1962 1102 pecca-

300 1111 464 1181 runt,
500 1105 570 1166 ad
605 1124 756 1185 quos
812 1107 1107 1186 regendos
1159 1125 1266 1186 ego
1325 1125 1543 1170 arcano
1575 1109 1825 1172 omnino
1851 1109 1962 1173 Dei

299 1193 551 1254 consilio
576 1194 800 1256 electus
822 1213 953 1256 sum
978 1196 1162 1260 solus.
1210 1195 1630 1277 Unusquisque
1664 1199 1822 1261 enim
1855 1218 1960 1280 per

307 1300 375 1344 se
397 1281 790 1362 judicabitur,
825 1291 882 1345 et
910 1283 1199 1345 rationem
1256 1284 1432 1365 plene
1479 1285 1693 1349 reddet
1746 1305 1956 1352 eorum

305 1391 440 1452 quae
469 1371 600 1452 ipse
629 1390 737 1434 seu
769 1371 926 1434 bona
955 1391 1063 1435 seu
1093 1372 1246 1435 mala
1303 1374 1573 1450 gesserit.
1631 1379 1744 1439 Pro
1801 1396 1957 1439 uno-

307 1478 546 1542 quoque
575 1469 772 1523 autem
805 1461 967 1524 solus
995 1481 1102 1542 ego
1133 1463 1404 1525 reddam.
1461 1464 1535 1525 Et
1565 1464 1803 1545 quinam
1835 1466 1956 1527 sal-

302 1548 512 1625 vabor,
570 1556 668 1611 aut
724 1551 1020 1630 quomodo
1071 1551 1543 1636 misericordiam
1601 1553 1952 1636 impetrabo,

302 1639 410 1719 qui
442 1656 634 1718 neque
667 1658 774 1720 pro
805 1658 923 1701 una
952 1659 1086 1702 mea
1139 1634 1212 1702 et
1241 1641 1460 1702 misera
1487 1634 1954 1724 animapossum

2041 579 2354 657 perculsus
2385 579 2675 655 exclamo,
2710 579 2855 654 Quis
2885 581 3064 662 igitur
3107 602 3215 663 ego
3247 602 3403 666 sum,
3439 604 3474 647 ο
3501 584 3684 661 Deus,

2041 673 2098 726 et
2125 675 2330 728 auctor
2359 668 2624 730 omnium
2652 668 2683 728 ‘I
2703 677 2762 732 et
2791 670 2933 751 quid
2967 673 3202 734 tandem
3237 672 3350 738 feci
3386 672 3687 738 laudabile

2039 753 2102 814 in
2129 754 2246 815 vita
2269 773 2401 817 mea
2429 776 2446 830 ;
2485 765 2588 818 aut
2617 759 2917 838 quodnam
2947 759 3288 822 mandatum
3322 769 3486 823 tuum
3517 781 3684 825 com-

2042 843 2219 925 plevi,
2246 845 2404 925 quod
2427 845 2528 907 tali
2547 847 2736 926 gloria
2765 865 2860 908 me
2889 847 3316 929 despicabilem
3336 850 3634 929 glorificas
3661 849 3688 912 ?

2045 930 2116 992 Et
2146 933 2328 1007 unde,
2361 940 2418 994 et
2447 952 2560 1015 qua
2589 934 2664 996 de
2692 954 2869 997 causa
2899 937 3184 998 miserum
3220 956 3314 999 me
3341 937 3440 1002 die
3469 944 3687 1003 noctu-

2045 1039 2162 1099 que
2195 1022 2293 1084 tali
2324 1021 2460 1084 luce
2489 1023 2974 1087 circumfundare
3003 1025 3274 1103 dignatus
3320 1045 3384 1089 es
3411 1026 3436 1089 ἲ
3489 1027 3691 1107 Egone

2043 1109 2358 1198 aliquando
2393 1111 2602 1173 sitiens
2637 1113 2880 1193 quaesivi
2913 1122 2988 1189 te,
3015 1112 3139 1178 Rex
3163 1132 3353 1190 meus,
3386 1133 3581 1198 egone
3609 1116 3694 1178 la-

2044 1197 2292 1260 boribus
2323 1200 2734 1262 mandatorum
2790 1210 3027 1263 tuorum
3059 1202 3414 1282 defatigatus
3436 1197 3502 1267 et
3532 1205 3690 1267 afﬂi-

2042 1296 2171 1349 ctus
2201 1307 2331 1350 sum
2369 1289 2396 1350 ?
2449 1308 2636 1369 egone
2693 1292 3053 1353 tentationes
3083 1300 3140 1353 et
3176 1292 3408 1370 ﬂagella
3440 1293 3685 1375 pertuli,

2041 1377 2338 1455 quomodo
2370 1397 2580 1440 omnes
2611 1379 2797 1440 sancti
2829 1388 2960 1460 post
2989 1379 3300 1441 hominum
3334 1381 3686 1444 memoriam

2040 1467 2168 1526 hac
2201 1465 2493 1546 patienter
2525 1468 2804 1544 tulerunt,
2839 1476 2902 1530 ut
2958 1487 3054 1529 me
3083 1467 3202 1530 illis
3232 1467 3684 1532 adnumeratum

2041 1555 2264 1616 salvum
2297 1573 2428 1616 esse
2459 1555 2608 1618 velis
2637 1555 2662 1618 ?
2697 1555 3041 1636 Quanquam
3093 1556 3344 1619 miriﬁce
3392 1559 3688 1620 humanus

2039 1659 2108 1704 ac
2137 1641 2429 1723 benignus
2461 1663 2547 1719 es,
2599 1652 2664 1705 ut
2709 1663 2924 1726 parens
2978 1653 3036 1706 et
3089 1644 3362 1707 conditor
3391 1647 3686 1724 omnium,

297 1728 490 1788 ullum
524 1747 672 1806 opus
703 1729 823 1790 ullo
857 1730 1032 1790 modo
1064 1729 1134 1790 ad
1161 1729 1410 1791 salutem
1436 1739 1738 1810 peractum
1763 1741 1955 1795 osten-
1978 1761 2016 1810 Β
2039 1731 2213 1793 audio
2243 1739 2442 1794 tamen
2475 1733 2759 1795 Jacobum
2791 1733 3088 1795 dicentem
3106 1733 3190 1806 ‘9,
3224 1741 3520 1796 mortuam
3555 1753 3689 1798 esse

301 1817 474 1890 dere,
505 1835 613 1895 per
643 1818 800 1898 quod
824 1817 995 1898 ignes
1018 1826 1270 1880 mternos
1291 1819 1534 1880 evadam
1561 1827 1588 1882 ?
1614 1819 1752 1896 Sed,
1788 1842 1821 1883 ο
1847 1822 1954 1885 be-
2039 1820 2217 1882 ﬁdem
2280 1820 2412 1882 sine
2471 1821 2779 1901 operibus,
2841 1822 3175 1902 horreoque
3231 1822 3544 1904 supplicia,
3579 1841 3687 1904 pro

300 1905 486 1984 nigne
519 1903 809 1982 Salvator,
842 1906 1185 1969 misericors
1202 1907 1636 1970 etmiserator:
1677 1910 1821 1972 mihi
1854 1911 1958 1972 ab-
2039 1917 2200 1970 certo
2229 1909 2350 1970 illic
2373 1909 2548 1971 vilem
2573 1911 3038 1972 homuncionem
3065 1929 3160 1972 me
3202 1903 3521 1972 manentia.
3554 1903 3688 1984 Quo

295 1995 462 2073 jecto
495 1993 755 2056 divinam
805 1995 1021 2074 largire
1052 1997 1350 2072 virtutem,
1410 2008 1476 2059 ut
1507 2016 1654 2078 quos
1682 1997 1745 2061 in
1778 1999 1957 2062 fidem
2040 2008 2212 2078 pacto
2241 1997 2418 2076 igitur
2446 2001 2737 2062 confidam
2771 2020 2902 2080 ego,
2936 2000 3210 2075 Domine,
3245 2019 3340 2062 me
3371 2007 3434 2061 ut
3450 2000 3688 2062 ﬁdelem

307 2101 502 2144 meam
541 2083 831 2145 tradidisti
889 2085 1121 2164 fratres,
1180 2103 1281 2146 eos
1333 2103 1532 2165 regam
1587 2088 1771 2149 verbo
1822 2105 1954 2151 cum
2039 2087 2112 2146 ad
2145 2086 2386 2147 illorum
2418 2106 2733 2150 numerum
2764 2095 3144 2168 aggregatum
3175 2087 3272 2168 iri,
3307 2087 3408 2168 qui
3437 2088 3692 2150 antehac

306 2171 644 2251 prudentia,
679 2180 859 2254 atque
884 2173 955 2234 ad
991 2192 1206 2254 pascua
1234 2175 1434 2255 legum
1465 2181 1696 2236 tuarum
1727 2175 1958 2238 divina-

308 2279 440 2323 rum
473 2260 789 2336 deducam,
817 2269 876 2322 et
916 2261 975 2322 in
1008 2263 1347 2325 mansiones
1375 2263 1632 2327 ccelestis
1661 2265 1829 2343 regni
1859 2283 1960 2326 re-

305 2350 548 2411 stituam
598 2351 812 2422 salvos,
874 2350 1115 2425 illaesos,
1179 2352 1456 2414 virtutum
1518 2353 1961 2434 pulchritudine

299 2438 676 2518 splendidos,
713 2440 924 2520 dignos
942 2441 1284 2503 adoratores
1304 2441 1375 2503 ad
1401 2441 1671 2504 terribile
1701 2442 1961 2504 tribunal

299 2537 488 2591 tuum.
525 2528 606 2590 Et
641 2547 736 2590 me
771 2547 1007 2610 quoque
1038 2529 1343 2610 indignum
1405 2549 1437 2592 e
1468 2531 1693 2593 mundo
1724 2549 1959 2593 assum-

305 2626 494 2698 ptum.
534 2621 768 2680 tametsi
823 2619 1025 2681 multis
1076 2628 1454 2700 peccatorum
1487 2619 1643 2681 notis
1671 2619 1957 2696 inustum,

305 2715 506 2770 tamen
536 2707 931 2782 sacerdotem,
967 2715 1025 2768 et
1054 2707 1320 2769 inutilem
1354 2726 1588 2772 servum
1624 2716 1809 2789 tuum,
1843 2729 1958 2790 quo

297 2797 457 2857 nosti
509 2795 764 2876 judicio,
825 2797 1023 2858 choris
1081 2797 1407 2858 electorum
1463 2815 1597 2858 cum
1655 2797 1963 2878 discipulis

298 2886 450 2948 meis
479 2885 848 2962 adnumera;
883 2895 947 2948 ut
978 2885 1154 2948 simul
1182 2905 1390 2948 omnes
1414 2885 1660 2966 gloriam
1681 2895 1842 2948 tuam
1865 2887 1962 2948 di-

298 2975 500 3036 vinam
524 2974 858 3050 videamus,
882 2983 940 3036 et
966 2973 1140 3036 bonis
1183 2975 1298 3036 tuis
1322 2973 1725 3035 inetfabilibus
1755 2973 1962 3036 oblec-

300 3075 524 3125 temur.
559 3063 648 3125 Tu
682 3064 840 3125 enim
873 3083 936 3126 es
995 3065 1290 3145 voluptas,
1347 3063 1602 3136 deliciae,
1652 3063 1834 3126 decus
1860 3082 1961 3125 ar-

305 3153 516 3215 denter
550 3162 606 3214 te
629 3154 979 3227 amantium,
1015 3153 1074 3213 in
1108 3153 1473 3233 sempiterna
1503 3153 1738 3213 saecula.

912 3285 1152 3349 CAPUT
1219 3284 1343 3348 XV.

326 3396 520 3454 Viden;
549 3394 782 3466 gloriam
809 3393 932 3458 Dei,
965 3408 1129 3466 quam
1161 3393 1321 3466 ὺιέιιΔ
1361 3391 1733 3466 operationem
1779 3406 1961 3448 sense-

394 3468 492 3522 rit.
525 3463 876 3522 Divinitatem
905 3463 1018 3521 esse
1063 3465 1125 3520 in
1171 3463 1342 3532 omni,
1388 3463 1486 3519 seu
1512 3463 1782 3528 universo,
1812 3477 1961 3518 com-

386 3535 747 3609 prehendiquc
774 3541 825 3593 et
853 3550 968 3609 non
994 3534 1470 3609 comprehcndigb
1496 3534 1586 3609 his
1623 3535 1720 3609 qui
1746 3548 1962 3609 meren-

392 3605 504 3665 tur.
533 3605 779 3666 Nos—esse
836 3607 1055 3663 domum
1110 3605 1312 3663 David.
1369 3606 1654 3664 Christum
1682 3605 1745 3661 in
1771 3606 1963 3661 multis

382 3680 630 3736 membris
657 3679 868 3736 nostris
927 3678 1230 3749 cognitum,
1294 3675 1536 3734 eumdem
1582 3690 1755 3732 unum
1802 3680 1964 3747 atque

384 3752 687 3808 indivisum
714 3766 842 3808 esse.

393 3875 548 3936 Dum
586 3883 641 3936 te
670 3875 924 3948 revelas,
949 3873 1200 3935 Domine
1221 3870 1742 3948 universorumﬁet
1768 3868 1964 3930 vultus

303 3968 392 4029 tui
427 3967 676 4047 gloriam
709 3966 1078 4028 manifestius
1125 3967 1521 4039 demonSIras,
1555 3970 1716 4025 totus
1748 3969 1958 4034 tremo,

2041 2173 2146 2236 tibi
2179 2174 2535 2250 servierunt,
2569 2194 2702 2237 cum
2738 2175 2864 2256 ipse
2917 2194 3028 2238 nec
3075 2194 3260 2237 unum
3291 2177 3368 2237 de
3397 2175 3692 2238 mandatis

2043 2263 2157 2323 tuis
2189 2264 2547 2325 servaverim
2575 2265 2600 2324 ‘.’
2630 2264 2854 2326 Verum
2887 2263 3022 2325 novi
3055 2272 3112 2326 te
3142 2281 3316 2345 posse
3348 2264 3570 2337 omnia,
3599 2263 3690 2326 fa-

2044 2351 2130 2412 cis
2157 2351 2357 2412 omnia
2386 2360 2449 2413 ut
2477 2353 2585 2425 vis,
2642 2362 2701 2416 et
2758 2352 3076 2433 postremis
3130 2353 3328 2414 dasut
3358 2351 3591 2432 primis,
3627 2361 3690 2415 et

2043 2439 2198 2519 quod
2231 2441 2443 2502 mirum
2477 2450 2566 2502 est
2609 2442 2803 2522 valde,
2866 2443 3190 2522 primorum
3241 2440 3523 2502 extremis
3554 2441 3687 2522 pri-

2046 2547 2205 2588 mum
2236 2528 2360 2592 das.
2394 2531 2532 2591 Haec
2563 2549 2699 2592 cum
2730 2530 2839 2592 tibi
2888 2530 3046 2605 dico,
3081 2528 3215 2600 tibi,
3250 2529 3516 2608 inquam,
3549 2548 3690 2592 con-

2042 2616 2219 2678 ditori
2240 2617 2415 2698 hujus
2446 2619 2869 2699 mundi,'prius
2900 2636 3079 2700 supra
3107 2617 3436 2698 apparenti,
3473 2626 3531 2680 et
3559 2636 3693 2681 rur-

2042 2724 2173 2767 sum
2207 2715 2263 2767 te
2293 2708 2635 2782 occultanti,
2669 2727 2737 2769 ac
2771 2720 2974 2787 postea
3003 2725 3100 2768 me
3143 2715 3327 2767 totum
3357 2705 3540 2767 radiis
3567 2707 3688 2770 cir-

2045 2794 2369 2876 cumdanti,
2400 2806 2646 2878 repente
2680 2804 2738 2858 te
2767 2805 2949 2857 totum
2978 2795 3039 2856 in
3062 2813 3157 2856 me
3189 2794 3486 2876 perspicio
3517 2795 3692 2857 exsti-

2046 2885 2208 2960 tisse,
2234 2885 2332 2967 qui
2352 2895 2490 2948 ante
2513 2905 2694 2966 supra
2711 2885 3037 2961 videbaris,
3070 2894 3127 2946 et
3158 2892 3216 2945 te
3245 2884 3461 2944 iterum
3495 2885 3692 2947 occul-

2046 2981 2296 3044 taveras,
2329 2973 2484 3036 sicut
2513 2976 2602 3036 sol
2629 2983 2820 3038 tectus
2851 2972 3110 3035 nubibus
3136 2971 3510 3035 tenuioribus
3538 2990 3686 3037 con-

2045 3062 2368 3143 tractisque
2387 3064 2591 3125 radiis.
2618 3063 3130 3137 Quemadmodum
3150 3061 3252 3125 ille
3285 3069 3405 3123 tum
3425 3064 3692 3144 aspectui

2045 3159 2226 3232 patet,
2259 3165 2315 3212 et
2347 3162 2483 3214 tunc
2517 3153 2728 3214 melius
2759 3152 3021 3214 cernitur
3068 3151 3141 3213 ab
3180 3150 3564 3212 hominibus:
3603 3151 3692 3215 sic

2046 3248 2103 3301 et
2135 3249 2195 3302 tu
2229 3241 2377 3303 mihi
2405 3241 2770 3304 accessibilis
2801 3259 2886 3322 es,
2921 3241 3113 3303 latens
3142 3239 3298 3301 intra
3323 3259 3442 3313 me,
3469 3239 3692 3320 alioqui

2043 3330 2408 3408 inaccessus,
2463 3331 2653 3394 oculis
2698 3331 2868 3410 meis,
2931 3347 3080 3410 quos
3134 3327 3476 3390 intellectus
3531 3330 3693 3391 novit

2044 3427 2421 3498 conspectus,
2455 3427 2520 3480 ut
2553 3420 2696 3496 scis,
2731 3418 3013 3500 paulatim
3046 3435 3348 3492 crescens,
3381 3416 3693 3495 majorem-

2047 3526 2160 3588 que
2196 3509 2390 3570 lucem
2421 3508 2784 3582 diffundens,
2817 3517 2876 3570 et
2904 3506 3156 3586 amplius
3185 3523 3529 3567 coruscans.
3560 3505 3693 3568 Ali-

2046 3597 2282 3678 quando
2309 3597 2523 3660 iterum
2557 3599 2706 3660 mihi
2761 3599 3103 3660 inaccessus
3161 3612 3250 3656 es.
3312 3592 3507 3666 Quare
3535 3595 3693 3675 quod

2047 3686 2477 3766 comprehendi
2506 3706 2622 3748 non
2648 3695 2836 3767 potes,
2857 3685 2992 3746 ideo
3007 3691 3061 3744 te
3080 3682 3342 3768 celebro,
3379 3689 3438 3742 et
3469 3681 3695 3762 magnis

2049 3775 2292 3836 vocibus
2323 3775 2651 3840 bonitatem
2685 3786 2845 3838 tuam
2864 3771 3141 3854 praedico,
3164 3777 3555 3850 naturamque
3585 3788 3695 3831 no-

2047 3873 2226 3925 stram
2257 3865 2693 3944 gloriﬁcantem
2726 3863 3024 3944 gloriﬁco.

2129 3953 2346 4028 Gloria,
2400 3973 2434 4015 o
2487 3953 2775 4034 Verbum,
2837 3953 3147 4013 immensae
3202 3947 3700 4011 condescensioni

309 4066 369 4117 te
403 4039 666 4134 superne
695 4056 1013 4136 aspiciens,
1049 4061 1328 4134 quantum
1386 4069 1490 4129 pro
1521 4051 1734 4112 humili
1766 4059 1824 4112 et
1853 4050 1961 4111 ab-
2050 4053 2206 4142 tuan
2248 4043 2446 4142 Gloria
2506 4043 2930 4142 misericordiae
2981 4039 3368 4142 tuae.‘fl_loria
3398 4039 3696 4142 potentiae.

305 4127 722 4225 jecta'natura
751 4127 884 4207 mea
942 4127 1203 4224 possum,
1271 4149 1329 4202 et
1385 4127 1594 4202 timore
1625 4159 1696 4201 ac
1726 4148 1969 4229 stupore
2050 4132 2433 4229 Gloria__tibi,
2513 4132 2791 4214 quoniam
2879 4127 3292 4229 immutabilis,
3337 4133 3560 4229 ‘atque
3611 4127 3703 4187 in-

307 4215 628 4314 correptus
661 4233 822 4312 dico,
884 4215 1195 4312 superant
1237 4240 1472 4310 captum
1531 4246 1732 4289 meum
1765 4215 1970 4289 omnia
2051 4222 2349 4284 variabilis
2409 4241 2676 4314 manens,
2769 4229 2926 4282 totus
3008 4237 3072 4279 es
3151 4215 3509 4314 immobilis,
3551 4234 3699 4314 cum

311 4334 432 4388 tua.
469 4310 626 4384 Deus
659 4310 851 4386 meus.
887 4310 1030 4383 Sum
1078 4320 1236 4382 enim
1271 4317 1639 4392 immundus,
1695 4329 1754 4378 et
1805 4315 1969 4378 indi-
2053 4330 2293 4392 semper
2324 4312 2640 4387 movearis,
2674 4319 2832 4374 totus
2882 4317 3046 4372 extra
3093 4314 3424 4368 creaturam
3457 4311 3518 4366 et
3545 4310 3701 4365 totus

307 4429 464 4491 gnus
494 4411 739 4472 omnino
769 4410 989 4472 intueri
1021 4419 1098 4485 te,
1137 4425 1350 4488 purum
1380 4413 1440 4469 et
1472 4413 1740 4468 sanctum
1774 4401 1970 4468 Domi-
1997 4401 2115 4495 “in
2164 4409 2457 4495 creatura,
2495 4409 2649 4463 totus
2695 4399 2907 4495 imples
2952 4395 3154 4495 omnia
3210 4401 3270 4456 et
3326 4401 3480 4455 totus
3538 4400 3704 4455 extra

315 4482 485 4573 num,
521 4517 699 4580 quem
730 4482 1091 4561 reverentur?
1109 4482 1330 4577 angeli,
1357 4493 1523 4556 etcui
1547 4513 1682 4556 cum
1712 4482 2526 4584 tremoreDomnia.‘Super
2574 4489 2774 4550 omnia
2831 4506 2918 4559 es,
2978 4484 3254 4584 Domine,
3315 4499 3703 4584 superomne

313 4579 666 4652 ministrant
699 4608 714 4662 ;
747 4589 920 4668 cujus
947 4607 976 4647 a
1010 4586 1158 4648 facie
1189 4587 1546 4658 concutitur,
1609 4591 1667 4644 et
1726 4589 1968 4644 contre-
2057 4579 2874 4668 principium,superomnem
2890 4579 3698 4668 es_sentiam,supernaturam

322 4677 525 4738 miscit
555 4660 752 4738 omnis
775 4660 1071 4738 creatura.
1097 4673 1241 4737 Cum
1265 4674 1394 4735 haec
1414 4671 1559 4747 dixi,
1591 4671 1804 4733 claudo
1835 4690 1976 4733 ocu-
2056 4677 2309 4760 naturae,
2343 4688 2523 4760 super
2554 4667 2752 4760 omnia
2780 4664 3016 4737 saacula,
3053 4677 3444 4760 superdomne
3477 4660 3701 4760 lumen,

315 4767 432 4836 los,
471 4767 583 4826 hoc
617 4774 728 4839 est,
782 4765 854 4826 ad
915 4764 1146 4825 inferna
1205 4769 1401 4822 averto
1461 4768 1719 4822 mentem
1757 4778 1972 4839 meam,
2059 4777 2238 4838 super
2267 4757 2664 4837 intelligentes
2725 4759 3027 4818 beatarum
3090 4755 3376 4850 mentium
3411 4755 3700 4808 naturas:

314 4855 459 4935 quia
490 4855 694 4916 videre
725 4872 791 4915 ac
824 4854 1163 4934 perspicere
1193 4849 1439 4914 Deitatis
1467 4857 1584 4910 tuae
1601 4849 1972 4929 majestatem
2062 4866 2195 4908 nam
2229 4854 2288 4908 et
2320 4848 2434 4910 illa:
2456 4857 2642 4921 tuum,
2668 4847 2759 4909 vel
2783 4845 2982 4935 potius
3009 4841 3385 4921 cogitationis
3410 4847 3525 4935 tuae
3555 4857 3707 4935 opus

318 4963 438 5004 non
473 4943 765 5005 sustineo.
799 4943 871 5004 Et
904 4951 1022 5002 tum
1080 4941 1400 5013 lamentor,
1435 4937 1673 4999 orbatus
1705 4937 1973 5018 pulchri-

323 5033 532 5096 tudine
568 5041 692 5108 tua,
727 5051 839 5094 nec
865 5032 993 5092 fero
1024 5028 1289 5111 separari
1339 5027 1444 5088 abs
1476 5034 1556 5100 te,
1587 5025 1690 5107 qui
1719 5027 1882 5087 solus
1912 5045 1976 5087 es

319 5121 637 5202 benignus.
670 5123 758 5185 Tu
791 5139 929 5182 vero
953 5121 1039 5181 sic
1071 5121 1514 5190 lamentantem,
1537 5124 1595 5176 et
1620 5117 1972 5196 plorantem,

321 5217 536 5285 totum,
572 5212 773 5292 papae!
804 5208 1246 5288 circumfulges,
1272 5213 1328 5266 et
1348 5203 1704 5284 obstupefio,
1740 5217 1799 5266 et
1824 5203 1976 5266 ube-

321 5300 450 5361 rius
507 5301 700 5362 fluunt
758 5299 904 5360 mihi
955 5298 1246 5378 lacrymte,
1305 5293 1443 5355 dum
1505 5293 1977 5355 misericordiam

325 5399 483 5451 tuam
516 5407 657 5468 erga
688 5407 785 5452 me
849 5387 1145 5468 perditum
1206 5381 1493 5446 admiror.
1528 5380 1678 5443 Tum
1713 5382 1982 5463 corporis

327 5481 443 5541 mei
473 5479 720 5540 multam
753 5477 1107 5557 foeditatem,
1137 5482 1196 5537 et
1219 5468 1578 5537 miserabilis
1598 5470 1812 5536 animae
1834 5490 1982 5534 mea:

405 5649 458 5699 '9
483 5648 609 5711 Jac.
650 5665 710 5721 ιι,
738 5646 835 5706 20.

2059 4943 2216 4998 sunt.
2249 4938 2332 4999 Tu
2360 4936 2518 4998 enim
2553 4936 2700 4998 nihil
2733 4925 2797 4998 es
2827 4933 3118 5004 omnium,
3153 4937 3208 4991 et
3226 4929 3499 5010 superior
3515 4925 3708 4989 omni-

2064 5026 2196 5087 bus.
2229 5025 2374 5088 Nam
2408 5025 2760 5088 exstantium
2814 5042 2994 5087 causa
3049 5041 3136 5097 es,
3171 5029 3238 5081 ut
3265 5019 3531 5080 omnium
3566 5035 3707 5097 pro-

2061 5124 2317 5188 creator,
2349 5125 2404 5176 et
2435 5114 2660 5177 idcirco
2691 5123 2998 5196 separatus
3029 5130 3118 5188 es,
3151 5128 3220 5171 ac
3249 5107 3432 5170 distas
3462 5106 3535 5169 ab
3565 5105 3707 5196 uni-

2064 5205 2272 5284 versis,
2317 5212 2372 5264 et
2403 5224 2581 5286 supra
2613 5195 2813 5266 omnia
2849 5221 2982 5285 quae
3011 5207 3149 5263 sunt
3180 5198 3444 5260 eminere
3483 5195 3708 5286 intelli-

2063 5313 2152 5373 get
2173 5293 2244 5366 is,
2271 5285 2575 5355 oculorum
2603 5294 2868 5356 obtutum
2892 5291 3204 5369 effugiens,
3226 5287 3589 5362 inaccessus,
3611 5285 3708 5346 in-

2064 5383 2557 5462 comprehensus,
2593 5383 2901 5458 intactilis,
2956 5380 3112 5443 haud
3146 5376 3557 5458 intelligibilis,
3590 5375 3710 5438 im-

2068 5471 2387 5555 mutabilis,
2420 5481 2579 5537 totus
2608 5473 2883 5557 simplex,
2941 5477 3000 5533 et
3054 5476 3253 5530 tamen
3300 5474 3457 5529 totus
3484 5466 3708 5540 varius,
