4120 6396
463 347 575 413 831

1778 338 2157 409 SYMEONIS
2194 343 2549 410 JUNIORIS

3700 352 3703 357 '
3732 339 3858 404 532

464 489 525 545 et
554 480 798 543 omnino
830 499 1004 543 mens
1044 498 1180 544 mea
1208 479 1558 542 varietatem
1589 477 1814 557 gloriae,
1850 483 1911 538 et
1941 477 2176 538 deco-A
2197 475 2260 537 lii
2290 477 2498 555 David,
2533 497 2742 542 semen
2763 480 3026 542 divinum
3053 488 3218 541 tuum
3240 498 3470 542 omnes.
3499 476 3856 559 Congregati

463 589 592 633 rem
625 570 934 652 elegantiae
987 578 1103 632 tua;
1159 568 1499 652 perspicere
1555 566 1783 648 nequit.
1832 564 1989 645 Ergo
2014 565 2116 646 qui

432 698 437 701 -
480 678 552 723 ex
583 658 862 723 omnibus
892 659 1044 721 nihil
1075 667 1185 734 est,
1218 657 1515 739 quomodo
1548 657 1785 719 tandem
1821 665 1909 716 est
1939 673 2118 735 super

465 749 670 811 omnia
700 748 732 808 ‘?
787 747 899 821 Qui
949 762 1115 810 extra
1162 747 1384 819 omnia,
1440 753 1498 807 et
1546 745 1807 807 omnium
1842 744 2000 806 Deus
2026 762 2112 819 es,

466 848 795 921 aspectum,
829 858 1161 914 accessum,
1194 839 1588 913 intellectum,
1628 846 1845 898 tactum
1877 855 2115 898 omnem

466 930 721 1007 fugiens,
757 929 916 991 idem
950 928 1216 991 mortalis
1245 928 1453 999 factus,
1508 926 1569 987 in
1604 926 1889 987 mundum
1924 944 1988 987 es
2015 924 2115 984 in—

467 1037 704 1100 gressus
735 1026 1159 1098 assumptoque
1190 1034 1445 1094 corpore
1469 1016 1750 1090 humano,
1796 1013 2116 1096 apparuisti

467 1107 744 1171 omnibus
772 1107 1159 1170 accessibilis.
1197 1106 1479 1184 Cognilus
1514 1125 1578 1166 es
1608 1105 1781 1164 etiam
1840 1122 1873 1163 a
1916 1102 2114 1164 ﬁdeli-

468 1197 578 1259 bus
610 1215 742 1259 cum
774 1196 963 1276 gloria
992 1195 1324 1257 divinitatis
1358 1204 1493 1265 tuae,
1531 1203 1588 1255 et
1638 1194 1709 1255 ab
1762 1192 1909 1274 ipsis
1956 1211 2113 1252 com-

466 1287 821 1368 prehensus,
856 1285 958 1365 qui
988 1303 1232 1364 prorsus
1263 1292 1353 1346 est
1380 1280 2114 1363 incomprehensibilis,jet

461 1376 622 1436 visus
647 1375 720 1436 ab
775 1374 892 1436 illis
924 1382 1080 1435 totus
1116 1391 1129 1434 :
1192 1372 1414 1453 alioqui
1462 1371 1739 1432 omnibus
1769 1370 2107 1446 invi~ibilis,

464 1472 528 1526 et
582 1463 860 1527 viderunt
918 1463 1288 1542 majestalem
1345 1470 1734 1523 sacrosanctae
1788 1460 2111 1521 divinitatis

463 1562 598 1616 tute.
637 1552 758 1616 Soli
788 1551 1003 1614 ﬁdeles
1034 1551 1237 1612 vident
1269 1568 1281 1613 :
1347 1568 1555 1611 omnes
1593 1558 1788 1611 autem
1836 1549 2108 1610 inﬁdeles

460 1642 585 1705 viso
614 1649 675 1705 te
704 1641 916 1703 mundi
948 1640 1198 1714 lumine,
1233 1642 1373 1701 caeci
1435 1646 1811 1719 permanent.
1847 1638 2102 1712 Fideles,

456 1731 659 1812 itaque
689 1740 748 1792 et
778 1739 917 1792 tunc
950 1749 1111 1791 nunc
1157 1747 1398 1809 semper
1458 1737 1512 1789 te
1560 1728 1780 1801 vident,
1816 1734 1874 1788 et
1904 1744 2104 1788 secum

461 1829 519 1882 te
548 1818 792 1893 habent,
845 1817 1250 1881 universitatis
1298 1817 1594 1899 opiﬁcem,
1659 1825 2016 1890 versantem,
2049 1816 2165 1877 etB

459 1907 824 1970 habitantem
861 1926 995 1970 cum
1044 1907 1195 1989 ipsis
1243 1907 1304 1968 in
1351 1907 1528 1986 hujus
1556 1906 1687 1967 vitae
1720 1905 2005 1981 tenebris,
2040 1913 2105 1966 ut

457 1999 646 2060 solem
668 1998 1063 2071 inaccessum,
1098 2004 1162 2058 ut
1180 1996 1511 2076 lampadem
1533 1994 2099 2073 inexstinguibilem,

459 2088 561 2167 qui
591 2105 625 2147 a
657 2085 923 2148 tenebris
954 2086 1187 2166 penitus
1219 2104 1335 2146 non
1371 2083 1921 2165 comprvhenderis,
1958 2092 2016 2144 et
2049 2090 2105 2143 te

457 2175 728 2238 videntes
782 2193 1022 2255 semper
1078 2175 1400 2236 illuminas.
1464 2173 1611 2247 Quia
1667 2174 1844 2251 igitur
1899 2181 1981 2246 tu,
2043 2180 2105 2232 ut

457 2264 738 2337 diximus,
774 2271 938 2326 extra
964 2264 1164 2325 omnia
1192 2282 1277 2338 es,
1312 2263 1487 2325 etiam
1519 2262 1624 2323 abs
1656 2271 1711 2323 te
1739 2261 2104 2323 illuminatos

457 2361 622 2416 extra
652 2372 723 2416 ea
751 2372 884 2434 quae
912 2372 1157 2415 sensum
1203 2354 1515 2416 oculorum
1570 2359 1829 2431 movent,
1862 2369 1994 2413 esse
2024 2351 2105 2412 fa-

452 2442 561 2519 cis,
589 2454 649 2504 et
674 2461 909 2504 rursum
934 2461 1067 2504 cum
1097 2441 1266 2504 Patre
1292 2449 1414 2503 tuo.
1440 2441 1512 2503 Et
1543 2441 1839 2522 quomodo
1874 2449 1931 2503 tu
1967 2458 2101 2500 cum

452 2530 577 2593 illic
606 2530 710 2606 sis,
747 2531 879 2592 sine
908 2530 1217 2593 intervallo
1250 2531 1560 2593 nobiscum
1625 2548 1690 2592 es
1751 2537 1905 2590 totus
1939 2549 1954 2589 :
2017 2529 2102 2589 sic

454 2638 564 2681 nos
580 2638 783 2681 servos
807 2627 960 2689 tuos,
995 2620 1056 2680 in
1090 2619 1287 2681 medio
1319 2638 1520 2680 rerum
1554 2618 1664 2679 sub
1695 2637 1906 2680 sensus
1930 2637 2104 2697 aspe-

455 2716 735 2789 ctumque
763 2709 1101 2770 cadentium
1153 2718 1481 2782 versantes,
1517 2708 1744 2781 educis,
1779 2716 1836 2767 et
1866 2725 2102 2768 sursum

457 2798 713 2860 omnino
735 2806 933 2860 tecum
963 2798 1191 2859 lumine
1222 2806 1323 2859 tuo
1370 2798 1694 2859 illustratos
1727 2798 1905 2873 tollis,
1944 2805 2003 2856 et
2032 2816 2102 2859 ex

457 2886 803 2949 mortalibus
828 2886 1195 2948 immortales
1227 2887 1452 2958 reddis,
1490 2897 1917 2967 manentesque
1945 2887 2101 2966 quod

455 2993 684 3037 sumus.
717 2975 906 3054 gratia
934 2982 1033 3036 tua
1080 2976 1209 3049 ﬁlii,
1259 2976 1487 3039 similes
1522 2974 1624 3036 tibi
1657 2976 1986 3048 evadimus,
2023 2975 2100 3035 dii

2202 576 2397 630 autem
2421 570 2481 631 in
2502 590 2677 632 unam
2698 572 3085 633 coalescimus
3107 572 3349 633 domum
3381 592 3396 648 ;
3423 571 3482 632 id
3506 582 3618 651 est,
3640 589 3856 633 omnes

2202 676 2410 719 sumus
2439 659 2673 740 fratres,
2726 678 2937 722 omnes
2994 660 3229 740 cognati
3286 662 3390 722 tui.
3447 659 3518 720 Et
3545 660 3851 737 quomodo

2203 766 2321 808 non
2354 766 2453 809 res
2483 749 2853 830 admiranda,
2905 750 3200 821 quomodo
3249 769 3365 809 non
3399 750 3689 828 stupenda
3712 749 3850 810 cui-

2200 836 2287 896 vis
2339 839 2449 899 boc
2502 839 2814 919 cogitanti,
2856 840 2969 901 hoc
3001 839 3419 920 perpendenti,
3449 838 3603 919 quod
3638 849 3698 899 tu
3730 858 3846 899 no—

2200 927 2430 990 biscum
2464 947 2527 990 es
2558 946 2735 1003 nunc,
2796 937 2855 990 et
2909 928 2971 989 in
3030 929 3246 990 saecula
3277 937 3334 989 et
3358 946 3850 1009 unumquemque

2199 1016 2440 1078 domum
2472 1018 2642 1099 facis,
2677 1026 2736 1081 et
2787 1017 3019 1079 habitas
3075 1018 3134 1079 in
3194 1018 3496 1091 omnibus,
3529 1028 3592 1080 et
3621 1036 3684 1078 es
3716 1017 3850 1098 ipse

2198 1105 2412 1168 domus
2443 1107 2744 1184 omnibus,
2779 1116 2839 1169 et
2868 1106 2929 1167 in
2959 1115 3018 1169 te
3074 1106 3407 1169 habitamus
3433 1106 3849 1187 unusquisque

2198 1203 2491 1269 nostrum,
2528 1204 2681 1257 totus
2710 1214 2851 1258 cum
2882 1202 3028 1276 toto,
3064 1204 3121 1256 et
3166 1196 3322 1276 quod
3372 1194 3639 1277 quolibet
3667 1195 3847 1256 vicis-

2198 1284 2426 1365 simtu,
2462 1304 2594 1346 cum
2644 1285 2770 1346 solo
2814 1286 2996 1358 solus,
3062 1294 3120 1346 et
3170 1302 3349 1365 supra
3405 1303 3513 1345 nos
3564 1285 3749 1365 solus,
3788 1294 3851 1344 et

2199 1378 2358 1433 totus
2406 1391 2471 1435 es
2491 1373 2521 1432 ‘?
2569 1372 2739 1434 Nunc
2769 1392 2908 1452 ergo
2939 1373 3001 1435 in
3032 1372 3207 1435 nobis
3236 1382 3482 1451 augusta
3510 1380 3839 1453 perpetras.

2193 1458 2337 1532 Quae
2364 1470 2612 1540 augusta
2640 1462 2670 1521 ε)
2730 1462 2922 1523 dicam
2957 1480 3138 1542 pauca
3167 1462 3241 1523 de
3271 1461 3495 1524 multis.
3528 1462 3599 1522 Et
3627 1481 3844 1542 quam-

2190 1549 2278 1609 vis
2301 1549 2456 1611 dicta
2476 1552 2784 1621 hactenus,
2810 1550 3012 1612 omnia
3030 1551 3334 1631 plusquam
3360 1550 3843 1628 obstupesceuda

2192 1647 2352 1719 sunt,
2385 1648 2577 1702 tamen
2601 1642 2727 1720 jam
2759 1640 2877 1701 illis
2934 1640 3187 1720 amplius
3230 1638 3705 1721 obstupescenda
3735 1660 3842 1703 ac-

2191 1746 2350 1807 cipe.

2269 1816 2535 1879 Membra
2548 1817 2770 1880 Christi
2788 1836 3015 1897 sumus,
3035 1824 3095 1878 et
3115 1816 3381 1879 membra
3393 1828 3598 1881 nostra
3627 1819 3841 1882 Chris-

2190 1915 2303 1969 tus.
2324 1904 2618 1967 Etmanus
2640 1926 2773 1968 mea
2793 1906 3019 1976 miseri,
3047 1914 3104 1968 et
3127 1926 3233 1988 pes
3261 1925 3431 1968 meus
3454 1905 3745 1970 Christus.
3769 1908 3846 1970 Et

2188 2014 2398 2057 manus
2417 1995 2626 2060 Christi
2652 2004 2711 2057 et
2737 2015 2874 2076 spes
2903 1996 3122 2059 Christi
3148 2016 3255 2076 ego
3292 1996 3596 2061 minimus.
3630 2001 3841 2061 Moveo

2188 2103 2427 2145 manum
2454 2085 2478 2147 ?
2509 2088 2685 2147 etiam
2711 2084 2998 2161 Christus,
3019 2086 3264 2147 omnino
3291 2086 3449 2147 enim
3475 2104 3685 2148 manus
3706 2106 3842 2149 mea

2188 2182 2295 2235 est;
2308 2173 2669 2236 individuam
2685 2174 3134 2237 enimDeitatem
3150 2175 3439 2253 intelligas
3454 2178 3840 2254 oportet.lllo-

2186 2281 2293 2325 veo
2325 2263 2607 2342 pedem?
2653 2273 2711 2324 et
2762 2281 2901 2325 ecce
2959 2263 3141 2343 fulget
3188 2278 3252 2324 ut
3299 2265 3422 2325 ille.
3475 2266 3628 2328 Cave
3672 2265 3840 2329 dicas

2186 2350 2603 2432 blasphemare
2634 2372 2751 2427 me,
2786 2352 2890 2413 sed
2925 2353 3048 2413 hac
3079 2354 3361 2433 approba,
3422 2363 3481 2415 et
3529 2354 3837 2417 Christum

2186 2441 2388 2521 adora,
2443 2442 2545 2522 qui
2597 2450 2653 2503 te
2710 2443 2886 2503 talem
2947 2442 3104 2504 facit.
3167 2443 3400 2504 Etenim
3459 2453 3520 2505 tu
3571 2464 3832 2526 quoque,

2186 2532 2235 2591 si
2289 2531 2566 2610 volueris,
2627 2531 2961 2592 membrum
3021 2531 3148 2611 ejus
3205 2532 3334 2595 ﬁes.
3398 2532 3470 2593 Et
3526 2533 3606 2594 ita
3635 2537 3839 2597 omnia

2189 2618 2459 2680 membra
2487 2620 2955 2700 uniuscujusque
3004 2630 3274 2683 nostrum
3308 2622 3575 2683 membra
3617 2624 3836 2685 Christi

2189 2708 2354 2787 ﬁent,
2388 2717 2444 2768 et
2476 2708 2745 2771 Christus
2780 2717 3046 2769 nostrum
3073 2709 3429 2784 membrum,
3465 2720 3524 2772 et
3555 2711 3603 2771 is
3635 2713 3839 2774 omnia

2187 2798 2471 2858 indecora
2501 2816 2569 2859 ac
2602 2798 2895 2859 deformia
2925 2799 3204 2863 formosa.
3260 2808 3315 2861 et
3346 2801 3563 2862 decora
3595 2802 3830 2883 reddet,

2186 2886 2629 2967 pulchritudine
2658 2887 2933 2948 videlicet
2965 2896 3021 2948 et
3052 2889 3235 2966 gloria
3288 2889 3530 2950 Deitatis
3580 2908 3699 2951 sum
3729 2892 3835 2952 illa

2186 2994 2523 3050 exornans;
2585 2985 2641 3037 et
2699 2978 2909 3037 ﬁemus
2965 2977 3141 3038 simul
3191 2978 3297 3055 dii,
3329 2998 3462 3040 cum
3495 2979 3612 3040 Deo
3645 2980 3821 3040 fami-

455 3063 644 3163 Deum
664 3063 960 3164 videntes.
995 3062 1138 3163 Quis
1166 3065 1364 3164 itaque
1394 3065 1465 3126 ad
1522 3073 1578 3125 te
1630 3084 1745 3126 non
1806 3072 2098 3164 accurrat,
2123 3108 2161 3157 Ο
2188 3065 2412 3127 liariter
2441 3066 2767 3145 conjuncti,
2801 3065 3022 3127 nullam
3074 3067 3135 3127 in
3191 3086 3439 3149 corpore
3470 3079 3666 3129 nostro
3696 3088 3829 3129 ma-

458 3152 561 3233 qui
591 3152 753 3214 solus
778 3170 843 3213 es
877 3151 1170 3232 benignus
1189 3158 1215 3214 ?
1236 3152 1367 3234 quis
1387 3162 1443 3215 te
1470 3172 1588 3214 non
1611 3153 1939 3235 sequatur?
1971 3152 2102 3233 quis

458 3260 579 3303 non
610 3260 681 3303 ex
711 3239 998 3304 cbaritate
1028 3242 1189 3305 dicat
1218 3266 1230 3302 :
1284 3245 1397 3319 En,
1428 3243 1709 3324 projectis
1739 3242 2017 3305 omnibus
2048 3252 2102 3302 te

457 3330 786 3411 sequimur,
822 3338 878 3393 te
910 3332 1396 3413 compatientem.
1424 3340 1827 3413 mansuetum,
1873 3333 2102 3393 miseri-

455 3420 697 3481 cordem
729 3420 1072 3493 Dominum,
1108 3431 1370 3483 nostram
1404 3422 1856 3485 conversionem
1882 3423 2104 3502 jugiter

456 3518 919 3590 exspectantem,
957 3511 1259 3573 nolentem
1314 3511 1618 3573 interitum
1679 3530 1883 3573 eorum
1916 3511 2015 3592 qui
2048 3520 2103 3572 te

454 3599 834 3662 offenderunt
862 3599 943 3675 90,
972 3601 1073 3681 qui
1103 3600 1164 3662 in
1194 3600 1368 3663 nobis
1400 3601 1576 3663 modo
1605 3601 1897 3681 stupenda
1930 3602 2102 3681 perﬁ-

453 3688 562 3761 cis,
596 3707 729 3770 quaa
761 3690 901 3752 olim
952 3691 1021 3764 in,
1062 3691 1240 3752 domo
1302 3691 1483 3755 David
1542 3692 1737 3752 futura
1766 3690 2097 3766 audientes,

452 3776 762 3853 miramur,
796 3778 993 3858 qualia
1047 3779 1244 3841 futura
1293 3780 1435 3841 sint.
1497 3780 1721 3843 Domus
1779 3778 1960 3840 David
1992 3798 2099 3842 nos

452 3883 684 3946 sumus,
718 3874 996 3947 tanquam
1030 3868 1261 3947 cognati
1296 3868 1473 3931 illius.
1533 3868 1677 3930 Nam
1712 3869 1839 3949 ipse
1872 3878 1927 3929 tu
1962 3888 2097 3929 om-

451 3956 618 4015 nium
652 3955 958 4029 Conditor,
994 3955 1148 4018 ﬁlius
1204 3957 1323 4017 illis
1378 3959 1569 4020 factus
1627 3977 1715 4028 es,
1767 3967 1818 4019 et
1855 3978 1962 4018 nos
1993 3959 2100 4020 ﬁlii

456 4042 538 4103 tui
572 4061 680 4123 per
709 4043 978 4123 gratiam.
1037 4044 1124 4107 Tu
1187 4054 1472 4124 cognatus
1527 4056 1729 4108 noster
1759 4066 1958 4107 carne.
1994 4066 2101 4107 nos

450 4131 700 4195 Deitatis
735 4141 869 4195 ture.
903 4133 1148 4196 Indutus
1183 4136 1341 4197 enim
1401 4154 1655 4217 corpore
1684 4137 1896 4197 dedisti
1932 4136 2102 4197 nobis

432 4220 736 4301 Spiritum
769 4231 1064 4297 sanctum,
1127 4243 1455 4306 omnesque
1514 4224 1687 4285 simul
1746 4244 1863 4285 una
1892 4226 2104 4286 domus

448 4308 631 4371 David
679 4310 818 4373 facti
866 4329 1093 4388 sumus,
1157 4315 1300 4394 quia
1358 4314 1581 4394 proprii
1643 4313 1725 4373 tui
1784 4323 1841 4375 et
1872 4316 2105 4393 cognati

449 4398 557 4460 tui.
584 4396 874 4462 Dominus
902 4401 1084 4479 igitur
1121 4403 1302 4466 David
1338 4411 1397 4465 tu
1430 4404 1491 4464 in
1524 4403 1739 4484 spiritu
1770 4422 1853 4477 es,
1890 4423 1996 4465 nos
2028 4405 2101 4465 ﬁ-

527 4559 590 4645 lio
621 4559 834 4624 Ezech.
862 4579 1069 4637 χχχιιι,
1099 4566 1194 4628 tt.

2187 3154 2377 3215 culam
2411 3155 2795 3234 aspicientes,
2832 3155 2937 3217 sed
2998 3155 3102 3216 toti
3146 3157 3325 3218 totius
3358 3157 3626 3239 corporis
3653 3158 3834 3219 Chri-

2187 3243 2260 3304 sti
2345 3244 2795 3306 similitudinem
2896 3246 3224 3319 consecuti,
3313 3252 3562 3328 quisque
3649 3256 3835 3308 totum

2185 3333 2483 3397 Christum
2546 3334 2879 3396 membrum
2920 3344 3184 3396 nostrum
3238 3336 3610 3398 habebimus.
3672 3337 3841 3400 Unus

2185 3422 2344 3484 enim
2423 3424 2609 3486 multa
2679 3424 2887 3497 factus,
2968 3444 3121 3485 unus
3200 3434 3399 3486 manet
3483 3425 3836 3504 idividuus;

2188 3530 2325 3591 pars
2350 3522 2549 3576 autem
2578 3532 2948 3594 unaquaeque
2980 3521 3139 3575 totus
3176 3514 3446 3577 Christus
3477 3526 3571 3576 est
3602 3516 3750 3595 (19).

2267 3602 2328 3664 Si
2361 3620 2500 3681 ergo
2536 3611 2593 3663 tu
2625 3603 2872 3665 indutus
2924 3621 2989 3663 es
3032 3604 3229 3664 carnis
3259 3612 3373 3665 tum
3403 3605 3688 3686 dedecus,
3727 3625 3845 3667 nec

2186 3700 2450 3751 mentem
2482 3699 2660 3772 atque
2692 3692 2950 3753 animam
2983 3693 3259 3766 nudatus,
3295 3702 3353 3754 et
3383 3693 3646 3755 tenebris
3664 3713 3841 3774 oper-

2189 3788 2278 3841 tus
2310 3780 2511 3842 lumen
2571 3782 2766 3842 adhuc
2824 3781 3026 3842 videre
3077 3782 3344 3861 potuisti,
3408 3782 3547 3864 quid
3584 3782 3690 3843 tibi
3724 3802 3841 3863 ego

2182 3869 2393 3931 faciam
2422 3870 2454 3929 ‘?
2509 3870 2805 3950 quomodo
2834 3871 3232 3933 venerationis
3265 3872 3439 3951 plena
3472 3872 3779 3932 ostendam
3813 3873 3841 3933 Υ

2184 3957 2503 4038 quomodo,
2542 3959 2689 4039 proh
2741 3959 2960 4021 dolor?
3015 3958 3074 4018 in
3132 3959 3374 4021 domum
3434 3960 3612 4022 David
3651 3970 3704 4021 te
3736 3961 3839 4021 in-

2185 4047 2492 4109 troducam
2525 4042 2556 4107 ‘I
2608 4047 2778 4109 Adiri
2808 4049 2966 4109 enim
3011 4067 3129 4108 non
3165 4059 3359 4129 potest
3387 4050 3460 4111 ab
3491 4050 3737 4129 ignavis,
3777 4060 3844 4111 ut

2186 4154 2293 4213 ego
2324 4154 2499 4199 sum:
2556 4154 2667 4198 nec
2710 4136 2897 4198 videri
2950 4156 2984 4198 a
3031 4138 3226 4216 caecis,
3288 4139 3432 4200 mihi
3494 4139 3837 4217 similibus;

2185 4234 2243 4285 et
2299 4225 2476 4286 distat
2529 4226 2737 4306 procul
2795 4227 2967 4305 plane
3017 4226 3091 4287 ab
3140 4227 3485 4289 inﬁdelibus
3531 4238 3590 4289 et
3624 4227 3840 4308 pigris,

2188 4314 2392 4394 procul
2478 4315 2550 4375 ab
2635 4315 2911 4376 omnibus
2996 4316 3309 4395 improbis,
3396 4317 3473 4379 ab
3560 4316 3845 4378 omnibus

2188 4402 2394 4464 mundi
2447 4403 2833 4481 amatoribus,
2868 4405 2940 4464 ab
2972 4403 3167 4467 inanis
3215 4407 3421 4486 gloriae
3448 4405 3702 4487 cupidis.
3739 4409 3841 4469 Sic

527 4740 882 4855 (d9)quujus
938 4745 1191 4855 theq‘ria:
1222 4744 1983 4855 “occasionet‘ttﬁsutqpsisse
2017 4745 2105 4803 vi-
2134 4755 2401 4855 DtateLet
2430 4755 2588 4819 sunt,
2645 4755 2707 4855 let
2764 4748 2933 4824 ﬁunt,
2996 4755 3053 4807 et
3095 4746 3246 4807 facta
3300 4756 3456 4855 su‘nt,
3489 4767 3621 4828 quae
3650 4748 3846 4855 libero

555 4838 625 4855 ιη-
699 4840 895 4855 Imnnn
928 4840 995 4855 Α..
1030 4823 1047 4855 ε
1101 4843 1130 4855 η
1271 4844 1336 4855 η..
1409 4842 1488 4855 υ..
1621 4840 1625 4844 ~
1686 4845 1698 4855 .
1819 4842 1871 4855 ..,
1909 4833 2104 4855 “uin...
2194 4846 2293 4855 -..Α
2374 4834 2573 4855 -..-...i..
2610 4844 2637 4855 η
2691 4826 2770 4855 ....;
2807 4845 2922 4855 κω..
2959 4845 3271 4855 ..-ηηηηηηη
3410 4847 3472 4855 Α.
3512 4830 3638 4855 _--:-
3672 4849 3739 4855 _._
3794 4830 3844 4855 :_-

1815 4845 1831 4885 (

449 4817 637 4903 detur
657 4817 897 4884 Simeon
927 4840 995 4884 ex
1030 4823 1133 4885 illo
1163 4823 1187 4886 Ι
1222 4826 1356 4887 Cor.
1409 4842 1516 4903 xu,
1576 4826 1648 4886 17
1686 4845 1698 4883 :
1768 4817 1876 4885 Vos
1905 4833 2107 4887 autem

444 4901 590 4962 estis
621 4918 842 4982 corpus
876 4903 1131 4983 Christi,
1167 4912 1223 4966 et
1278 4901 1551 4967 membra
1604 4906 1676 4966 de
1708 4904 2005 4966 irtetrtbru.
2038 4906 2110 4967 Et

443 4998 574 5061 cap.
632 4998 713 5061 vt,
777 5000 931 5065 vers.
1002 4984 1118 5045 l5:
1170 4984 1453 5057 Nescitis,
1510 4987 1799 5065 quoniam
1833 5002 2105 5065 corpora

440 5069 646 5143 vostro
676 5062 948 5125 membra
1004 5072 1144 5127 sunt
1204 5065 1485 5128 Christi?
1521 5062 1613 5128 _Et
1670 5084 1736 5125 ex
1770 5064 1901 5125 aliis
1931 5062 2105 5143 hujus

440 5140 679 5235 generis
715 5160 731 5234 ξ
766 5144 1162 5235 quae‘quidem
1189 5146 1397 5235 omnia
1451 5147 1694 5235 mystice
1731 5154 1787 5205 et
1819 5140 2102 5226 spiritua-

439 5221 578 5306 liter
606 5221 1146 5306 accipienda—psunt.
1188 5228 1372 5306 Porro
1430 5221 1588 5306 apud
1623 5221 1964 5306 Simeonem
2001 5245 2096 5288 se-

440 5301 865 5387 quebatur—hic
897 5304 1243 5387 disputatio
1296 5308 1372 5369 de
1426 5301 1713 5367 membris
1772 5305 1993 5387 nostris
2041 5307 2099 5368 in

442 5380 710 5465 membra
767 5380 1037 5448 Christi'
1073 5387 1532 5461 translormatis,
1617 5388 1813 5465 deque
1881 5386 2100 5449 Christi

441 5461 729 5547 membris
759 5465 819 5547 in
851 5473 1055 5528 nostra
1084 5469 1409 5547 conversis,
1461 5486 1635 5547 quam
1672 5461 1910 5529 silentio
1947 5487 2101 5547 pra)-

438 5542 912 5628 termittendam,
975 5546 1324 5628 Latinisque
1376 5542 1625 5628 auribus
1676 5567 1790 5609 non
1826 5542 1970 5610 satis
2002 5550 2099 5611 di-

435 5640 608 5713 gnam
638 5625 1008 5713 censuimus.
1041 5628 1103 5691 Si
1133 5625 1270 5709 quis
1320 5628 1451 5707 ejus
1487 5626 1804 5713 _desid_erin
1837 5637 2093 5713 tenetur,

435 5703 493 5787 is
536 5703 814 5787 codicem
877 5703 1277 5787 Augustalium
1328 5703 1428 5769 aut
1483 5706 1830 5770 Bavaricum
1892 5703 2088 5773 adeat.

432 5782 617 5846 Multa
646 5784 899 5851 honeste
929 5782 990 5853 et
1018 5786 1239 5851 decore
1300 5787 1362 5850 in
1413 5790 1523 5851 hac
1554 5806 1756 5851 rerum
1786 5787 2089 5853 universi-

2191 4846 2294 4888 ore
2324 4829 2575 4889 honeste
2608 4826 2772 4888 effari
2807 4845 2923 4908 non
2959 4845 3296 4908 possumus.
3353 4827 3474 4889 Nec
3507 4826 3643 4908 quia
3672 4829 3846 4890 nobis

2191 4908 2413 4987 aliquid
2445 4926 2479 4968 a
2510 4914 2718 4968 natura
2749 4906 3033 4969 tributum
3069 4916 3155 4968 est
3182 4927 3198 4982 ;
3230 4908 3366 4969 ideo
3397 4906 3612 4987 linguae
3638 4910 3848 4969 vestis-

2192 5007 2306 5069 que
2338 4995 2678 5069 tegumento
2736 4987 2941 5069 celari,
2977 5006 3093 5069 non
3149 4987 3361 5069 debet.
3412 4992 3536 5054 Nec
3587 4989 3727 5051 satis
3779 4999 3849 5051 ut

2190 5069 2302 5148 pize
2329 5078 2428 5129 aut
2458 5068 2745 5149 decentes
2802 5068 2948 5128 mihi
3006 5068 3277 5142 videntur
3331 5068 3447 5130 illae
3495 5089 3693 5130 rerum
3725 5069 3848 5149 spi-

2186 5147 2486 5231 ritualium
2513 5147 3047 5231 considerationes,
3073 5166 3204 5231 quae
3230 5159 3484 5211 mentem
3514 5169 3691 5231 supra
3716 5147 3848 5210 hinc

2187 5229 2390 5301 nimis,
2442 5237 2505 5289 ut
2555 5228 2641 5289 sic
2688 5228 2905 5302 dicam,
2959 5228 3206 5307 physica
3237 5247 3351 5290 non
3385 5228 3681 5291 attollunt.
3715 5232 3849 5293 Nec

2187 5309 2289 5390 qui
2319 5308 2502 5390 abdit,
2538 5327 2671 5390 quae
2703 5317 2909 5390 natura
2942 5308 3079 5390 abdi
3109 5308 3324 5381 voluit;
3372 5310 3505 5369 ideo
3539 5309 3846 5371 Christum

2187 5387 2760 5470 nonrinduitIQuod
2789 5388 3022 5470 siquis
3070 5398 3248 5464 esset,
3310 5391 3410 5470 qui
3442 5390 3856 5453 arbitraretur

2188 5469 2547 5547 Christiano,
2579 5469 2683 5550 qui
2735 5468 3035 5550 Christum
3068 5477 3126 5550 et
3157 5488 3223 5530 re
3257 5468 3588 5532 etnomine
3620 5470 3847 5544 induit,

2186 5551 2387 5613 omnia
2418 5550 2479 5632 in
2512 5548 2820 5632 propatulo
2871 5548 3145 5611 habenda
3188 5569 3333 5632 esse
3366 5570 3382 5626 ;
3439 5552 3490 5611 is
3520 5571 3637 5612 non
3674 5551 3845 5631 inju-

2183 5632 2273 5693 ria
2305 5629 2902 5724 plenior‘cinicismo‘
2923 5649 3096 5724 quam
3140 5630 3596 5724 Christianismo
3628 5629 3848 5693 existi-

2176 5709 2329 5774 mari
2363 5718 2580 5792 posset.
2609 5709 2839 5773 ‘Verum
2871 5709 3070 5772 dehis
3101 5710 3254 5772 tatis.
