4120 6424
357 372 474 438 533

1495 371 1928 437 DIVINORUM
1972 369 2298 432 AMORUM
2343 371 2594 435 LIBER.

3629 354 3745 422 534

351 517 550 570 autem
599 507 748 568 citra
804 505 1308 587 comparationem
1370 504 1570 580 distat,
1631 512 1694 564 ut
1741 504 1791 564 si
1819 503 2187 584 superAsed
2246 504 2395 566 caelo
2453 521 2696 586 quoque
2771 511 2828 565 et
2905 502 3173 564 omnium
3254 516 3387 587 quae
3443 495 3506 557 in
3569 493 3738 557 omlis

353 596 728 660 altitudinem
755 596 914 672 caeli,
939 604 1039 658 aut
1060 595 1215 658 infra
1228 593 1586 674 profundum
1609 591 1803 674 abyssi
1818 593 1997 656 esset!

350 687 426 749 Ει
455 686 755 767 quisnam,
819 695 920 748 aut
976 705 1094 764 quo
1153 692 1320 766 pacto
1379 685 1440 745 in
1492 683 1708 745 coelum
1764 683 2001 745 tandem

352 775 638 836 ascendet
665 775 695 834 ?
752 782 856 836 aut
884 773 1180 854 quomodo
1211 772 1320 834 sub
1353 780 1571 833 terram
1605 770 2000 846 descendens,

355 863 722 925 scrutabitur
749 863 988 943 abyssos
1020 861 1045 925 ?
1102 869 1162 924 et
1215 860 1615 938 margaritam,
1659 870 1725 922 ut
1755 876 2005 939 granum

355 955 549 1035 sinapi
583 954 996 1035 parvissimum
1027 953 1369 1034 exquirens,
1416 951 1712 1032 quomodo
1744 951 2015 1013 invenire

360 1042 617 1124 pulerit?
642 1041 781 1113 Sed,
809 1062 841 1103 ο
867 1042 992 1115 ﬁlii,
1019 1040 1488 1120 congregamini,
1505 1060 1538 1100 ο
1556 1039 2011 1110 matresadeste,

354 1155 388 1192 ο
423 1146 623 1214 patres
675 1131 1010 1212 praevenite,
1069 1140 1390 1211 antequam
1446 1147 1608 1190 mors
1670 1127 2012 1208 praeveniat,

357 1242 712 1303 mecumque
742 1221 1172 1296 lamentamini,
1209 1228 1266 1281 et
1314 1220 1540 1300 plorate
1572 1237 1807 1291 omnes,
1840 1217 1998 1298 quod

351 1327 487 1375 eum
521 1311 746 1392 parvuli
802 1311 862 1372 in
918 1310 1271 1390 baptismate
1328 1310 1516 1371 Deum
1561 1307 1996 1387 acceperimus,

350 1401 439 1463 vel
498 1401 694 1480 potius
749 1399 1006 1462 infantes
1066 1398 1172 1459 ﬁlii
1229 1397 1339 1459 Dei
1395 1396 1532 1458 facti
1589 1396 1802 1477 simus,
1864 1415 2000 1480 cum

347 1478 792 1572 peccassemus,
855 1508 988 1550 mox
1048 1497 1212 1550 extra
1267 1487 1509 1548 domum
1569 1485 1752 1547 David
1826 1478 2003 1566 ejecti

349 1580 565 1655 simus,
617 1597 811 1658 neque
868 1577 925 1638 id
976 1577 1364 1656 senserimus,
1427 1583 1485 1636 et
1543 1593 1853 1636 curramus
1902 1592 2010 1654 per

351 1668 766 1750 pmnitentiam
802 1688 818 1745 ;
854 1685 961 1745 per
991 1685 1120 1727 eam
1179 1665 1398 1746 quippe
1455 1663 1631 1744 ejecti
1663 1682 1871 1724 omnes
1902 1681 2002 1725 re-

352 1757 756 1837 grediuntur:
814 1756 988 1816 aliter
1030 1754 1267 1832 regredi
1299 1773 1416 1814 non
1449 1753 1608 1828 licet,
1644 1771 1719 1813 ne
1769 1752 2000 1828 erretis,
2029 1788 2067 1837 Β

353 1865 465 1909 nec
495 1847 721 1921 videre,
755 1863 886 1924 quae
939 1845 999 1905 in
1060 1861 1130 1904 ea
1189 1843 1448 1923 perfecta
1477 1851 1636 1919 sunt,
1673 1843 2001 1922 perﬁciun-

352 1948 571 2016 turque
629 1936 690 1996 in
747 1933 964 2000 saecula
1017 1931 1477 1994 innumerabilia
1513 1930 1574 1991 in
1619 1932 1851 1994 Christo
1879 1934 2002 1995 Deo

351 2044 512 2098 meo,
549 2042 724 2106 quem
755 2023 928 2084 decet
957 2021 1151 2083 omnis
1171 2020 1381 2102 gloria,
1410 2023 1624 2095 honor,
1657 2020 1920 2082 adoratio
1941 2021 2003 2082 in

349 2114 807 2192 sempiternum.

958 2241 1200 2305 CAPUT
1246 2239 1400 2303 XVI.

349 2335 654 2393 Secundum
682 2341 949 2393 naturam
979 2336 1156 2392 Deum
1180 2335 1354 2393 solum
1381 2335 1692 2398 amabilem,
1743 2348 1808 2389 ac
1853 2333 2000 2389 desi-

419 2407 722 2464 derabilem
750 2423 861 2465 esse
879 2425 902 2474 ;
931 2407 1090 2477 cujus
1117 2408 1214 2478 qui
1239 2407 1425 2477 factus
1451 2407 1524 2462 sit
1547 2406 1840 2476 particeps,
1875 2419 2001 2460 eum

420 2481 694 2536 bonorum
722 2482 1113 2536 universorum
1128 2477 1351 2551 factum
1378 2492 1487 2534 esse
1509 2477 1860 2549 participem.

432 2614 481 2672 Ο
515 2627 644 2689 quae
672 2625 772 2668 res
800 2607 914 2668 ista
943 2615 1058 2668 tam
1099 2605 1454 2668 venerabilis
1483 2603 1644 2665 omni
1677 2603 2000 2665 creaturae?

345 2719 465 2780 quo
498 2699 611 2759 hoc
643 2696 754 2760 sub
811 2696 1259 2776 intelligentiam
1311 2694 1530 2758 cadens
1585 2695 1805 2767 lumen,
1840 2693 1995 2774 quod

341 2789 580 2850 videtur
634 2785 708 2847 ab
764 2785 1100 2846 omnibus?
1159 2803 1288 2865 quae
1343 2785 1495 2861 istae}
1528 2792 1707 2844 tanta;
1751 2782 1992 2857 divitiae,

342 2897 493 2959 quas
550 2874 797 2937 omnino
879 2873 1213 2935 mortalium
1291 2873 1490 2934 nullus
1562 2872 1830 2933 invenire
1896 2881 1997 2934 aut

343 2965 653 3048 possidere
706 2963 894 3045 potuit
923 2966 952 3024 ἵ
983 2970 1124 3024 sunt
1153 2963 1312 3024 enim
1351 2961 1629 3024 omnibus
1659 2960 1997 3040 incompre-

342 3055 701 3133 liensibiles,
737 3062 795 3114 et
822 3072 856 3114 a
888 3053 1112 3115 mundo
1136 3053 1267 3133 capi
1293 3058 1632 3132 nequeunt;
1661 3057 1798 3111 sunt
1819 3068 1998 3130 super

2085 603 2249 668 sunt,
2311 585 2605 656 omnium
2637 593 2924 674 Opiﬁcem
2974 607 3208 652 mecum
3256 585 3509 666 habens,
3558 602 3737 674 quem

2085 683 2256 744 decet
2308 683 2517 762 gloria,
2608 671 2704 744 et'
2749 683 2940 743 honos
3027 695 3185 740 nunc
3257 685 3316 738 et
3370 675 3434 736 in
3488 671 3741 736 saecula.

2088 769 2302 834 Amen.

2680 888 2921 955 CAPUT
2979 886 3157 952 XVII.

2101 1028 2370 1086 Timorem
2394 1043 2658 1100 generare
2692 1025 3041 1090 charitatem,
3070 1030 3157 1100 _et‘
3175 1023 3333 1080 illam
3359 1019 3744 1100 eradicare_ti-

2169 1116 2378 1156 morem
2389 1091 2461 1155 Ea:
2488 1101 2702 1166 anima,
2722 1097 3122 1169 manerequein
3134 1094 3277 1167 ipsa,
3291 1107 3417 1149 cum
3434 1091 3508 1150 sit
3519 1094 3741 1148 sanctus

2169 1173 2492 1242 diuinusque
2519 1171 2778 1243 Spiritus.

2164 1280 2473 1352 Quomodo
2494 1279 2728 1360 hymnis
2744 1278 3097 1359 decantabo,
3123 1275 3422 1360 quomodo
3435 1270 3736 1360 gloriﬁca-

2086 1371 2183 1436 bo,
2209 1371 2504 1451 quomodo
2525 1359 2700 1446 digne
2717 1367 3051 1448 praedicabo
3077 1359 3263 1429 Deum
3279 1381 3478 1426 meum
3502 1359 3734 1451 quitam

2087 1459 2268 1520 multa
2295 1466 2535 1540 peccata
2554 1477 2687 1519 mea
2709 1455 3142 1520 dissimulavit?
3163 1475 3197 1536 q

2087 1537 2498 1617 oculos—meos,
2521 1547 2818 1628 quomodo
2841 1546 3104 1626 aperiam
3128 1562 3195 1606 os
3218 1559 3440 1614 meum,
3471 1537 3736 1628 Salvator

2091 1637 2194 1707 mi,
2217 1635 2512 1718 quomodo
2538 1623 2795 1696 mm'ebo
2810 1623 2962 1696 labia
2977 1652 3132 1709 mea,
3150 1628 3449 1714 quomodo
3466 1627 3538 1690 ad
3556 1623 3737 1688 subli-

2093 1744 2187 1787 me
2208 1726 2423 1787 cmlum
2439 1724 2751 1786 extendam
2777 1742 2986 1785 manus
3002 1740 3188 1796 meas,
3205 1737 3381 1802 quem
3393 1731 3736 1779 sermonem

2089 1815 2410 1888 inveniam,
2435 1813 2651 1894 quibus
2665 1812 3027 1886 verbisutar,
3050 1809 3349 1892 quomodo
3369 1802 3732 1894 loquiaude-

2088 1893 2494 1984 bo,quomodo
2510 1902 2738 1964 veniam
2753 1899 3024 1981 ﬁagitabo
3039 1909 3153 1961 tam
3181 1896 3352 1959 multi
3373 1893 3733 1984 erratis_,ta_in

2087 1978 2630 2053 innumerabilibus
2657 1978 2916 2071 peccatis
2942 1990 2967 2050 Υ
3001 1993 3170 2051 Certe
3221 1985 3492 2050 facinora
3520 1978 3735 2071 admisi

2089 2080 2249 2141 omni
2281 2080 2528 2157 indigna
2559 2069 2778 2141 venia?
2826 2079 2978 2141 nosti
3011 2088 3070 2140 tu
3099 2076 3241 2159 quid
3265 2075 3482 2137 dicam.
3515 2069 3740 2159 Omnes

2089 2176 2312 2230 naturae
2370 2169 2520 2230 ﬁnes
2572 2166 2836 2242 transivi,
2898 2158 3133 2248 praeter,
3169 2171 3440 2227 naturam
3492 2158 3736 2248 patratis

2086 2255 2438 2336 sceleribus,
2472 2257 2660 2318 brutis
2689 2246 3047 2318 animal—ibus
3078 2255 3246 2336 pejor
3276 2250 3496 2324 exstiti,
3541 2246 3736 2309 omni-

2083 2346 2198 2408 bus
2255 2345 2523 2419 marinis,
2586 2344 2862 2407 omnibus
2918 2343 3321 2418 terrestribus,
3375 2336 3731 2422 pecudibus,

2085 2434 2419 2516 replilibus,
2455 2434 2596 2495 feris
2628 2452 2835 2496 revera
2866 2432 3132 2496 deterior
3159 2431 3265 2506 fui,
3292 2449 3427 2493 cum
3454 2425 3733 2516 mandata

2086 2513 2182 2584 tua
2211 2523 2442 2586 violavi.
2478 2521 2588 2594 Qui
2621 2523 2800 2602 igitur
2836 2542 3053 2603 corpus
3075 2539 3276 2583 meum
3315 2520 3400 2580 ita
3428 2513 3726 2603 contami-

2085 2612 2238 2693 navi,
2288 2619 2348 2672 et
2395 2611 2650 2672 animam
2711 2602 3036 2684 sordidavi,
3095 2608 3392 2692 quomodo
3425 2602 3727 2688 apparebo

2081 2702 2210 2778 tibi,
2263 2700 2560 2782 quomodo
2610 2701 2893 2779 aspiciam
2954 2709 3032 2780 te,
3093 2697 3389 2781 quomodo
3437 2693 3529 2755 vel
3572 2699 3730 2782 stare

2082 2781 2431 2852 miserante
2461 2797 2842 2869 conspectum
2874 2799 3038 2852 tuum
3087 2787 3319 2850 audebo
3339 2785 3370 2846 ‘?
3427 2781 3727 2865 quomodo

2080 2899 2194 2942 non
2248 2879 2463 2959 fugiam
2514 2878 2762 2957 gloriam
2807 2887 2993 2953 tuam,
3061 2886 3120 2940 et
3177 2879 3377 2938 lumen
3425 2872 3729 2951 fulgurans

2078 2969 2265 3030 sancti
2295 2967 2553 3048 Spiritus
2586 2967 2712 3030 tui?
2759 2967 3068 3041 Quomodo
3118 2967 3279 3029 solus
3311 2982 3418 3043 ego
3449 2961 3520 3025 ad
3552 2968 3726 3023 tene-

2078 3057 2215 3118 bras
2246 3076 2360 3118 non
2395 3055 2625 3129 vadem,
2661 3064 2719 3116 et
2746 3075 2779 3117 a
2819 3064 3158 3118 sanctorum
3190 3051 3442 3118 coetibus
3473 3068 3591 3111 non
3624 3066 3722 3109 se-

344 3145 550 3206 orbem
587 3150 882 3204 terrarum
917 3141 1478 3217 desideratissimaa;
1510 3149 1649 3201 sunt
1677 3138 1989 3220 optabiles,
2014 3149 2054 3198 C
2083 3146 2354 3227 parabor,
2391 3145 2491 3226 qui
2520 3163 2701 3225 opera
2756 3145 3134 3207 tenebrarum
3194 3141 3362 3204 feci?
3413 3137 3723 3227 Quomodo

349 3243 632 3314 quantum
663 3232 848 3294 rebus
905 3230 1363 3311 aspectabilibus
1423 3248 1624 3291 earum
1657 3237 1999 3309 procreator

355 3321 671 3384 antecellit.
729 3324 926 3401 Atque
977 3320 1112 3382 ideo
1167 3320 1298 3400 ejus
1353 3319 1643 3381 charitate
1691 3317 1991 3382 vulneror.

358 3410 650 3482 Quatenus
681 3420 876 3472 autem
909 3429 1044 3470 eum
1078 3429 1195 3470 non
1254 3408 1446 3490 capio,
1495 3413 1696 3469 mente
1727 3425 1996 3469 maceror

359 3510 419 3561 et
453 3500 698 3572 tabesco,
763 3508 821 3560 et
873 3499 1104 3562 ardenti
1163 3499 1344 3560 corde
1403 3497 1751 3574 ingemisco,
1813 3504 1869 3558 et
1900 3498 1996 3558 hic

353 3587 475 3650 illic
497 3588 880 3651 obambulans
895 3607 963 3650 ac
987 3587 1753 3650 circumiensmﬁammatus
1765 3605 1987 3667 qumro,

353 3697 463 3740 nec
521 3679 744 3760 uspiam
805 3677 1043 3739 invenio
1101 3695 1277 3758 quem
1330 3677 1523 3756 diligit
1575 3675 1776 3737 anima
1832 3693 1988 3736 mea.

345 3769 773 3849 Circumspicio
804 3768 1098 3847 crebrius,
1135 3766 1184 3828 si
1211 3765 1432 3848 possim
1457 3765 1662 3828 videre
1684 3784 1861 3846 quem
1881 3765 1991 3826 de-

343 3859 572 3921 sidero.
636 3859 710 3919 At
764 3857 863 3918 ille
903 3857 1070 3938 quasi
1102 3854 1570 3936 inaspectabilis,
1605 3854 1838 3934 penitus
1873 3873 1991 3915 non

343 3955 613 4028 apparet.
694 3945 838 4008 Cum
896 3953 1092 4006 autem
1151 3963 1393 4024 crepero
1453 3943 1766 4005 lamentari
1823 3943 1994 4020 quasi

343 4035 868 4117 desperabundus,
904 4041 1042 4095 tunc
1072 4033 1317 4096 se”milti
1361 4033 1682 4095 videndum
1714 4033 1906 4106 oﬂ'ert,
1937 4042 1998 4094 et

343 4125 612 4186 intuetur
648 4143 740 4185 me
773 4124 874 4204 qui
909 4123 1170 4184 intuetur
1199 4123 1418 4184 omnia.
1476 4123 1776 4185 Admiror.
1812 4130 1870 4183 et
1900 4124 1995 4182 in-

343 4215 500 4294 signi
534 4213 977 4294 pulchritudine
1009 4213 1361 4292 obstupesco
1389 4233 1403 4284 ;
1439 4221 1496 4273 et
1525 4211 1822 4292 quomodo
1843 4212 1992 4273 caelo

2078 3225 2387 3297 sustinebo
2410 3225 2623 3296 vocem
2685 3241 2868 3308 tuam,
2928 3234 3028 3316 qui
3086 3232 3228 3294 hinc
3281 3249 3350 3292 ex
3378 3228 3546 3292 factis
3575 3225 3726 3288 meis

2077 3325 2202 3387 fero
2235 3342 2465 3384 mecum
2498 3323 2941 3385 damnationem
2996 3339 3187 3385 meam
3209 3321 3240 3381 ?
3297 3325 3453 3380 totus
3482 3317 3723 3389 horreo,

2079 3421 2234 3474 totus
2265 3412 2680 3486 contremisco,
2717 3420 2872 3473 totus
2899 3412 2958 3473 in
2992 3412 3268 3473 timorem
3299 3417 3725 3489 stuporemque

2078 3520 2282 3562 versus
2314 3501 2577 3562 exclamo
2608 3499 2679 3562 ad
2739 3509 2818 3564 te.
2878 3500 3035 3572 Scio,
3097 3499 3379 3572 Salvator,
3416 3495 3722 3557 neminem

2076 3591 2325 3673 perinde
2357 3597 2420 3650 ut
2466 3609 2573 3669 ego
2634 3608 2910 3671 peccasse
2970 3589 3098 3668 tibi,
3158 3607 3271 3651 nec
3320 3587 3633 3669 quisquam
3661 3601 3726 3673 se

2078 3671 2276 3755 tantis,
2310 3680 2543 3760 quantis
2600 3697 2708 3758 ego
2763 3679 3000 3757 ﬂagitiis
3048 3677 3290 3741 involvit
3330 3699 3343 3736 :
3403 3675 3546 3757 quin
3594 3671 3727 3735 aliis

2076 3769 2253 3831 etiam
2303 3774 2506 3828 auctor
2565 3768 2916 3848 perditionis
2963 3767 3069 3830 fui.
3133 3767 3312 3848 Atqui
3355 3767 3470 3828 hoc
3521 3769 3726 3826 contra

2076 3857 2234 3933 novi,
2270 3857 2382 3918 hoc
2415 3874 2730 3936 persuasus
2761 3876 2915 3929 sum,
2972 3857 3128 3919 Deus
3186 3873 3380 3935 meus,
3443 3871 3562 3915 non
3593 3869 3726 3914 ma-

2077 3946 2444 4026 gnitudinem
2475 3946 2896 4020 admissorum,
2943 3966 3062 4008 non
3112 3941 3548 4007 multitudinem
3579 3960 3724 4023 pec-

2079 4044 2365 4107 catorum,
2399 4053 2592 4115 neque
2651 4035 3076 4115 turpitudinem
3134 4035 3433 4096 actionum
3463 4049 3725 4113 unquam

2081 4125 2508 4203 benignitatem
2544 4133 2725 4198 tuam,
2760 4135 2818 4186 et
2869 4145 3165 4206 magnam,
3217 4125 3337 4185 imo
3388 4139 3528 4184 vero
3562 4122 3728 4202 plus-

2083 4232 2260 4294 quam
2322 4232 2615 4295 magnam,
2666 4222 2724 4275 et
2763 4234 2937 4296 quam
2972 4215 3133 4276 nulla
3164 4213 3337 4290 ratio,
3371 4211 3534 4274 nulla
3563 4230 3735 4274 mens

3205 1447 3735 1516 uomodoattollam
3835 1447 3838 1450 ’

341 4313 549 4384 aperto
600 4301 974 4384 prospexerit
1021 4301 1160 4362 inde
1209 4299 1515 4370 Conditor,
1567 4301 1834 4383 mihique
1861 4302 1992 4380 glo-
2077 4303 2236 4382 capit
2294 4302 2769 4365 misericordiam
2805 4312 2964 4366 tuam
2999 4321 3515 4386 supergressuram
3573 4320 3732 4382 esse,

340 4394 492 4454 riam
544 4411 753 4483 novam
813 4399 872 4454 et
927 4390 1385 4452 inenarrabilem
1440 4391 1884 4453 demonstrarit.
1919 4390 2253 4483 Ethuam
2289 4391 2536 4471 copiose
2587 4392 2645 4452 in
2706 4402 3046 4473 peccatores
3097 4391 3375 4474 edundis,
3436 4393 3576 4455 dum
3608 4393 3730 4455 fer-

342 4483 488 4543 dum
523 4500 628 4559 ego
661 4482 740 4542 ita
771 4498 1005 4544 mecum
1037 4480 1249 4558 cogito,
1283 4480 1416 4560 quis
1447 4479 1684 4540 tandem
1737 4479 1822 4540 illi
1855 4499 1994 4560 pro-
2017 4479 2048 4483 ⁷
2079 4487 2286 4541 venter
2345 4487 2530 4558 agunt
2579 4481 3013 4560 paenitentiam,
3047 4499 3267 4562 eosque
3300 4499 3536 4561 purgas,
3570 4487 3628 4542 et
3657 4480 3733 4542 il-

347 4571 481 4650 pior
512 4571 664 4633 ﬁet?
708 4578 809 4630 aut
865 4589 980 4649 qua
1029 4569 1346 4630 rationein
1379 4569 1757 4630 altitudinem
1789 4569 1996 4631 inﬁni-
2084 4567 2363 4641 luminas,
2402 4576 2459 4628 et
2509 4568 2752 4632 luminis
2813 4566 3153 4651 participes,
3187 4578 3244 4631 et
3274 4569 3593 4632 divinitatis
3623 4577 3738 4632 tum

347 4671 464 4722 tam
493 4659 820 4722 elevabitur
847 4657 876 4718 ?
906 4659 1033 4738 ipsa
1063 4659 1219 4721 intra
1252 4677 1344 4719 me
1374 4658 1565 4739 adest,
1603 4667 1662 4719 et
1689 4657 1750 4719 in
1781 4660 1999 4721 misero

347 4749 529 4812 corde
561 4768 693 4810 meo
727 4755 1020 4821 coruscat,
1047 4748 1312 4828 undique
1335 4767 1430 4809 me
1457 4747 2000 4828 immortalisplen-

345 4842 494 4902 dore
517 4838 917 4911 convestiens,
953 4845 1236 4899 etcuncta
1251 4837 1515 4898 membra
1531 4855 1661 4900 mea
1681 4838 1998 4912 irradians,

346 4938 536 4991 totum
557 4927 1101 5007 mecomplectens,
1136 4926 1905 5007 osculumtolumimpertit,
1944 4941 2004 4989 et

350 5027 538 5080 totum
559 5038 622 5080 se
638 5017 783 5079 mihi
800 5016 1042 5095 indigno
1057 5017 1175 5095 dat,
1212 5016 1412 5096 etejus
1427 5015 1716 5077 charitate
1735 5017 2001 5096 pulchri-

339 5106 670 5187 tudineque
696 5105 899 5175 satior,
929 5105 1378 5186 divinitatisque
1402 5105 1698 5184 voluptate
1717 5105 1999 5168 etdulce-

343 5196 487 5258 dine
511 5196 840 5276 compleor.
861 5194 1164 5275 Partiiseps
1193 5194 1453 5273 luminis,
1481 5195 1778 5276 particeps
1793 5197 1866 5256 ﬁo
1880 5196 2001 5274 glo-

339 5286 469 5359 riae,
493 5294 551 5347 et
571 5284 920 5366 resplendet
947 5283 1127 5346 facies
1163 5302 1295 5345 mea
1318 5284 1820 5365 quemadmodum
1844 5286 1997 5365 ejus,

343 5373 945 5456 quiestdesiderium
981 5393 1204 5447 meum,
1242 5381 1302 5434 et
1343 5373 1544 5434 omnia
1572 5373 1838 5435 membra
1870 5393 2002 5436 mea

341 5463 1124 5543 clarescunt,speciosisque
1137 5462 1443 5542 speciosor
1458 5470 1597 5524 tunc
1609 5465 1705 5536 ﬁo,
1723 5463 2002 5526 divitibus

340 5553 604 5628 divitior,
649 5552 998 5634 potentibus
1023 5552 1302 5613 omnibus
1335 5553 1652 5633 potentior,
1683 5560 1742 5615 et
1763 5553 2002 5631 regibus

344 5644 534 5724 major
546 5650 776 5717 sum,et
793 5641 1388 5722 honorabiliorlonge
1403 5643 1859 5724 quibuscunque
1873 5643 2006 5705 visi-

341 5734 585 5812 bililius,
625 5751 740 5792 non
784 5740 938 5793 terra
973 5731 1148 5794 modo
1203 5739 1261 5794 et
1317 5750 1523 5794 eorum
1553 5751 1684 5814 quae
1710 5731 1771 5793 in
1806 5732 2004 5808 terris,

2085 4664 2392 4718 consortes
2471 4657 2682 4739 efﬁcis,
2777 4673 2836 4719 et
2922 4679 3055 4720 cum
3133 4660 3220 4720 eis
3294 4657 3451 4720 haud
3540 4658 3735 4732 aliter,

2087 4764 2260 4826 quam
2338 4763 2471 4806 cum
2564 4747 2815 4809 sinceris
2894 4748 3102 4810 amicis
3193 4747 3471 4822 versaris,
3557 4755 3739 4829 atque

2089 4833 2468 4914 colloqueris.

2167 4921 2213 4984 Ο
2246 4923 2626 4984 clementiam
2656 4924 2979 5004 inﬁnitam,
3010 4945 3044 4988 ο
3076 4926 3429 4988 charitatem
3460 4925 3738 4988 inetfabi-

2087 5013 2201 5072 lem
2233 5010 2245 5072 !
2285 5011 2515 5074 Idcirco
2547 5023 2682 5075 ante
2716 5021 2772 5076 te
2799 5015 2860 5076 in
2885 5034 3080 5094 genua
3110 5016 3377 5096 procido,
3437 5024 3496 5078 et
3528 5033 3742 5094 magno

2089 5109 2143 5162 te
2171 5100 2430 5162 clamore
2451 5104 2685 5183 appello
2711 5121 2724 5165 :
2759 5104 2913 5167 sicut
2933 5105 3248 5187 prodigum
3275 5113 3332 5166 et
3364 5104 3742 5167 meretricem

2086 5191 2154 5251 ad
2217 5201 2275 5250 te
2338 5192 2700 5255 accedentes
2757 5196 2818 5254 in
2868 5193 3113 5272 gratiam
3174 5193 3502 5275 recepisti,’
3530 5193 3751 5272 itaime

2087 5278 2310 5359 recipe,
2351 5279 2694 5342 misericors
2751 5281 3038 5357 Salvator,
3095 5284 3482 5365 pmnitentem
3513 5302 3583 5344 ex
3609 5283 3754 5360 ,ani-

2087 5387 2204 5441 mo,
2268 5375 2326 5427 et
2389 5367 2672 5449 lacrymas
2729 5390 2895 5434 metis
2938 5381 3004 5434 ut
3047 5382 3104 5435 et
3161 5373 3322 5434 fonte
3373 5373 3756 5436 continenter

2087 5456 2377 5516 stillantes
2409 5474 2528 5519 non
2560 5469 2936 5542 aspernatus,
2989 5461 3165 5525 ablue
3215 5481 3321 5544 per
3369 5462 3509 5525 illas
3539 5463 3758 5526 animai

2086 5563 2256 5619 meae,
2293 5544 2471 5608 ablue
2533 5552 2828 5630 corporis,
2882 5571 3029 5634 quas
3078 5571 3149 5616 ex
3209 5552 3472 5617 motibus
3499 5573 3618 5616 non
3648 5572 3754 5616 re-

2088 5635 2198 5696 ctis
2229 5638 2503 5726 contraxi
2536 5642 2820 5704 maculas.
2870 5642 3018 5705 Elue
3049 5663 3288 5726 quoque
3316 5661 3422 5707 cor
3447 5663 3652 5708 meum
3681 5645 3756 5708 ab

2062 5721 2254 5786 ‘omni
2288 5726 2582 5805 nequitia.
2621 5729 2772 5792 Illud
2825 5721 3122 5812 siquidem
3171 5721 3338 5796 radix
3368 5741 3428 5797 et
3456 5733 3590 5797 fons
3619 5753 3756 5819 pec-
