4120 6424
433 349 552 411 535

1736 327 2121 405 SYMEONIS
2159 328 2516 404 JUNIORIS

3693 333 3831 401 536

430 482 546 542 cati
575 489 688 546 est.
722 480 1000 563 Nequitia
1025 480 1165 543 mali
1194 477 1575 542 seminatoris
1624 473 1842 536 malum
1874 485 2080 563 semen
2101 473 2144 522 A
2167 477 2227 563 et
2254 491 2490 563 rursum
2522 475 2653 538 sine
2689 477 2904 538 timore
2932 475 2992 538 in
3025 477 3225 538 anima
3276 495 3394 538 non
3447 472 3834 556 progignitur

429 568 555 630 illic
577 555 898 651 germinat,
934 577 992 632 et
1021 569 1080 631 in
1110 569 1294 630 altum
1323 583 1627 638 crescens,
1661 578 1858 651 ramos
1893 555 2083 651 pluri-

433 675 562 719 mos
585 646 986 738 improbitatis
1042 677 1112 720 ac
1173 653 1510 717 vitiositatis
1567 648 1860 732 producit.
1896 646 2086 738 Hujus

430 735 966 810 radices'funditus
1017 746 1224 819 evelle,
1277 743 1512 807 Christe
1557 758 1748 812 meus,
1783 744 1841 798 et
1872 735 2086 824 animae

433 842 609 917 atque
641 837 836 899 cordis
861 837 976 899 mei
1008 836 1262 914 agellum
1285 852 1489 914 purga,
1527 840 1584 892 et
1619 829 1902 917 timorem
1917 834 2082 917 tuum

433 914 554 985 illis
588 924 812 999 insere,
845 932 904 986 et
932 919 1020 986 da.
1060 934 1124 986 ut
1166 922 1400 984 radices
1459 926 1610 999 agat,
1644 937 1712 980 ac
1740 914 2080 997 repullulet,

433 1022 501 1075 ut
559 1013 618 1073 in
680 1013 933 1074 sublime
987 1019 1290 1075 excrescat
1349 1008 1617 1071 custodia
1669 1005 2081 1067 mandatorum

436 1109 694 1174 tuorum,
727 1102 866 1162 dum
900 1102 961 1162 in
1011 1103 1190 1162 horas
1239 1098 1510 1180 apponis,
1548 1094 1964 1173 adhibitasque
1993 1091 2083 1180 la-

433 1207 661 1270 crymas
691 1208 851 1251 meas
874 1189 1112 1252 ﬂuentis
1153 1179 1518 1250 scatentibus
1539 1201 1762 1261 auges:
1799 1201 1912 1261 quo
1943 1179 2082 1240 inde

432 1277 729 1358 irrigatus,
794 1277 1200 1358 maximopere
1250 1277 1689 1338 incrementum
1751 1270 1965 1351 capiat,
2025 1274 2083 1329 et

432 1373 714 1446 quantum
761 1366 1182 1428 corroboratur
1213 1373 1270 1427 et
1318 1363 1626 1433 attollitur,
1688 1368 1911 1420 tantum
1972 1374 2078 1446 pro

427 1445 554 1516 rata
586 1462 752 1534 parte
797 1455 1102 1516 humilitas
1132 1473 1265 1514 cum
1298 1473 1367 1514 eo
1401 1457 1702 1530 augescat,
1736 1449 1831 1509 cui
1861 1445 2084 1508 turbidi

429 1549 623 1604 motus
652 1561 860 1604 omnes
890 1544 1132 1615 cedunt,
1172 1551 1233 1604 et
1291 1560 1425 1603 cum
1461 1541 1534 1600 iis
1564 1540 1898 1600 daemonum
1931 1534 2082 1614 pha-

427 1631 565 1693 lanx
593 1631 928 1712 repellitur,
990 1649 1167 1712 quam
1227 1631 1470 1691 virtutes
1529 1627 1841 1698 universae,
1890 1630 1953 1684 ut
1981 1641 2081 1683 re-

2169 560 2268 623 hic
2296 562 2546 626 fructus.

2249 650 2404 714 Vere
2461 653 2740 734 quiddam
2798 653 3152 728 mirabilius,
3226 671 3400 734 quam
3457 651 3830 731 cogitatione

2168 740 2386 802 nedum
2420 761 2700 804 sermone
2758 744 2948 824 possis
2995 744 3260 823 assequi,
3305 741 3574 804 arborem
3609 739 3832 801 labore

2168 829 2383 891 cultam
2441 833 2786 908 ﬂorescere,
2864 841 2922 894 et
3001 832 3253 894 fructum
3313 832 3495 902 ferre,
3554 831 3826 893 fructum

2166 928 2364 980 autem
2383 928 2560 982 tatam
2586 921 2860 984 arborem
2884 921 3172 984 radicitus
3194 921 3543 1001 exstirpare,
3584 919 3828 980 solum-

2166 1027 2282 1086 que
2308 1009 2567 1072 fructum
2603 1029 2980 1090 permanere.
3005 1010 3134 1082 Quo
3153 1019 3318 1090 pacto
3341 1010 3567 1071 fructus
3588 1008 3830 1088 absque

2165 1096 2379 1160 arbore
2398 1099 2496 1172 sit,
2525 1099 2821 1180 explicare
2845 1118 3087 1180 prorsus
3111 1119 3364 1180 nequeo.
3392 1099 3587 1162 Manet
3614 1105 3828 1159 tamen

2167 1193 2225 1246 et
2256 1194 2344 1247 est
2373 1195 2568 1248 tamen
2615 1188 2871 1249 charitas
2927 1189 3056 1250 sine
3115 1188 3352 1262 timore,
3398 1205 3468 1248 eo
3523 1204 3638 1266 quo
3671 1193 3824 1246 tan-

2161 1293 2336 1354 quam
2391 1284 2634 1356 parente
2683 1277 2982 1356 proﬂuxit.
3034 1277 3307 1339 Charitas
3358 1275 3537 1355 igitur
3566 1292 3818 1335 omnem

2164 1363 2428 1444 profecto
2454 1364 2515 1426 in
2547 1385 2610 1427 se
2639 1365 2901 1427 laetitiam
2931 1366 3216 1445 continet,
3253 1372 3311 1426 et
3360 1365 3571 1443 gaudio
3598 1365 3822 1443 jucun-

2164 1452 2464 1533 ditateque
2477 1473 2540 1516 se
2551 1455 2869 1518 habentem
2885 1455 3170 1524 cumulat,
3189 1454 3486 1534 efﬁcitque
3501 1461 3637 1514 utse
3650 1461 3829 1513 extra

2166 1542 2452 1602 mundum
2511 1561 2644 1604 esse
2695 1544 2934 1617 sentiat,
2993 1562 3123 1624 qua;
3160 1542 3406 1604 facultas
3441 1542 3504 1602 in
3537 1541 3824 1602 timorem

2167 1629 2509 1711 neutiquam
2540 1631 2718 1694 cadit.
2748 1631 2895 1694 Nam
2929 1651 3067 1693 cum
3130 1632 3181 1692 is
3244 1630 3402 1692 intra
3454 1649 3524 1692 ea
3553 1629 3648 1702 sit,
3685 1648 3830 1709 quae

429 1706 681 1798 ginam;
721 1706 1117 1794 circumdare,
1192 1728 1251 1781 et
1327 1727 1604 1799 tanquam
1665 1712 1964 1784 custodes,
2027 1706 2294 1780 ethisu
2323 1706 2670 1800 caeterisque
2718 1720 2996 1782 sensibus
3043 1719 3478 1800 percipiuntur,
3513 1706 3826 1798 quomodo

431 1808 663 1892 amicae,
697 1817 755 1871 et
790 1810 1025 1871 famulae
1076 1809 1378 1871 dominam
1430 1805 1702 1867 comitari
1734 1808 2080 1892 cernuntur.

430 1896 536 1958 His
567 1886 767 1958 autem
801 1896 1196 1976 congregatis,
1261 1903 1317 1957 et
1367 1892 1741 1966 consociatis,
1795 1889 1857 1950 in
1890 1886 2084 1948 medio

433 2003 640 2046 earum
663 1987 820 2047 velut
857 1985 1034 2048 arbor
1065 2004 1236 2046 secus
1278 1984 1564 2045 decursus
1589 1997 1872 2060 aquarum
1910 1977 2082 2057 plan-

437 2081 589 2134 tatus
616 2074 666 2116 εί
727 2074 906 2134 timor
956 2084 1092 2136 tuus
1151 2072 1493 2144 efﬂorescit,
1551 2078 1608 2130 et
1665 2065 1885 2128 sensim
1937 2064 2086 2128 mihi

435 2163 642 2223 florem
699 2181 912 2224 novum
975 2162 1256 2225 ostendit.
1315 2160 1542 2223 Novum
1602 2156 1742 2228 dixi,
1805 2153 2083 2235 quoniam

435 2257 643 2312 natura
701 2251 894 2312 omnis
949 2250 1276 2312 secundum
1338 2268 1524 2329 genus
1573 2265 1745 2308 suum
1799 2243 1970 2324 parit,
2026 2253 2086 2302 et

433 2338 712 2400 arborum
745 2339 1011 2401 omnium
1069 2356 1276 2400 semen
1331 2337 1659 2401 secundum
1694 2351 1880 2412 genus
1911 2348 2081 2391 sunm

434 2428 496 2490 in
528 2448 882 2511 unaquaque
913 2432 1093 2492 inest.
1127 2430 1331 2491 Timor
1363 2436 1561 2492 autem
1593 2436 1751 2500 tuus,
1790 2432 1844 2485 et
1875 2425 2082 2484 ﬂorem

435 2537 600 2580 novae
631 2519 941 2598 cujusdam
974 2529 1222 2594 naturae,
1256 2528 1317 2580 et
1362 2519 1617 2579 fructum
1648 2532 1814 2594 teque
1844 2529 2081 2585 novum,

437 2615 495 2669 et
525 2626 558 2668 a
588 2626 652 2669 se
684 2609 946 2672 alienum
981 2607 1246 2670 exhibet.
1311 2609 1415 2670 Est
1473 2622 1730 2684 namque
1778 2602 1954 2662 timor
1985 2617 2089 2660 sua

435 2704 647 2757 natura
669 2701 943 2759 mceroris
965 2698 1198 2777 plenus,
1235 2705 1292 2758 et
1321 2715 1355 2758 a
1385 2715 1448 2757 se
1479 2702 1816 2772 occupatos,
1850 2705 2090 2767 semper

442 2797 656 2846 mmsto
687 2785 875 2859 vultu,
932 2785 1371 2864 centractisque
1432 2780 1768 2863 superciliis
1805 2777 2088 2838 incedere

435 2872 601 2947 facit,
636 2880 910 2953 tanquam
946 2891 1171 2946 servos,
1206 2886 1484 2952 tanquam
1518 2870 1715 2931 multis
1737 2865 2087 2928 verberibus

2169 1826 2391 1888 quaeso,
2445 1809 2751 1872 timentem
2811 1809 3016 1890 procul
3069 1809 3142 1870 ab
3197 1808 3290 1869 his
3351 1810 3690 1888 sejungere,
3759 1817 3828 1868 et

2170 1896 2302 1976 ejus
2353 1915 2594 1959 sensum
2651 1897 3012 1959 omnimodis
3088 1916 3222 1958 cum
3289 1895 3827 1977 inaspectabilibus

2168 1986 2555 2065 conjungere,
2615 2006 2684 2048 ac
2732 1986 3037 2048 devincire
3095 1985 3215 2046 ulla
3265 1985 3497 2047 ratione
3549 1983 3826 2046 valebit?

2168 2075 2458 2136 Caeterum
2495 2077 2624 2148 ﬂos,
2684 2083 2742 2136 et
2787 2075 3035 2150 fructus,
3095 2092 3271 2154 quem
3334 2074 3512 2134 timor
3542 2081 3820 2152 generat,

2170 2163 2449 2237 charitas,
2483 2164 2752 2244 inquam,
2789 2183 2861 2224 an
2888 2164 3013 2224 haec
3034 2163 3250 2236 valeat,
3272 2161 3476 2235 velim,
3499 2164 3608 2239 ais,
3636 2181 3823 2224 nosse

2170 2252 2506 2333 perSpieue.
2567 2252 2830 2332 Exprimi
2882 2253 3009 2313 haec
3066 2257 3396 2331 nequeunt,
3431 2259 3493 2312 ut
3553 2251 3825 2312 afﬁrma-

2167 2339 2270 2402 vi:
2345 2349 2751 2403 verumtamen
2806 2340 3048 2403 adverte
3104 2339 3393 2413 animum,
3470 2346 3528 2400 et
3585 2348 3643 2402 te
3702 2340 3821 2401 do-

2169 2427 2339 2490 cebo.
3667 2423 3677 2430 ’

2249 2517 2494 2580 Divinus
2543 2519 2798 2599 Spiritus
2855 2525 2946 2580 est
3013 2517 3295 2593 charitas,
3356 2517 3560 2578 lumen
3619 2519 3825 2580 omnia

2172 2625 2450 2687 operans,
2509 2616 2568 2668 et
2597 2607 2926 2668 illustrans.
2985 2605 3408 2668 Verumtamen
3459 2622 3580 2670 non
3639 2614 3729 2668 est
3788 2626 3824 2668 e

2173 2696 2420 2774 mundo,
2453 2715 2649 2777 neque
2705 2695 2949 2757 omnino
3006 2695 3229 2776 aliquid
3263 2695 3493 2769 mundi,
3530 2713 3626 2756 me
3654 2713 3822 2773 crea-

2170 2793 2324 2857 tura,
2358 2785 2496 2866 quia
2523 2785 2875 2860 increatum,
2939 2792 2996 2845 et
3045 2793 3208 2845 extra
3238 2793 3538 2845 creaturas
3572 2785 3821 2845 univer-

2166 2892 2284 2954 sas,
2311 2880 2369 2935 et
2391 2875 2462 2935 ab
2487 2873 2763 2935 omnibus
2787 2880 3148 2954 separatum,
3174 2873 3502 2933 increatum
3528 2874 3585 2933 in
3618 2872 3818 2932 medio

437 2960 671 3037 digDOS,
707 2969 986 3041 tanquam
1017 2961 1079 3021 in
1112 2962 1289 3022 horas
1322 2959 1585 3022 GXSCindi
1611 2977 1674 3019 se
1695 2977 1729 3018 ἃ
1759 2963 1949 3016 morte
1979 2973 2084 3015 8)(-
2108 3029 2142 3043 ﬂ
2170 2971 2522 3024 creatorum.
2560 2962 2853 3043 Intellige,
2888 2962 2993 3036 ﬁli,
3029 2961 3172 3041 quid
3230 2961 3388 3023 dico.
3423 2961 3546 3022 Hoc
3574 2960 3812 3023 increa-

436 3057 771 3130 spectantes
797 3069 812 3125 ;
843 3057 900 3110 et
930 3050 1141 3111 falcem
1175 3049 1414 3130 quidem
1442 3048 1601 3109 illius
1630 3046 1920 3117 videntes,
1952 3063 2083 3103 mo-

437 3146 703 3200 mentum
758 3157 897 3200 vero
957 3138 1348 3215 ignorantes;
1409 3156 1520 3198 nec
1571 3154 1734 3216 spem
1771 3133 2079 3206 habentes,

436 3245 548 3288 nec
579 3227 811 3307 plenam
842 3227 1020 3288 ﬁdem
1053 3227 1331 3308 perfectae
1357 3225 1545 3286 venia;
1571 3245 1587 3301 ;
1619 3223 1722 3285 sed
1757 3231 2083 3283 trementes

435 3314 613 3375 ﬁnem
633 3314 1097 3394 etjudiciiillius
1127 3315 1505 3388 sententiam,
1543 3321 1606 3374 ut
1633 3311 1922 3373 incertam
1947 3309 2080 3370 ani-

431 3407 544 3466 mis
575 3413 632 3465 et
662 3404 951 3466 memoria
981 3405 1496 3466 circumferentes.
1532 3402 1667 3464 Flos
1696 3400 1874 3479 igitur
1902 3418 2079 3479 quem

430 3495 600 3555 effert
629 3493 829 3573 specie
860 3501 950 3554 est
1005 3492 1415 3573 ineXplicabili
1447 3511 1463 3568 ;
1523 3491 1629 3552 sed
1662 3491 1854 3550 minus
1885 3499 2080 3549 tamen

431 3582 642 3643 modus
674 3582 802 3662 ejus
836 3581 1123 3663 explicari
1179 3589 1392 3662 potest.
1455 3579 1601 3642 Nam
1655 3578 1793 3640 dum
1827 3577 2084 3657 erumpit

426 3673 695 3748 videtur;
721 3672 1034 3736 sedstatim
1059 3670 1465 3745 absconditur,
1490 3669 1647 3752 quod
1676 3688 1787 3730 nec
1811 3668 2083 3728 naturale

428 3779 539 3822 nec
599 3779 974 3842 consequens
1053 3770 1164 3832 est,
1252 3779 1454 3822 verum
1531 3767 1754 3820 natum
1812 3767 2079 3818 naturam

431 3851 910 3912 conditionemve
925 3857 1187 3930 superat,
1214 3856 1603 3930 naturamque
1630 3867 1868 3909 onmem
1897 3857 2079 3907 trans-

432 3939 655 4002 cendit.
711 3939 1022 4018 Paulisper
1073 3938 1336 4000 cernitur
1415 3939 1528 3999 ﬂos
1585 3945 1703 3997 tam
1762 3937 2078 4007 formosus,

2170 3062 2292 3113 tum
2317 3070 2618 3132 nunquam
2642 3051 2833 3112 creari
2857 3059 3069 3131 potest.
3092 3048 3368 3111 Attamen
3385 3049 3434 3112 si
3454 3049 3609 3123 velit,
3637 3049 3813 3111 etiam

2165 3143 2280 3203 hoc
2300 3141 2496 3202 facere
2521 3147 2734 3219 potest,
2762 3139 3013 3213 scilicet,
3045 3147 3107 3199 ut
3128 3147 3400 3200 creatura
3423 3140 3541 3200 ﬁat.
3584 3137 3818 3199 Etenim

2165 3229 2456 3309 Verbum,
2487 3229 2714 3309 Spiritu
2744 3234 3124 3308 cooperante,
3161 3235 3222 3288 et
3253 3230 3427 3291 Patre
3459 3228 3536 3290 ita
3558 3227 3818 3303 volente,

2165 3319 2386 3380 nullam
2421 3317 2512 3379 sui
2543 3317 2930 3386 mutationem
2967 3334 3226 3397 passum,
3261 3317 3566 3378 hominem
3600 3316 3821 3392 induit,

2163 3409 2390 3489 quique
2420 3419 2550 3469 erat
2582 3414 2790 3468 natura
2820 3409 2982 3469 Deus
3039 3404 3364 3486 increatus,
3428 3407 3606 3466 modo
3657 3406 3823 3467 inef—

2164 3497 2328 3558 fabili
2382 3503 2655 3557 creatura
2710 3495 2898 3557 factus
2961 3502 3074 3567 est,
3137 3503 3196 3555 et
3251 3513 3320 3556 eo
3375 3494 3534 3574 quod
3585 3513 3828 3555 assum-

2167 3593 2366 3665 pserat
2395 3584 2691 3659 deiﬁcato,
2728 3583 2988 3644 ostendit
3018 3582 3166 3643 mihi
3197 3583 3416 3660 duplex
3466 3581 3829 3644 miraculum

2167 3674 2453 3736 ambabus
2483 3671 2916 3747 functionibus,
2971 3679 3027 3732 et
3085 3671 3483 3733 voluntatibus
3515 3670 3825 3746 similiter,

2165 3763 2484 3835 visibilem,
2507 3760 2965 3835 etinvisibilem,
2984 3758 3440 3840 quiteneri,nec
3461 3759 3649 3820 teneri
3677 3779 3828 3839 pos-

2167 3856 2276 3916 sit:
2295 3860 2351 3913 et
2372 3851 2473 3931 qui
2502 3849 2823 3930 apparebat
2845 3857 2907 3909 ut
2927 3857 3201 3910 creatura
3218 3847 3280 3909 in
3305 3847 3500 3909 medio
3525 3857 3830 3910 creatura-

2166 3959 2297 4002 rum
2331 3939 2620 4015 omnium,
2659 3947 2722 3999 ut
2771 3957 2890 3998 non
2941 3948 3214 3998 creatura
3269 3937 3631 4017 disparebat,
3667 3937 3831 3998 sicut

431 4045 607 4107 quam
635 4026 834 4088 verbis
867 4027 1047 4089 nullis
1077 4027 1366 4088 declarari
1399 4035 1597 4106 queat,
1636 4034 1691 4085 et
1722 4025 1791 4086 ad
1829 4043 1892 4084 se
1936 4043 2084 4083 con-
2169 4029 2256 4090 illi
2287 4027 2591 4109 putabant.
2647 4029 2720 4089 At
2767 4026 2925 4087 enim
2985 4026 3330 4106 neutiquam
3387 4025 3824 4099 evanescebat;

429 4115 830 4194 templandam
879 4118 1033 4195 rapit
1093 4124 1356 4177 mentem
1391 4134 1605 4188 meam,
1644 4133 1752 4174 nec
1783 4111 2085 4193 quidpiam
2173 4119 2277 4182 sed
2305 4120 2367 4181 in
2428 4118 2624 4179 medio
2680 4117 2946 4178 omnium
3005 4125 3413 4177 creaturarum
3446 4114 3827 4176 sensibilium

431 4223 636 4266 eorum
671 4203 1017 4266 meminisse
1047 4205 1210 4277 sinit,
1245 4221 1372 4285 quae
1405 4203 1586 4264 timor
1645 4204 1926 4281 suggerit,
1984 4200 2088 4260 sed
2174 4216 2408 4270 exstans
2436 4203 2724 4277 Verbum,
2764 4224 2901 4266 cum
2958 4223 3027 4266 eo
3087 4203 3244 4285 quod
3276 4211 3685 4283 assumpserat
3715 4221 3828 4266 co-

431 4294 698 4355 omnium
733 4293 878 4355 mihi
912 4302 1034 4355 tum
1093 4293 1460 4355 Oblivionem
1518 4292 1766 4365 inducit,
1831 4298 1888 4352 et
1930 4298 2091 4350 actu-
2174 4296 2459 4378 pulatum,
2521 4303 2584 4355 ut
2639 4301 2912 4355 creatura
2963 4311 3083 4354 non
3143 4290 3529 4353 cernebatur.
3564 4295 3829 4354 Assum--

430 4393 552 4444 tum
583 4384 800 4444 avolat.
833 4382 920 4444 Ita
951 4383 1129 4444 arbor
1161 4382 1392 4444 timoris
1438 4382 1659 4470 iterum
1707 4383 1863 4470 ﬂ0re
1898 4379 2088 4440 desti-
2109 4419 2153 4470 ο
2175 4393 2329 4467 ptam
2363 4393 2570 4447 autem
2596 4391 2932 4444 creaturam
2967 4383 3190 4455 celans,
3250 4389 3351 4441 aut
3380 4379 3440 4441 in
3473 4379 3730 4442 sublime
3765 4381 3829 4440 in

433 4473 636 4543 tuitur,
678 4481 736 4532 et
797 4491 904 4550 ego
969 4473 1029 4533 in
1095 4471 1390 4534 tristitiam
1447 4471 1616 4531 datus
1648 4469 1996 4547 ingemisco,
2033 4468 2134 4527 eti
2172 4475 2419 4554 gloriam
2453 4491 2644 4546 suam,
2707 4489 2837 4551 qua:
2895 4468 3349 4548 inlelligenliam
3409 4477 3668 4530 nostram
3728 4487 3832 4528 ex-

428 4561 503 4621 ad
539 4569 596 4622 te
628 4559 902 4639 impense
961 4562 1248 4631 clamans,
1306 4561 1515 4620 ﬂorem
1574 4558 1767 4618 denuo
1815 4557 1873 4616 in
1908 4556 2089 4616 ramis
2173 4562 2353 4643 cedit,
2414 4562 2690 4633 evellens,
2755 4558 2916 4619 illico
3004 4557 3505 4630 abscondebatur,
3563 4558 3675 4618 hoc
3734 4557 3829 4619 illi

429 4648 756 4729 conspicio,
790 4658 847 4710 et
881 4649 1092 4725 oculis,
1157 4670 1189 4710 ο
1241 4648 1477 4711 Christe
1535 4665 1726 4721 meus,
1765 4646 1822 4706 in
1857 4665 1926 4705 eo
1961 4645 2088 4705 solo
2173 4651 2448 4714 dicebant
2477 4649 2788 4711 evanuisse
2841 4647 3213 4717 Dominum;
3277 4646 3380 4706 sed
3441 4665 3568 4706 rem
3631 4665 3702 4706 ex
3760 4666 3830 4708 se

428 4738 680 4814 deﬁxus,
736 4757 853 4799 non
890 4747 1031 4800 tunc
1063 4738 1339 4800 arborem
1399 4736 1592 4809 video,
1657 4736 1761 4796 sed
1815 4731 2083 4793 crebrius

429 4830 637 4889 ﬂorem
693 4828 1018 4890 enitentem
1071 4837 1129 4888 et
1189 4845 1281 4887 me
1347 4835 1466 4886 toto
1517 4844 1649 4884 cum
1684 4823 1982 4884 desiderio
2012 4823 2082 4884 ad

429 4935 495 4978 se
545 4917 884 4977 trahentem
938 4918 1194 4978 intueor.
1257 4915 1357 4995 qui
1420 4914 1658 4975 tandem
1720 4911 1777 4971 in
1829 4911 2082 4971 fructum

429 5004 733 5066 charitatis
765 5013 1217 5067 consummatur
1247 5023 1314 5065 ac
1341 5003 1579 5065 desinit.
1617 5005 1794 5062 Porro
1827 5001 1924 5061 hic
1957 5001 2083 5060 fru-

429 5103 558 5157 ctus
586 5093 660 5155 ab
693 5093 908 5155 arbore
965 5095 1200 5157 timoris
1260 5092 1482 5173 portari
1545 5111 1608 5153 se
1667 5110 1785 5151 non
1819 5090 2082 5169 patitur,

429 5182 535 5245 sed
567 5181 721 5244 bene
745 5183 873 5262 jam
907 5191 1194 5257 maturus,
1231 5182 1454 5263 absque
1506 5181 1719 5242 arbore
1769 5178 2032 5240 cernitur
2069 5202 2082 5256 ;

430 5274 593 5336 nullo
626 5273 784 5336 enim
843 5275 1018 5337 modo
1077 5275 1256 5336 timor
1312 5273 1370 5334 in
1429 5273 1714 5336 charitate
1761 5273 2077 5352 reperitur,

506 5436 559 5486 ²¹
591 5435 741 5498 l‘sal.
776 5453 817 5510 ι,
851 5437 888 5497 3

511 5595 634 5676 (£0)
670 5593 1124 5674 Intelligendum
1149 5606 1240 5659 est
1261 5597 1464 5659 hocde
1485 5596 1719 5661 Christo
1751 5596 2080 5659 secundum

428 5675 687 5739 divinam
720 5684 985 5739 naturam
1017 5694 1039 5756 ;
1066 5679 1224 5758 quod
1257 5676 1499 5758 planum
1523 5678 1589 5739 ﬁt
1613 5697 1684 5739 ex
1706 5677 1902 5740 verbis
1930 5696 2083 5759 prm-

2169 4740 2488 4802 metientes
2557 4739 2751 4818 plane.
2811 4738 3054 4800 Creator
3111 4735 3270 4796 enim
3329 4734 3577 4804 omium,
3632 4733 3732 4814 qui
3793 4754 3828 4796 a

2169 4830 2410 4890 nemine
2436 4827 2566 4907 capi
2590 4835 2805 4906 potest,
2824 4834 2904 4901 et,
2932 4836 2990 4886 ut
3007 4825 3184 4902 Deus,
3211 4823 3418 4903 implet
3439 4823 3659 4900 omnia,
3677 4843 3827 4904 quo-

2173 4919 2344 4980 modo
2398 4917 2574 4978 aliter
2631 4913 3081 4976 occultaretur?
3159 4910 3310 4973 Num
3369 4911 3685 4973 Dominum
3743 4913 3824 4974 de

2169 5009 2297 5069 loco
2329 5006 2392 5068 in
2424 5006 2618 5066 locum
2651 5004 2832 5065 alium
2865 5002 3238 5073 translatum,
3293 5007 3352 5061 et
3409 4999 3492 5061 ita
3544 5000 3616 5061 ab
3667 5019 3819 5061 ocu-

2171 5095 2244 5157 lis
2275 5093 2681 5176 apostolorum
2714 5091 2973 5154 ablatum
3008 5091 3172 5152 dices
3209 5090 3328 5169 (20,
3349 5088 3379 5147 ‘?
3406 5090 3607 5170 Apage
3641 5108 3715 5150 ne
3747 5107 3822 5150 ex

2169 5183 2511 5266 ignorantia
2541 5182 2599 5242 in
2635 5179 3065 5260 blasphemiam
3099 5179 3353 5240 incidas.

2249 5271 2403 5335 Audi
2429 5289 2567 5333 vero
2598 5269 2900 5333 charitatis
2933 5269 3166 5342 eﬂecta,
3213 5267 3262 5328 si
3323 5267 3537 5345 placet,
3578 5275 3637 5328 et
3664 5287 3814 5348 quo-

2168 5593 2554 5661 cedentibus:
2605 5596 2857 5655 Creator
2871 5594 3031 5653 enim
3057 5591 3353 5652 omnium.
3383 5587 3491 5668 qui
3515 5606 3552 5648 α
3573 5590 3814 5668 nemine

2166 5679 2304 5761 capi
2314 5682 2526 5761 potest,
2549 5682 2602 5738 et
2623 5677 2688 5736 ut
2708 5673 2866 5736 Deus
2884 5671 3307 5752 impletomnia
3320 5667 3618 5750 quomodo
3633 5667 3816 5731 aliter
