4120 6376
298 341 410 403 531

1427 339 1868 402 DIVINORUM
1910 333 2237 398 AMORUM
2282 334 2532 396 LIBER.

3555 323 3690 391 638

309 472 480 534 modo
513 489 584 534 ea
615 472 811 552 major
862 472 940 534 sit
993 470 1300 546 omnibus,
1344 486 1693 550 cognosces.
1726 468 2014 542 QuibusA
2037 464 2470 528 temimbellem
2486 465 3143 548 repulit,fortitudinem
3163 463 3405 537 indidit,
3425 469 3685 552 mentem

306 561 626 624 omnibus?
677 560 828 623 Num
860 568 916 623 te
946 560 1087 622 latet
1111 560 1256 622 illud
1289 559 1562 641 Apostoli
1587 557 1669 640 32,
1703 558 1956 620 dicentis

307 652 498 734 potius
529 668 664 713 esse
695 651 1042 713 charitatem
1069 649 1315 725 habere,
1345 666 1520 730 quam
1551 647 1712 728 loqui
1738 647 1956 727 linguis

305 741 678 821 angelorum,
709 747 769 802 et
801 737 1020 802 habere
1051 757 1290 802 omnem
1344 737 1611 799 omnium
1643 738 1953 798 hominum

304 829 510 903 ﬁdem,
544 828 628 890 ita
684 835 747 890 ut
803 833 1036 890 montes
1095 825 1442 908 transferas,
1503 843 1682 887 nosse
1713 843 1954 888 omnem

302 916 614 979 scientiam
654 923 714 977 et
742 914 1112 977 abditissima
1145 915 1555 995 mysteriorum
1593 913 1956 976 distribuere

303 1025 516 1068 omnes
544 1005 854 1067 facultates
883 1022 1043 1078 suas,
1083 1011 1140 1065 et
1193 1004 1391 1084 ipsum
1425 1002 1763 1064 mendicum
1795 1002 1949 1074 ﬁeri,

304 1095 484 1157 etiam
517 1113 734 1172 corpus
761 1093 955 1172 ipsum
987 1091 1225 1154 tradere
1276 1101 1522 1172 propter
1563 1091 1860 1154 Christum
1894 1098 1956 1151 ut

234 1243 238 1245 .
301 1184 561 1247 ardeat?
590 1185 660 1246 Et
689 1184 931 1266 quidem
964 1190 1122 1245 tanto
1183 1183 1376 1263 major
1433 1181 1525 1243 his
1554 1189 1646 1242 est
1673 1181 1950 1254 Charitas,

301 1275 459 1356 quod
491 1275 642 1348 haec,
671 1274 793 1335 sive
823 1291 1032 1349 unum,
1067 1272 1193 1334 sive
1227 1271 1452 1345 omnia,
1508 1270 1640 1333 sine
1669 1269 1954 1332 charitate

304 1363 452 1425 nihil
488 1362 728 1443 penitus
757 1360 1030 1424 utilitatis
1062 1359 1450 1423 afferantillis
1473 1378 1508 1422 a
1532 1358 1747 1440 quibus
1771 1359 1956 1438 possi-

302 1453 542 1515 dentur.
580 1450 774 1524 Quare
816 1449 1155 1532 quicunque
1181 1458 1240 1511 et
1260 1468 1294 1510 a
1317 1448 1626 1524 charitate,
1652 1456 1711 1510 et
1728 1448 1800 1510 ab
1823 1447 1955 1510 istis

300 1541 673 1603 enumeratis
703 1539 986 1601 omnibus
1017 1538 1212 1600 nudus
1243 1546 1352 1612 est,
1383 1536 1480 1600 dic
1510 1537 1679 1609 mihi,
1720 1537 1824 1598 ubi
1853 1557 1953 1618 ap-

229 1651 238 1658 ·
297 1630 588 1709 parebit?
609 1628 750 1710 quid
779 1627 994 1690 faciet?
1019 1627 1316 1708 quomodo
1353 1624 1856 1703 interrogantibus
1887 1645 1954 1689 se

2038 572 2229 615 meam
2255 572 2439 616 sensu
2466 555 2764 616 mundano
2789 554 2972 626 exuit,
3010 563 3066 616 et
3087 553 3351 616 vicissim
3380 571 3559 615 sensu
3593 551 3688 611 in-

2038 643 2361 704 tellectuali
2385 644 2712 706 meinduit.
2739 644 2826 707 Ab
2853 644 2944 704 his
2985 663 3117 725 qua:
3154 642 3430 704 videntur
3460 660 3556 704 me
3588 660 3689 702 se-

2038 731 2234 807 clusit,
2263 743 2471 794 etcum
2497 733 2589 794 his
2615 753 2746 815 quae
2763 753 2880 795 non
2904 732 3180 795 videntur
3209 731 3496 810 colligavit
3531 751 3546 807 ;
3577 729 3690 794 do-

2037 821 2197 883 navit
2255 821 2403 883 mihi
2461 823 2790 884 increatum
2850 823 3074 899 videre,
3137 830 3194 883 et
3253 819 3689 902 laetariquoda

2037 910 2274 984 creatis,
2302 922 2364 974 et
2384 910 2736 988 visibilibus,
2760 921 2818 974 et
2839 911 3002 974 brevi
3042 909 3426 991 pereuntibus
3445 927 3689 990 separa-

2038 1006 2130 1059 tus
2159 1018 2380 1076 essem,
2417 1010 2473 1061 et
2501 1001 2856 1081 conjunctus
2915 1020 3050 1062 cum
3082 1001 3369 1072 increato,
3404 1018 3538 1059 cum
3568 997 3686 1058 im-

2037 1087 2296 1158 mortali,
2331 1097 2390 1150 et
2424 1090 2524 1171 qui
2557 1098 2720 1152 caret
2749 1091 3068 1172 principio,
3089 1097 3198 1151 eta
3224 1088 3465 1152 nemine
3496 1087 3685 1150 videri

2036 1185 2250 1256 potest.
2289 1177 2406 1239 Ista
2437 1179 2595 1240 enim
2632 1180 2890 1241 cbaritas
2922 1187 3033 1243 est.

2115 1265 2503 1329 Intendamus
2538 1288 2802 1346 cursum,
2835 1289 2866 1330 ο
2891 1269 3120 1344 fideles,
3149 1267 3488 1331 laboremus
3511 1265 3686 1329 festi-

2037 1373 2178 1416 nare.
2210 1374 2449 1436 segnes,
2489 1358 2815 1420 excitemur
2845 1357 3062 1438 ignavi,
3096 1366 3158 1419 ut
3187 1355 3490 1418 charitatis
3519 1375 3688 1417 com-

2039 1452 2234 1523 potes,
2260 1447 2388 1525 ejus
2410 1447 2666 1528 amplius
2686 1449 2894 1510 ﬁamus
2923 1447 3262 1528 participes,
3297 1455 3356 1508 et
3380 1446 3460 1507 ita
3490 1444 3564 1506 ab
3595 1444 3688 1506 his

2037 1531 2214 1594 rebus
2245 1535 2555 1617 abeuntes,
2583 1543 2642 1598 et
2676 1557 2810 1599 cum
2851 1537 2952 1598 illa
2989 1557 3023 1598 a
3063 1535 3392 1597 visibilibus
3421 1535 3684 1614 adducti,

2038 1622 2291 1684 Domino
2322 1624 2705 1688 assistamus:
2769 1645 2844 1688 ne
2899 1626 3117 1706 alioqui
3149 1624 3278 1686 sine
3307 1624 3594 1685 charitate
3623 1622 3686 1684 in

295 1694 540 1782 fidelem
571 1694 703 1780 esse
734 1694 1099 1798 respondei'e
1155 1714 1452 1778 audebit?
1506 1694 2014 1777 AttendendumB
2038 1710 2152 1786 his,
2190 1731 2325 1792 quae
2371 1714 2484 1776 sub
2529 1715 2768 1777 videndi
2828 1694 3070 1776 sensum
3129 1713 3370 1786 cadunt,
3406 1719 3464 1774 et
3496 1715 3554 1772 in
3586 1713 3684 1774 his

303 1809 485 1889 igitur
511 1811 594 1869 ita
621 1806 888 1888 loquenti
922 1805 997 1867 de
1029 1805 1340 1867 charitate.
1364 1803 1556 1867 Sedeo
1579 1804 1640 1865 in
1656 1804 1806 1866 cella
1824 1823 1954 1866 mea
2035 1801 2325 1889 creaturis
2382 1810 2444 1863 ut
2500 1813 2788 1866 creaturae
2842 1803 3059 1877 relicti,
3122 1810 3185 1862 ut
3213 1803 3348 1880 igne
3377 1801 3680 1875 Tartareo,

305 1888 480 1961 nocte
505 1908 607 1959 aut
637 1895 757 1977 die,
787 1895 976 1968 adest,
1013 1903 1078 1956 ut
1133 1912 1251 1954 non
1311 1902 1614 1975 appareat,
1652 1901 1709 1956 et
1738 1901 1804 1956 ut
1835 1915 1952 1957 non
2034 1888 3682 1975 horribilibusquesuppliciisinveniamur.Quodsietiam

306 1994 715 2067 cognoscatur,
743 1985 1023 2046 charitas.
1061 1987 1130 2046 Et
1161 2001 1296 2044 cum
1313 1991 1788 2044 extracreaturas
1817 2002 1948 2045 om-
2036 1979 2248 2067 salvari
2284 1980 2445 2054 licet,
2471 1982 2596 2044 sive
2619 1984 2750 2058 hac,
2781 1983 3015 2062 Christe
3038 1983 3216 2057 bone,
3242 1979 3538 2063 quomodo
3560 1987 3684 2039 tan-

306 2066 433 2152 nes,
463 2093 823 2155 rursumque
846 2092 979 2136 cum
1007 2071 1287 2134 omnibus
1329 2072 1425 2140 sit,
1456 2080 1544 2134 est
1569 2072 1743 2151 ignis,
1780 2081 1837 2134 et
1867 2082 1954 2134 est
2036 2066 2169 2128 dem
2194 2068 2384 2131 licet?
2407 2069 2468 2132 Si
2493 2073 2680 2134 alueo
2704 2091 3074 2154 separemur,
3100 2071 3200 2152 qui
3221 2069 3498 2132 tenebras
3528 2068 3681 2129 etfu-

305 2164 602 2244 lulgor,ﬁt
621 2163 864 2225 luminis
886 2162 1129 2238 nebula,
1156 2163 1219 2223 fit
1252 2161 1339 2222 sol
1363 2161 1644 2241 denique.
1669 2160 1742 2224 Ut
1774 2161 1948 2242 ignis,
2034 2155 2264 2244 giemus
2287 2157 2311 2220 ?
2333 2159 2395 2221 Si
2419 2161 2635 2237 gaudio
2663 2162 2983 2242 privemur,
3013 2161 3256 2242 quinam
3277 2155 3680 2220 tristitialibe-

303 2243 563 2317 animam
589 2252 881 2327 calefacit,
904 2258 962 2314 et
990 2269 1094 2314 car
1125 2269 1322 2312 meum
1355 2249 1640 2326 incendit,
1676 2258 1852 2332 atque
1876 2251 1950 2312 ad
2033 2243 2338 2310 rabimur?
2358 2248 2628 2311 Thalami
2649 2252 2918 2327 ingressu
2935 2248 3238 2330 prohibiti,
3260 2245 3555 2330 quomodo
3577 2249 3681 2307 lae-

301 2342 667 2407 desiderium
687 2351 744 2403 et
763 2359 1029 2403 amorem
1054 2338 1395 2404 Conditoris
1422 2339 1763 2402 exsuscitat.
1793 2339 1951 2402 Atfa-
2034 2333 2290 2397 labimur
2319 2338 2344 2397 Υ
2373 2339 2606 2400 Exclusi
2636 2358 2842 2417 regno,
2881 2348 2976 2400 tuo
3022 2347 3368 2419 conspectU,
3403 2337 3670 2416 inquam.

304 2434 406 2495 tim
441 2440 642 2494 autem
673 2431 1128 2510 inﬂammatum,
1187 2437 1244 2492 et
1289 2429 1492 2492 animo
1523 2429 1857 2503 ardentem,
1891 2439 1950 2490 ut
2035 2420 2316 2507 Salvator,
2353 2447 2530 2508 quam
2562 2427 2735 2490 aliam
2796 2429 3072 2503 salutem,
3106 2447 3282 2508 quam
3311 2425 3674 2488 consolatio-

296 2522 590 2605 splendor
610 2521 840 2583 lucidus
859 2539 952 2582 me
979 2527 1096 2582 tota
1115 2519 1522 2600 circumvolat,
1547 2537 1615 2580 ac
1639 2520 1839 2582 radios
1855 2538 1950 2580 co-
2034 2531 2194 2605 n‘em,
2229 2524 2329 2577 aut
2357 2536 2472 2598 quo
2502 2517 2744 2580 demum
2776 2519 2890 2579 alio
2936 2518 2997 2579 in
3051 2517 3182 2579 loco
3212 2515 3482 2578 invenire
3510 2522 3682 2595 pote-

292 2601 512 2676 ruscos
542 2612 602 2674 in
633 2610 890 2672 animam
927 2629 1120 2671 meam
1166 2610 1336 2690 jacit,
1394 2617 1777 2690 mentemque
1805 2609 1951 2670 illu-
2033 2601 2225 2664 rimus
2247 2608 2274 2664 7
2304 2607 2457 2667 Vere
2489 2625 2774 2688 nusquam
2799 2606 3063 2682 omnino,
3093 2606 3324 2668 etiamsi
3353 2605 3410 2666 id
3429 2604 3681 2686 quibus-

297 2713 524 2776 strans,
558 2709 616 2762 et
647 2700 1053 2780 perspicacem
1084 2699 1371 2774 reddens,
1423 2699 1495 2760 ad
1529 2697 1951 2760 sublimitatem
2035 2691 2171 2752 (iam
2196 2693 2552 2775 insipienter
2567 2696 2835 2759 videatur
2859 2719 2871 2760 :
2895 2697 3184 2778 insipiens
3203 2707 3290 2758 est
3317 2699 3474 2757 enim
3499 2693 3600 2776 qui
3620 2692 3680 2754 id

295 2789 824 2870 contemplationis
838 2788 1112 2851 idoneam
1128 2787 1288 2850 facit.
1305 2786 1592 2866 Atquihic
1609 2795 1755 2865 erat,
1776 2807 1952 2868 quem
2033 2780 2198 2844 dicit.

295 2879 530 2944 timoris
550 2879 758 2940 florem
781 2896 914 2939 esse
955 2895 1135 2958 supra
1159 2877 1299 2937 dixi.
1339 2875 1481 2938 Viso
1511 2885 1707 2938 autem
1744 2877 1952 2958 splen-
2113 2870 2398 2936 Occurret
2417 2884 2616 2938 autem
2639 2876 2931 2958 quispiam
2957 2877 3228 2949 fortasse,
3253 2875 3550 2956 quomodo
3575 2894 3680 2936 ex-

298 2972 472 3050 dore,
507 2977 567 3031 et
599 2968 878 3048 impletus
909 2965 1504 3046 gaudioincredibili,
1535 2986 1651 3027 non
1680 2985 1810 3027 sum
1843 2967 1949 3028 lm-
1976 3039 2008 3050 ἡ
2035 2969 2123 3024 tra
2154 2982 2402 3045 regnum
2437 2968 2746 3041 cwlorum,
2807 2969 3104 3050 quo'modo
3134 2977 3297 3032 extra
3329 2968 3676 3040 thalamum,

297 3039 471 3123 tatus.
492 3057 654 3138 quod
683 3039 990 3118 vidissem.
1053 3054 1169 3117 Sed
1225 3055 1356 3136 ipse
1409 3039 1545 3116 cum
1598 3055 1824 3117 ccelesti
1857 3075 1950 3118 me
1971 3039 2009 3089 C
2035 3059 2091 3112 et
2121 3039 2332 3133 agmen
2358 3057 2654 3137 justorum
2688 3039 2855 3120 locus
2884 3060 3033 3121 alius
3065 3058 3292 3134 salutis,
3327 3067 3424 3120 aut
3455 3059 3685 3140 requiei

302 3148 516 3228 gaudio
565 3146 952 3226 implevisset,
1007 3144 1277 3219 avolavit,
1332 3162 1656 3226 secumque
1688 3154 1950 3207 mentem
2036 3151 2152 3206 nun
2189 3145 2348 3208 erit?
2393 3146 2615 3208 Stultus
2647 3168 2732 3224 es,
2769 3148 2960 3230 inquit
2990 3151 3274 3224 charitas,
3310 3169 3429 3209 nun
3466 3149 3682 3211 audisti

309 3256 523 3311 meam,
555 3243 614 3298 et
637 3254 908 3314 sensum,
943 3242 1254 3295 etomnem
1284 3253 1486 3295 rerum
1516 3233 1948 3296 mundanarum
2035 3233 2291 3310 primum
2324 3244 2550 3315 patrem
2577 3245 2736 3298 tuum
2760 3238 3048 3299 Adamum
3078 3238 3315 3299 unicum
3343 3238 3680 3299 mandatum

311 3326 685 3406 cupiditatem
702 3324 968 3386 abstulit.
992 3324 1068 3386 Et
1087 3322 1416 3403 insequens
1438 3341 1568 3384 mea
1593 3342 1763 3384 mens
1785 3343 1952 3386 com-
2033 3321 2092 3381 in
2126 3324 2396 3402 paradiso
2461 3335 2914 3408 transgressum,
2977 3328 3260 3389 nudatam
3323 3346 3455 3389 esse
3484 3327 3684 3389 divina

312 3414 677 3495 prehendere
697 3413 887 3473 visum
906 3412 1286 3492 splendorem
1308 3410 1716 3474 desiderabat:
1746 3431 1949 3474 verum
2037 3410 2248 3489 gloria,
2284 3422 2338 3473 et
2368 3415 2545 3475 Evam
2567 3435 2696 3474 cum
2723 3414 2853 3496 ipso
2879 3435 3010 3476 mox
3038 3415 3177 3477 inde
3203 3415 3455 3496 ejectam
3479 3415 3540 3477 in
3571 3435 3680 3477 ex-

313 3521 437 3564 non
468 3501 792 3565 inveniebat
824 3521 960 3564 eum
991 3508 1349 3580 creaturam,
1382 3518 1490 3562 nec
1514 3499 1600 3562 illi
1619 3501 1953 3581 jucundum
2039 3499 2264 3576 silium,
2301 3522 2406 3584 pro
2442 3505 2719 3566 mercede
2749 3505 3060 3586 voluptatis
3092 3506 3208 3565 heu
3241 3505 3460 3567 misere
3491 3514 3683 3567 morte

310 3591 628 3664 accidebat,
648 3589 982 3654 ecreaturis
1004 3609 1243 3670 prorsus
1261 3589 1574 3669 excedere,
1593 3599 1653 3650 ut
1672 3590 1949 3671 splendo-
2034 3599 2292 3670 recepta,
2317 3601 2374 3653 et
2395 3593 2509 3654 vita
2533 3594 2854 3657 sudoribus
2875 3614 2942 3655 ac
2973 3594 3273 3655 laboribus
3299 3594 3494 3674 plena,
3533 3595 3680 3674 proh

306 3700 434 3743 rem
465 3681 629 3743 illum
661 3679 940 3754 increati,
976 3680 1536 3760 etincomprehensi
1563 3681 1957 3760 comprehen-
2036 3679 2238 3741 dolor!
2274 3681 2435 3761 juste
2467 3685 2695 3744 statutis
2722 3702 2753 3744 a
2785 3683 2908 3745 Deo
2939 3695 2998 3747 et
3028 3683 3262 3743 vivendi
3292 3692 3352 3744 et
3384 3683 3683 3745 moriendi

302 3772 492 3833 deret.
526 3769 929 3832 Nihilominus
959 3767 1317 3830 circumibat
1346 3767 1567 3844 omnia,
1597 3778 1656 3830 et
1685 3769 1846 3830 illum
1871 3771 1954 3830 vi-
2035 3771 2453 3848 temporibus?
2485 3770 2582 3834 Sic
2612 3774 2752 3833 Γυιυι
2775 3793 2871 3834 um
2905 3773 3195 3847 existima,
3223 3792 3358 3834 cum
3383 3772 3678 3851 judicium

297 3879 438 3922 cere
455 3859 798 3922 conabatur.
830 3857 1214 3920 Scrutabatur
1237 3875 1460 3933 aerem,
1486 3859 1701 3920 caelum
1724 3859 1944 3932 obibat,
2037 3859 2432 3920 exercebitur.
2461 3861 2605 3922 Nam
2632 3861 2734 3942 qui
2763 3881 2795 3924 a
2826 3862 3018 3924 divina
3047 3863 3256 3941 gloria,
3284 3861 3461 3922 utille
3479 3881 3685 3924 revera

295 3949 545 4030 abyssos
566 3947 1036 4030 perambulabat,
1066 3955 1124 4008 et
1147 3957 1411 4008 extrema
1441 3946 1669 4022 mundi,
1697 3956 1758 4009 ut
1781 3949 1950 4010 vide-
2037 3947 2229 4009 nudus
2260 3948 2454 4026 fuerit,
2489 3951 2683 4012 statim
2739 3972 2772 4014 a
2821 3951 3116 4034 paradiso,
3177 3961 3233 4013 et
3263 3971 3405 4012 sane
3436 3970 3468 4012 a
3496 3970 3682 4031 regno

296 4037 495 4117 batur,
533 4036 968 4118 pervestigabat
1022 4034 1520 4116 excutieltatque;
1572 4037 1675 4100 sed
1709 4037 1856 4098 nihil
1891 4038 1949 4099 in
2035 4036 2348 4119 caelorum,
2382 4040 2733 4122 cmlrstique
2767 4042 3027 4104 thalamo
3087 4040 3378 4121 abigetur,
3413 4043 3682 4122 quamvis

294 4127 394 4188 his
425 4126 702 4188 omnibus
759 4123 1121 4198 inveniebat,
1183 4133 1377 4186 creata
1435 4125 1592 4185 enim
1627 4126 1845 4188 omnia.
1883 4127 1955 4189 Et
2036 4135 2346 4204 peccatum
2376 4147 2489 4190 non
2515 4130 2810 4207 habuerit,
2835 4132 2938 4192 sed
2959 4130 3271 4192 virtutibus
3297 4149 3515 4192 vacuus
3537 4131 3680 4193 asti-

295 4215 690 4290 lamentabar,
721 4224 778 4276 et
801 4214 1106 4295 lugebam,
1128 4213 1544 4275 etmedullitus
1573 4215 1953 4292 ardebam,et
2034 4217 2192 4278 terit.
2221 4215 2498 4278 Omnium
2528 4206 2702 4300 porro
2725 4206 3000 4281 virtutum
3032 4220 3241 4300 prima,
3285 4220 3490 4300 regina
3507 4221 3680 4282 etdo-

293 4303 479 4366 veluti
508 4313 709 4366 mente
737 4304 1024 4366 alienatas
1075 4303 1160 4364 sic
1209 4303 1499 4364 vivebam.
1546 4303 1721 4366 Venit
1774 4307 1953 4384 igitur
2034 4305 2196 4365 mina
2222 4306 2476 4367 charitas
2501 4318 2589 4369 est
2613 4309 3242 4389 profecto.Illacaput,
3271 4319 3326 4369 et
3351 4309 3677 4371 vestimen-

294 4402 609 4474 postquam
645 4393 848 4468 voluit,
885 4402 938 4455 et
971 4393 1030 4453 in
1063 4391 1326 4472 speciem
1363 4390 1571 4452 lucida)
1605 4393 1837 4456 nebulze
1866 4399 1947 4455 ir-
1970 4392 2014 4440 D
2036 4403 2180 4474 tum,
2207 4403 2262 4454 et
2285 4395 2472 4473 gloria
2492 4399 2878 4460 estomnium.
2922 4399 3061 4461 Sine
3084 4399 3276 4478 capite
3311 4407 3506 4460 autem
3539 4417 3678 4460 cur-

293 4500 504 4553 ruens,
545 4491 726 4544 totum
762 4493 940 4561 caput
972 4501 1168 4541 meum
1207 4480 1471 4542 insidere
1523 4481 1853 4559 videbatur,
1891 4494 1949 4546 ut

295 4569 744 4650 obstupefactus
776 4571 1198 4636 exclamarem.
1242 4571 1312 4630 At
1355 4569 1457 4630 ille
1482 4587 1684 4631 rursus
1714 4573 1952 4634 avolans

293 4660 488 4720 solum
505 4680 601 4721 me
634 4661 903 4742 reliquit;
938 4678 1111 4741 quem
1147 4678 1281 4720 cum
1311 4677 1562 4738 operose
1593 4679 1943 4739 qumerem.

290 4748 513 4810 iterum
545 4759 794 4830 repente
819 4751 877 4811 in
903 4769 996 4810 me
1017 4753 1318 4811 inventum
1348 4747 1551 4829 didici,
1580 4760 1637 4810 et
1659 4749 1717 4810 in
1753 4751 1948 4814 medio

290 4836 492 4898 cordis
514 4838 630 4898 mei
658 4845 719 4898 ut
741 4839 942 4898 lumen
971 4837 1159 4900 instar
1193 4834 1433 4896 rotundi
1467 4835 1610 4896 solis
1636 4837 1792 4898 visus
1825 4849 1941 4901 est.

292 4923 439 4987 Cum
471 4926 554 4989 sic
584 4925 1556 5008 apparuisset,cognovissentque,
1579 4929 1948 5009 etsuscepis-

291 5032 444 5091 sem,
475 5016 717 5096 globum
753 5017 1088 5079 daemonum
1124 5015 1182 5076 in
1217 5017 1415 5094 fugam
1441 5015 1635 5090 vertit,
1663 5014 1949 5078 timidita-

369 5183 427 5233 ⁷³2
452 5185 475 5247 ῐ
504 5190 618 5251 Cor
649 5205 778 5259 xm,
823 5196 867 5247 l.

294 5365 703 5431 comitaretur
723 5367 750 5429 ?
773 5367 922 5444 Ergo
936 5369 1172 5448 quando
1192 5366 1457 5448 Christus
1470 5384 1537 5428 ex
1571 5372 1947 5448 praesentium

298 5456 537 5526 aspectu
575 5446 992 5522 evanescebat,
1029 5467 1146 5510 non
1179 5446 1530 5509 movebatur
1559 5446 1621 5508 ut
1645 5449 1798 5512 Deus
1823 5466 1952 5514 erat

288 5521 556 5609 localiter
587 5546 600 5591 ε
640 5527 758 5590 etsi
792 5521 1062 5594 localiter
1091 5527 1443 5609 movebatur
1472 5535 1536 5588 ut
1566 5529 1747 5591 homo
1779 5541 1946 5609 erat;

284 5607 439 5687 quod
459 5607 715 5672 Simeon
743 5617 1010 5692 testatur,
1038 5629 1175 5673 cum
1199 5609 1273 5670 de
1295 5607 1530 5670 Christo
1554 5607 1948 5674 evanescente

2035 4503 2141 4563 pus
2174 4493 2494 4560 mortuum,
2530 4507 2596 4548 ac
2628 4489 2758 4548 sine
2790 4489 3000 4568 spiritu
3053 4499 3161 4549 est.
3199 4489 3424 4567 Corpus
3456 4487 3680 4568 absque

2033 4575 2383 4638 vestimento
2403 4597 2518 4658 quo
2545 4587 2710 4656 pacto
2740 4580 2956 4639 nudum
2983 4597 3097 4637 non
3113 4587 3202 4638 est
3218 4577 3248 4635 ?
3269 4576 3528 4638 Virtutes
3550 4578 3681 4637 sine

2033 4664 2317 4728 cbaritate
2341 4669 2619 4728 marcida
2639 4676 2695 4728 et
2719 4667 2956 4728 inutiles
2975 4677 3112 4728 sunt
3143 4689 3154 4728 :
3192 4677 3248 4726 et
3270 4666 3366 4746 qui
3393 4666 3680 4727 charitate

2034 4755 2313 4834 praeditus
2342 4775 2457 4816 non
2482 4765 2592 4828 est,
2618 4775 2650 4817 a
2671 4756 2854 4834 gloria
2881 4757 2983 4819 Dei
3011 4757 3201 4816 nudus
3226 4764 3316 4817 est
3346 4777 3360 4825 ',
3389 4762 3445 4815 et
3476 4774 3680 4835 quam.

2035 4843 2121 4903 vis
2153 4845 2418 4906 omnium
2452 4845 2729 4906 virtutum
2761 4866 3006 4927 compos
3050 4846 3146 4920 sit,
3184 4859 3376 4906 nudus
3409 4855 3584 4920 astat,
3623 4856 3681 4906 et

2036 4933 2360 4996 nuditatem
2385 4955 2548 4996 suam
2577 4956 2692 4997 non
2717 4938 2935 5016 ferens,
2955 4936 3236 4997 occultari
3266 4934 3506 4994 mavult.
3528 4934 3672 4997 Nam

2035 5043 2167 5084 cum
2202 5024 2288 5086 sic
2319 5026 2580 5088 dedecus
2639 5046 2707 5088 ac
2768 5027 3194 5108 turpitudinem
3231 5025 3465 5099 habeat,
3499 5025 3674 5087 etiam

2035 5372 2121 5458 sic
2145 5375 2353 5437 scribit
2380 5378 2802 5458 ;_Assuuzplam
2825 5385 3023 5440 autem
3045 5378 3387 5458 éreuluraﬁm
3438 5375 3677 5458 (huma-

2033 5456 2279 5517 nitatem
2312 5455 2540 5517 scilicet
2559 5453 2745 5528 suam)
2767 5460 2968 5520 celans
2983 5465 3090 5519 aut
3111 5461 3173 5520 in
3195 5457 3455 5519 sublime
3475 5458 3538 5517 in
3553 5453 3678 5530 glo-

2033 5537 2189 5618 riam
2220 5555 2436 5618 suam,
2477 5545 2619 5614 etc._.
2683 5540 2935 5602 evehens
2989 5545 3084 5615 (en
3147 5547 3370 5599 motum
3426 5535 3675 5604 localem

2032 5614 2247 5678 Christi
2280 5614 2564 5700 hominis)
2587 5618 2752 5681 illico
2784 5614 3278 5688 abaco-addatur,
