4120 6380
443 303 569 372 ’539

1757 328 2065 392 SYMEON
2071 328 2141 391 IS
2179 324 2532 395 JUNIOHIS
3718 328 3844 396 540

416 478 421 483 ’
449 467 900 570 damnationem
923 479 1122 570 habet,
1159 490 1216 544 et
1245 484 1409 546 audit
1455 484 1528 546 ab
1561 486 1968 548 universorum
1993 488 2097 566 ju-
2121 496 2160 544 Α
2184 487 2233 548 si
2258 485 2634 567 ipsequoque
2658 484 2969 548 mendicus
2992 486 3119 562 fias,
3149 486 3441 568 planeque
3460 505 3562 567 par
3578 487 3841 568 pretium

450 556 746 635 dice,non
770 567 904 628 novi
932 577 1010 634 te.
1038 568 1213 633 Venit
1242 572 1300 634 in
1336 574 1495 636 hunc
1520 575 1809 637 mundum
1831 556 2096 650 Creator,
2184 556 2434 637 dedisse.
2475 556 2824 655 tce-cogites,
2886 584 2944 637 et
3001 556 3201 637 dicas:
3264 556 3411 636 Date
3460 556 3838 655 margaritam

450 665 666 746 corpus
694 656 1040 746 etanimam
1071 659 1416 742 assumpsit,
1454 663 1737 745 deditque
1761 664 1934 727 nobis
1956 664 2105 725 divi-
2185 665 2354 740 mihi,
2390 664 2531 726 dedi
2557 666 2716 727 enim
2748 666 2951 727 omnia
3012 682 3163 746 mea,
3218 664 3533 727 confestim
3565 665 3772 727 audies
3805 684 3845 726 a

450 754 591 835 nom
622 738 933 835 Spiritum,
969 747 1071 829 qui
1098 757 1186 811 est
1215 738 1489 813 cb'aritas.
1556 749 1616 815 Si
1645 738 1867 834 'itaque
1897 753 2005 827 vis,
2042 763 2103 814 et
2189 738 2464 831 Domino,
2499 773 2632 834 quae
2663 762 2801 816 sunt
2831 754 2943 816 ista
2975 762 3073 816 tua
3127 738 3328 816 omnia
3357 772 3490 835 qua:
3517 753 3665 814 dicis
3690 756 3720 815 ?
3747 755 3839 816 Tu

449 825 642 923 placet
667 830 771 893 tibi
803 825 1066 898 divinth
1098 838 1369 904 obtinere
1419 841 1729 922 Spiritum,
1766 825 1947 905 crede
1974 825 2098 905 Deo
2184 843 2382 904 nudus
2415 825 2690 922 egressus
2720 861 2785 904 es
2815 842 2892 905 de
2922 851 3093 904 utero
3147 842 3350 904 matris
3374 825 3515 923 tuae,
3550 852 3608 903 et
3638 841 3841 905 nudus

450 916 737 1002 perfecte,
757 932 827 1013 et
878 924 1106 1004 abnega
1152 935 1209 990 te
1258 916 1518 1010 perfeeie
1574 916 1901 1008 similiter;
1961 932 2102 994 tolle
2184 931 2245 993 in
2274 916 2614 1013 sepulcrum
2647 932 2890 994 omnino
2920 931 3170 1008 redibis,
3215 950 3347 1013 quae
3373 916 3552 1011 igitur
3583 940 3681 993 tua
3704 950 3843 993 esse

449 1022 687 1103 crucem
719 1011 849 1074 sine
878 1015 1242 1079 haesitatione
1274 1018 1335 1079 in
1369 1019 1674 1095 humeros,
1709 1040 1777 1084 ac
1795 1022 2099 1103 proposito
2177 1011 2364 1102 jactas
2388 1023 2417 1082 ἲ
2443 1018 2666 1083 Stultus
2682 1040 2747 1083 es
2768 1020 3027 1102 penitus,
3054 1038 3168 1085 non
3191 1011 3499 1102 intelligis,
3535 1039 3647 1082 nec
3675 1024 3839 1083 acci-

450 1102 541 1197 et"
573 1101 886 1197 voluntate
922 1123 1178 1181 morere,
1238 1108 1344 1179 (ili.
1407 1117 1472 1170 ut
1502 1109 1676 1171 vitam
1702 1101 2097 1173 immortalem

445 1185 797 1276 adipiscare.
835 1193 921 1254 Ne
951 1200 1008 1254 te
1037 1194 1394 1276 impostores
1424 1198 1733 1261 fallacibus
1767 1199 1948 1261 dictis
1978 1203 2101 1263 suis

447 1274 772 1369 decipiant,
807 1274 1140 1347 morientes
1163 1293 1294 1365 post
1329 1295 1579 1348 mortem
1602 1290 1776 1350 vitam
1800 1290 2094 1369 accipere,

446 1382 524 1460 ne
554 1368 833 1460 credulus
890 1371 1264 1453 negligenter
1319 1394 1483 1454 agas,
1528 1387 1585 1439 et
1637 1378 1771 1440 vita:
1801 1368 2097 1460 particeps

446 1453 691 1518 minime
723 1458 849 1521 tias.
1086 1507 1090 1511 η

523 1544 1009 1638 Au_diverl1aDei,
1033 1552 1172 1614 aurli
1189 1554 1615 1635 apostolorum,
1634 1556 1772 1618 audi
1788 1557 2099 1638 magistro-

443 1650 575 1693 rum
600 1634 904 1701 Ecclesiae.
930 1639 1085 1713 Quid
1107 1634 1376 1704 Christus
1402 1642 1460 1703 in
1485 1644 1664 1705 horas
1686 1634 1943 1706 clamat?
1961 1646 2096 1708 Flu.

2186 1111 2313 1191 pies
2344 1114 2743 1191 margaritam,
2780 1129 2890 1174 nec
2919 1109 3219 1189 continget
3238 1109 3633 1189 tibiregnum.
3660 1110 3839 1184 Quod

2185 1199 2236 1262 si
2265 1218 2635 1281 quaecunque
2669 1198 2911 1261 tandem
2945 1198 3054 1262 tibi
3084 1199 3202 1259 sint
3225 1197 3380 1260 bona
3405 1198 3837 1274 consideraris,

2184 1296 2243 1349 et
2272 1297 2328 1349 te
2359 1288 2801 1368 pauperrimum
2829 1286 3153 1369 repereris,
3180 1293 3239 1347 et
3268 1286 3561 1349 accedens
3587 1287 3669 1348 ita
3697 1305 3840 1350 eum

2183 1375 2844 1457 compellaris‘?[ntuere
2866 1396 3048 1452 nunc,
3067 1375 3351 1451 Salvator,
3370 1394 3474 1437 cor
3497 1383 3555 1437 et
3576 1376 3841 1437 animam

2182 1484 2376 1527 meam
2400 1465 2744 1546 contritam,
2769 1464 3113 1545 castigatam
3129 1463 3406 1544 graviter,
3435 1464 3843 1527 etintlamma-

2182 1563 2298 1617 tam
2316 1554 2725 1618 vehementer.
2752 1555 2991 1635 Aspice,
3023 1554 3297 1630 Domine,
3326 1554 3547 1614 nudum
3565 1572 3685 1631 me;
3704 1554 3843 1616 vide

2183 1651 2486 1723 egentem,
2511 1643 2585 1705 ab
2608 1644 2772 1705 omni
2790 1645 3001 1706 virtute
3024 1643 3312 1719 alienum,
3339 1651 3396 1704 et
3415 1642 3477 1703 in
3491 1642 3585 1703 bis
3606 1660 3846 1705 summa

445 1720 606 1817 mina
635 1724 711 1787 de
763 1737 965 1791 ventre
1022 1730 1084 1791 in
1148 1750 1243 1791 me
1301 1731 1673 1795 credentium
1702 1720 2552 1817 ﬂuentdiviniBlaborantem
2588 1732 2861 1814 penuria,
2925 1750 3037 1794 nec
3094 1732 3439 1812 habentem,
3499 1749 3615 1812 quo
3646 1732 3753 1794 abs
3779 1742 3840 1794 te

442 1810 645 1889 fontis,
680 1834 847 1897 aquae
880 1837 1123 1899 semper
1151 1819 1400 1881 viventis
1417 1820 1495 1883 95.
1533 1821 1715 1895 Quam
1748 1824 1920 1884 aliam
1946 1826 2099 1888 hanc

445 1922 681 1996 aquam,
717 1908 833 1969 nisi
891 1908 1145 1990 Spiritus
1203 1911 1392 1973 sancti
1451 1915 1700 1989 gratiam
1764 1914 2099 1996 intelligit?

445 1995 700 2057 Muntlos
730 2008 929 2060 autem
958 2001 1140 2061 corde
1171 2001 1376 2063 beatos
1406 2004 1723 2065 nominans
1761 2004 1842 2079 34,
1876 1995 2097 2069 aithos

440 2080 631 2146 Deum
663 2086 761 2148 hic
794 2088 1050 2150 visuros.
1114 2090 1383 2172 Apostoli
1435 2110 1577 2154 vero
1635 2103 1691 2155 et
1724 2095 1989 2175 magistri
2019 2097 2093 2158 ad

442 2190 628 2235 unum
661 2194 869 2239 omnes
899 2182 1175 2254 c’amant,
1234 2180 1332 2242 hic
1388 2182 1675 2260 Spiritum
1708 2193 2003 2257 sanctum,
2037 2194 2095 2248 et

444 2261 748 2326 Christum
781 2268 1222 2348 accipiendum,
1261 2269 1568 2352 siquidem
1594 2273 1845 2335 salutem
1876 2293 2091 2336 conse-

444 2355 632 2413 cuturi
647 2355 853 2418 simus.
881 2359 1166 2420 Ausculta
1189 2378 1391 2421 vocem
1408 2362 1667 2436 Domini,
1690 2363 1826 2424 audi
1845 2363 2088 2425 verbum

449 2440 649 2530 Verbi,
681 2447 977 2525 quomodo
991 2467 1239 2526 regnum
1265 2450 1550 2511 caelorum
1575 2453 1696 2530 jam
1721 2472 1875 2514 nunc
1890 2453 2090 2514 homi-

442 2528 616 2594 nibus
644 2534 1059 2616 accipiendum
1094 2538 1409 2617 signiﬁcet.
1467 2528 1684 2603 Siniile
1732 2551 1836 2623 est,
1874 2542 2087 2623 inquit,

437 2628 714 2701 pretiosa:
762 2627 1122 2706 margarita:
1148 2628 1231 2689 25.
1297 2631 1674 2710 Margaritam
1729 2652 1862 2694 cum
1894 2633 2085 2705 audis,

443 2712 724 2800 quidnam
757 2716 981 2796 cegitas
1005 2717 1030 2778 ἲ
1054 2738 1195 2779 num
1229 2719 1379 2779 hanc
1406 2738 1592 2797 genus
1618 2720 1828 2800 lapidis
1853 2739 1983 2781 esse
2001 2721 2096 2782 di-

443 2798 648 2864 dicis?
705 2824 777 2866 an
831 2808 931 2886 qui
983 2809 1172 2868 teneri
1203 2808 1471 2881 omnino,
1534 2827 1605 2869 an
1638 2798 1736 2890 qui
1770 2809 1958 2870 videri
1987 2810 2096 2871 ali-

2183 1841 2376 1885 emam
2406 1842 2421 1899 ;
2466 1822 2621 1894 vide,
2659 1837 2716 1883 et
2750 1823 3039 1884 miserere
3071 1821 3188 1882 mei
3216 1821 3381 1882 solus
3411 1820 3646 1901 patiens
3675 1823 3840 1885 Deus

2181 1930 2373 1973 meus.
2399 1911 2551 1984 Quid
2576 1907 2736 1973 enim
2765 1911 2826 1971 in
2850 1912 2963 1972 hoc
2988 1909 3208 1971 mundo
3235 1910 3533 1970 inveniam
3560 1909 3834 1989 dignum,

2178 2000 2333 2081 quod
2360 2000 2495 2062 dem
2530 2000 2589 2060 in
2612 1999 2866 2081 pretium
2892 1999 2997 2073 tui,
3042 1998 3143 2079 qui
3182 1997 3375 2060 fecisti
3398 1999 3600 2059 omnia
3622 2005 3650 2060 Ἰ
3679 1996 3838 2070 Quid

2179 2108 2435 2170 namque
2465 2088 2752 2170 persolvit
2784 2091 3090 2163 meretrix,
3123 2087 3269 2170 quid
3298 2088 3840 2151 numeravitlatro‘.’

2176 2179 2702 2260 Prodigusautem,
2720 2178 2954 2243 Christe
2970 2178 3233 2259 mi,quas
3253 2176 3358 2239 tibi
3393 2195 3538 2257 opes
3561 2176 3780 2239 obtulit
3810 2179 3839 2241 ?

2177 2268 2237 2332 Si
2262 2272 2409 2349 hinc,
2436 2268 2701 2349 inquam,
2729 2267 2974 2349 dixeris,
3000 2268 3207 2329 audies
3229 2266 3516 2343 vicissim,
3541 2266 3663 2329 imo
3688 2267 3840 2330 oﬂ‘e-

2175 2359 2386 2419 rebant
2416 2358 2670 2431 divitias,
2710 2357 2964 2438 datoque
2993 2356 3151 2438 quod
3183 2355 3503 2433 habebant,
3538 2359 3833 2436 margari-

2178 2462 2295 2508 tam
2330 2456 2451 2509 toto
2492 2446 2716 2507 mundo
2747 2446 3220 2527 praestantiorem
3273 2454 3659 2526 acceperunt.
3692 2445 3837 2508 Haec

2178 2551 2239 2603 tu
2273 2555 2511 2617 quoque
2543 2536 2592 2596 si
2625 2534 2733 2609 vis,
2764 2535 2913 2596 mihi
2967 2535 3138 2615 aﬂ‘er,
3191 2542 3252 2595 et
3282 2552 3527 2615 prorsus
3557 2535 3835 2597 eamdem

2175 2624 2460 2706 accipies.
2496 2625 2640 2687 Cum
2670 2625 2759 2685 his
2778 2624 2995 2686 accede
3013 2624 3085 2685 ad
3110 2641 3227 2698 me,
3249 2634 3310 2686 et
3350 2640 3481 2683 mox
3516 2621 3622 2684 tibi
3656 2641 3835 2685 mon-

2182 2717 2381 2777 strabo
2411 2732 2587 2795 quam
2618 2714 2702 2773 illi
2734 2712 3043 2775 consecuti
3077 2722 3217 2774 sunt
3247 2711 3621 2789 margaritam
3650 2730 3664 2775 :
3700 2721 3759 2775 et
3780 2713 3835 2775 si

2178 2803 2369 2884 ipsam
2400 2804 2655 2864 animam
2690 2801 2956 2878 dederis,
3017 2801 3166 2862 nihil
3220 2801 3464 2880 dignum
3510 2801 3747 2863 dedisse
3775 2810 3833 2865 te

445 2898 727 2967 quantum
759 2894 1134 2974 potest?Abi
1158 2915 1291 2957 cum
1319 2905 1415 2957 tua
1437 2896 1832 2977 blasphemia,
1868 2899 2094 2960 intelii-
2179 2892 2566 2955 existimabis.
2599 2891 2898 2973 Quidquid
2932 2891 3192 2972 denique
3249 2908 3355 2971 pro
3389 2890 3575 2970 pretio
3603 2892 3827 2970 persol-

444 2977 642 3056 gentia
673 2988 897 3045 tantum
929 2985 1041 3046 ista
1072 2988 1386 3065 margarita
1418 2987 1766 3067 percipitur.
1802 2992 2151 3067 Mercator"
2178 2982 2357 3059 veris,
2392 2982 2540 3044 nihil
2576 2991 2632 3043 te
2659 2981 2909 3042 solvisse
2938 2979 3331 3042 arbitrabere.
3365 2978 3509 3057 Ego,
3536 2977 3586 3039 si
3604 2979 3675 3039 ad
3697 2996 3818 3059 me,

444 3051 639 3130 autem
655 3072 755 3151 qui
781 3073 932 3136 hanc
954 3051 1346 3155 invenitrqua
1364 3051 1908 3140 rationeinvenetit
1936 3051 2152 3139 nuncC
2179 3079 2242 3132 ut
2272 3051 2372 3132 illa
2403 3070 2705 3144 meretrix,
2741 3072 3090 3144 accesseris,
3126 3069 3305 3149 plane
3338 3051 3526 3130 habeo
3560 3051 3827 3148 potesta;

447 3174 698 3246 expone.
737 3160 793 3224 Si
814 3183 928 3224 non
955 3172 1066 3245 est,
1104 3175 1166 3228 ut
1196 3183 1375 3226 manu
1408 3164 1563 3245 tangi
1597 3174 1697 3226 aut
1726 3166 1917 3228 videri
1952 3186 2092 3246 pos-
2179 3168 2320 3235 lem,
2356 3162 2529 3242 plane
2561 3160 2749 3221 habeo
2778 3158 3148 3239 margaritas,
3175 3175 3320 3239 quas
3352 3158 3404 3219 si
3433 3156 3690 3219 mundus
3718 3176 3825 3219 ac-

446 3245 542 3322 sit,
580 3248 679 3310 ubi
710 3250 890 3328 igtur
921 3253 1031 3315 iste
1064 3254 1223 3315 illam
1255 3252 1504 3335 repetit,
1544 3256 1845 3336 quomodo
1892 3245 2095 3319 vidit?
2178 3252 2380 3333 cipiat,
2436 3261 2658 3312 etcum
2704 3248 2926 3310 mundo
2981 3249 3095 3308 hoc
3151 3247 3419 3336 aliorum,
3466 3246 3830 3307 mundorum

445 3337 620 3400 velim
641 3341 787 3402 mihi
808 3342 991 3405 dicas.
1014 3342 1322 3416 Quomodo
1346 3343 1525 3405 etiam
1550 3335 1806 3406 venditis
1821 3345 2095 3406 omnibus
2179 3340 2494 3421 myriades,
2529 3358 2603 3401 ne
2627 3356 2742 3399 una
2765 3337 3005 3419 quidem
3038 3336 3353 3415 margarita
3383 3335 3662 3397 thesauro
3692 3354 3829 3397 meo

444 3431 804 3507 comparavit
827 3451 954 3494 eam
979 3452 1155 3514 quam
1180 3451 1294 3493 non
1324 3431 1568 3507 invenit,
1588 3451 1762 3514 quam
1788 3454 1904 3495 non
1923 3434 2090 3508 vidit,
2178 3430 2395 3505 deerit,
2430 3436 2489 3490 et
2526 3426 2760 3489 donabo
2795 3436 2872 3501 te,
2906 3425 3062 3488 sicut
3110 3426 3272 3487 illam
3330 3423 3567 3514 donavi.
3626 3423 3723 3487 Sic
3775 3434 3834 3487 te

444 3535 617 3596 quam
640 3520 700 3582 in
723 3513 1142 3583 manibus’non
1168 3520 1396 3597 habuit,
1425 3540 1533 3583 nec
1556 3513 1620 3583 in
1660 3522 1858 3584 sinum
1892 3523 2089 3584 immi-
2179 3521 2337 3582 Deus
2366 3516 2641 3580 aﬂ‘abitur
2665 3524 2724 3578 et
2753 3515 3013 3595 docebit,
3046 3514 3342 3595 quomodo
3393 3513 3466 3574 ad
3498 3531 3562 3575 se
3592 3514 3741 3575 latro
3776 3523 3835 3575 et

443 3606 518 3667 sit
550 3606 575 3667 Υ
605 3608 1021 3689 Respondebis
1053 3611 1222 3683 mihi,
1257 3611 1374 3672 title
1406 3611 1529 3671 sola
1562 3620 1620 3671 et
1664 3631 1771 3693 spe
1828 3613 1913 3674 sic
1943 3613 2095 3674 aﬂ‘e-
2179 3607 2858 3680 meretrixaccesserint,
2873 3604 2975 3693 qui
3002 3622 3111 3684 per
3136 3603 3344 3665 orbem
3368 3604 3836 3693 terrarumfama

442 3702 602 3757 ctum
634 3696 730 3773 iri,
761 3717 829 3760 ac
860 3698 911 3760 si
941 3717 1072 3760 eam
1106 3699 1375 3762 haberet.
1408 3698 1586 3779 Atqui
1620 3692 1734 3762 non
1787 3701 1937 3763 dixit
1970 3705 2092 3766 Do-
2182 3697 2599 3761 celebrantur:
2631 3696 2926 3776 quomodo
2953 3692 3095 3755 item
3127 3693 3283 3754 ﬁlius
3314 3692 3620 3774 prodigus,
3653 3693 3833 3755 simul

443 3784 664 3861 minus,
696 3795 760 3848 ut
784 3797 842 3849 tu
874 3788 1197 3863 existimas,
1223 3807 1333 3850 nec
1349 3789 1841 3869 speinveniendi,
1868 3809 2099 3874 neCSpc
2183 3807 2254 3849 ac
2283 3806 2557 3849 reversus
2607 3793 2716 3860 est,
2769 3790 3085 3864 susceptus
3140 3783 3252 3874 sit_
3292 3781 3439 3874 Fide
3474 3799 3649 3874 porro
3680 3782 3834 3845 latro

445 3874 781 3955 accipiendi
808 3878 1115 3940 facultates
1137 3896 1272 3939 suas
1298 3878 1659 3941 vendidisse.
1688 3878 1837 3950 Quid
1855 3870 2102 3943 erratis?
2185 3879 2439 3939 salvatus
2473 3884 2588 3952 est,
2622 3874 2720 3956 qui
2751 3874 2949 3934 multis
2982 3879 3108 3934 erat
3136 3870 3463 3933 sceleribus
3492 3870 3788 3950 obligatus
3823 3894 3841 3946 ;

445 3964 586 4045 quid
620 3984 766 4029 vana
795 3986 905 4047 Spe
967 3968 1249 4047 nitimini,
1315 3975 1373 4029 et
1428 3968 1560 4029 aliis
1609 3969 1850 4050 quidem
1882 3970 2101 4032 frustra
2187 3986 2299 4028 nec
2330 3965 2653 4045 immerito,
2684 3961 3166 4045 quandoquidem
3189 3962 3350 4050 solus
3376 3963 3528 4041 ipse,
3553 3961 3842 4050 omnibus

446 4053 837 4116 credentibus
863 4057 1131 4138 exitium,
1157 4056 1323 4118 vobis
1340 4056 1563 4136 grande
1588 4049 1946 4139 supplicium
1966 4060 2098 4120 vul-
2188 4074 2284 4118 me
2315 4054 2691 4135 negantibus,
2725 4051 3003 4113 omnibus
3058 4049 3402 4112 scandalum
3447 4049 3832 4139 patientibus,

447 4141 523 4205 tis
555 4150 827 4206 struere?
856 4146 973 4209 Sed
1005 4147 1215 4208 suadet
1267 4145 1393 4220 tibi,
1427 4154 1494 4206 ut
1525 4137 1686 4226 prius
1708 4137 2092 4226 margaritam
2180 4147 2239 4205 in
2266 4163 2442 4207 cruce
2457 4143 2841 4225 pendentem,
2870 4142 3059 4204 Deum
3083 4159 3151 4201 ac
3168 4155 3371 4217 regem
3402 4137 3835 4215 confessusest,

448 4233 736 4309 invenias,
770 4243 830 4297 et
860 4255 1021 4309 eum,
1055 4244 1118 4296 ut
1148 4235 1353 4309 nimis,
1382 4242 1440 4295 et
1471 4235 1760 4297 immense
1774 4237 2094 4315 pretiosam
2180 4245 2238 4296 et
2266 4233 2663 4297 immortalem
2700 4250 2833 4293 esse
2856 4250 2922 4292 ex
2943 4229 3142 4291 animo
3173 4226 3562 4307 exclamavit;
3611 4226 3839 4289 idcirco

446 4328 886 4406 contemplatus
918 4330 1123 4397 fueris,
1160 4336 1298 4388 tunc
1330 4325 1585 4388 venditis
1625 4327 1904 4389 omnibus
1933 4324 2360 4396 emasnetiam
2390 4330 2525 4385 ante
2557 4340 2766 4383 omnes
2796 4338 3047 4399 regnum
3080 4325 3168 4380 est
3192 4317 3468 4397 adeptus,
3503 4315 3841 4378 Meretricis

448 4433 600 4476 eam.
636 4415 720 4477 Tu
757 4428 962 4480 contra
993 4417 1102 4494 ais,
1162 4418 1223 4478 in
1278 4434 1407 4491 sae,
1472 4424 1528 4476 et
1558 4418 1823 4479 ostendis
1854 4426 1910 4479 te
1940 4420 2098 4481 nolle
2180 4423 2400 4488 autem,
2436 4431 2699 4474 amorem
2743 4428 2877 4492 quae
2906 4407 3099 4471 oratio
3143 4406 3599 4487 consequatur?
3650 4424 3831 4486 quem

446 4523 741 4587 quaerere,
781 4508 939 4570 nolle
972 4508 1265 4579 invenire,
1300 4505 1459 4566 nolle
1490 4505 1758 4568 fortunas
1791 4514 1916 4568 tuas
1950 4527 2095 4570 veu-
2180 4506 2407 4566 scilicet
2437 4503 2538 4565 illa
2566 4503 2625 4563 in
2654 4502 2834 4564 corde
2867 4518 2973 4561 suo
3033 4495 3321 4587 gestabat,
3373 4514 3508 4587 cum
3538 4496 3611 4587 ad
3647 4513 3742 4556 me
3774 4503 3837 4558 ut

448 4593 618 4668 dere,
655 4583 825 4659 ut‘ita
856 4616 1107 4677 regnum
1130 4597 1417 4658 cmlorum
1441 4593 1735 4672 acquiras,
1764 4597 1920 4677 quod
1942 4597 2098 4662 intra
2179 4594 2364 4657 Deum
2397 4611 2465 4655 ac
2498 4592 2818 4654 Dominum
2850 4588 3174 4650 visibilium
3220 4593 3280 4648 et
3309 4583 3698 4677 invisibilium
3728 4603 3836 4647 ac-

447 4692 528 4760 te,
563 4685 614 4746 si
646 4686 814 4766 velis,
848 4675 1136 4749 Dominus
1166 4704 1297 4748 esse
1328 4684 1657 4746 afﬁrmavit.
1783 4675 1798 4677 ’
2180 4685 2427 4756 cedens,
2462 4700 2600 4743 eum
2626 4680 2864 4761 largiter
2884 4677 3054 4751 mihi,
3083 4684 3147 4738 ut
3178 4692 3353 4736 nemo
3371 4675 3834 4766 anteaotferret.

533 4772 648 4836 Sed
676 4775 919 4836 forsitan
950 4775 1010 4837 in
1035 4782 1297 4854 egestate
1323 4792 1408 4846 es,
1435 4792 1547 4834 nec
1569 4792 1799 4851 aurum,
1828 4794 1938 4838 nec
1971 4795 2101 4856 pos-

452 4863 776 4945 sessiones,
802 4873 903 4926 aut
926 4865 1164 4927 divitias
1190 4863 1371 4925 habes
1398 4885 1413 4938 ς
1458 4871 1519 4926 et
1548 4863 1799 4925 audiens
1829 4866 2093 4927 omnium

453 4951 845 5016 distractione
876 4954 1217 5017 facultatum
1250 4951 1725 5014 inaestimabilem
1752 4954 1910 5015 illam
1939 4973 2097 5016 mar-

452 5049 696 5120 garétam
732 5042 873 5115 emi,
901 5043 1073 5120 dicis,
1103 5062 1232 5122 ego,
1285 5041 1381 5104 cui
1411 5041 1587 5103 nulla:
1618 5051 1753 5103 sunt
1785 5064 1950 5125 opes,
1985 5065 2100 5126 qua

452 5132 690 5194 tandem
716 5133 806 5194 via
827 5133 1084 5195 divinam
1107 5135 1260 5195 hanc
1285 5140 1341 5194 et
1364 5130 1696 5213 speciosam
1722 5135 2099 5213 margaritam

2183 4774 2371 4848 Quem
2402 4772 2606 4833 videns
2664 4767 3010 4851 approbavi,
3065 4784 3175 4827 nec
3238 4782 3499 4825 amorem
3532 4762 3699 4824 illum
3728 4782 3835 4824 ac—

2184 4863 2356 4943 cepi;
2392 4861 2496 4922 sed
2528 4862 2664 4921 data
2694 4860 2745 4921 ei
2782 4857 3122 4938 margarita,
3156 4853 3375 4935 reliqui
3395 4854 3451 4915 ei
3475 4853 3653 4915 etiam
3674 4871 3841 4916 amo.

2184 4974 2336 5023 rem,
2365 4952 2453 5012 vel
2482 4950 2676 5031 potius
2697 4949 2953 5029 amplius
2976 4965 3111 5008 eum
3124 4944 3395 5026 accendi,
3418 4945 3546 5005 etin
3568 4944 3840 5007 ﬂammas

2185 5044 2458 5122 ingentes
2491 5039 2763 5115 excitavi,
2796 5056 3050 5117 eamque
3083 5033 3415 5115 virginibus
3436 5033 3837 5097 honestiorem

2184 5156 2253 5197 ac
2276 5131 2771 5197 venerabiliorem
2796 5129 2996 5193 dimisi
3046 5126 3253 5190 Subito
3269 5124 3633 5204 enimlegem
3658 5134 3840 5188 totam

452 5240 800 5303 comparare
828 5224 1080 5304 potero?
1112 5226 1330 5288 Ilortor
1350 5221 1546 5302 itaque
1579 5231 1658 5296 te,
1693 5233 1755 5283 ut
1788 5241 1969 5303 super
1990 5224 2101 5286 hoc
2187 5236 2246 5287 ut
2279 5242 2512 5285 murum
2568 5239 2974 5303 supergressa,
3034 5225 3132 5280 aut
3200 5225 3338 5297 tanq
3383 5234 3477 5277 am
3512 5234 3629 5297 per,
3646 5217 3843 5279 scalas

456 5310 756 5391 sapienter
786 5331 879 5373 me
910 5312 1138 5375 audias.
1203 5311 1265 5375 Si
1324 5313 1607 5373 mundum
1644 5310 2010 5389 universum,
2047 5321 2105 5375 et
2187 5332 2364 5395 supra
2395 5330 2603 5374 omnes
2632 5313 2879 5375 virtutes
2903 5310 3157 5392 sublata,
3195 5309 3269 5369 ad
3303 5310 3482 5369 tinem
3512 5304 3658 5386 legis
3695 5326 3837 5388 per-

451 5416 581 5491 quae
612 5400 670 5462 in
706 5402 929 5465 mundo
979 5411 1117 5464 sunt
1171 5401 1417 5480 habeas,
1479 5409 1537 5462 et
1586 5419 1654 5462 ea
1684 5401 1743 5463 in
1778 5404 2102 5491 orphanos,
2194 5405 2369 5480 venit,
2404 5404 2505 5485 qui
2536 5412 2625 5467 est
2655 5403 2933 5478 charitas,
2972 5414 3029 5464 et
3061 5400 3227 5477 abiit,
3262 5418 3450 5491 usque
3479 5396 3553 5460 ad
3584 5408 3840 5491 mortem

451 5486 673 5564 viduas,
698 5492 1005 5553 mendicos
1021 5500 1333 5570 etegentes
1352 5492 1661 5572 dispergas
1674 5511 1741 5553 ac
1756 5486 2102 5570 distribuas,
2187 5494 2533 5559 cbarilatem
2563 5495 2811 5557 illzesam
2836 5510 3218 5556 conservans.
3248 5489 3539 5553 Similiter
3556 5487 3842 5570 prodigus

532 5657 646 5721 95.1
679 5679 787 5720 au.
826 5677 948 5732 vin,
988 5662 1082 5721 238.
1170 5662 1231 5709 ’ἐι
1262 5663 1441 5724 Matth
1502 5678 1556 5731 v,
1595 5662 1652 5723 8.
1741 5665 1798 5714 93
1829 5668 2032 5731 Matth.
2068 5686 2190 5741 xui,
2234 5668 2326 5729 45.
