4120 6378
344 356 452 424 541

1484 359 1925 425 DIVINOHUM
1972 356 2299 419 AMORUM
2347 355 2599 416 LIBER.

3604 333 3737 407 ⁷542

344 503 464 557 toto
496 514 565 557 ex
599 496 783 558 corde
813 515 1110 570 reversus,
1174 496 1409 558 sincere
1464 494 1736 577 paenituit
1779 502 1837 555 et
1867 512 2000 555 cum
2023 498 2064 545 Α
2087 487 2191 549 tibi
2227 486 2506 567 tnagarita
2551 505 2708 560 sum,
2764 484 2858 546 hic
2886 482 3330 577 cruorilictibi
3364 480 3650 552 triticum,
3688 482 3746 538 et

343 592 503 648 esset
527 593 668 646 ante
710 585 867 647 ﬁlius
916 604 1106 660 meus,
1161 604 1282 646 non
1337 592 1612 666 tanquam
1649 585 1802 645 ﬁlius
1837 600 2005 644 meus

344 674 419 734 ad
453 693 548 735 me
570 674 717 736 adiit
756 697 771 738 :
805 675 908 736 sed
933 676 1084 737 sicut
1113 694 1266 736 unus
1308 675 1383 736 de
1438 674 1824 736 mercenariis
1858 673 2005 734 meis

348 763 481 824 ﬁeri
516 764 746 844 petivit.
772 763 895 826 Nec
919 782 1059 826 vero
1082 765 1283 841 lingua
1315 772 1562 844 tantum,
1585 764 1685 825 sed
1721 771 1779 825 et
1805 764 2004 824 animo

346 851 731 933 loquebatur,
746 861 951 934 etquae
964 852 1159 914 verbis
1172 853 1428 933 dicebat,
1450 852 1730 932 operibus
1754 853 1998 913 demon-

344 941 587 1003 strabat.
622 941 935 1004 Humilitas
982 944 1111 1023 ejus
1140 941 1214 1003 ad
1265 942 1731 1003 misericordiam
1762 961 1856 1003 me
1881 942 1998 1003 im-

342 1031 518 1111 puiit,
550 1050 727 1112 quem
759 1051 894 1093 mox
950 1032 1152 1104 ditavi,
1186 1039 1241 1091 et
1265 1032 1547 1092 continuo
1570 1031 1757 1110 gloria
1790 1031 1996 1104 extuli,

342 1120 622 1200 quoniam
655 1139 724 1182 ex
783 1121 983 1181 animo
1040 1120 1112 1182 ad
1146 1138 1240 1182 me
1286 1137 1639 1181 conversum
1698 1119 1997 1198 videbam,

341 1225 476 1271 cum
509 1209 851 1290 neutiquam
889 1210 1071 1291 (quod
1102 1210 1270 1270 multi
1304 1210 1516 1281 solent)
1550 1217 1811 1270 mentem
1844 1229 1875 1270 a
1899 1229 1995 1271 me

339 1299 699 1377 reﬂecteret.
720 1297 845 1361 Hoc
862 1299 1034 1360 modo
1059 1297 1327 1379 quisquis
1350 1298 1420 1359 ad
1447 1317 1541 1359 me
1564 1299 1817 1372 venerit,
1845 1307 1903 1360 et
1933 1318 1996 1361 se

344 1386 488 1463 mihi
504 1388 741 1449 sincere
760 1388 1149 1469 prostraverit
1174 1387 1434 1460 (audiant
1453 1405 1662 1449 omnes
1691 1389 1967 1449 mortales
1973 1400 1989 1467 }

341 1475 655 1538 confestim
689 1496 825 1538 eum
858 1476 1200 1557 suscipiam.
1253 1474 1365 1548 Qui
1413 1484 1611 1536 autem
1642 1477 1834 1554 gratia
1865 1497 1996 1539 mea

341 1583 448 1645 per
475 1566 678 1627 dolum
715 1564 886 1646 potiri
916 1567 1056 1640 vult,
1094 1574 1305 1626 etcum
1337 1564 1642 1647 hypocrisi
1676 1583 1780 1627 seu
1814 1566 1996 1629 simu-

338 1653 560 1715 latione
590 1654 661 1715 ad
697 1673 793 1717 me
822 1653 1165 1728 accesserit,
1193 1664 1256 1714 ut
1279 1654 1718 1734 improbitatem
1767 1656 1990 1731 celans,

336 1750 437 1835 aut
474 1742 756 1835 operibus
781 1743 904 1835 suis
927 1743 1255 1835 confidens,
1312 1752 1374 1803 ut
1407 1744 1810 1835 elatione,_aut
1837 1746 1991 1807 invi-
2018 1787 2054 1835 Β

335 1832 435 1893 dia
468 1832 857 1905 constrictus,
888 1833 985 1894 hic
1019 1852 1262 1914 prorsus
1322 1852 1439 1895 non
1491 1833 1732 1895 habebit
1764 1844 1989 1916 partem

335 1940 598 1983 mecum.
634 1924 770 1985 Hac
800 1920 932 1997 tibi,
968 1931 1025 1984 et
1051 1922 1392 2003 -universus
1441 1922 1599 1985 Deus
1655 1942 1763 2005 per
1792 1943 1900 1986 nos
1929 1925 1991 1987 in

334 2012 519 2075 horas
551 2011 795 2073 occinit.

411 2101 498 2162 Ac
520 2100 570 2161 si
594 2101 788 2180 placet
809 2099 1049 2162 aliunde
1074 2119 1315 2182 quoque
1365 2102 1745 2182 perspicuum
1769 2102 1871 2164 tibi
1896 2102 1987 2164 fa-

331 2189 510 2271 ciam,
529 2190 624 2252 hic
649 2190 751 2251 tibi
778 2199 959 2252 totum
982 2208 1230 2269 regnum
1250 2191 1535 2254 caelorum
1571 2192 1988 2272 accipiendum

334 2297 487 2352 esse,
516 2279 567 2340 si
596 2288 725 2361 post
747 2278 972 2340 obitum
996 2279 1057 2341 in
1083 2282 1139 2340 id
1161 2279 1393 2359 ingredi
1413 2281 1808 2359 concupiscis.
1838 2282 1991 2344 Audi

2088 576 2744 656 velutsinapisgranum
2765 573 3041 636 sum.Hic
3065 572 3169 634 tibi
3201 572 3554 634 fermentum
3585 585 3741 641 sum,

2090 675 2150 728 et
2184 685 2433 727 massam
2469 673 2626 726 tuam
2659 668 2972 726 termento.
3032 663 3141 725 Hic
3169 661 3273 722 tibi
3297 678 3450 741 aqua
3474 666 3532 719 et
3551 658 3744 717 suavis

2088 755 2243 832 ignis
2267 775 2421 817 sum.
2459 754 2563 815 llic
2599 764 2657 816 et
2716 754 3132 814 vestimentum
3197 758 3253 811 et
3283 750 3651 824 alimentum,
3688 753 3746 805 et

2088 862 2265 906 omne
2296 862 2485 921 genus
2518 843 2772 924 potionis
2802 842 2909 904 tibi
2933 860 3088 916 sum,
3138 840 3189 902 si
3211 837 3387 899 modo
3412 845 3476 898 tu
3492 834 3597 924 vis.
3619 832 3740 895 Do-

2086 932 2282 993 minus
2306 934 2429 994 haec
2453 923 2621 993 dicit.
2649 932 2710 992 Si
2742 931 2925 1011 igitur
2952 931 3034 993 ita
3073 948 3143 991 ex
3189 927 3427 989 caducis
3448 923 3651 998 rebus,
3686 930 3746 983 et

2086 1022 2261 1082 talem
2283 1023 2768 1100 mecognoveris,
2798 1024 2972 1080 etiam
3006 1018 3113 1080 tibi
3134 1018 3307 1078 talem
3345 1033 3437 1075 me
3468 1012 3740 1084 habebis,

2086 1118 2142 1170 ut
2184 1110 2467 1172 ineffabili
2488 1111 2715 1171 ratione
2748 1112 2879 1170 fiam
2909 1108 3012 1169 tibi
3039 1107 3257 1168 omnia.
3289 1105 3391 1167 Sin
3426 1103 3567 1163 hinc
3599 1104 3743 1163 emi-

2084 1199 2295 1277 graris,
2331 1200 2611 1278 ignorans
2633 1198 2771 1280 quid
2793 1206 3071 1278 operetur
3109 1194 3297 1273 gratia
3322 1211 3473 1267 mea,
3496 1190 3621 1253 illic
3647 1210 3741 1280 me

2078 1277 2487 1348 tantummodo
2538 1277 2805 1368 judicem
2839 1277 3292 1347 inexorabilem
3350 1280 3638 1342 invenies.
3692 1277 3739 1341 Ο

2079 1376 2313 1440 Christe
2334 1396 2500 1437 meus
2514 1385 2573 1437 et
2588 1380 2741 1439 Deus
2760 1393 2944 1447 meus,
2971 1393 3044 1435 ne
3067 1392 3162 1435 me
3183 1379 3325 1433 tunc
3344 1370 3733 1448 condemnes,

2079 1483 2227 1526 neve
2243 1464 2752 1546 pmnissubjicias.
2774 1465 2870 1544 qui
2891 1464 3091 1524 multis
3115 1472 3170 1522 te
3197 1458 3460 1538 peccatis
3486 1456 3735 1533 offendi,

2080 1554 2181 1615 sed
2221 1572 2317 1616 me
2345 1561 2407 1615 ut
2439 1573 2618 1614 unum
2653 1552 2727 1614 de
2761 1552 2961 1614 intiuis
3017 1551 3131 1611 tuis
3188 1547 3576 1610 mercenariis
3606 1564 3737 1607 sus-

2079 1642 2248 1723 cipe;
2276 1650 2335 1704 et
2366 1642 2616 1721 dignare
2649 1659 2746 1704 me
2805 1642 3051 1722 posthac
3083 1638 3309 1700 servire
3368 1636 3496 1717 tibi,
3534 1633 3736 1698 Salva-

2079 1739 2170 1792 tor
2200 1731 2305 1806 mi,
2336 1739 2397 1793 et
2428 1730 2712 1811 Spiritum
2774 1737 3041 1792 sanctum
3106 1737 3264 1788 tuum
3327 1725 3540 1807 pignus
3568 1723 3737 1803 regni

2075 1820 2374 1901 accipere,
2412 1828 2470 1881 et
2501 1821 2540 1880 il
2568 1818 2882 1881 icthalami
2902 1819 2981 1879 tui
3028 1816 3216 1897 gloria
3259 1813 3735 1895 perfrui,viden-

2077 1917 2195 1971 tem
2225 1919 2279 1971 te
2296 1908 2481 1972 Deum
2507 1928 2703 1970 meum
2728 1909 2786 1970 in
2808 1926 3048 1968 omnem
3067 1905 3457 1968 aeternitatem
3472 1952 3485 1965 .
3518 1907 3732 1967 Amen.

2640 2013 2894 2075 CAPUM
2940 2008 3146 2071 XVIII.

2078 2100 2335 2176 Qualem
2369 2108 2646 2182 olim-teut
2671 2119 2793 2163 esse
2824 2099 3204 2171 monachum,
3234 2115 3363 2177 quae
3386 2100 3520 2175 ejus
3550 2096 3732 2174 actio,

2639 2189 2693 2243 et
2728 2182 2838 2261 qui
2867 2197 3169 2242 ascensus.

2158 2280 2387 2342 Animae
2418 2289 2531 2342 tuae
2555 2280 2796 2341 dommn
2821 2280 2909 2339 fac
2937 2277 3244 2357 palatium,
3273 2275 3429 2356 quod
3464 2273 3733 2336 Christus

328 2369 551 2430 iterum
584 2369 662 2429 im
688 2367 1668 2450 parabolisloquen'em.Regnum
1700 2371 1986 2434 cmlorum
2074 2370 2488 2431 universorum
2552 2387 2654 2429 rex
2708 2366 3032 2428 inhabitet:
3084 2366 3173 2425 fac
3218 2375 3416 2425 autem
3459 2362 3730 2443 lacrymis

334 2459 430 2520 cui
465 2458 667 2520 simile
697 2457 891 2519 dicam
921 2463 948 2516 ’ί
979 2458 1264 2521 Attende.
1301 2457 1511 2521 Simile
1544 2459 1598 2520 ei
1629 2478 1811 2538 grano
1835 2464 1991 2521 sina-
2071 2459 2453 2535 stillantibus,
2506 2458 2842 2537 ejulatibus,
2880 2454 3423 2528 lamentationibus,
3462 2470 3727 2529 genuum

330 2547 422 2629 pis
443 2547 602 2629 quod
629 2548 807 2609 homo
828 2547 1118 2628 quispiam
1171 2557 1506 2629 acceptum,
1535 2550 1682 2611 sevit
1723 2551 1780 2610 in
1819 2551 1988 2611 horto
2073 2548 2456 2622 ﬂexiouibus,
2494 2546 2793 2623 etcrebris
2810 2544 3149 2625 gemitibus,
3169 2543 3565 2604 simonachus
3597 2558 3733 2602 vere

332 2654 447 2698 suo
483 2644 541 2696 et
572 2636 1050 2717 comprehendit,
1103 2645 1161 2698 et
1209 2655 1412 2699 revera
1462 2637 1521 2699 in
1554 2637 1827 2700 arborem
1865 2659 1985 2701 ma-
2078 2638 2320 2713 μονάζων
2353 2654 2487 2696 es.~e
2516 2637 2623 2698 vis.
2689 2634 2859 2695 Tunc
2908 2652 3025 2693 non
3085 2633 3203 2692 eris
3235 2633 3493 2708 μονάζων,
3525 2629 3584 2690 id
3616 2638 3728 2701 est,

334 2744 514 2805 gnam
548 2743 613 2786 se
663 2726 897 2786 sustulit
951 2727 1031 2787 26.
1067 2725 1174 2787 Dic
1234 2735 1293 2787 tu
1345 2727 1469 2806 jam
1502 2727 1599 2807 qui
1638 2729 1763 2789 haec
1795 2729 1986 2799 audis,
2074 2725 2404 2799 solitarius,
2443 2744 2580 2785 nam
2613 2744 2747 2786 cum
2781 2742 2922 2802 rege
2976 2721 3344 2783 vexsaberis:
3384 2720 3503 2782 eris
3533 2728 3730 2782 autem

326 2815 604 2897 quisnam
638 2824 726 2876 est
753 2833 1001 2893 granum
1026 2816 1224 2879 istuc?
1268 2816 1408 2893 quid
1436 2835 1567 2877 esse
1600 2816 1744 2881 il'ud
1772 2827 1938 2897 putas
1960 2818 1990 2879 ἱ)
2076 2817 2316 2891 pming
2346 2813 2677 2875 secundum
2736 2832 2864 2887 nos,
2911 2820 2975 2873 ut
3006 2812 3107 2892 qui
3165 2811 3238 2872 ab
3299 2808 3643 2872 hominibus
3674 2818 3734 2870 et

323 2905 422 2966 dic
456 2903 670 2978 libere,
705 2904 928 2984 alioqui
960 2924 1067 2984 ego
1119 2904 1335 2967 dicam.
1402 2914 1458 2967 et
1515 2907 1820 2968 veritatem
1859 2907 1989 2969 elo-
2074 2903 2297 2964 mundo
2327 2903 2605 2965 universo
2638 2913 2945 2983 separatus
2972 2902 3078 2982 sis,
3131 2901 3288 2982 quod
3350 2908 3437 2961 est
3468 2898 3730 2978 legitime

324 3012 496 3075 quar.
532 2996 773 3056 Certum
807 3002 895 3055 est
926 3012 1173 3073 regnum
1234 2995 1518 3056 ccelorum
1579 3015 1820 3058 vocasse
1848 3016 1987 3077 gra-
2017 3071 2047 3077 _
2074 2994 2317 3069 μονέζειν
2355 3012 2368 3053 :
2434 2994 2558 3056 lteo
2613 3001 2809 3053 autem
2849 3001 2906 3051 et
2965 2990 3088 3069 regi
3168 2991 3552 3070 Conjuuclus,
3613 3008 3730 3049 non

329 3071 492 3143 num.
514 3080 675 3143 Istud
693 3097 891 3143 autem
912 3071 1158 3161 granum
1185 3091 1277 3144 est
1299 3083 1751 3163 diviniSpiritus
1775 3071 1983 3166 gratia.
2009 3071 2048 3121 C
2073 3083 2335 3158 μονάζων,
2354 3082 2456 3142 sed
2480 3081 2745 3142 omnium
2770 3087 3107 3141 sanctorum
3135 3080 3356 3152 socius,
3383 3078 3730 3158 angelorum

328 3172 536 3233 hortus
556 3189 661 3233 cor
678 3172 1147 3254 uniuscujusque
1163 3173 1423 3237 hominis
1448 3194 1463 3248 ;
1483 3174 1605 3247 ubi,
1631 3174 1731 3255 qui
1761 3176 1991 3258 accepit
2072 3166 3731 3258 convictorjustorumcontubernalis,etreveraomnium

326 3260 627 3340 spiritum,
661 3260 807 3322 serit
835 3261 978 3322 illud
1013 3268 1065 3323 et
1127 3262 1413 3340 contegit,
1472 3257 1985 3346 absconditque’in
2071 3260 2398 3321 caelestium
2432 3260 2693 3322 cohazres
2742 3260 2985 3319 eti‘ectus
3052 3277 3136 3318 es.
3189 3258 3313 3330 Quo
3348 3257 3532 3336 igitur
3562 3264 3730 3337 pacto

323 3349 554 3411 intimis
609 3348 966 3425 visceribus,
996 3361 1060 3412 ut
1089 3370 1265 3412 nemo
1298 3351 1514 3427 videat,
1569 3361 1627 3414 et
1658 3372 1790 3415 cum
1826 3356 1989 3416 omni
2071 3352 2334 3426 μονάζων,
2370 3350 2468 3429 qui
2499 3349 2580 3409 ibi
2606 3348 2776 3410 Vilam
2812 3348 3004 3408 dul‘iS-
3068 3348 3168 3408 Ubi
3216 3346 3531 3408 celebritas
3562 3364 3726 3408 mal“

326 3438 645 3501 sedulitate
670 3439 948 3513 custodit,
988 3449 1051 3501 ut
1080 3445 1330 3519 germini
1357 3449 1397 3515 t,
1433 3449 1493 3504 et
1520 3443 1696 3504 arbor
1735 3446 1988 3506 evadens

332 3527 486 3588 (ceto
510 3547 572 3589 se
602 3528 788 3590 tollat.
823 3527 884 3592 Si
919 3538 981 3591 tu
1013 3530 1299 3604 afﬁrmas,
1367 3550 1487 3592 non
1545 3532 1664 3606 hic,
1722 3533 1824 3594 sed
1855 3543 1986 3613 post

339 3624 583 3677 mortem
613 3636 821 3679 omnes
853 3629 1202 3699 accepturos
1227 3639 1475 3699 regnum
1502 3621 1629 3699 Dei.
1655 3621 1757 3701 qui
1786 3622 1840 3683 id
1871 3622 1988 3684 fer-

339 3714 539 3766 venter
566 3706 842 3786 diligunt,
906 3707 1013 3791 Dei
1063 3728 1130 3770 ac
1182 3708 1504 3771 Salvatoris
1561 3712 1747 3773 nostri
1809 3712 1986 3774 verba

331 3795 569 3856 evertis.
597 3794 719 3857 Nisi
741 3798 898 3858 enim
922 3803 1224 3879 acceperis
1241 3818 1486 3878 granum
1510 3801 1756 3882 sinapis,
1781 3802 1854 3863 de
1868 3821 1983 3882 quo

330 3883 501 3956 dixit,
529 3884 645 3945 nisi
674 3886 736 3947 id
769 3887 828 3947 in
884 3887 1053 3948 horto
1117 3898 1214 3949 tuo
1274 3889 1519 3963 severis,
1556 3891 1841 3953 sementis
1872 3911 1982 3954 ex-

328 3991 467 4051 pers
501 3991 708 4036 manes
735 3976 1001 4038 omnino.
1037 3975 1201 4049 Quod
1263 3979 1313 4038 si
1363 3979 1539 4039 etiam
1602 3998 1804 4041 semen
1842 3981 1984 4042 illud

316 4062 570 4142 jeceris,
606 4071 664 4124 et
691 4065 778 4125 vel
832 4065 1020 4144 spinis
1073 4068 1478 4147 suti'ocaveris,
1532 4071 1617 4129 vet
1653 4070 1858 4131 avibus
1887 4090 1984 4132 ra-

332 4151 618 4230 piendum
653 4153 1008 4234 pradideris,
1044 4164 1143 4217 aut
1205 4157 1566 4236 negligentia
1623 4167 1717 4219 tua
1749 4161 1983 4221 hortum

2073 3448 2285 3519 tyrum,
2310 3438 2411 3499 ubi
2429 3439 2648 3499 chorus
2672 3439 3093 3517 prophetarum
3120 3444 3178 3498 et
3199 3436 3535 3496 divinorum
3584 3453 3731 3515 apo-

2073 3526 3724 3606 stolorum,ibiinnumerabilisjustorum,episcoporum,

2069 3617 2559 3696 patriarcharum,
2588 3617 2959 3695 aliorumque
2975 3624 3317 3676 sanctorum
3342 3613 3681 3694 frequentia
3703 3615 3732 3674 ?

2069 3707 2179 3779 Qui
2211 3724 2348 3768 vero
2380 3706 2557 3767 etiam
2585 3705 2884 3765 Christum
2920 3703 2977 3764 in
3042 3723 3106 3764 se
3161 3703 3520 3764 habitantem
3552 3702 3724 3783 gerit,

2068 3796 2249 3857 dicite
2281 3795 2446 3868 mihi,
2485 3794 2782 3874 quomodo
2819 3792 2914 3854 hic
2959 3793 3120 3853 solus
3170 3811 3302 3853 esse
3351 3792 3465 3853 dici
3502 3798 3732 3872 potest?

2071 3889 2218 3949 Nam
2252 3904 2384 3947 cum
2419 3883 2653 3946 Christo
2689 3903 2821 3944 meo
2873 3902 2990 3944 una
3041 3890 3129 3944 est
3163 3880 3353 3942 Pater.
3389 3891 3445 3943 et
3475 3880 3732 3962 Spiritus

2071 3983 2336 4035 sanctus.
2364 3972 2433 4033 Et
2463 3972 2565 4052 qui
2620 3974 2857 4033 tandem
2905 3971 3093 4042 solus,
3138 3971 3249 4051 qui
3290 3971 3501 4043 tribus.
3537 3979 3596 4030 ut
3628 3969 3729 4030 uni

2070 4064 2379 4144 copulatus
2412 4061 2549 4125 est?
2580 4060 2706 4122 Non
2732 4070 2821 4121 est
2862 4060 3047 4136 solus,
3092 4060 3191 4140 qui
3231 4061 3349 4122 Deo
3379 4069 3469 4122 est
3501 4060 3725 4131 unitus,

2073 4154 2307 4214 etiamsi
2341 4151 2499 4213 solus
2530 4161 2643 4231 est,
2683 4163 2734 4214 et
2769 4150 3038 4231 quamvis
3092 4150 3151 4209 iu
3204 4150 3545 4222 solitudine,
3581 4157 3635 4210 et
3671 4153 3728 4209 in

328 4260 451 4301 non
476 4240 781 4318 rigaveris,
810 4251 865 4303 et
888 4263 1136 4322 granum
1167 4255 1345 4326 rupta
1370 4248 1580 4307 tel‘ure
1605 4267 1721 4308 non
1756 4248 1992 4328 prodie-
2074 4252 2240 4303 antro
2272 4243 2468 4321 degat.
2501 4241 2687 4312 Quem
2721 4241 2770 4300 si
2807 4259 2919 4300 non
2937 4239 3184 4311 invenit,
3206 4240 3255 4300 si
3279 4259 3394 4299 non
3430 4240 3722 4328 cognovit,

323 4329 425 4400 rit,
457 4314 1161 4409 nobgermiuavbrit,non
1190 4314 2125 4415 l'ruelumtulerit,ageduiu,Dsi
2159 4351 2275 4392 non
2338 4314 2566 4410 accepit
2627 4340 2811 4392 totum
2872 4328 3238 4389 iucarnalum
3300 4329 3401 4390 Dei
3436 4314 3725 4401 Verbum,

322 4419 507 4479 dicito
536 4438 665 4500 qua
697 4420 801 4481 tibi
832 4440 901 4481 ex
937 4423 1043 4482 hac
1076 4424 1329 4485 statione
1383 4428 1689 4505 proveniet
1720 4428 1987 4489 utilitas?
2075 4424 2190 4484 heu
2222 4421 2351 4482 ine!
2381 4421 2722 4500 neutiquam
2778 4425 2837 4479 et
2886 4419 3243 4479 monachus:
3299 4418 3400 4478 sed
3436 4419 3593 4493 μόνῡς
3623 4435 3725 4480 so-

326 4508 579 4581 Quando
602 4519 824 4581 autem,
859 4520 917 4572 et
949 4530 1066 4592 quo
1127 4514 1242 4574 alio
1306 4525 1573 4595 tempore
1631 4524 1676 4577 si
1714 4536 1830 4578 non
1865 4518 1985 4584 hie,
2074 4515 2187 4588 lus,
2222 4533 2255 4574 a
2289 4516 2409 4576 [)eo
2436 4520 2766 4591 separatus,
2804 4520 2859 4569 et
2918 4510 3222 4589 sejunctus
3246 4509 3538 4570 videlicet.
3574 4506 3726 4581 Quin

320 4616 532 4659 semen
569 4599 839 4679 accipis?
871 4603 1003 4662 Post
1031 4613 1305 4677 mortem,
1358 4604 1572 4684 inquis.
1597 4605 1713 4667 Sed
1747 4606 1988 4669 aberras
2074 4606 2249 4664 etiam
2285 4601 2576 4683 singulari
2608 4611 2896 4672 nostrum,
2928 4601 3155 4679 quihoc
3172 4600 3368 4660 animo
3398 4617 3624 4659 sumus.
3653 4597 3725 4658 ab

319 4686 395 4748 ab
429 4706 501 4748 eo
532 4688 685 4766 quod
705 4689 1024 4751 estrationi
1048 4700 1539 4755 consentaneum.
1563 4695 1868 4774 Interrogo
1906 4703 1983 4767 te,
2074 4694 2208 4754 aliis
2238 4691 2584 4753 hominibus
2613 4690 2856 4750 omnino
2912 4689 3236 4759 dissociati,
3290 4698 3348 4748 et
3377 4706 3587 4748 omnes
3624 4707 3725 4747 or-

325 4775 609 4854 quoniam
648 4776 707 4837 in
732 4779 901 4839 horto
931 4788 1068 4841 tunc
1093 4780 1243 4841 istuc
1267 4799 1513 4855 granum
1546 4791 1716 4843 terrae
1732 4784 1982 4845 abs-'on-
2074 4783 2253 4863 phani
2287 4799 2356 4842 ac
2387 4779 2638 4841 desolati
2678 4798 2903 4859 sumus,
2928 4779 3157 4840 tmnetsi
3185 4777 3549 4838 habitatione
3582 4797 3727 4837 cou-

326 4867 436 4924 des
460 4867 489 4925 ἵ
519 4884 775 4946 quonam
810 4866 1012 4929 labore
1071 4871 1254 4942 coles,
1286 4880 1349 4930 ut
1372 4871 1646 4933 eliciatur
1675 4873 1813 4933 inde.
1845 4875 1987 4934 her-
2065 4873 2235 4952 jungi
2265 4872 2555 4935 videmur,
2583 4869 2975 4931 etmullorum
3001 4867 3418 4947 aggregatione
3442 4869 3597 4928 inter
3620 4887 3727 4928 nos

329 4954 585 5015 bescens
615 4975 683 5017 ex
719 4976 791 5016 eo
815 4956 1078 5019 viriditas
1107 4959 1135 5018 ‘2
1160 4959 1311 5020 Vere
1347 4960 1422 5020 mi
1448 4960 1557 5019 frat
1583 4980 1650 5036 ϊ,
1675 4962 1982 5043 deceptus,

329 5050 390 5103 et
422 5044 633 5124 plenus
665 5045 891 5106 erroris
923 5065 1006 5108 es.
1051 5047 1174 5108 Hoc
1225 5049 1385 5109 enim
1449 5056 1682 5129 tempus
1713 5069 1985 5130 operum,

326 5134 616 5212 futurum,
651 5153 1008 5197 coronarum
1044 5146 1153 5198 est.
1189 5136 1298 5198 Hic
1326 5149 1382 5199 tu
1415 5138 1811 5200 arrhabonem
1844 5159 1983 5202 seu-

325 5223 543 5302 pignus
570 5223 801 5304 accipe,
854 5225 1000 5286 dixit
1052 5225 1388 5304 Dominus;
1439 5228 1537 5289 hic
1588 5229 1845 5305 sigillum
1882 5248 1984 5292 seu

323 5321 524 5371 notam
561 5331 742 5392 cape;
773 5313 896 5392 jam
933 5315 1111 5378 modo
1143 5316 1358 5378 animae
1383 5325 1494 5380 tum
1518 5318 1851 5398 lampadem
1886 5339 1986 5381 ac-

317 5401 533 5482 cende,
575 5403 923 5483 priusquam
959 5406 1374 5487 contenebret,
1431 5408 1773 5488 priusquam
1810 5409 1981 5469 tlau-

316 5490 535 5551 dantur
564 5502 749 5573 portae
780 5492 1195 5558 obeundarum
1252 5513 1522 5576 operum.
1577 5494 1635 5559 Si
1671 5497 1853 5579 sapis,
1884 5498 1983 5562 hic

397 5715 461 5765 ἥ
493 5717 697 5781 Matth.
735 5734 863 5789 xm,
899 5720 998 5780 3t.

2074 4962 2333 5024 misceri.
2371 4961 2583 5021 Animo
2617 4960 2773 5020 enim
2808 4968 2864 5017 et
2895 4977 3146 5035 corpore
3207 4956 3458 5035 sejuncti
3493 4977 3721 5033 smnus,

2074 5053 2228 5133 quod
2260 5070 2393 5113 esse
2423 5068 2624 5110 verum
2664 5067 2820 5107 mors
2845 5047 3126 5128 ostendit,
3154 5048 3725 5127 unumquemqueab

2074 5141 2282 5203 amicis
2315 5153 2371 5204 et
2406 5138 2672 5217 cognatis
2702 5137 3010 5197 divelleris.
3069 5145 3127 5197 et
3169 5137 3268 5217 qui
3293 5138 3726 5217 nuncdiligun-

2076 5241 2196 5305 tur,
2230 5249 2436 5293 eorum
2498 5227 2762 5289 ornuium
2823 5225 3178 5288 oblivionem
3229 5228 3508 5288 atferens-
3539 5229 3640 5289 Sic
3672 5237 3731 5290 et

2072 5340 2209 5393 nox,
2246 5328 2307 5381 et
2338 5337 2605 5389 somnus,
2639 5324 2695 5377 et
2724 5315 2992 5377 actiones
3022 5315 3170 5376 vitae.
3230 5318 3723 5379 consotiattonem

2071 5412 2229 5469 mu't‘
2256 5427 2412 5481 rum,
2450 5418 2505 5467 ut
2540 5413 3006 5467 carsentaneu’z’i
3069 5413 3178 5476 est,
3232 5406 3577 5467 dissolvunt.
3616 5407 3727 5478 Qui

2069 5507 2267 5561 autem
2295 5516 2400 5579 per
2433 5497 2705 5559 virtutem
2731 5495 2939 5557 cellam
2968 5512 3132 5556 suam
3158 5495 3376 5559 caelum
3401 5495 3563 5580 fecit,
3591 5499 3725 5563 etin
