4120 6388
434 338 550 403 543

1747 339 2049 402 SYMEON
2062 340 2132 402 IS
2170 341 2201 402 ,Ι
2213 341 2525 404 UNIORIS

3693 339 3809 402 544

410 491 480 533 ea
509 471 727 534 sedens
756 471 1097 534 Creatorem
1129 473 1264 534 coeli
1296 479 1354 533 et
1384 479 1557 534 terra:
1585 472 1942 550 considerat,
2005 480 2061 534 et
2083 483 2121 530 Λ
2148 491 2264 534 ηοη
2299 481 2564 552 possunt,
2599 492 2708 536 nec
2740 481 2972 536 exserto
3004 473 3197 554 capite
3227 473 3418 539 libero
3449 475 3580 538 caali
3611 491 3792 555 aspe-

411 560 580 624 videt
609 568 666 621 et
695 560 925 634 odorat,
959 569 1018 623 et
1064 580 1303 642 semper
1332 569 1423 623 est
1469 580 1602 623 cum
1651 560 1879 624 lumine
1905 560 2064 623 inac-

412 668 608 726 cesso,
643 649 868 712 lumine
899 651 1031 713 sine
1060 669 1296 724 occasu,
1357 649 1585 712 lumine
1629 651 1759 712 sine
1790 669 2059 732 vespera,

411 759 446 801 a
476 759 592 822 quo
651 759 770 801 non
788 740 1105 816 divellitur,
1141 739 1344 822 procul
1362 740 1605 802 omnino
1652 760 1766 802 non
1790 759 2060 804 remove-

417 843 538 902 tur,
567 847 684 892 non
718 830 840 904 die,
874 845 994 892 non
1026 838 1220 905 nocte,
1257 848 1374 892 non
1398 830 1459 890 in
1485 829 1642 906 cibo,
1668 829 1869 893 nonin
1895 840 2060 914 potu,

415 920 521 982 sed
551 938 662 982 nec
691 920 752 981 in
785 939 1016 997 somno,
1048 927 1148 982 aut
1205 919 1442 994 itinere,
1493 929 1596 983 aut
1642 921 1704 982 in
1737 922 2063 984 mulatione

416 1009 575 1082 loci;
609 1007 710 1070 sed
745 1014 808 1069 ut
839 1007 1027 1084 vivus,
1085 1009 1166 1070 ita
1220 1019 1512 1089 mortuus,
1572 1010 1715 1084 imo,
1751 1019 1816 1072 ut
1845 1011 2064 1073 clarius

421 1099 638 1178 dicam,
671 1099 930 1158 animam
957 1116 1201 1178 prorsus
1229 1098 1289 1159 in
1313 1098 1738 1180 sempiternam
1760 1099 1848 1162 illi
1878 1100 2065 1163 adest.

421 1187 732 1262 Quomodo
764 1187 924 1248 enim
949 1206 1167 1267 sponsa
1196 1207 1229 1249 a
1248 1206 1492 1268 sponso,
1517 1196 1615 1250 aut
1638 1191 1726 1252 vir
1754 1189 1828 1252 ab
1860 1211 2069 1266 uxore,

421 1277 516 1339 cui
539 1276 848 1356 colligatus
872 1283 961 1338 est
979 1277 1436 1358 semel,sejungi
1457 1279 1639 1356 possit
1661 1286 1688 1342 ?
1715 1281 2065 1359 Legislator,

417 1365 770 1444 cedolegem
799 1384 915 1426 non
940 1365 1243 1430 servabit?
1280 1367 1392 1439 Qui
1440 1368 1607 1448 dixit,
1643 1369 1923 1432 Eterunt
1952 1371 2074 1432 duo

418 1455 486 1518 in
514 1472 696 1518 carne
723 1472 849 1516 una
872 1454 952 1529 ’7,
985 1457 1284 1536 quomodo
1315 1475 1449 1517 cum
1485 1456 1608 1536 ipsa
1640 1458 1880 1534 spiritus
1913 1479 2066 1521 unus

2147 570 2243 622 ctu
2267 562 2402 624 frui.
2435 561 2625 643 Atque
2648 562 2801 624 istud
2833 571 2946 638 est,
2981 563 3139 643 quod
3199 563 3333 624 illos
3363 565 3524 644 angit
3557 572 3615 626 et
3645 582 3793 625 con-

2145 651 2360 724 tristat,
2391 651 2549 732 quod
2581 652 2882 715 Christum
2907 659 3100 714 totum
3146 671 3264 714 non
3295 652 3520 726 vident,
3556 651 3795 714 tametsi

2147 747 2334 802 totum
2362 740 2562 804 vident
2592 759 2605 802 :
2641 759 2754 802 nec
2785 759 2818 802 e
2839 740 3094 803 vinculis
3123 741 3396 822 corporis
3417 761 3483 804 se
3513 741 3796 821 expedire

2146 838 2394 910 queunt,
2439 830 2672 892 etiamsi
2727 829 3212 911 perturbationis,
3275 839 3332 892 et
3379 831 3544 893 omni
3592 848 3793 892 rerum

2147 919 2360 982 affectu
2400 926 2612 982 vocent
2644 936 2658 981 :
2693 919 2799 980 sed
2830 937 2864 980 a
2895 918 3096 980 multis
3153 918 3330 980 liberi
3377 938 3446 981 ac
3479 919 3678 999 soluti,
3721 919 3794 980 ab

2149 1028 2267 1069 uno
2295 1007 2654 1071 retinentur.
2709 1007 2880 1070 Alius
2926 1007 3088 1068 enim
3131 1007 3333 1069 multis
3364 1009 3616 1071 vinculis
3645 1026 3794 1070 con-

2155 1098 2393 1160 strictus
2421 1107 2533 1174 est,
2583 1115 2694 1162 nec
2749 1096 2822 1158 ab
2883 1097 3002 1158 illis
3049 1097 3250 1158 multis
3307 1117 3373 1160 se
3430 1099 3691 1162 solutum
3724 1097 3799 1158 iri

2156 1195 2377 1269 sperat.
2404 1186 2513 1260 Qui
2535 1196 2731 1249 autem
2775 1187 3008 1249 vincula
3029 1187 3287 1268 plurima
3308 1188 3666 1268 abrumpere
3691 1207 3800 1268 po-

2153 1279 2285 1352 tuit,
2315 1287 2373 1339 et
2403 1277 2596 1339 adhuc
2617 1277 2690 1338 ab
2718 1296 2836 1338 uno
2885 1276 3231 1355 impeditur,
3288 1278 3420 1358 plus
3450 1277 3582 1340 aliis
3613 1277 3798 1353 dolet,

2157 1376 2217 1430 et
2244 1368 2442 1430 abillo
2472 1386 2709 1448 quoqne
2757 1375 2820 1428 ut
2859 1365 3177 1440 eximatur,
3223 1367 3491 1428 studiose
3522 1367 3622 1428 dat
3650 1383 3800 1445 ope-

2155 1476 2308 1538 ram,
2340 1466 2402 1520 ut
2431 1457 2582 1519 liber
2603 1463 2902 1537 appareat,
2928 1463 2990 1516 ut
3011 1454 3276 1534 gaudens
3309 1455 3802 1535 incedat,utcum

419 1563 536 1606 non
571 1542 729 1607 erit?
760 1546 826 1608 In
855 1546 981 1606 viro
1029 1545 1188 1606 enim
1223 1545 1458 1620 mulier,
1487 1546 1548 1607 in
1584 1547 1832 1610 muliere
1861 1551 1970 1624 vir,
2008 1557 2067 1612 et
2147 1548 2525 1610 festinatione
2554 1547 2625 1608 ad
2651 1566 2786 1608 eum
2813 1545 3241 1625 proﬁciscatur,
3271 1562 3450 1624 quem
3489 1543 3800 1605 desidera-

418 1635 619 1696 anima
649 1637 708 1694 in
741 1636 882 1703 Deo,
912 1642 970 1695 et
994 1636 1146 1696 Deus
1185 1636 1247 1695 in
1277 1635 1476 1696 anima
1515 1636 1738 1717 unitur,
1763 1645 1822 1698 et
1849 1657 2065 1718 cogno-
2146 1637 2248 1711 vit,
2283 1639 2452 1717 cujus
2481 1655 2658 1699 causa
2709 1636 2853 1696 item
2903 1633 3159 1694 vinculis
3219 1632 3440 1694 exsolvi
3472 1632 3800 1694 contendit.

419 1724 607 1787 scitur
631 1723 693 1785 in
723 1723 944 1785 sanctis
973 1722 1272 1787 omnibus.
2096 1725 2326 1790 Blllum
2357 1727 2536 1804 igitur
2591 1723 2808 1804 singuli
2865 1724 3056 1785 solum
3111 1730 3480 1801 expetamus,
3539 1721 3640 1802 qui
3700 1739 3810 1781 nos

502 1813 600 1876 Sic
639 1811 924 1874 uniuntur
953 1812 1100 1890 Deo,
1135 1813 1236 1894 qui
1270 1832 1376 1895 per
1407 1815 1811 1894 pmnitentiam
1841 1819 2072 1881 animas
2154 1819 2352 1880 levare
2403 1817 2531 1879 istis
2588 1814 2836 1876 vinculis
2899 1818 3087 1892 potest
3123 1831 3138 1885 ;
3199 1810 3364 1870 illum
3433 1819 3800 1890 exoptemus,

425 1921 566 1965 suas
597 1906 656 1964 in
687 1903 798 1964 hac
829 1903 942 1963 vita
971 1911 1292 1983 purgantes
1343 1906 1621 1968 monachi
1663 1907 1832 1982 fiunt,
1860 1911 2073 1970 semeti
2155 1907 2346 1986 illum,
2380 1908 2551 1986 cujus
2573 1901 3017 1986 pulchritudine
3037 1899 3230 1960 omnis
3253 1899 3528 1978 cogitatio
3555 1908 3613 1961 et
3636 1917 3808 1961 mens

423 1993 496 2053 ab
528 1992 680 2062 aliis,
717 1992 937 2072 quique
965 2011 1206 2054 sensum
1230 1993 1451 2056 Christi
1476 1994 1800 2074 accipiunt,
1827 1999 1997 2077 cujus
2018 2006 2075 2059 et
2157 1995 2546 2078 obstupescit,
2581 2012 2828 2074 quaeque
2846 1992 3105 2052 animam
3135 2008 3375 2050 omnem
3412 1989 3712 2063 vulnerat,
3747 1997 3807 2050 et

425 2100 493 2143 os
523 2089 659 2142 sunt
691 2089 750 2142 et
779 2081 978 2160 lingua
1007 2100 1040 2142 a
1070 2083 1386 2144 mendacio
1443 2084 1638 2146 aliena
1666 2093 1773 2159 est,
1795 2106 1930 2150 cum
1960 2106 2074 2170 qua
2156 2084 2508 2164 quibusdam
2541 2083 2672 2146 aliis
2701 2082 2770 2144 ad
2825 2079 3172 2170 charitatem
3224 2078 3518 2152 subvehit,
3567 2086 3800 2170 etcum

425 2173 666 2234 Patrem
721 2172 1189 2250 omnipotentem
1256 2172 1657 2254 alloquuntur,
1715 2183 1773 2237 et
1819 2167 2074 2240 clamant
2155 2174 2280 2238 Deo
2309 2174 2366 2236 in
2401 2192 2578 2236 omne
2623 2190 2810 2235 aevum
2858 2168 3164 2232 consociat
3207 2175 3380 2248 atque
3410 2167 3798 2246 conglutinat.

425 2278 696 2340 semper:
739 2258 786 2323 Ο
818 2262 1012 2334 Pater,
1045 2279 1080 2320 o
1131 2259 1276 2334 Rex,
1329 2270 1386 2322 et
1445 2262 1730 2325 Conditor
1778 2266 2068 2332 omnium.
2238 2263 2362 2337 Eia,
2395 2264 2605 2325 fratres
2653 2261 2792 2333 mei,
2839 2259 2910 2320 ad
2970 2258 3127 2319 hunc
3185 2256 3522 2318 actionibus
3554 2256 3800 2317 currite.

424 2347 647 2410 Horum
675 2349 825 2411 cella
852 2349 1065 2412 malum
1106 2358 1216 2422 est,
1251 2350 1485 2430 ipsique
1515 2353 1624 2425 sol,
1662 2360 1719 2414 et
1750 2353 1950 2416 lumen
1986 2365 2076 2417 est
2159 2355 2263 2416 Eia
2293 2353 2491 2422 amici,
2526 2349 2842 2430 exsurgite.
2867 2347 2951 2410 Ne
3004 2345 3364 2427 posteriores
3395 2345 3552 2407 ferre
3583 2344 3802 2408 velitis.

427 2437 488 2499 in
517 2438 662 2518 ipsis
692 2457 991 2519 nunquam
1049 2438 1350 2520 occidens,
1404 2457 1473 2502 ac
1513 2441 1800 2515 divinum,
1829 2443 1984 2524 quod
2019 2451 2079 2506 et
2160 2445 2247 2503 Ne
2275 2461 2378 2503 vos
2408 2440 2657 2502 nimium
2703 2445 2992 2508 amantes,
3047 2433 3230 2524 nobis
3263 2432 3692 2524 obloquamini.
3723 2432 3809 2494 Ne

427 2546 665 2590 omnem
697 2528 999 2590 hominem
1035 2528 1368 2589 venientem
1390 2528 1452 2590 in
1480 2529 1636 2591 hunc
1669 2520 1976 2607 mundum,
2007 2551 2077 2594 ex
2159 2531 2463 2594 aﬂirmetis
2517 2526 2887 2608 impossibile
2937 2521 3126 2584 videri
3195 2520 3483 2602 Spiritum
3537 2530 3804 2584 sanctum

427 2615 653 2697 Spiritu
685 2624 891 2678 sancto
949 2625 1223 2678 renatum
1282 2618 1671 2680 illuminat”.
1733 2619 1858 2681 Nox
1914 2621 2074 2682 enim
2161 2620 2455 2700 accipere.
2491 2620 2578 2680 Ne
2627 2615 2829 2688 dicite,
2885 2613 3108 2694 absque
3163 2611 3291 2690 ipso
3353 2613 3604 2674 salutem
3635 2629 3810 2692 posse

427 2723 547 2766 non
578 2714 668 2768 est
693 2704 752 2766 in
783 2705 926 2786 illis,
951 2725 1061 2767 nec
1093 2726 1207 2787 quo
1229 2706 1288 2767 in
1320 2707 1495 2768 modo
1518 2708 1638 2784 ﬁat,
1663 2707 1865 2769 dicere
1893 2727 2072 2789 queo.
2164 2708 2314 2769 dari.
2345 2706 2429 2768 Ne
2460 2706 2659 2771 dicite.
2693 2721 3051 2786 quemquam
3100 2701 3275 2780 hujus
3315 2701 3654 2764 inscienter
3682 2719 3814 2762 esse

432 2795 664 2856 Horreo
691 2794 849 2855 enim
879 2797 1020 2855 dum
1069 2796 1195 2856 haec
1220 2795 1328 2856 tibi
1384 2795 1603 2876 scribo,
1639 2804 1697 2858 et
1726 2797 2082 2875 cogitatione
2166 2797 2539 2876 participem.
2570 2793 2656 2856 Ne
2707 2793 2909 2867 dicite,
2962 2791 3148 2852 Deum
3194 2789 3272 2850 ab
3323 2789 3666 2850 hominibus
3696 2808 3812 2850 non

426 2883 556 2962 ipsa
585 2883 866 2944 tremisco
901 2903 914 2944 :
952 2883 1059 2945 sed
1091 2883 1278 2944 doceo
1310 2892 1389 2957 te,
1423 2886 1723 2964 quomodo
1756 2894 1814 2946 et
1839 2905 1952 2966 qua
1980 2905 2079 2948 ra-
2166 2885 2376 2947 videri.
2410 2886 2495 2945 Ne
2539 2883 2741 2956 dicite,
2796 2880 3068 2942 homines
3120 2877 3388 2966 divinum
3445 2878 3645 2938 lumen
3693 2895 3814 2966 non

431 2971 592 3034 tione
621 2972 839 3048 vivant,
873 2972 973 3053 qui
1005 2972 1126 3034 Deo
1181 2963 1466 3050 serviunt,
1505 2983 1562 3036 et
1602 2974 1768 3036 illum
1802 2963 1919 3056 pra;
1949 2995 2081 3037 om-
2164 2973 2407 3050 videre;
2441 2972 2617 3035 autid
2650 2971 2742 3034 his
2771 2967 3136 3050 temporibus
3163 2965 3424 3028 fierinon
3461 2983 3652 3046 posse.
3692 2963 3811 3056 Ne-

431 3061 608 3124 nibus
633 3060 1216 3141 inquisitum,solum
1239 3063 1618 3145 invenerunt,
1644 3054 1833 3125 solum
1859 3065 2136 3157 dilexe-C
2165 3080 2456 3144 quaquam
2505 3067 2582 3124 ita
2649 3069 2758 3140 est,
2792 3059 2968 3122 amici
2993 3079 3030 3157 ;_
3062 3057 3181 3118 imo
3239 3056 3577 3157 volentibus
3607 3054 3809 3154 _etiam

431 3150 934 3230 runt;quomodo
965 3142 1613 3231 solipermouasticumi
1655 3161 1872 3216 statum
1902 3142 2334 3229 uniti,vfacile
2365 3161 2491 3214 est:
2530 3152 2630 3214 sed
2683 3151 2756 3212 iis
2822 3151 2920 3230 qui
2975 3147 3154 3208 vitam
3207 3164 3242 3206 a
3294 3142 3808 3231 perturbationum

433 3240 726 3330 cumsolo
758 3240 1183 3330 soli,quamvis
1222 3240 1281 3301 in
1333 3243 1630 3323 frequenti
1689 3244 1926 3324 populo,
1963 3244 2082 3304 sint
2162 3242 2512 3305 tumultibus
2543 3247 2844 3330 vacantem
2879 3245 2944 3330 et
2977 3237 3243 3298 sedatam
3302 3243 3487 3330 agunt
3517 3241 3575 3294 et
3602 3230 3818 3330 quibus

434 3328 602 3409 quasi
621 3327 836 3392 relicti.
867 3319 1118 3391 Hienim
1161 3349 1367 3392 revera
1395 3319 1530 3392 sunt
1557 3319 1854 3405 monachi,
1891 3341 1948 3394 et
1969 3333 2079 3393 soli
2165 3332 2297 3414 puri
2329 3332 2618 3393 mentium
2636 3327 2982 3391 oculi.Aliis
3006 3336 3389 3414 peccatorum
3415 3319 3814 3414 immunditize

443 3421 777 3494 μονάζοντες.
811 3420 911 3500 qui
944 3439 1078 3482 cum
1112 3421 1239 3481 solo
1275 3423 1418 3492 Deo.
1457 3422 1596 3484 etin
1629 3421 1752 3484 Deo
1778 3422 1912 3498 soli,
1937 3423 2080 3484 nudi
2163 3411 2488 3485 caecitatem
2519 3421 2773 3502 pariunt,
2809 3437 2937 3499 quin
2969 3426 3026 3479 et
3057 3415 3153 3476 hic
3197 3422 3256 3476 et
3317 3413 3439 3476 illic
3472 3411 3670 3502 divino
3704 3427 3807 3471 eos

433 3507 890 3586 cogitationibus
913 3518 970 3570 et
1001 3510 1334 3590 omnigenis
1391 3512 1574 3573 animi
1622 3512 2074 3590 agitationibus:
2166 3512 2391 3575 lumine
2424 3501 2759 3592 privabunt,
2791 3517 2850 3568 et
2903 3506 3049 3568 mihi
3097 3504 3346 3577 credite,
3407 3503 3468 3562 in
3528 3501 3726 3580 ignem
3760 3507 3819 3563 et

432 3597 1128 3661 solumintuenturDeum
1147 3601 1297 3680 apud
1322 3601 2085 3682 animum,cogitantes,nec
2167 3603 2442 3664 tenebras
2473 3601 2730 3663 mittent.
2754 3597 2986 3671 Videte,
3023 3594 3198 3656 amici
3226 3592 3440 3682 qualis,
3473 3611 3649 3682 quam
3688 3592 3817 3682 pulf

435 3679 2082 3772 cogitantesintixinimiruminlumine,quemadmodum
2168 3692 2334 3766 cher,
2359 3689 2434 3750 sit
2465 3688 2775 3750 Dominus.
2807 3686 2934 3760 Eia,
2987 3703 3063 3744 ne
3093 3679 3463 3744 conniveatis
3498 3680 3718 3754 animo,
3746 3681 3820 3740 ad

436 3779 2085 3862 teluminpariete,autstellaincwlo,autnescioqnoalio
2170 3789 2390 3842 terram
2417 3778 2798 3856 ascipientes.
2833 3775 2962 3847 Eia,
3001 3792 3073 3835 ne
3103 3773 3261 3862 curis
3295 3784 3670 3862 terrenorum
3705 3787 3819 3862 ne—

439 3868 637 3932 modo.
673 3858 1096 3931 Verumtamen
1129 3877 1191 3930 ut
1219 3869 1536 3949 quemdam
1596 3858 2084 3933 lucidum—thala-
2168 3869 2752 3950 gotiorumetOpum,
2779 3875 2836 3926 et
2857 3858 3824 3950 cupiditategloriaeAoccupemini,

438 3981 600 4022 mum
626 3960 891 4022 habitant
918 3960 1098 4021 cellas
1126 3947 1284 4034 suas,
1348 3973 1408 4023 et
1437 3979 1502 4022 se
1532 3961 1592 4022 in
1619 3963 1767 4024 coelo
1797 3961 2089 4023 arbitran-
2171 3947 2576 4019 uthoclumen
2597 3947 2727 4016 vitae
2754 3948 3373 4030 aeternzerelinquatis.
3395 3947 3583 4026 Agite,
3605 3947 3824 4025 venite,

441 4060 536 4111 tur
558 4051 776 4111 vivere.
807 4048 958 4110 Num
990 4057 1184 4109 autem
1237 4068 1373 4110 vere
1426 4049 1713 4126 habitent,
1746 4051 2086 4122 considera,
2171 4047 2368 4121 amici,
2404 4063 2660 4115 mecum,
2694 4052 2752 4104 et
2781 4061 2920 4118 una,
2959 4059 3075 4101 non
3108 4039 3348 4120 quidem
3391 4054 3666 4126 corpore,
3706 4037 3826 4126 sed

440 4148 497 4201 et
519 4140 696 4200 ﬁdem
731 4138 966 4200 habeto.
999 4137 1126 4199 Non
1152 4139 1312 4199 enim
1335 4147 1472 4200 sunt
1510 4139 1570 4200 in
1606 4123 1786 4214 terra,
1823 4140 2089 4220 quamvis
2171 4135 2368 4197 anima
2389 4133 2641 4196 etcorde
2664 4133 2987 4226 elevemur,
3012 4130 3071 4226 in
3095 4125 3675 4226 humilitatembpno
3705 4123 3817 4225 pu-

442 4236 600 4290 terra
625 4236 969 4308 teneantur;
1005 4227 1107 4289 sed
1141 4227 1200 4289 in
1233 4228 1458 4290 lumine
1499 4231 1730 4290 venturi
1768 4213 1968 4290 seaculi
1999 4232 2090 4290 vi-
2175 4225 2336 4287 mino
2365 4224 2780 4314 acclamantes,
2846 4217 3244 4314 misericordi,
3298 4224 3355 4276 et
3388 4215 3512 4314 nsoli
3553 4213 3828 4314 begnino

441 4328 605 4394 sunt,
641 4319 701 4379 in
733 4338 851 4399 quo
885 4303 1149 4379 habitant
1183 4327 1239 4378 et
1266 4317 1636 4380 inambulant
1661 4319 1878 4398 angeli,
1913 4338 1945 4380 a
1974 4339 2089 4400 quo
2176 4317 2317 4384 Deo.
2346 4313 2660 4376 etomnino
2678 4310 2982 4402 exaudiet,
3035 4307 3278 4402 omnino
3323 4303 3734 4402 miserebitur,
3769 4311 3835 4402 et

439 4393 769 4488 rapiuntur-
810 4406 1180 4488 Principatus
1231 4415 1290 4469 et
1343 4407 1688 4475 Pctestates.
1742 4393 2421 4478 Throni'etpomnino
2479 4401 2854 4493 revelabitur,
2917 4397 3246 4493 etomnino
3299 4414 3364 4493 se
3397 4393 3730 4493 patefaciet,
3767 4399 3835 4452 et

441 4481 897 4559 Dominationes
929 4481 1139 4558 omnes
1167 4497 1621 4560 confirmantur.
1652 4498 1722 4559 Et
1755 4517 2088 4579 quanquam
2178 4495 2378 4556 lumen
2411 4510 2584 4554 suum
2609 4489 2872 4579 lucidum
2907 4486 3078 4579 nobis
3109 4484 3402 4579 ostendet.
3436 4481 3587 4579 Quid
3619 4498 3828 4559 grava-

444 4587 600 4648 Deus
627 4585 948 4668 requiescit
1001 4587 1062 4646 in
1109 4585 1333 4648 sanctis
1384 4586 1526 4651 suis.
1594 4596 1790 4649 tamen
1850 4587 1907 4649 in
1970 4590 2092 4650 Deo

444 4676 634 4738 sancti
665 4677 887 4750 vivunt,
921 4684 979 4736 υι
1003 4683 1337 4750 moventur,
1367 4675 1738 4737 ambulantes
1761 4676 1820 4736 in
1842 4675 2088 4752 lumine,

445 4766 603 4827 velut
636 4783 816 4845 super
831 4764 1193 4845 pavimento.
1229 4765 1490 4826 Miranda
1522 4784 1644 4844 res,
1678 4773 1951 4847 tanquam
1981 4786 2091 4827 an—

445 4855 584 4933 geli,
625 4863 682 4916 et
712 4855 815 4916 ﬁlii
846 4853 1138 4916 Altissimi
1172 4863 1300 4934 post
1332 4862 1580 4918 mortem
1613 4862 1810 4927 erunt,
1850 4855 1934 4915 dii
1957 4874 2091 4916 cum

450 4944 569 5005 Deo
599 4942 884 5017 viventes,
910 4960 1043 5002 cum
1077 4961 1146 5003 eo
1178 4943 1281 5022 qui
1313 4952 1521 5004 natura
1577 4953 1688 5017 est,
1751 4943 1810 5004 hi
1859 4945 1960 5024 qui
1993 4962 2098 5024 per

447 5031 828 5112 adoptionem
863 5031 1090 5092 similes
1114 5031 1169 5092 ei
1201 5031 1335 5092 facti
1359 5040 1516 5093 sunt.
1547 5031 1669 5094 Hoc
1700 5040 1922 5094 tantum
1942 5050 2099 5093 nunc

445 5121 531 5183 illi
563 5121 800 5190 cedunt,
837 5120 996 5201 quod
1025 5138 1272 5200 corpore
1304 5120 1480 5182 vincti
1530 5128 1826 5194 tenentur,
1883 5139 2094 5200 eoque,

448 5213 565 5273 heu
597 5210 882 5284 velantur,
921 5218 977 5271 et
1008 5209 1387 5286 obteguntur,
1422 5221 1487 5272 ut
1539 5211 1639 5291 qui
1669 5214 1726 5271 in
1759 5209 2100 5272 carceribus

449 5299 628 5362 vincti
658 5300 1096 5379 custodiuntur,
1128 5299 1228 5380 qui
1261 5300 1472 5373 solem,
1510 5311 1567 5362 et
1599 5299 1796 5360 radios
1842 5299 1971 5378 ejus
1997 5316 2102 5380 per

447 5391 714 5452 foramen
749 5389 1154 5469 ingredientes
1209 5390 1574 5470 perspiciunt
1604 5390 1870 5470 quidem,
1905 5389 2097 5468 ipsum

449 5488 646 5540 autem
680 5485 861 5539 totum
897 5478 1122 5554 videre,
1158 5487 1216 5538 et
1265 5480 1555 5559 speculari
1579 5479 1846 5541 custodia
1875 5476 2100 5558 egressi

536 5647 591 5696 ³7
622 5647 766 5708 Gen.
808 5665 868 5722 lt,
902 5648 999 5713 9.4.
1086 5647 1148 5696 98
1177 5647 1322 5710 Joan
1385 5668 1424 5723 l,
1454 5650 1511 5713 9.

2175 4581 2546 4644 minimiseri
2575 4579 2715 4660 quid
2769 4577 3083 4657 pigramini
3115 4582 3142 4638 ?
3185 4575 3336 4646 Quid
3387 4571 3656 4660 requiem
3689 4588 3837 4630 cor-

2176 4672 2356 4752 poris,
2393 4678 2452 4731 et
2481 4659 2726 4748 gloriam
2761 4667 3112 4728 inhonoram
3139 4673 3196 4726 et
3219 4661 3555 4752 ingloﬁrialn,
3585 4659 3833 4752 inanem

2178 4747 2234 4823 et
2265 4747 2839 4821 vanam’mavultis‘?
2893 4754 3042 4827 Quid
3105 4753 3283 4814 vitam
3336 4749 3534 4812 virtuti
3567 4747 3836 4809 deditam

2179 4870 2310 4912 esse
2343 4849 2616 4920 otlosam,
2652 4854 2712 4907 et
2745 4863 2958 4906 vacare
2987 4841 3390 4905 sollicitudine
3420 4836 3670 4901 dicitis?
3699 4836 3838 4898 Non

2178 4940 2259 5001 ita
2291 4947 2403 5019 est,
2437 4938 2667 5009 fratres,
2723 4955 2838 4996 non
2889 4942 3004 5008 est,
3060 4953 3133 4994 ne
3185 4930 3422 4993 erretis.
3467 4927 3584 5019 Sed
3617 4943 3839 5006 quem-

2181 5015 2499 5090 admodum
2531 5025 2631 5105 qui
2662 5023 2839 5085 vitam
2863 5025 3207 5085 saecularem
3259 5024 3458 5098 agunt,
3494 5015 3844 5105 habentque

2184 5102 2756 5189 nxores,etliberos,
2805 5121 2862 5174 et
2903 5111 3159 5183 divitias,
3206 5129 3274 5170 ac
3299 5105 3690 5186 temporalem
3716 5102 3847 5180 glo-

2182 5207 2334 5269 riam
2367 5210 2674 5284 appetunt,
2720 5201 2981 5263 studium
3026 5199 3335 5277 adhibent,
3385 5199 3740 5284 etcurrunt,
3777 5201 3844 5284 ut

2184 5279 2460 5376 opinioni
2483 5292 2607 5353 sua;
2632 5279 2991 5353 satisfaciant
3027 5308 3040 5351 :
3071 5290 3148 5349 ita
3172 5304 3407 5368 quoque
3427 5283 3625 5376 omnis
3639 5279 3839 5363 pinni-

2187 5373 2341 5460 tens,
2375 5392 2432 5444 et
2465 5385 2587 5445 Deo
2619 5382 2884 5444 serviens
2943 5380 3226 5442 festinare
3267 5376 3470 5448 debet,
3514 5381 3571 5435 et
3595 5373 3655 5434 in
3687 5391 3841 5434 con-

2187 5476 2352 5536 tinua
2384 5471 2792 5538 sollicitudine
2848 5470 3094 5544 versari,
3128 5465 3428 5554 quomodo
3459 5464 3587 5544 ejus
3642 5461 3838 5544 poeni-
