4120 6392
299 355 442 483 ἰ545

1447 365 1887 432 DIVINORUM
1932 369 2259 434 AMORUM
2307 372 2556 434 LIBER.

3589 380 3708 445 546

330 487 492 586 entia
519 487 1032 586 ﬁat_acceptabilis
1059 493 1458 586 perfectaque,
1493 505 1551 558 et
1581 499 1703 561 Deo
1743 499 1959 579 placita
1980 511 2018 558 Α
2042 501 2230 562 solum
2249 500 2458 564 cellam
2479 502 2820 580 occludere,
2843 513 2902 567 et
2925 505 3082 568 intus
3103 508 3316 573 sedere
3345 531 3360 586 ;
3410 513 3517 574 sed
3535 513 3588 576 si
3615 515 3702 575 vel

303 577 578 653 servitus,
612 581 761 640 Tum
787 579 909 643 Deo
971 602 1038 644 ex
1071 583 1166 644 his
1223 584 1458 665 penitus
1487 577 1821 653 familiaris.
1850 609 1955 670 pe—

311 665 474 727 nitus
497 667 551 727 ei
584 668 810 745 unitur,
844 669 1163 752 ipsumque
1212 682 1350 735 ante
1398 677 1602 738 oculos
1658 665 1960 752 intuetur;

311 763 714 837 quantumque
735 758 1019 822 voluntati
1042 762 1432 841 ejus_morem
1465 781 1681 840 gerere
1712 775 1963 828 conten-

311 845 418 918 dit,
455 854 682 908 tantum
715 848 829 910 sibi
859 851 1012 932 apud
1042 870 1177 913 eum
1217 853 1494 915 ﬁduciam
1527 875 1594 916 ac
1622 855 1964 918 libertatem

314 934 528 1016 sumit;
561 936 719 1017 quod
754 938 979 1000 utinam
1023 950 1080 1002 et
1110 961 1218 1002 nos
1267 942 1459 1004 facere
1512 964 1871 1019 mereamur,
1908 953 1966 1006 et

312 1022 780 1090 misericordiam
829 1027 1147 1108 impetrare
1192 1050 1327 1092 cum
1389 1033 1670 1096 omnibus
1720 1035 1959 1108 sanctis,

313 1130 470 1174 nunc
502 1113 741 1193 quidem
775 1126 1049 1197 quantam
1088 1124 1144 1180 in
1199 1121 1310 1182 hac
1368 1122 1483 1183 vita
1534 1123 1772 1204 assequi
1798 1124 1958 1197 licet,

309 1200 658 1293 illiciautem
692 1203 990 1267 Christum
1053 1216 1266 1284 totum,
1330 1229 1398 1272 ac
1457 1219 1642 1272 totum
1677 1200 1960 1293 Spiritum

310 1289 372 1350 in
431 1292 604 1354 Patre
683 1310 1119 1376 consequamur
1194 1299 1253 1359 in
1337 1301 1553 1362 saacula
1611 1289 1961 1363 saeculorum

314 1377 529 1443 Amen.

915 1529 1159 1593 CAPUT
1202 1531 1354 1594 XIX.

307 1664 391 1721 De
415 1664 777 1743 intettectuali
790 1741 798 1743 _
817 1671 1148 1727 reuelatione
1190 1673 1546 1743 {auctionum
1601 1675 1782 1732 divini
1809 1676 1964 1732 tumi-

381 1737 491 1814 nis,
521 1736 689 1814 deque
739 1739 954 1811 divina,
1001 1746 1054 1799 et
1098 1732 1220 1814 quae
1248 1746 1430 1800 animo
1477 1747 1727 1802 cernitur
1755 1732 2024 1804 actioneB

383 1807 533 1864 illius
563 1807 712 1873 vitas,
747 1826 870 1882 qua
898 1807 1023 1870 cum
1052 1807 1251 1871 virtute
1279 1817 1638 1889 transigitur.

392 1931 578 1995 Sinite
605 1954 701 1998 me
732 1938 946 2014 solum,
966 1938 1610 2003 celltemeaeiuclusum
1639 1961 1652 2005 :
1687 1942 1966 2005 dimittite

310 2039 407 2110 _me
436 2041 574 2084 cum
627 2028 774 2100 Deo,
807 2029 908 2106 qui
963 2027 1126 2090 solus
1173 2037 1263 2090 est
1310 2029 1601 2110 benignus
1630 2053 1645 2107 ;
1674 2031 1963 2108 absistite,

306 2103 546 2190 longius
561 2131 662 2175 vos
690 2103 992 2179 removete
1021 2137 1036 2192 ;
1071 2117 1250 2180 sinite
1283 2138 1380 2179 me
1433 2103 1640 2180 solum
1677 2120 1830 2182 mori
1859 2139 1965 2182 co-

309 2215 438 2259 ram
459 2199 605 2276 Deo,
627 2203 913 2282 quiﬁnxit
932 2223 1052 2267 me.
1075 2204 1263 2268 Nemo
1284 2207 1499 2268 ostium
1525 2208 1719 2288 pulset
1744 2233 1759 2283 ;
1789 2228 1964 2271 nemo

309 2305 521 2350 vocem
572 2292 802 2363 mittat;
857 2312 1032 2356 nemo
1083 2305 1462 2375 cognatorum
1521 2298 1966 2379 amicorumque

307 2395 407 2466 me
427 2377 594 2455 visat,
627 2400 803 2444 nemo
834 2395 1095 2446 mentem
1127 2404 1319 2446 meam
1372 2404 1407 2446 a
1461 2377 1968 2466 contemplatione

310 2464 456 2528 boni
483 2486 551 2530 ac
583 2469 842 2550 speciosi
896 2471 1133 2534 Domini
1190 2473 1492 2537 abstrahat
1533 2492 1547 2548 ;
1612 2464 1786 2536 nemo
1820 2475 1968 2536 mihi

310 2554 510 2616 cibum
569 2561 870 2638 porrigat;
931 2580 1107 2623 nemo
1152 2572 1353 2642 potum
1409 2565 1653 2626 aﬁ‘erat:
1715 2564 1970 2626 sufﬁciet

310 2644 472 2705 enim
509 2647 652 2708 mihi
687 2650 874 2710 emori
907 2650 967 2712 in
990 2661 1314 2733 conspectu
1345 2652 1450 2714 Dei
1492 2652 1634 2733 mei,
1655 2653 1760 2714 Dei
1785 2653 1969 2716 mise-

307 2733 583 2810 ricordis,
613 2737 718 2800 Dei
745 2739 1008 2818 benigni,
1054 2741 1154 2822 qui
1195 2741 1257 2802 in
1304 2748 1494 2802 terras
1539 2741 1870 2817 descendit,
1905 2751 1971 2804 ut

309 2832 656 2902 peccatores
675 2837 934 2904 vocaret,
968 2837 1025 2891 et
1043 2849 1249 2892 secum
1286 2833 1343 2892 in
1370 2849 1473 2892 eos
1494 2832 1554 2892 in
1587 2831 1762 2894 vitam
1795 2833 1970 2894 caele-

306 2919 456 2974 stem
492 2915 868 2994 perduceret.
901 2918 1048 2981 Nolo
1106 2920 1301 2982 lucem
1359 2920 1566 2982 mundi
1620 2921 1819 3001 hujus,
1853 2941 1966 2984 nec

307 3003 503 3081 ipsum
534 3005 746 3081 solem,
776 3027 886 3069 nec
908 3027 1041 3089 quas
1061 3009 1122 3070 in
1156 3009 1379 3072 mundo
1410 3017 1572 3090 sunt,
1608 3010 1810 3071 videre
1839 3029 1964 3072 am-

2042 591 2225 652 eﬁ'osa
2254 591 2434 652 humo
2494 611 2588 654 me
2645 592 3037 668 abscondero,
3097 606 3157 660 et
3209 598 3293 660 ibi
3339 600 3515 663 vitam
3543 610 3708 664 extra

2047 678 2330 740 mundum
2367 689 2552 742 totum
2586 683 2810 758 vixero,
2845 685 3261 768 aspiciensque
3309 691 3702 754 immortalem

2046 768 2425 830 Conditorem
2439 789 2508 833 ac
2532 771 2878 854 Dominum,
2899 774 3029 854 ejus
3042 794 3246 839 amore
3271 780 3419 840 mori
3437 781 3699 856 voluero,

2048 856 2246 920 sciens
2305 877 2401 921 me
2451 860 2652 941 utique
2712 882 2828 924 non
2892 865 3291 931 mortiturum.
3346 867 3498 942 Quid
3529 870 3708 948 igitur

2046 947 2344 1036 commodi
2374 950 2630 1012 mundus
2657 951 2800 1012 mihi
2826 953 3066 1016 attulit?
3089 963 3147 1014 et
3185 957 3325 1036 quid
3362 977 3521 1021 nunc
3553 947 3702 1022 lucri

2046 1035 2334 1126 referunt,
2370 1040 2466 1116 qui
2503 1040 2561 1099 in
2623 1041 2845 1102 mundo
2907 1042 3177 1122 degunt?
3208 1035 3490 1109 iProfecto
3517 1048 3704 1126 nihil;

2049 1125 2158 1218 sed
2187 1126 2420 1218 n_udi_in
2453 1128 2744 1208 sepulcris
2767 1129 3050 1207 habitant,
3077 1144 3507 1217 resurgentque
3527 1125 3696 1218 nudi,

2048 1222 2106 1308 et
2127 1215 2556 1308 judicabuntur
2587 1237 2834 1295 omnes;
2882 1220 3020 1300 quia
3077 1231 3275 1284 Veram
3335 1215 3533 1300 vitam,
3563 1215 3702 1308 quia

2045 1302 2239 1394 lucem
2287 1305 2514 1382 mundi,
2578 1307 2876 1372 Christum
2942 1309 3208 1390 inquam,
3263 1302 3694 1394 relinquentes,

2051 1393 2386 1456 dilexerunt
2407 1397 2704 1470 tenebras,
2732 1403 2865 1460 etin
2889 1401 3031 1480 ipsis
3053 1401 3359 1466 ambulare
3391 1393 3700 1485 elegerunt

2050 1502 2280 1558 omnes,
2307 1486 2405 1566 qui
2438 1487 2630 1548 lucem
2664 1508 2781 1550 non
2836 1499 3211 1571 receperunt,
3266 1511 3396 1574 quae
3445 1495 3606 1556 fulsit
3639 1499 3698 1558 in

2051 1572 2292 1648 mundo,
2318 1594 2494 1655 quam
2523 1577 2778 1639 mundus
2803 1598 2920 1640 non
2975 1583 3151 1659 capit,
3205 1572 3316 1646 nec
3353 1583 3556 1648 videre
3583 1605 3693 1666 po-

2049 1667 2164 1721 test
2191 1660 2270 1724 29.
2297 1661 2584 1736 Quocirca
2613 1667 2957 1748 relinquite,
2992 1668 3135 1730 sinit
3158 1690 3251 1732 me
3274 1672 3488 1748 solum,
3515 1660 3696 1736 ob'se-

2047 1767 2169 1825 cro,
2197 1759 2259 1812 ut
2287 1753 2464 1814 ﬂeam
2487 1756 2860 1836 etrequiram
2910 1758 3087 1834 hunc,
3116 1765 3178 1819 ut
3220 1761 3393 1822 detur
3437 1763 3584 1824 mihi
3603 1764 3691 1824 vi-

2048 1837 2373 1921 deaturque
2401 1862 2436 1903 a
2467 1862 2560 1906 me
2607 1844 2870 1924 largiter.
2921 1845 3048 1908 Non
3097 1849 3254 1910 enim
3305 1849 3536 1912 videtur
3559 1861 3692 1915 tan-

2050 1931 2374 2011 tummodo,
2396 1951 2513 1994 non
2532 1933 2724 1996 solum
2747 1944 3080 2016 spectatur;
3102 1939 3206 1999 sed
3225 1941 3698 2005 communicatur

2051 2016 2250 2094 etiam,
2279 2028 2335 2081 et
2356 2021 2583 2092 incolit,
2612 2033 2670 2086 et
2691 2034 2908 2103 manct,
2932 2035 2990 2087 et
3025 2034 3114 2088 est
3135 2035 3414 2108 tanquam
3448 2031 3696 2093 thesau-

2050 2123 2152 2167 rus
2178 2108 2238 2168 in
2282 2111 2414 2171 sinu
2464 2111 2883 2176 absconditus:
2930 2134 3109 2196 quem
3161 2118 3262 2198 qui
3300 2125 3514 2198 portat,
3539 2121 3700 2182 volu-

2052 2205 2269 2274 ptatem
2295 2200 2569 2282 percipit,
2601 2214 2663 2264 et
2687 2203 2786 2284 qui
2820 2204 3004 2281 videt,
3039 2206 3256 2284 gaudio
3287 2209 3538 2270 exsultat
3566 2209 3698 2272 exi-

2049 2285 2368 2368 stimatque
2394 2307 2530 2350 eum
2551 2293 2818 2371 quamvis
2839 2295 3195 2357 occultatum
3218 2295 3383 2357 cerni
3399 2297 3472 2358 ab
3497 2298 3698 2361 omni-

2049 2373 2182 2436 bus.
2217 2373 2332 2465 Sed
2365 2378 2538 2458 plane
2599 2399 2714 2442 non
2773 2382 3060 2458 cernitur,
3120 2403 3230 2445 nec
3286 2385 3593 2465 attingitur
3622 2385 3696 2449 ab

2050 2464 2352 2546 omnibus,
2385 2466 2510 2528 Non
2545 2469 2702 2531 hunc
2724 2471 2835 2546 fur,
2866 2490 2984 2533 non
3013 2472 3160 2534 latro
3193 2464 3498 2553 surripere
3521 2483 3697 2556 atque

2053 2554 2285 2618 auferre
2316 2566 2530 2637 potest,
2565 2562 2937 2640 quantumvis
2964 2570 3294 2642 portantem
3312 2554 3694 2642 jugulaverit.

2053 2643 2114 2706 Si
2145 2663 2354 2725 rapere
2385 2648 2656 2724 voluerit,
2692 2652 3133 2732 quaerendoque
3173 2653 3436 2716 excutiat
3467 2674 3701 2716 marsu-

2051 2733 2237 2812 pium,
2260 2744 2558 2798 scrutetur
2575 2740 2858 2815 tunicam,
2881 2740 3183 2821 cingulum
3208 2743 3418 2824 solvat,
3445 2763 3704 2826 eumque

2051 2821 2240 2885 libere
2269 2825 2551 2906 indaget;
2583 2829 2632 2889 si
2664 2829 2840 2892 etiam
2886 2831 3151 2892 dissecto
3201 2821 3413 2894 ventre
3445 2821 3698 2896 rimetur

2049 2912 2298 2990 viscera,
2326 2914 2596 2978 invenire
2617 2937 2686 2980 ac
2703 2918 2909 2980 tollere
2925 2920 3268 2999 neutiquam
3293 2921 3529 3002 poterit.
3551 2920 3698 2984 Nam

2045 3003 2352 3090 oculorum
2375 3005 2638 3070 obtutum
2663 3009 2890 3087 eﬁ'ugit,
2918 3017 2978 3071 et
2998 3011 3274 3072 manibus
3297 3030 3413 3072 non
3438 3018 3702 3090 tenetur,

306 3090 486 3170 ριίιιε,
521 3091 711 3156 Video
735 3088 990 3178 namque
1029 3097 1351 3160 Dominum
1404 3088 1629 3179 meum,
1666 3098 1837 3160 video
1865 3114 2018 3162 re-c
2047 3088 2115 3149 Et
2144 3110 2274 3180 cum
2309 3092 2388 3154 sit
2406 3096 2848 3158 contrectabilis
2877 3099 3146 3180 omnino,
3171 3097 3348 3161 simul
3375 3110 3468 3160 est
3495 3088 3706 3162 incon;

311 3199 468 3259 gem,
500 3183 672 3247 video
714 3204 919 3248 verum
977 3187 1200 3264 lumen,
1255 3198 1314 3250 et
1371 3188 1658 3268 cujusque
1720 3189 1965 3252 luminis

317 3279 666 3336 creatorem.
699 3273 885 3338 Video
907 3278 1130 3338 fontem
1152 3278 1352 3340 omnis
1371 3276 1533 3339 boni.
1556 3276 1746 3340 Video
1767 3287 1964 3340 aucto-

319 3374 450 3448 rem
479 3372 535 3420 et
562 3381 794 3426 causam
815 3383 1026 3427 rerum
1060 3367 1352 3429 omnium.
1391 3364 1576 3428 Video
1602 3365 1960 3448 principium

319 3447 594 3530 principii
622 3471 860 3533 expers,
888 3473 920 3515 a
942 3474 1058 3535 quo
1081 3454 1367 3535 producta
1401 3463 1538 3516 sunt
1573 3454 1870 3533 universa,
1903 3465 1964 3519 et

309 3554 423 3616 per
441 3557 614 3619 quem
635 3541 834 3604 vivunt
853 3543 1256 3624 alimentoque
1284 3544 1606 3624 implentur
1622 3546 1826 3605 omnia
1855 3564 1872 3622 ;
1905 3555 1963 3608 et

309 3626 482 3705 cujus
509 3629 803 3693 voluntate
830 3631 1115 3694 deﬁciunt
1142 3652 1214 3695 ac
1243 3633 1528 3694 desinunt
1555 3633 1777 3694 omnia.
1808 3633 1961 3706 Quo-

308 3717 486 3777 modo
517 3718 696 3796 igitur
718 3739 788 3782 eo
837 3721 1073 3784 deserto
1134 3721 1346 3784 cellam
1406 3739 1599 3782 meam
1635 3721 1962 3800 egrediar?

309 3802 497 3866 Sinite
527 3825 647 3878 me,
681 3818 739 3870 et
768 3809 1161 3891 lamentabor,
1213 3818 1274 3872 et
1301 3809 1624 3890 deplorabo
1671 3820 1878 3874 noctes
1910 3822 1968 3874 et

307 3893 460 3970 dies,
491 3915 642 3976 quos
669 3898 920 3977 perdidi,
981 3898 1120 3960 dum
1173 3899 1412 3961 inteuor
1455 3898 1746 3960 mundum
1776 3900 1960 3978 hunc,

307 3982 544 4044 intueor
573 3985 782 4060 solem,
819 3988 1053 4049 intueor
1082 3989 1283 4050 lumen
1308 3987 1514 4049 mundi
1544 3990 1660 4050 hoc
1684 3987 1794 4050 sub
1819 4008 1962 4051 sen-

309 4089 440 4133 sum
473 4073 720 4149 cadens,
751 4083 811 4137 et
834 4076 1244 4154 caliginosum,
1290 4078 1448 4157 quod
1507 4076 1769 4139 animam
1802 4078 1961 4141 haud

308 4159 632 4243 illuminat,
664 4165 996 4245 citraquod
1030 4165 1208 4227 etiam
1232 4165 1422 4228 oculis
1461 4166 1616 4245 capti
1645 4166 1868 4239 vivunt,
1903 4176 1961 4229 et

307 4267 446 4310 cum
462 4250 602 4313 hinc
619 4263 808 4315 morte
825 4255 1251 4329 discesserunt,
1267 4274 1427 4316 nunc
1439 4254 1776 4316 videntibus
1791 4275 1963 4335 pares

310 4348 524 4411 erunt;
550 4341 611 4402 in
633 4362 748 4424 quo
771 4351 829 4405 et
851 4362 958 4423 ego
982 4343 1367 4423 vagabundus
1410 4342 1650 4404 laetabar
1671 4343 1964 4406 omnimo-

311 4427 428 4509 dis,
461 4448 530 4492 ac
554 4419 802 4512 prorsus
857 4419 1015 4494 aliud
1059 4419 1273 4494 iumen
1320 4450 1453 4494 esse
1502 4451 1620 4493 non
1653 4432 1956 4516 putabam,
1983 4419 2026 4469 D

311 4518 468 4598 quod
501 4528 558 4582 et
577 4525 693 4583 vita
723 4531 900 4596 esset,
958 4529 1021 4583 ut
1063 4521 1339 4598 diximus,
1399 4530 1458 4583 et
1485 4540 1661 4583 causa
1688 4522 1962 4584 essentia;

309 4608 556 4670 omnino
590 4619 714 4671 tum
744 4611 874 4702 ejus
905 4611 1062 4692 quod
1111 4619 1222 4702 est,
1296 4619 1418 4671 tum
1451 4611 1583 4702 ejus
1614 4611 1772 4702 quod
1805 4613 1954 4675 erit:

311 4715 594 4778 eramque
613 4702 770 4762 velut
790 4700 962 4776 ἄθεος,
988 4718 1123 4762 cum
1163 4701 1500 4779 ignorarem
1518 4699 1708 4760 Deum
1733 4699 1954 4762 meum.

310 4783 483 4848 Nunc
509 4795 707 4850 autem
733 4797 1040 4870 postquam
1056 4787 1418 4869 complacuit
1437 4787 1748 4850 inetIabilii
1771 4787 1956 4850 mise-

311 4874 592 4938 ricordia:
622 4877 811 4939 videri
852 4897 888 4939 a
930 4896 1026 4939 me
1078 4885 1138 4939 et
1182 4876 1434 4938 revelari
1487 4876 1633 4937 mihi
1689 4875 1961 4956 indigno,

315 4965 435 5026 vidi
468 4973 526 5027 et
546 4984 682 5028 vere
740 4967 1008 5048 cognovi,
1068 4965 1262 5046 ipsum
1303 4965 1493 5028 Deum
1549 4965 1965 5028 universorum

313 5072 470 5128 esse,
507 5054 690 5118 Deum
740 5056 1007 5118 omnium
1055 5074 1185 5136 quae
1230 5055 1292 5117 in
1327 5054 1550 5116 mundo
1593 5063 1752 5128 sunt,
1787 5073 1965 5135 quem

316 5159 492 5203 nemo
527 5145 833 5207 hominum
874 5145 1058 5221 vidit;
1093 5152 1257 5206 extra
1287 5143 1574 5204 mundum
1600 5143 1820 5224 quippe
1849 5151 1964 5219 est,

316 5241 480 5294 extra
503 5233 698 5296 lucem
724 5254 792 5296 ac
824 5233 1124 5308 tenebras,
1157 5241 1323 5294 extra
1358 5249 1582 5308 aerem,
1611 5240 1774 5294 extra
1799 5249 1973 5293 men-

317 5331 434 5382 tem
469 5340 539 5385 ac
567 5343 809 5387 sensum
854 5342 1120 5386 omnem.
1175 5322 1369 5394 Quare
1412 5340 1520 5400 ego
1568 5338 1802 5402 quoque
1832 5339 1967 5382 eum

312 5411 542 5494 videns,
577 5433 612 5476 a
643 5413 922 5477 sensibus
951 5412 1092 5475 abii.
1155 5411 1306 5491 Ergo
1363 5429 1466 5471 vos
1513 5410 1730 5491 quibus
1758 5427 1969 5471 sensus

308 5499 628 5586 imperant,
663 5523 759 5568 me
807 5504 1053 5567 missum
1106 5500 1302 5573 facite,
1361 5519 1430 5561 ac
1491 5499 1669 5562 sinite
1699 5516 1796 5560 me
1848 5517 1968 5561 non

397 5676 647 5740 “Joan.
683 5693 771 5754 ni,
807 5675 885 5738 16
914 5692 1082 5757 seqq.

2047 3179 2400 3245 trectabilis.
2434 3184 2860 3247 Verumtamen
2893 3179 3428 3247 teneturmanibus
3459 3205 3695 3262 eorum,

2046 3267 2147 3348 qui
2165 3269 2279 3331 hoc
2307 3270 2472 3350 digni
2500 3282 2639 3335 sunt
2661 3273 2913 3354 (indigni
2931 3273 3005 3335 ab
3028 3276 3141 3337 hoc
3164 3275 3487 3355 facessite),
3509 3277 3706 3354 jacet-

2046 3375 2160 3436 pue
2178 3357 2241 3418 in
2263 3377 2442 3421 manu
2469 3361 2774 3442 quiddam,
2806 3381 2840 3423 o
2861 3362 3214 3425 miraculum
3239 3365 3253 3425 l
3291 3372 3348 3424 et
3377 3383 3497 3424 non
3529 3364 3700 3444 quid-

2045 3445 2204 3528 dam,
2239 3466 2456 3510 nomen
2489 3451 2648 3512 enim
2681 3470 2801 3513 non
2822 3452 3020 3515 habet.
3079 3452 3378 3514 Attonitus
3409 3452 3607 3530 igitur,
3642 3462 3705 3515 et

2042 3533 2154 3596 hoc
2179 3537 2425 3616 cupiens
2453 3540 2735 3620 retinere,
2763 3543 3183 3622 constringens
3239 3560 3502 3618 manum,
3538 3541 3699 3604 visus

2043 3642 2173 3686 sum
2233 3636 2441 3689 tenere
2493 3638 2551 3690 et
2605 3630 2851 3706 habere,
2899 3631 3138 3712 vidique
3181 3649 3418 3692 rursum
3481 3631 3544 3691 in
3603 3649 3696 3706 ea,

2043 3713 2196 3792 quod
2230 3715 2420 3795 prius,
2450 3736 2484 3779 o
2514 3718 2819 3782 ineffabile
2850 3719 3205 3782 miraculum
3234 3720 3248 3779 l
3278 3737 3313 3784 o
3345 3719 3694 3782 inusitatum

2054 3805 2397 3882 mysterium
2422 3807 2436 3866 !

2128 3891 2278 3964 Quid
2303 3893 2519 3957 frustra
2538 3914 2744 3958 omnes
2791 3896 3121 3973 turbamur,
3156 3896 3298 3979 quid
3333 3896 3692 3977 decipimus,

2045 3981 2186 4062 quid
2209 3983 2282 4045 ad
2313 3983 2515 4047 lumen
2547 3985 2659 4047 hoc
2690 3987 2848 4067 quod
2870 3985 3409 4065 sensuisubjicitur
3435 3985 3694 4068 hiamus,

2043 4072 2146 4152 qui
2175 4090 2356 4134 sensu
2408 4074 2817 4150 intellectuali,
2869 4093 3088 4156 nempe
3127 4075 3360 4137 ratione
3390 4075 3697 4137 condeco-

2041 4161 2152 4222 rati
2181 4180 2386 4223 sumus
2406 4161 2437 4222 ?
2456 4165 2574 4226 Cur
2601 4162 2674 4224 ad
2701 4182 2800 4224 res
2833 4164 2962 4225 vitae
3020 4163 3194 4243 hujus
3224 4164 3480 4226 caducas
3508 4173 3566 4225 et
3598 4183 3700 4245 pe-

2045 4248 2260 4312 rituras
2279 4251 2658 4332 respicimus,
2691 4252 2791 4333 qui
2839 4253 3038 4313 anima
3086 4253 3443 4333 incorporea
3493 4260 3552 4314 et
3584 4253 3698 4313 im-

2045 4339 2278 4399 mortali
2308 4358 2514 4402 sumus
2543 4340 2772 4420 praediti
2791 4339 2822 4400 ?
2845 4339 2998 4413 Quid
3034 4340 3147 4402 ista
3188 4340 3555 4404 admiramur
3585 4359 3696 4402 nos

2045 4426 2265 4507 stupidi
2301 4428 2557 4508 penitus,
2590 4438 2674 4502 et,
2705 4428 2894 4491 instar
2942 4448 3260 4502 caecorum,
3297 4429 3527 4506 pondus
3556 4429 3700 4492 ferri

2046 4522 2106 4577 et
2162 4535 2432 4597 magnam
2493 4519 2647 4580 hanc
2729 4517 3057 4599 placentam
3131 4517 3365 4579 medico
3425 4535 3569 4580 auro
3599 4527 3698 4580 aut

2044 4605 2321 4684 pretiosa:
2351 4607 2672 4688 magaritaa,
2699 4614 2912 4669 utrem
2931 4606 3322 4668 aestimatione
3374 4606 3690 4686 majorem,

2040 4694 2430 4756 anteferimus
2459 4714 2472 4760 :
2504 4714 2616 4757 nec
2642 4714 2884 4776 parvum
2917 4693 3142 4777 sinapis
3185 4713 3436 4774 granum
3471 4696 3693 4778 quaeri-

2046 4801 2200 4860 mus,
2231 4784 2392 4866 quod
2423 4785 2700 4847 omnibus
2728 4804 2860 4866 qua;
2886 4784 3073 4846 oculis
3123 4793 3504 4866 usurpantur,
3539 4801 3694 4868 qua:-

2047 4891 2162 4952 que
2191 4875 2300 4934 sub
2321 4887 2629 4953 aspectum
2655 4895 2774 4936 non
2818 4875 3082 4954 veniunt,
3116 4873 3306 4954 majus
3340 4881 3516 4955 atque
3548 4892 3697 4951 prae-

2048 4962 2392 5026 stantiusest
2409 4963 2568 5027 ?Cur
2585 4983 2702 5026 non
2722 4963 2935 5025 damus
2951 4962 3176 5038 omnia,
3195 4970 3253 5024 et
3276 4980 3694 5044 comparamus

2050 5051 2330 5116 illud?et
2357 5073 2462 5116 cur
2508 5053 2622 5116 hoc
2667 5052 2935 5115 destituti
2981 5052 3043 5114 in
3094 5051 3214 5116 vita
3259 5051 3692 5114 manerevolu-

2054 5160 2184 5203 mus
2205 5140 2235 5202 ?
2259 5141 2498 5205 Credite
2527 5142 2698 5218 mihi,
2732 5142 2783 5204 si
2816 5141 2904 5203 vel
2935 5139 3152 5222 saepius
3183 5141 3331 5204 mori
3365 5142 3596 5215 liceret,
3629 5150 3695 5204 ut

2053 5229 2209 5294 istud
2259 5250 2506 5313 parvum
2567 5250 2818 5312 granum
2871 5230 3343 5312 acquireremus,
3388 5249 3506 5293 non
3538 5237 3698 5293 esset

2051 5323 2383 5382 recusanda
2414 5321 2700 5383 conditio.

2129 5407 2231 5472 Vae
2255 5410 2393 5488 illis,
2428 5410 2529 5491 qui
2558 5409 2618 5471 id
2651 5412 2713 5471 in
2765 5409 2902 5471 sinu
2951 5409 3165 5472 animm
3211 5416 3400 5472 satum
3433 5427 3552 5471 non
3578 5408 3694 5470 ha-

2051 5498 2215 5576 bent,
2239 5500 2628 5562 vehementer
2647 5499 2848 5580 utique
2877 5498 3166 5562 esurient.
3196 5500 3298 5561 Vae
3327 5497 3428 5579 qui
3458 5498 3519 5559 id
3551 5515 3692 5579 ger-
