4120 6382
433 350 561 414 547
1724 342 2021 407 SYMEON

2148 342 2181 404 J
2190 332 2500 407 UNIORIS
3688 344 3809 413 548

408 486 668 547 minasse
697 503 813 546 non
846 483 1141 556 viderunt,
1175 481 1454 563 quoniam
1513 478 1679 559 nudi,
1711 486 1776 539 ut
1820 475 2128 537 arboresA
2151 474 2317 541 mine
2349 477 2583 558 penitus
2614 478 2977 542 intolerabili
3006 480 3283 542 habitas?
3322 478 3628 552 Quomodo
3674 498 3812 541 ma-

406 574 561 637 foliis
591 575 867 648 viduata),
889 575 1145 636 stabunt.
1173 574 1277 633 Vae
1293 569 1604 652 quiverbis
1629 566 1866 631 Domini
1888 564 2067 625 ﬁdem
2155 583 2306 627 nens
2335 565 2747 641 immutabilis,
2782 579 2843 631 et
2872 570 3117 631 omnino
3147 570 3208 631 in
3240 568 3637 645 accessibilis,
3686 571 3813 631 feni

408 684 525 726 non
558 665 961 739 commodent,
1021 672 1082 725 ut
1146 664 1267 724 haec
1326 660 1508 722 arbor
1562 661 1725 725 ﬂant.
1778 663 1837 717 et
1870 672 2068 716 ramos
2152 653 2541 717 substantiam
2575 656 2656 718 ita
2685 657 2973 738 custodis,
3004 666 3069 721 ut
3098 679 3215 721 uon
3242 659 3666 722 comburantur
3688 658 3812 720 ?Et

406 754 698 829 emittant,
719 754 1104 834 studiosaque
1157 759 1216 813 et
1259 758 1479 813 attenta
1512 763 1712 809 meme
1757 743 2059 824 quotidia-
2150 760 2400 805 manens
2431 745 2634 806 fenum
2689 747 2784 808 lux
2846 756 2956 829 est,
3012 768 3129 809 non
3187 757 3384 811 autem
3444 748 3541 810 lux
3597 748 3806 809 fenum

407 862 548 905 num
577 842 747 905 istius
780 843 942 923 parvi
972 844 1137 921 grani
1170 841 1604 901 incrementum
1640 843 1849 898 curent
1879 857 1892 905 ;
1920 852 2053 894 nam

407 934 537 1013 ejus
566 932 900 994 efficientia;
932 931 1355 992 detrimentum
1383 928 1619 999 facient,
1648 929 1802 987 sicut
1822 941 2049 991 servus,

406 1023 509 1102 qui
538 1023 713 1084 stulte
745 1023 1030 1082 talentum
1051 1018 1272 1080 defodit
1294 1018 1377 1079 30.
1404 1017 1666 1089 Quorum
1698 1015 1771 1076 de
1805 1031 2054 1074 numero

402 1129 513 1189 ego
547 1130 784 1192 quoque
815 1128 967 1184 sum,
1003 1108 1327 1187 negligens,
1364 1115 1421 1169 et
1449 1123 1689 1167 cessans
1711 1105 1969 1166 assidue.

485 1199 622 1269 Sed,
655 1219 688 1259 ο
722 1198 1020 1259 individua
1047 1196 1329 1270 Trinitas,
1366 1216 1399 1255 o
1435 1195 1742 1256 inconfusn
1770 1193 1987 1268 unitas,
2017 1214 2051 1255 o

401 1291 601 1351 lumen
633 1289 1064 1348 innominatum
1117 1295 1178 1346 ut
1238 1304 1478 1366 prorsus
1536 1302 1749 1346 carens
1783 1283 2049 1363 nomine,

400 1399 432 1439 ο
457 1396 691 1439 rursum
732 1376 1051 1438 multorum
1103 1376 1411 1435 nominum
1451 1382 1511 1435 ut
1541 1393 1795 1453 operans
1824 1373 2046 1447 omnia,

398 1492 432 1530 υ
471 1485 585 1529 una
612 1466 818 1545 gloria,
856 1465 1245 1546 principium,
1273 1464 1556 1544 potentia,
1587 1482 1861 1543 regnum,
1897 1483 1930 1523 ο
1963 1464 2047 1523 lu-

401 1576 558 1629 men,
594 1575 712 1617 una
744 1557 1037 1635 voluntas,
1070 1554 1391 1633 sententia,
1417 1562 1614 1626 nutus,
1652 1553 1736 1613 vis
1762 1562 1820 1613 et
1841 1552 2045 1634 virtus,

399 1665 494 1708 me
523 1645 805 1706 afﬂictum
840 1644 935 1725 pie
968 1650 1270 1705 miserare.
1309 1642 1418 1714 Qui
1451 1641 1611 1703 enim
1654 1661 1771 1703 non
1802 1642 2048 1723 afﬂigar,

2144 840 2268 905 est;
2302 834 2408 894 sed
2441 834 2576 895 feno
2606 842 2667 895 tu
2699 835 2798 897 lux
2829 836 2982 897 citra
3038 838 3450 899 confusionem
3477 856 3542 898 es
3571 837 3797 915 unitus,

2140 928 2198 980 et
2228 921 2430 982 fenum
2480 923 2628 985 ﬂtut
2657 924 3093 995 lux,mutatum
3152 925 3626 989 immulabiliter.
3659 928 3796 989 Non

2139 1028 2292 1090 queo
2326 1013 2447 1073 haec
2480 1022 2575 1075 tua
2628 1015 2899 1075 miranda
2940 1015 3183 1077 silentio
3217 1025 3449 1095 tegere:
3487 1034 3607 1076 non
3646 1032 3792 1096 pos-

2138 1117 2271 1159 sum
2307 1119 2424 1161 non
2477 1102 2638 1182 loqui
2693 1105 3088 1166 ueconomiam
3150 1114 3332 1179 tuam,
3393 1123 3567 1185 quam
3600 1105 3796 1166 fecisti

2138 1206 2394 1249 mecum.
2458 1191 2558 1269 qui
2615 1211 2745 1253 sum
2800 1193 3080 1273 prodigus
3163 1200 3222 1255 et
3303 1193 3679 1268 fornicarius,
3736 1203 3798 1255 et

2135 1274 2519 1355 benignitatis
2578 1288 2691 1341 tua;
2764 1280 3185 1343 inexhaustum
3266 1282 3610 1343 thesaurum
3672 1301 3795 1343 non

2135 1383 2417 1428 enarrare
2448 1368 2723 1430 omnibus
2759 1389 3015 1451 nequeo,
3076 1372 3154 1432 mi
3196 1370 3586 1451 Redemptor.
3618 1370 3795 1432 Desi-

2135 1454 2278 1515 dero
2338 1459 2498 1519 enim
2560 1458 2846 1520 mundum
2908 1460 3249 1522 universum
3302 1480 3372 1521 ex
3430 1461 3544 1522 hoc
3597 1462 3793 1522 lucem

2132 1545 2427 1625 accipere,
2455 1555 2514 1609 et
2545 1548 2845 1610 neminem
2869 1567 3112 1628 prorsus
3140 1568 3210 1610 ea
3230 1568 3475 1611 vacuum
3505 1549 3790 1630 relinqui.

2139 1630 2561 1697 Verumtamen
2592 1637 2653 1697 in
2678 1657 2773 1699 me
2800 1638 3059 1718 primum
3080 1640 3260 1718 fulge,
3280 1659 3314 1699 υ
3340 1657 3444 1700 rex
3472 1638 3742 1700 omnium
3772 1660 3790 1711 ;

396 1736 498 1817 qui
531 1754 648 1797 non
684 1721 1004 1796 maerorem
1037 1731 1398 1813 concipiam,
1431 1731 1534 1813 qui
1576 1721 2116 1792 tantam‘bonitnLB
2140 1721 2356 1817 “10038,
2418 1735 2495 1817 ί-ιΑ
2530 1727 2801 1817 “lumina
2872 1729 3164 1809 abiectam
3246 1730 3504 1792 animam
3566 1749 3787 1805 meam.

396 1815 517 1888 tem
550 1835 608 1886 et
637 1824 1086 1885 miserationem
1149 1831 1304 1884 tuam
1360 1820 1717 1901 contempsi,
1767 1820 1867 1902 qui
1900 1824 2052 1883 viam
2139 1815 2390 1902 Ostende
2423 1815 2567 1877 mihi
2591 1827 2796 1897 aperte
2822 1818 3067 1882 Deitatis
3093 1831 3206 1881 tua;
3249 1820 3484 1895 faciem,
3507 1820 3785 1881 etomni-

398 1914 813 1977 mandatorum
845 1920 1078 1977 tuorum
1114 1920 1228 1972 tam
1287 1911 1549 1989 segniter
1596 1900 1657 1972 et
1686 1900 1960 1985 remisse,
1996 1920 2054 1974 et
2136 1918 2213 1962 ῐιο
2245 1900 2625 1966 inViSibiiiiel‘
2671 1926 2892 1988 appete
2947 1910 3115 1982 mihi,
3169 1909 3328 1971 D803
3360 1927 3547 1970 ῐηθυε-
3610 1910 3787 1972 Nune

392 2002 689 2084 improbe,
726 2002 926 2065 infelix
958 1999 1303 2062 ambulavi?
1333 2000 1439 2060 sed
1491 2012 1549 2061 et
1598 2018 1757 2061 nunc
1787 2019 2047 2062 commo-
2134 1990 2292 2084 enim
2326 1993 2503 2084 nitide
2535 1994 2756 2058 Videris
2784 2016 2819 2058 a
2869 2018 2984 2074 me,
3037 1999 3284 2060 omnino
3342 2007 3535 2060 tamen
3565 2016 3792 2080 appare

393 2079 883 2154 veanturviscera
906 2099 1269 2170 tua,etnunc
1294 2089 1812 2161 misereremei,et
1834 2098 2043 2151 aestum
2130 2079 2299 2141 mihi-
2358 2080 2468 2153 QUi
2515 2085 2593 2146 ab
2644 2087 3025 2149 universitate
3074 2089 3206 2167 capi
3252 2107 3371 2150 non
3402 2097 3592 2168 potes,
3649 2079 3791 2150 vere

392 2181 590 2242 cordis
622 2179 738 2241 mei
768 2182 964 2241 denuo
1017 2178 1301 2251 accende,
1358 2178 1588 2240 Christe
1639 2196 1828 2252 meus,
1863 2197 2039 2259 quem
2126 2187 2338 2248 parvus
2369 2173 2811 2251 quodammodo
2843 2177 2993 2237 ﬂsin
3026 2178 3301 2241 manibus
3324 2177 3493 2252 meis,
3523 2193 3582 2239 et
3611 2176 3790 2239 labiis

391 2270 625 2331 misera;
656 2268 855 2330 carnis
917 2286 1064 2329 mea;
1119 2266 1429 2327 dissolutio
1491 2266 1787 2347 exstinxit,
1851 2284 2021 2329 eisn-

2125 2259 2275 2320 meis
2309 2269 2369 2321 ut
2430 2264 2580 2325 uber
2642 2264 2931 2341 lucidum,
2996 2276 3055 2330 et
3111 2266 3366 2329 dulcedo
3424 2266 3679 2328 versaris
3727 2280 3791 2328 et

390 2377 586 2435 mnus,
626 2358 901 2419 saturitas
931 2355 1177 2436 ventris,
1213 2364 1272 2417 et
1321 2355 1440 2415 vini
1474 2355 1876 2434 ingurgitatio,
1914 2357 2040 2419 haec
2121 2366 2423 2422 coruscas,
2459 2371 2492 2413 0
2546 2372 2762 2415 novum
2821 2357 3186 2436 mysterium,
3224 2357 3303 2418 ita
3353 2366 3412 2418 et
3444 2376 3600 2420 nunc
3631 2358 3787 2418 date

388 2456 572 2511 totum
604 2448 818 2509 animae
849 2464 993 2508 meae
1016 2447 1312 2506 ﬂammam
1357 2445 1791 2519 exstinxerunt,
1829 2453 1886 2505 et
1913 2445 2041 2508 fon-
2123 2438 2291 2515 mihi,
2328 2449 2388 2500 ut
2418 2448 2474 2502 te
2505 2442 2705 2517 satier,
2745 2453 2805 2505 ut
2834 2446 3091 2518 osculer,
3158 2453 3217 2507 et
3261 2446 3588 2526 amplectar
3620 2455 3777 2507 tnam

386 2536 982 2619 tem,‘seaturiginem
1015 2535 1244 2597 scilicet
1272 2535 1711 2615 glacrymarum.
1768 2536 2036 2597 exsicca-
2117 2528 2366 2619 gloriam
2411 2530 2896 2610 inenarrabilem,
2950 2536 3152 2597 lumen
3185 2535 3376 2596 vultus
3408 2535 3514 2614 tui,
3576 2545 3633 2598 et
3666 2536 3782 2596 im-

382 2616 543 2689 runt.
576 2626 809 2688 Etenim
839 2625 1001 2686 calor
1031 2623 1228 2702 ignem
1260 2631 1527 2703 generat,
1590 2623 1741 2701 ignis
1772 2622 2027 2686 vicissim
2115 2616 2302 2696 plear.
2329 2620 2536 2681 etalils
2555 2623 2833 2684 omnibus
2847 2623 3565 2699 communicem,etobita
3585 2633 3777 2687 morte

385 2717 667 2788 calorem,
706 2724 763 2776 et
787 2732 855 2775 ex
873 2712 1162 2773 ambobus
1185 2712 1423 2772 ﬂamma
1440 2713 1808 2794 accenditur,
1830 2712 2032 2776 etfons
2114 2714 2272 2767 lotus
2293 2709 2658 2786 gloriﬁcatus
2691 2712 2762 2773 ad
2798 2722 2854 2773 te
2903 2715 3161 2775 veniam.
3219 2712 3303 2774 Ex
3335 2714 3560 2774 lumine
3590 2722 3689 2774 tuo
3715 2722 3777 2775 et

382 2805 799 2885 lacrymarum.
822 2801 1091 2863 Flamma
1116 2801 1624 2881 proclucitﬂuenta
1652 2804 2031 2875 ;ﬂuentaau-~
2114 2812 2222 2873 ego
2254 2797 2453 2859 lumen
2486 2798 2671 2861 factus
2700 2800 2804 2862 tibi
2829 2802 3130 2883 assistam,
3162 2810 3220 2863 et
3260 2810 3397 2864 tunc
3442 2802 3604 2864 curis
3622 2803 3771 2863 mul-

384 2904 502 2955 tem
534 2894 860 2971 ﬂammam,
893 2890 954 2950 in
988 2890 1207 2970 quibus
1232 2908 1325 2951 me
1356 2890 1690 2951 divinorum
1718 2890 2028 2953 mandato-
2115 2893 2306 2946 torum
2324 2887 2613 2949 malorum
2637 2891 2970 2971 expeditus,
3000 2891 3178 2953 etiam
3203 2892 3422 2954 timore
3448 2891 3769 2965 liberabor,

384 3000 514 3045 rum
567 2979 868 3042 meditatio
926 2980 1209 3059 provexit.
1275 2981 1534 3042 Rursum
1596 2989 2029 3061 praeceptorum
2052 3049 2086 3061 η
2115 2991 2189 3034 ne
2217 2992 2423 3036 rursus
2453 2977 2754 3041 immuter.
2780 2978 2995 3054 Etiam,
3024 2980 3301 3056 Domine,
3337 2980 3411 3042 da
3433 2981 3578 3041 mihi
3605 2981 3720 3041 hoc
3752 3001 3768 3061 ;

380 3069 715 3133 observatio
748 3049 1157 3149 paenitentiam
1208 3078 1269 3129 ut
1310 3049 1660 3148 adjutrice'm
1691 3049 2025 3147 assumens,
2048 3049 2087 3098 C
2112 3062 2291 3124 etiam
2319 3064 2532 3145 largire
2563 3068 2709 3128 mihi
2738 3068 2872 3142 hoc,
2925 3069 3026 3149 qui
3074 3070 3321 3150 indigno
3393 3070 3538 3131 mihi
3574 3071 3777 3131 omnia

378 3161 439 3221 in
476 3160 672 3222 medio
708 3158 1090 3239 przesentium
1116 3176 1184 3219 ac
1199 3157 1535 3220 futurorum
1569 3177 1662 3220 me
1694 3160 2024 3223 constituit.
2105 3160 2320 3215 caetera
2335 3157 2517 3233 gratis
2541 3156 2777 3219 dedisti.
2807 3159 2935 3220 Hoc
2987 3159 3148 3220 enim
3190 3159 3447 3220 maxime
3474 3178 3624 3240 opus
3655 3169 3772 3230 est.

376 3248 546 3312 Unde
576 3256 824 3328 repente
854 3246 1134 3327 abreptus
1165 3265 1199 3309 a
1231 3246 1582 3327 visibilibus,
1640 3247 1854 3310 timore
1883 3269 2026 3311 cor-
2107 3251 2165 3303 et
2191 3242 2251 3304 in
2284 3244 2396 3305 hoc
2426 3254 2564 3307 sunt
2595 3248 2817 3309 omnia.
2855 3251 3007 3313 Nam
3028 3250 3139 3311 etsi
3165 3268 3325 3310 nunc
3348 3268 3381 3310 a
3406 3268 3502 3310 me
3521 3249 3770 3325 videris,

376 3347 583 3419 reptus
613 3355 767 3411 sum,
796 3354 1048 3397 cernens
1077 3336 1235 3398 unde
1264 3344 1531 3398 servatus
1556 3355 1772 3401 essem.
1808 3340 2025 3402 Futura
2106 3333 2216 3393 εἰεί
2248 3352 2405 3396 nunc
2450 3355 2688 3416 quattue
2736 3337 3064 3412 misereris,
3118 3339 3224 3400 etsi
3273 3357 3432 3400 nunc
3462 3338 3768 3403 illuminas

373 3435 576 3489 autem
609 3425 953 3505 longissime
985 3424 1268 3487 distantia
1314 3425 1607 3501 videbam,
1656 3436 1715 3488 et
1743 3427 1843 3489 illa
1876 3431 2025 3492 mihi
2108 3439 2225 3497 me.
2262 3432 2322 3484 θι
2351 3425 2595 3504 mystice
2624 3427 2830 3499 doces.
2860 3436 2918 3488 ei
2945 3428 3172 3509 petenti
3206 3447 3382 3489 manu
3422 3440 3521 3489 tua
3560 3440 3765 3509 prote-

370 3516 887 3596 comprehendere
910 3514 1298 3588 desideranti,
1326 3515 1480 3593 ignis
1501 3515 1720 3577 amoris
1737 3535 2024 3581 accensus

381 3613 492 3686 est,
528 3605 625 3685 qui
654 3604 938 3686 paulatim
971 3605 1130 3664 visus
1158 3614 1246 3667 est
1304 3606 1543 3666 ﬂamma
1572 3606 1746 3667 modo
1776 3607 2026 3691 inexpli—

372 3695 575 3769 cabili,
609 3695 771 3774 prius
806 3694 1047 3774 quidem
1083 3693 1143 3753 in
1177 3701 1376 3756 monte
1406 3712 1559 3767 mea,
1594 3704 1726 3776 post
1763 3698 1940 3760 etiam
1963 3701 2023 3761 in

368 3786 573 3856 corde,
606 3786 966 3863 ﬂammaque
1019 3783 1120 3844 illa
1172 3782 1359 3844 divini
1415 3783 1702 3846 desiderii
1734 3791 2026 3866 expressit

369 3878 674 3954 lacrimas,
699 3881 755 3934 et
787 3891 921 3933 cum
947 3870 1032 3933 eis
1054 3871 1471 3934 incredibilem
1497 3873 1642 3934 mihi
1674 3877 2019 3940 suavitatem

369 3963 640 4044 praebuit.
672 3961 947 4022 Conﬁsus
977 3959 1158 4038 igitur
1188 3961 1249 4022 in
1298 3962 1553 4043 meipso,
1588 3972 1830 4043 prorsus
1862 3967 2019 4031 haud

365 4050 719 4113 exstinctum
751 4049 826 4111 iri
855 4049 1125 4129 (pulchre
1182 4050 1341 4111 enim
1399 4051 1571 4112 ardet
1628 4052 1930 4135 dicebam)
1962 4074 2020 4125 et

2107 3510 2196 3587 gis
2226 3520 2283 3573 et
2307 3512 2590 3589 custodis,
2630 3525 2687 3577 et
2746 3516 2910 3589 ades,
2978 3526 3036 3576 tt
3090 3517 3390 3579 daemonas
3449 3517 3508 3578 in
3567 3518 3764 3597 fugam

2107 3599 2311 3689 vertis,
2347 3613 2407 3664 et
2437 3604 2638 3665 omnia
2672 3605 2816 3665 mihi
2839 3605 3107 3685 subjicis,
3133 3615 3192 3668 et
3214 3606 3416 3668 omnia
3444 3607 3592 3668 mihi
3623 3627 3768 3689 snp-

2108 3688 2357 3771 peditas,
2392 3699 2450 3752 et
2475 3692 2662 3774 imple
2698 3713 2792 3755 me
2822 3694 2998 3757 bonis
3047 3695 3349 3775 omnibus,
3376 3695 3534 3758 Deus
3573 3688 3768 3771 meus,

2109 3788 2304 3841 tamen
2338 3781 2489 3843 nihil
2518 3801 2589 3843 ex
2621 3783 2965 3846 hominibus
3021 3784 3115 3847 his
3164 3785 3431 3865 proficio,
3477 3786 3593 3847 nisi
3626 3788 3780 3858 mihi

2105 3868 2253 3931 citra
2284 3870 2570 3950 pudorem
2602 3873 2863 3943 {dederis
2915 3874 3222 3955 praeterire
3272 3884 3474 3956 portas
3507 3876 3717 3938 mortis
3750 3895 3765 3939 ε

2104 3956 2219 4018 nisi
2250 3959 2528 4042 princeps
2580 3962 2961 4025 tenebrarum
3008 3964 3256 4028 veniens
3313 3963 3564 4042 gloriam
3600 3972 3764 4028 tuam

2106 4046 2253 4108 mihi
2280 4049 2492 4112 adesse
2521 4050 2754 4127 viderit,
2790 4062 2847 4115 et
2883 4052 3208 4123 erubuerit,
3259 4057 3508 4115 adustus
3538 4052 3767 4138 lumine

361 4140 606 4203 desidiae
631 4158 723 4200 me
745 4138 995 4213 dedens,
1027 4158 1237 4200 somno
1269 4147 1327 4201 et
1356 4139 1665 4202 saturitate
1710 4141 2012 4225 insipien-
2101 4143 2199 4197 tuo
2228 4137 2559 4215 inaccesso,
2592 4150 2652 4201 et
2681 4160 2891 4203 omnes
2919 4142 2982 4203 in
3011 4144 3377 4204 adversaria
3409 4137 3756 4223 potestates,

362 4245 457 4293 ter
485 4230 830 4309 subjugatus
853 4248 1003 4304 sum,
1038 4237 1096 4290 et
1153 4228 1466 4292 remissius
1513 4233 1733 4309 vivens,
1768 4234 2019 4317 vinoque

2109 4225 2221 4287 visa
2250 4237 2388 4288 nota
2416 4229 2594 4305 sigilli
2626 4231 2729 4305 tui,
2760 4249 2892 4291 cum
2916 4231 3044 4312 ipso
3071 4233 3133 4293 in
3165 4233 3362 4312 fugam
3394 4241 3756 4295 converten-

357 4318 686 4382 liberaliter
715 4336 1036 4416 usus,._n_on
1067 4318 1310 4416 quidem
1343 4328 1405 4379 ut
1432 4318 1790 4416 inebriarer,
1819 4328 1923 4416 sed
1957 4342 2020 4395 ιιι
2042 4368 2084 4416 D
2105 4324 2220 4416 tur,
2254 4327 2314 4381 et
2343 4340 2449 4400 ego
2473 4322 2658 4416 gratia
2690 4324 3077 4416 tua_confisus
3102 4326 3365 4387 transibo
3390 4325 3757 4416 intrepidus,

358 4419 626 4491 poteram
650 4417 865 4482 tamen,
894 4405 1054 4467 illico
1080 4407 1432 4469 exstinctum
1447 4408 1764 4472 sensiillud
1797 4414 2010 4476 tnirum

357 4508 415 4561 et
444 4497 783 4559 venerabile
815 4496 1177 4558 desiderium
1207 4517 1423 4578 nempe
1450 4499 1649 4559 cordis
1675 4503 1812 4579 mei,
1845 4505 2007 4567 illam

356 4591 678 4659 ﬂammam,
700 4586 924 4667 quaead
952 4587 1168 4647 coelum
1202 4586 1577 4667 pertingebat
1609 4598 1667 4649 et
1695 4590 1757 4651 in
1789 4611 1884 4656 me
1906 4612 2008 4656 ar-

355 4678 531 4739 debat
561 4676 803 4757 quidem
838 4676 1264 4739 vehementer:
1300 4695 1415 4737 non
1472 4685 1670 4739 tamen
1699 4679 2008 4749 fenaceam

349 4769 505 4829 intra
527 4767 755 4827 viscera
773 4783 906 4825 mea
928 4766 1317 4827 substantiam
1339 4766 1627 4829 exurebat
1650 4770 1785 4845 ;sed
1802 4780 2004 4843 totam,

352 4856 568 4917 mirum
602 4855 762 4915 dictn
790 4854 803 4914 !
839 4853 901 4913 in
933 4854 1233 4914 ﬂammam
1266 4855 1671 4937 convertebat,
1706 4868 1764 4919 et
1803 4859 2006 4923 fenum

349 4946 424 5008 ab
457 4945 593 5023 igne
624 4953 866 5017 tactum,
932 4943 1167 5024 penitus
1228 4963 1345 5005 non
1392 4943 1661 5007 ardebat.
1714 4945 1838 5010 [mo
1870 4969 2007 5011 vero

346 5036 501 5116 ignis
555 5035 759 5094 fenum
819 5034 1363 5113 comprehenderis,
1420 5034 1506 5095 illi
1539 5036 1874 5116 uniebatur,
1911 5049 2005 5102 to-

347 5136 593 5205 tumque
625 5123 1109 5203 inconsumptum
1144 5124 1544 5186 custodiebat.

423 5211 471 5275 Ο
504 5212 687 5274 divini
718 5210 874 5290 ignis
906 5211 1207 5286 virtutem,
1249 5233 1282 5274 ο
1317 5232 1527 5275 novam
1562 5214 1998 5279 efficacitatem!

346 5302 456 5375 Qui
504 5302 777 5365 dissolvis
804 5308 1023 5381 petras,
1060 5320 1116 5363 et
1146 5302 1329 5364 colles
1358 5322 1391 5364 a
1462 5304 1587 5365 solo
1622 5304 1857 5387 timore,
1892 5315 2004 5369 eta

342 5392 492 5453 facie
564 5403 685 5471 tua,
742 5390 978 5453 Christe
1034 5389 1193 5453 Deus
1254 5410 1443 5468 meus,
1506 5394 1805 5475 quomodo
1867 5396 2000 5457 feno

345 5480 720 5543 commiceris
750 5489 834 5554 tu,
877 5482 1049 5562 plane
1081 5481 1280 5543 divina
1341 5487 1619 5558 essentia,
1660 5484 1765 5566 qui
1811 5484 1871 5547 in
1903 5486 1998 5548 lu-

423 5650 486 5700 δυ
515 5650 722 5713 Matth.
755 5667 891 5730 xxv,
925 5651 1024 5716 25.

2101 4407 2327 4490 tibique
2374 4411 2887 4493 appropinquabo,
2942 4421 3001 4473 et
3057 4422 3193 4476 ante
3257 4423 3312 4477 te
3345 4407 3755 4495 procumbam,

2092 4516 2268 4577 quem
2323 4500 2575 4561 referam
2626 4502 2881 4563 fructum
2936 4521 3007 4564 ex
3068 4503 3162 4565 his
3213 4522 3345 4584 quae
3377 4505 3628 4565 nuncin
3658 4523 3757 4566 me

2090 4587 2286 4648 fiunt?
2321 4592 2551 4651 Revera
2585 4591 2838 4667 nullum,
2874 4591 2980 4652 sed
3016 4593 3217 4671 ignem
3247 4593 3308 4653 in
3366 4612 3459 4655 me
3492 4593 3757 4673 amplius

2087 4676 2437 4739 accendent.
2464 4678 2753 4750 Quienim
2782 4699 2875 4741 me
2889 4679 3178 4743 bonorum
3207 4691 3464 4758 tuorum,
3493 4690 3552 4744 et
3573 4692 3753 4743 mter-

2095 4784 2187 4826 nae
2213 4765 2415 4845 gloriae
2449 4779 2561 4829 tua;
2588 4769 2965 4850 participem,
3027 4781 3085 4833 et
3115 4790 3357 4834 servum
3387 4781 3564 4852 atque
3596 4774 3751 4833 ami-

2093 4874 2225 4917 cum
2260 4864 2426 4917 tuum
2463 4857 2587 4919 fore
2611 4860 2868 4940 confido,
2904 4861 2955 4920 si
3018 4860 3297 4941 privabor
3342 4861 3519 4923 simul
3553 4863 3752 4923 omni-

2092 4943 2225 5018 bus,
2259 4953 2318 5007 et
2348 4953 2404 5007 te
2432 4945 2582 5026 ipso,
2620 4947 2851 5009 Christe
2885 4967 3073 5025 meus,
3127 4950 3427 5030 quomodo
3457 4969 3577 5011 non
3608 4968 3749 5029 gra-

2087 5032 2218 5094 vius
2250 5034 2599 5111 tribulabor,
2645 5055 2760 5117 qua
2800 5037 3097 5113 infideles,
3145 5039 3247 5120 qui
3280 5049 3335 5099 te
3368 5059 3485 5100 non
3519 5058 3747 5117 cogno-

2086 5132 2321 5197 verunt,
2356 5141 2466 5189 nec
2493 5127 2875 5207 splendorem
2906 5128 3148 5189 luminis
3180 5128 3263 5190 tui
3294 5129 3596 5205 viderunt,
3631 5148 3744 5192 nec

2086 5212 2403 5276 dulcedine
2435 5224 2533 5275 tua
2562 5220 2800 5278 saturati
2835 5222 3015 5279 sunt?
3044 5218 3212 5289 Quod
3263 5219 3315 5278 si
3368 5218 3515 5279 mihi
3544 5219 3742 5280 conti-

2085 5304 2237 5382 gerit
2258 5306 2496 5384 assequi
2519 5306 2916 5368 arrhabonem
2935 5308 3172 5381 hornm,
3192 5307 3346 5369 hanc
3360 5306 3741 5389 pensionem,

2088 5402 2145 5454 et
2172 5393 2298 5456 haec
2347 5395 2589 5472 praemia
2636 5395 2906 5477 adipisci,
2959 5415 3089 5478 quae
3145 5398 3208 5457 in
3267 5405 3323 5457 te
3355 5397 3747 5460 credentibus

2086 5482 2433 5566 promisisti,
2473 5492 2592 5546 tum
2617 5503 2725 5565 ego
2746 5504 2982 5567 quoque
3004 5485 3212 5547 beatus
3234 5503 3359 5563 ero,
3405 5495 3463 5548 et
3486 5486 3743 5551 laudabo
