4120 6380
223 361 334 430 849

1353 360 1792 428 DlVINORUM
1838 357 2166 423 AMORUM
2212 357 2461 422 LIBER.

3496 376 3614 440 550

227 507 485 574 Patrem,
519 499 762 581 Filium,
797 507 854 562 et
880 499 1165 580 Spiritum
1223 503 1492 560 sanctum
1527 516 1708 558 unum
1743 514 1879 558 vere
1900 501 1939 550 Α
1963 494 2306 585 prophetas,
2341 494 2668 585 apostolos}
2695 504 2751 558 et
2781 495 2981 560 Patres
3013 521 3148 563 vere
3177 506 3499 585 sapientes,
3541 511 3609 572 il-

228 592 413 655 Deum
445 591 506 652 in
540 591 891 653 saeculorum
929 589 1164 652 saecula.
1203 588 1415 650 Amen.

845 705 1087 770 CAPUT
1146 706 1270 768 XX.

233 810 414 868 Solum
433 812 505 868 iis
529 816 861 882 perspectas,
899 813 950 866 et
976 811 1302 882 manifestas
1334 824 1469 882 esse
1504 824 1591 865 res
1637 809 1874 873 divinas,

298 883 495 954 quibus
523 881 623 953 per
650 881 1087 938 iommunionem
1115 883 1298 938 sancti
1316 881 1558 951 Spiritus
1578 882 1705 938 totis
1734 886 1879 938 lotus

300 955 494 1010 omitus
523 959 602 1010 est
628 954 795 1010 Dem.

311 1047 622 1110 Undenam
653 1046 839 1122 venis,
877 1055 934 1107 et
963 1047 1205 1127 quinam
1259 1045 1319 1106 in
1351 1045 1559 1106 cellam
1619 1045 1878 1125 undique

239 1136 491 1199 clausam
525 1134 914 1212 ingrederis?
973 1137 1087 1196 hoc
1146 1153 1359 1196 novum
1409 1134 1690 1215 quiddam
1765 1142 1874 1205 est,

239 1226 384 1306 quod
418 1244 531 1286 nec
560 1226 679 1286 dici
712 1226 854 1286 satis
885 1245 995 1286 nec
1045 1225 1289 1303 cogitari
1339 1233 1570 1305 potest:
1605 1224 1760 1286 intra
1789 1243 1881 1284 me

237 1322 426 1376 autem
456 1333 588 1377 esse
620 1324 700 1389 te,
736 1325 794 1376 et
819 1324 999 1376 totum
1060 1323 1309 1394 repente
1362 1330 1580 1389 lucere,
1619 1315 1879 1375 lumino-

239 1422 484 1484 sumque
512 1404 702 1480 cerni,
730 1417 793 1464 ut
823 1404 1024 1465 lunam
1058 1412 1238 1465 totum
1278 1404 1556 1476 lucidam,
1592 1405 1704 1465 hoc
1736 1402 1881 1464 mihi

239 1501 494 1553 mentem
530 1503 588 1554 et
640 1494 840 1571 lingua
891 1492 1088 1573 eripit,
1144 1492 1376 1554 Christe
1426 1512 1613 1554 meus.
1661 1492 1795 1555 Scio
1829 1501 1884 1553 te

237 1599 388 1652 esse,
423 1582 525 1663 qui
554 1583 792 1658 venisti,
823 1591 887 1646 ut
916 1583 1290 1644 illuminares
1315 1583 1593 1645 sedentes
1617 1585 1675 1644 in
1712 1591 1880 1644 tene-

235 1671 458 1751 bris3i,
488 1681 548 1733 et
577 1671 958 1752 obstupesco,
1023 1691 1134 1734 nec
1189 1673 1342 1752 apud
1391 1692 1485 1733 me
1525 1689 1660 1736 sum
1700 1692 1715 1744 ;
1775 1689 1885 1732 nec

1961 582 2300 678 lam_ipsam
2331 582 2682 678 sapientiam
2715 590 2896 678 totam
2932 582 3326 669 possidentes,
3363 617 3493 678 quae
3517 610 3610 662 est

1960 671 2226 734 Christus
2255 672 2996 770 ipsemet_l_)_ei_-sapientia.
3061 684 3179 744 llos
3207 671 3606 770 igitur-lacry-

1962 779 2150 856 maris,
2173 780 2306 821 cum
2332 760 2670 856 incredibili
2697 763 2904 829 dolore
2926 770 3123 832 cordis
3155 760 3270 835 mei
3303 760 3604 856 rogabam,

1961 858 2024 910 ut
2053 849 2506 943 dicerentmihi,
2543 851 2646 912 ubi
2679 854 2912 916 tandem
2945 857 3140 938 ipsum
3170 849 3475 943 vidissent,
3512 849 3612 930 aut

1961 937 2168 1028 quoin
2188 938 2356 1028 loco,
2389 949 2487 1000 aut
2517 943 2835 1024 quomodo,
2865 956 2923 1009 et
2971 937 3086 1028 qua
3107 953 3356 1018 ratione.
3382 937 3611 1020 Certior

1962 1026 2034 1086 ab
2066 1026 2138 1086 iis
2169 1027 2374 1120 factus,
2413 1030 2722 1120 currebam
2751 1026 3034 1113 quantum
3096 1049 3385 1120 poteram,
3421 1055 3479 1106 et
3507 1067 3610 1109 so-

1964 1133 2165 1175 mnum
2184 1117 2418 1194 penitus
2437 1119 2782 1198 excludens,
2805 1124 3076 1189 mihimet
3095 1117 3410 1198 instabam.
3444 1135 3614 1198 Unde

1962 1204 2208 1294 contigit
2226 1214 2285 1265 ut
2308 1207 2570 1268 viderem
2590 1229 2766 1289 quem
2789 1212 3229 1294 desiderabam,
3255 1225 3355 1285 sed
3385 1226 3613 1286 medio-

1963 1292 2163 1388 criter,
2199 1303 2254 1354 et
2286 1313 2722 1388 recognoscens
2754 1320 2912 1371 eum,
2949 1307 3133 1369 celeri
3157 1292 3358 1388 cursu,
3393 1323 3455 1374 ut
3477 1325 3610 1376 ante

1965 1381 2109 1476 dixi,
2143 1382 2522 1476 insequebar.
2561 1387 2872 1469 Postquam
2901 1393 3096 1476 itaque
3114 1399 3257 1461 vidit
3287 1381 3381 1463 mre
3411 1404 3613 1472 omnia

1963 1469 2281 1568 ducentem
2323 1493 2424 1568 pro
2455 1475 2640 1536 nihilo
2683 1499 2932 1562 quaeque
2981 1469 3042 1545 ill
3090 1491 3311 1552 mundo
3365 1469 3524 1568 sunt,
3557 1503 3615 1556 et

1965 1559 2157 1638 ipsum
2182 1562 2490 1636 mundum,
2521 1559 2870 1631 ethomines
2901 1573 3075 1652 hujus
3096 1559 3612 1661 mundiquasinon

1969 1659 2292 1750 exstarent,
2324 1663 2700 1752 reputantem
2735 1677 2803 1718 ex
2836 1661 3033 1724 animo
3061 1675 3118 1726 et
3138 1686 3168 1727 a
3188 1659 3408 1730 mundo
3433 1691 3611 1752 sepa—

234 1759 340 1820 t'ari
370 1740 525 1838 queo
545 1781 562 1833 ς
582 1740 860 1841 quoniam
888 1740 1474 1841 miraculumguovum
1511 1762 1702 1835 video,
1730 1757 1886 1842 quod

1976 1746 2186 1839 ratum,
2224 1740 2283 1840 in
2336 1741 2444 1804 hac
2474 1745 2808 1821 .aﬂ‘ectione
2863 1771 2994 1814 mea
3044 1763 3200 1819 totus
3243 1760 3344 1820 toti
3377 1740 3520 1823 mihi
3551 1781 3616 1824 se

235 1867 474 1911 omnem
509 1857 862 1924 creaturam,
898 1868 1138 1914 omnem
1170 1860 1462 1925 naturam,
1503 1870 1738 1914 omnem
1766 1871 1890 1914 ser-

238 1956 476 1999 monem
523 1947 860 2019 exsuperat.
911 1938 1334 2002 Verumtamen
1383 1941 1699 2023 proloquar
1729 1961 1888 2006 nunc

237 2026 539 2096 omnibus.
576 2047 708 2108 quae
737 2028 882 2089 mihi
915 2029 1148 2091 donasti
1182 2029 1480 2110 proloqui.

315 2113 362 2176 Ο
399 2117 680 2178 mortales
712 2117 998 2190 universi,
1035 2136 1225 2197 reges,
1294 2118 1615 2200 principes,
1648 2119 1882 2195 divites,

240 2223 554 2285 pauperes,
591 2206 887 2282 monachi,
909 2206 1215 2288 mundani,
1238 2207 1431 2268 omnis
1457 2208 1886 2288 terrigenarum

237 2293 422 2370 natio,
460 2295 603 2356 mihi
637 2295 814 2356 modo
845 2315 1018 2357 aures
1047 2296 1205 2372 date,
1232 2298 1371 2357 dum
1418 2299 1886 2375 magnitudinem

237 2383 622 2461 benignitatis
653 2386 762 2447 Dei
794 2385 908 2448 mei
942 2385 1230 2450 edissere.
1261 2389 1504 2450 Peccavi
1537 2389 1614 2460 ei,
1649 2398 1712 2449 ut
1739 2389 1888 2450 alius

234 2471 296 2532 in
327 2471 473 2532 orbe
505 2481 796 2534 terrarum
825 2493 1023 2534 nemo.
1059 2473 1143 2536 Ne
1175 2475 1307 2556 quis
1339 2495 1433 2538 me
1468 2477 1618 2537 ἱ.κῑυ‹ἰ
1653 2496 1722 2538 ex
1753 2479 1886 2539 ani-

238 2561 316 2621 mi
346 2561 713 2624 demissione
732 2564 1054 2626 arbitretur
1066 2565 1290 2629 dicere.
1319 2565 1557 2628 Peccavi
1577 2568 1886 2648 plusquam

235 2669 446 2711 omnes
506 2654 807 2725 mortales,
864 2655 1091 2735 peccati
1155 2675 1332 2717 omne
1389 2676 1599 2735 genus,
1662 2667 1720 2718 ut
1771 2677 1888 2719 uno

236 2739 415 2800 verbo
439 2739 658 2822 dicam,
686 2753 742 2803 et
774 2744 1101 2806 sceleribus
1135 2764 1227 2807 me
1269 2747 1538 2809 astrinxi.
1577 2746 1889 2809 Verumta-

237 2847 371 2890 men
401 2831 631 2892 vocavit
665 2851 782 2906 me,
818 2842 875 2894 et
935 2834 1232 2896 exaudivit
1277 2836 1494 2905 statim,
1548 2837 1704 2917 quod
1739 2838 1888 2911 scio,

233 2919 307 2980 At
331 2920 492 2980 enim
526 2940 645 3001 quo
677 2930 738 2982 tu
772 2942 866 2984 me
893 2923 966 2984 ab
1000 2925 1128 3004 ipso
1159 2935 1425 2987 vocatum
1463 2946 1595 2988 esse
1628 2928 1890 3007 suspica-

238 3015 328 3069 tus
357 3027 423 3070 es
445 3015 472 3070 ?
504 3029 646 3070 num
681 3011 754 3072 ad
786 3011 1034 3090 gloriam
1068 3013 1456 3093 mundanam,
1487 3027 1584 3076 aut
1617 3016 1887 3090 delicias,

235 3106 330 3156 aut
365 3098 787 3160 remissionem
820 3108 878 3162 et
909 3101 1086 3163 ferias
1108 3101 1139 3161 ἲ)
1189 3104 1340 3165 Num
1393 3105 1463 3164 ad
1501 3104 1759 3185 divitias,
1795 3114 1894 3166 aut

234 3185 555 3275 amicitiam
591 3189 953 3269 principum,
990 3200 1089 3252 aut
1140 3192 1211 3252 ad
1247 3211 1450 3254 eorum
1483 3193 1724 3274 aliquid,
1763 3214 1893 3275 quae

234 3273 298 3362 in
327 3277 440 3336 hac
459 3277 576 3337 vita
605 3281 794 3339 sunt?
821 3279 984 3342 Mitte
1033 3281 1186 3343 male
1249 3281 1427 3362 loqui.
1470 3283 1562 3344 .\d
1590 3273 1888 3362 ptenilen-

1973 1828 2474 1930 conspiciendum
2493 1833 2762 1912 praebuit,
2791 1846 3017 1903 totusse
3039 1863 3270 1908 mecum
3289 1850 3613 1930 conjunxit,

1973 1923 2071 2018 qui
2107 1930 2272 1981 extra
2296 1923 2580 1984 mundum
2615 1933 2724 1994 est,
2753 1945 3007 2011 eumque
3033 1952 3164 1994 cum
3191 1923 3466 2000 omnibus
3488 1923 3619 2021 qua}

1972 2017 2033 2107 in
2065 2027 2134 2068 eo
2163 2017 2298 2070 sunt
2332 2021 2520 2092 porta,
2578 2022 2634 2074 et
2684 2035 2862 2079 manu
2909 2023 3034 2084 sola
3077 2044 3323 2107 quaeque
3355 2017 3617 2092 cernun-

1971 2103 2357 2199 turnquaaque
2417 2120 2534 2162 non
2577 2116 2916 2199 cernuntur
2967 2103 3256 2180 continet.
3314 2117 3466 2199 Ergo
3498 2119 3616 2195 hic,

1971 2188 2192 2288 audite,
2226 2210 2360 2290 eum
2395 2192 2738 2290 ocurrisset,
2775 2197 3001 2261 invenit
3026 2222 3120 2264 me
3150 2208 3342 2279 ;unde
3375 2188 3624 2290 vvenerit,

1973 2276 2525 2370 nescio.Quomodo
2561 2284 2718 2345 enim
2749 2305 2923 2348 nosse
2958 2276 3243 2370 poteram,
3281 2316 3414 2357 cum
3450 2276 3626 2359 nemo

1972 2366 2292 2467 hominum
2315 2388 2573 2467 unquam
2610 2376 2835 2435 noverit
2871 2366 2980 2440 nec
3014 2385 3170 2443 unde
3227 2366 3480 2467 venerit,
3515 2406 3628 2448 nec

1972 2455 2074 2517 ubi
2106 2456 2201 2528 sit,
2236 2457 2338 2518 ubi
2368 2468 2588 2540 pascat,
2619 2461 2717 2522 ubi
2752 2465 2979 2527 cubet?
3022 2471 3271 2533 Prorsus
3307 2455 3480 2535 enim,
3506 2495 3624 2536 non

1971 2547 2225 2639 videtur,
2250 2565 2500 2639 prorsus
2521 2569 2638 2611 non
2663 2552 3032 2639 intelligitur,
3078 2570 3136 2620 et
3175 2562 3402 2626 habitat
3432 2565 3626 2626 lucem

1974 2635 2497 2734 inaccessibilein,_
2528 2649 2592 2734 et
2643 2641 2741 2734 lux
2788 2653 2881 2734 est
2930 2635 3263 2730 in'triplici
3297 2655 3624 2734 hypostasi,

1975 2725 2150 2823 modo
2168 2725 2608 2823 inexplicabili,
2644 2730 2702 2791 in
2731 2725 3465 2823 locisincircumscriptus,
3503 2725 3629 2804 nul:-

1977 2814 2049 2914 lis
2079 2815 2297 2876 ﬁnibus
2330 2834 2397 2877 ac
2429 2817 2699 2880 terminis
2728 2821 3014 2902 inclusus,
3053 2838 3109 2889 et
3139 2814 3627 2914 circumscriptus

1975 2902 2135 2965 Deus
2166 2923 2357 2985 meus,
2394 2926 2546 2967 unus
2579 2910 2772 2982 Pater,
2801 2913 3078 2978 similiter
3107 2939 3259 2982 unus
3283 2920 3470 2983 Filius
3492 2902 3625 2984 cum

1975 2991 2201 3073 Spiritu
2229 3004 2453 3071 sancto,
2492 3017 2674 3060 unum
2711 3002 2841 3078 tria,
2879 3013 2936 3065 et
2989 3007 3100 3069 tria
3139 3030 3294 3073 unus
3336 3012 3439 3074 Dei
3467 3013 3624 3074 inef-

1981 3081 2258 3180 fabiliter.
2279 3085 2410 3146 Non
2435 3085 2592 3180 enim
2613 3107 2809 3152 sermo
2825 3099 3205 3176 expresserit,
3222 3101 3437 3180 quibus
3451 3101 3631 3163 verba

1983 3172 2142 3271 nulla
2172 3181 2308 3233 sunt
2336 3174 2519 3271 paria,
2560 3187 2616 3236 et
2647 3198 2778 3258 quae
2811 3172 2978 3243 mens
3030 3172 3623 3271 parum-assequitur.

2059 3260 2233 3362 Certe
2265 3282 2392 3343 qua;
2416 3263 2474 3324 in
2509 3267 2682 3362 nobis
2714 3279 2870 3344 sunt,
2898 3273 2990 3333 vix
3015 3260 3084 3334 ea
3136 3276 3239 3337 tibi
3261 3260 3626 3362 aliquantum

241 3361 383 3425 tiam
417 3383 509 3425 me
536 3367 780 3442 vocavit,
815 3368 1076 3450 inquam,
1112 3352 1428 3451 statimque
1461 3352 1768 3433 vocantem
1795 3392 1889 3434 se-

1979 3352 2276 3456 explicare
2297 3371 2490 3456 queo:
2529 3356 2654 3456 haec
2684 3367 2881 3420 autem
2932 3361 3130 3424 divina
3181 3385 3292 3429 nec
3351 3352 3482 3448 ego,
3520 3389 3630 3431 nec

239 3458 439 3526 cuius,
467 3463 520 3514 ει
550 3475 725 3518 cursu
756 3442 1096 3522 currbmem
1121 3442 1582 3542 ίευξὲίθη[ειηῳιθ8
1622 3470 1684 3522 ω
1715 3462 1887 3540 ιθρο,
1976 3442 2128 3502 allus
2157 3442 2309 3546 alius
2340 3445 2458 3546 ulla
2487 3445 2754 3546 ratione:
2789 3469 2906 3529 quo
2948 3463 3112 3546 pacto
3146 3442 3423 3518 videlicet
3467 3442 3628 3520 Deus

235 3559 365 3632 rem
403 3545 592 3626 canis,
628 3547 934 3611 insecutus
982 3567 1136 3611 sum.
1185 3532 1700 3611 'Distante'autem
1734 3532 1889 3611 a'mc

1977 3540 2320 3632 segregatus
2351 3532 2422 3593 ab
2447 3535 2722 3598 omnibus
2753 3541 3030 3616 essentia,
3057 3553 3287 3626 natura,
3319 3557 3623 3626 potestate,

234 3629 468 3723 longius
527 3621 589 3695 et
639 3635 988 3699 abscondito
1066 3636 1389 3711 Salvatore,
1479 3659 1596 3700 non
1651 3639 1889 3702 adhibui

1979 3621 2188 3721 gloria,
2212 3629 2268 3683 et
2292 3625 2590 3723 quomodo
2609 3625 2827 3707 ubique
2845 3630 2906 3689 in
2922 3632 3222 3709 omnibus,
3247 3621 3631 3712 singulariter

232 3718 716 3801 desperationem
750 3726 807 3785 in
840 3727 1182 3802 consilium,
1213 3747 1323 3790 nec
1349 3737 1410 3789 ιη
1441 3748 1510 3788 ρο
1533 3728 1752 3790 amisso
1786 3750 1894 3810 pe-
1979 3713 2208 3815 vero-in
2242 3713 2467 3815 sanctis
2490 3713 2736 3815 habitet,
2763 3718 3014 3780 etinhis
3047 3722 3494 3787 tabernaculum
3515 3725 3629 3786 sibi

234 3807 367 3871 dem
397 3813 580 3874 retuli
606 3832 620 3875 :
644 3814 746 3875 sed
782 3815 840 3876 in
866 3835 981 3897 quo
1012 3835 1172 3878 eram
1198 3819 1330 3878 loco
1353 3817 1568 3878 sedens
1593 3803 1884 3880 lamenta-
1975 3803 2433 3902 ξοξιιὲίίίυῖδίνβίδ
2464 3810 2525 3902 1'}
2580 3803 2843 3902 “ipsum
2901 3822 3280 3889 cognoscant,
3333 3825 3390 3876 et
3420 3835 3628 3878 8559"-

236 3896 358 3974 bar,
393 3901 641 3977 ﬂebam,
666 3889 1052 3987 ablatumque
1083 3926 1115 3967 e
1157 3916 1480 3987 conspectu
1516 3926 1646 3968 meo
1682 3907 1888 3969 Domi-
1973 3889 2214 3991 nam“:
2243 3889 2341 3991 ‘ll‘l
2369 3890 2600 3991 Ρθιὲίίυξ
2626 3895 2944 3991 εεεθηξίδιῑι
2967 3918 3207 3991 οιηηειη
3227 3905 3486 3966 excedit:
3513 3925 3630 3986 (1υο
3673 3913 3675 3916 ⁴

238 4007 373 4050 num
405 3991 786 4056 revocaham.
822 3985 967 4057 Cum
1026 3997 1111 4056 sic
1164 3985 1390 4076 jactare
1448 4005 1505 4057 et
1535 3997 1888 4078 vociferare,

1976 3985 2146 4058 pacto
2175 3985 2551 4079 contineatur
2580 3985 2862 4047 humanis
2881 3988 3230 4074 visceribus,
3255 3995 3354 4074 qui
3387 3985 3628 4056 omnem

238 4094 301 4170 se
331 4081 526 4142 oculis
556 4081 709 4170 meis
736 4085 1019 4162 reddidit,
1076 4075 1345 4166 mihique
1380 4087 1648 4166 proxime
1681 4075 1889 4168 appro;

1989 4075 2317 4170 creaturam
2379 4075 2507 4170 ipse
2559 4075 2857 4135 continet:
2916 4097 3034 4158 quo
3087 4090 3257 4160 pacto
3315 4084 3632 4166 fulgeatin

241 4165 565 4248 pinquavit.
603 4169 790 4242 Quem
814 4157 1066 4236 cernens
1103 4157 1310 4255 exillii,
1338 4157 1488 4236 etad
1528 4195 1661 4237 eum
1695 4157 1906 4257 ap'pre—
1989 4157 2430 4259 ξδοῗάθηθθιήδιί
2481 4167 2654 4259 atque
2704 4157 2945 4226 (πεδεοέ
3009 4157 3308 4248 (Ιυδῐηοίίο
3367 4157 3522 4236 ialm
3551 4174 3629 4234 il‘

237 4255 627 4351 b_enden_dum
662 4263 928 4340 prosilui.
977 4266 1200 4326 Verum
1231 4247 1332 4326 ille
1365 4264 1645 4326 celeriter
1669 4247 1889 4346 se'pro-

1987 4247 2241 4351 lud‘sit,
2304 4251 2610 4351 quomodo.
2656 4263 2819 4316 extra
2902 4247 3102 4319 omnia
3161 4261 3259 4335 sit,
3320 4269 3377 4323 et
3433 4271 3628 4326 tamen

237 4344 440 4425 ripuit.
458 4346 579 4427 Ego
601 4336 846 4412 currere
867 4353 1191 4427 incitatius,
1214 4364 1275 4414 et
1295 4372 1453 4433 saepe
1475 4355 1605 4434 ejus
1621 4336 1889 4415 laciniam

1984 4336 2229 4440 impleat
2258 4337 2480 4440 omnia.
2545 4340 3346 4440 Dieonoctuque_splendet,
3407 4362 3464 4413 et
3511 4371 3632 4414 non

239 4423 644 4513 prehendere.
681 4438 790 4502 Ille
820 4444 1146 4505 consistere
1178 4423 1542 4524 ipaululnm';
1577 4463 1683 4523 ego
1717 4426 2272 4528 ltetariDFemiwr-
2325 4423 2464 4486 Ηέθε
2521 4429 2744 4528 ῼΨηίδν
2805 4433 2901 4494 (ίῘο
2956 4435 3130 4528 mihi:
3189 4440 3402 4528 eC‘l'lid
3459 4459 3630 4501 ιηθηε

241 4525 516 4590 miriﬁce.
551 4530 762 4591 Avolat
811 4531 1028 4608 denuo,
1073 4516 1357 4614 inse-quor
1405 4516 1730 4594 denuofEt
1761 4552 1894 4594 cum
1984 4517 2244 4614 ξξυῐῖῖδηθ
2277 4516 2652 4614 Ρθηθίτδδίίλ
2691 4530 2790 4581 θυι
2839 4523 3155 4604 explanare
3213 4516 3319 4588 ίίδί
3369 4529 3632 4609 Pomm?

242 4613 324 4674 ita
354 4614 606 4679 abiisset
635 4619 734 4700 qui
767 4605 1032 4698 venerat,
1089 4605 1451 4686 occultasset
1482 4640 1546 4684 se
1577 4621 1677 4702 qui
1709 4641 1889 4702 appa-

1984 4605 2424 4706 Prolectomon
2481 4607 2748 4706 angelus,
2811 4631 2930 4673 non
2996 4605 3391 4695 archangelus
3447 4637 3630 4699 expo-

239 4713 466 4782 tum-at,
502 4725 620 4768 ηοη
652 4695 750 4770 ῖηθ
780 4719 939 4772 rem,
971 4695 1258 4783 εόηνριειίν
1297 4730 1408 4773 nec
1458 4731 1552 4771 me
1598 4695 1901 4772 ἰδηιίίιύηι
1989 4714 2134 4758 nere
2165 4695 2482 4785 verbisque
2510 4695 2815 4763 declarare
2862 4702 2986 4764 haec
3034 4705 3273 4779 valebit,
3311 4727 3444 4785 quae
3473 4695 3634 4769 solus

243 4791 452 4872 piguit,
487 4814 602 4858 nec
628 4797 704 4860 de
730 4818 908 4861 cursu
939 4801 1166 4874 remisi,
1207 4820 1318 4863 nec
1351 4819 1446 4862 me
1489 4803 1562 4861 aii
1597 4801 1698 4860 illo
1733 4801 1910 4862 dece-

243 4893 432 4962 ptum,
471 4894 571 4947 aut
619 4895 908 4950 tentatum
971 4891 1300 4953 existimavi
1361 4891 1482 4952 ullo
1537 4891 1712 4950 modo
1748 4910 1762 4964 ;
1795 4890 1899 4952 sed

244 4990 425 5051 quem
473 4993 596 5037 non
655 4978 909 5059 amplius
975 4981 1274 5056 videbam,
1338 4980 1573 5062 quantis
1633 4979 1898 5043 valebam

247 5063 501 5141 viribus,
535 5073 594 5128 et
651 5068 812 5128 omni
873 5071 1150 5134 facultate
1185 5091 1315 5134 mea
1371 5071 1524 5150 cmpi
1563 5069 1898 5150 exquirere,

247 5151 493 5234 viasque
528 5164 585 5217 et
618 5174 793 5236 sepes
823 5157 1305 5240 circumspicere,
1340 5157 1528 5220 sicubi
1561 5165 1898 5238 appareret.

251 5241 500 5305 Obortis
529 5251 727 5306 autem
750 5247 1098 5328 complebar
1120 5248 1416 5330 lacrymis,
1453 5255 1513 5310 et
1543 5265 1751 5308 omnes
1776 5263 1906 5327 per-

252 5334 555 5411 contabar,
617 5336 718 5416 qui
775 5337 1094 5419 aliquando
1150 5339 1344 5420 ipsum
1404 5337 1711 5400 vidissent.
1747 5334 1908 5407 Quos

255 5442 434 5504 porro
465 5443 499 5486 a
531 5443 626 5487 me
656 5435 826 5506 putas
857 5427 1160 5508 intelligi?
1201 5429 1296 5491 An
1348 5429 1526 5508 hujus
1565 5425 1772 5488 mundi
1805 5441 1909 5487 sa-

256 5511 510 5596 pientes,
543 5524 603 5577 et
633 5515 906 5579 scientiis
938 5519 1201 5581 excultos
1221 5517 1251 5577 ‘?
1310 5516 1557 5582 Minime
1587 5535 1728 5578 sane
1758 5537 1772 5593 ;
1803 5515 1907 5576 sed

333 5684 386 5734 δί
423 5685 562 5752 Luc.
599 5705 642 5764 ι,
676 5689 777 5756 79.

2001 4790 2236 4870 Spiitus
2290 4783 2524 4847 divinus
2582 4791 2905 4875 cognoscit,
2971 4794 3132 4856 solus
3202 4783 3348 4858 sciti
3411 4797 3634 4878 quippe

1995 4881 2260 4960 ejusdem
2294 4897 2519 4948 naturae
2549 4887 2865 4967 thromque
2919 4886 3140 4962 socius,
3187 4895 3241 4946 et
3291 4886 3465 4946 simul
3498 4905 3634 4951 cum

1987 4977 2184 5049 Patre,
2219 4995 2287 5036 ac
2317 4975 2463 5037 Filio
2497 4977 2774 5057 principii
2805 4995 3040 5056 expers.
3064 4974 3118 5037 ls
3139 4975 3355 5057 quibus
3372 4977 3630 5051 fulserit,

1989 5071 2046 5124 et
2101 5064 2337 5126 abunde
2396 5067 2704 5146 copulatus
2756 5067 2958 5143 fuerit,
3015 5065 3132 5126 illis
3183 5067 3382 5127 omnia
3413 5085 3478 5128 re
3509 5066 3638 5147 ipsa

1987 5154 2267 5224 ostendit,
2301 5158 2477 5217 modo
2509 5175 2624 5236 quo
2653 5155 2770 5216 dici
2819 5175 2936 5216 non
2983 5163 3194 5236 potest.
3229 5154 3635 5227 Quemadmo—

1989 5243 2127 5304 dum
2160 5244 2317 5304 enim
2338 5264 2550 5320 caecus,
2577 5245 2626 5306 si
2651 5245 2920 5322 aspiciat,
2947 5247 3202 5325 primum
3231 5245 3633 5326 videtlumen,

1990 5331 2280 5394 deindein
2302 5334 2548 5409 lumine,
2577 5335 2792 5395 mirum
2810 5335 3244 5409 dictu,omnem
3263 5343 3634 5396 creaturam:

1993 5422 2080 5483 sic
2131 5423 2360 5484 caelesti
2411 5422 2633 5504 Spiritu
2692 5425 3018 5486 illustratus
3093 5422 3376 5499 animam,
3439 5424 3636 5484 statim

1993 5513 2195 5575 lumen
2227 5513 2556 5595 participat,
2593 5521 2652 5574 et
2698 5513 2898 5576 lumen
2940 5513 3117 5590 videt,
3186 5514 3388 5575 lumen
3419 5512 3548 5590 Dei‘,
3584 5525 3642 5574 et
