4120 6356
277 309 391 375 553

1424 314 1868 377 DIVINORUM
1911 312 2245 379 AMORUM
2293 317 2524 381 LIBER

3542 324 3667 393 854

261 442 659 517 uberrime,et
685 454 833 510 ante
857 448 1011 509 istuc
1028 454 1088 509 et
1110 466 1246 509 cum
1276 446 1437 509 istoc
1467 445 1746 515 ﬁdem,et
1767 462 1917 525 ope-
1938 449 1982 499 A
2004 445 2319 509 manifeste
2347 447 2516 511 istaec
2548 450 2770 525 omnia,
2809 456 2870 512 et
2911 449 3043 514 istis
3072 451 3464 520 ineﬂ‘abiliter
3488 476 3665 524 arca-

267 553 331 595 ra
361 533 543 594 ﬁdem
577 536 1000 598 conﬁrmantia
1031 537 1440 618 possidentes.
1463 535 1568 597 His
1588 541 1652 596 ut
1682 534 1918 615 lychno,

261 624 396 685 oleo
430 633 490 685 et
514 632 737 706 stuppa
789 627 972 706 pleno
1020 628 1220 705 ignem
1283 625 1576 690 Dominus
1627 623 1920 697 immittit,

263 730 447 792 quem
483 715 750 777 mundus
783 735 903 777 non
928 716 1101 796 vidit,
1139 736 1252 778 nec
1271 716 1481 778 videre
1508 720 1725 796 potest.
1754 716 1922 777 Mun-

263 802 406 862 dum
438 801 714 883 dico,qui
736 804 1028 869 inmundc
1057 815 1219 878 sunt,
1248 814 1308 868 et
1333 803 1919 884 mundanasapiunt.

262 889 433 952 Sicut
473 910 653 971 porro
687 893 942 973 lychnus
976 914 1083 955 seu
1124 895 1378 957 lucerna
1412 913 1588 976 quam
1618 893 1918 967 videmus,

263 979 506 1042 admoto
540 981 681 1059 igne
708 984 1066 1045 accenditur
1088 1003 1100 1047 :
1122 984 1202 1045 ita
1222 984 1621 1064 spiritualiter
1652 981 1922 1059 intellige

263 1067 527 1131 divinum
562 1070 759 1148 ignem
792 1073 1023 1135 animas
1052 1073 1369 1151 attingere,
1404 1090 1631 1153 easque
1680 1071 1918 1131 inﬂam-

270 1177 464 1223 mare.
500 1159 816 1232 Quomodo
846 1162 1264 1238 inﬂammabit,
1289 1170 1611 1242 antequam
1642 1159 1921 1238 attingat?

266 1251 567 1328 quomodo
595 1249 869 1328 attinget,
916 1259 1236 1332 antequam
1287 1251 1603 1313 mittatur?
1644 1250 1917 1311 Profecto

262 1357 635 1421 nequaquam
669 1340 942 1402 omnino.
982 1343 1219 1404 Ardens
1273 1349 1473 1403 autem
1529 1340 1803 1419 lychnus,
1858 1349 1918 1401 et

259 1428 493 1489 clarum
524 1429 737 1491 lucens
771 1430 1076 1511 omnibus,
1105 1431 1155 1492 si
1173 1430 1375 1492 oleum
1395 1428 1711 1504 defecerit,
1734 1446 1916 1490 num-

256 1517 404 1595 quid
437 1538 561 1580 non
591 1519 1054 1597 exstinguetur?

340 1607 518 1667 Aliud
550 1608 1047 1689 majusobscrva,
1080 1608 1240 1689 quod
1274 1626 1370 1669 me
1399 1614 1586 1672 terret
1618 1608 1750 1689 plus
1788 1625 1919 1668 om-

2006 533 2177 626 niora
2205 536 2402 614 docet,
2436 545 2495 599 et
2532 538 2797 600 ostendit
2849 539 2963 617 bis,
3016 561 3051 604 a
3097 543 3320 626 quibus
3376 547 3659 616 habetur.

2004 623 2186 717 Audi,
2219 627 2269 688 si
2295 627 2511 710 placet,
2544 628 2650 690 ﬁli.
2687 629 2835 692 Cum
2868 623 3133 712 fulserit,
3157 635 3662 717 quemadmodum

2004 713 2167 805 dixi,
2187 722 2243 777 et
2269 734 2523 779 examen
2562 718 2892 781 motionum
2939 713 3662 805 rationi—repugnantium

2007 804 2323 901 expulerit,
2378 805 2751 901 domumque
2791 808 3009 872 animae
3057 818 3171 873 tua;
3215 818 3659 901 expurgaverit,

2005 892 2137 988 sine
2174 894 2446 988 mistione
2475 894 2561 957 illi
2593 896 2984 974 admiscetur,
3018 906 3077 961 et
3108 892 3664 988 modo'ine'xplica;

2004 980 2109 1075 bili
2140 984 2537 1046 essentialiter
2559 985 2702 1075 ejus
2724 987 3025 1065 essentiae,
3061 995 3216 1052 totus
3278 993 3385 1055 toti
3427 980 3663 1075 penitus

2004 1071 2227 1165 unitur,
2256 1091 2509 1165 eamque
2548 1073 2773 1136 sensim
2815 1075 3074 1139 lucidam
3106 1079 3265 1154 facit,
3300 1071 3658 1165 inflammat,

2001 1170 2059 1224 et
2085 1163 2520 1255 illuminatsic,
2554 1172 2671 1227 uta
2700 1182 2797 1228 me
2834 1167 3126 1248 explicari
3167 1190 3290 1234 non
3320 1175 3529 1255 possit.
3567 1163 3665 1240 Fit

1998 1270 2185 1342 unum
2242 1272 2312 1315 ex
2359 1253 2614 1337 duobos,
2675 1274 2745 1317 ex
2805 1256 3007 1319 anima
3062 1269 3125 1321 et
3180 1253 3472 1342 creatore,
3507 1265 3659 1329 etin

1998 1341 2195 1402 anima
2226 1349 2316 1404 est
2346 1353 2584 1406 creator
2615 1344 2777 1405 solus
2809 1364 2943 1407 cum
2970 1346 3097 1411 sola
3129 1355 3306 1412 totus.
3341 1341 3460 1424 Qui,
3474 1372 3656 1417 manu

2000 1446 2107 1491 sua
2138 1439 2472 1495 creaturam
2520 1451 2760 1495 omnem
2811 1434 3098 1513 continet,
3151 1455 3230 1500 ne
3278 1438 3506 1517 dubita,
3557 1441 3655 1505 hic

2000 1527 2152 1583 totus
2182 1540 2319 1583 cum
2351 1524 2548 1598 Patre,
2577 1531 2635 1584 et
2656 1532 2860 1586 sancto
2891 1524 3119 1603 Spiritu
3167 1546 3288 1591 una
3316 1530 3517 1593 anima
3544 1549 3651 1595 ca-

2002 1610 2183 1690 pitur,
2213 1620 2270 1673 et
2290 1611 2545 1672 animam
2569 1612 2727 1674 intra
2757 1631 2822 1675 se
2856 1620 3037 1676 totam
3070 1617 3515 1698 complectitur.
3546 1623 3651 1685 In-

258 1696 465 1761 nibus.
502 1701 908 1781 Conspicuum
963 1702 1241 1780 lychnum
1293 1720 1491 1761 meum
1530 1699 1726 1775 valde,
1779 1715 1911 1791 cum
1936 1729 1977 1779 Β
2002 1700 2232 1779 tellige,
2256 1700 2754 1791 vide,4perpende
2778 1702 2904 1764 haec
2940 1721 2955 1766 :
2986 1703 3109 1765 dixi
3138 1696 3299 1768 enim
3347 1707 3477 1791 tibi,
3509 1710 3646 1773 ani-

253 1787 376 1849 olei
406 1788 591 1850 infusi
640 1790 833 1870 c0pia,
874 1798 932 1851 et
978 1797 1196 1871 stuppa
1243 1790 1522 1871 plurima,
1584 1808 1737 1878 mus,
1791 1787 1914 1848 sive
2000 1807 2156 1878 mam
2197 1791 2399 1851 lumen
2430 1789 2831 1868 intolerabile,
2882 1799 2941 1853 et
2992 1792 3366 1857 inaccessum
3418 1787 3649 1878 angelis

254 1877 376 1938 alia
405 1877 696 1958 quaepiam
731 1879 988 1942 bestiola
1018 1898 1373 1961 prorepens,
1408 1888 1511 1942 aut
1551 1877 1782 1951 evertit,
1816 1884 1916 1938 aut
1995 1877 2155 1939 intra
2177 1896 2243 1940 se
2264 1878 2598 1954 continere,
2631 1887 2690 1941 et
2721 1878 2919 1961 ipsum
2951 1880 3157 1944 lumen
3186 1883 3453 1947 vicissim
3484 1877 3647 1950 habi-

252 1967 544 2045 paulatim
578 1967 768 2030 linctu
798 1969 998 2029 oleum
1032 1968 1383 2049 absumpsit,
1409 1976 1917 2048 stuppamqueco-

251 2055 465 2127 medit,
496 2063 680 2136 atque
729 2059 812 2120 ita
859 2059 1197 2138 lampadem
1237 2057 1542 2119 exstinxit.
1583 2055 1912 2119 Mirabilius

247 2151 484 2217 autem,
520 2146 681 2226 quod
718 2156 932 2228 stuppa
962 2156 1084 2209 tota
1119 2147 1511 2227 (ellychnium
1561 2145 1798 2226 vocant)
1830 2144 1908 2206 il-

248 2232 422 2313 lapsa
453 2233 513 2295 in
545 2237 766 2312 oleum,
800 2244 1046 2316 repente
1091 2241 1294 2319 ignem
1344 2235 1688 2316 exstinguit,
1724 2242 1781 2296 et
1818 2242 1910 2295 est

248 2322 396 2383 mihi
430 2324 677 2387 lucerna
709 2344 844 2387 mea
877 2327 1197 2389 tenebrosa
1220 2343 1621 2406 prorsus,nec
1638 2331 1902 2405 apparet.

248 2414 589 2476 Lucernam
606 2434 714 2476 seu
734 2416 1070 2496 lampadem
1083 2416 1340 2478 animam
1365 2414 1905 2493 intelligito,oleum

244 2502 523 2579 virtutes,
553 2514 815 2567 mentem
838 2506 1023 2586 ipsam
1049 2507 1432 2586 ellychnium,
1461 2513 1520 2566 et
1551 2504 1613 2564 in
1646 2522 1717 2564 eo
1750 2502 1904 2563 divi-

247 2611 397 2653 num
431 2593 629 2673 ignem
670 2595 993 2666 lucentem,
1037 2594 1597 2674 illuminantemque
1645 2592 1903 2654 animam

240 2682 451 2748 simul.
477 2696 538 2744 et
558 2684 934 2746 domiciiium
964 2692 1146 2746 totum
1179 2684 1449 2763 corporis
1482 2681 1625 2758 mei,
1652 2699 1902 2762 quasque

243 2771 311 2831 in
338 2790 410 2831 eo
445 2780 586 2835 sunt
616 2772 1025 2852 Cogitationes,
1081 2782 1140 2835 et
1170 2772 1524 2852 agitationes
1553 2770 1736 2832 animi
1765 2789 1900 2831 om-

244 2879 377 2922 nes.
417 2861 543 2923 Hoc
571 2870 770 2925 autem
796 2881 915 2923 non
946 2863 1211 2938 lucente,
1233 2863 1283 2923 si
1312 2862 1554 2936 invidia,
1588 2867 1689 2921 ant
1717 2858 1901 2920 male-

245 2950 530 3027 volentia,
557 2959 844 3012 autamor
873 2951 1103 3030 glorize,
1126 2958 1227 3011 aut
1258 2949 1550 3030 cupiditas
1570 2948 1684 3010 alia
1706 2949 1898 3028 cujus-

1994 1976 2118 2032 tare
2142 1968 2295 2029 intra
2325 1968 2610 2045 animam,
2649 1975 2710 2031 et
2739 1988 2874 2031 eam
2906 1971 3252 2053 neutiquam
3288 1991 3494 2037 urere.
3532 1976 3651 2040 Co-

1992 2057 2190 2136 gnosti
2246 2057 2611 2138 profundum
2671 2059 3061 2140 mysterium;
3120 2062 3326 2139 homo,
3375 2062 3536 2128 inter
3579 2084 3651 2129 ea

1992 2166 2122 2236 qua:
2173 2146 2281 2209 sub
2333 2154 2639 2227 aspectum
2698 2148 3101 2227 subjiciuntur
3148 2151 3426 2230 exiguum
3477 2154 3645 2236 quid,

1990 2235 2202 2297 umbra
2227 2244 2285 2296 et
2309 2236 2523 2317 pulvis,
2557 2236 2620 2298 in
2659 2237 2858 2299 medio
2888 2237 2981 2299 sui
3024 2236 3210 2301 Deum
3264 2247 3450 2304 totum
3492 2235 3645 2307 con-

1991 2325 2163 2415 tinet,
2198 2344 2232 2386 a
2260 2325 2432 2404 cujus
2463 2325 2646 2415 digito
2707 2325 2932 2415 pendet
2985 2336 3281 2402 creatura,
3344 2337 3405 2392 et
3450 2350 3485 2394 a
3527 2352 3644 2415 quo

1990 2414 2238 2494 quilibet
2269 2414 2587 2475 essentiam
2621 2434 2816 2490 suam,
2850 2414 3049 2492 vitam,
3084 2425 3143 2478 et
3173 2426 3402 2482 motum
3433 2414 3638 2484 habet.

1988 2505 2155 2564 Mens
2181 2503 2394 2585 omnis,
2441 2503 2663 2581 anima,
2698 2511 2757 2565 et
2789 2503 2944 2567 ratio
2972 2505 3203 2567 ratione
3256 2509 3642 2587 praeditorum

1988 2592 2062 2654 ab
2109 2593 2220 2654 hoc
2251 2602 2379 2656 est:
2405 2592 2740 2674 eodemque
2789 2594 2967 2655 modo
3009 2594 3253 2675 spiritus
3290 2597 3643 2661 animalium

1986 2682 2383 2761 intelligentia
2430 2683 2785 2745 vacantium.
2824 2690 2883 2744 et
2932 2682 3178 2745 omnino
3226 2685 3640 2751 universorum

1988 2780 2110 2833 tum
2168 2771 2679 2846 ratiocinantium,
2728 2780 2853 2832 tum
2899 2773 3311 2836 tantummodo
3364 2778 3638 2841 sentien-

1986 2860 2131 2922 tium
2163 2880 2295 2923 esse
2326 2860 2467 2922 hinc
2500 2868 2722 2922 manat.
2753 2864 2927 2924 Hunc
2950 2860 3203 2936 habens,
3237 2863 3509 2946 quisquis
3539 2868 3640 2929 ha-

1983 2950 2170 3024 bebit,
2208 2959 2264 3014 et
2287 2950 2444 3012 intra
2472 2968 2537 3011 se
2568 2960 2837 3029 gestans,
2869 2958 2930 3013 et
2959 2950 3090 3030 ejus
3130 2951 3637 3032 pulchritudinem

249 3039 408 3120 piam
439 3041 782 3121 voluptatis,
827 3049 926 3101 aut
967 3041 1301 3121 pertubatio
1344 3040 1592 3101 demum
1623 3038 1740 3099 alia
1768 3055 1957 3125 sesen
1983 3050 2287 3121 spectans,
2320 3041 2620 3119 quomodo
2648 3039 2935 3102 desiderii
2958 3040 3262 3102 ﬂammam
3289 3040 3475 3105 feret?
3494 3063 3639 3125 quo-

245 3133 665 3211 commoverit,
703 3139 759 3190 et
794 3130 1134 3211 lampadem
1169 3129 1476 3203 everterit,
1512 3127 1575 3189 id
1609 3136 1719 3202 est,
1754 3146 1896 3189 sco-
1918 3127 1959 3148 “
1984 3129 2158 3191 modo
2183 3129 2381 3208 ignem
2423 3130 2645 3192 amoris
2674 3127 3041 3193 sustinebit?
3068 3129 3373 3210 quomodo
3413 3132 3637 3197 calidas

245 3237 413 3298 pum,
451 3229 508 3281 et
538 3219 911 3300 propositum
968 3221 1287 3282 voluntatis
1331 3238 1501 3293 meae,
1552 3226 1653 3279 aut
1698 3218 1896 3278 oleum
1979 3237 2012 3280 e
2039 3220 2220 3281 corde
2251 3219 2541 3298 lacrymas
2582 3238 2699 3280 non
2746 3216 3037 3282 stillabit?
3082 3219 3382 3300 quomodo
3435 3222 3634 3285 admi-

250 3306 550 3390 elinxerit,
574 3311 829 3373 virtutes
855 3330 1065 3372 omnes
1113 3316 1213 3371 aut
1243 3308 1462 3389 alioqui
1511 3306 1890 3387 ellychnium,

248 3415 469 3477 nempe
492 3405 755 3462 mentem
790 3398 1308 3474 meam.utdixi,in
1342 3417 1405 3459 se
1427 3396 1893 3478 ipsahabentem

236 3487 447 3549 lumen
469 3488 628 3550 clare
656 3488 915 3568 fulgens,
934 3492 1130 3569 pravis
1150 3486 1612 3567 cogitationibus
1632 3484 1890 3546 absumit

239 3584 301 3638 et
356 3575 622 3657 devorat,
674 3585 775 3639 aut
828 3579 1006 3640 etiam
1061 3586 1245 3639 totam
1289 3579 1353 3639 in
1401 3577 1533 3638 oleo
1567 3574 1886 3653 demergit,

235 3665 380 3726 dum
413 3664 696 3727 videlicet
742 3666 1025 3728 virtutum
1071 3685 1320 3728 suarum
1369 3665 1634 3728 actiones
1680 3662 1892 3725 recolit

235 3774 307 3817 ac
335 3762 554 3833 versat,
589 3763 646 3817 et
674 3756 815 3817 hinc
847 3756 921 3818 de
952 3775 1017 3818 se
1045 3756 1357 3836 magniﬁce
1399 3754 1747 3817 existimans
1779 3771 1889 3814 ex-

236 3853 514 3916 caecatur,
562 3844 615 3907 si
648 3845 985 3926 lampadem
1037 3865 1230 3908 meam
1280 3847 1446 3920 hinc,
1496 3851 1598 3906 aut
1649 3842 1890 3904 aliunde

230 3932 487 3996 fortasse
517 3934 813 4013 exstingui
841 3935 1162 4014 contingat,
1185 3933 1286 3996 ubi
1318 3943 1457 3996 tunc
1486 3934 1685 4012 ignem
1734 3949 1886 4006 esse,

233 4032 336 4084 aut
360 4022 507 4103 quid
555 4042 652 4084 me
697 4023 830 4085 fieri
884 4023 1097 4085 dices?
1124 4023 1485 4085 Permanere
1530 4023 1696 4083 illum
1754 4038 1887 4081 cum

238 4112 624 4194 lampade,an
652 4111 725 4173 ab
751 4132 819 4175 ea
839 4112 1071 4175 secludi
1091 4131 1161 4175 ac
1182 4112 1455 4191 sejungi?
1478 4110 1635 4174 Proh
1674 4127 1888 4170 amen-

234 4200 419 4262 tiam!
457 4203 611 4283 proh
663 4202 989 4265 insaniam!
1046 4201 1171 4275 Quo
1234 4210 1407 4283 pacto
1461 4202 1685 4279 lampas
1741 4197 1892 4259 citra

225 4291 431 4371 ignem
465 4292 736 4367 accendi,
771 4300 871 4355 aut
890 4292 1047 4371 ignis
1076 4292 1302 4374 absque
1354 4293 1599 4352 materia
1645 4306 1890 4350 manere

1979 3308 2168 3368 randa
2199 3307 2297 3369 illa
2322 3307 2653 3368 enuntiabit
2674 3307 2705 3367 ?
2735 3308 3035 3388 quomodo
3066 3327 3198 3389 quae
3225 3307 3289 3369 in
3319 3309 3447 3391 ipso
3483 3311 3636 3375 ﬁunt

1979 3395 2384 3459 enumerabit?
2403 3396 2699 3475 quomodo
2741 3398 2914 3477 plane
2949 3396 3191 3479 tacebit,
3218 3416 3353 3460 cum
3386 3409 3634 3480 cogatur

1972 3486 2181 3567 loqui?
2214 3486 2391 3546 Videt
2423 3485 2603 3547 etiam
2645 3504 2783 3549 sese
2829 3487 2891 3548 in
2935 3485 3165 3565 inferis,
3199 3495 3331 3569 post
3359 3488 3629 3553 illustra-

1972 3576 2196 3638 tionem
2222 3573 2489 3648 luminis,
2513 3573 2783 3654 inquam.
2813 3575 3051 3638 Etenim
3085 3593 3265 3637 nemo
3297 3573 3382 3637 ibi
3401 3575 3627 3639 seden-

1975 3668 2119 3727 tium
2149 3673 2286 3727 ante
2324 3662 2517 3725 divini
2568 3663 2811 3726 luminis
2857 3665 3359 3727 illuminationem
3408 3684 3472 3728 se
3522 3686 3625 3729 co-

1971 3754 2247 3834 gnoscit;
2280 3752 2387 3815 sed
2419 3755 2479 3813 in
2514 3753 2850 3832 ignorantia
2889 3754 3181 3835 caliginis,
3235 3773 3357 3836 qua
3394 3754 3627 3819 obsessi

1976 3852 2273 3919 tenentur,
2335 3843 2876 3924 corruptionisque,
2922 3852 2980 3907 et
3027 3844 3237 3906 mortis
3284 3860 3623 3909 versantur.

1971 3932 2397 3995 Verumtamen
2424 3931 2584 3992 videt
2614 3931 2715 3993 ubi
2747 3934 2930 4014 fulget
2969 3932 3167 3995 anima
3217 3932 3341 4015 illa,
3375 3941 3434 3996 et
3464 3952 3530 3997 se
3558 3935 3623 3999 in

1972 4020 2345 4084 densissimis
2395 4019 2681 4097 tenebris,
2729 4030 2790 4084 et
2837 4023 3106 4085 custodia
3153 4022 3450 4085 tutissima
3479 4041 3624 4104 pro-

1972 4109 2341 4173 fundissimac
2362 4110 2715 4188 ignorantiae
2743 4120 2920 4174 totam
2952 4130 3084 4175 esse
3114 4111 3418 4189 intelligit.
3457 4111 3626 4176 Tunc

1974 4199 2187 4280 cernit,
2231 4198 2333 4259 ubi
2382 4198 2581 4261 clausa
2635 4200 2733 4275 sit,
2781 4200 2978 4262 locum
3023 4207 3213 4262 totum
3275 4200 3428 4262 nihil
3488 4220 3625 4265 esse

1973 4296 2190 4370 praeter
2234 4306 2494 4369 coeuum,
2546 4288 3017 4364 immundorum,
3071 4297 3528 4367 venenatorum,
3565 4299 3626 4355 et

229 4384 291 4443 in
319 4381 601 4463 lampade
634 4382 873 4462 potest?
903 4386 1158 4463 Semper
1187 4382 1346 4445 enim
1372 4381 1529 4459 ignis
1571 4376 2333 4458 materiamDserpentium
2387 4376 2675 4455 plenum;
2735 4379 2994 4459 seipsam
3049 4396 3188 4440 vero
3239 4378 3501 4457 ligatam,
3564 4386 3626 4441 et

228 4471 458 4551 appetit
487 4489 603 4552 qua
634 4481 926 4551 pascatur.
958 4471 1248 4534 Nostrum
1307 4478 1397 4533 est
1452 4479 1653 4532 autem
1711 4469 1884 4548 plane
1962 4465 2217 4529 vinculis
2240 4465 2619 4527 constrictam
2646 4484 2856 4528 manus
2877 4475 2936 4529 et
2958 4466 3162 4547 pedes,
3190 4464 3618 4550 etsqualidam,

234 4561 389 4621 hanc
441 4578 795 4640 praeparare,
830 4568 889 4624 et
924 4569 1197 4642 prompte
1232 4580 1341 4622 nos
1392 4560 1556 4641 ipsos
1603 4567 1881 4636 tanquam
1967 4563 2025 4618 et
2054 4553 2377 4629 sordidam,
2415 4561 2471 4614 et
2501 4564 2852 4635 serpentum
2897 4555 3076 4617 simul
3127 4554 3428 4616 morsibus
3478 4573 3620 4618 sau-

229 4647 545 4729 lampades
575 4649 881 4723 exhibere,
910 4651 1043 4713 oleo
1075 4650 1381 4731 plenos,id
1410 4656 1521 4729 est,
1547 4645 1884 4726 omnigenis

228 4736 546 4799 virtutibus
622 4747 959 4803 exornatos.
1023 4739 1236 4802 Mentis
1307 4758 1448 4801 vere
1523 4734 1880 4817 ellychnium

228 4833 499 4889 erectum
533 4827 821 4907 proferre,
877 4836 941 4889 ut
987 4828 1123 4907 igne
1168 4834 1533 4902 contactum,
1599 4824 1878 4905 paulatim

230 4915 530 4977 ﬂammam
557 4916 878 4997 concipiat.
908 4917 1008 4981 Sic
1034 4938 1166 4980 cum
1186 4917 1260 4980 iis
1291 4924 1512 4991 manet,
1548 4915 1650 4996 qui
1679 4917 1879 4996 ipsum

227 5003 658 5085 acquisierunt.
686 5005 897 5084 Aliter,
950 5025 1028 5070 ne
1078 5007 1212 5087 quis
1261 5007 1375 5069 sibi
1423 5006 1696 5067 fraudem
1754 5002 1876 5082 det,

228 5111 348 5156 non
371 5093 631 5171 videtur,
665 5114 787 5158 non
818 5103 1081 5172 tenetur,
1118 5116 1232 5157 non
1264 5095 1577 5158 cohibetur
1616 5091 1870 5175 penitus.

225 5181 328 5245 Est
352 5183 714 5265 enim,quod
739 5187 1062 5249 memoravi
1083 5205 1281 5268 supra,
1300 5194 1466 5248 extra
1490 5185 1643 5245 hanc
1675 5200 1878 5243 rerum

227 5280 526 5349 naturam,
553 5281 611 5335 et
628 5273 710 5335 ita
731 5283 962 5354 capitur
988 5276 1210 5338 unione
1248 5273 1559 5349 ineﬂ‘abili,
1584 5278 1650 5334 ut
1681 5283 1879 5333 tamen

224 5362 355 5443 capi
385 5375 645 5445 nequeat
678 5382 693 5427 :
729 5363 1126 5447 similiterque
1154 5362 1722 5442 circumscrribitur,
1766 5377 1879 5424 nec

222 5457 421 5515 tamen
450 5452 989 5516 circumscribitur.

300 5541 440 5605 Haec
466 5560 647 5625 porro
678 5542 1025 5625 neutiquam
1059 5543 1467 5625 sermonibus,
1501 5560 1610 5604 nec
1649 5540 1876 5618 cogita-

223 5630 489 5697 tionibus
510 5631 839 5712 investiga:
865 5634 972 5696 sed
994 5633 1193 5715 ignem
1237 5650 1416 5716 posce
1445 5630 1744 5713 accipere,
1777 5628 1879 5709 qui

548 5768 820 5831 Paraon.
847 5766 956 5831 Gn.
985 5768 1159 5832 CXX.

1966 4648 2142 4727 ciam,
2179 4652 2237 4707 et
2287 4650 2520 4722 gestare
2568 4664 2634 4707 se
2677 4665 2928 4709 carnem
2983 4664 3151 4708 suam
3212 4646 3616 4724 tumefactam,

1966 4743 2413 4813 scatentemque
2433 4735 2761 4798 vermibus.
2797 4735 2936 4798 Haec
2966 4734 3068 4816 qui
3097 4733 3277 4815 videt,
3320 4735 3621 4816 quomodo

1963 4845 2083 4891 non
2116 4824 2529 4887 exhorrescet?
2549 4824 2845 4904 quomodo
2869 4843 2989 4887 non
3008 4821 3299 4905 plorabit?
3320 4823 3619 4905 quomodo

1964 4935 2084 4979 non
2130 4911 2432 4989 clamabit,
2489 4920 2546 4974 et
2585 4915 2885 4976 ferventer
2940 4911 3294 4996 paenitebit,
3354 4920 3531 4994 atque
3585 4932 3623 4977 a

1966 5001 2293 5068 teterrimis
2322 5000 2577 5064 vinculis
2608 5011 2671 5064 ut
2700 5003 2992 5065 liberetur
3038 5000 3319 5081 rogabit?
3350 5002 3619 5065 Profecto

1963 5095 2303 5176 quicunque
2354 5090 2482 5153 haec
2540 5110 2678 5153 vere
2726 5091 2963 5174 viderit,
3011 5099 3070 5154 et
3112 5091 3501 5171 ingemiscet,
3562 5098 3622 5154 et

1962 5179 2405 5253 lamentabitur,
2452 5188 2510 5242 et
2555 5200 2690 5242 cum
2741 5200 2811 5243 eo
2861 5182 2964 5262 qui
3009 5181 3213 5244 lumen
3256 5178 3431 5257 fudit,
3480 5197 3619 5243 cum

1961 5272 2224 5339 Christo,
2257 5269 2521 5349 inquam,
2558 5288 2689 5332 esse
2719 5270 2896 5333 volet.

2045 5363 2185 5424 Haec
2212 5358 2414 5438 itaque
2434 5358 2687 5421 faciente
2709 5378 2825 5436 me,
2853 5377 2987 5440 quae
3017 5357 3162 5439 dixi,
3211 5364 3271 5420 et
3316 5357 3379 5421 in
3425 5378 3622 5439 genua

1960 5458 2098 5513 ante
2129 5447 2513 5526 et'fulgentem
2535 5448 2787 5510 cadente
2809 5447 3023 5528 (probe
3064 5445 3213 5508 mihi
3252 5466 3386 5529 quae
3423 5448 3619 5511 dicam

1961 5537 2297 5613 considera)
2330 5536 2517 5616 tangit
2539 5537 2641 5600 ille
2672 5537 2971 5612 manibus,
2992 5537 3261 5613 vulnera,
3295 5544 3355 5599 et
3381 5537 3619 5601 vincula

1963 5648 2120 5693 mea.
2153 5626 2348 5706 Atque
2379 5625 2484 5688 ubi
2512 5646 2721 5689 manus
2752 5645 2848 5689 me
2879 5626 3084 5708 tangit,
3111 5632 3214 5690 aut
3260 5624 3478 5709 digitus
3506 5627 3620 5691 ad-

3148 5760 3221 5826 18
