4120 6370
533 336 652 402 555
1838 343 1988 405 SYM
1998 342 2150 407 EON
2156 340 2225 403 IS
2262 340 2613 405 JUNIORIS
3799 333 3949 399 556

529 484 819 553 movetur,
854 475 1050 540 statim
1078 483 1437 558 rumpuntur
1467 476 1722 551 vincula,
1751 494 1984 539 vermes
2013 493 2177 538 emo-
2196 492 2241 529 Α
2263 472 2468 537 cisset.
2495 472 2611 536 Sed
2637 471 2886 554 privatio
2909 472 3039 552 ejus
3065 472 3337 536 omnium
3369 473 3583 536 horum
3626 472 3946 533 honorum

528 564 788 644 riuntur,
819 585 939 628 orae
967 567 1285 628 vulnerum
1316 565 1378 626 in
1411 585 1594 629 unum
1629 565 2033 638 attrahuntur,
2069 563 2177 624 de-
2264 561 2623 625 oblivionem
2680 563 2827 624 mihi
2884 561 3192 639 afferebat,
3241 571 3304 624 ut
3352 581 3448 624 me
3497 569 3792 642 egentem,
3865 577 3948 621 ac

529 655 738 718 cidunt
766 657 995 734 sordes,
1031 665 1089 718 et
1129 655 1294 718 labes
1323 656 1518 718 carnis
1550 675 1721 725 meae.
1757 655 1822 716 fit
1851 653 2182 716 contractio
2266 655 2610 718 destitutum
2643 664 2938 736 putarem.
2969 653 3163 726 Quare
3195 664 3255 717 ut
3283 656 3479 718 adhuc
3503 654 3807 718 veteribus
3836 653 3944 714 in-

529 743 594 806 in
625 744 964 809 cicatricem
997 753 1248 826 repente
1276 753 1458 822 tanta,
1494 752 1556 806 ut
1583 763 1654 806 eo
1688 744 1749 805 in
1781 745 1910 805 loco
1941 741 2183 805 cicatrix
2268 745 2522 819 volutus,
2555 745 2727 806 malis
2751 743 3084 820 cruciabar,
3121 745 3460 826 sedensque
3490 745 3551 806 in
3594 744 3790 806 medio
3831 751 3942 804 ta-

532 835 777 896 omnino
811 835 972 897 nulla
1001 841 1299 915 appareat,
1335 834 1439 896 sed
1485 833 1535 896 is
1566 833 1761 914 potius
1811 833 2090 895 similiter
2118 841 2187 891 ut
2267 832 2616 915 bernaculo,
2651 834 2809 896 velut
2837 833 2900 895 in
2940 833 3322 908 domuncula,
3371 843 3471 897 aut
3521 835 3583 896 in
3631 852 3767 896 vase
3819 833 3935 894 in-

528 922 727 985 divina
760 942 970 985 manus
1001 941 1282 986 coruscus
1314 923 1594 987 efﬁcitur.
1632 924 1778 984 Mira
1809 931 1868 984 et
1898 939 2056 986 nova
2077 938 2175 981 res
2258 923 2480 994 clusus,
2526 923 2769 997 flebam,
2832 923 3202 985 lamentabar
3245 927 3654 998 vehementer,
3676 940 3942 1004 prorsus

531 1028 669 1072 caro
692 1029 844 1073 mea.
872 1010 1143 1074 Essentia
1171 1011 1386 1073 animae
1428 1029 1598 1092 mea),
1631 1011 1750 1073 imo
1803 1019 1862 1072 et
1910 1008 2178 1090 corporis
2258 1011 2418 1075 foras
2470 1031 2588 1073 non
2640 1012 3007 1092 propiciens.
3049 1013 3450 1094 Requirebam
3501 1014 3666 1075 enim
3717 1011 3932 1084 illum,

529 1099 650 1158 mei
670 1097 926 1159 divinam
955 1111 1224 1161 assecuta
1270 1099 1540 1178 gloriam,
1575 1100 1864 1178 fulgorem
1899 1097 2052 1177 jacit
2079 1096 2176 1157 di-
2221 1169 2226 1176 ε
2260 1101 2428 1162 illum
2453 1121 2629 1181 quem
2653 1101 3688 1183 desiderabam,quemamavi,cujus
3713 1103 3937 1162 formae

525 1186 986 1250 vinum.Videns
1007 1188 1119 1250 hoc
1140 1188 1799 1270 inpartecorporismei
1823 1187 2168 1268 perfectum,
2263 1191 2557 1268 elegantia
2580 1191 2922 1252 vulneratus
2974 1209 3129 1253 sum.
3174 1191 3573 1272 Incendebar,
3605 1189 3929 1263 ardvbam,

524 1276 822 1356 quomodo
881 1296 998 1338 non
1039 1277 1420 1355 desiderabo,
1486 1287 1544 1339 et
1595 1277 1931 1358 supplicalo
1992 1282 2173 1336 totum

524 1384 741 1446 corpus
772 1384 970 1428 meum
1003 1384 1036 1428 a
1063 1366 1234 1428 malis
1265 1367 1527 1442 liberari,
1565 1366 1962 1446 similiterque
2013 1364 2176 1424 sanin

524 1460 734 1528 tatem,
757 1455 996 1535 qualem
1012 1455 1156 1530 dixi,
1185 1463 1243 1517 et
1266 1455 1509 1534 gloriam
1529 1453 1813 1536 assequi?
1834 1453 2060 1516 Tamen
2090 1451 2177 1513 sic

525 1561 624 1605 me
645 1541 923 1620 faciente,
951 1544 1072 1606 imo
1095 1545 1273 1606 etiam
1296 1545 1644 1620 ferventius,
1680 1552 1738 1606 et
1769 1541 2177 1623 obstupefacto

524 1634 914 1713 proportione
962 1633 1412 1711 miraculorum,
1458 1635 1648 1696 bonus
1683 1633 1971 1695 Dominus
2022 1637 2180 1690 mota

525 1740 706 1784 manu
755 1743 862 1785 sua
911 1723 1143 1803 reliqua
1203 1724 1471 1802 corporis
1531 1723 1651 1784 mei
1699 1721 1854 1794 obit;
1890 1727 1948 1782 et
1997 1737 2178 1780 cerno

2260 1287 2417 1340 totus
2455 1279 2838 1357 ignescebam
2922 1277 3021 1342 Sic
3079 1298 3220 1359 ergo
3283 1299 3375 1342 me
3424 1281 3764 1355 viventem,
3837 1278 3934 1339 sic

2259 1368 2705 1447 lacrymantem,
2728 1367 3272 1450 tabescentemque,
3305 1377 3366 1432 et
3399 1369 3684 1431 atrociter
3708 1367 3933 1445 ﬂagel-

2260 1459 2466 1533 latum,
2499 1467 2560 1521 et
2592 1478 2714 1538 prae
2746 1458 2951 1521 dolore
2985 1457 3428 1536 vociferantem,
3466 1459 3738 1522 exaudito
3791 1458 3934 1518 cla-

2261 1565 2426 1608 more
2459 1565 2591 1608 meo
2623 1546 2998 1627 prospiciens
3037 1545 3109 1608 ab
3160 1547 3478 1629 immensa,
3525 1557 3583 1610 et
3637 1547 3932 1626 inconje-

2261 1635 2534 1698 cturabili
2568 1636 2905 1710 altitudine,
2940 1655 3074 1696 cum
3100 1655 3195 1696 me
3221 1637 3488 1713 vidisset,
3527 1637 3832 1711 misertus,
3872 1646 3934 1696 et

2263 1744 2372 1804 pro
2421 1725 2680 1786 humano
2728 1733 2902 1803 captu
2953 1724 3142 1785 videri
3184 1743 3420 1786 rursum
3473 1725 3751 1804 dignatus
3803 1733 3928 1799 est,

523 1812 676 1889 haec,
709 1829 778 1874 eo
809 1831 925 1893 quo
956 1813 1190 1874 narravi
1234 1811 1434 1887 modo,
1487 1821 1755 1893 purgata,
1811 1818 1870 1872 et
1915 1808 2174 1896 divinam
2197 1808 2237 1858 Β
2259 1815 2361 1896 qui
2392 1823 2480 1876 est
2509 1813 2788 1875 omnibus
2819 1811 3417 1892 inaspectabilis.Quo
3431 1823 3929 1896 conspecto,per-

523 1901 737 1962 induta
786 1901 1060 1978 gloriam.
1098 1900 1223 1966 Mox
1273 1900 1452 1979 igitur
1509 1908 1780 1981 purgato,
1815 1906 1873 1960 et
1927 1895 2178 1958 vinculis

529 1989 802 2066 liberato,
851 1989 1111 2052 divinam
1157 1990 1304 2052 mihi
1352 2007 1591 2052 manum
1641 1988 1908 2071 porrigit,
1943 2005 1976 2050 e
2009 2004 2177 2048 como

529 2097 630 2141 me
656 2079 851 2157 erigit,
888 2098 984 2141 me
1005 2079 1446 2161 complectitur,
1479 2088 1538 2142 et
1567 2079 1724 2142 cadit
1751 2095 1932 2159 super
1961 2075 2175 2138 collum

530 2187 730 2231 meum
781 2169 924 2249 (heu
978 2187 1073 2230 me
1111 2169 1214 2250 qui
1270 2169 1433 2232 istaec
1478 2165 1850 2238 sustinebo?)
1879 2173 1938 2227 et
1967 2162 2179 2226 crebro

528 2257 829 2321 osculatur
861 2276 978 2320 me.
1005 2256 1315 2320 Defectum
1343 2267 1542 2321 autem
1568 2276 1664 2320 me
1689 2255 1948 2339 penitus,
1974 2261 2029 2316 et
2052 2253 2176 2332 jam

521 2349 680 2411 vires
734 2347 1128 2428 recipientem
1183 2349 1388 2430 (proh!
1432 2347 1730 2430 quomodo
1783 2347 1911 2408 haec
1965 2341 2181 2404 litteris

525 2435 969 2516 committam?)
1007 2435 1162 2498 tollit
1190 2457 1287 2500 me
1334 2438 1396 2500 in
1439 2439 1725 2502 humeros
1772 2453 1932 2512 suos,
1964 2452 1998 2495 ο
2032 2432 2177 2494 cha-

526 2526 693 2601 ritas,
727 2545 760 2588 o
787 2525 1046 2602 bonitas,
1081 2533 1140 2588 et
1174 2526 1246 2588 ab
1277 2527 1508 2603 inferis,
1557 2544 1870 2607 caenoque,
1919 2530 1977 2585 et
2027 2521 2176 2584 cali-

525 2615 663 2696 gine
686 2616 988 2692 eductum,
1024 2615 1255 2678 inducit
1281 2636 1374 2679 me
1404 2617 1465 2678 in
1498 2617 1679 2679 alium
1711 2615 1834 2676 sive
1865 2609 2174 2683 mundum,

529 2704 652 2766 sive
683 2722 910 2786 aerem,
941 2723 1078 2765 nam
1123 2706 1361 2785 penitus
1387 2725 1515 2768 rem
1561 2704 1730 2766 effari
1763 2719 2033 2782 nequeo;
2065 2699 2180 2760 hoc

528 2796 662 2856 novi
687 2801 936 2868 tantum,
973 2812 1070 2856 me
1103 2796 1354 2874 portari,
1380 2803 1440 2858 et
1461 2795 1752 2856 contineri
1775 2811 1808 2854 a
1836 2790 2086 2869 lumine,
2121 2795 2183 2850 et

529 2882 602 2944 ad
635 2901 913 2962 magnum
949 2883 1150 2944 lumen
1182 2883 1407 2960 induci,
1441 2884 1614 2964 cujus
1651 2879 2178 2944 admirabilitatem

2261 1903 2458 1966 cnlsus
2499 1922 2629 1964 sum
2675 1920 2781 1981 ego
2820 1901 2882 1962 in
2921 1901 3226 1963 domicilio
3264 1903 3551 1985 inclusus,
3588 1911 3646 1965 et
3676 1903 3738 1964 in
3781 1921 3933 1965 vase

2262 1993 2602 2066 conclusus,
2635 1999 2694 2054 et
2717 1991 2778 2052 in
2811 1991 3008 2052 medio
3042 1991 3624 2066 tenebrarum,cmli,
3646 1992 3926 2072 inquam,

2261 2102 2328 2144 ac
2363 2093 2534 2144 terrae
2555 2081 2775 2144 medio.
2801 2078 2918 2141 Res
2941 2079 3101 2142 enim
3132 2080 3449 2142 sensibiles
3478 2080 3712 2162 appello
3745 2090 3930 2143 tene-

2264 2172 2424 2246 bras,
2449 2169 2725 2232 omnibus
2754 2167 3117 2241 hominibus,
3154 2179 3212 2231 et
3256 2188 3462 2232 eorum
3504 2170 3719 2232 animis
3771 2188 3925 2232 sen-

2260 2260 2534 2322 sibilibus
2554 2278 2690 2322 sese
2706 2257 3180 2320 immiscentibus
3209 2259 3572 2339 superfusas.
3593 2261 3658 2323 In
3673 2259 3925 2340 quibus,

2261 2350 2324 2411 in
2355 2348 2758 2424 sensibilibus,
2791 2348 3061 2428 inquam,
3097 2348 3414 2424 hterentes,
3449 2358 3805 2430 premuntur
3850 2347 3926 2410 ab

2261 2438 2358 2520 iis,
2395 2445 2453 2500 et
2482 2437 2875 2500 obscurantur
2909 2437 3122 2498 mirum
3149 2437 3210 2498 in
3244 2437 3512 2502 modum.

2343 2529 2632 2591 Caeterum
2656 2527 2718 2588 in
2738 2526 2831 2588 his
2851 2545 2983 2588 cum
3009 2545 3228 2603 essem,
3255 2526 3370 2588 vidi
3392 2527 3592 2588 animo
3617 2526 3719 2607 qui
3751 2526 3923 2608 prius

2264 2625 2410 2693 erat,
2447 2625 2507 2678 et
2533 2635 2690 2678 nunc
2723 2622 2812 2676 est
2832 2623 2994 2676 extra
3016 2615 3216 2677 omnia
3243 2637 3256 2678 :
3280 2634 3529 2696 sumque
3553 2616 3917 2690 admiratus,

2261 2705 2442 2768 crede
2475 2705 2646 2786 mihi,
2673 2714 2729 2766 et
2759 2704 3060 2784 obstupui,
3085 2704 3280 2780 timui,
3298 2705 3582 2784 etgaudio
3598 2704 3917 2767 exsultavi.

2261 2795 2777 2874 Consideransque
2792 2794 3146 2855 miraculum
3161 2795 3592 2876 quomodo,qui
3615 2794 3919 2857 nihilcum

2261 2903 2462 2946 rerum
2493 2892 2700 2946 natura
2720 2901 3038 2945 commune
3059 2882 3258 2959 habet,
3292 2893 3351 2945 et
3375 2891 3462 2946 est
3495 2892 3654 2945 extra
3685 2883 3915 2959 omnia,

527 2970 860 3060 ingentem,
895 2990 972 3060 ne
1004 2971 1199 3048 angeli
1229 2972 1470 3052 quidem
1501 2971 1768 3045 omnino,
1803 2975 1868 3031 ut
1891 2966 2176 3060 arbitror,
2200 3010 2241 3060 ο
2265 2973 2341 3032 sit
2370 2981 2567 3034 tamen
2598 2973 2659 3032 in
2691 2970 2989 3047 omnibus,
3026 2971 3198 3032 video
3251 2972 3408 3033 solas
3451 2971 3741 3033 videntem
3788 2989 3914 3045 me,

529 3061 690 3122 inter
721 3077 786 3121 se
815 3059 1124 3122 declarare
1157 3069 1456 3141 poterunt.
1493 3061 1637 3124 Cum
1665 3061 1788 3141 jam
1813 3075 2004 3120 essem
2033 3053 2178 3133 illiC,
2206 3053 2240 3060 ⁷
2267 3063 2541 3124 nesciens
2565 3060 2665 3122 ubi
2694 3061 2792 3135 sit,
2820 3067 3100 3141 quantus,
3135 3061 3496 3140 cujusmodi,
3535 3069 3594 3122 et
3616 3059 3808 3140 qualis
3843 3059 3924 3120 sit

531 3149 646 3213 alia
676 3148 825 3210 mihi
852 3149 1264 3230 ostenditquae
1287 3149 1349 3212 in
1383 3151 1632 3226 lumine,
1666 3158 1828 3230 puta,
1864 3147 1954 3208 vel
1991 3143 2183 3225 potius

2225 3169 2228 3172 ·
2267 3168 2444 3231 quem
2457 3150 2763 3226 video,aut
2785 3149 3084 3230 quomodo
3108 3149 3470 3227 videam,aut
3499 3149 3640 3230 quid
3662 3149 3924 3212 videam.

528 3259 664 3321 quae
695 3257 766 3301 ex
796 3237 1277 3301 lumine.Novam
1321 3240 1809 3302 reformationem
1842 3235 2006 3300 dedit
2041 3232 2187 3296 mihi
2267 3238 2491 3300 Tamen
2518 3239 2730 3301 videns
2771 3258 2904 3319 quae
2950 3238 3092 3312 vidi,
3141 3239 3454 3314 lamentor,
3507 3240 3644 3321 quia
3675 3239 3922 3300 modum

527 3331 895 3409 intelligere.
920 3345 1035 3407 qua
1059 3326 1186 3406 ipse
1219 3328 1580 3410 reformaVit,
1615 3335 1671 3389 εἰ
1700 3327 1897 3389 denuo
1929 3322 2187 3410 ίῖηκίινβῐ
2268 3332 2427 3393 hunc
2457 3349 2819 3410 cognoscere
2852 3348 3106 3410 nequeo,
3133 3338 3192 3391 et
3221 3349 3596 3410 nequaquam
3629 3329 3918 3410 cogitare,

528 3442 564 3487 a
594 3415 1268 3498 corruptioneliberavit
1287 3436 1406 3492 me,
1429 3427 1487 3480 et
1508 3437 1542 3480 a
1561 3409 1774 3492 morte,
1801 3413 1956 3496 quod
1995 3409 2179 3488 sensi,

531 3520 718 3574 totum
763 3505 1037 3580 absolvit,
1062 3506 1359 3588 vitamque
1402 3507 1798 3568 immortalem
1830 3501 2085 3576 donavit,
2123 3503 2184 3560 et

532 3620 570 3664 a
596 3598 819 3662 mundo
843 3597 955 3659 isto
978 3594 1266 3676 perituro,
1291 3595 1461 3658 ethis
1487 3615 1614 3677 quae
1652 3595 1782 3676 ipse
1821 3593 1882 3654 in
1923 3611 1996 3654 eo
2042 3594 2182 3650 sunt

527 3689 803 3754 omnibus
828 3704 924 3747 me
947 3685 1358 3763 sequestravit,
1393 3687 1660 3766 stolaque
1691 3703 1810 3745 non
1858 3677 2177 3751 materiali,

529 3791 592 3847 et.
621 3777 820 3841 lucida
839 3773 1071 3837 vestivit
1101 3793 1218 3836 me.
1252 3773 1487 3836 lnduxit
1514 3775 1658 3836 item
1690 3774 1947 3845 calceos,
1979 3787 2177 3831 annu-

526 3871 677 3944 lum,
712 3875 770 3929 et
798 3881 1102 3936 coronam,
1128 3861 1506 3940 immortalia,
1541 3863 1930 3943 sempiterna,
1974 3856 2180 3920 omnia

529 3977 684 4021 nova
704 3956 775 4018 ab
797 3955 892 4016 his
914 3971 1046 4033 quae
1065 3951 1163 4013 hic
1187 3962 1531 4017 cernuntur.
1571 3953 1737 4015 Fecit
1777 3970 1895 4032 me,
1937 3968 1970 4010 o
2002 3946 2177 4009 novi-

528 4055 734 4119 tatem,
759 4041 1106 4114 intactilem,
1140 4039 1609 4122 impalpabilem,
1645 4060 1754 4102 nec
1789 4059 1907 4101 non
1961 4034 2176 4100 invisi-

529 4137 736 4210 bilem,
771 4133 1157 4212 conjunctum
1187 4130 1280 4192 bis
1311 4149 1440 4213 quae
1487 4131 1596 4194 sub
1642 4129 1881 4192 videndi
1931 4142 2174 4188 sensum

527 4223 924 4394 1103:5332;
957 4327 1051 4370 me
1080 4309 1190 4371 isto
1220 4309 1419 4386 modo,
1448 4317 1506 4372 et
1527 4310 1705 4372 talem
1729 4308 1869 4371 fecit
1889 4304 2176 4370 Conditor

529 4427 724 4486 meus,
769 4407 831 4467 in
873 4403 1320 4467 tabernaculum
1371 4404 1678 4477 sensibile,
1720 4410 1778 4464 et
1818 4415 2172 4480 corporeum

524 4469 877 4570 introduxit,
915 4502 974 4556 et
1015 4493 1076 4553 in
1109 4512 1177 4554 eo
1217 4493 1480 4570 inclusit,
1517 4469 2032 4570 munitionemque
2064 4487 2175 4549 ad-
2199 4469 2243 4518 D

523 4605 760 4650 versum
803 4601 899 4646 me
937 4581 1229 4655 adhibuit,
1283 4583 1725 4664 deductumque
1777 4581 1840 4642 in
1888 4579 2175 4641 mundum

525 4695 703 4757 quem
737 4672 1052 4747 sentimus,
1089 4679 1147 4733 et
1174 4673 1520 4753 aspicimus,
1549 4672 1727 4752 jussit
1757 4689 1993 4733 rursum
2019 4668 2080 4729 in
2103 4686 2173 4729 eo

523 4767 704 4826 vitam
741 4779 1090 4845 propagare.
1113 4759 1185 4822 Et
1213 4781 1346 4823 cum
1371 4761 1711 4824 mandasset
1749 4759 1896 4822 mihi
1927 4776 2176 4821 consue-

523 4855 794 4918 tudinem
817 4851 1040 4914 habere
1057 4869 1189 4912 cum
1212 4851 1290 4912 iis
1313 4852 1742 4932 quiversantur
1779 4852 1840 4911 in
1879 4846 2168 4921 tenebris,

523 4943 900 5005 liberatuma
929 4939 1215 5012 tenebris,
1255 4949 1311 5002 et
1337 4940 1566 5002 includi
1607 4959 1740 5002 cum
1773 4938 1912 5014 illis,
1966 4937 2067 5018 qui
2110 4935 2173 4996 in

522 5050 692 5094 coeno
725 5028 1014 5103 habitant,
1047 5027 1138 5088 vel
1169 5028 1363 5109 potius
1393 5028 1632 5104 docere,
1679 5029 1749 5090 ad
1780 5027 2166 5107 agnitionem,

521 5120 739 5202 quibus
769 5118 1034 5198 undique
1076 5117 1270 5179 affecti
1301 5125 1438 5179 sunt
1463 5117 1797 5198 vulnerum,
1852 5123 1910 5177 et
1957 5114 2171 5197 quibus

519 5211 863 5287 detinentur
891 5206 1290 5281 vinculorum,
1320 5225 1423 5268 eos
1451 5205 1822 5288 perducere:
1857 5223 1992 5266 cum
2019 5204 2166 5278 haec,

517 5299 786 5380 inquam,
817 5295 1182 5372 mandasset,
1221 5295 1419 5358 abivit.
1467 5295 1732 5358 Relictus
1776 5294 1958 5374 igitur
2007 5293 2170 5353 solus

515 5387 578 5450 in
635 5385 934 5468 prioribus
987 5384 1278 5459 tenebris,
1331 5404 1451 5446 non
1499 5384 1585 5447 fui
1639 5391 1976 5463 contentus,
2037 5398 2168 5461 quae

517 5475 670 5538 mihi
711 5476 928 5538 donata
971 5481 1107 5536 ante
1149 5473 1470 5536 memoravi
1517 5473 1692 5535 bonis
1739 5469 2164 5546 inetl‘abilibus,

518 5583 657 5629 cum
707 5583 804 5627 me
851 5572 1042 5626 totum
1088 5570 1464 5640 renovasset,
1524 5569 1710 5625 totum
1765 5559 2165 5623 immortalem

520 5653 934 5734 reddidissset,
970 5661 1152 5716 totum
1184 5651 1545 5726 deiﬁcasset,
1581 5657 1639 5713 et
1684 5648 1981 5713 Christum
2012 5649 2162 5711 eﬂ'e-

2264 3430 2365 3482 aut
2410 3421 2608 3498 aliqua
2655 3438 2727 3482 ex
2788 3427 2952 3500 parte
3010 3418 3370 3499 prespicere,
3430 3438 3546 3500 quo
3597 3425 3768 3500 pacto
3824 3436 3924 3481 me

2261 3511 2476 3586 videat,
2501 3528 2679 3591 quem
2708 3528 2816 3588 ego
2844 3509 3038 3570 video.
3074 3506 3206 3569 Vidi
3236 3527 3476 3570 rursum
3525 3509 3686 3571 hunc
3726 3516 3918 3571 totum

2261 3601 2419 3662 intra
2448 3599 2690 3660 domum
2723 3616 2936 3671 meam,
2955 3605 3015 3658 et
3032 3597 3190 3658 intra
3210 3597 3321 3659 hoc
3341 3615 3439 3658 vas
3458 3606 3708 3676 repente
3727 3599 3922 3660 exsti-

2265 3689 2434 3765 tisse,
2457 3706 2671 3769 meque
2695 3686 3205 3749 sibiineﬂ‘abiliter
3234 3686 3519 3765 univisse,
3548 3685 3926 3748 inenarrabi—

2263 3779 2401 3842 liter
2421 3781 2831 3859 copulasse,et
2852 3778 2998 3838 citra
3033 3776 3368 3839 mistionem
3414 3776 3586 3857 mihi,
3611 3784 3676 3838 ut
3713 3777 3922 3855 ignem

2259 3867 2442 3946 ferro,
2470 3868 2750 3930 utlucem
2781 3865 2929 3927 vitro
2962 3867 3206 3928 missum
3240 3883 3394 3927 esse.
3422 3864 3491 3925 Et
3515 3865 3782 3927 reddidit
3828 3881 3923 3926 me

2259 3956 2404 4036 igni,
2435 3956 2696 4018 reddidit
2717 3955 2865 4016 vitro
2894 3954 3176 4031 similem,
3212 3953 3491 4036 evasique
3544 3953 3711 4028 illud,
3750 3953 3921 4034 quod

2259 4055 2432 4108 antea
2458 4045 2752 4124 videbam,
2779 4052 2836 4106 et
2867 4044 3068 4125 procul
3098 4043 3484 4123 aspiciebam,
3517 4050 3574 4104 et
3603 4062 3718 4124 quo
3743 4048 3922 4123 pacto

2259 4134 2674 4196 admirabilem
2717 4133 2882 4194 illum
2934 4131 3178 4194 modum
3209 4131 3316 4194 tibi
3347 4132 3686 4212 explanem,
3736 4129 3926 4193 verba

2258 4243 2380 4285 non
2408 4223 2670 4305 reperio;
2690 4242 2800 4284 nec
2831 4222 2988 4284 enim
3017 4221 3179 4302 potui
3212 4238 3598 4302 cognoscere,
3622 4238 3735 4282 nec
3765 4237 3924 4282 nunc

2261 4331 2503 4394 prorsus
2557 4331 2882 4390 cognosco,
2943 4311 3241 4392 quomodo
3302 4311 3362 4371 in
3427 4330 3520 4373 me
3579 4311 3918 4389 ingressus,

2262 4403 2560 4482 quomodo
2593 4420 2825 4464 mecum
2858 4401 3056 4462 unitus
3077 4400 3175 4462 sit.
3204 4400 3417 4463 Unitus
3450 4417 3627 4481 porro
3650 4418 3790 4460 cum
3817 4417 3912 4470 eo,

2261 4491 2558 4572 quomodo
2585 4489 2890 4570 explicabo
2921 4489 3049 4564 tibi,
3087 4489 3218 4571 quis
3243 4489 3367 4564 ille,
3390 4489 3491 4570 qui
3523 4487 3693 4562 mihi,
3729 4497 3795 4550 et
3826 4484 3923 4549 cui

2257 4580 2516 4641 vicissim
2555 4599 2662 4659 ego
2708 4581 2908 4641 unitus
2959 4579 3118 4641 sim?
3160 4579 3410 4654 Horreo,
3457 4587 3515 4640 et
3563 4587 3798 4653 metuo,
3846 4592 3920 4636 ne

2258 4669 2430 4746 forte,
2456 4669 2505 4730 si
2552 4668 2786 4745 dixero,
2839 4677 2898 4730 tu
2942 4687 3061 4730 non
3092 4668 3325 4743 credas,
3380 4675 3438 4730 et
3481 4685 3551 4728 ex
3578 4663 3919 4744 ignorantia

2255 4758 2454 4838 lapsus
2483 4758 2544 4819 in
2577 4757 3030 4838 blasphemiam,
3077 4758 3261 4819 frater
3298 4756 3402 4832 mi,
3437 4755 3696 4817 animam
3748 4763 3912 4819 tuam

2255 4848 2495 4928 perdas.
2519 4848 2737 4908 Verum
2760 4866 2937 4928 quem
2969 4865 3064 4908 me
3096 4865 3230 4908 cum
3261 4845 3363 4906 illo
3393 4845 3626 4906 unitum
3655 4838 3916 4905 vocabo?

2253 4940 2690 5012 Deum,natura
2717 4933 3354 5017 geminum,hypostasi
3383 4953 3591 5010 unum,
3609 4933 3911 5014 duplicem

2255 5027 2414 5088 enim
2450 5043 2543 5086 me
2576 5025 2736 5102 fecit,
2767 5035 2849 5102 et,
2873 5035 2937 5087 ut
2961 5026 3157 5090 cernis
3195 5025 3372 5088 etiam
3405 5023 3710 5102 geminum
3766 5018 3910 5082 mihi

2253 5134 2470 5176 nomen
2501 5113 2742 5177 indidit.
2774 5115 2861 5177 En
2894 5115 3364 5191 distinctionem,
3410 5114 3590 5175 homo
3629 5130 3764 5174 sum
3796 5127 3904 5172 na-

2254 5213 2405 5279 tura,
2449 5205 2610 5268 Deus
2653 5205 2858 5284 gratia.
2909 5204 3061 5268 Vide
3106 5205 3341 5286 qualem
3393 5202 3650 5283 gratiam
3681 5200 3900 5270 dicam,

2252 5293 2536 5354 unionem
2583 5293 2812 5355 scilicet
2855 5313 2990 5356 cum
3039 5294 3164 5372 illo,
3212 5291 3606 5368 sensibiliter,
3639 5297 3698 5354 et
3725 5286 3907 5351 intel-

2249 5382 2602 5456 lectualiter,
2653 5383 3042 5463 spiritualiter
3089 5392 3148 5447 et
3193 5381 3619 5445 essentialiter.
3661 5377 3902 5442 Intelle-

2249 5471 2502 5534 ctualem
2534 5470 2777 5553 quidem
2799 5472 3084 5538 unionem
3130 5471 3537 5555 exposui-tibi
3568 5470 3811 5534 diverse
3841 5482 3906 5527 ac

2247 5560 2423 5624 variis
2473 5560 2714 5623 modis:
2753 5563 3107 5627 sensibilem
3140 5573 3341 5627 autem
3391 5561 3488 5625 aio
3544 5578 3678 5624 esse
3722 5559 3902 5629 illam,

2246 5668 2379 5732 quae
2407 5649 2470 5712 in
2494 5650 2776 5731 mysterio
2819 5652 3128 5734 contingit.
3165 5653 3460 5732 Purgatus
3503 5649 3662 5714 enim
3712 5643 3900 5733 pmni-
