4120 6370
196 343 314 406 557
1337 349 1780 418 DIVINOBUM
1823 347 2151 416 AMORUM
2198 355 2450 420 LIBER.
3475 375 3591 441 553

182 475 400 577 tentia,
419 484 483 577 et
504 477 1256 577 ﬂuentislacrymarum,et
1277 483 1538 577 de_ificati
1553 480 1849 577 corporis,
1873 489 1915 539 A
1937 485 2419 577 quandoquidem
2453 492 2721 555 nondum
2767 495 2848 558 ita
2889 505 3132 562 tenuata
3155 509 3266 577 est,
3300 512 3364 566 ut
3393 509 3588 570 statim

181 573 248 626 ut
279 565 410 642 Dei,
444 566 633 628 factus
665 569 966 652 particeps
1007 571 1069 632 in
1119 591 1288 635 sacra
1330 572 1702 635 Eucharistia
1745 571 1843 671 ni-
1929 565 2311 639 accendatur.
2339 578 2450 640 Ubi
2492 588 2688 643 autem
2745 584 3006 647 divinum
3068 565 3266 651 cordis

183 655 431 732 mirum,
485 675 592 738 ego
645 675 888 739 quoque
936 659 1225 723 ineffabili
1269 663 1489 724 unione
1531 663 1688 724 Deus
1741 661 1838 722 fio.
1927 679 2248 725 accensum
2279 667 2481 742 fuerit,
2519 677 2640 730 tum
2673 679 2733 734 et
2761 673 2950 753 ipsam
2982 676 3240 740 animam
3262 655 3580 758 illuminat,

183 744 329 846 Yide
361 745 703 846 et_obse.rva
723 748 1530 846 mysterium._Anima_igitur
1551 759 1611 846 et
1628 768 1844 846 corpus
1927 757 1986 810 et
2015 761 2276 846 mentem
2308 767 2542 846 purgat,
2574 767 2752 841 atque
2779 744 2842 823 in
2873 764 3056 825 altum
3103 767 3397 846 subvehit,
3432 744 3584 835 et

185 831 273 941 (jut
301 835 552 941 ‘eadem'
585 834 876 936 iteremus
954 857 1023 900 ex
1090 839 1428 941 incredibili
1480 840 1724 941 laetitia)
1780 840 1843 900 in
1927 839 2150 939 cpelum
2180 831 2802 928 extollit,'atque-cum
2836 851 3036 914 divino
3067 854 3294 919 lumine
3323 831 3582 941 cdnjun:

182 919 415 984 duabus
464 921 816 987 substantiis
854 945 1036 1014 unum
1089 937 1248 990 sunt.
1300 928 1440 992 Haec
1477 930 1676 1010 itaque
1707 948 1838 992 cum
1921 927 2027 1006 git.
2541 919 2560 928 ’
3334 919 3502 941 ima—
3608 1004 3618 1014 _

180 1029 369 1112 unum
404 1011 524 1074 sint
555 1021 611 1074 et
636 1013 780 1113 duo,
951 1033 1167 1116 corpus
1197 1017 1420 1119 Christi
1450 1018 1834 1119 sumpserint,
2002 1018 2353 1119 Priusquam
2376 1023 2502 1086 haec
2523 1025 2726 1103 facias,
2753 1047 2883 1108 quas
2902 1049 2970 1092 ex
2995 1050 3090 1094 me
3108 1034 3346 1111 audisti,
3375 1057 3574 1119 quaeso

182 1107 240 1163 et
269 1101 404 1180 ejus
445 1102 794 1181 sanguinem
830 1101 1114 1180 biberint,
1149 1106 1436 1169 ambabus
1466 1108 1836 1181 substantiis,
1921 1110 2221 1186 quomodo
2284 1114 2680 1192 purgaberis?
2711 1101 3040 1200 antequam
3095 1141 3232 1185 vero
3281 1101 3573 1207 purgeris,

182 1196 239 1250 et
267 1193 514 1296 naturis
528 1191 690 1254 unita
722 1195 846 1256 Deo
873 1212 1028 1275 meo,
1066 1194 1342 1258 similiter
1389 1197 1838 1278 participatione
1919 1213 2036 1296 quo
2086 1207 2478 1296 pacto_mens
2536 1211 2633 1265 tua
2674 1191 2905 1269 divinas
2947 1210 3239 1275 scintillas
3276 1191 3577 1296 accipiet?

181 1277 436 1375 quadam
472 1278 629 1341 Deus
664 1281 833 1375 fiunt,
859 1299 1152 1375 v_o_c_orque
1184 1291 1241 1375 et
1271 1277 1532 1346 honoror
1562 1277 1691 1365 ejus
1721 1305 1834 1348 no-
1917 1281 1990 1344 Et
2025 1289 2345 1375 quomodo,
2399 1291 2671 1368 obsecro,
2722 1304 2780 1357 et
2835 1297 2885 1358 si
2939 1298 3207 1375 aliunde,
3267 1277 3570 1368 undenam

181 1367 366 1442 mine,
392 1377 564 1448 cujus
595 1369 1066 1433 substantialiter
1097 1373 1387 1455 particeps
1411 1375 1654 1436 effectus
1675 1394 1830 1437 sum.
1917 1373 2084 1470 cordi
2134 1381 2232 1437 tuo
2285 1367 2530 1458 illapsus
2583 1367 2738 1460 ignis
2789 1384 3022 1448 divinus
3065 1367 3448 1470 accendetur,

177 1455 376 1518 Dicite
423 1457 628 1537 igitur,
663 1460 964 1561 quomodo
1009 1460 1211 1542 carbo,
1265 1471 1324 1524 et
1375 1462 1598 1525 ferrum
1643 1472 1832 1527 atrum
1913 1458 2111 1561 ipsum
2141 1455 2452 1548 accendet,
2498 1477 2554 1530 et
2603 1455 3022 1547 inflammabit,
3063 1485 3124 1538 et
3161 1478 3348 1561 uniet,
3375 1455 3566 1544 etlcoi-

174 1543 367 1646 ignita
395 1546 556 1625 ignis
580 1547 896 1648 videntur?
911 1547 1077 1648 Quod
1107 1562 1417 1648 apparent,
1443 1551 1504 1614 id
1526 1561 1829 1648 vocentur:
1913 1550 2180 1648 pultabit,“
2209 1561 2268 1648 et
2313 1543 2643 1648 creaturam
2692 1579 2727 1622 a
2765 1543 3051 1626 Creatore
3103 1543 3564 1648 inseparabilem

175 1635 332 1713 ignis
360 1647 670 1718 apparent,
711 1637 858 1717 ignis
913 1639 1320 1704 nominentur.
1355 1641 1418 1704 Si
1467 1649 1528 1705 tu
1577 1650 1634 1704 te
1665 1644 1830 1723 ejus-

1914 1639 2180 1736 ef'ficiet?
2209 1641 2444 1706 Nemini
2477 1647 2631 1708 istud
2664 1650 2930 1711 omnium
2963 1652 3065 1733 qui
3113 1639 3272 1716 nunc
3312 1667 3470 1736 sunt,
3506 1668 3567 1721 et

174 1724 340 1820 modi
365 1726 948 1820 nonddeprehendis,
983 1727 1058 1790 de
1087 1728 1431 1820 hujusmodi
1480 1730 1690 1794 saltem
1722 1732 1890 1812 tibi};
1913 1729 2013 1820 qui
2045 1740 2175 1810 post
2204 1733 2336 1795 aliis
2368 1745 2543 1798 erunt
2571 1737 2633 1798 in
2664 1739 2836 1801 annis
2872 1724 3159 1820 possibile
3191 1745 3379 1807 dlces.
3416 1724 3563 1820 Quae

174 1813 611 1877 disserentibus
661 1817 839 1878 fidem
891 1817 1188 1894 denegare
1239 1819 1381 1894 noli,
1437 1820 1544 1882 sed
1591 1840 1661 1883 ex
1710 1829 1828 1884 toto

172 1902 357 1965 corde
413 1912 514 1966 tuo
574 1924 798 1986 quaere,
853 1906 1220 1988 etaccipies
1271 1911 1669 1989 margaritam,
1731 1921 1830 1973 aut

172 2000 423 2071 guttam,
470 2002 568 2056 aut
619 1995 845 2077 sinapis
873 2015 1145 2076 granum,
1200 1998 1474 2061 divinum
1527 2018 1735 2064 semen
1766 2009 1830 2064 ut

174 2081 494 2146 scintillam
508 2135 522 2148 .

249 2171 329 2233 At
357 2175 520 2234 enim
542 2192 656 2254 quo
679 2181 849 2255 pacto
881 2193 1112 2256 quaeres
1133 2177 1290 2258 quod
1316 2176 1423 2241 tibi
1444 2177 1622 2240 dico?
1644 2179 1822 2255 Audi,

172 2266 228 2321 et
255 2260 578 2341 diligenter
610 2262 810 2339 facito,
851 2273 907 2325 et
934 2283 1064 2326 mox
1097 2266 1386 2346 reperies.
1423 2267 1646 2348 Accipe
1681 2287 1824 2349 per-

171 2349 438 2429 spicuam
465 2351 813 2432 imaginem,
841 2353 964 2414 sive
1005 2354 1462 2418 similitudinem
1494 2356 1730 2436 lapidis,
1770 2367 1829 2421 et

171 2438 341 2516 ferri;
374 2440 440 2501 in
471 2440 564 2503 bis
595 2442 756 2503 enim
789 2450 1000 2504 natura
1028 2443 1183 2522 ignis
1214 2444 1460 2506 omnino
1491 2465 1609 2507 una
1637 2455 1697 2508 et
1722 2466 1827 2509 ca-

173 2528 308 2590 dem
333 2537 446 2603 est,
470 2533 704 2593 tametsi
725 2531 897 2612 plane
919 2551 1036 2594 non
1060 2541 1360 2610 cernatur,
1377 2534 1824 2617 ignis,inquam.

173 2616 341 2690 Quod
372 2618 425 2679 si
454 2619 841 2698 collidantur,
892 2631 949 2683 et
993 2623 1299 2684 materiam
1343 2616 1730 2705 arripuerint,
1771 2627 1827 2690 ei

173 2723 240 2768 ex
271 2707 491 2769 horum
541 2709 854 2772 collisione
899 2729 1072 2790 parva
1127 2712 1385 2775 scintilla
1427 2715 1707 2777 exsiliens
1757 2735 1828 2779 ac

171 2815 302 2857 sese
321 2816 433 2858 con
434 2797 699 2878 jungens
732 2800 1298 2880 penitius,eamdem
1317 2803 1600 2882 paulatim
1618 2823 1827 2867 accen-

172 2884 276 2960 dit,
309 2887 735 2968 flammamque
773 2889 835 2950 in
880 2890 1060 2951 altum
1104 2889 1301 2967 mittit,
1336 2910 1404 2953 ac
1435 2893 1823 2973 pulsisgtene-

171 2973 292 3036 bris
323 2977 572 3038 domum
599 2977 914 3051 illuminat,
941 2986 999 3040 et
1034 2986 1324 3058 quotquot
1358 2981 1418 3042 in
1453 2981 1632 3043 domo
1663 2991 1822 3059 sunt,

177 3082 272 3126 eos
299 3065 360 3127 in
395 3074 722 3148 conspectu
768 3052 1092 3130 constituit.
1128 3052 1342 3129 Vidisti
1383 3088 1510 3131 rem
1560 3072 1770 3134 miram
1797 3052 1883 3136 ‘ic

170 3151 277 3216 Dic
299 3154 509 3246 igitur,
542 3155 780 3246 amabo,
815 3157 1424 3246 antequamicrebrius
1445 3159 1824 3246 collidantur,

168 3245 472 3324 quomodo
505 3245 798 3308 scintillas
841 3245 1156 3308 emittent?
1188 3245 1328 3308 Sine
1359 3249 1616 3313 scintilla
1662 3245 1822 3328 vero,

167 3334 470 3415 quomodo
501 3354 608 3414 per
637 3354 702 3397 se
736 3335 983 3397 materia
1013 3336 1406 3399 accendetur?
1422 3337 1483 3400 Si
1516 3339 1680 3420 prius
1709 3361 1824 3403 non

162 3421 552 3497 accendatur,
569 3423 870 3504 quomodo
895 3423 1173 3485 tenebras
1201 3424 1508 3505 dispellet?
1528 3430 1824 3508 quomodo

164 3511 324 3573 aedes
346 3511 765 3576 collustrabit?
786 3513 1077 3594 qaomodo
1119 3512 1226 3574 tibi
1255 3515 1542 3577 cernendi
1571 3516 1822 3580 faculta-

166 3608 282 3662 tem
314 3599 530 3663 dabit?
559 3600 778 3683 Utique
814 3601 1228 3682 respondebis,
1277 3605 1617 3684 neutiquam
1664 3608 1820 3670 istud

167 3688 294 3751 fieri
343 3709 547 3771 posse.
594 3690 749 3769 Ergo
781 3698 836 3752 et
871 3697 927 3752 tu
961 3690 1044 3752 ita
1069 3690 1268 3753 facere
1317 3693 1579 3769 studeas,
1610 3704 1667 3757 et
1714 3715 1818 3760 ac-

166 3778 376 3857 cipies.
409 3777 565 3852 Quid
591 3779 894 3860 accipies?
940 3779 1154 3842 divinae
1198 3788 1424 3844 naturae
1477 3784 1819 3868 scintillam,

167 3887 340 3949 quam
366 3879 628 3943 creator,
653 3870 931 3950 pretiosae
954 3871 1373 3949 margaritae,et
1394 3891 1575 3951 grano
1600 3875 1823 3957 sinapis

169 3959 556 4040 comparavit.
584 3959 735 4032 Quid
757 3968 844 4022 est
860 3968 1056 4023 autem
1081 3961 1242 4041 quod
1273 3961 1380 4023 tibi
1423 3966 1820 4043 praestandum

167 4046 350 4110 dico?
383 4049 542 4112 Audi
573 4047 1122 4129 patienter,fili.Sit
1144 4049 1250 4112 tibi
1276 4069 1516 4131 corpus,
1537 4060 1595 4115 et
1625 4054 1824 4116 anima

166 4155 268 4218 pro
290 4139 454 4201 ferro
489 4148 546 4200 et
573 4140 792 4220 lapide,
821 4157 990 4202 mens
1021 4147 1085 4200 ut
1111 4139 1457 4219 imperatrix
1487 4148 1548 4203 et
1582 4141 1824 4206 domina

163 4226 567 4304 affectionem,
591 4229 656 4289 in
676 4227 1009 4291 actionibus
1039 4246 1173 4290 cum
1203 4228 1420 4290 virtute
1459 4230 1817 4310 conjunctis,

163 4323 220 4376 et
248 4315 713 4396 cogitationibus
732 4319 850 4378 Deo
869 4316 1102 4398 placitis
1122 4335 1186 4378 se
1205 4328 1584 4394 exercens,et
1608 4339 1824 4401 corpus

1912 1818 2196 1901 deinceps
2226 1836 2576 1907 sequuntur,
2611 1845 2688 1889 ne
2712 1818 3034 1908 interroga.
3069 1829 3132 1894 Si
3162 1833 3320 1894 enim
3353 1818 3566 1898 lumini

1911 1909 2110 1997 unitus
2137 1911 2346 1990 fueris,
2380 1913 2573 1994 ipsum
2610 1923 2667 1976 te
2697 1917 2937 1979 docebit
2967 1920 3188 1997 omnia,
3224 1930 3283 1983 et
3328 1925 3564 1988 revela-

1911 1996 1998 2058 bit
2025 1997 2133 2060 tibi
2166 2001 2387 2094 omnia,
2422 2011 2480 2064 et
2527 2005 2902 2084 monstrabit,
2951 2025 3019 2069 ac
3062 1996 3358 2089 suggeret,
3393 2033 3559 2094 quae-

1910 2104 2145 2180 cunque
2188 2089 2422 2152 discere
2455 2101 2554 2154 tua
2583 2093 2896 2158 intererit:
2932 2115 3068 2158 nam
3100 2099 3320 2180 alioqui
3365 2089 3563 2165 verbis

1909 2175 2185 2264 humanis
2213 2180 2524 2261 percipere
2554 2202 2622 2244 ea
2653 2203 2783 2264 quae
2811 2185 2935 2246 illic
2983 2195 3142 2262 sunt,
3193 2175 3310 2250 non
3364 2199 3453 2253 est
3493 2199 3559 2255 ut

1908 2263 2040 2414 fieri
2068 2275 2264 2348 queat.
2294 2273 2478 2332 Deum
2509 2263 2689 2335 decet
2703 2273 2911 2352 gloria,
2946 2294 3104 2338 nunc
3137 2286 3193 2338 et
3222 2277 3286 2339 in
3315 2281 3554 2345 saecula.

1963 2372 2122 2414 men.

1963 2372 2122 2419 men.

2500 2453 2744 2518 CAPUT
2787 2454 2968 2520 XXII.

1914 2539 2418 2635 Omnes-sanctos
2457 2548 2841 2627 illuminatos
2873 2549 3192 2629 illustrari,
3228 2552 3559 2635 videreque

1987 2624 2259 2709 gloriam
2297 2627 2423 2709 Dei,
2465 2637 2768 2706 quatenus
2796 2625 2932 2693 eam
2961 2649 2998 2693 a
3026 2624 3255 2696 natura
3282 2624 3559 2700 humdna

1989 2705 2185 2768 videri
2211 2709 2308 2784 fas
2341 2705 2449 2771 est.

1990 2798 2248 2880 Respice
2278 2801 2353 2862 de
2387 2803 2684 2882 supernis,
2716 2803 2872 2866 Deus
2901 2823 3088 2881 meus,
3116 2814 3174 2868 et
3194 2807 3560 2888 complaceat

1907 2886 2421 2970 tibi,utappareas
2450 2892 2618 2968 mihi,
2659 2903 2718 2955 et
2764 2913 2896 2955 cum
2924 2896 3204 2956 mendico
3236 2886 3556 2961 converse-

1906 2976 2014 3040 ris.
2048 2980 2233 3059 Aperi
2260 2982 2502 3060 coelum,
2529 2990 2586 3044 et
2607 2983 2804 3044 revela
2837 2983 2985 3046 mihi
3007 2984 3210 3046 lumen
3242 2993 3440 3068 tuum:
3465 2988 3557 3050 vel

1912 3066 2107 3145 potius
2137 3071 2304 3148 aperi
2337 3079 2599 3134 mentem
2632 3091 2852 3147 meam,
2883 3080 2942 3133 et
2987 3073 3164 3136 etiam
3205 3066 3364 3137 nunc
3402 3077 3561 3139 intra

1909 3153 1972 3216 in
1999 3157 2365 3234 me,dissere
2397 3178 2506 3240 per
2535 3160 2830 3242 impuram
2871 3162 3132 3240 linguam
3179 3182 3370 3225 meam
3405 3165 3559 3228 sicut

1911 3245 2074 3324 olim,
2102 3258 2160 3308 et
2207 3249 2414 3310 refelle
2440 3268 2546 3311 eos
2595 3252 2696 3330 qui
2744 3250 2825 3310 ita
2867 3251 3210 3330 loquuntur,
3256 3274 3376 3315 non
3425 3273 3557 3317 esse

1909 3333 2113 3411 hodie,
2152 3337 2255 3418 qui
2284 3337 2470 3398 Deum
2513 3357 2579 3400 se
2624 3339 2844 3400 vidisse
2895 3342 3149 3417 noverit,
3184 3360 3379 3423 neque
3419 3351 3558 3406 ante

1909 3423 2022 3485 hoc
2049 3433 2279 3505 tempus
2309 3426 2517 3502 fuisse,
2550 3435 2712 3488 extra
2740 3428 3066 3507 apostolos.
3099 3431 3220 3492 Sed
3251 3450 3445 3512 neque
3475 3432 3554 3494 il-

1908 3513 1998 3574 los
2028 3514 2193 3575 aiunt
2222 3517 2380 3578 clare
2410 3516 2628 3578 vidisse
2654 3519 3112 3593 Deum,Patrem
3136 3527 3322 3595 tuum,
3343 3523 3558 3583 docen-

1906 3607 1992 3663 tes
2018 3621 2152 3664 eum
2178 3605 2456 3684 cognosci
2484 3613 2541 3666 et
2573 3605 2756 3667 videri
2786 3624 2820 3666 a
2843 3607 3004 3667 nullo
3029 3627 3240 3690 posse;
3273 3617 3332 3670 et
3361 3628 3516 3690 oppo
3535 3644 3555 3656 -

1905 3699 2116 3754 nentes
2147 3694 2390 3756 verbum
2419 3694 2666 3756 Joannis
2697 3694 3069 3758 dilectissimi
3104 3697 3386 3776 discipuli
3417 3699 3501 3760 tui
3537 3717 3549 3760 :

1905 3781 2100 3843 Deum
2133 3801 2312 3845 nemo
2342 3785 2502 3845 vidit
2529 3801 2801 3862 unquam
2942 3784 3066 3861 Eia,
3102 3784 3338 3848 Christe
3359 3805 3550 3864 meus,

1906 3870 2001 3932 dic
2031 3880 2322 3950 acturum,
2359 3881 2420 3934 ut
2449 3891 2523 3934 ne
2554 3873 3034 3954 imprudentibus
3064 3894 3173 3954 ego
3222 3877 3433 3955 nugari
3462 3878 3554 3939 vi-

1907 3960 2067 4022 dear.
2098 3960 2324 4038 Scribe,
2360 3963 2572 4044 inquit,
2609 3981 2741 4043 quae
2770 3963 2928 4038 dico,
2964 3963 3113 4024 nihil
3145 3965 3554 4047 vereare.Ego

1904 4051 2062 4112 Deus
2091 4058 2228 4113 ante
2259 4070 2466 4114 omnes
2498 4052 2651 4128 dies,
2684 4052 2862 4113 horas
2881 4060 2939 4114 et
2958 4059 3250 4131 tempora,
3277 4053 3396 4115 imo
3419 4063 3557 4117 ante

1905 4138 2106 4199 omnia
2135 4140 2371 4215 saecula,
2407 4149 2546 4202 ante
2577 4149 2880 4203 creaturas
2931 4160 3141 4202 omnes
3188 4142 3452 4205 visibiles
3497 4150 3558 4206 et

1905 4226 2257 4305 invrsibiles,
2287 4248 2468 4310 supra
2497 4248 2735 4290 omnem
2769 4232 3010 4291 omnino
3043 4239 3304 4310 captum,
3333 4250 3560 4294 sermo-

1908 4335 2069 4392 nem,
2095 4318 2510 4397 cogitationem
2541 4319 2706 4379 solus
2753 4338 2886 4379 cum
2933 4319 3059 4380 solo
3090 4320 3273 4398 solus,
3312 4329 3370 4383 et
3409 4322 3563 4383 nihil

162 4404 409 4485 quidem
457 4417 567 4469 ceu
612 4405 894 4488 lapidem,
929 4406 1190 4468 animam
1241 4414 1442 4469 autem
1486 4416 1551 4470 ut
1597 4410 1820 4472 ferrum
1844 4423 2118 4507 Deorum
2147 4426 2280 4487 quae
2307 4408 2701 4507 aspiciuntur;
2736 4410 2840 4470 sed
2875 4425 2986 4469 nec
3019 4427 3227 4470 eorum
3277 4429 3408 4490 quae
3437 4430 3559 4472 non

166 4502 404 4576 tenens,
437 4495 715 4559 manibus
760 4515 892 4579 quae
942 4495 1334 4575 intelligentia
1382 4497 1814 4579 percipiuntur,

1904 4495 2293 4575 aspiciuntur.
2347 4497 2521 4558 Eram
2571 4514 2812 4571 revera,
2869 4504 3188 4577 antequam
3249 4517 3554 4563 nascerer.

165 4600 296 4646 eam
332 4585 552 4661 trahat,
595 4592 655 4648 et
695 4585 770 4647 ad
791 4588 1090 4666 agendum
1122 4584 1178 4644 vi
1207 4584 1473 4665 impellat
1509 4607 1522 4649 :
1549 4587 1822 4667 Regnum
1901 4584 2078 4645 Solus
2109 4603 2216 4663 ego
2248 4585 2546 4648 increatus
2575 4604 2711 4646 cum
2740 4587 2939 4661 Patre,
2968 4594 3025 4647 et
3067 4587 3292 4666 Spiritu
3324 4595 3552 4652 sancto.

164 4674 394 4755 quippe
414 4677 712 4738 caelorum
733 4681 859 4737 vim
879 4675 1118 4755 patitur
1132 4673 1385 4746 34.Quas
1410 4681 1608 4736 autem
1629 4676 1819 4737 actio-

164 4781 271 4825 nes
295 4762 618 4844 intelligis?
639 4766 817 4846 quas?
847 4762 1346 4845 pervigilationes,
1357 4763 1612 4844 jejunia,
1637 4765 1818 4826 fervi-

165 4851 298 4914 dam
318 4852 986 4933 ptenitentiam,imbres
1006 4853 1823 4935 lacrymarum,luctum,con-

165 4941 390 5003 tinuam
411 4942 623 5005 mortis
644 4942 1013 5022 memoriam,
1047 4958 1255 5021 preces
1294 4941 1582 5023 assiduas,
1620 4943 1820 5004 omni-

164 5048 453 5109 genarum
485 5031 875 5094 tentationum
894 5031 956 5092 in
979 5040 1035 5093 te
1066 5029 1421 5092 irruentium
1447 5032 1816 5112 patientiam.

163 5119 316 5182 Ante
347 5120 474 5183 haec
496 5121 696 5183 Omnia
735 5119 1063 5195 silentium,
1095 5127 1154 5182 et
1186 5119 1536 5200 profundam
1571 5121 1818 5184 humili-

165 5215 368 5287 tatem,
396 5210 687 5292 pefectam
717 5209 1146 5290 obedientiam,
1181 5209 1639 5288 abnegationem
1672 5231 1817 5291 pro-

163 5298 310 5379 priae
350 5300 694 5364 voluntatis.
747 5298 875 5376 His,
921 5308 979 5361 et
1022 5299 1236 5361 horum
1280 5298 1577 5362 similibus
1622 5301 1820 5364 anima

161 5405 396 5466 vacans,
442 5401 502 5453 et
548 5408 788 5472 semper
834 5389 1084 5463 intenta,
1147 5387 1210 5450 in
1272 5387 1481 5469 primis
1531 5389 1819 5453 scintillas

162 5481 503 5563 suppeditat
547 5479 738 5560 menti
776 5486 911 5557 tuae,
944 5496 1080 5558 quae
1133 5477 1250 5540 cito
1307 5477 1766 5557 exstinguuntur
1798 5503 1811 5540 :

231 5643 295 5696 ³4
321 5644 530 5709 Matth.
563 5661 650 5727 ιι,
692 5642 790 5708 12.
875 5638 992 5701 5⁵1
1023 5641 1192 5703 Joan.
1229 5655 1313 5716 1v,
1347 5637 1442 5703 12.

1904 4671 2078 4734 Solus
2119 4673 2344 4754 absque
2383 4674 2677 4754 principio
2710 4692 2779 4734 ex
2810 4673 2986 4735 Patre
3016 4694 3173 4756 meo,
3210 4677 3382 4754 cujus
3412 4676 3556 4739 item

1904 4762 2133 4823 nullum
2164 4771 2254 4825 est
2283 4763 2666 4844 principium.
2691 4761 2877 4824 Nemo
2895 4764 3244 4842 angelorum
3264 4783 3552 4845 unquam,

1903 4870 2016 4914 nec
2047 4852 2561 4933 archangelorum,
2585 4870 2697 4913 nec
2719 4853 2970 4913 aliorum
2995 4853 3271 4914 ordinum
3296 4853 3561 4916 viditna-

1903 4949 2093 5003 turam
2155 4959 2369 5019 meam,
2415 4959 2526 5002 nec
2576 4960 2670 5002 me
2711 4942 3052 5004 Creatorem
3106 4949 3314 5022 totum,
3365 4943 3560 5020 qualis

1903 5049 2060 5106 sum,
2095 5030 2203 5092 sed
2227 5029 2634 5091 tantummodo
2657 5029 2888 5089 radium
2920 5029 3143 5108 gloriae,
3166 5037 3222 5091 et
3253 5030 3556 5092 deﬂuxum

1903 5120 2223 5200 quemdam
2255 5118 2500 5182 luminis
2530 5119 2650 5179 mei
2679 5117 2901 5194 vident,
2932 5119 3553 5200 contemplanturque.

1905 5208 2069 5272 Sicut
2107 5210 2265 5271 enim
2300 5208 2610 5289 speculum
2641 5206 2936 5268 solaribus
2966 5208 3150 5268 radiis
3181 5226 3554 5288 percussum,

1902 5307 1960 5360 et
2016 5307 2080 5360 ut
2126 5300 2275 5380 lapis
2325 5298 2683 5359 cristallinus
2733 5297 2797 5356 in
2840 5296 3092 5357 meridie
3115 5297 3557 5375 illustratus;sic

1901 5406 2109 5450 omnes
2138 5387 2380 5450 deitatis
2412 5404 2560 5447 meae
2582 5385 2784 5447 radios
2810 5385 3164 5465 suscipiunt.
3195 5384 3409 5446 Totum
3444 5405 3558 5448 au-

1901 5486 2021 5540 tem
2055 5497 2149 5539 me
2177 5478 2381 5540 videre
2412 5475 2680 5538 nondum
2713 5473 3051 5554 quisquam,
3080 5475 3171 5537 vel
3203 5474 3554 5555 angelorum
