4120 6384
539 377 664 442 559

1859 369 2174 438 SYMEON
2179 369 2249 437 IS
2287 371 2640 438 JUNIORIS

3814 369 3925 436 560

531 508 620 569 vel
652 508 988 582 hominum,
1026 506 1116 568 vel
1151 513 1485 567 sanctarum
1517 505 1798 566 virtutum
1831 504 2178 584 promeruit.
2205 516 2245 564 Α
2270 524 2588 586 percussus
2619 513 2816 586 caput,
2843 505 3033 586 spinis
3080 511 3418 581 coronatus,
3453 503 3825 585 chlamydem
3857 510 3918 564 ut

534 595 676 659 Sum
710 597 868 658 enim
896 604 1057 658 extra
1085 595 1303 658 omnia.
1345 603 1403 656 et
1432 594 1613 655 nullis
1635 593 1823 655 oculis
1852 593 2181 674 aspectabi-

531 685 630 750 lis.
653 687 861 767 Neque
885 704 1021 746 vero
1051 686 1145 747 his
1176 693 1477 764 aspectum
1529 684 1647 745 mei
1692 681 1951 759 invideo,
1988 701 2182 762 neque

533 783 599 835 ut
628 775 912 836 deformis
965 793 1061 836 me
1107 774 1338 835 occulto
1387 793 1462 834 ne
1510 789 1824 852 appaream
1861 790 1874 834 :
1909 771 2012 832 sed
2044 772 2184 852 quia

534 882 712 925 nemo
735 863 958 926 deitate
991 881 1122 925 mea
1151 863 1366 940 dignus
1390 870 1480 924 est
1508 862 1786 922 inventus
1816 878 1830 922 :
1866 878 2061 940 neque
2081 879 2183 940 par

538 971 668 1014 esse
702 952 891 1033 potuit
917 960 1184 1013 creatura
1216 950 1505 1014 Creatori.
1536 954 1662 1014 Nec
1694 950 1812 1010 illis
1845 949 2105 1030 expedit,
2123 957 2186 1009 ut

537 1062 633 1104 me
666 1042 924 1104 videant.
958 1043 1206 1103 Parvum
1238 1047 1435 1100 autem
1469 1058 1537 1100 ex
1577 1057 1673 1099 me
1717 1037 2005 1117 fulgorem
2047 1056 2181 1099 cer-

535 1138 766 1206 nentes,
798 1129 1128 1204 initiantur,
1183 1128 1344 1190 unde
1392 1129 1591 1190 sciunt
1623 1146 1763 1189 vere
1814 1145 1909 1188 me
1938 1145 2093 1200 esse,
2128 1134 2186 1187 et

536 1239 632 1284 me
660 1221 846 1282 Deum
888 1226 1270 1298 cognoscunt,
1327 1218 1429 1298 qui
1470 1218 1634 1298 ipsos
1686 1217 2074 1297 procrearim,
2127 1225 2185 1278 et

535 1329 667 1371 cum
701 1318 958 1371 tremore
985 1328 1056 1370 ac
1090 1308 1303 1368 timore
1353 1326 1450 1368 me
1493 1305 1820 1386 celebrant,
1859 1312 1916 1366 et
1957 1305 2181 1367 colunt.

531 1399 700 1461 Haud
729 1397 889 1460 enim
921 1397 1110 1478 potuit
1142 1399 1299 1458 Deus
1342 1397 1522 1458 alium
1558 1395 1912 1477 producere,
1939 1394 2041 1474 qui
2074 1412 2185 1472 po-

533 1486 718 1550 tentia
744 1494 1006 1567 mquaret
1039 1484 1406 1561 Creatorem,
1425 1503 1537 1546 nec
1563 1493 1790 1545 natura;
1806 1502 1928 1545 suae
1949 1502 2188 1545 consor-

534 1585 676 1640 tem.
699 1581 826 1641 Nec
859 1576 979 1638 ulla
1016 1575 1246 1638 ratione
1279 1575 1439 1656 quod
1468 1574 1772 1636 conditum
1807 1573 2189 1649 est,consub-

535 1667 807 1728 stantiale
839 1673 1028 1745 potest
1059 1683 1190 1726 esse
1215 1664 1533 1726 conditori.
1589 1663 1700 1735 Qui
1731 1663 1889 1724 enim
1922 1663 2188 1724 increato

2262 595 2600 657 coccineam
2635 613 2955 676 purpuram
2985 593 3247 668 indutus,
3299 595 3509 656 faciem
3564 600 3911 671 consputus,

2263 686 2382 746 heu
2405 703 2520 760 me,
2559 694 2616 746 et
2658 686 2868 746 illusus
2901 703 2986 765 es,
3011 684 3348 764 audistique
3399 703 3504 764 per
3538 682 3862 744 ludibrium
3896 703 3909 744 :

2267 777 2404 845 Ave,
2435 792 2545 836 rex
2571 775 2948 836 Judworum.
2977 773 3064 834 Tu
3094 774 3360 834 humeris
3391 770 3635 853 portasti
3674 789 3910 832 crucem

2266 861 2395 937 tibi,
2423 864 2594 950 eique
2611 864 2850 938 inﬁxus,
2875 863 2934 924 in
2957 863 3139 924 altum
3164 863 3429 924 sublatus
3453 881 3516 923 es
3544 865 3701 925 Deus
3724 878 3922 932 meus._

2266 951 2352 1014 Tu
2384 971 2591 1014 manus
2633 972 2700 1014 ac
2745 953 2926 1033 pedes
2961 953 3300 1026 transﬁxus,
3351 959 3520 1013 aceto
3575 957 3827 1031 potatus,
3863 957 3917 1010 et

2267 1042 2415 1103 latus
2462 1042 2670 1104 lancea
2720 1042 3020 1122 perfossus
3073 1060 3156 1102 es.
3193 1041 3330 1103 Haec
3382 1040 3558 1102 tellus
3610 1040 3915 1117 indignata

2266 1131 2644 1206 contremuit,
2677 1140 2733 1192 et
2766 1149 2914 1212 quos
2937 1129 3280 1192 continebat
3309 1139 3594 1203 mortuos,
3629 1127 3916 1210 sepulcris

2267 1219 2486 1298 apertis
2509 1220 2623 1280 cito
2643 1219 2925 1282 reddidit.
2944 1218 3042 1280 Sol
3067 1229 3122 1280 te
3146 1219 3466 1299 aspiciens,
3485 1218 3544 1278 in
3563 1217 3912 1297 sanguinem

2269 1314 2389 1367 tum
2421 1325 2739 1369 conversus
2771 1315 2879 1382 est,
2917 1317 2976 1370 et
3005 1308 3144 1368 luna
3172 1316 3375 1388 operta
3403 1315 3492 1368 est
3516 1307 3794 1386 caligine;
3818 1324 3913 1366 ve-

2269 1396 2390 1458 lum
2425 1405 2712 1476 praeterea
2744 1397 2947 1476 templi
2978 1414 3012 1455 a
3045 1415 3277 1457 summo
3310 1415 3495 1477 usque
3543 1397 3824 1456 deorsum
3859 1394 3914 1454 in

2270 1486 2416 1547 duas
2447 1495 2644 1566 partes
2667 1485 2917 1547 scissum
2937 1491 3249 1566 est.Atque
3267 1487 3476 1546 horum
3502 1484 3651 1546 nihil
3676 1485 3915 1545 omnino

2271 1574 2357 1635 illi
2390 1575 3259 1655 improbiintellexerunttsed
3307 1582 3364 1636 et
3413 1576 3472 1634 in
3533 1581 3913 1635 monumento

2265 1664 2492 1743 jacenti
2523 1664 2797 1726 custodes
2822 1672 3251 1744 apposuerunt,
3283 1671 3340 1726 et
3371 1665 3628 1745 lapidem
3655 1663 3916 1742 signave-

536 1763 805 1817 creatura
829 1755 1147 1852 aliquando
1170 1753 1563 1852 assimiletur?
1593 1757 1783 1852 Atque
1800 1760 1864 1812 ut
1886 1753 2012 1812 haec
2035 1751 2186 1852 fate:
2211 1796 2248 1844 Β
2271 1761 2431 1826 runt,
2460 1753 2540 1814 ita
2586 1761 2642 1814 te
2685 1763 3018 1852 retenturos
3059 1753 3348 1852 arbitrati.
3383 1755 3456 1852 ᾼῑ
3505 1763 3590 1852 ιιιἶ
3638 1753 3913 1852 Domine,

537 1845 720 1918 beris,
745 1845 832 1906 sic
853 1844 1002 1905 illud
1035 1863 1153 1905 non
1188 1843 1454 1924 negabis,
1482 1862 1553 1904 eo
1577 1841 1676 1922 qui
1702 1859 1942 1922 semper
1967 1843 2186 1921 est,qui

538 1934 777 1995 initium
820 1933 1036 2011 nescit,
1070 1952 1181 1994 nec
1217 1940 1452 1994 creatus
1500 1939 1610 2006 est,
1657 1938 1856 1993 creata
1902 1929 2188 1992 inferiora

540 2041 700 2100 esse;
733 2030 1080 2103 tantumque
1123 2024 1195 2084 ab
1249 2041 1318 2084 eo
1354 2022 1616 2097 differre,
1663 2027 1947 2102 quantum
1981 2037 2190 2081 currus

541 2119 598 2174 et
621 2129 792 2174 serra
839 2131 872 2173 a
920 2111 1082 2173 fabro
1131 2129 1237 2176 suo
1291 2111 1595 2173 differunt.
1640 2108 1950 2182 Quomodo
2010 2107 2190 2186 igitur

539 2219 748 2264 currus
793 2199 1204 2263 fabricatorem
1265 2219 1437 2262 suum
1498 2199 1830 2280 intelligat,
1891 2195 2187 2278 quomodo

538 2313 705 2357 serra
759 2295 1078 2357 ducentem
1135 2313 1199 2356 se
1250 2301 1594 2374 cognoscat,
1634 2293 1753 2354 nisi
1785 2291 2182 2371 cognitionem

535 2383 656 2445 illis
685 2383 805 2459 det,
839 2384 954 2445 nisi
979 2383 1218 2445 videndi
1249 2403 1492 2446 sensum
1535 2385 1621 2444 eis
1649 2381 1952 2460 immittat,
1987 2380 2086 2460 qui
2119 2398 2188 2440 ea

539 2473 802 2552 paravit?
848 2473 1007 2553 quod
1053 2473 1269 2536 creatis
1312 2471 1590 2534 omnibus
1643 2478 1732 2532 est
1788 2468 2182 2550 impossibile.

535 2561 791 2626 Prorsus
821 2561 998 2640 igitur
1024 2561 1220 2623 nullus
1247 2560 1784 2642 hominum,nullus
1813 2557 2183 2637 angelorum,

535 2650 715 2712 dandi
745 2649 876 2710 aliis
913 2648 1186 2729 spiritum
1235 2658 1336 2711 aut
1387 2650 1564 2710 vitam
1598 2645 1903 2730 praebendi
1957 2646 2188 2726 accepit

535 2747 906 2819 potestatem.
945 2739 1233 2800 Dominus
1261 2745 1486 2813 autem,
1522 2756 1702 2818 quem
1749 2754 1933 2817 penes
1989 2735 2184 2795 solum

535 2835 625 2888 est
645 2835 904 2907 potestas
934 2825 1200 2887 omnium
1232 2835 1406 2908 atque
1439 2826 1708 2907 potentia
1738 2835 2016 2905 tanquam
2056 2825 2186 2886 fons

532 2916 684 2992 vitaz,
721 2915 978 2978 animata
1008 2914 1302 2995 producit,
1334 2916 1530 2996 qualia
1553 2915 1828 2992 voluerit,
1857 2921 1914 2976 et
1942 2914 2187 2991 largitur

534 3005 749 3086 cuique
781 3012 844 3067 ut
875 3004 1110 3080 artifex,
1158 3016 1227 3065 ut
1273 3004 1561 3066 Dominus
1623 3024 1730 3086 pro
1787 3003 2088 3066 voluntate
2118 3023 2187 3064 ac

2272 1859 2377 1922 pro
2410 1850 2726 1922 protestate
2760 1843 2996 1924 propria
3025 1843 3426 1915 resurrexisti,
3461 1851 3519 1904 et
3541 1842 3795 1903 claustra
3825 1843 3915 1903 illa

2273 1934 2809 2012 transgressoribus
2840 1939 3060 1998 intacta
3090 1934 3438 2015 integraque
3461 1933 3777 2014 reliquisti.
3804 1933 3916 1994 Ad-

2271 2023 2514 2084 veniens
2534 2033 2730 2086 autem
2765 2024 3010 2102 angelus
3043 2025 3299 2104 lapidem
3333 2023 3602 2103 revolvit,
3629 2033 3687 2084 et
3715 2032 3918 2084 custo-

2271 2111 2378 2173 des
2407 2113 2540 2173 illos
2568 2113 2779 2174 timore
2809 2113 3184 2174 exanimavit.
3229 2115 3350 2176 Nec
3383 2123 3510 2175 tum
3561 2113 3653 2172 vel
3695 2111 3914 2191 aliquid

2270 2201 2605 2281 intelligere
2634 2202 2921 2276 volentes,
2957 2203 3096 2264 caeci
3146 2210 3509 2282 manserunt,
3549 2209 3607 2263 et
3657 2209 3917 2262 mentem

2271 2299 2444 2371 atque
2469 2291 2940 2354 corobduratum
2957 2310 3142 2372 usque
3160 2291 3232 2354 ad
3249 2300 3502 2353 mortem
3521 2291 3922 2352 retinuerunt.

2270 2379 2421 2452 Quid
2475 2400 2612 2460 ergo
2673 2399 2948 2460 magnum
3006 2381 3177 2458 facio,
3232 2381 3282 2440 si
3323 2391 3380 2441 et
3410 2399 3516 2459 ego
3549 2381 3674 2441 haec
3706 2381 3914 2460 patiar,

2271 2489 2402 2549 qua:
2431 2477 2493 2531 tu
2525 2489 2762 2551 quoque
2784 2490 2994 2552 passus
3026 2470 3222 2551 es,qui
3252 2469 3383 2531 sine
3415 2478 3657 2547 peccato
3692 2479 3921 2546 cras,ut

2272 2559 2557 2620 mundum
2590 2561 2882 2622 salvares:
2913 2579 3046 2640 ego,
3080 2559 3455 2640 inquam,qui
3486 2560 3624 2620 inde
3661 2577 3694 2620 a
3725 2559 3914 2639 primo

2270 2656 2440 2710 aetate
2468 2649 2706 2728 peccavi
2740 2649 3016 2729 plurima,
3043 2657 3099 2709 et
3120 2649 3190 2710 ad
3216 2649 3362 2710 iram
3390 2657 3447 2710 te
3465 2647 3641 2709 dlCllS
3665 2656 3721 2709 et
3751 2646 3919 2709 factis

2272 2737 2738 2816 provocavi.Hoc
2759 2738 2904 2799 mihi
2928 2757 3202 2818 magnum
3221 2756 3449 2814 revera,
3473 2745 3530 2800 et
3549 2736 3736 2817 majus
3755 2736 3918 2798 omni

2269 2826 2477 2904 gloria,
2505 2827 2660 2908 quod
2685 2846 2778 2888 me
2802 2827 3150 2908 participem
3175 2828 3310 2889 facit
3333 2827 3535 2906 gloriae
3559 2837 3668 2888 tuae
3699 2826 3912 2888 ineffa-

2271 2915 2428 2991 bilis,
2476 2919 2816 2978 communio
2868 2917 3234 2998 passionum,
3269 2926 3329 2979 et
3375 2917 3620 2978 imitatio
3664 2934 3910 2994 operum

2273 3019 2505 3065 tuorum
2535 3027 2550 3082 ;
2585 3013 2642 3068 et
2680 3007 2982 3068 humilitas
3014 3015 3111 3068 tua
3141 3007 3232 3068 his
3271 3007 3374 3088 qui
3425 3024 3550 3068 eam
3583 3004 3913 3066 consectari

534 3094 910 3175 beneplacito
943 3113 1075 3167 suo,
1107 3093 1203 3155 cui
1231 3093 1441 3175 gloria,
1477 3101 1534 3154 et
1563 3093 1908 3175 imperium,
1945 3111 2104 3156 nunc
2129 3100 2242 3158 etC
2269 3094 2484 3170 sciunt,
2513 3095 2880 3158 divinitatem
2906 3096 3205 3158 conciliat.
3232 3095 3461 3160 Gratias
3483 3112 3589 3174 ago
3622 3093 3752 3168 tibi,
3789 3093 3914 3155 Do-

532 3201 795 3265 semper,
827 3190 884 3244 et
915 3182 1152 3244 saeculis
1174 3182 1579 3262 sempiternis.
1613 3185 1832 3245 Amen.

1102 3275 1344 3338 CAPUT
1388 3275 1595 3342 XXIII.

532 3369 897 3434 Gratiarum
948 3372 1104 3433 actio
1159 3388 1269 3448 pro
1325 3370 1563 3452 exsilio,
1611 3377 1669 3433 et
1717 3370 2178 3450 afﬂictionibus,

790 3469 944 3532 quas
976 3453 1041 3512 in
1062 3452 1474 3531 persecutione
1502 3451 1613 3513 sua
1636 3451 1914 3532 pertulit.

610 3544 839 3608 Gratias
869 3563 978 3623 ego
1011 3544 1140 3618 tibi,
1175 3541 1445 3618 Domine,
1482 3545 1697 3623 gratias
1743 3564 1850 3624 ago
1904 3546 2011 3607 tibi
2044 3544 2176 3621 soli,

527 3637 798 3715 cognitor
842 3634 1137 3708 cordium,
1196 3653 1298 3696 rex
1339 3635 1532 3715 jUSle,
1593 3635 2177 3709 misericordissime,

527 3726 627 3806 qui
658 3725 718 3785 in
761 3732 950 3784 terras
977 3723 1367 3804 descendisti,
1393 3732 1451 3785 et
1480 3742 1723 3786 carnem
1745 3724 2182 3799 induisti,Deus

529 3831 719 3890 meus,
756 3821 813 3873 et
850 3812 1040 3873 factus
1074 3830 1137 3872 es
1187 3813 1345 3892 quod
1393 3831 1513 3873 non
1545 3831 1700 3889 eras,
1756 3815 1933 3875 homo
1965 3815 2181 3877 similis

530 3903 703 3982 mihi,
728 3901 857 3962 sine
891 3901 1239 3975 mutatione,
1261 3900 1391 3962 sine
1414 3902 1594 3976 ﬂuxu,
1632 3910 1688 3964 et
1717 3903 1878 3964 omni
1910 3912 2175 3983 peccato:

529 4000 595 4053 ut
625 4010 833 4072 passus
865 3998 946 4064 tu,
985 3990 1084 4068 qui
1118 3990 1238 4070 pati
1269 4010 1385 4052 non
1419 3999 1680 4071 poteras,
1731 3992 1948 4072 injuste
1977 3992 2050 4054 ab
2080 3993 2178 4054 in-

523 4080 727 4160 justis,
765 4079 912 4140 mihi
943 4079 1220 4140 damnato
1250 4081 1614 4143 vacationem
1649 4081 1913 4141 omnium
1944 4082 2176 4162 passio-

529 4189 668 4230 num
702 4168 1132 4243 donares,dum
1162 4168 1427 4231 imitarer
1449 4171 1760 4250 passiones
1783 4173 2176 4232 tuas..lustum

526 4259 708 4336 igitur
745 4257 1040 4337 judicium
1086 4265 1353 4333 tuum,et
1393 4267 1756 4339 praeceptum
1791 4258 1992 4332 simul,
2019 4259 2174 4339 quod

2270 3183 2597 3256 mine,cum
2626 3186 2844 3264 injuste
2867 3185 3229 3266 patior.Cum
3252 3194 3448 3248 autem
3468 3185 3651 3265 juste,
3677 3183 3736 3244 id
3770 3183 3919 3244 mihi

2265 3272 2327 3333 in
2351 3275 2902 3354 compensationem
2955 3282 3360 3355 peccatorum,
3395 3282 3454 3335 et
3503 3273 3918 3354 purgationem

2263 3362 2788 3425 innumerabilium
2820 3364 3176 3426 delictorum
3211 3382 3474 3426 meorum
3507 3371 3656 3425 esto.
3683 3362 3916 3437 Quaeso,

2263 3451 2536 3528 Domine,
2561 3472 2636 3515 ne
2666 3453 2814 3515 mihi
2842 3473 3100 3534 unquam
3133 3453 3368 3517 labores
3399 3460 3500 3516 aut
3537 3453 3915 3528 tentationes,

2263 3549 2361 3602 aut
2381 3543 2731 3604 afflictiones
2747 3561 2929 3624 supra
2949 3544 3104 3604 vires
3123 3543 3321 3604 invehi
3336 3542 3636 3615 sinas;sed
3658 3543 3914 3616 exitum,

2264 3639 2320 3692 et
2339 3631 2412 3692 ad
2431 3631 2844 3693 sustinendum
2893 3631 3078 3693 robur
3117 3633 3262 3694 mihi
3309 3651 3549 3712 semper
3585 3632 3917 3712 impartias.

2265 3718 2352 3780 Tu
2386 3721 2544 3781 enim
2565 3739 2631 3783 es
2651 3721 2942 3782 bonorum
2977 3723 3221 3802 largitor
3251 3723 3324 3784 ab
3355 3722 3546 3798 initio,
3579 3721 3670 3782 his
3692 3722 3795 3801 qui
3821 3741 3926 3802 po-

2265 3808 2464 3870 lentiae
2512 3819 2623 3871 tuae
2673 3829 2742 3872 ex
2783 3811 2982 3872 animo
3031 3811 3334 3892 supplices
3388 3811 3626 3886 cadunt,
3666 3829 3923 3890 erogans

2265 3897 2428 3976 ﬁdei,
2449 3918 2836 3980 operumque,
2856 3908 2914 3961 et
2935 3901 3106 3962 bona:
3127 3903 3253 3981 spei
3279 3901 3658 3981 charismata,
3683 3901 3917 3962 etdona

2263 3988 2466 4049 omnia
2511 3988 2698 4049 divini
2739 3989 3145 4070 adorandique
3199 3989 3454 4070 Spiritus
3509 3989 3614 4062 tui,
3652 4009 3818 4062 nunc
3867 4000 3923 4052 et

2262 4094 2523 4157 semper,
2552 4079 2689 4140 etin
2715 4079 2934 4140 saecula
2963 4079 3344 4142 saeculorum.
3371 4079 3584 4141 Amen.

2847 4171 3090 4236 CAPUT
3118 4172 3319 4236 XXIV.

2261 4250 2530 4330 Supplex
2540 4252 2622 4314 ad
2635 4254 2823 4315 Deum
2838 4259 3104 4332 precatio
3113 4273 3222 4334 pro
3236 4253 3477 4317 auxilio
3504 4257 3915 4332 impetrando.

527 4365 636 4408 nos
671 4364 908 4407 servare
933 4345 1186 4425 jussisti,
1220 4346 1376 4426 quOd
1409 4347 1649 4426 quidem
1675 4355 1760 4409 est
1782 4346 2035 4408 imitatio
2067 4349 2173 4408 hu-
2195 4345 2239 4395 D
2337 4343 2589 4407 Domine
2621 4348 2762 4407 Jesu
2804 4346 3057 4419 Christe,
3083 4346 3336 4410 Domine
3378 4346 3643 4412 Salvator
3673 4347 3918 4410 anima-

531 4433 794 4496 militatis
817 4443 928 4495 tuae
956 4452 969 4496 :
1001 4441 1062 4494 ut
1089 4434 1592 4514 quemadmodum
1627 4443 1687 4496 tu
1719 4454 1926 4516 passus
1956 4454 2042 4508 es,
2077 4435 2176 4515 qui
2256 4455 2414 4518 rum,
2449 4457 2481 4498 ο
2507 4438 2686 4515 Deus,
2730 4438 2982 4501 Domine
3018 4442 3293 4501 virtutum
3328 4441 3594 4502 omnium
3639 4461 3773 4522 quas
3808 4442 3920 4504 sub

531 4531 774 4603 peccato
803 4523 1068 4598 carebas,
1107 4523 1193 4584 sic
1227 4543 1331 4584 nos
1361 4525 1462 4605 qui
1494 4525 1889 4605 peccavimus,
1929 4525 2177 4586 suffera-

531 4632 662 4673 mus
691 4611 914 4692 omnia,
964 4620 1100 4692 puta
1150 4613 1527 4693 tentationes,
1564 4613 2033 4692 persecutiones,
2071 4615 2178 4674 ﬁa-

530 4701 712 4778 gella,
745 4699 1182 4774 tribulationes,
1215 4708 1273 4761 et
1298 4701 1539 4762 tandem
1582 4701 1771 4782 ipsam
1819 4721 2054 4782 quoque
2072 4720 2179 4763 ne—

527 4807 657 4851 cem
672 4788 745 4850 ab
764 4788 1052 4869 improbis
1065 4788 1236 4850 nobis
1250 4789 1590 4853 illatam.Tu
1606 4790 1763 4852 enim
1781 4791 2179 4853 daemoniacus

528 4878 824 4953 audivisti,
878 4887 936 4938 et
978 4879 1257 4940 seductor
1281 4897 1343 4940 es
1373 4879 1630 4954 habitus,
1676 4887 1732 4941 et
1761 4879 1871 4943 Dei
1898 4880 2177 4942 adversa-

525 4968 672 5047 rius,
710 4976 769 5029 et
800 4968 1214 5048 prazvaricator
1246 4969 1413 5048 legis.
1438 4968 1523 5030 Tu
1545 4977 1609 5031 ut
1631 4968 1999 5030 facinorosos
2020 4989 2180 5031 com-

527 5058 881 5136 prehensus,
934 5056 1169 5135 ligatus,
1230 5066 1288 5119 et
1344 5059 1557 5119 ductus
1601 5077 1666 5119 es
1711 5057 1893 5134 solus,
1949 5059 2178 5122 cunctis

469 5139 477 5146 ’
530 5145 861 5225 discipulis,
887 5145 1168 5206 etamicis
1194 5158 1250 5208 te
1274 5145 1802 5209 deserentibus.Tu
1825 5148 1897 5208 ad
1912 5147 2174 5228 judicem

530 5241 593 5294 ut
631 5235 1062 5294 condemnatus
1109 5254 1243 5296 cum
1303 5236 1693 5312 adducerere,
1735 5255 1910 5316 quam
1946 5237 1998 5298 is
2028 5237 2091 5298 in
2122 5247 2178 5300 te

527 5323 770 5401 protulit
799 5322 1154 5384 sententiam
1179 5325 1612 5404 suscepisti.Tu
1657 5323 1911 5399 locutus,
1947 5326 2174 5407 alapam

525 5429 560 5472 a
588 5430 755 5473 servo
787 5411 1145 5486 sustinuisti,
1194 5421 1254 5476 et
1303 5422 1527 5491 tacens,
1562 5412 1722 5476 illico
1772 5414 1946 5475 morti
1979 5434 2042 5477 es
2071 5416 2176 5478 ad-

528 5499 722 5560 dictus
768 5521 781 5560 :
838 5518 976 5560 nam
1035 5501 1218 5564 verba
1261 5510 1358 5565 tua
1399 5506 1584 5564 instar
1646 5502 1826 5583 gladii
1877 5504 2178 5568 sceleratis

530 5596 724 5650 erant.
756 5587 986 5651 Idcirco
1017 5608 1138 5651 non
1183 5590 1447 5654 ferentes
1491 5592 1608 5672 ipsi
1638 5591 1848 5671 injusti
1886 5599 1943 5654 te
1986 5593 2176 5656 solum

525 5674 750 5754 justum
777 5675 1389 5759 intueri,turpissimae
1411 5679 1548 5744 neci
1571 5688 1626 5744 te
1639 5679 2179 5746 dediderunt.Hinc

2259 4537 2567 4605 aspectum
2599 4527 3018 4607 subjiciuntur,
3055 4538 3113 4590 et
3143 4549 3272 4610 quae
3317 4550 3436 4591 non
3487 4529 3918 4610 subjiciuntur,

2260 4624 2466 4695 utpote
2499 4615 2770 4679 conditor
2798 4618 3061 4679 omnium
3095 4638 3230 4698 quae
3272 4619 3334 4680 in
3380 4619 3558 4696 caelo,
3616 4627 3672 4681 et
3733 4638 3922 4702 supra

2264 4705 2444 4765 caelos
2470 4715 2630 4780 sunt,
2666 4706 2798 4767 caeli
2827 4708 3238 4788 cmlorumque
3285 4709 3581 4790 omnium,
3635 4709 3923 4773 similiter

2261 4794 2526 4855 omnium
2558 4814 2690 4876 quae
2738 4796 2798 4857 in
2839 4803 3016 4877 terra,
3064 4806 3122 4859 et
3169 4797 3277 4859 sub
3331 4805 3490 4859 terra
3536 4806 3692 4859 sunt.
3729 4799 3824 4861 Tu
3857 4819 3923 4863 es

2259 4881 2434 4943 Deus.
2465 4891 2526 4946 et
2553 4884 2902 4948 Dominator
2926 4887 3234 4948 Dominus.
3270 4887 3358 4949 Tu
3399 4907 3575 4949 manu
3609 4897 3705 4950 tua
3735 4908 3919 4952 crea-

2263 4979 2449 5032 turam
2481 4991 2722 5035 omnem
2772 4975 3102 5052 concludis,
3137 4977 3416 5057 quoniam
3463 4977 3592 5058 ipsa
3641 4979 3921 5042 contines

2260 5059 2554 5123 universa.
2588 5063 2791 5125 Manus
2823 5071 2942 5140 tua,
2978 5066 3256 5142 Domine,
3293 5074 3381 5128 est
3405 5067 3506 5127 illa
3539 5087 3750 5147 magna
3805 5087 3922 5150 po-

2262 5155 2464 5225 testas,
2490 5171 2621 5232 quaz
2644 5153 2832 5214 Patris
2863 5154 3220 5216 voluntatem
3253 5156 3535 5236 implens,
3563 5157 3917 5239 fabricatur,

2262 5247 2561 5318 operatur,
2600 5250 2786 5318 creat,
2822 5249 2879 5304 et
2899 5243 3272 5306 administrat
3319 5264 3416 5307 res
3465 5254 3700 5308 nostras
3732 5246 3917 5308 modo

2260 5329 2668 5392 inenarrabili.
2701 5331 2834 5412 Ipsa
2862 5332 3040 5411 igitur
3077 5341 3135 5395 et
3164 5352 3322 5396 nunc
3372 5353 3466 5395 me
3517 5334 3820 5416 produxit,
3863 5344 3925 5397 et

2259 5435 2393 5483 Cum
2426 5439 2543 5482 non
2568 5439 2786 5497 essem,
2833 5422 2977 5486 fecit
3032 5431 3094 5485 ut
3127 5441 3347 5488 essem.
3384 5423 3497 5498 Qui
3529 5424 3704 5486 etiam
3739 5433 3922 5507 natus

2259 5507 2342 5570 ita
2373 5527 2534 5571 eram
2567 5513 2626 5574 in
2654 5511 2770 5572 hoc
2803 5512 3048 5594 mundo,
3073 5519 3137 5573 ut
3159 5515 3496 5594 ignorarem
3524 5521 3581 5576 te
3610 5513 3919 5576 omnimo-

2261 5596 2375 5673 dis,
2407 5597 2628 5662 bonum
2660 5599 3001 5678 Dominum,
3038 5611 3366 5666 creatorem
3389 5622 3612 5686 meum,
3635 5603 3919 5685 opiﬁcem

2262 5705 2485 5765 meum,
2519 5696 2578 5751 et
2601 5687 2788 5754 instar
2815 5690 2958 5754 caci
3007 5709 3198 5770 eram,
3248 5700 3306 5756 et
3345 5693 3506 5757 velut
3552 5694 3725 5770 ἄθεος,
3772 5711 3919 5756 cum
