  <div class='ocr_page' id='page_1' title='image "/cluster/home/n/w/nwhite01/storage/ocr_20150623/120/coo.31924054870245/288.png"; bbox 0 0 4120 6438; ppageno 0'>
   <div class='ocr_carea' id='block_1_1' title="bbox 227 374 3644 449">
    <p class='ocr_par' dir='ltr' id='par_1_1' title="bbox 227 374 3644 449">
     <span class='ocr_line' id='line_1_1' title="bbox 227 374 3644 449; baseline 0.004 -13"><span class='ocrx_word' id='word_1_1' title='bbox 227 374 355 440; x_wconf 81' lang='grc'><strong>561</strong></span> <span class='ocrx_word' id='word_1_2' title='bbox 1400 384 1840 449; x_wconf 84' lang='lat' dir='ltr'><strong>DIVINORUM</strong></span> <span class='ocrx_word' id='word_1_3' title='bbox 1886 382 2214 446; x_wconf 83' lang='lat' dir='ltr'><strong>AMORUM</strong></span> <span class='ocrx_word' id='word_1_4' title='bbox 2258 385 2487 446; x_wconf 84' lang='lat' dir='ltr'><strong>LIBER</strong></span> <span class='ocrx_word' id='word_1_5' title='bbox 2505 425 2521 443; x_wconf 90' lang='lat'><strong>.</strong></span> <span class='ocrx_word' id='word_1_6' title='bbox 3527 385 3644 449; x_wconf 80' lang='lat'><strong>562</strong></span> 
     </span>
    </p>
   </div>
   <div class='ocr_carea' id='block_1_2' title="bbox 234 514 3653 600">
    <p class='ocr_par' dir='ltr' id='par_1_2' title="bbox 234 514 3653 600">
     <span class='ocr_line' id='line_1_2' title="bbox 234 514 3653 600; baseline 0.002 -27"><span class='ocrx_word' id='word_1_7' title='bbox 234 532 363 574; x_wconf 90' lang='lat' dir='ltr'><strong>non</strong></span> <span class='ocrx_word' id='word_1_8' title='bbox 415 532 656 575; x_wconf 88' lang='lat' dir='ltr'><strong>nossem</strong></span> <span class='ocrx_word' id='word_1_9' title='bbox 691 517 883 578; x_wconf 90' lang='lat' dir='ltr'><strong>Denm</strong></span> <span class='ocrx_word' id='word_1_10' title='bbox 905 535 1124 577; x_wconf 90' lang='lat' dir='ltr'><strong>meum.</strong></span> <span class='ocrx_word' id='word_1_11' title='bbox 1152 516 1238 578; x_wconf 91' lang='lat' dir='ltr'><strong>Tu</strong></span> <span class='ocrx_word' id='word_1_12' title='bbox 1261 517 1462 596; x_wconf 82' lang='lat' dir='ltr'><strong>itaque</strong></span> <span class='ocrx_word' id='word_1_13' title='bbox 1487 517 1766 579; x_wconf 80' lang='lat' dir='ltr'><strong>misertus</strong></span> <span class='ocrx_word' id='word_1_14' title='bbox 1786 516 1904 577; x_wconf 90' lang='lat' dir='ltr'><strong>mei</strong></span> <span class='ocrx_word' id='word_1_15' title='bbox 1925 523 1967 572; x_wconf 82' lang='grc' dir='ltr'><strong>Α</strong></span> <span class='ocrx_word' id='word_1_16' title='bbox 1988 515 2236 576; x_wconf 90' lang='lat' dir='ltr'><strong>omnino</strong></span> <span class='ocrx_word' id='word_1_17' title='bbox 2254 514 2649 592; x_wconf 89' lang='lat' dir='ltr'><strong>inaccessum,</strong></span> <span class='ocrx_word' id='word_1_18' title='bbox 2672 517 3544 600; x_wconf 87' lang='lat' dir='ltr'><strong>omnineincircumscriptmn,</strong></span> <span class='ocrx_word' id='word_1_19' title='bbox 3566 529 3653 583; x_wconf 86' lang='lat' dir='ltr'><strong>to-</strong></span> 
     </span>
    </p>
   </div>
   <div class='ocr_carea' id='block_1_3' title="bbox 231 602 3649 686">
    <p class='ocr_par' dir='ltr' id='par_1_3' title="bbox 231 602 3649 686">
     <span class='ocr_line' id='line_1_3' title="bbox 231 602 3649 686; baseline 0.002 -24"><span class='ocrx_word' id='word_1_20' title='bbox 231 602 522 677; x_wconf 87' lang='lat' dir='ltr'><strong>visitasti,</strong></span> <span class='ocrx_word' id='word_1_21' title='bbox 553 611 612 664; x_wconf 90' lang='lat' dir='ltr'><strong>et</strong></span> <span class='ocrx_word' id='word_1_22' title='bbox 638 604 992 667; x_wconf 88' lang='lat' dir='ltr'><strong>convertisti</strong></span> <span class='ocrx_word' id='word_1_23' title='bbox 1047 622 1164 678; x_wconf 90' lang='lat' dir='ltr'><strong>me,</strong></span> <span class='ocrx_word' id='word_1_24' title='bbox 1205 625 1339 666; x_wconf 91' lang='lat' dir='ltr'><strong>cum</strong></span> <span class='ocrx_word' id='word_1_25' title='bbox 1373 605 1431 666; x_wconf 78' lang='lat' dir='ltr'><strong>in</strong></span> <span class='ocrx_word' id='word_1_26' title='bbox 1467 605 1732 666; x_wconf 81' lang='lat' dir='ltr'><strong>tenebris</strong></span> <span class='ocrx_word' id='word_1_27' title='bbox 1763 605 1910 666; x_wconf 92' lang='lat' dir='ltr'><strong>mihi</strong></span> <span class='ocrx_word' id='word_1_28' title='bbox 1995 612 2116 665; x_wconf 89' lang='lat' dir='ltr'><strong>tum</strong></span> <span class='ocrx_word' id='word_1_29' title='bbox 2139 604 2632 685; x_wconf 87' lang='lat' dir='ltr'><strong>impalpabilem?</strong></span> <span class='ocrx_word' id='word_1_30' title='bbox 2661 605 3649 686; x_wconf 88' lang='lat' dir='ltr'><strong>Inmaterialibusimmaterialem,</strong></span> 
     </span>
    </p>
   </div>
   <div class='ocr_carea' id='block_1_4' title="bbox 233 690 1910 774">
    <p class='ocr_par' dir='ltr' id='par_1_4' title="bbox 233 690 1910 774">
     <span class='ocr_line' id='line_1_4' title="bbox 233 690 1910 774; baseline 0.003 -24"><span class='ocrx_word' id='word_1_31' title='bbox 233 690 573 765; x_wconf 87' lang='lat' dir='ltr'><strong>illuxisses,</strong></span> <span class='ocrx_word' id='word_1_32' title='bbox 609 704 672 754; x_wconf 80' lang='lat' dir='ltr'><strong>et.</strong></span> <span class='ocrx_word' id='word_1_33' title='bbox 704 693 937 754; x_wconf 72' lang='lat' dir='ltr'><strong>traxisti</strong></span> <span class='ocrx_word' id='word_1_34' title='bbox 971 711 1064 756; x_wconf 92' lang='lat' dir='ltr'><strong>me</strong></span> <span class='ocrx_word' id='word_1_35' title='bbox 1094 694 1165 754; x_wconf 91' lang='lat' dir='ltr'><strong>ad</strong></span> <span class='ocrx_word' id='word_1_36' title='bbox 1201 702 1255 757; x_wconf 88' lang='lat' dir='ltr'><strong>te</strong></span> <span class='ocrx_word' id='word_1_37' title='bbox 1275 694 1494 772; x_wconf 90' lang='lat' dir='ltr'><strong>ipsum,</strong></span> <span class='ocrx_word' id='word_1_38' title='bbox 1531 694 1910 774; x_wconf 82' lang='lat' dir='ltr'><strong>oductoquee</strong></span> 
     </span>
    </p>
   </div>
   <div class='ocr_carea' id='block_1_5' title="bbox 235 780 1911 863">
    <p class='ocr_par' dir='ltr' id='par_1_5' title="bbox 235 780 1911 863">
     <span class='ocr_line' id='line_1_5' title="bbox 235 780 1911 863; baseline 0.003 -23"><span class='ocrx_word' id='word_1_39' title='bbox 235 780 416 841; x_wconf 76' lang='lat' dir='ltr'><strong>fovea</strong></span> <span class='ocrx_word' id='word_1_40' title='bbox 449 781 944 863; x_wconf 79' lang='lat' dir='ltr'><strong>profundissima,</strong></span> <span class='ocrx_word' id='word_1_41' title='bbox 990 791 1048 843; x_wconf 94' lang='lat' dir='ltr'><strong>et</strong></span> <span class='ocrx_word' id='word_1_42' title='bbox 1081 783 1344 845; x_wconf 84' lang='lat' dir='ltr'><strong>tenebris</strong></span> <span class='ocrx_word' id='word_1_43' title='bbox 1364 783 1665 859; x_wconf 91' lang='lat' dir='ltr'><strong>vitiorum,</strong></span> <span class='ocrx_word' id='word_1_44' title='bbox 1695 803 1727 844; x_wconf 93' lang='lat' dir='ltr'><strong>e</strong></span> <span class='ocrx_word' id='word_1_45' title='bbox 1748 793 1911 846; x_wconf 92' lang='lat' dir='ltr'><strong>tene-</strong></span> 
     </span>
    </p>
   </div>
   <div class='ocr_carea' id='block_1_6' title="bbox 225 869 1909 953">
    <p class='ocr_par' dir='ltr' id='par_1_6' title="bbox 225 869 1909 953">
     <span class='ocr_line' id='line_1_6' title="bbox 225 869 1909 953; baseline 0.004 -25"><span class='ocrx_word' id='word_1_46' title='bbox 225 869 366 930; x_wconf 89' lang='lat' dir='ltr'><strong>.hris</strong></span> <span class='ocrx_word' id='word_1_47' title='bbox 398 869 708 931; x_wconf 85' lang='lat' dir='ltr'><strong>altissimis</strong></span> <span class='ocrx_word' id='word_1_48' title='bbox 765 873 1380 952; x_wconf 89' lang='lat' dir='ltr'><strong>concupiscentiarum</strong></span> <span class='ocrx_word' id='word_1_49' title='bbox 1440 879 1498 935; x_wconf 90' lang='lat' dir='ltr'><strong>et</strong></span> <span class='ocrx_word' id='word_1_50' title='bbox 1546 873 1909 953; x_wconf 81' lang='lat' dir='ltr'><strong>voluptatum</strong></span> 
     </span>
    </p>
   </div>
   <div class='ocr_carea' id='block_1_7' title="bbox 239 959 1907 1037">
    <p class='ocr_par' dir='ltr' id='par_1_7' title="bbox 239 959 1907 1037">
     <span class='ocr_line' id='line_1_7' title="bbox 239 959 1907 1037; baseline 0.003 -18"><span class='ocrx_word' id='word_1_51' title='bbox 239 959 427 1037; x_wconf 86' lang='lat' dir='ltr'><strong>hujus</strong></span> <span class='ocrx_word' id='word_1_52' title='bbox 457 959 616 1034; x_wconf 75' lang='lat' dir='ltr'><strong>vitae,</strong></span> <span class='ocrx_word' id='word_1_53' title='bbox 653 961 967 1022; x_wconf 82' lang='lat' dir='ltr'><strong>ostendisti</strong></span> <span class='ocrx_word' id='word_1_54' title='bbox 997 961 1174 1037; x_wconf 89' lang='lat' dir='ltr'><strong>viam,</strong></span> <span class='ocrx_word' id='word_1_55' title='bbox 1238 971 1294 1023; x_wconf 89' lang='lat' dir='ltr'><strong>et</strong></span> <span class='ocrx_word' id='word_1_56' title='bbox 1345 960 1665 1024; x_wconf 89' lang='lat' dir='ltr'><strong>atlribuisti</strong></span> <span class='ocrx_word' id='word_1_57' title='bbox 1696 962 1907 1024; x_wconf 92' lang='lat' dir='ltr'><strong>ducem</strong></span> 
     </span>
    </p>
   </div>
   <div class='ocr_carea' id='block_1_8' title="bbox 238 1047 1903 1132">
    <p class='ocr_par' dir='ltr' id='par_1_8' title="bbox 238 1047 1903 1132">
     <span class='ocr_line' id='line_1_8' title="bbox 238 1047 1903 1132; baseline 0.004 -24"><span class='ocrx_word' id='word_1_58' title='bbox 238 1047 420 1122; x_wconf 90' lang='lat' dir='ltr'><strong>mihi,</strong></span> <span class='ocrx_word' id='word_1_59' title='bbox 456 1049 558 1129; x_wconf 89' lang='lat' dir='ltr'><strong>qui</strong></span> <span class='ocrx_word' id='word_1_60' title='bbox 594 1066 689 1112; x_wconf 88' lang='lat' dir='ltr'><strong>me</strong></span> <span class='ocrx_word' id='word_1_61' title='bbox 721 1051 795 1110; x_wconf 85' lang='lat' dir='ltr'><strong>ad</strong></span> <span class='ocrx_word' id='word_1_62' title='bbox 828 1052 1508 1113; x_wconf 79' lang='lat' dir='ltr'><strong>mandatatuaservanda</strong></span> <span class='ocrx_word' id='word_1_63' title='bbox 1531 1053 1903 1132; x_wconf 74' lang='lat' dir='ltr'><strong>perduceret,</strong></span> 
     </span>
    </p>
   </div>
   <div class='ocr_carea' id='block_1_9' title="bbox 237 1139 1906 1222">
    <p class='ocr_par' dir='ltr' id='par_1_9' title="bbox 237 1139 1906 1222">
     <span class='ocr_line' id='line_1_9' title="bbox 237 1139 1906 1222; baseline 0.005 -27"><span class='ocrx_word' id='word_1_64' title='bbox 237 1155 420 1215; x_wconf 86' lang='lat' dir='ltr'><strong>quem</strong></span> <span class='ocrx_word' id='word_1_65' title='bbox 441 1155 726 1218; x_wconf 89' lang='lat' dir='ltr'><strong>sequens,</strong></span> <span class='ocrx_word' id='word_1_66' title='bbox 752 1139 980 1200; x_wconf 87' lang='lat' dir='ltr'><strong>solutus</strong></span> <span class='ocrx_word' id='word_1_67' title='bbox 1009 1159 1151 1202; x_wconf 86' lang='lat' dir='ltr'><strong>cura</strong></span> <span class='ocrx_word' id='word_1_68' title='bbox 1171 1140 1444 1202; x_wconf 82' lang='lat' dir='ltr'><strong>videbam</strong></span> <span class='ocrx_word' id='word_1_69' title='bbox 1476 1158 1734 1222; x_wconf 87' lang='lat' dir='ltr'><strong>semper,</strong></span> <span class='ocrx_word' id='word_1_70' title='bbox 1754 1162 1906 1220; x_wconf 81' lang='lat' dir='ltr'><strong>gau-</strong></span> 
     </span>
    </p>
   </div>
   <div class='ocr_carea' id='block_1_10' title="bbox 240 1224 1909 1309">
    <p class='ocr_par' dir='ltr' id='par_1_10' title="bbox 240 1224 1909 1309">
     <span class='ocr_line' id='line_1_10' title="bbox 240 1224 1909 1309; baseline 0.005 -25"><span class='ocrx_word' id='word_1_71' title='bbox 240 1224 587 1305; x_wconf 85' lang='lat' dir='ltr'><strong>debamque</strong></span> <span class='ocrx_word' id='word_1_72' title='bbox 617 1227 898 1304; x_wconf 82' lang='lat' dir='ltr'><strong>gaudium</strong></span> <span class='ocrx_word' id='word_1_73' title='bbox 932 1228 1373 1309; x_wconf 70' lang='lat' dir='ltr'><strong>inextilicabile,</strong></span> <span class='ocrx_word' id='word_1_74' title='bbox 1400 1229 1606 1292; x_wconf 86' lang='lat' dir='ltr'><strong>videns</strong></span> <span class='ocrx_word' id='word_1_75' title='bbox 1624 1231 1789 1293; x_wconf 91' lang='lat' dir='ltr'><strong>illum</strong></span> <span class='ocrx_word' id='word_1_76' title='bbox 1815 1239 1909 1293; x_wconf 91' lang='lat' dir='ltr'><strong>tua</strong></span> 
     </span>
    </p>
   </div>
   <div class='ocr_carea' id='block_1_11' title="bbox 237 1317 1910 1400">
    <p class='ocr_par' dir='ltr' id='par_1_11' title="bbox 237 1317 1910 1400">
     <span class='ocr_line' id='line_1_11' title="bbox 237 1317 1910 1400; baseline 0.005 -26"><span class='ocrx_word' id='word_1_77' title='bbox 237 1323 692 1400; x_wconf 67' lang='lat' dir='ltr'><strong>consectantem</strong></span> <span class='ocrx_word' id='word_1_78' title='bbox 730 1317 1005 1396; x_wconf 86' lang='lat' dir='ltr'><strong>vestigia,</strong></span> <span class='ocrx_word' id='word_1_79' title='bbox 1037 1327 1093 1379; x_wconf 88' lang='lat' dir='ltr'><strong>et</strong></span> <span class='ocrx_word' id='word_1_80' title='bbox 1116 1331 1314 1380; x_wconf 88' lang='lat' dir='ltr'><strong>tecum</strong></span> <span class='ocrx_word' id='word_1_81' title='bbox 1340 1320 1779 1400; x_wconf 88' lang='lat' dir='ltr'><strong>colloquentem</strong></span> <span class='ocrx_word' id='word_1_82' title='bbox 1805 1340 1910 1382; x_wconf 68' lang='lat' dir='ltr'><strong>sce-</strong></span> 
     </span>
    </p>
   </div>
   <div class='ocr_carea' id='block_1_12' title="bbox 240 1398 1905 1488">
    <p class='ocr_par' dir='ltr' id='par_1_12' title="bbox 240 1398 1905 1488">
     <span class='ocr_line' id='line_1_12' title="bbox 240 1398 1905 1488; baseline 0.005 -26"><span class='ocrx_word' id='word_1_83' title='bbox 240 1398 402 1480; x_wconf 84' lang='lat' dir='ltr'><strong>pius.</strong></span> <span class='ocrx_word' id='word_1_84' title='bbox 437 1403 593 1476; x_wconf 91' lang='lat' dir='ltr'><strong>Quin</strong></span> <span class='ocrx_word' id='word_1_85' title='bbox 624 1405 800 1466; x_wconf 85' lang='lat' dir='ltr'><strong>etiam</strong></span> <span class='ocrx_word' id='word_1_86' title='bbox 834 1407 1066 1487; x_wconf 93' lang='lat' dir='ltr'><strong>videns,</strong></span> <span class='ocrx_word' id='word_1_87' title='bbox 1099 1420 1152 1470; x_wconf 89' lang='lat' dir='ltr'><strong>te</strong></span> <span class='ocrx_word' id='word_1_88' title='bbox 1211 1407 1372 1488; x_wconf 90' lang='lat' dir='ltr'><strong>pium</strong></span> <span class='ocrx_word' id='word_1_89' title='bbox 1424 1398 1738 1471; x_wconf 80' lang='lat' dir='ltr'><strong>Dominum</strong></span> <span class='ocrx_word' id='word_1_90' title='bbox 1773 1429 1905 1471; x_wconf 92' lang='lat' dir='ltr'><strong>cum</strong></span> 
     </span>
    </p>
   </div>
   <div class='ocr_carea' id='block_1_13' title="bbox 237 1491 1903 1581">
    <p class='ocr_par' dir='ltr' id='par_1_13' title="bbox 237 1491 1903 1581">
     <span class='ocr_line' id='line_1_13' title="bbox 237 1491 1903 1581; baseline 0.005 -30"><span class='ocrx_word' id='word_1_91' title='bbox 237 1491 420 1581; x_wconf 84' lang='lat' dir='ltr'><strong>duce,</strong></span> <span class='ocrx_word' id='word_1_92' title='bbox 446 1503 507 1553; x_wconf 90' lang='lat' dir='ltr'><strong>et</strong></span> <span class='ocrx_word' id='word_1_93' title='bbox 526 1491 699 1556; x_wconf 87' lang='lat' dir='ltr'><strong>Patre</strong></span> <span class='ocrx_word' id='word_1_94' title='bbox 718 1495 856 1557; x_wconf 83' lang='lat' dir='ltr'><strong>meo</strong></span> <span class='ocrx_word' id='word_1_95' title='bbox 874 1497 1168 1578; x_wconf 77' lang='lat' dir='ltr'><strong>spirituali</strong></span> <span class='ocrx_word' id='word_1_96' title='bbox 1185 1506 1517 1560; x_wconf 87' lang='lat' dir='ltr'><strong>versantem</strong></span> <span class='ocrx_word' id='word_1_97' title='bbox 1535 1498 1903 1581; x_wconf 74' lang='lat' dir='ltr'><strong>familiarius,</strong></span> 
     </span>
    </p>
   </div>
   <div class='ocr_carea' id='block_1_14' title="bbox 236 1579 1904 1668">
    <p class='ocr_par' dir='ltr' id='par_1_14' title="bbox 236 1579 1904 1668">
     <span class='ocr_line' id='line_1_14' title="bbox 236 1579 1904 1668; baseline 0.007 -29"><span class='ocrx_word' id='word_1_98' title='bbox 236 1579 630 1660; x_wconf 89' lang='lat' dir='ltr'><strong>immensum,</strong></span> <span class='ocrx_word' id='word_1_99' title='bbox 660 1603 956 1666; x_wconf 82' lang='lat' dir='ltr'><strong>supraque</strong></span> <span class='ocrx_word' id='word_1_100' title='bbox 974 1587 1152 1648; x_wconf 86' lang='lat' dir='ltr'><strong>ﬁdem</strong></span> <span class='ocrx_word' id='word_1_101' title='bbox 1195 1595 1437 1667; x_wconf 90' lang='lat' dir='ltr'><strong>etspem</strong></span> <span class='ocrx_word' id='word_1_102' title='bbox 1457 1588 1704 1668; x_wconf 88' lang='lat' dir='ltr'><strong>concepi</strong></span> <span class='ocrx_word' id='word_1_103' title='bbox 1735 1579 1904 1652; x_wconf 51' lang='lat' dir='ltr'><strong>amo?</strong></span> 
     </span>
    </p>
   </div>
   <div class='ocr_carea' id='block_1_15' title="bbox 233 1671 1898 1756">
    <p class='ocr_par' dir='ltr' id='par_1_15' title="bbox 233 1671 1898 1756">
     <span class='ocr_line' id='line_1_15' title="bbox 233 1671 1898 1756; baseline 0.005 -27"><span class='ocrx_word' id='word_1_104' title='bbox 233 1688 365 1730; x_wconf 90' lang='lat' dir='ltr'><strong>rem</strong></span> <span class='ocrx_word' id='word_1_105' title='bbox 382 1689 452 1732; x_wconf 86' lang='lat' dir='ltr'><strong>ac</strong></span> <span class='ocrx_word' id='word_1_106' title='bbox 466 1671 830 1734; x_wconf 84' lang='lat' dir='ltr'><strong>desiderium</strong></span> <span class='ocrx_word' id='word_1_107' title='bbox 852 1675 956 1750; x_wconf 90' lang='lat' dir='ltr'><strong>tui;</strong></span> <span class='ocrx_word' id='word_1_108' title='bbox 975 1675 1482 1756; x_wconf 88' lang='lat' dir='ltr'><strong>dicebamque,En</strong></span> <span class='ocrx_word' id='word_1_109' title='bbox 1502 1677 1898 1752; x_wconf 79' lang='lat' dir='ltr'><strong>futuravideo,</strong></span> 
     </span>
    </p>
   </div>
   <div class='ocr_carea' id='block_1_16' title="bbox 236 1763 1901 1846">
    <p class='ocr_par' dir='ltr' id='par_1_16' title="bbox 236 1763 1901 1846">
     <span class='ocr_line' id='line_1_16' title="bbox 236 1763 1901 1846; baseline 0.006 -28"><span class='ocrx_word' id='word_1_110' title='bbox 236 1767 295 1818; x_wconf 92' lang='lat' dir='ltr'><strong>et</strong></span> <span class='ocrx_word' id='word_1_111' title='bbox 315 1778 575 1836; x_wconf 83' lang='lat' dir='ltr'><strong>regnum</strong></span> <span class='ocrx_word' id='word_1_112' title='bbox 605 1763 889 1824; x_wconf 73' lang='lat' dir='ltr'><strong>cmlorum</strong></span> <span class='ocrx_word' id='word_1_113' title='bbox 911 1765 1104 1842; x_wconf 85' lang='lat' dir='ltr'><strong>adest,</strong></span> <span class='ocrx_word' id='word_1_114' title='bbox 1122 1775 1182 1826; x_wconf 84' lang='lat' dir='ltr'><strong>et</strong></span> <span class='ocrx_word' id='word_1_115' title='bbox 1219 1765 1376 1826; x_wconf 90' lang='lat' dir='ltr'><strong>bona</strong></span> <span class='ocrx_word' id='word_1_116' title='bbox 1395 1785 1524 1846; x_wconf 85' lang='lat' dir='ltr'><strong>quae</strong></span> <span class='ocrx_word' id='word_1_117' title='bbox 1545 1767 1751 1828; x_wconf 88' lang='lat' dir='ltr'><strong>oculus</strong></span> <span class='ocrx_word' id='word_1_118' title='bbox 1782 1787 1901 1828; x_wconf 92' lang='lat' dir='ltr'><strong>non</strong></span> 
     </span>
    </p>
   </div>
   <div class='ocr_carea' id='block_1_17' title="bbox 1993 693 3652 777">
    <p class='ocr_par' dir='ltr' id='par_1_17' title="bbox 1993 693 3652 777">
     <span class='ocr_line' id='line_1_17' title="bbox 1993 693 3652 777; baseline 0.002 -23"><span class='ocrx_word' id='word_1_119' title='bbox 1993 693 2056 754; x_wconf 91' lang='lat' dir='ltr'><strong>in</strong></span> <span class='ocrx_word' id='word_1_120' title='bbox 2076 693 2566 775; x_wconf 89' lang='lat' dir='ltr'><strong>corruptibilibus</strong></span> <span class='ocrx_word' id='word_1_121' title='bbox 2588 695 3134 777; x_wconf 89' lang='lat' dir='ltr'><strong>incorruptibilem,</strong></span> <span class='ocrx_word' id='word_1_122' title='bbox 3153 697 3214 757; x_wconf 92' lang='lat' dir='ltr'><strong>in</strong></span> <span class='ocrx_word' id='word_1_123' title='bbox 3247 697 3534 758; x_wconf 87' lang='lat' dir='ltr'><strong>creaturis</strong></span> <span class='ocrx_word' id='word_1_124' title='bbox 3556 699 3652 758; x_wconf 93' lang='lat' dir='ltr'><strong>in-</strong></span> 
     </span>
    </p>
   </div>
   <div class='ocr_carea' id='block_1_18' title="bbox 1994 783 3652 866">
    <p class='ocr_par' dir='ltr' id='par_1_18' title="bbox 1994 783 3652 866">
     <span class='ocr_line' id='line_1_18' title="bbox 1994 783 3652 866; baseline 0.001 -22"><span class='ocrx_word' id='word_1_125' title='bbox 1994 790 2282 858; x_wconf 86' lang='lat' dir='ltr'><strong>creatum,</strong></span> <span class='ocrx_word' id='word_1_126' title='bbox 2317 783 2413 845; x_wconf 91' lang='lat' dir='ltr'><strong>dic</strong></span> <span class='ocrx_word' id='word_1_127' title='bbox 2445 785 2591 846; x_wconf 90' lang='lat' dir='ltr'><strong>mihi</strong></span> <span class='ocrx_word' id='word_1_128' title='bbox 2638 804 2754 865; x_wconf 90' lang='lat' dir='ltr'><strong>quo</strong></span> <span class='ocrx_word' id='word_1_129' title='bbox 2807 794 2976 866; x_wconf 88' lang='lat' dir='ltr'><strong>pacto</strong></span> <span class='ocrx_word' id='word_1_130' title='bbox 3032 785 3330 866; x_wconf 89' lang='lat' dir='ltr'><strong>reperiam</strong></span> <span class='ocrx_word' id='word_1_131' title='bbox 3363 784 3389 848; x_wconf 86' lang='lat'><strong>?</strong></span> <span class='ocrx_word' id='word_1_132' title='bbox 3445 785 3556 857; x_wconf 88' lang='lat' dir='ltr'><strong>Qui</strong></span> <span class='ocrx_word' id='word_1_133' title='bbox 3589 788 3652 847; x_wconf 93' lang='lat' dir='ltr'><strong>in</strong></span> 
     </span>
    </p>
   </div>
   <div class='ocr_carea' id='block_1_19' title="bbox 1994 871 3654 954">
    <p class='ocr_par' dir='ltr' id='par_1_19' title="bbox 1994 871 3654 954">
     <span class='ocr_line' id='line_1_19' title="bbox 1994 871 3654 954; baseline 0.003 -23"><span class='ocrx_word' id='word_1_134' title='bbox 1994 871 2220 932; x_wconf 90' lang='lat' dir='ltr'><strong>mundo</strong></span> <span class='ocrx_word' id='word_1_135' title='bbox 2252 890 2407 949; x_wconf 88' lang='lat' dir='ltr'><strong>sum,</strong></span> <span class='ocrx_word' id='word_1_136' title='bbox 2442 875 2737 954; x_wconf 93' lang='lat' dir='ltr'><strong>quomodo</strong></span> <span class='ocrx_word' id='word_1_137' title='bbox 2772 882 2936 936; x_wconf 86' lang='lat' dir='ltr'><strong>extra</strong></span> <span class='ocrx_word' id='word_1_138' title='bbox 2981 874 3271 936; x_wconf 92' lang='lat' dir='ltr'><strong>mundum</strong></span> <span class='ocrx_word' id='word_1_139' title='bbox 3323 892 3424 936; x_wconf 91' lang='lat' dir='ltr'><strong>ero</strong></span> <span class='ocrx_word' id='word_1_140' title='bbox 3453 874 3484 934; x_wconf 88' lang='lat'><strong>?</strong></span> <span class='ocrx_word' id='word_1_141' title='bbox 3540 874 3654 947; x_wconf 88' lang='lat' dir='ltr'><strong>Qui</strong></span> 
     </span>
    </p>
   </div>
   <div class='ocr_carea' id='block_1_20' title="bbox 1995 960 3651 1045">
    <p class='ocr_par' dir='ltr' id='par_1_20' title="bbox 1995 960 3651 1045">
     <span class='ocr_line' id='line_1_20' title="bbox 1995 960 3651 1045; baseline 0.004 -25"><span class='ocrx_word' id='word_1_142' title='bbox 1995 960 2256 1022; x_wconf 84' lang='lat' dir='ltr'><strong>materiae</strong></span> <span class='ocrx_word' id='word_1_143' title='bbox 2284 961 2627 1042; x_wconf 89' lang='lat' dir='ltr'><strong>implicatus</strong></span> <span class='ocrx_word' id='word_1_144' title='bbox 2659 982 2814 1039; x_wconf 90' lang='lat' dir='ltr'><strong>sum,</strong></span> <span class='ocrx_word' id='word_1_145' title='bbox 2877 963 3173 1045; x_wconf 91' lang='lat' dir='ltr'><strong>quomodo</strong></span> <span class='ocrx_word' id='word_1_146' title='bbox 3205 983 3338 1025; x_wconf 89' lang='lat' dir='ltr'><strong>cutn</strong></span> <span class='ocrx_word' id='word_1_147' title='bbox 3371 963 3651 1026; x_wconf 87' lang='lat' dir='ltr'><strong>immate-</strong></span> 
     </span>
    </p>
   </div>
   <div class='ocr_carea' id='block_1_21' title="bbox 1991 1048 3652 1133">
    <p class='ocr_par' dir='ltr' id='par_1_21' title="bbox 1991 1048 3652 1133">
     <span class='ocr_line' id='line_1_21' title="bbox 1991 1048 3652 1133; baseline 0.002 -23"><span class='ocrx_word' id='word_1_148' title='bbox 1991 1048 2124 1110; x_wconf 83' lang='lat' dir='ltr'><strong>riali</strong></span> <span class='ocrx_word' id='word_1_149' title='bbox 2156 1051 2550 1112; x_wconf 88' lang='lat' dir='ltr'><strong>consociabor</strong></span> <span class='ocrx_word' id='word_1_150' title='bbox 2579 1051 2604 1114; x_wconf 68' lang='grc' dir='ltr'><em>ἲ</em></span> <span class='ocrx_word' id='word_1_151' title='bbox 2633 1051 2748 1125; x_wconf 85' lang='lat' dir='ltr'><strong>Qui</strong></span> <span class='ocrx_word' id='word_1_152' title='bbox 2777 1061 2940 1116; x_wconf 93' lang='lat' dir='ltr'><strong>totus</strong></span> <span class='ocrx_word' id='word_1_153' title='bbox 2972 1072 3101 1114; x_wconf 90' lang='lat' dir='ltr'><strong>sum</strong></span> <span class='ocrx_word' id='word_1_154' title='bbox 3135 1052 3506 1133; x_wconf 89' lang='lat' dir='ltr'><strong>corruptioni</strong></span> <span class='ocrx_word' id='word_1_155' title='bbox 3551 1052 3652 1114; x_wconf 91' lang='lat' dir='ltr'><strong>ob-</strong></span> 
     </span>
    </p>
   </div>
   <div class='ocr_carea' id='block_1_22' title="bbox 1991 1140 3640 1222">
    <p class='ocr_par' dir='ltr' id='par_1_22' title="bbox 1991 1140 3640 1222">
     <span class='ocr_line' id='line_1_22' title="bbox 1991 1140 3640 1222; baseline 0.004 -25"><span class='ocrx_word' id='word_1_156' title='bbox 1991 1141 2220 1212; x_wconf 85' lang='lat' dir='ltr'><strong>noxius,</strong></span> <span class='ocrx_word' id='word_1_157' title='bbox 2249 1140 2547 1220; x_wconf 91' lang='lat' dir='ltr'><strong>quomodo</strong></span> <span class='ocrx_word' id='word_1_158' title='bbox 2573 1160 2705 1202; x_wconf 90' lang='lat' dir='ltr'><strong>cum</strong></span> <span class='ocrx_word' id='word_1_159' title='bbox 2728 1141 3002 1204; x_wconf 89' lang='lat' dir='ltr'><strong>interitus</strong></span> <span class='ocrx_word' id='word_1_160' title='bbox 3033 1141 3228 1204; x_wconf 91' lang='lat' dir='ltr'><strong>omnis</strong></span> <span class='ocrx_word' id='word_1_161' title='bbox 3252 1149 3496 1222; x_wconf 84' lang='lat' dir='ltr'><strong>experte</strong></span> <span class='ocrx_word' id='word_1_162' title='bbox 3527 1142 3640 1203; x_wconf 91' lang='lat' dir='ltr'><strong>de-</strong></span> 
     </span>
    </p>
   </div>
   <div class='ocr_carea' id='block_1_23' title="bbox 1993 1227 3648 1312">
    <p class='ocr_par' dir='ltr' id='par_1_23' title="bbox 1993 1227 3648 1312">
     <span class='ocr_line' id='line_1_23' title="bbox 1993 1227 3648 1312; baseline 0.004 -27"><span class='ocrx_word' id='word_1_163' title='bbox 1993 1227 2263 1291; x_wconf 84' lang='lat' dir='ltr'><strong>vinciar?</strong></span> <span class='ocrx_word' id='word_1_164' title='bbox 2294 1227 2406 1301; x_wconf 88' lang='lat' dir='ltr'><strong>Qui</strong></span> <span class='ocrx_word' id='word_1_165' title='bbox 2441 1249 2571 1290; x_wconf 82' lang='lat' dir='ltr'><strong>sum</strong></span> <span class='ocrx_word' id='word_1_166' title='bbox 2605 1231 2666 1290; x_wconf 90' lang='lat' dir='ltr'><strong>in</strong></span> <span class='ocrx_word' id='word_1_167' title='bbox 2700 1238 2910 1307; x_wconf 91' lang='lat' dir='ltr'><strong>morte,</strong></span> <span class='ocrx_word' id='word_1_168' title='bbox 2937 1231 3238 1312; x_wconf 89' lang='lat' dir='ltr'><strong>quomodo</strong></span> <span class='ocrx_word' id='word_1_169' title='bbox 3260 1231 3498 1292; x_wconf 87' lang='lat' dir='ltr'><strong>tandem</strong></span> <span class='ocrx_word' id='word_1_170' title='bbox 3516 1231 3648 1292; x_wconf 66' lang='lat' dir='ltr'><strong>vitae</strong></span> 
     </span>
    </p>
   </div>
   <div class='ocr_carea' id='block_1_24' title="bbox 1991 1317 3646 1401">
    <p class='ocr_par' dir='ltr' id='par_1_24' title="bbox 1991 1317 3646 1401">
     <span class='ocr_line' id='line_1_24' title="bbox 1991 1317 3646 1401; baseline 0.002 -24"><span class='ocrx_word' id='word_1_171' title='bbox 1991 1317 2527 1398; x_wconf 84' lang='lat' dir='ltr'><strong>appropinquabo?</strong></span> <span class='ocrx_word' id='word_1_172' title='bbox 2545 1319 2666 1399; x_wconf 87' lang='lat' dir='ltr'><strong>Ego</strong></span> <span class='ocrx_word' id='word_1_173' title='bbox 2681 1329 2974 1396; x_wconf 90' lang='lat' dir='ltr'><strong>mortuus,</strong></span> <span class='ocrx_word' id='word_1_174' title='bbox 3003 1319 3304 1401; x_wconf 91' lang='lat' dir='ltr'><strong>quomodo</strong></span> <span class='ocrx_word' id='word_1_175' title='bbox 3318 1319 3646 1382; x_wconf 87' lang='lat' dir='ltr'><strong>immortali</strong></span> 
     </span>
    </p>
   </div>
   <div class='ocr_carea' id='block_1_25' title="bbox 1993 1405 3648 1489">
    <p class='ocr_par' dir='ltr' id='par_1_25' title="bbox 1993 1405 3648 1489">
     <span class='ocr_line' id='line_1_25' title="bbox 1993 1405 3648 1489; baseline 0.004 -24"><span class='ocrx_word' id='word_1_176' title='bbox 1993 1405 2237 1486; x_wconf 89' lang='lat' dir='ltr'><strong>propior</strong></span> <span class='ocrx_word' id='word_1_177' title='bbox 2269 1407 2462 1468; x_wconf 81' lang='lat' dir='ltr'><strong>ﬁam?</strong></span> <span class='ocrx_word' id='word_1_178' title='bbox 2518 1406 2630 1479; x_wconf 90' lang='lat' dir='ltr'><strong>Qui</strong></span> <span class='ocrx_word' id='word_1_179' title='bbox 2689 1415 2846 1470; x_wconf 94' lang='lat' dir='ltr'><strong>totus</strong></span> <span class='ocrx_word' id='word_1_180' title='bbox 2903 1428 3030 1470; x_wconf 91' lang='lat' dir='ltr'><strong>sum</strong></span> <span class='ocrx_word' id='word_1_181' title='bbox 3085 1411 3313 1483; x_wconf 82' lang='lat' dir='ltr'><strong>fenum,</strong></span> <span class='ocrx_word' id='word_1_182' title='bbox 3350 1409 3648 1489; x_wconf 88' lang='lat' dir='ltr'><strong>quomodo</strong></span> 
     </span>
    </p>
   </div>
   <div class='ocr_carea' id='block_1_26' title="bbox 1989 1493 3651 1574">
    <p class='ocr_par' dir='ltr' id='par_1_26' title="bbox 1989 1493 3651 1574">
     <span class='ocr_line' id='line_1_26' title="bbox 1989 1493 3651 1574; baseline 0.004 -20"><span class='ocrx_word' id='word_1_183' title='bbox 1989 1493 2189 1573; x_wconf 85' lang='lat' dir='ltr'><strong>ignem</strong></span> <span class='ocrx_word' id='word_1_184' title='bbox 2217 1503 2459 1574; x_wconf 85' lang='lat' dir='ltr'><strong>tangere</strong></span> <span class='ocrx_word' id='word_1_185' title='bbox 2477 1496 2710 1558; x_wconf 89' lang='lat' dir='ltr'><strong>audebo</strong></span> <span class='ocrx_word' id='word_1_186' title='bbox 2731 1504 2756 1560; x_wconf 90' lang='lat'><strong>?</strong></span> <span class='ocrx_word' id='word_1_187' title='bbox 2779 1497 3206 1560; x_wconf 85' lang='lat' dir='ltr'><strong>Verumtamen</strong></span> <span class='ocrx_word' id='word_1_188' title='bbox 3231 1516 3389 1560; x_wconf 90' lang='lat' dir='ltr'><strong>nunc</strong></span> <span class='ocrx_word' id='word_1_189' title='bbox 3406 1516 3651 1560; x_wconf 89' lang='lat' dir='ltr'><strong>arcano-</strong></span> 
     </span>
    </p>
   </div>
   <div class='ocr_carea' id='block_1_27' title="bbox 1989 1583 2802 1648">
    <p class='ocr_par' dir='ltr' id='par_1_27' title="bbox 1989 1583 2802 1648">
     <span class='ocr_line' id='line_1_27' title="bbox 1989 1583 2802 1648; baseline 0.002 -4"><span class='ocrx_word' id='word_1_190' title='bbox 1989 1601 2120 1645; x_wconf 92' lang='lat' dir='ltr'><strong>rum</strong></span> <span class='ocrx_word' id='word_1_191' title='bbox 2156 1583 2610 1646; x_wconf 89' lang='lat' dir='ltr'><strong>dissolutionem</strong></span> <span class='ocrx_word' id='word_1_192' title='bbox 2641 1586 2802 1648; x_wconf 90' lang='lat' dir='ltr'><strong>audi.</strong></span> 
     </span>
    </p>
   </div>
   <div class='ocr_carea' id='block_1_28' title="bbox 2069 1672 3648 1753">
    <p class='ocr_par' dir='ltr' id='par_1_28' title="bbox 2069 1672 3648 1753">
     <span class='ocr_line' id='line_1_28' title="bbox 2069 1672 3648 1753; baseline 0.003 -20"><span class='ocrx_word' id='word_1_193' title='bbox 2069 1672 2421 1753; x_wconf 85' lang='lat' dir='ltr'><strong>Priusquam</strong></span> <span class='ocrx_word' id='word_1_194' title='bbox 2455 1674 2671 1737; x_wconf 86' lang='lat' dir='ltr'><strong>coelum</strong></span> <span class='ocrx_word' id='word_1_195' title='bbox 2703 1684 2758 1736; x_wconf 90' lang='lat' dir='ltr'><strong>et</strong></span> <span class='ocrx_word' id='word_1_196' title='bbox 2813 1684 2969 1738; x_wconf 89' lang='lat' dir='ltr'><strong>terra</strong></span> <span class='ocrx_word' id='word_1_197' title='bbox 3027 1676 3456 1751; x_wconf 90' lang='lat' dir='ltr'><strong>conderentur,</strong></span> <span class='ocrx_word' id='word_1_198' title='bbox 3488 1676 3648 1739; x_wconf 92' lang='lat' dir='ltr'><strong>Deus</strong></span> 
     </span>
    </p>
   </div>
   <div class='ocr_carea' id='block_1_29' title="bbox 1990 1760 3638 1846">
    <p class='ocr_par' dir='ltr' id='par_1_29' title="bbox 1990 1760 3638 1846">
     <span class='ocr_line' id='line_1_29' title="bbox 1990 1760 3638 1846; baseline 0.003 -25"><span class='ocrx_word' id='word_1_199' title='bbox 1990 1770 2116 1823; x_wconf 91' lang='lat' dir='ltr'><strong>erat</strong></span> <span class='ocrx_word' id='word_1_200' title='bbox 2137 1760 2421 1835; x_wconf 88' lang='lat' dir='ltr'><strong>Trinitas,</strong></span> <span class='ocrx_word' id='word_1_201' title='bbox 2443 1763 2605 1825; x_wconf 92' lang='lat' dir='ltr'><strong>solus</strong></span> <span class='ocrx_word' id='word_1_202' title='bbox 2629 1761 2758 1825; x_wconf 91' lang='lat' dir='ltr'><strong>sine</strong></span> <span class='ocrx_word' id='word_1_203' title='bbox 2781 1765 2966 1840; x_wconf 90' lang='lat' dir='ltr'><strong>socio,</strong></span> <span class='ocrx_word' id='word_1_204' title='bbox 3015 1764 3115 1826; x_wconf 90' lang='lat' dir='ltr'><strong>lux</strong></span> <span class='ocrx_word' id='word_1_205' title='bbox 3151 1765 3282 1827; x_wconf 91' lang='lat' dir='ltr'><strong>sine</strong></span> <span class='ocrx_word' id='word_1_206' title='bbox 3314 1765 3638 1846; x_wconf 89' lang='lat' dir='ltr'><strong>principio,</strong></span> 
     </span>
    </p>
   </div>
   <div class='ocr_carea' id='block_1_30' title="bbox 235 1832 3640 1936">
    <p class='ocr_par' dir='ltr' id='par_1_30' title="bbox 235 1832 3640 1936">
     <span class='ocr_line' id='line_1_30' title="bbox 235 1832 3640 1936; baseline 0.003 -32"><span class='ocrx_word' id='word_1_207' title='bbox 235 1832 601 1922; x_wconf 44' lang='lat' dir='ltr'><strong>VidiIIauris</strong></span> <span class='ocrx_word' id='word_1_208' title='bbox 631 1870 748 1912; x_wconf 82' lang='lat' dir='ltr'><strong>nun</strong></span> <span class='ocrx_word' id='word_1_209' title='bbox 780 1832 1109 1927; x_wconf 74' lang='lat' dir='ltr'><strong>audivit</strong></span> <span class='ocrx_word' id='word_1_210' title='bbox 1144 1873 1343 1915; x_wconf 82' lang='lat' dir='ltr'><strong>coram</strong></span> <span class='ocrx_word' id='word_1_211' title='bbox 1373 1832 1622 1935; x_wconf 41' lang='lat' dir='ltr'><strong>aspicio,</strong></span> <span class='ocrx_word' id='word_1_212' title='bbox 1657 1856 1902 1936; x_wconf 77' lang='lat' dir='ltr'><strong>ipsaque</strong></span> <span class='ocrx_word' id='word_1_213' title='bbox 1925 1832 1963 1879; x_wconf 80' lang='grc' dir='ltr'><strong>Β</strong></span> <span class='ocrx_word' id='word_1_214' title='bbox 1985 1849 2082 1910; x_wconf 89' lang='lat' dir='ltr'><strong>lux</strong></span> <span class='ocrx_word' id='word_1_215' title='bbox 2112 1849 2400 1926; x_wconf 90' lang='lat' dir='ltr'><strong>increata,</strong></span> <span class='ocrx_word' id='word_1_216' title='bbox 2435 1850 2532 1913; x_wconf 86' lang='lat' dir='ltr'><strong>lux</strong></span> <span class='ocrx_word' id='word_1_217' title='bbox 2566 1852 2802 1931; x_wconf 91' lang='lat' dir='ltr'><strong>penitus</strong></span> <span class='ocrx_word' id='word_1_218' title='bbox 2852 1852 3200 1927; x_wconf 76' lang='lat' dir='ltr'><strong>ineffabilis,</strong></span> <span class='ocrx_word' id='word_1_219' title='bbox 3253 1832 3412 1915; x_wconf 66' lang='grc' dir='ltr'><strong>Βέυε</strong></span> <span class='ocrx_word' id='word_1_220' title='bbox 3443 1832 3640 1930; x_wconf 70' lang='lat' dir='ltr'><strong>verus,</strong></span> 
     </span>
    </p>
   </div>
   <div class='ocr_carea' id='block_1_31' title="bbox 234 1936 1900 2023">
    <p class='ocr_par' dir='ltr' id='par_1_31' title="bbox 234 1936 1900 2023">
     <span class='ocr_line' id='line_1_31' title="bbox 234 1936 1900 2023; baseline 0.007 -27"><span class='ocrx_word' id='word_1_221' title='bbox 234 1936 434 1999; x_wconf 88' lang='lat' dir='ltr'><strong>habeo</strong></span> <span class='ocrx_word' id='word_1_222' title='bbox 465 1959 482 2014; x_wconf 89' lang='lat'><strong>;</strong></span> <span class='ocrx_word' id='word_1_223' title='bbox 511 1946 569 2000; x_wconf 87' lang='lat' dir='ltr'><strong>et</strong></span> <span class='ocrx_word' id='word_1_224' title='bbox 599 1940 740 2020; x_wconf 87' lang='lat' dir='ltr'><strong>quid</strong></span> <span class='ocrx_word' id='word_1_225' title='bbox 763 1943 1020 2022; x_wconf 89' lang='lat' dir='ltr'><strong>amplius</strong></span> <span class='ocrx_word' id='word_1_226' title='bbox 1045 1941 1263 2023; x_wconf 82' lang='lat' dir='ltr'><strong>spero?</strong></span> <span class='ocrx_word' id='word_1_227' title='bbox 1297 1953 1397 2006; x_wconf 92' lang='lat' dir='ltr'><strong>aut</strong></span> <span class='ocrx_word' id='word_1_228' title='bbox 1419 1946 1595 2005; x_wconf 77' lang='lat' dir='ltr'><strong>(idem</strong></span> <span class='ocrx_word' id='word_1_229' title='bbox 1629 1964 1818 2006; x_wconf 89' lang='lat' dir='ltr'><strong>meam</strong></span> <span class='ocrx_word' id='word_1_230' title='bbox 1841 1946 1900 2007; x_wconf 93' lang='lat' dir='ltr'><strong>in</strong></span> 
     </span>
    </p>
   </div>
   <div class='ocr_carea' id='block_1_32' title="bbox 1984 1938 3642 2022">
    <p class='ocr_par' dir='ltr' id='par_1_32' title="bbox 1984 1938 3642 2022">
     <span class='ocr_line' id='line_1_32' title="bbox 1984 1938 3642 2022; baseline 0.004 -24"><span class='ocrx_word' id='word_1_231' title='bbox 1984 1938 2144 2000; x_wconf 91' lang='lat' dir='ltr'><strong>solus</strong></span> <span class='ocrx_word' id='word_1_232' title='bbox 2162 1939 2647 2012; x_wconf 85' lang='lat' dir='ltr'><strong>interminabilis,</strong></span> <span class='ocrx_word' id='word_1_233' title='bbox 2671 1943 3642 2022; x_wconf 87' lang='lat' dir='ltr'><strong>perpetuus,sempiternus,longe</strong></span> 
     </span>
    </p>
   </div>
   <div class='ocr_carea' id='block_1_33' title="bbox 235 2027 1893 2115">
    <p class='ocr_par' dir='ltr' id='par_1_33' title="bbox 235 2027 1893 2115">
     <span class='ocr_line' id='line_1_33' title="bbox 235 2027 1893 2115; baseline 0.007 -30"><span class='ocrx_word' id='word_1_234' title='bbox 235 2027 466 2106; x_wconf 86' lang='lat' dir='ltr'><strong>quibus</strong></span> <span class='ocrx_word' id='word_1_235' title='bbox 495 2028 630 2090; x_wconf 89' lang='lat' dir='ltr'><strong>aliis</strong></span> <span class='ocrx_word' id='word_1_236' title='bbox 662 2032 1134 2094; x_wconf 85' lang='lat' dir='ltr'><strong>demonstrabo?</strong></span> <span class='ocrx_word' id='word_1_237' title='bbox 1163 2034 1320 2096; x_wconf 89' lang='lat' dir='ltr'><strong>aliud</strong></span> <span class='ocrx_word' id='word_1_238' title='bbox 1345 2035 1564 2115; x_wconf 86' lang='lat' dir='ltr'><strong>quippe</strong></span> <span class='ocrx_word' id='word_1_239' title='bbox 1587 2035 1777 2114; x_wconf 82' lang='lat' dir='ltr'><strong>majus</strong></span> <span class='ocrx_word' id='word_1_240' title='bbox 1809 2036 1893 2096; x_wconf 79' lang='lat' dir='ltr'><strong>his</strong></span> 
     </span>
    </p>
   </div>
   <div class='ocr_carea' id='block_1_34' title="bbox 1980 2027 3646 2115">
    <p class='ocr_par' dir='ltr' id='par_1_34' title="bbox 1984 2027 3646 2115">
     <span class='ocr_line' id='line_1_34' title="bbox 1984 2027 3646 2115; baseline 0.004 -28"><span class='ocrx_word' id='word_1_241' title='bbox 1984 2027 2266 2115; x_wconf 81' lang='lat' dir='ltr'><strong>optimus.</strong></span> <span class='ocrx_word' id='word_1_242' title='bbox 2304 2028 2490 2090; x_wconf 83' lang='lat' dir='ltr'><strong>Recte</strong></span> <span class='ocrx_word' id='word_1_243' title='bbox 2519 2029 2790 2110; x_wconf 82' lang='lat' dir='ltr'><strong>intelligo</strong></span> <span class='ocrx_word' id='word_1_244' title='bbox 2823 2031 3014 2093; x_wconf 92' lang='lat' dir='ltr'><strong>Deum</strong></span> <span class='ocrx_word' id='word_1_245' title='bbox 3031 2033 3324 2106; x_wconf 91' lang='lat' dir='ltr'><strong>solum,in</strong></span> <span class='ocrx_word' id='word_1_246' title='bbox 3347 2032 3646 2115; x_wconf 86' lang='lat' dir='ltr'><strong>principio</strong></span> 
     </span>
    </p>
   </div>
   <div class='ocr_carea' id='block_1_35' title="bbox 237 2114 3644 2203">
    <p class='ocr_par' dir='ltr' id='par_1_35' title="bbox 237 2114 3644 2203">
     <span class='ocr_line' id='line_1_35' title="bbox 237 2114 3644 2203; baseline 0.004 -28"><span class='ocrx_word' id='word_1_247' title='bbox 237 2134 363 2176; x_wconf 88' lang='lat' dir='ltr'><strong>non</strong></span> <span class='ocrx_word' id='word_1_248' title='bbox 395 2117 533 2178; x_wconf 90' lang='lat' dir='ltr'><strong>erit.</strong></span> <span class='ocrx_word' id='word_1_249' title='bbox 572 2122 720 2182; x_wconf 75' lang='lat' dir='ltr'><strong>Cum</strong></span> <span class='ocrx_word' id='word_1_250' title='bbox 756 2120 815 2180; x_wconf 92' lang='lat' dir='ltr'><strong>in</strong></span> <span class='ocrx_word' id='word_1_251' title='bbox 844 2121 935 2182; x_wconf 90' lang='lat' dir='ltr'><strong>his</strong></span> <span class='ocrx_word' id='word_1_252' title='bbox 969 2142 1185 2196; x_wconf 91' lang='lat' dir='ltr'><strong>essem,</strong></span> <span class='ocrx_word' id='word_1_253' title='bbox 1220 2132 1278 2186; x_wconf 92' lang='lat' dir='ltr'><strong>et</strong></span> <span class='ocrx_word' id='word_1_254' title='bbox 1309 2114 1379 2183; x_wconf 87' lang='lat' dir='ltr'><strong>in</strong></span> <span class='ocrx_word' id='word_1_255' title='bbox 1403 2123 1494 2184; x_wconf 90' lang='lat' dir='ltr'><strong>his</strong></span> <span class='ocrx_word' id='word_1_256' title='bbox 1524 2123 1772 2184; x_wconf 81' lang='lat' dir='ltr'><strong>delicias</strong></span> <span class='ocrx_word' id='word_1_257' title='bbox 1788 2125 1895 2185; x_wconf 92' lang='lat' dir='ltr'><strong>ha-</strong></span> <span class='ocrx_word' id='word_1_258' title='bbox 1983 2114 2333 2177; x_wconf 72' lang='lat' dir='ltr'><strong>Trinitatem</strong></span> <span class='ocrx_word' id='word_1_259' title='bbox 2351 2118 2662 2199; x_wconf 81' lang='lat' dir='ltr'><strong>plusquam</strong></span> <span class='ocrx_word' id='word_1_260' title='bbox 2682 2120 2812 2182; x_wconf 90' lang='lat' dir='ltr'><strong>sine</strong></span> <span class='ocrx_word' id='word_1_261' title='bbox 2830 2121 3150 2202; x_wconf 81' lang='lat' dir='ltr'><strong>principio,</strong></span> <span class='ocrx_word' id='word_1_262' title='bbox 3171 2114 3430 2203; x_wconf 13' lang='lat' dir='ltr'><strong>etsup’er</strong></span> <span class='ocrx_word' id='word_1_263' title='bbox 3458 2140 3644 2183; x_wconf 87' lang='lat' dir='ltr'><strong>omne</strong></span> 
     </span>
    </p>
   </div>
   <div class='ocr_carea' id='block_1_36' title="bbox 238 2204 3642 2294">
    <p class='ocr_par' dir='ltr' id='par_1_36' title="bbox 238 2204 3642 2294">
     <span class='ocr_line' id='line_1_36' title="bbox 238 2204 3642 2294; baseline 0.004 -30"><span class='ocrx_word' id='word_1_264' title='bbox 238 2204 447 2266; x_wconf 87' lang='lat' dir='ltr'><strong>berem</strong></span> <span class='ocrx_word' id='word_1_265' title='bbox 468 2211 1218 2281; x_wconf 81' lang='lat' dir='ltr'><strong>meas,etterrissustulisti</strong></span> <span class='ocrx_word' id='word_1_266' title='bbox 1239 2221 1463 2294; x_wconf 88' lang='lat' dir='ltr'><strong>patrem</strong></span> <span class='ocrx_word' id='word_1_267' title='bbox 1491 2231 1722 2293; x_wconf 86' lang='lat' dir='ltr'><strong>meum;</strong></span> <span class='ocrx_word' id='word_1_268' title='bbox 1755 2213 1897 2273; x_wconf 93' lang='lat' dir='ltr'><strong>abs-</strong></span> <span class='ocrx_word' id='word_1_269' title='bbox 1983 2204 2368 2294; x_wconf 81' lang='lat' dir='ltr'><strong>prinCipium,</strong></span> <span class='ocrx_word' id='word_1_270' title='bbox 2409 2225 2586 2286; x_wconf 85' lang='lat' dir='ltr'><strong>quam</strong></span> <span class='ocrx_word' id='word_1_271' title='bbox 2635 2228 2810 2270; x_wconf 88' lang='lat' dir='ltr'><strong>nemo</strong></span> <span class='ocrx_word' id='word_1_272' title='bbox 2862 2210 3197 2288; x_wconf 83' lang='lat' dir='ltr'><strong>imaginari,</strong></span> <span class='ocrx_word' id='word_1_273' title='bbox 3239 2212 3407 2290; x_wconf 89' lang='lat' dir='ltr'><strong>cujus</strong></span> <span class='ocrx_word' id='word_1_274' title='bbox 3437 2211 3642 2273; x_wconf 87' lang='lat' dir='ltr'><strong>altitu-</strong></span> 
     </span>
    </p>
   </div>
   <div class='ocr_carea' id='block_1_37' title="bbox 234 2293 3644 2381">
    <p class='ocr_par' dir='ltr' id='par_1_37' title="bbox 234 2293 3644 2381">
     <span class='ocr_line' id='line_1_37' title="bbox 234 2293 3644 2381; baseline 0.004 -28"><span class='ocrx_word' id='word_1_275' title='bbox 234 2295 426 2355; x_wconf 90' lang='lat' dir='ltr'><strong>tulisti</strong></span> <span class='ocrx_word' id='word_1_276' title='bbox 458 2294 670 2357; x_wconf 86' lang='lat' dir='ltr'><strong>ducem</strong></span> <span class='ocrx_word' id='word_1_277' title='bbox 701 2317 898 2360; x_wconf 91' lang='lat' dir='ltr'><strong>meum</strong></span> <span class='ocrx_word' id='word_1_278' title='bbox 923 2300 995 2362; x_wconf 90' lang='lat' dir='ltr'><strong>ab</strong></span> <span class='ocrx_word' id='word_1_279' title='bbox 1018 2301 1208 2363; x_wconf 88' lang='lat' dir='ltr'><strong>oculis</strong></span> <span class='ocrx_word' id='word_1_280' title='bbox 1231 2293 1402 2375; x_wconf 89' lang='lat' dir='ltr'><strong>meis,</strong></span> <span class='ocrx_word' id='word_1_281' title='bbox 1423 2310 1479 2361; x_wconf 92' lang='lat' dir='ltr'><strong>et</strong></span> <span class='ocrx_word' id='word_1_282' title='bbox 1496 2301 1787 2381; x_wconf 88' lang='lat' dir='ltr'><strong>reliquisti</strong></span> <span class='ocrx_word' id='word_1_283' title='bbox 1803 2321 1897 2362; x_wconf 92' lang='lat' dir='ltr'><strong>me</strong></span> <span class='ocrx_word' id='word_1_284' title='bbox 1979 2293 2207 2375; x_wconf 80' lang='lat' dir='ltr'><strong>dinem,</strong></span> <span class='ocrx_word' id='word_1_285' title='bbox 2228 2295 2719 2376; x_wconf 72' lang='lat' dir='ltr'><strong>profunditatem,</strong></span> <span class='ocrx_word' id='word_1_286' title='bbox 2741 2297 3115 2361; x_wconf 75' lang='lat' dir='ltr'><strong>latitudinem</strong></span> <span class='ocrx_word' id='word_1_287' title='bbox 3135 2299 3522 2361; x_wconf 85' lang='lat' dir='ltr'><strong>metirinemo</strong></span> <span class='ocrx_word' id='word_1_288' title='bbox 3542 2319 3644 2380; x_wconf 92' lang='lat' dir='ltr'><strong>p0-</strong></span> 
     </span>
    </p>
   </div>
   <div class='ocr_carea' id='block_1_38' title="bbox 235 2384 3638 2472">
    <p class='ocr_par' dir='ltr' id='par_1_38' title="bbox 235 2384 3638 2472">
     <span class='ocr_line' id='line_1_38' title="bbox 235 2384 3638 2472; baseline 0.002 -30"><span class='ocrx_word' id='word_1_289' title='bbox 235 2385 456 2458; x_wconf 90' lang='lat' dir='ltr'><strong>solum,</strong></span> <span class='ocrx_word' id='word_1_290' title='bbox 493 2386 666 2464; x_wconf 89' lang='lat' dir='ltr'><strong>plane</strong></span> <span class='ocrx_word' id='word_1_291' title='bbox 699 2390 1054 2468; x_wconf 89' lang='lat' dir='ltr'><strong>orphanum,</strong></span> <span class='ocrx_word' id='word_1_292' title='bbox 1093 2393 1267 2465; x_wconf 91' lang='lat' dir='ltr'><strong>plane</strong></span> <span class='ocrx_word' id='word_1_293' title='bbox 1298 2391 1626 2472; x_wconf 90' lang='lat' dir='ltr'><strong>desertum,</strong></span> <span class='ocrx_word' id='word_1_294' title='bbox 1652 2400 1703 2452; x_wconf 92' lang='lat' dir='ltr'><strong>et</strong></span> <span class='ocrx_word' id='word_1_295' title='bbox 1733 2392 1896 2452; x_wconf 92' lang='lat' dir='ltr'><strong>omni</strong></span> <span class='ocrx_word' id='word_1_296' title='bbox 1981 2387 2112 2472; x_wconf 69' lang='lat' dir='ltr'><strong>test,</strong></span> <span class='ocrx_word' id='word_1_297' title='bbox 2141 2402 2389 2464; x_wconf 67' lang='lat' dir='ltr'><strong>quaeque</strong></span> <span class='ocrx_word' id='word_1_298' title='bbox 2411 2384 2862 2472; x_wconf 82' lang='lat' dir='ltr'><strong>magnitudinis,</strong></span> <span class='ocrx_word' id='word_1_299' title='bbox 2891 2394 2948 2447; x_wconf 89' lang='lat' dir='ltr'><strong>et</strong></span> <span class='ocrx_word' id='word_1_300' title='bbox 2974 2387 3124 2448; x_wconf 91' lang='lat' dir='ltr'><strong>lucis</strong></span> <span class='ocrx_word' id='word_1_301' title='bbox 3165 2387 3368 2464; x_wconf 87' lang='lat' dir='ltr'><strong>ﬁnem,</strong></span> <span class='ocrx_word' id='word_1_302' title='bbox 3405 2405 3475 2448; x_wconf 90' lang='lat' dir='ltr'><strong>ac</strong></span> <span class='ocrx_word' id='word_1_303' title='bbox 3508 2405 3638 2448; x_wconf 89' lang='lat' dir='ltr'><strong>mo-</strong></span> 
     </span>
    </p>
   </div>
   <div class='ocr_carea' id='block_1_39' title="bbox 240 2469 3634 2560">
    <p class='ocr_par' dir='ltr' id='par_1_39' title="bbox 240 2469 3634 2560">
     <span class='ocr_line' id='line_1_39' title="bbox 240 2469 3634 2560; baseline 0.003 -33"><span class='ocrx_word' id='word_1_304' title='bbox 240 2490 488 2550; x_wconf 85' lang='lat' dir='ltr'><strong>prorsus</strong></span> <span class='ocrx_word' id='word_1_305' title='bbox 509 2475 726 2537; x_wconf 73' lang='lat' dir='ltr'><strong>auxilio</strong></span> <span class='ocrx_word' id='word_1_306' title='bbox 749 2478 1064 2540; x_wconf 77' lang='lat' dir='ltr'><strong>destitum;</strong></span> <span class='ocrx_word' id='word_1_307' title='bbox 1121 2488 1179 2542; x_wconf 75' lang='lat' dir='ltr'><strong>et</strong></span> <span class='ocrx_word' id='word_1_308' title='bbox 1221 2481 1334 2542; x_wconf 76' lang='lat' dir='ltr'><strong>heu</strong></span> <span class='ocrx_word' id='word_1_309' title='bbox 1375 2498 1492 2544; x_wconf 65' lang='lat' dir='ltr'><strong>me,</strong></span> <span class='ocrx_word' id='word_1_310' title='bbox 1521 2469 1719 2560; x_wconf 56' lang='lat' dir='ltr'><strong>gregis</strong></span> <span class='ocrx_word' id='word_1_311' title='bbox 1749 2500 1897 2560; x_wconf 52' lang='lat' dir='ltr'><strong>pra}-</strong></span> <span class='ocrx_word' id='word_1_312' title='bbox 1979 2469 2368 2560; x_wconf 12' lang='lat' dir='ltr'><strong>duminullum</strong></span> <span class='ocrx_word' id='word_1_313' title='bbox 2391 2471 2589 2534; x_wconf 84' lang='lat' dir='ltr'><strong>habet.</strong></span> <span class='ocrx_word' id='word_1_314' title='bbox 2611 2472 2742 2534; x_wconf 89' lang='lat' dir='ltr'><strong>Non</strong></span> <span class='ocrx_word' id='word_1_315' title='bbox 2760 2482 2886 2535; x_wconf 92' lang='lat' dir='ltr'><strong>erat</strong></span> <span class='ocrx_word' id='word_1_316' title='bbox 2902 2493 3002 2535; x_wconf 92' lang='lat' dir='ltr'><strong>aer</strong></span> <span class='ocrx_word' id='word_1_317' title='bbox 3021 2483 3081 2536; x_wconf 91' lang='lat' dir='ltr'><strong>ut</strong></span> <span class='ocrx_word' id='word_1_318' title='bbox 3103 2494 3281 2552; x_wconf 91' lang='lat' dir='ltr'><strong>nunc,</strong></span> <span class='ocrx_word' id='word_1_319' title='bbox 3301 2495 3418 2537; x_wconf 92' lang='lat' dir='ltr'><strong>non</strong></span> <span class='ocrx_word' id='word_1_320' title='bbox 3437 2483 3634 2554; x_wconf 90' lang='lat' dir='ltr'><strong>erant,</strong></span> 
     </span>
    </p>
   </div>
   <div class='ocr_carea' id='block_1_40' title="bbox 237 2559 3630 2645">
    <p class='ocr_par' dir='ltr' id='par_1_40' title="bbox 237 2559 3630 2645">
     <span class='ocr_line' id='line_1_40' title="bbox 237 2559 3630 2645; baseline 0.005 -25"><span class='ocrx_word' id='word_1_321' title='bbox 237 2561 460 2622; x_wconf 83' lang='lat' dir='ltr'><strong>rectum</strong></span> <span class='ocrx_word' id='word_1_322' title='bbox 492 2582 560 2624; x_wconf 89' lang='lat' dir='ltr'><strong>ac</strong></span> <span class='ocrx_word' id='word_1_323' title='bbox 595 2574 917 2643; x_wconf 82' lang='lat' dir='ltr'><strong>pastorem,</strong></span> <span class='ocrx_word' id='word_1_324' title='bbox 946 2587 1042 2630; x_wconf 92' lang='lat' dir='ltr'><strong>me</strong></span> <span class='ocrx_word' id='word_1_325' title='bbox 1062 2577 1295 2631; x_wconf 80' lang='lat' dir='ltr'><strong>rectore</strong></span> <span class='ocrx_word' id='word_1_326' title='bbox 1337 2587 1404 2630; x_wconf 87' lang='lat' dir='ltr'><strong>ac</strong></span> <span class='ocrx_word' id='word_1_327' title='bbox 1429 2577 1621 2629; x_wconf 86' lang='lat' dir='ltr'><strong>tutore</strong></span> <span class='ocrx_word' id='word_1_328' title='bbox 1645 2559 1780 2630; x_wconf 84' lang='lat' dir='ltr'><strong>vere</strong></span> <span class='ocrx_word' id='word_1_329' title='bbox 1803 2571 1892 2630; x_wconf 89' lang='lat' dir='ltr'><strong>vi-</strong></span> <span class='ocrx_word' id='word_1_330' title='bbox 1981 2559 2244 2622; x_wconf 79' lang='lat' dir='ltr'><strong>tenebrae</strong></span> <span class='ocrx_word' id='word_1_331' title='bbox 2273 2560 2430 2635; x_wconf 70' lang='lat' dir='ltr'><strong>ullae,</strong></span> <span class='ocrx_word' id='word_1_332' title='bbox 2480 2579 2601 2621; x_wconf 87' lang='lat' dir='ltr'><strong>non</strong></span> <span class='ocrx_word' id='word_1_333' title='bbox 2644 2562 2871 2645; x_wconf 73' lang='lat' dir='ltr'><strong>lumen,</strong></span> <span class='ocrx_word' id='word_1_334' title='bbox 2908 2583 3026 2624; x_wconf 88' lang='lat' dir='ltr'><strong>non</strong></span> <span class='ocrx_word' id='word_1_335' title='bbox 3057 2583 3233 2644; x_wconf 81' lang='lat' dir='ltr'><strong>aqua,</strong></span> <span class='ocrx_word' id='word_1_336' title='bbox 3270 2583 3392 2625; x_wconf 88' lang='lat' dir='ltr'><strong>non</strong></span> <span class='ocrx_word' id='word_1_337' title='bbox 3423 2565 3630 2641; x_wconf 77' lang='lat' dir='ltr'><strong>aether,</strong></span> 
     </span>
    </p>
   </div>
   <div class='ocr_carea' id='block_1_41' title="bbox 238 2649 3624 2738">
    <p class='ocr_par' dir='ltr' id='par_1_41' title="bbox 238 2649 3624 2738">
     <span class='ocr_line' id='line_1_41' title="bbox 238 2649 3624 2738; baseline 0.003 -29"><span class='ocrx_word' id='word_1_338' title='bbox 238 2649 509 2727; x_wconf 90' lang='lat' dir='ltr'><strong>duatum,</strong></span> <span class='ocrx_word' id='word_1_339' title='bbox 540 2655 945 2738; x_wconf 81' lang='lat' dir='ltr'><strong>peregrinum,</strong></span> <span class='ocrx_word' id='word_1_340' title='bbox 969 2659 1124 2737; x_wconf 88' lang='lat' dir='ltr'><strong>quod</strong></span> <span class='ocrx_word' id='word_1_341' title='bbox 1149 2657 1276 2737; x_wconf 92' lang='lat' dir='ltr'><strong>ipse</strong></span> <span class='ocrx_word' id='word_1_342' title='bbox 1323 2657 1476 2718; x_wconf 89' lang='lat' dir='ltr'><strong>nosti</strong></span> <span class='ocrx_word' id='word_1_343' title='bbox 1499 2657 1726 2738; x_wconf 87' lang='lat' dir='ltr'><strong>judicio</strong></span> <span class='ocrx_word' id='word_1_344' title='bbox 1759 2678 1898 2720; x_wconf 90' lang='lat' dir='ltr'><strong>con-</strong></span> <span class='ocrx_word' id='word_1_345' title='bbox 1980 2671 2098 2712; x_wconf 92' lang='lat' dir='ltr'><strong>non</strong></span> <span class='ocrx_word' id='word_1_346' title='bbox 2124 2653 2282 2714; x_wconf 90' lang='lat' dir='ltr'><strong>aliud</strong></span> <span class='ocrx_word' id='word_1_347' title='bbox 2299 2671 2498 2715; x_wconf 88' lang='lat' dir='ltr'><strong>rerum</strong></span> <span class='ocrx_word' id='word_1_348' title='bbox 2528 2654 2878 2736; x_wconf 91' lang='lat' dir='ltr'><strong>quidquam.</strong></span> <span class='ocrx_word' id='word_1_349' title='bbox 2898 2656 3252 2719; x_wconf 91' lang='lat' dir='ltr'><strong>Eratautem</strong></span> <span class='ocrx_word' id='word_1_350' title='bbox 3276 2656 3624 2731; x_wconf 90' lang='lat' dir='ltr'><strong>solusDeus,</strong></span> 
     </span>
    </p>
   </div>
   <div class='ocr_carea' id='block_1_42' title="bbox 241 2739 3633 2830">
    <p class='ocr_par' dir='ltr' id='par_1_42' title="bbox 241 2739 3633 2830">
     <span class='ocr_line' id='line_1_42' title="bbox 241 2739 3633 2830; baseline 0.003 -32"><span class='ocrx_word' id='word_1_351' title='bbox 241 2739 507 2802; x_wconf 87' lang='lat' dir='ltr'><strong>stituisti.</strong></span> <span class='ocrx_word' id='word_1_352' title='bbox 543 2742 736 2815; x_wconf 89' lang='lat' dir='ltr'><strong>Quare</strong></span> <span class='ocrx_word' id='word_1_353' title='bbox 767 2753 824 2806; x_wconf 88' lang='lat' dir='ltr'><strong>te</strong></span> <span class='ocrx_word' id='word_1_354' title='bbox 881 2747 1056 2808; x_wconf 92' lang='lat' dir='ltr'><strong>modo</strong></span> <span class='ocrx_word' id='word_1_355' title='bbox 1112 2747 1460 2830; x_wconf 90' lang='lat' dir='ltr'><strong>suppliciter</strong></span> <span class='ocrx_word' id='word_1_356' title='bbox 1516 2766 1681 2826; x_wconf 87' lang='lat' dir='ltr'><strong>rogo,</strong></span> <span class='ocrx_word' id='word_1_357' title='bbox 1735 2747 1807 2808; x_wconf 88' lang='lat' dir='ltr'><strong>ad</strong></span> <span class='ocrx_word' id='word_1_358' title='bbox 1842 2756 1898 2808; x_wconf 89' lang='lat' dir='ltr'><strong>te</strong></span> <span class='ocrx_word' id='word_1_359' title='bbox 1979 2741 2660 2820; x_wconf 87' lang='lat' dir='ltr'><strong>spirituslucidissimus,</strong></span> <span class='ocrx_word' id='word_1_360' title='bbox 2686 2743 3085 2825; x_wconf 90' lang='lat' dir='ltr'><strong>omnipotens,</strong></span> <span class='ocrx_word' id='word_1_361' title='bbox 3113 2755 3170 2808; x_wconf 93' lang='lat' dir='ltr'><strong>et</strong></span> <span class='ocrx_word' id='word_1_362' title='bbox 3192 2746 3355 2807; x_wconf 90' lang='lat' dir='ltr'><strong>omni</strong></span> <span class='ocrx_word' id='word_1_363' title='bbox 3381 2765 3633 2809; x_wconf 91' lang='lat' dir='ltr'><strong>concre-</strong></span> 
     </span>
    </p>
   </div>
   <div class='ocr_carea' id='block_1_43' title="bbox 241 2830 3633 2917">
    <p class='ocr_par' dir='ltr' id='par_1_43' title="bbox 241 2830 3633 2917">
     <span class='ocr_line' id='line_1_43' title="bbox 241 2830 3633 2917; baseline 0.001 -22"><span class='ocrx_word' id='word_1_364' title='bbox 241 2847 468 2909; x_wconf 85' lang='lat' dir='ltr'><strong>pronus</strong></span> <span class='ocrx_word' id='word_1_365' title='bbox 497 2832 710 2910; x_wconf 84' lang='lat' dir='ltr'><strong>clamo,</strong></span> <span class='ocrx_word' id='word_1_366' title='bbox 747 2855 820 2895; x_wconf 91' lang='lat' dir='ltr'><strong>ne</strong></span> <span class='ocrx_word' id='word_1_367' title='bbox 851 2836 1205 2911; x_wconf 89' lang='lat' dir='ltr'><strong>adverseris,</strong></span> <span class='ocrx_word' id='word_1_368' title='bbox 1268 2855 1462 2916; x_wconf 85' lang='lat' dir='ltr'><strong>neque</strong></span> <span class='ocrx_word' id='word_1_369' title='bbox 1493 2836 1891 2916; x_wconf 88' lang='lat' dir='ltr'><strong>derelinquas,</strong></span> <span class='ocrx_word' id='word_1_370' title='bbox 1980 2830 2140 2892; x_wconf 88' lang='lat' dir='ltr'><strong>tione</strong></span> <span class='ocrx_word' id='word_1_371' title='bbox 2171 2831 2346 2893; x_wconf 90' lang='lat' dir='ltr'><strong>liber.</strong></span> <span class='ocrx_word' id='word_1_372' title='bbox 2382 2830 2440 2893; x_wconf 92' lang='lat' dir='ltr'><strong>Is</strong></span> <span class='ocrx_word' id='word_1_373' title='bbox 2472 2833 2754 2910; x_wconf 80' lang='lat' dir='ltr'><strong>Angelos,</strong></span> <span class='ocrx_word' id='word_1_374' title='bbox 2778 2833 3177 2915; x_wconf 89' lang='lat' dir='ltr'><strong>Principatus,</strong></span> <span class='ocrx_word' id='word_1_375' title='bbox 3202 2842 3261 2896; x_wconf 89' lang='lat' dir='ltr'><strong>et</strong></span> <span class='ocrx_word' id='word_1_376' title='bbox 3285 2837 3633 2917; x_wconf 88' lang='lat' dir='ltr'><strong>Potestates,</strong></span> 
     </span>
    </p>
   </div>
   <div class='ocr_carea' id='block_1_44' title="bbox 240 2919 3634 3006">
    <p class='ocr_par' dir='ltr' id='par_1_44' title="bbox 240 2919 3634 3006">
     <span class='ocr_line' id='line_1_44' title="bbox 240 2919 3634 3006; baseline 0.002 -28"><span class='ocrx_word' id='word_1_377' title='bbox 240 2929 340 2978; x_wconf 83' lang='lat' dir='ltr'><strong>aut</strong></span> <span class='ocrx_word' id='word_1_378' title='bbox 371 2920 617 2982; x_wconf 87' lang='lat' dir='ltr'><strong>deseras</strong></span> <span class='ocrx_word' id='word_1_379' title='bbox 651 2944 745 2984; x_wconf 93' lang='lat' dir='ltr'><strong>me</strong></span> <span class='ocrx_word' id='word_1_380' title='bbox 776 2926 992 3006; x_wconf 86' lang='lat' dir='ltr'><strong>solum,</strong></span> <span class='ocrx_word' id='word_1_381' title='bbox 1033 2927 1300 2988; x_wconf 86' lang='lat' dir='ltr'><strong>Domine.</strong></span> <span class='ocrx_word' id='word_1_382' title='bbox 1333 2926 1501 2987; x_wconf 93' lang='lat' dir='ltr'><strong>Nosti</strong></span> <span class='ocrx_word' id='word_1_383' title='bbox 1532 2927 1685 2986; x_wconf 88' lang='lat' dir='ltr'><strong>viam</strong></span> <span class='ocrx_word' id='word_1_384' title='bbox 1725 2934 1888 2986; x_wconf 89' lang='lat' dir='ltr'><strong>tran-</strong></span> <span class='ocrx_word' id='word_1_385' title='bbox 1977 2919 2325 2995; x_wconf 86' lang='lat' dir='ltr'><strong>Cherubim,</strong></span> <span class='ocrx_word' id='word_1_386' title='bbox 2362 2932 2420 2982; x_wconf 85' lang='lat' dir='ltr'><strong>et</strong></span> <span class='ocrx_word' id='word_1_387' title='bbox 2447 2919 2788 3002; x_wconf 89' lang='lat' dir='ltr'><strong>Seraphim,</strong></span> <span class='ocrx_word' id='word_1_388' title='bbox 2822 2923 3294 2998; x_wconf 91' lang='lat' dir='ltr'><strong>Dominationes,</strong></span> <span class='ocrx_word' id='word_1_389' title='bbox 3332 2923 3634 2999; x_wconf 89' lang='lat' dir='ltr'><strong>Thronos,</strong></span> 
     </span>
    </p>
   </div>
   <div class='ocr_carea' id='block_1_45' title="bbox 242 3009 3638 3088">
    <p class='ocr_par' dir='ltr' id='par_1_45' title="bbox 242 3009 3638 3088">
     <span class='ocr_line' id='line_1_45' title="bbox 242 3009 3638 3088; baseline 0.004 -22"><span class='ocrx_word' id='word_1_390' title='bbox 242 3011 352 3068; x_wconf 91' lang='lat' dir='ltr'><strong>situ</strong></span> <span class='ocrx_word' id='word_1_391' title='bbox 391 3009 693 3073; x_wconf 78' lang='lat' dir='ltr'><strong>diﬂicilem</strong></span> <span class='ocrx_word' id='word_1_392' title='bbox 725 3032 740 3088; x_wconf 91' lang='lat'>;</span> <span class='ocrx_word' id='word_1_393' title='bbox 773 3015 924 3075; x_wconf 84' lang='lat' dir='ltr'><strong>nosti</strong></span> <span class='ocrx_word' id='word_1_394' title='bbox 956 3016 1254 3078; x_wconf 82' lang='lat' dir='ltr'><strong>latronum</strong></span> <span class='ocrx_word' id='word_1_395' title='bbox 1289 3015 1460 3076; x_wconf 92' lang='lat' dir='ltr'><strong>nobis</strong></span> <span class='ocrx_word' id='word_1_396' title='bbox 1483 3016 1889 3078; x_wconf 88' lang='lat' dir='ltr'><strong>insidiantium</strong></span> <span class='ocrx_word' id='word_1_397' title='bbox 1926 3085 1949 3088; x_wconf 19' lang='grc' dir='ltr'>ᾲ</span> <span class='ocrx_word' id='word_1_398' title='bbox 1977 3016 2037 3068; x_wconf 85' lang='lat' dir='ltr'><strong>et</strong></span> <span class='ocrx_word' id='word_1_399' title='bbox 2065 3009 2195 3070; x_wconf 88' lang='lat' dir='ltr'><strong>sine</strong></span> <span class='ocrx_word' id='word_1_400' title='bbox 2226 3009 2470 3072; x_wconf 88' lang='lat' dir='ltr'><strong>nomine</strong></span> <span class='ocrx_word' id='word_1_401' title='bbox 2496 3010 2762 3087; x_wconf 87' lang='lat' dir='ltr'><strong>ordines,</strong></span> <span class='ocrx_word' id='word_1_402' title='bbox 2798 3031 2936 3073; x_wconf 88' lang='lat' dir='ltr'><strong>cum</strong></span> <span class='ocrx_word' id='word_1_403' title='bbox 2968 3012 3183 3075; x_wconf 87' lang='lat' dir='ltr'><strong>timore</strong></span> <span class='ocrx_word' id='word_1_404' title='bbox 3215 3020 3272 3073; x_wconf 84' lang='lat' dir='ltr'><strong>et</strong></span> <span class='ocrx_word' id='word_1_405' title='bbox 3302 3019 3566 3075; x_wconf 88' lang='lat' dir='ltr'><strong>tremore</strong></span> <span class='ocrx_word' id='word_1_406' title='bbox 3582 3014 3638 3074; x_wconf 91' lang='lat' dir='ltr'><strong>ei</strong></span> 
     </span>
    </p>
   </div>
   <div class='ocr_carea' id='block_1_46' title="bbox 247 3085 3633 3181">
    <p class='ocr_par' dir='ltr' id='par_1_46' title="bbox 247 3085 3633 3181">
     <span class='ocr_line' id='line_1_46' title="bbox 247 3085 3633 3181; baseline 0.003 -27"><span class='ocrx_word' id='word_1_407' title='bbox 247 3098 535 3160; x_wconf 85' lang='lat' dir='ltr'><strong>insaniam</strong></span> <span class='ocrx_word' id='word_1_408' title='bbox 562 3121 577 3176; x_wconf 87' lang='lat'><strong>;</strong></span> <span class='ocrx_word' id='word_1_409' title='bbox 601 3085 1057 3166; x_wconf 63' lang='lat' dir='ltr'><strong>nostimaiurum</strong></span> <span class='ocrx_word' id='word_1_410' title='bbox 1079 3105 1402 3167; x_wconf 70' lang='lat' dir='ltr'><strong>bestiarum</strong></span> <span class='ocrx_word' id='word_1_411' title='bbox 1419 3104 1888 3181; x_wconf 73' lang='lat' dir='ltr'><strong>multitudinem;</strong></span> <span class='ocrx_word' id='word_1_412' title='bbox 1913 3085 1951 3134; x_wconf 68' lang='grc' dir='ltr'>Ο</span> <span class='ocrx_word' id='word_1_413' title='bbox 1977 3097 2318 3160; x_wconf 89' lang='lat' dir='ltr'><strong>assistentes</strong></span> <span class='ocrx_word' id='word_1_414' title='bbox 2348 3116 2417 3160; x_wconf 89' lang='lat' dir='ltr'><strong>ac</strong></span> <span class='ocrx_word' id='word_1_415' title='bbox 2451 3085 2858 3162; x_wconf 90' lang='lat' dir='ltr'><strong>ministrantes</strong></span> <span class='ocrx_word' id='word_1_416' title='bbox 2899 3101 3140 3165; x_wconf 86' lang='lat' dir='ltr'><strong>creavit.</strong></span> <span class='ocrx_word' id='word_1_417' title='bbox 3175 3101 3388 3164; x_wconf 90' lang='lat' dir='ltr'><strong>Postea</strong></span> <span class='ocrx_word' id='word_1_418' title='bbox 3419 3104 3633 3163; x_wconf 84' lang='lat' dir='ltr'><strong>ccelum</strong></span> 
     </span>
    </p>
   </div>
   <div class='ocr_carea' id='block_1_47' title="bbox 247 3190 3629 3277">
    <p class='ocr_par' dir='ltr' id='par_1_47' title="bbox 247 3190 3629 3277">
     <span class='ocr_line' id='line_1_47' title="bbox 247 3190 3629 3277; baseline 0.004 -26"><span class='ocrx_word' id='word_1_419' title='bbox 247 3191 403 3253; x_wconf 89' lang='lat' dir='ltr'><strong>nosti</strong></span> <span class='ocrx_word' id='word_1_420' title='bbox 436 3192 915 3258; x_wconf 86' lang='lat' dir='ltr'><strong>imbecillitatem</strong></span> <span class='ocrx_word' id='word_1_421' title='bbox 949 3217 1140 3260; x_wconf 85' lang='lat' dir='ltr'><strong>meam</strong></span> <span class='ocrx_word' id='word_1_422' title='bbox 1173 3206 1232 3260; x_wconf 89' lang='lat' dir='ltr'><strong>et</strong></span> <span class='ocrx_word' id='word_1_423' title='bbox 1263 3197 1681 3277; x_wconf 87' lang='lat' dir='ltr'><strong>ignorantiam,</strong></span> <span class='ocrx_word' id='word_1_424' title='bbox 1703 3215 1817 3277; x_wconf 89' lang='lat' dir='ltr'><strong>qua</strong></span> <span class='ocrx_word' id='word_1_425' title='bbox 1834 3205 1896 3259; x_wconf 91' lang='lat' dir='ltr'><strong>ut</strong></span> <span class='ocrx_word' id='word_1_426' title='bbox 1977 3193 2383 3261; x_wconf 67' lang='lat' dir='ltr'><strong>utcamel‘am.</strong></span> <span class='ocrx_word' id='word_1_427' title='bbox 2419 3204 2711 3267; x_wconf 75' lang='lat' dir='ltr'><strong>COFPOFea</strong></span> <span class='ocrx_word' id='word_1_428' title='bbox 2734 3195 2954 3251; x_wconf 70' lang='lat' dir='ltr'><strong>natura</strong></span> <span class='ocrx_word' id='word_1_429' title='bbox 2980 3197 3286 3270; x_wconf 75' lang='lat' dir='ltr'><strong>Constans,</strong></span> <span class='ocrx_word' id='word_1_430' title='bbox 3312 3190 3629 3272; x_wconf 77' lang='lat' dir='ltr'><strong>senSibiie,</strong></span> 
     </span>
    </p>
   </div>
   <div class='ocr_carea' id='block_1_48' title="bbox 247 3276 3635 3365">
    <p class='ocr_par' dir='ltr' id='par_1_48' title="bbox 247 3276 3635 3365">
     <span class='ocr_line' id='line_1_48' title="bbox 247 3276 3635 3365; baseline 0.004 -26"><span class='ocrx_word' id='word_1_431' title='bbox 247 3280 421 3342; x_wconf 90' lang='lat' dir='ltr'><strong>homo</strong></span> <span class='ocrx_word' id='word_1_432' title='bbox 453 3291 663 3345; x_wconf 81' lang='lat' dir='ltr'><strong>teneor</strong></span> <span class='ocrx_word' id='word_1_433' title='bbox 706 3283 1127 3348; x_wconf 85' lang='lat' dir='ltr'><strong>Verumtamen</strong></span> <span class='ocrx_word' id='word_1_434' title='bbox 1154 3276 1328 3365; x_wconf 85' lang='lat' dir='ltr'><strong>plane</strong></span> <span class='ocrx_word' id='word_1_435' title='bbox 1349 3306 1422 3348; x_wconf 91' lang='lat' dir='ltr'><strong>ne</strong></span> <span class='ocrx_word' id='word_1_436' title='bbox 1445 3276 1748 3347; x_wconf 86' lang='lat' dir='ltr'><strong>hominem</strong></span> <span class='ocrx_word' id='word_1_437' title='bbox 1774 3306 1893 3348; x_wconf 93' lang='lat' dir='ltr'><strong>non</strong></span> <span class='ocrx_word' id='word_1_438' title='bbox 1977 3293 2264 3365; x_wconf 65' lang='grc' dir='ltr'><strong>ετεετειιω,</strong></span> <span class='ocrx_word' id='word_1_439' title='bbox 2301 3284 2358 3365; x_wconf 54' lang='lat' dir='ltr'><strong>et</strong></span> <span class='ocrx_word' id='word_1_440' title='bbox 2386 3276 2749 3356; x_wconf 78' lang='lat' dir='ltr'><strong>aspectabile</strong></span> <span class='ocrx_word' id='word_1_441' title='bbox 2780 3279 3088 3358; x_wconf 71' lang='grc' dir='ltr'><strong>ΡῐὈάιιΧίι,</strong></span> <span class='ocrx_word' id='word_1_442' title='bbox 3127 3287 3185 3340; x_wconf 71' lang='lat' dir='ltr'><strong>et</strong></span> <span class='ocrx_word' id='word_1_443' title='bbox 3217 3287 3285 3341; x_wconf 69' lang='lat' dir='ltr'><strong>ut</strong></span> <span class='ocrx_word' id='word_1_444' title='bbox 3311 3281 3440 3360; x_wconf 84' lang='lat' dir='ltr'><strong>ipse</strong></span> <span class='ocrx_word' id='word_1_445' title='bbox 3472 3281 3635 3341; x_wconf 81' lang='lat' dir='ltr'><strong>SOitlS</strong></span> 
     </span>
    </p>
   </div>
   <div class='ocr_carea' id='block_1_49' title="bbox 249 3371 1891 3457">
    <p class='ocr_par' dir='ltr' id='par_1_49' title="bbox 249 3371 1891 3457">
     <span class='ocr_line' id='line_1_49' title="bbox 249 3371 1891 3457; baseline 0.004 -28"><span class='ocrx_word' id='word_1_446' title='bbox 249 3378 408 3450; x_wconf 90' lang='lat' dir='ltr'><strong>puto,</strong></span> <span class='ocrx_word' id='word_1_447' title='bbox 445 3371 550 3435; x_wconf 90' lang='lat' dir='ltr'><strong>sed</strong></span> <span class='ocrx_word' id='word_1_448' title='bbox 583 3373 759 3452; x_wconf 82' lang='lat' dir='ltr'><strong>longe</strong></span> <span class='ocrx_word' id='word_1_449' title='bbox 787 3375 940 3436; x_wconf 83' lang='lat' dir='ltr'><strong>infra</strong></span> <span class='ocrx_word' id='word_1_450' title='bbox 973 3377 1266 3437; x_wconf 84' lang='lat' dir='ltr'><strong>homines.</strong></span> <span class='ocrx_word' id='word_1_451' title='bbox 1302 3376 1532 3457; x_wconf 88' lang='lat' dir='ltr'><strong>Quippe</strong></span> <span class='ocrx_word' id='word_1_452' title='bbox 1561 3375 1891 3438; x_wconf 90' lang='lat' dir='ltr'><strong>secundum</strong></span> 
     </span>
    </p>
   </div>
   <div class='ocr_carea' id='block_1_50' title="bbox 243 3460 1891 3544">
    <p class='ocr_par' dir='ltr' id='par_1_50' title="bbox 243 3460 1891 3544">
     <span class='ocr_line' id='line_1_50' title="bbox 243 3460 1891 3544; baseline 0.005 -26"><span class='ocrx_word' id='word_1_453' title='bbox 243 3460 441 3520; x_wconf 90' lang='lat' dir='ltr'><strong>omnia</strong></span> <span class='ocrx_word' id='word_1_454' title='bbox 469 3462 737 3525; x_wconf 90' lang='lat' dir='ltr'><strong>omnium</strong></span> <span class='ocrx_word' id='word_1_455' title='bbox 785 3471 1146 3544; x_wconf 90' lang='lat' dir='ltr'><strong>postremus,</strong></span> <span class='ocrx_word' id='word_1_456' title='bbox 1202 3475 1257 3528; x_wconf 92' lang='lat' dir='ltr'><strong>et</strong></span> <span class='ocrx_word' id='word_1_457' title='bbox 1313 3465 1595 3527; x_wconf 90' lang='lat' dir='ltr'><strong>minimus</strong></span> <span class='ocrx_word' id='word_1_458' title='bbox 1623 3465 1891 3527; x_wconf 91' lang='lat' dir='ltr'><strong>omnium</strong></span> 
     </span>
    </p>
   </div>
   <div class='ocr_carea' id='block_1_51' title="bbox 243 3548 1888 3632">
    <p class='ocr_par' dir='ltr' id='par_1_51' title="bbox 243 3548 1888 3632">
     <span class='ocr_line' id='line_1_51' title="bbox 243 3548 1888 3632; baseline 0.004 -24"><span class='ocrx_word' id='word_1_459' title='bbox 243 3548 550 3612; x_wconf 90' lang='lat' dir='ltr'><strong>hominum</strong></span> <span class='ocrx_word' id='word_1_460' title='bbox 578 3572 732 3614; x_wconf 92' lang='lat' dir='ltr'><strong>sum.</strong></span> <span class='ocrx_word' id='word_1_461' title='bbox 769 3555 975 3617; x_wconf 69' lang='lat' dir='ltr'><strong>Praebe</strong></span> <span class='ocrx_word' id='word_1_462' title='bbox 1024 3555 1194 3632; x_wconf 91' lang='lat' dir='ltr'><strong>mihi,</strong></span> <span class='ocrx_word' id='word_1_463' title='bbox 1260 3575 1384 3630; x_wconf 85' lang='lat' dir='ltr'><strong>rex,</strong></span> <span class='ocrx_word' id='word_1_464' title='bbox 1422 3565 1479 3617; x_wconf 91' lang='lat' dir='ltr'><strong>et</strong></span> <span class='ocrx_word' id='word_1_465' title='bbox 1509 3555 1666 3617; x_wconf 92' lang='lat' dir='ltr'><strong>Deus</strong></span> <span class='ocrx_word' id='word_1_466' title='bbox 1698 3573 1888 3628; x_wconf 89' lang='lat' dir='ltr'><strong>meus,</strong></span> 
     </span>
    </p>
   </div>
   <div class='ocr_carea' id='block_1_52' title="bbox 241 3643 1888 3722">
    <p class='ocr_par' dir='ltr' id='par_1_52' title="bbox 241 3643 1888 3722">
     <span class='ocr_line' id='line_1_52' title="bbox 241 3643 1888 3722; baseline 0.004 -25"><span class='ocrx_word' id='word_1_467' title='bbox 241 3656 462 3718; x_wconf 70' lang='lat' dir='ltr'><strong>quaeso,</strong></span> <span class='ocrx_word' id='word_1_468' title='bbox 484 3660 752 3719; x_wconf 85' lang='lat' dir='ltr'><strong>magnam</strong></span> <span class='ocrx_word' id='word_1_469' title='bbox 771 3643 1241 3707; x_wconf 89' lang='lat' dir='ltr'><strong>misericordiam</strong></span> <span class='ocrx_word' id='word_1_470' title='bbox 1266 3652 1443 3721; x_wconf 88' lang='lat' dir='ltr'><strong>tuam,</strong></span> <span class='ocrx_word' id='word_1_471' title='bbox 1460 3645 1888 3722; x_wconf 74' lang='lat' dir='ltr'><strong>quaedefectus,</strong></span> 
     </span>
    </p>
   </div>
   <div class='ocr_carea' id='block_1_53' title="bbox 241 3729 1888 3814">
    <p class='ocr_par' dir='ltr' id='par_1_53' title="bbox 241 3729 1888 3814">
     <span class='ocr_line' id='line_1_53' title="bbox 241 3729 1888 3814; baseline 0.004 -28"><span class='ocrx_word' id='word_1_472' title='bbox 241 3737 294 3786; x_wconf 91' lang='lat' dir='ltr'><strong>et</strong></span> <span class='ocrx_word' id='word_1_473' title='bbox 325 3729 718 3808; x_wconf 85' lang='lat' dir='ltr'><strong>negligentias</strong></span> <span class='ocrx_word' id='word_1_474' title='bbox 751 3751 912 3792; x_wconf 90' lang='lat' dir='ltr'><strong>meas</strong></span> <span class='ocrx_word' id='word_1_475' title='bbox 936 3734 1227 3814; x_wconf 89' lang='lat' dir='ltr'><strong>suppleat,</strong></span> <span class='ocrx_word' id='word_1_476' title='bbox 1279 3743 1336 3795; x_wconf 93' lang='lat' dir='ltr'><strong>et</strong></span> <span class='ocrx_word' id='word_1_477' title='bbox 1367 3733 1671 3794; x_wconf 85' lang='lat' dir='ltr'><strong>hominem</strong></span> <span class='ocrx_word' id='word_1_478' title='bbox 1703 3739 1888 3793; x_wconf 89' lang='lat' dir='ltr'><strong>totum</strong></span> 
     </span>
    </p>
   </div>
   <div class='ocr_carea' id='block_1_54' title="bbox 243 3817 1890 3903">
    <p class='ocr_par' dir='ltr' id='par_1_54' title="bbox 243 3817 1890 3903">
     <span class='ocr_line' id='line_1_54' title="bbox 243 3817 1890 3903; baseline 0.002 -27"><span class='ocrx_word' id='word_1_479' title='bbox 243 3817 589 3894; x_wconf 79' lang='lat' dir='ltr'><strong>perfectum,</strong></span> <span class='ocrx_word' id='word_1_480' title='bbox 626 3831 684 3881; x_wconf 92' lang='lat' dir='ltr'><strong>et</strong></span> <span class='ocrx_word' id='word_1_481' title='bbox 710 3820 1032 3900; x_wconf 87' lang='lat' dir='ltr'><strong>integrum,</strong></span> <span class='ocrx_word' id='word_1_482' title='bbox 1070 3823 1254 3896; x_wconf 93' lang='lat' dir='ltr'><strong>nullo,</strong></span> <span class='ocrx_word' id='word_1_483' title='bbox 1295 3822 1452 3903; x_wconf 90' lang='lat' dir='ltr'><strong>quod</strong></span> <span class='ocrx_word' id='word_1_484' title='bbox 1487 3820 1890 3883; x_wconf 88' lang='lat' dir='ltr'><strong>necessarium</strong></span> 
     </span>
    </p>
   </div>
   <div class='ocr_carea' id='block_1_55' title="bbox 239 3904 1892 3986">
    <p class='ocr_par' dir='ltr' id='par_1_55' title="bbox 239 3904 1892 3986">
     <span class='ocr_line' id='line_1_55' title="bbox 239 3904 1892 3986; baseline 0.004 -22"><span class='ocrx_word' id='word_1_485' title='bbox 239 3904 335 3986; x_wconf 86' lang='lat' dir='ltr'><strong>sit,</strong></span> <span class='ocrx_word' id='word_1_486' title='bbox 367 3918 644 3985; x_wconf 86' lang='lat' dir='ltr'><strong>egentem</strong></span> <span class='ocrx_word' id='word_1_487' title='bbox 679 3911 895 3972; x_wconf 78' lang='lat' dir='ltr'><strong>efﬁciat</strong></span> <span class='ocrx_word' id='word_1_488' title='bbox 929 3929 944 3985; x_wconf 90' lang='lat'>;</span> <span class='ocrx_word' id='word_1_489' title='bbox 1005 3922 1063 3972; x_wconf 88' lang='lat' dir='ltr'><strong>et</strong></span> <span class='ocrx_word' id='word_1_490' title='bbox 1091 3911 1175 3974; x_wconf 92' lang='lat' dir='ltr'><strong>ita</strong></span> <span class='ocrx_word' id='word_1_491' title='bbox 1209 3931 1302 3973; x_wconf 92' lang='lat' dir='ltr'><strong>me</strong></span> <span class='ocrx_word' id='word_1_492' title='bbox 1335 3930 1535 3973; x_wconf 91' lang='lat' dir='ltr'><strong>coram</strong></span> <span class='ocrx_word' id='word_1_493' title='bbox 1573 3918 1626 3971; x_wconf 93' lang='lat' dir='ltr'><strong>te</strong></span> <span class='ocrx_word' id='word_1_494' title='bbox 1659 3928 1892 3971; x_wconf 89' lang='lat' dir='ltr'><strong>servum</strong></span> 
     </span>
    </p>
   </div>
   <div class='ocr_carea' id='block_1_56' title="bbox 241 3997 1892 4082">
    <p class='ocr_par' dir='ltr' id='par_1_56' title="bbox 241 3997 1892 4082">
     <span class='ocr_line' id='line_1_56' title="bbox 241 3997 1892 4082; baseline 0.004 -29"><span class='ocrx_word' id='word_1_495' title='bbox 241 4000 403 4055; x_wconf 88' lang='lat' dir='ltr'><strong>tuum</strong></span> <span class='ocrx_word' id='word_1_496' title='bbox 429 3997 866 4072; x_wconf 85' lang='lat' dir='ltr'><strong>indemnatum,</strong></span> <span class='ocrx_word' id='word_1_497' title='bbox 895 4000 1043 4061; x_wconf 92' lang='lat' dir='ltr'><strong>nulli</strong></span> <span class='ocrx_word' id='word_1_498' title='bbox 1070 3999 1528 4082; x_wconf 74' lang='lat' dir='ltr'><strong>reprehensioni</strong></span> <span class='ocrx_word' id='word_1_499' title='bbox 1548 3999 1809 4072; x_wconf 85' lang='lat' dir='ltr'><strong>afﬁnem,</strong></span> <span class='ocrx_word' id='word_1_500' title='bbox 1837 4007 1892 4060; x_wconf 85' lang='lat' dir='ltr'><strong>et</strong></span> 
     </span>
    </p>
   </div>
   <div class='ocr_carea' id='block_1_57' title="bbox 241 4085 1886 4165">
    <p class='ocr_par' dir='ltr' id='par_1_57' title="bbox 241 4085 1886 4165">
     <span class='ocr_line' id='line_1_57' title="bbox 241 4085 1886 4165; baseline 0.004 -23"><span class='ocrx_word' id='word_1_501' title='bbox 241 4085 443 4147; x_wconf 87' lang='lat' dir='ltr'><strong>laudes</strong></span> <span class='ocrx_word' id='word_1_502' title='bbox 476 4096 605 4149; x_wconf 86' lang='lat' dir='ltr'><strong>tuas</strong></span> <span class='ocrx_word' id='word_1_503' title='bbox 634 4089 1054 4165; x_wconf 73' lang='lat' dir='ltr'><strong>praedicantem</strong></span> <span class='ocrx_word' id='word_1_504' title='bbox 1097 4099 1309 4151; x_wconf 88' lang='lat' dir='ltr'><strong>statuat</strong></span> <span class='ocrx_word' id='word_1_505' title='bbox 1367 4090 1426 4150; x_wconf 91' lang='lat' dir='ltr'><strong>in</strong></span> <span class='ocrx_word' id='word_1_506' title='bbox 1457 4089 1675 4150; x_wconf 70' lang='lat' dir='ltr'><strong>saecula</strong></span> <span class='ocrx_word' id='word_1_507' title='bbox 1703 4106 1886 4150; x_wconf 80' lang='lat' dir='ltr'><strong>saecu-</strong></span> 
     </span>
    </p>
   </div>
   <div class='ocr_carea' id='block_1_58' title="bbox 239 4173 678 4238">
    <p class='ocr_par' dir='ltr' id='par_1_58' title="bbox 239 4173 678 4238">
     <span class='ocr_line' id='line_1_58' title="bbox 239 4173 678 4238; baseline 0.016 -6"><span class='ocrx_word' id='word_1_508' title='bbox 239 4173 451 4236; x_wconf 90' lang='lat' dir='ltr'><strong>lorum.</strong></span> <span class='ocrx_word' id='word_1_509' title='bbox 486 4177 678 4238; x_wconf 85' lang='lat' dir='ltr'><strong>Amen</strong></span> 
     </span>
    </p>
   </div>
   <div class='ocr_carea' id='block_1_59' title="bbox 828 4272 1288 4336">
    <p class='ocr_par' dir='ltr' id='par_1_59' title="bbox 828 4272 1288 4336">
     <span class='ocr_line' id='line_1_59' title="bbox 828 4272 1288 4336; baseline -0.009 -1"><span class='ocrx_word' id='word_1_510' title='bbox 828 4272 1066 4336; x_wconf 71' lang='lat' dir='ltr'><strong>CAPUT</strong></span> <span class='ocrx_word' id='word_1_511' title='bbox 1113 4272 1288 4336; x_wconf 87' lang='lat' dir='ltr'><strong>XXV.</strong></span> 
     </span>
    </p>
   </div>
   <div class='ocr_carea' id='block_1_60' title="bbox 238 4365 1886 4444">
    <p class='ocr_par' dir='ltr' id='par_1_60' title="bbox 238 4365 1886 4444">
     <span class='ocr_line' id='line_1_60' title="bbox 238 4365 1886 4444; baseline 0.002 -20"><span class='ocrx_word' id='word_1_512' title='bbox 238 4365 533 4438; x_wconf 73' lang='lat' dir='ltr'><strong>Quaedam</strong></span> <span class='ocrx_word' id='word_1_513' title='bbox 566 4365 922 4444; x_wconf 73' lang='lat' dir='ltr'><strong>theologica.</strong></span> <span class='ocrx_word' id='word_1_514' title='bbox 959 4369 1221 4429; x_wconf 76' lang='lat' dir='ltr'><strong>Men—tem</strong></span> <span class='ocrx_word' id='word_1_515' title='bbox 1250 4385 1287 4428; x_wconf 83' lang='grc' dir='ltr'><strong>ιι</strong></span> <span class='ocrx_word' id='word_1_516' title='bbox 1343 4366 1625 4429; x_wconf 76' lang='lat' dir='ltr'><strong>sordibus</strong></span> <span class='ocrx_word' id='word_1_517' title='bbox 1668 4374 1886 4428; x_wconf 72' lang='lat' dir='ltr'><strong>motio-</strong></span> 
     </span>
    </p>
   </div>
   <div class='ocr_carea' id='block_1_61' title="bbox 1978 3364 3626 3449">
    <p class='ocr_par' dir='ltr' id='par_1_61' title="bbox 1978 3364 3626 3449">
     <span class='ocr_line' id='line_1_61' title="bbox 1978 3364 3626 3449; baseline 0.005 -26"><span class='ocrx_word' id='word_1_518' title='bbox 1978 3364 2156 3436; x_wconf 89' lang='lat' dir='ltr'><strong>novit,</strong></span> <span class='ocrx_word' id='word_1_519' title='bbox 2192 3364 2252 3425; x_wconf 90' lang='lat' dir='ltr'><strong>in</strong></span> <span class='ocrx_word' id='word_1_520' title='bbox 2313 3364 2437 3426; x_wconf 91' lang='lat' dir='ltr'><strong>ictu</strong></span> <span class='ocrx_word' id='word_1_521' title='bbox 2485 3365 2644 3427; x_wconf 90' lang='lat' dir='ltr'><strong>oculi</strong></span> <span class='ocrx_word' id='word_1_522' title='bbox 2702 3367 2988 3443; x_wconf 90' lang='lat' dir='ltr'><strong>extendit,</strong></span> <span class='ocrx_word' id='word_1_523' title='bbox 3051 3367 3348 3449; x_wconf 90' lang='lat' dir='ltr'><strong>simulque</strong></span> <span class='ocrx_word' id='word_1_524' title='bbox 3381 3376 3626 3445; x_wconf 90' lang='lat' dir='ltr'><strong>terram,</strong></span> 
     </span>
    </p>
   </div>
   <div class='ocr_carea' id='block_1_62' title="bbox 1976 3454 3632 3538">
    <p class='ocr_par' dir='ltr' id='par_1_62' title="bbox 1976 3454 3632 3538">
     <span class='ocr_line' id='line_1_62' title="bbox 1976 3454 3632 3538; baseline 0.003 -24"><span class='ocrx_word' id='word_1_525' title='bbox 1976 3472 2178 3534; x_wconf 87' lang='lat' dir='ltr'><strong>aquas,</strong></span> <span class='ocrx_word' id='word_1_526' title='bbox 2214 3462 2272 3514; x_wconf 93' lang='lat' dir='ltr'><strong>et</strong></span> <span class='ocrx_word' id='word_1_527' title='bbox 2303 3472 2512 3515; x_wconf 90' lang='lat' dir='ltr'><strong>omnes</strong></span> <span class='ocrx_word' id='word_1_528' title='bbox 2544 3454 2787 3536; x_wconf 83' lang='lat' dir='ltr'><strong>abyssos</strong></span> <span class='ocrx_word' id='word_1_529' title='bbox 2817 3456 2878 3517; x_wconf 91' lang='lat' dir='ltr'><strong>in</strong></span> <span class='ocrx_word' id='word_1_530' title='bbox 2911 3456 3108 3518; x_wconf 92' lang='lat' dir='ltr'><strong>medio</strong></span> <span class='ocrx_word' id='word_1_531' title='bbox 3142 3457 3456 3537; x_wconf 89' lang='lat' dir='ltr'><strong>complexu</strong></span> <span class='ocrx_word' id='word_1_532' title='bbox 3502 3459 3632 3538; x_wconf 89' lang='lat' dir='ltr'><strong>ejus</strong></span> 
     </span>
    </p>
   </div>
   <div class='ocr_carea' id='block_1_63' title="bbox 1975 3543 3629 3626">
    <p class='ocr_par' dir='ltr' id='par_1_63' title="bbox 1975 3543 3629 3626">
     <span class='ocr_line' id='line_1_63' title="bbox 1975 3543 3629 3626; baseline 0.002 -23"><span class='ocrx_word' id='word_1_533' title='bbox 1975 3543 2099 3603; x_wconf 91' lang='lat' dir='ltr'><strong>sola</strong></span> <span class='ocrx_word' id='word_1_534' title='bbox 2127 3543 2426 3605; x_wconf 88' lang='lat' dir='ltr'><strong>voluntate</strong></span> <span class='ocrx_word' id='word_1_535' title='bbox 2462 3543 2600 3604; x_wconf 89' lang='lat' dir='ltr'><strong>talia</strong></span> <span class='ocrx_word' id='word_1_536' title='bbox 2651 3545 2810 3620; x_wconf 80' lang='lat' dir='ltr'><strong>fecit,</strong></span> <span class='ocrx_word' id='word_1_537' title='bbox 2869 3545 3065 3626; x_wconf 90' lang='lat' dir='ltr'><strong>qualia</strong></span> <span class='ocrx_word' id='word_1_538' title='bbox 3121 3564 3278 3606; x_wconf 91' lang='lat' dir='ltr'><strong>nunc</strong></span> <span class='ocrx_word' id='word_1_539' title='bbox 3307 3545 3575 3607; x_wconf 90' lang='lat' dir='ltr'><strong>videmus</strong></span> <span class='ocrx_word' id='word_1_540' title='bbox 3614 3568 3629 3622; x_wconf 89' lang='lat'><strong>;</strong></span> 
     </span>
    </p>
   </div>
   <div class='ocr_carea' id='block_1_64' title="bbox 1976 3631 3630 3712">
    <p class='ocr_par' dir='ltr' id='par_1_64' title="bbox 1976 3631 3630 3712">
     <span class='ocr_line' id='line_1_64' title="bbox 1976 3631 3630 3712; baseline 0.004 -22"><span class='ocrx_word' id='word_1_541' title='bbox 1976 3631 2310 3712; x_wconf 89' lang='lat' dir='ltr'><strong>mansitque</strong></span> <span class='ocrx_word' id='word_1_542' title='bbox 2333 3634 2388 3694; x_wconf 93' lang='lat' dir='ltr'><strong>in</strong></span> <span class='ocrx_word' id='word_1_543' title='bbox 2418 3632 2510 3694; x_wconf 90' lang='lat' dir='ltr'><strong>his</strong></span> <span class='ocrx_word' id='word_1_544' title='bbox 2530 3631 2732 3694; x_wconf 89' lang='lat' dir='ltr'><strong>lumen</strong></span> <span class='ocrx_word' id='word_1_545' title='bbox 2756 3633 2902 3694; x_wconf 92' lang='lat' dir='ltr'><strong>illud</strong></span> <span class='ocrx_word' id='word_1_546' title='bbox 2941 3633 3358 3708; x_wconf 88' lang='lat' dir='ltr'><strong>immateriale,</strong></span> <span class='ocrx_word' id='word_1_547' title='bbox 3383 3633 3533 3695; x_wconf 89' lang='lat' dir='ltr'><strong>nihil</strong></span> <span class='ocrx_word' id='word_1_548' title='bbox 3561 3653 3630 3696; x_wconf 86' lang='lat' dir='ltr'><strong>ex</strong></span> 
     </span>
    </p>
   </div>
   <div class='ocr_carea' id='block_1_65' title="bbox 1973 3720 3627 3803">
    <p class='ocr_par' dir='ltr' id='par_1_65' title="bbox 1973 3720 3627 3803">
     <span class='ocr_line' id='line_1_65' title="bbox 1973 3720 3627 3803; baseline 0.001 -22"><span class='ocrx_word' id='word_1_549' title='bbox 1973 3720 2065 3782; x_wconf 91' lang='lat' dir='ltr'><strong>his</strong></span> <span class='ocrx_word' id='word_1_550' title='bbox 2091 3721 2478 3803; x_wconf 88' lang='lat' dir='ltr'><strong>participans.</strong></span> <span class='ocrx_word' id='word_1_551' title='bbox 2526 3721 2751 3784; x_wconf 67' lang='lat' dir='ltr'><strong>Caelum</strong></span> <span class='ocrx_word' id='word_1_552' title='bbox 2785 3731 3122 3798; x_wconf 87' lang='lat' dir='ltr'><strong>extensum,</strong></span> <span class='ocrx_word' id='word_1_553' title='bbox 3159 3729 3217 3784; x_wconf 89' lang='lat' dir='ltr'><strong>et</strong></span> <span class='ocrx_word' id='word_1_554' title='bbox 3245 3724 3450 3784; x_wconf 91' lang='lat' dir='ltr'><strong>sensui</strong></span> <span class='ocrx_word' id='word_1_555' title='bbox 3478 3723 3627 3784; x_wconf 91' lang='lat' dir='ltr'><strong>sub-</strong></span> 
     </span>
    </p>
   </div>
   <div class='ocr_carea' id='block_1_66' title="bbox 1968 3809 3630 3891">
    <p class='ocr_par' dir='ltr' id='par_1_66' title="bbox 1968 3809 3630 3891">
     <span class='ocr_line' id='line_1_66' title="bbox 1968 3809 3630 3891; baseline 0.001 -21"><span class='ocrx_word' id='word_1_556' title='bbox 1968 3809 2218 3888; x_wconf 86' lang='lat' dir='ltr'><strong>jectum,</strong></span> <span class='ocrx_word' id='word_1_557' title='bbox 2246 3818 2311 3872; x_wconf 90' lang='lat' dir='ltr'><strong>ut</strong></span> <span class='ocrx_word' id='word_1_558' title='bbox 2334 3811 2480 3891; x_wconf 83' lang='lat' dir='ltr'><strong>dixi,</strong></span> <span class='ocrx_word' id='word_1_559' title='bbox 2501 3810 2782 3873; x_wconf 90' lang='lat' dir='ltr'><strong>alumine</strong></span> <span class='ocrx_word' id='word_1_560' title='bbox 2808 3811 3188 3874; x_wconf 90' lang='lat' dir='ltr'><strong>immateriali</strong></span> <span class='ocrx_word' id='word_1_561' title='bbox 3206 3831 3323 3873; x_wconf 91' lang='lat' dir='ltr'><strong>non</strong></span> <span class='ocrx_word' id='word_1_562' title='bbox 3341 3811 3630 3874; x_wconf 89' lang='lat' dir='ltr'><strong>scintillas</strong></span> 
     </span>
    </p>
   </div>
   <div class='ocr_carea' id='block_1_67' title="bbox 1974 3897 3630 3980">
    <p class='ocr_par' dir='ltr' id='par_1_67' title="bbox 1974 3897 3630 3980">
     <span class='ocr_line' id='line_1_67' title="bbox 1974 3897 3630 3980; baseline 0.002 -22"><span class='ocrx_word' id='word_1_563' title='bbox 1974 3897 2200 3978; x_wconf 87' lang='lat' dir='ltr'><strong>aliquas</strong></span> <span class='ocrx_word' id='word_1_564' title='bbox 2231 3899 2515 3960; x_wconf 87' lang='lat' dir='ltr'><strong>excussit.</strong></span> <span class='ocrx_word' id='word_1_565' title='bbox 2542 3897 2688 3960; x_wconf 89' lang='lat' dir='ltr'><strong>Nam</strong></span> <span class='ocrx_word' id='word_1_566' title='bbox 2714 3918 2848 3960; x_wconf 89' lang='lat' dir='ltr'><strong>cum</strong></span> <span class='ocrx_word' id='word_1_567' title='bbox 2884 3900 2946 3960; x_wconf 90' lang='lat' dir='ltr'><strong>in</strong></span> <span class='ocrx_word' id='word_1_568' title='bbox 2975 3899 3050 3960; x_wconf 92' lang='lat' dir='ltr'><strong>iis</strong></span> <span class='ocrx_word' id='word_1_569' title='bbox 3082 3899 3180 3975; x_wconf 88' lang='lat' dir='ltr'><strong>sit,</strong></span> <span class='ocrx_word' id='word_1_570' title='bbox 3216 3919 3348 3980; x_wconf 66' lang='lat' dir='ltr'><strong>quae</strong></span> <span class='ocrx_word' id='word_1_571' title='bbox 3378 3900 3630 3962; x_wconf 90' lang='lat' dir='ltr'><strong>materia</strong></span> 
     </span>
    </p>
   </div>
   <div class='ocr_carea' id='block_1_68' title="bbox 1977 3988 3624 4070">
    <p class='ocr_par' dir='ltr' id='par_1_68' title="bbox 1977 3988 3624 4070">
     <span class='ocr_line' id='line_1_68' title="bbox 1977 3988 3624 4070; baseline 0.001 -22"><span class='ocrx_word' id='word_1_572' title='bbox 1977 3995 2269 4064; x_wconf 89' lang='lat' dir='ltr'><strong>constant,</strong></span> <span class='ocrx_word' id='word_1_573' title='bbox 2294 3994 2494 4049; x_wconf 89' lang='lat' dir='ltr'><strong>tamen</strong></span> <span class='ocrx_word' id='word_1_574' title='bbox 2517 3995 2680 4049; x_wconf 80' lang='lat' dir='ltr'><strong>extra</strong></span> <span class='ocrx_word' id='word_1_575' title='bbox 2702 4007 2771 4049; x_wconf 89' lang='lat' dir='ltr'><strong>ea</strong></span> <span class='ocrx_word' id='word_1_576' title='bbox 2788 3988 3056 4064; x_wconf 91' lang='lat' dir='ltr'><strong>omnino,</strong></span> <span class='ocrx_word' id='word_1_577' title='bbox 3079 4007 3197 4050; x_wconf 91' lang='lat' dir='ltr'><strong>non</strong></span> <span class='ocrx_word' id='word_1_578' title='bbox 3215 3988 3624 4070; x_wconf 90' lang='lat' dir='ltr'><strong>quidemloco,</strong></span> 
     </span>
    </p>
   </div>
   <div class='ocr_carea' id='block_1_69' title="bbox 1975 4077 3626 4153">
    <p class='ocr_par' dir='ltr' id='par_1_69' title="bbox 1975 4077 3626 4153">
     <span class='ocr_line' id='line_1_69' title="bbox 1975 4077 3626 4153; baseline 0 -17"><span class='ocrx_word' id='word_1_579' title='bbox 1975 4077 2080 4138; x_wconf 90' lang='lat' dir='ltr'><strong>sed</strong></span> <span class='ocrx_word' id='word_1_580' title='bbox 2113 4083 2322 4138; x_wconf 89' lang='lat' dir='ltr'><strong>natura</strong></span> <span class='ocrx_word' id='word_1_581' title='bbox 2353 4085 2412 4139; x_wconf 91' lang='lat' dir='ltr'><strong>et</strong></span> <span class='ocrx_word' id='word_1_582' title='bbox 2440 4077 2701 4140; x_wconf 87' lang='lat' dir='ltr'><strong>essentia</strong></span> <span class='ocrx_word' id='word_1_583' title='bbox 2732 4086 2846 4153; x_wconf 89' lang='lat' dir='ltr'><strong>est,</strong></span> <span class='ocrx_word' id='word_1_584' title='bbox 2908 4095 2943 4138; x_wconf 89' lang='lat' dir='ltr'><strong>a</strong></span> <span class='ocrx_word' id='word_1_585' title='bbox 3001 4077 3412 4140; x_wconf 89' lang='lat' dir='ltr'><strong>materialibus</strong></span> <span class='ocrx_word' id='word_1_586' title='bbox 3441 4079 3626 4152; x_wconf 91' lang='lat' dir='ltr'><strong>enim,</strong></span> 
     </span>
    </p>
   </div>
   <div class='ocr_carea' id='block_1_70' title="bbox 1974 4165 3629 4248">
    <p class='ocr_par' dir='ltr' id='par_1_70' title="bbox 1974 4165 3629 4248">
     <span class='ocr_line' id='line_1_70' title="bbox 1974 4165 3629 4248; baseline 0.001 -22"><span class='ocrx_word' id='word_1_587' title='bbox 1974 4165 2078 4243; x_wconf 90' lang='lat' dir='ltr'><strong>qui</strong></span> <span class='ocrx_word' id='word_1_588' title='bbox 2101 4165 2448 4244; x_wconf 87' lang='lat' dir='ltr'><strong>longissime</strong></span> <span class='ocrx_word' id='word_1_589' title='bbox 2466 4167 2632 4228; x_wconf 91' lang='lat' dir='ltr'><strong>abest</strong></span> <span class='ocrx_word' id='word_1_590' title='bbox 2655 4185 2688 4228; x_wconf 92' lang='lat' dir='ltr'><strong>a</strong></span> <span class='ocrx_word' id='word_1_591' title='bbox 2712 4167 2983 4242; x_wconf 84' lang='lat' dir='ltr'><strong>materia,</strong></span> <span class='ocrx_word' id='word_1_592' title='bbox 3010 4176 3341 4248; x_wconf 89' lang='lat' dir='ltr'><strong>separatur,</strong></span> <span class='ocrx_word' id='word_1_593' title='bbox 3377 4184 3496 4227; x_wconf 93' lang='lat' dir='ltr'><strong>non</strong></span> <span class='ocrx_word' id='word_1_594' title='bbox 3527 4166 3629 4227; x_wconf 87' lang='lat' dir='ltr'><strong>ha-</strong></span> 
     </span>
    </p>
   </div>
   <div class='ocr_carea' id='block_1_71' title="bbox 1973 4253 3626 4337">
    <p class='ocr_par' dir='ltr' id='par_1_71' title="bbox 1973 4253 3626 4337">
     <span class='ocr_line' id='line_1_71' title="bbox 1973 4253 3626 4337; baseline 0.001 -23"><span class='ocrx_word' id='word_1_595' title='bbox 1973 4253 2120 4315; x_wconf 92' lang='lat' dir='ltr'><strong>bens</strong></span> <span class='ocrx_word' id='word_1_596' title='bbox 2149 4256 2346 4316; x_wconf 90' lang='lat' dir='ltr'><strong>locum</strong></span> <span class='ocrx_word' id='word_1_597' title='bbox 2369 4255 2484 4317; x_wconf 91' lang='lat' dir='ltr'><strong>sibi</strong></span> <span class='ocrx_word' id='word_1_598' title='bbox 2509 4255 2841 4336; x_wconf 87' lang='lat' dir='ltr'><strong>proprium,</strong></span> <span class='ocrx_word' id='word_1_599' title='bbox 2859 4255 3340 4337; x_wconf 87' lang='lat' dir='ltr'><strong>quandoquidem</strong></span> <span class='ocrx_word' id='word_1_600' title='bbox 3371 4273 3490 4316; x_wconf 90' lang='lat' dir='ltr'><strong>non</strong></span> <span class='ocrx_word' id='word_1_601' title='bbox 3505 4256 3626 4316; x_wconf 87' lang='lat' dir='ltr'><strong>cir-</strong></span> 
     </span>
    </p>
   </div>
   <div class='ocr_carea' id='block_1_72' title="bbox 1971 4343 3622 4425">
    <p class='ocr_par' dir='ltr' id='par_1_72' title="bbox 1971 4343 3622 4425">
     <span class='ocr_line' id='line_1_72' title="bbox 1971 4343 3622 4425; baseline 0.001 -22"><span class='ocrx_word' id='word_1_602' title='bbox 1971 4343 2415 4407; x_wconf 87' lang='lat' dir='ltr'><strong>cumscribitur.</strong></span> <span class='ocrx_word' id='word_1_603' title='bbox 2441 4344 2574 4425; x_wconf 91' lang='lat' dir='ltr'><strong>Ipse</strong></span> <span class='ocrx_word' id='word_1_604' title='bbox 2599 4345 2779 4407; x_wconf 85' lang='lat' dir='ltr'><strong>verbo</strong></span> <span class='ocrx_word' id='word_1_605' title='bbox 2804 4345 3004 4408; x_wconf 89' lang='lat' dir='ltr'><strong>omnia</strong></span> <span class='ocrx_word' id='word_1_606' title='bbox 3023 4346 3084 4405; x_wconf 91' lang='lat' dir='ltr'><strong>in</strong></span> <span class='ocrx_word' id='word_1_607' title='bbox 3101 4347 3300 4425; x_wconf 91' lang='lat' dir='ltr'><strong>seipso</strong></span> <span class='ocrx_word' id='word_1_608' title='bbox 3325 4343 3622 4424; x_wconf 88' lang='lat' dir='ltr'><strong>producit,</strong></span> 
     </span>
    </p>
   </div>
   <div class='ocr_carea' id='block_1_73' title="bbox 311 4434 3626 4528">
    <p class='ocr_par' dir='ltr' id='par_1_73' title="bbox 311 4434 3626 4528">
     <span class='ocr_line' id='line_1_73' title="bbox 311 4434 3626 4528; baseline 0.003 -24"><span class='ocrx_word' id='word_1_609' title='bbox 311 4463 465 4528; x_wconf 62' lang='lat' dir='ltr'><strong>itum</strong></span> <span class='ocrx_word' id='word_1_610' title='bbox 515 4465 650 4509; x_wconf 83' lang='lat' dir='ltr'><strong>cum</strong></span> <span class='ocrx_word' id='word_1_611' title='bbox 702 4434 946 4509; x_wconf 51' lang='lat' dir='ltr'><strong>ratione</strong></span> <span class='ocrx_word' id='word_1_612' title='bbox 994 4449 1410 4528; x_wconf 79' lang='lat' dir='ltr'><strong>pugnantium</strong></span> <span class='ocrx_word' id='word_1_613' title='bbox 1459 4454 1882 4527; x_wconf 73' lang='lat' dir='ltr'><strong>expurgatam,</strong></span> <span class='ocrx_word' id='word_1_614' title='bbox 1909 4447 1952 4498; x_wconf 84' lang='lat' dir='ltr'><strong>D</strong></span> <span class='ocrx_word' id='word_1_615' title='bbox 1973 4441 2029 4492; x_wconf 75' lang='grc' dir='ltr'><strong>θῐ</strong></span> <span class='ocrx_word' id='word_1_616' title='bbox 2053 4440 2260 4528; x_wconf 48' lang='lat' dir='ltr'><strong>&quot;ait&quot;?</strong></span> <span class='ocrx_word' id='word_1_617' title='bbox 2292 4452 2327 4495; x_wconf 68' lang='lat'><strong>3</strong></span> <span class='ocrx_word' id='word_1_618' title='bbox 2360 4434 2574 4528; x_wconf 64' lang='grc' dir='ltr'><strong>ςῖθειιίε</strong></span> <span class='ocrx_word' id='word_1_619' title='bbox 2607 4434 2900 4528; x_wconf 24' lang='lat' dir='ltr'><strong>omnibus,</strong></span> <span class='ocrx_word' id='word_1_620' title='bbox 2936 4435 3263 4528; x_wconf 56' lang='grc' dir='ltr'><strong>εθὶυηὲιυεν</strong></span> <span class='ocrx_word' id='word_1_621' title='bbox 3295 4441 3626 4528; x_wconf 45' lang='lat' dir='ltr'><strong>“Portam</strong></span> 
     </span>
    </p>
   </div>
   <div class='ocr_carea' id='block_1_74' title="bbox 317 4525 1887 4602">
    <p class='ocr_par' dir='ltr' id='par_1_74' title="bbox 317 4525 1887 4602">
     <span class='ocr_line' id='line_1_74' title="bbox 317 4525 1887 4602; baseline 0.003 -17"><span class='ocrx_word' id='word_1_622' title='bbox 317 4525 515 4586; x_wconf 81' lang='lat' dir='ltr'><strong>Deum</strong></span> <span class='ocrx_word' id='word_1_623' title='bbox 564 4528 958 4602; x_wconf 68' lang='lat' dir='ltr'><strong>itavisibilem,</strong></span> <span class='ocrx_word' id='word_1_624' title='bbox 994 4525 1060 4590; x_wconf 71' lang='grc' dir='ltr'><strong>ἐἰ</strong></span> <span class='ocrx_word' id='word_1_625' title='bbox 1118 4546 1155 4589; x_wconf 88' lang='lat' dir='ltr'><strong>a</strong></span> <span class='ocrx_word' id='word_1_626' title='bbox 1212 4525 1583 4589; x_wconf 71' lang='lat' dir='ltr'><strong>concretione</strong></span> <span class='ocrx_word' id='word_1_627' title='bbox 1611 4525 1887 4591; x_wconf 63' lang='lat' dir='ltr'><strong>Materiae</strong></span> 
     </span>
    </p>
   </div>
   <div class='ocr_carea' id='block_1_75' title="bbox 315 4605 904 4688">
    <p class='ocr_par' dir='ltr' id='par_1_75' title="bbox 315 4605 904 4688">
     <span class='ocr_line' id='line_1_75' title="bbox 315 4605 904 4688; baseline 0.003 -24"><span class='ocrx_word' id='word_1_628' title='bbox 315 4605 579 4668; x_wconf 66' lang='lat' dir='ltr'><strong>liberum</strong></span> <span class='ocrx_word' id='word_1_629' title='bbox 605 4609 904 4688; x_wconf 76' lang='lat' dir='ltr'><strong>aspicere.</strong></span> 
     </span>
    </p>
   </div>
   <div class='ocr_carea' id='block_1_76' title="bbox 311 4699 1879 4781">
    <p class='ocr_par' dir='ltr' id='par_1_76' title="bbox 311 4699 1879 4781">
     <span class='ocr_line' id='line_1_76' title="bbox 311 4699 1879 4781; baseline 0 -21"><span class='ocrx_word' id='word_1_630' title='bbox 311 4700 498 4771; x_wconf 89' lang='lat' dir='ltr'><strong>Quam</strong></span> <span class='ocrx_word' id='word_1_631' title='bbox 531 4701 684 4761; x_wconf 90' lang='lat' dir='ltr'><strong>viam</strong></span> <span class='ocrx_word' id='word_1_632' title='bbox 709 4702 1029 4777; x_wconf 79' lang='lat' dir='ltr'><strong>ambulem,</strong></span> <span class='ocrx_word' id='word_1_633' title='bbox 1057 4721 1236 4781; x_wconf 86' lang='lat' dir='ltr'><strong>quam</strong></span> <span class='ocrx_word' id='word_1_634' title='bbox 1261 4701 1533 4762; x_wconf 87' lang='lat' dir='ltr'><strong>semitam</strong></span> <span class='ocrx_word' id='word_1_635' title='bbox 1559 4699 1879 4776; x_wconf 85' lang='lat' dir='ltr'><strong>declinem,</strong></span> 
     </span>
    </p>
   </div>
   <div class='ocr_carea' id='block_1_77' title="bbox 233 4788 1878 4870">
    <p class='ocr_par' dir='ltr' id='par_1_77' title="bbox 233 4788 1878 4870">
     <span class='ocr_line' id='line_1_77' title="bbox 233 4788 1878 4870; baseline 0.001 -22"><span class='ocrx_word' id='word_1_636' title='bbox 233 4809 403 4868; x_wconf 68' lang='lat' dir='ltr'><strong>quaen</strong></span> <span class='ocrx_word' id='word_1_637' title='bbox 436 4790 743 4868; x_wconf 85' lang='lat' dir='ltr'><strong>ingrediar</strong></span> <span class='ocrx_word' id='word_1_638' title='bbox 773 4800 1024 4870; x_wconf 89' lang='lat' dir='ltr'><strong>portam,</strong></span> <span class='ocrx_word' id='word_1_639' title='bbox 1085 4809 1260 4870; x_wconf 88' lang='lat' dir='ltr'><strong>quam</strong></span> <span class='ocrx_word' id='word_1_640' title='bbox 1321 4788 1586 4870; x_wconf 80' lang='lat' dir='ltr'><strong>aperiam</strong></span> <span class='ocrx_word' id='word_1_641' title='bbox 1611 4790 1878 4867; x_wconf 90' lang='lat' dir='ltr'><strong>januam,</strong></span> 
     </span>
    </p>
   </div>
   <div class='ocr_carea' id='block_1_78' title="bbox 233 4879 1880 4960">
    <p class='ocr_par' dir='ltr' id='par_1_78' title="bbox 233 4879 1880 4960">
     <span class='ocr_line' id='line_1_78' title="bbox 233 4879 1880 4960; baseline 0.001 -23"><span class='ocrx_word' id='word_1_642' title='bbox 233 4880 383 4939; x_wconf 76' lang='lat' dir='ltr'><strong>intra</strong></span> <span class='ocrx_word' id='word_1_643' title='bbox 416 4879 573 4959; x_wconf 91' lang='lat' dir='ltr'><strong>quod</strong></span> <span class='ocrx_word' id='word_1_644' title='bbox 597 4880 957 4955; x_wconf 88' lang='lat' dir='ltr'><strong>cubiculum,</strong></span> <span class='ocrx_word' id='word_1_645' title='bbox 984 4881 1138 4942; x_wconf 87' lang='lat' dir='ltr'><strong>intra</strong></span> <span class='ocrx_word' id='word_1_646' title='bbox 1167 4898 1364 4960; x_wconf 83' lang='lat' dir='ltr'><strong>quam,</strong></span> <span class='ocrx_word' id='word_1_647' title='bbox 1392 4879 1743 4958; x_wconf 89' lang='lat' dir='ltr'><strong>autqualem</strong></span> <span class='ocrx_word' id='word_1_648' title='bbox 1769 4879 1880 4938; x_wconf 88' lang='lat' dir='ltr'><strong>do-</strong></span> 
     </span>
    </p>
   </div>
   <div class='ocr_carea' id='block_1_79' title="bbox 236 4966 1883 5049">
    <p class='ocr_par' dir='ltr' id='par_1_79' title="bbox 236 4966 1883 5049">
     <span class='ocr_line' id='line_1_79' title="bbox 236 4966 1883 5049; baseline 0.001 -21"><span class='ocrx_word' id='word_1_649' title='bbox 236 4988 395 5028; x_wconf 89' lang='lat' dir='ltr'><strong>mum</strong></span> <span class='ocrx_word' id='word_1_650' title='bbox 428 4969 749 5034; x_wconf 85' lang='lat' dir='ltr'><strong>inveniam.</strong></span> <span class='ocrx_word' id='word_1_651' title='bbox 810 4970 911 5049; x_wconf 89' lang='lat' dir='ltr'><strong>qui</strong></span> <span class='ocrx_word' id='word_1_652' title='bbox 972 4989 1150 5030; x_wconf 87' lang='lat' dir='ltr'><strong>manu</strong></span> <span class='ocrx_word' id='word_1_653' title='bbox 1199 4988 1301 5030; x_wconf 90' lang='lat' dir='ltr'><strong>sua</strong></span> <span class='ocrx_word' id='word_1_654' title='bbox 1361 4975 1526 5028; x_wconf 87' lang='lat' dir='ltr'><strong>tenet</strong></span> <span class='ocrx_word' id='word_1_655' title='bbox 1553 4966 1883 5030; x_wconf 85' lang='lat' dir='ltr'><strong>universa?</strong></span> 
     </span>
    </p>
   </div>
   <div class='ocr_carea' id='block_1_80' title="bbox 233 5056 1883 5138">
    <p class='ocr_par' dir='ltr' id='par_1_80' title="bbox 233 5056 1883 5138">
     <span class='ocr_line' id='line_1_80' title="bbox 233 5056 1883 5138; baseline -0.001 -20"><span class='ocrx_word' id='word_1_656' title='bbox 233 5057 417 5129; x_wconf 89' lang='lat' dir='ltr'><strong>Quem</strong></span> <span class='ocrx_word' id='word_1_657' title='bbox 455 5067 714 5120; x_wconf 87' lang='lat' dir='ltr'><strong>montem</strong></span> <span class='ocrx_word' id='word_1_658' title='bbox 742 5059 1164 5138; x_wconf 87' lang='lat' dir='ltr'><strong>conscendam,</strong></span> <span class='ocrx_word' id='word_1_659' title='bbox 1190 5077 1258 5120; x_wconf 87' lang='lat' dir='ltr'><strong>ex</strong></span> <span class='ocrx_word' id='word_1_660' title='bbox 1283 5077 1399 5138; x_wconf 86' lang='lat' dir='ltr'><strong>qua</strong></span> <span class='ocrx_word' id='word_1_661' title='bbox 1431 5063 1616 5136; x_wconf 84' lang='lat' dir='ltr'><strong>parte,</strong></span> <span class='ocrx_word' id='word_1_662' title='bbox 1647 5064 1705 5117; x_wconf 91' lang='lat' dir='ltr'><strong>et</strong></span> <span class='ocrx_word' id='word_1_663' title='bbox 1725 5056 1883 5136; x_wconf 88' lang='lat' dir='ltr'><strong>quod</strong></span> 
     </span>
    </p>
   </div>
   <div class='ocr_carea' id='block_1_81' title="bbox 233 5145 1884 5229">
    <p class='ocr_par' dir='ltr' id='par_1_81' title="bbox 233 5145 1884 5229">
     <span class='ocr_line' id='line_1_81' title="bbox 233 5145 1884 5229; baseline -0.001 -21"><span class='ocrx_word' id='word_1_664' title='bbox 233 5155 466 5208; x_wconf 88' lang='lat' dir='ltr'><strong>antrum</strong></span> <span class='ocrx_word' id='word_1_665' title='bbox 491 5148 632 5209; x_wconf 89' lang='lat' dir='ltr'><strong>illuc</strong></span> <span class='ocrx_word' id='word_1_666' title='bbox 651 5150 1015 5228; x_wconf 85' lang='lat' dir='ltr'><strong>contingam,</strong></span> <span class='ocrx_word' id='word_1_667' title='bbox 1045 5158 1336 5229; x_wconf 90' lang='lat' dir='ltr'><strong>autquem</strong></span> <span class='ocrx_word' id='word_1_668' title='bbox 1370 5145 1642 5227; x_wconf 89' lang='lat' dir='ltr'><strong>paludem</strong></span> <span class='ocrx_word' id='word_1_669' title='bbox 1670 5164 1884 5225; x_wconf 89' lang='lat' dir='ltr'><strong>perva-</strong></span> 
     </span>
    </p>
   </div>
   <div class='ocr_carea' id='block_1_82' title="bbox 231 5235 1878 5318">
    <p class='ocr_par' dir='ltr' id='par_1_82' title="bbox 231 5235 1878 5318">
     <span class='ocr_line' id='line_1_82' title="bbox 231 5235 1878 5318; baseline -0.001 -20"><span class='ocrx_word' id='word_1_670' title='bbox 231 5236 399 5318; x_wconf 90' lang='lat' dir='ltr'><strong>dens,</strong></span> <span class='ocrx_word' id='word_1_671' title='bbox 434 5237 656 5318; x_wconf 88' lang='lat' dir='ltr'><strong>ubique</strong></span> <span class='ocrx_word' id='word_1_672' title='bbox 680 5248 1054 5318; x_wconf 84' lang='lat' dir='ltr'><strong>praesentem,</strong></span> <span class='ocrx_word' id='word_1_673' title='bbox 1073 5235 1878 5317; x_wconf 86' lang='lat' dir='ltr'><strong>etincomprehensum,ina-</strong></span> 
     </span>
    </p>
   </div>
   <div class='ocr_carea' id='block_1_83' title="bbox 233 5325 1884 5409">
    <p class='ocr_par' dir='ltr' id='par_1_83' title="bbox 233 5325 1884 5409">
     <span class='ocr_line' id='line_1_83' title="bbox 233 5325 1884 5409; baseline 0 -23"><span class='ocrx_word' id='word_1_674' title='bbox 233 5328 617 5406; x_wconf 89' lang='lat' dir='ltr'><strong>spectabilem</strong></span> <span class='ocrx_word' id='word_1_675' title='bbox 647 5329 867 5404; x_wconf 89' lang='lat' dir='ltr'><strong>videre,</strong></span> <span class='ocrx_word' id='word_1_676' title='bbox 910 5329 1112 5409; x_wconf 92' lang='lat' dir='ltr'><strong>miser,</strong></span> <span class='ocrx_word' id='word_1_677' title='bbox 1159 5337 1217 5390; x_wconf 88' lang='lat' dir='ltr'><strong>et</strong></span> <span class='ocrx_word' id='word_1_678' title='bbox 1243 5328 1516 5388; x_wconf 89' lang='lat' dir='ltr'><strong>obtinere</strong></span> <span class='ocrx_word' id='word_1_679' title='bbox 1548 5325 1824 5388; x_wconf 92' lang='lat' dir='ltr'><strong>merebor</strong></span> <span class='ocrx_word' id='word_1_680' title='bbox 1853 5327 1884 5387; x_wconf 88' lang='lat'><strong>‘?</strong></span> 
     </span>
    </p>
   </div>
   <div class='ocr_carea' id='block_1_84' title="bbox 1971 4520 3620 4602">
    <p class='ocr_par' dir='ltr' id='par_1_84' title="bbox 1971 4520 3620 4602">
     <span class='ocr_line' id='line_1_84' title="bbox 1971 4520 3620 4602; baseline 0 -21"><span class='ocrx_word' id='word_1_681' title='bbox 1971 4522 2173 4582; x_wconf 88' lang='lat' dir='ltr'><strong>omnia</strong></span> <span class='ocrx_word' id='word_1_682' title='bbox 2203 4521 2263 4581; x_wconf 92' lang='lat' dir='ltr'><strong>in</strong></span> <span class='ocrx_word' id='word_1_683' title='bbox 2292 4521 2513 4602; x_wconf 92' lang='lat' dir='ltr'><strong>seipso,</strong></span> <span class='ocrx_word' id='word_1_684' title='bbox 2545 4529 2706 4584; x_wconf 86' lang='lat' dir='ltr'><strong>extra</strong></span> <span class='ocrx_word' id='word_1_685' title='bbox 2741 4522 2942 4583; x_wconf 90' lang='lat' dir='ltr'><strong>omnia</strong></span> <span class='ocrx_word' id='word_1_686' title='bbox 2970 4531 3077 4583; x_wconf 84' lang='lat' dir='ltr'><strong>est.</strong></span> <span class='ocrx_word' id='word_1_687' title='bbox 3112 4520 3620 4592; x_wconf 87' lang='lat' dir='ltr'><strong>Quemadmodum</strong></span> 
     </span>
    </p>
   </div>
   <div class='ocr_carea' id='block_1_85' title="bbox 1970 4608 3627 4689">
    <p class='ocr_par' dir='ltr' id='par_1_85' title="bbox 1970 4608 3627 4689">
     <span class='ocr_line' id='line_1_85' title="bbox 1970 4608 3627 4689; baseline 0.001 -21"><span class='ocrx_word' id='word_1_688' title='bbox 1970 4609 2128 4669; x_wconf 91' lang='lat' dir='ltr'><strong>enim</strong></span> <span class='ocrx_word' id='word_1_689' title='bbox 2153 4619 2440 4684; x_wconf 91' lang='lat' dir='ltr'><strong>mentem,</strong></span> <span class='ocrx_word' id='word_1_690' title='bbox 2472 4619 2532 4672; x_wconf 88' lang='lat' dir='ltr'><strong>et</strong></span> <span class='ocrx_word' id='word_1_691' title='bbox 2553 4611 2832 4689; x_wconf 88' lang='lat' dir='ltr'><strong>angelum</strong></span> <span class='ocrx_word' id='word_1_692' title='bbox 2869 4609 3047 4689; x_wconf 90' lang='lat' dir='ltr'><strong>muri,</strong></span> <span class='ocrx_word' id='word_1_693' title='bbox 3078 4619 3136 4670; x_wconf 88' lang='lat' dir='ltr'><strong>et</strong></span> <span class='ocrx_word' id='word_1_694' title='bbox 3169 4610 3366 4689; x_wconf 71' lang='lat' dir='ltr'><strong>januae</strong></span> <span class='ocrx_word' id='word_1_695' title='bbox 3386 4608 3462 4670; x_wconf 87' lang='lat' dir='ltr'><strong>ab</strong></span> <span class='ocrx_word' id='word_1_696' title='bbox 3480 4608 3627 4669; x_wconf 62' lang='lat' dir='ltr'><strong>aedi-</strong></span> 
     </span>
    </p>
   </div>
   <div class='ocr_carea' id='block_1_86' title="bbox 1971 4697 3622 4776">
    <p class='ocr_par' dir='ltr' id='par_1_86' title="bbox 1971 4697 3622 4776">
     <span class='ocr_line' id='line_1_86' title="bbox 1971 4697 3622 4776; baseline 0 -18"><span class='ocrx_word' id='word_1_697' title='bbox 1971 4697 2080 4758; x_wconf 91' lang='lat' dir='ltr'><strong>bus</strong></span> <span class='ocrx_word' id='word_1_698' title='bbox 2112 4717 2227 4758; x_wconf 89' lang='lat' dir='ltr'><strong>non</strong></span> <span class='ocrx_word' id='word_1_699' title='bbox 2261 4706 2488 4776; x_wconf 84' lang='lat' dir='ltr'><strong>arcent,</strong></span> <span class='ocrx_word' id='word_1_700' title='bbox 2523 4716 2634 4760; x_wconf 91' lang='lat' dir='ltr'><strong>nec</strong></span> <span class='ocrx_word' id='word_1_701' title='bbox 2688 4699 2848 4760; x_wconf 91' lang='lat' dir='ltr'><strong>intus</strong></span> <span class='ocrx_word' id='word_1_702' title='bbox 2907 4698 3181 4761; x_wconf 91' lang='lat' dir='ltr'><strong>detinent</strong></span> <span class='ocrx_word' id='word_1_703' title='bbox 3215 4715 3229 4759; x_wconf 87' lang='lat'><strong>:</strong></span> <span class='ocrx_word' id='word_1_704' title='bbox 3293 4697 3378 4757; x_wconf 92' lang='lat' dir='ltr'><strong>sic</strong></span> <span class='ocrx_word' id='word_1_705' title='bbox 3408 4698 3622 4758; x_wconf 90' lang='lat' dir='ltr'><strong>horum</strong></span> 
     </span>
    </p>
   </div>
   <div class='ocr_carea' id='block_1_87' title="bbox 1971 4785 3623 4868">
    <p class='ocr_par' dir='ltr' id='par_1_87' title="bbox 1971 4785 3623 4868">
     <span class='ocr_line' id='line_1_87' title="bbox 1971 4785 3623 4868; baseline 0 -22"><span class='ocrx_word' id='word_1_706' title='bbox 1971 4787 2166 4866; x_wconf 85' lang='lat' dir='ltr'><strong>opifex</strong></span> <span class='ocrx_word' id='word_1_707' title='bbox 2193 4787 2533 4866; x_wconf 91' lang='lat' dir='ltr'><strong>neutiquam</strong></span> <span class='ocrx_word' id='word_1_708' title='bbox 2568 4795 2754 4868; x_wconf 87' lang='lat' dir='ltr'><strong>extra,</strong></span> <span class='ocrx_word' id='word_1_709' title='bbox 2787 4806 2897 4849; x_wconf 90' lang='lat' dir='ltr'><strong>nec</strong></span> <span class='ocrx_word' id='word_1_710' title='bbox 2947 4790 3101 4847; x_wconf 90' lang='lat' dir='ltr'><strong>intra</strong></span> <span class='ocrx_word' id='word_1_711' title='bbox 3147 4785 3384 4857; x_wconf 67' lang='lat' dir='ltr'><strong>caelum,</strong></span> <span class='ocrx_word' id='word_1_712' title='bbox 3419 4804 3530 4846; x_wconf 92' lang='lat' dir='ltr'><strong>nec</strong></span> <span class='ocrx_word' id='word_1_713' title='bbox 3559 4786 3623 4847; x_wconf 91' lang='lat' dir='ltr'><strong>in</strong></span> 
     </span>
    </p>
   </div>
   <div class='ocr_carea' id='block_1_88' title="bbox 1967 4875 3624 4958">
    <p class='ocr_par' dir='ltr' id='par_1_88' title="bbox 1967 4875 3624 4958">
     <span class='ocr_line' id='line_1_88' title="bbox 1967 4875 3624 4958; baseline 0.001 -23"><span class='ocrx_word' id='word_1_714' title='bbox 1967 4877 2080 4936; x_wconf 87' lang='lat' dir='ltr'><strong>alio</strong></span> <span class='ocrx_word' id='word_1_715' title='bbox 2109 4877 2262 4949; x_wconf 90' lang='lat' dir='ltr'><strong>loco,</strong></span> <span class='ocrx_word' id='word_1_716' title='bbox 2288 4875 2393 4937; x_wconf 89' lang='lat' dir='ltr'><strong>sed</strong></span> <span class='ocrx_word' id='word_1_717' title='bbox 2417 4877 2657 4938; x_wconf 92' lang='lat' dir='ltr'><strong>omnino</strong></span> <span class='ocrx_word' id='word_1_718' title='bbox 2673 4877 2894 4958; x_wconf 90' lang='lat' dir='ltr'><strong>ubique</strong></span> <span class='ocrx_word' id='word_1_719' title='bbox 2908 4877 3067 4937; x_wconf 93' lang='lat' dir='ltr'><strong>Deus</strong></span> <span class='ocrx_word' id='word_1_720' title='bbox 3081 4883 3189 4952; x_wconf 90' lang='lat' dir='ltr'><strong>est,</strong></span> <span class='ocrx_word' id='word_1_721' title='bbox 3212 4881 3624 4952; x_wconf 86' lang='lat' dir='ltr'><strong>etsegregatus</strong></span> 
     </span>
    </p>
   </div>
   <div class='ocr_carea' id='block_1_89' title="bbox 1968 4963 3625 5046">
    <p class='ocr_par' dir='ltr' id='par_1_89' title="bbox 1968 4963 3625 5046">
     <span class='ocr_line' id='line_1_89' title="bbox 1968 4963 3625 5046; baseline -0.001 -21"><span class='ocrx_word' id='word_1_722' title='bbox 1968 4964 2040 5025; x_wconf 90' lang='lat' dir='ltr'><strong>ab</strong></span> <span class='ocrx_word' id='word_1_723' title='bbox 2072 4965 2346 5027; x_wconf 91' lang='lat' dir='ltr'><strong>omnibus</strong></span> <span class='ocrx_word' id='word_1_724' title='bbox 2379 4985 2512 5026; x_wconf 91' lang='lat' dir='ltr'><strong>cum</strong></span> <span class='ocrx_word' id='word_1_725' title='bbox 2547 4967 2796 5028; x_wconf 87' lang='lat' dir='ltr'><strong>materia</strong></span> <span class='ocrx_word' id='word_1_726' title='bbox 2826 4965 3183 5046; x_wconf 88' lang='lat' dir='ltr'><strong>conjunctis,</strong></span> <span class='ocrx_word' id='word_1_727' title='bbox 3221 4972 3280 5025; x_wconf 90' lang='lat' dir='ltr'><strong>et</strong></span> <span class='ocrx_word' id='word_1_728' title='bbox 3331 4963 3550 5025; x_wconf 91' lang='lat' dir='ltr'><strong>creatis</strong></span> <span class='ocrx_word' id='word_1_729' title='bbox 3590 4984 3625 5024; x_wconf 90' lang='lat' dir='ltr'><strong>a</strong></span> 
     </span>
    </p>
   </div>
   <div class='ocr_carea' id='block_1_90' title="bbox 1969 5055 3624 5136">
    <p class='ocr_par' dir='ltr' id='par_1_90' title="bbox 1969 5055 3624 5136">
     <span class='ocr_line' id='line_1_90' title="bbox 1969 5055 3624 5136; baseline 0.001 -23"><span class='ocrx_word' id='word_1_730' title='bbox 1969 5073 2031 5114; x_wconf 91' lang='lat' dir='ltr'><strong>se</strong></span> <span class='ocrx_word' id='word_1_731' title='bbox 2061 5056 2265 5118; x_wconf 90' lang='lat' dir='ltr'><strong>rebus.</strong></span> <span class='ocrx_word' id='word_1_732' title='bbox 2297 5055 2540 5117; x_wconf 90' lang='lat' dir='ltr'><strong>Factum</strong></span> <span class='ocrx_word' id='word_1_733' title='bbox 2575 5065 2664 5117; x_wconf 92' lang='lat' dir='ltr'><strong>est</strong></span> <span class='ocrx_word' id='word_1_734' title='bbox 2693 5056 2872 5136; x_wconf 85' lang='lat' dir='ltr'><strong>igitur</strong></span> <span class='ocrx_word' id='word_1_735' title='bbox 2928 5055 3172 5129; x_wconf 89' lang='lat' dir='ltr'><strong>coelum,</strong></span> <span class='ocrx_word' id='word_1_736' title='bbox 3206 5061 3265 5115; x_wconf 90' lang='lat' dir='ltr'><strong>et</strong></span> <span class='ocrx_word' id='word_1_737' title='bbox 3294 5061 3524 5128; x_wconf 91' lang='lat' dir='ltr'><strong>natura,</strong></span> <span class='ocrx_word' id='word_1_738' title='bbox 3561 5061 3624 5115; x_wconf 92' lang='lat' dir='ltr'><strong>ut</strong></span> 
     </span>
    </p>
   </div>
   <div class='ocr_carea' id='block_1_91' title="bbox 1968 5142 3625 5227">
    <p class='ocr_par' dir='ltr' id='par_1_91' title="bbox 1968 5142 3625 5227">
     <span class='ocr_line' id='line_1_91' title="bbox 1968 5142 3625 5227; baseline 0 -23"><span class='ocrx_word' id='word_1_739' title='bbox 1968 5143 2190 5205; x_wconf 91' lang='lat' dir='ltr'><strong>dictum</strong></span> <span class='ocrx_word' id='word_1_740' title='bbox 2216 5153 2330 5227; x_wconf 90' lang='lat' dir='ltr'><strong>est,</strong></span> <span class='ocrx_word' id='word_1_741' title='bbox 2357 5164 2390 5206; x_wconf 90' lang='lat' dir='ltr'><strong>a</strong></span> <span class='ocrx_word' id='word_1_742' title='bbox 2411 5147 2636 5209; x_wconf 88' lang='lat' dir='ltr'><strong>lumine</strong></span> <span class='ocrx_word' id='word_1_743' title='bbox 2659 5145 3041 5209; x_wconf 85' lang='lat' dir='ltr'><strong>immateriali</strong></span> <span class='ocrx_word' id='word_1_744' title='bbox 3058 5142 3405 5224; x_wconf 90' lang='lat' dir='ltr'><strong>discrepuit,</strong></span> <span class='ocrx_word' id='word_1_745' title='bbox 3424 5150 3625 5204; x_wconf 88' lang='lat' dir='ltr'><strong>ettan-</strong></span> 
     </span>
    </p>
   </div>
   <div class='ocr_carea' id='block_1_92' title="bbox 1968 5231 3622 5318">
    <p class='ocr_par' dir='ltr' id='par_1_92' title="bbox 1968 5231 3622 5318">
     <span class='ocr_line' id='line_1_92' title="bbox 1968 5231 3622 5318; baseline 0 -25"><span class='ocrx_word' id='word_1_746' title='bbox 1968 5252 2144 5314; x_wconf 90' lang='lat' dir='ltr'><strong>quam</strong></span> <span class='ocrx_word' id='word_1_747' title='bbox 2169 5233 2381 5295; x_wconf 90' lang='lat' dir='ltr'><strong>domus</strong></span> <span class='ocrx_word' id='word_1_748' title='bbox 2403 5243 2530 5297; x_wconf 89' lang='lat' dir='ltr'><strong>atra</strong></span> <span class='ocrx_word' id='word_1_749' title='bbox 2552 5235 2779 5318; x_wconf 87' lang='lat' dir='ltr'><strong>absque</strong></span> <span class='ocrx_word' id='word_1_750' title='bbox 2798 5235 3028 5298; x_wconf 90' lang='lat' dir='ltr'><strong>lumine</strong></span> <span class='ocrx_word' id='word_1_751' title='bbox 3065 5232 3279 5295; x_wconf 85' lang='lat' dir='ltr'><strong>mansit</strong></span> <span class='ocrx_word' id='word_1_752' title='bbox 3304 5249 3317 5293; x_wconf 94' lang='lat'>:</span> <span class='ocrx_word' id='word_1_753' title='bbox 3363 5231 3458 5293; x_wconf 89' lang='lat' dir='ltr'><strong>cui</strong></span> <span class='ocrx_word' id='word_1_754' title='bbox 3483 5233 3622 5294; x_wconf 89' lang='lat' dir='ltr'><strong>uni-</strong></span> 
     </span>
    </p>
   </div>
   <div class='ocr_carea' id='block_1_93' title="bbox 1967 5322 3622 5399">
    <p class='ocr_par' dir='ltr' id='par_1_93' title="bbox 1967 5322 3622 5399">
     <span class='ocr_line' id='line_1_93' title="bbox 1967 5322 3622 5399; baseline 0.002 -17"><span class='ocrx_word' id='word_1_755' title='bbox 1967 5323 2260 5385; x_wconf 84' lang='lat' dir='ltr'><strong>versitatis</strong></span> <span class='ocrx_word' id='word_1_756' title='bbox 2308 5324 2598 5386; x_wconf 90' lang='lat' dir='ltr'><strong>Dominus</strong></span> <span class='ocrx_word' id='word_1_757' title='bbox 2655 5327 2843 5388; x_wconf 92' lang='lat' dir='ltr'><strong>solem</strong></span> <span class='ocrx_word' id='word_1_758' title='bbox 2901 5331 2961 5386; x_wconf 92' lang='lat' dir='ltr'><strong>et</strong></span> <span class='ocrx_word' id='word_1_759' title='bbox 2989 5324 3194 5385; x_wconf 91' lang='lat' dir='ltr'><strong>lunam</strong></span> <span class='ocrx_word' id='word_1_760' title='bbox 3226 5322 3518 5399; x_wconf 84' lang='lat' dir='ltr'><strong>accendit,</strong></span> <span class='ocrx_word' id='word_1_761' title='bbox 3553 5332 3622 5386; x_wconf 92' lang='lat' dir='ltr'><strong>ut</strong></span> 
     </span>
    </p>
   </div>
   <div class='ocr_carea' id='block_1_94' title="bbox 230 5411 3616 5497">
    <p class='ocr_par' dir='ltr' id='par_1_94' title="bbox 230 5411 3616 5497">
     <span class='ocr_line' id='line_1_94' title="bbox 230 5411 3616 5497; baseline 0 -21"><span class='ocrx_word' id='word_1_762' title='bbox 230 5413 293 5476; x_wconf 92' lang='lat' dir='ltr'><strong>In</strong></span> <span class='ocrx_word' id='word_1_763' title='bbox 324 5437 502 5497; x_wconf 91' lang='lat' dir='ltr'><strong>quem</strong></span> <span class='ocrx_word' id='word_1_764' title='bbox 567 5418 863 5479; x_wconf 81' lang='lat' dir='ltr'><strong>infernum</strong></span> <span class='ocrx_word' id='word_1_765' title='bbox 924 5417 1308 5497; x_wconf 89' lang='lat' dir='ltr'><strong>descendam,</strong></span> <span class='ocrx_word' id='word_1_766' title='bbox 1370 5415 1431 5476; x_wconf 93' lang='lat' dir='ltr'><strong>in</strong></span> <span class='ocrx_word' id='word_1_767' title='bbox 1475 5415 1633 5496; x_wconf 89' lang='lat' dir='ltr'><strong>quod</strong></span> <span class='ocrx_word' id='word_1_768' title='bbox 1665 5415 1878 5476; x_wconf 78' lang='lat' dir='ltr'><strong>coelum</strong></span> <span class='ocrx_word' id='word_1_769' title='bbox 1963 5411 2093 5492; x_wconf 86' lang='lat' dir='ltr'><strong>ipsa</strong></span> <span class='ocrx_word' id='word_1_770' title='bbox 2116 5413 2428 5475; x_wconf 90' lang='lat' dir='ltr'><strong>sensibilia</strong></span> <span class='ocrx_word' id='word_1_771' title='bbox 2447 5415 2520 5477; x_wconf 89' lang='lat' dir='ltr'><strong>iis</strong></span> <span class='ocrx_word' id='word_1_772' title='bbox 2539 5415 2833 5488; x_wconf 85' lang='lat' dir='ltr'><strong>lucerent,</strong></span> <span class='ocrx_word' id='word_1_773' title='bbox 2863 5414 2964 5496; x_wconf 91' lang='lat' dir='ltr'><strong>qui</strong></span> <span class='ocrx_word' id='word_1_774' title='bbox 2985 5412 3261 5475; x_wconf 92' lang='lat' dir='ltr'><strong>sensibus</strong></span> <span class='ocrx_word' id='word_1_775' title='bbox 3285 5419 3616 5477; x_wconf 90' lang='lat' dir='ltr'><strong>uterentur.</strong></span> 
     </span>
    </p>
   </div>
   <div class='ocr_carea' id='block_1_95' title="bbox 229 5503 1877 5590">
    <p class='ocr_par' dir='ltr' id='par_1_95' title="bbox 229 5503 1877 5590">
     <span class='ocr_line' id='line_1_95' title="bbox 229 5503 1877 5590; baseline -0.001 -24"><span class='ocrx_word' id='word_1_776' title='bbox 229 5507 568 5582; x_wconf 86' lang='lat' dir='ltr'><strong>ascendam,</strong></span> <span class='ocrx_word' id='word_1_777' title='bbox 593 5515 652 5566; x_wconf 92' lang='lat' dir='ltr'><strong>et</strong></span> <span class='ocrx_word' id='word_1_778' title='bbox 671 5506 842 5586; x_wconf 91' lang='lat' dir='ltr'><strong>cujus</strong></span> <span class='ocrx_word' id='word_1_779' title='bbox 861 5506 1041 5567; x_wconf 89' lang='lat' dir='ltr'><strong>maris</strong></span> <span class='ocrx_word' id='word_1_780' title='bbox 1064 5506 1212 5568; x_wconf 81' lang='lat' dir='ltr'><strong>ﬁnes</strong></span> <span class='ocrx_word' id='word_1_781' title='bbox 1232 5512 1452 5590; x_wconf 80' lang='lat' dir='ltr'><strong>petam,</strong></span> <span class='ocrx_word' id='word_1_782' title='bbox 1488 5511 1552 5565; x_wconf 90' lang='lat' dir='ltr'><strong>ut</strong></span> <span class='ocrx_word' id='word_1_783' title='bbox 1577 5503 1877 5566; x_wconf 89' lang='lat' dir='ltr'><strong>inveniam</strong></span> 
     </span>
    </p>
   </div>
   <div class='ocr_carea' id='block_1_96' title="bbox 301 5676 780 5751">
    <p class='ocr_par' dir='ltr' id='par_1_96' title="bbox 301 5676 780 5751">
     <span class='ocr_line' id='line_1_96' title="bbox 301 5676 780 5751; baseline 0 -11"><span class='ocrx_word' id='word_1_784' title='bbox 301 5679 363 5730; x_wconf 67' lang='grc' dir='ltr'><strong>δῦ</strong></span> <span class='ocrx_word' id='word_1_785' title='bbox 391 5677 414 5740; x_wconf 95' lang='grc' dir='ltr'>Ι</span> <span class='ocrx_word' id='word_1_786' title='bbox 445 5680 586 5742; x_wconf 91' lang='lat' dir='ltr'><strong>Cor.</strong></span> <span class='ocrx_word' id='word_1_787' title='bbox 625 5693 687 5751; x_wconf 87' lang='grc' dir='ltr'><strong>ιι,</strong></span> <span class='ocrx_word' id='word_1_788' title='bbox 723 5676 780 5740; x_wconf 90' lang='grc'><strong>9.</strong></span> 
     </span>
    </p>
   </div>
   <div class='ocr_carea' id='block_1_97' title="bbox 1965 5501 3619 5586">
    <p class='ocr_par' dir='ltr' id='par_1_97' title="bbox 1965 5501 3619 5586">
     <span class='ocr_line' id='line_1_97' title="bbox 1965 5501 3619 5586; baseline 0.002 -22"><span class='ocrx_word' id='word_1_789' title='bbox 1965 5501 2141 5564; x_wconf 91' lang='lat' dir='ltr'><strong>Dedit</strong></span> <span class='ocrx_word' id='word_1_790' title='bbox 2171 5501 2352 5566; x_wconf 87' lang='lat' dir='ltr'><strong>etiam</strong></span> <span class='ocrx_word' id='word_1_791' title='bbox 2383 5503 2445 5565; x_wconf 93' lang='lat' dir='ltr'><strong>in</strong></span> <span class='ocrx_word' id='word_1_792' title='bbox 2472 5523 2682 5569; x_wconf 91' lang='lat' dir='ltr'><strong>manus</strong></span> <span class='ocrx_word' id='word_1_793' title='bbox 2705 5513 2938 5568; x_wconf 88' lang='lat' dir='ltr'><strong>nostras</strong></span> <span class='ocrx_word' id='word_1_794' title='bbox 2956 5520 3143 5585; x_wconf 91' lang='lat' dir='ltr'><strong>genus</strong></span> <span class='ocrx_word' id='word_1_795' title='bbox 3163 5501 3432 5586; x_wconf 90' lang='lat' dir='ltr'><strong>luminis,</strong></span> <span class='ocrx_word' id='word_1_796' title='bbox 3462 5505 3619 5586; x_wconf 91' lang='lat' dir='ltr'><strong>quod</strong></span> 
     </span>
    </p>
   </div>
  </div>
