4120 6394
506 377 622 446 563
1833 387 2180 450 SYMEONI:

2266 381 2398 448 lUN
2407 383 2605 448 IORIS
3797 379 3915 445 564

503 519 2508 598 noctuluceret,eferroetsciliceexcussummirabiliter.Ariﬁcum,
2571 529 2629 583 et
2682 519 3053 601 inopinabile
3127 536 3276 601 opus
3336 518 3440 581 Dei
3497 516 3798 580 altissimi.
3870 514 3920 578 Ο

506 606 639 688 Ipse
658 617 857 672 autem
883 612 1031 672 nihil
1057 629 1372 675 commune
1399 611 1727 672 habetcum
1753 610 1872 672 ullo
1907 612 2158 686 lumine,
2249 609 2694 690 mysteriorum,
2729 628 2861 693 quae
2891 609 3123 672 occulte
3182 616 3550 689 peraguntur
3577 607 3785 671 virtus.
3819 605 3913 668 Tn

511 698 676 759 omni
729 699 862 761 luce
921 699 1199 776 lucidior,
1264 699 1558 780 longeque
1612 699 2159 780 splendidissimus,
2258 706 2317 760 et
2347 699 2630 774 labentia,
2685 711 2747 762 et
2794 708 3015 762 aeterna
3063 697 3238 760 nobis
3265 698 3474 760 donas.
3537 696 3626 759 Tu
3677 705 3926 757 terrena

512 795 796 867 quantum
827 787 985 850 ferre
1018 789 1180 851 nulla
1211 797 1482 851 creatura
1519 796 1731 868 potest.
1767 787 1841 852 Ut
1872 789 2032 850 enim
2062 807 2164 850 ra-
2258 805 2394 848 cum
2419 787 2788 864 coelestibus,
2809 787 3141 868 praesentia,
3159 805 3292 848 cum
3313 785 3550 858 futuris,
3572 783 3923 846 utonmium

511 872 714 936 diante
740 875 865 937 sole
895 884 1054 938 astra
1106 892 1224 940 non
1275 883 1566 956 apparent
1598 897 1611 939 :
1676 876 1762 938 sic
1792 877 1840 938 si
1874 877 2165 940 Dominus
2255 876 2475 956 opifex,
2511 886 2574 940 ut
2607 885 2960 958 potestatem
2993 876 3219 938 habens
3259 874 3591 938 caelestium
3620 890 3688 938 ac
3718 881 3918 935 terre-

514 961 658 1023 solis
679 962 1169 1040 lucerevoluerit,
1203 966 1546 1044 ejusortum
1569 984 1742 1027 nemo
1775 968 1975 1027 vivens
1996 967 2171 1028 susti—
2255 966 2488 1029 strium.
2545 965 2662 1028 Cur
2710 966 2890 1046 igitur
2953 964 3227 1026 infelices
3282 982 3415 1042 nos,
3477 963 3752 1024 homines
3783 961 3922 1042 plus

513 1051 703 1116 nebit.
739 1051 1108 1135 Quapropter
1139 1061 1396 1115 mentem
1433 1055 1683 1134 pulveri,
1730 1055 1820 1116 rei
1850 1064 2174 1135 corparataa
2258 1073 2436 1133 quam
2468 1061 2524 1115 te
2555 1055 2881 1134 diligimus,
2917 1063 2975 1116 et
3003 1053 3121 1115 illis
3180 1051 3402 1113 misere
3432 1051 3692 1132 amplius
3723 1051 3919 1112 servi-

512 1141 828 1220 copulavit,
853 1150 910 1203 et
933 1161 1038 1202 nos
1060 1143 1336 1204 homines
1351 1143 1661 1205 universos
1681 1144 2170 1222 inimaterialibus
2258 1161 2412 1218 mus,
2448 1151 2512 1203 ut
2539 1143 2612 1204 ab
2645 1144 2732 1204 eis
2763 1143 3031 1223 exiguam
3076 1149 3133 1204 et
3180 1142 3396 1203 ﬂuxam
3431 1140 3769 1202 mercedem
3807 1155 3914 1201 re-

514 1229 842 1306 collocavit,
878 1230 1024 1291 utin
1048 1231 1166 1292 fide
1187 1232 1510 1308 constanti,
1541 1233 2038 1295 etmandatorum
2065 1233 2169 1294 ob-
2257 1229 2573 1311 cipiamus,
2623 1231 2840 1312 quibus
2891 1230 3224 1292 addicimus
3281 1229 3516 1290 animas
3567 1237 3825 1302 nostras,
3862 1235 3922 1288 et

511 1317 864 1391 servatione,
887 1326 1146 1380 mentem
1179 1320 1441 1381 materia
1465 1327 1794 1400 expertem,
1826 1339 2004 1401 quam
2025 1339 2172 1401 praa—
2253 1337 2526 1400 corpora,
2580 1329 2646 1381 nt
2674 1320 2748 1381 iis
2785 1339 2896 1382 ceu
2925 1318 3077 1381 vasis
3115 1317 3330 1379 vilibus
3360 1316 3729 1398 abjectisque
3759 1316 3918 1378 abu-

509 1405 890 1468 varicationis
923 1407 1175 1488 caligine
1207 1408 1586 1470 confudimus
1629 1417 1686 1471 et
1735 1409 2170 1472 contaminavi-
2258 1416 2480 1490 tantur,
2507 1416 2564 1470 et
2589 1429 2722 1470 cum
2747 1409 2933 1471 simus
2976 1407 3247 1470 membra
3279 1416 3376 1469 tua
3406 1407 3635 1469 domini
3665 1405 3916 1468 univer-

512 1511 644 1554 mus
675 1493 737 1554 in
771 1497 1276 1576 concupiscentiis
1309 1497 1746 1568 materialibus,
1782 1505 1838 1559 et
1863 1507 2034 1578 gustu
2067 1517 2172 1559 vo-
2256 1516 2481 1574 sorum,
2507 1506 2730 1575 sancta,
2751 1498 3016 1578 inquam,
3043 1496 3314 1559 membra
3334 1496 3522 1558 sancti
3558 1495 3825 1571 Domini,
3864 1503 3921 1556 et

511 1582 799 1663 luptatum
818 1584 1123 1665 videlicet,
1150 1605 1389 1647 rursum
1417 1599 1870 1666 perpurgantes,
1904 1587 2174 1649 immate-
2257 1589 2426 1665 cujus
2446 1595 2708 1668 potestas
2744 1587 2986 1649 aliunde
3017 1605 3137 1648 non
3171 1585 3410 1666 pendet,
3442 1604 3559 1646 non
3589 1585 3918 1666 perhorre-

513 1671 662 1734 riale
683 1673 746 1734 in
773 1673 1181 1736 materialibus
1205 1675 1680 1737 immaterialiter
1701 1676 2060 1756 aspiciamus
2086 1677 2174 1736 lu-
2257 1677 2481 1738 scimus
2510 1695 2582 1739 ea
2612 1677 2906 1757 perversis
2967 1675 3336 1738 daemonibus
3369 1681 3580 1755 sponte
3610 1681 3815 1735 nostra
3846 1674 3918 1734 ad

511 1780 650 1824 men
681 1761 855 1836 illud,
876 1763 1034 1842 quod
1067 1762 1188 1824 dixi
1216 1782 1346 1824 esse
1372 1764 1560 1825 Deum
1587 1765 1904 1846 plusquam
1941 1763 2168 1846 absque
2193 1768 2229 1816 Β
2253 1765 2576 1827 foedissime
2597 1775 2963 1846 peccandum
2994 1783 3290 1845 exponere
3312 1764 3342 1823 ‘?
3365 1763 3506 1836 Quis
3534 1780 3673 1842 ergo
3700 1779 3914 1823 servo-

514 1851 809 1932 principio
834 1851 1026 1912 oculis
1048 1851 1182 1912 istis
1205 1853 1512 1932 corporeis
1557 1853 2079 1935 inaspectabilem,
2119 1863 2179 1916 et
2258 1873 2392 1916 rum
2425 1863 2661 1916 tuorum
2695 1855 2958 1916 fidelium
2991 1873 3024 1915 a
3053 1853 3328 1933 lacrymis
3350 1851 3756 1933 temperabit?
3782 1851 3920 1930 quis

514 1937 1020 2000 intellectualibus
1043 1940 1242 2001 cordis
1266 1941 1454 2002 oculis
1481 1941 2178 2006 inaccessibilem.Miror

520 2027 706 2100 enim,
729 2047 844 2108 quo
868 2036 1041 2107 pacto
1065 2027 1285 2105 anima,
1314 2048 1449 2091 cum
1475 2037 1596 2092 tota
1620 2049 1654 2093 a
1675 2031 1920 2096 materia
1951 2040 2176 2093 semota

522 2119 620 2191 sit,
649 2125 707 2179 et
732 2117 1194 2179 intellectualem
1254 2121 1468 2180 mentis
1526 2120 1763 2182 oculum
1795 2120 2031 2194 habeat,
2067 2141 2176 2182 ceu

521 2206 752 2269 duabus
784 2205 1060 2270 fenestris
1088 2207 1456 2269 sensibiliter
1508 2227 1615 2270 usa
1669 2209 1936 2289 corporis
1963 2210 2174 2291 oculis,

523 2313 632 2377 per
657 2295 896 2357 eosdem
927 2297 1296 2376 prospiciens
1318 2297 1665 2379 omniaquae
1689 2298 1873 2360 videri
1906 2307 2172 2379 possunt,

521 2383 744 2464 videat,
762 2402 1122 2465 reversaque
1137 2385 1338 2447 omnia
1357 2385 1465 2447 sub
1490 2387 1860 2448 intellectum
1881 2387 2175 2459 cadentia,

525 2481 584 2535 et
611 2473 861 2534 materia
891 2475 1157 2536 vacantia
1205 2475 1678 2536 immaterialiter
1726 2475 1946 2550 videat,
2010 2485 2068 2537 et
2118 2476 2179 2536 in

523 2562 721 2625 medio
735 2564 1214 2642 pereuntium,ac
1229 2565 1705 2644 permanentium
1723 2563 2179 2645 singulariquo-

521 2652 657 2714 dam
691 2652 867 2713 modo
900 2652 1165 2733 detenta,
1200 2653 1271 2713 ab
1303 2653 1420 2714 illis
1445 2653 1519 2713 ad
1554 2653 1914 2732 voluptates,
1951 2663 2009 2714 et
2035 2653 2178 2715 vitia

525 2741 901 2822 pertrabatur
936 2762 949 2802 :
1009 2742 1084 2802 ab
1146 2741 1264 2802 illis
1292 2750 1499 2802 contra
1527 2741 1599 2802 ad
1633 2742 1846 2803 ccelum
1878 2742 2035 2803 velut
2065 2743 2178 2804 alis

523 2829 832 2904 subvecta,
857 2829 940 2890 ibi
962 2831 1294 2891 consistere
1311 2830 1662 2906 contendat;
1681 2831 1789 2892 sed
1800 2830 2180 2894 abstrahatur

525 2925 748 2993 tamen,
782 2918 1119 2998 iterumque
1150 2917 1459 2980 subvolare
1490 2920 1771 2980 ardenter
1792 2920 2046 2997 studeat,
2073 2940 2180 3001 per

523 3007 740 3070 caelum
765 3007 1014 3086 cupiens
1045 3008 1345 3084 incedere,
1373 3017 1432 3068 et
1454 3009 1560 3069 sub
1585 3027 1649 3070 se
1682 3027 1929 3071 cernere
1959 3011 2179 3088 omnia,

2259 1943 2408 2005 adeo
2460 1952 2837 2024 arrogantem
2897 1943 3202 2004 audaciam
3253 1960 3369 2002 non
3429 1938 3917 2002 lamentabitur?

2261 2032 2394 2114 quis
2422 2051 2539 2095 non
2581 2041 2797 2093 tantam
2831 2031 3170 2112 patientiam
3200 2039 3380 2105 tuam,
3406 2029 3584 2104 Deus,
3602 2026 3919 2090 venerabi-

2261 2131 2356 2184 tur
2379 2128 2405 2182 ‘?
2456 2124 2588 2204 quis
2611 2123 3023 2203 divinijudicii
3043 2121 3498 2182 retributionem
3525 2138 3641 2179 non
3672 2117 3920 2179 tremis-

2261 2220 2353 2273 cet
2383 2211 2413 2270 ?
2470 2212 2760 2290 gehennae
2810 2211 3090 2272 videlicet
3129 2210 3329 2286 ignem
3361 2206 3829 2282 intolerabilem,
3865 2214 3923 2269 et

2261 2299 2439 2360 nullis
2471 2299 2966 2378 exstinguendum
2999 2296 3252 2372 saeculis,
3279 2297 3379 2358 ubi
3404 2298 3600 2370 ﬂetus,
3622 2303 3681 2357 et
3699 2295 3924 2356 stridor

2261 2389 2557 2469 dentium,
2593 2399 2650 2450 et
2679 2389 2850 2451 dolor
2905 2407 3025 2450 non
3085 2385 3490 2462 consolabilis,
3525 2394 3584 2446 et
3611 2385 3921 2448 cruciatus

2261 2478 2721 2558 inexplicabilis.

2345 2567 2484 2642 Sed,
2512 2588 2544 2629 o
2569 2566 2691 2644 Sol,
2719 2567 2860 2629 solis
2883 2567 3062 2646 hujus
3082 2583 3258 2648 quem
3287 2564 3612 2639 cernimus,
3647 2572 3705 2625 et
3736 2564 3915 2642 lunae,

2265 2664 2330 2719 et
2357 2657 2621 2718 siderum
2655 2656 2948 2737 omnium,
2986 2665 3044 2718 et
3072 2657 3246 2736 lucis,
3283 2662 3339 2716 et
3371 2654 3549 2716 totius
3572 2671 3776 2715 rerum
3811 2674 3916 2716 na-

2262 2753 2407 2807 turm
2431 2747 2727 2822 conditor,
2757 2746 3058 2808 absconde
3080 2763 3174 2806 me
3200 2744 3272 2805 ab
3297 2743 3389 2806 his
3441 2744 3500 2803 in
3535 2751 3632 2804 tuo
3663 2743 3914 2825 lumine,

2261 2841 2328 2894 ut
2357 2834 2416 2894 in
2449 2852 2520 2895 eo
2557 2842 2613 2896 te
2645 2837 2832 2896 solum
2863 2834 3125 2908 intuens,
3154 2832 3464 2906 mundum,
3499 2840 3556 2893 et
3585 2849 3652 2892 ea
3682 2850 3814 2910 quae
3852 2831 3914 2892 in

2263 2923 2485 2984 mundo
2516 2933 2670 3000 sunt,
2696 2943 2815 2986 non
2832 2924 3062 2985 videam
3091 2943 3104 2985 '.
3152 2922 3257 2984 sed
3284 2931 3342 2983 et
3372 2921 3578 2982 videns
3611 2919 3723 2980 sim
3743 2920 3916 3000 quasi

2267 3031 2382 3074 non
2415 3013 2706 3095 viderem,
2739 3023 2798 3076 et
2844 3013 3096 3075 audiens
3144 3011 3312 3094 quasi
3354 3029 3474 3072 non
3503 3008 3794 3071 audirem.
3831 3010 3916 3071 Et

526 3113 660 3176 quae
687 3103 928 3174 aspectu
959 3095 1324 3160 sentiuntur.
1357 3097 1501 3159 Nam
1561 3117 1694 3159 cum
1727 3098 1931 3160 omnia
1963 3119 2091 3180 quae
2121 3100 2179 3161 in
2201 3128 2243 3182 α
2267 3103 2421 3182 quod
2453 3103 2672 3165 accidit
2728 3102 3071 3164 sedentibus
3127 3101 3189 3162 in
3252 3101 3430 3180 hujus
3460 3098 3590 3160 vitae
3622 3097 3912 3173 tenebris,

528 3184 753 3248 mundo
784 3193 944 3260 sunt,
980 3184 1096 3264 ipsi
1158 3185 1357 3266 laquei
1418 3185 1751 3262 videantur,
1789 3188 1942 3248 male
1977 3189 2183 3250 metuit

527 3274 724 3354 plane,
750 3274 811 3334 in
835 3283 990 3335 terra
1013 3273 1247 3353 ingredi
1275 3283 1332 3337 et
1352 3276 1686 3356 considere,
1714 3294 1790 3337 ne
1812 3277 2181 3358 istislaqueis

527 3363 830 3444 implicata
859 3365 1212 3440 retineatur,
1242 3372 1298 3425 et
1339 3364 1656 3426 immitium
1689 3364 2011 3427 bestiarum
2045 3385 2182 3430 esca

525 3453 648 3517 fiat.
680 3451 840 3514 Talis
862 3453 1118 3533 piorum,
1139 3453 1429 3530 ﬁdelium,
1475 3461 1890 3517 etsanctorum
1913 3456 2176 3518 omnium

524 3543 640 3604 vita
669 3553 782 3623 est,
819 3561 998 3623 quam
1049 3562 1258 3605 omnes
1306 3544 1530 3607 imitari
1561 3552 1839 3624 oportet;
1894 3551 1962 3606 ut
1992 3547 2176 3608 etiam

525 3650 660 3693 cum
694 3631 908 3694 iisdem
939 3630 1171 3693 Christo
1203 3634 1351 3708 Deo,
1387 3633 1806 3696 universorum
1832 3633 2045 3713 judici,
2079 3635 2178 3695 in-

525 3728 728 3782 sontes
755 3720 1059 3799 sistantur,
1095 3729 1154 3782 et
1185 3721 1457 3800 ejusdem
1480 3723 1654 3802 regni
1680 3730 1856 3802 atque
1886 3723 2089 3802 gloriae
2118 3724 2177 3786 in

526 3828 706 3872 omne
735 3828 921 3872 aevum
952 3819 1260 3872 consortes
1292 3812 1458 3872 fiant.

1097 3903 1334 3966 CAPUT
1402 3903 1607 3967 XXVI.

527 3982 882 4057 Desiderium,
926 3987 977 4057 et
1001 3995 1247 4057 amem
1275 4000 1410 4057 erga
1438 3987 1615 4042 Deum
1645 3989 1889 4057 quemvis
1917 4002 2177 4053 amorem,

597 4061 648 4112 et
667 4054 894 4126 quodvis
918 4054 1248 4111 desiderium
1273 4054 1582 4112 humanum
1597 4054 2001 4123 transcendere,
2025 4075 2179 4115 meu-

600 4131 807 4196 temque
835 4130 1204 4196 purgatorum
1231 4127 1292 4182 in
1323 4128 1508 4184 lumen
1537 4127 1634 4184 Dei
1662 4130 1998 4196 immersam,
2035 4131 2178 4186 divi-

597 4213 733 4254 nam
778 4201 1042 4252 naturam
1087 4197 1331 4272 induere,
1385 4199 1614 4272 indeque
1664 4201 1877 4260 Christi
1923 4206 2176 4272 mentem,

600 4285 695 4327 seu
721 4284 944 4326 sensum
972 4268 1262 4342 appellari.

610 4351 988 4414 Incredibilis
1013 4353 1394 4433 pulchritudo
1429 4363 1547 4429 tua,
1579 4355 1832 4419 Domine
1883 4357 2047 4432 Jesu,
2080 4357 2179 4418 in-

529 4441 950 4522 comparabilis
983 4442 1235 4522 species,
1257 4442 1575 4506 ineffabilis
1601 4445 1913 4525 elegantia,
1947 4465 2180 4507 sermo-

531 4549 670 4593 nem
702 4538 760 4592 et
789 4530 1134 4610 opinionem
1165 4536 1427 4594 vincunt.
1462 4535 1657 4596 Mores
1695 4536 1803 4610 tui,
1837 4534 2092 4610 bonitas,
2127 4545 2185 4597 et

534 4620 926 4682 mansuetudo
959 4628 1056 4681 tua
1085 4621 1353 4682 omnium
1409 4624 1746 4686 mortalium
1798 4625 2184 4702 cogitationes

531 4710 852 4774 excedunt.
874 4709 1132 4791 Ideoque
1154 4710 1516 4773 desiderium
1542 4714 1648 4790 tui,
1677 4722 1736 4776 et
1753 4732 1920 4774 amor
1942 4733 2079 4793 erga
2102 4723 2178 4795 te,

534 4819 771 4862 omnem
803 4799 1114 4860 hominum
1144 4818 1436 4872 amorem,
1482 4805 1555 4864 ac
1583 4802 1949 4864 desiderium
1984 4804 2185 4866 multis

537 4890 803 4972 partibus
823 4895 1086 4969 superat.
1115 4889 1410 4961 Quantum
1441 4891 1599 4952 enim
1627 4901 1684 4952 tu
1726 4892 2188 4970 aSpectabilibus

529 4978 863 5058 antecellis,
883 4985 1044 5039 tanto
1073 4979 1264 5058 major
1287 4987 1376 5040 est
1409 4999 1577 5040 amor
1608 4981 1714 5061 tui,
1752 4992 1811 5042 et
1833 5001 2069 5042 omnem
2087 4983 2189 5063 qui

533 5067 874 5130 hominibus
896 5067 1494 5130 interceditamorem
1518 5069 1822 5151 obscurat,
1843 5090 2053 5132 omnes
2067 5090 2189 5133 cor-

533 5174 848 5238 porearum
876 5156 1245 5236 voluptatum
1300 5175 1535 5219 amores
1591 5159 1824 5229 evertit,
1862 5177 2188 5241 omnesque

533 5246 717 5307 malas
746 5243 1098 5325 cupiditates
1129 5264 1263 5306 mox
1293 5247 1554 5326 repellit.
1605 5249 1758 5309 Vere
1781 5249 1940 5309 enim
1974 5268 2188 5310 concu-

531 5333 1136 5415 piscentizetenebrze
1183 5342 1342 5397 sunt.
1407 5343 1463 5396 et
1523 5352 1638 5399 nox
1679 5337 1970 5417 profunda
1998 5339 2186 5417 turpis

531 5430 910 5503 peccatorum
944 5423 1338 5502 perpetratio,
1374 5442 1541 5486 amor
1586 5433 1806 5500 autem,
1843 5434 1900 5486 et
1929 5425 2185 5489 charitas

534 5528 674 5588 erga
702 5515 765 5573 te
794 5511 896 5572 lux
929 5531 940 5571 :
975 5529 1106 5591 qua:
1145 5529 1283 5572 cum
1315 5511 1376 5573 in
1421 5513 1732 5576 animabus
1764 5513 1948 5576 Deum
1974 5533 2182 5577 aman-

535 5597 690 5661 tibus
701 5599 983 5673 exoritur,
1003 5599 1166 5662 illico
1183 5600 1447 5681 depulsis
1472 5603 1983 5684 perturbationum
2005 5622 2075 5667 ac
2090 5625 2183 5668 vo-

534 5686 820 5769 luptatum
856 5688 1144 5763 tenebris,
1176 5688 1338 5751 diem
1369 5693 1618 5756 ἀπειθείας
1649 5693 1947 5756 diffundit.
1988 5695 2037 5758 Ο
2065 5697 2182 5758 mi-

2266 3191 2483 3272 quibus
2514 3192 2891 3274 operiuntur,
2925 3193 3312 3273 voluptatum,
3357 3189 3622 3271 inquam,
3660 3196 3718 3250 et
3746 3203 3917 3250 vanae

2264 3282 2487 3361 gloriae,
2521 3282 2791 3345 videntes
2840 3299 2956 3343 non
3020 3281 3220 3344 vident
3249 3279 3500 3360 gloriam
3540 3285 3695 3339 tuam
3727 3277 3917 3339 coele-

2263 3377 2438 3445 stem,
2464 3379 2523 3431 et
2548 3370 2856 3432 audientes
2877 3369 3152 3432 mandata
3187 3387 3256 3429 ac
3279 3375 3576 3448 praecepta
3591 3375 3709 3442 tua,
3741 3385 3919 3447 pror-

2263 3478 2363 3523 sus
2394 3480 2514 3523 non
2543 3461 2906 3541 intelligunt,
2967 3461 3125 3522 idem
3187 3458 3332 3520 mihi
3389 3459 3700 3520 usuveniet
3727 3459 3788 3520 in
3823 3458 3923 3520 luo

2263 3551 2425 3612 mine
2457 3559 2578 3625 tuo,
2611 3569 2744 3613 cum
2808 3569 2925 3611 non
2984 3548 3202 3611 videbo
3253 3547 3566 3622 mundum,
3620 3566 3730 3611 nec
3787 3567 3926 3628 quae

2263 3641 2523 3702 mundus
2557 3641 2843 3702 continet.
2877 3638 3021 3712 Quis
3052 3657 3310 3718 namque
3360 3646 3414 3699 te
3446 3639 3592 3713 viso,
3631 3647 3689 3698 et
3717 3655 3750 3697 a
3781 3639 3921 3715 glo-

2263 3730 2374 3810 ria,
2409 3729 2727 3811 divinoque
2759 3728 2984 3790 lumine
3006 3735 3102 3788 tuo
3128 3745 3191 3789 se
3230 3727 3585 3788 illustratum
3619 3725 3919 3801 sentiens,

2262 3837 2380 3879 non
2415 3825 2701 3894 mentem,
2755 3817 3037 3892 animam,
3092 3824 3151 3878 et
3219 3814 3547 3896 praecordia
3574 3814 3928 3876 immutatus

2263 3916 2374 3982 est,
2412 3908 2703 3988 aliterque
2731 3907 2958 3983 videre,
2992 3914 3052 3968 et
3080 3906 3288 3968 audire
3318 3907 3537 3982 ingenti
3572 3923 3719 3967 sane
3750 3905 3924 3968 diffe-

2261 3996 2453 4058 rentia
2482 3996 2748 4058 meruit?
2779 3995 3392 4076 Immergiturquippe
3411 4013 3580 4055 mens
3602 3995 3661 4054 in
3684 3995 3921 4055 lumine

2261 4095 2382 4162 tuo,
2419 4094 2475 4147 et
2504 4085 2700 4147 simile
2731 4085 2933 4165 gloriae
2964 4093 3076 4146 tuae
3107 4085 3313 4147 lumen
3347 4084 3612 4166 perfecte
3643 4083 3926 4165 adipisci-

2260 4183 2377 4256 tur,
2402 4183 2459 4236 et
2482 4175 2897 4255 hujuscemodi
2921 4193 3090 4236 mens
3118 4182 3215 4236 tua
3241 4181 3501 4251 vocatur,
3527 4193 3657 4235 cum
3686 4181 3745 4234 tu
3779 4191 3917 4235 eam

2261 4263 2534 4342 dignatus
2567 4265 2648 4325 sis
2679 4264 2830 4340 fieri,
2863 4272 2918 4325 et
2950 4262 3172 4325 habere
3207 4274 3466 4325 mentem
3499 4263 3631 4324 sive
3662 4281 3914 4325 sensum

2267 4362 2460 4427 tuum,
2496 4362 2810 4434 tecumque
2861 4353 3063 4413 unitur
3116 4352 3352 4414 vinculo
3385 4350 3809 4413 indissolubili.
3849 4351 3920 4413 Et

2267 4442 2562 4522 quomodo
2591 4461 2708 4503 non
2740 4442 2944 4502 omnia
2972 4441 3425 4522 imperturbate,
3459 4441 3611 4502 sicut
3653 4448 3734 4520 tu,
3757 4439 3929 4501 vide-

2267 4531 2354 4592 bit
2383 4541 2440 4592 et
2487 4530 2742 4593 audiet?
2801 4535 3101 4610 quomodo
3149 4529 3516 4591 divinitatem
3570 4539 3920 4605 consecuta,

2267 4621 2567 4702 quidpiam
2599 4621 2756 4700 quod
2790 4638 2963 4680 sensu
3003 4619 3386 4699 percipiatur,
3424 4617 3716 4700 expetet?
3774 4638 3926 4699 quo-

2268 4711 2444 4771 modo
2472 4709 2672 4785 labile,
2707 4717 2761 4769 et
2785 4707 3149 4788 corruptioni
3181 4707 3502 4768 obnoxium
3539 4706 3788 4787 aliquid,
3814 4726 3924 4768 seu

2268 4800 2503 4861 inanem
2533 4798 2804 4878 gloriam,
2839 4816 2967 4878 quae
3016 4795 3316 4872 omnibus,
3377 4804 3435 4858 et
3489 4797 3652 4857 omni
3705 4798 3922 4875 gloria,

2269 4907 2399 4970 quae
2419 4888 2675 4963 videtur,
2729 4887 2919 4965 major
2967 4883 3099 4947 est?
3132 4889 3283 4949 Nam
3317 4885 3418 4966 qui
3451 4884 3727 4946 omnibus
3759 4885 3919 4960 istis,

2271 4997 2402 5059 qua:
2431 4978 2490 5038 in
2522 4978 2725 5039 oculos
2757 4976 3088 5046 incurrunt,
3117 4975 3356 5057 spretis,
3385 4976 3445 5035 in
3471 4975 3576 5038 Dei
3602 4973 3920 5036 familiari-

2273 5075 2450 5129 tatem
2481 5086 2546 5128 se
2597 5063 2941 5139 insinuavit,
2989 5065 3080 5126 vel
3114 5064 3306 5145 potius
3337 5064 3463 5144 ipse
3493 5083 3728 5145 quoque
3762 5066 3922 5127 Deus

2268 5157 2617 5238 appellatur,
2641 5155 2743 5236 qui
2771 5154 3008 5215 tandem
3041 5173 3109 5214 ex
3139 5154 3297 5216 intra
3335 5172 3398 5214 se
3417 5155 3754 5234 jacentibus
3785 5154 3920 5234 glo-

2267 5247 2416 5308 riam
2435 5246 2638 5320 ullam,
2667 5242 3030 5304 autdelicias
3057 5243 3216 5306 volet
3244 5262 3512 5324 quaerere
3540 5243 3725 5305 1’ch
3754 5243 3917 5305 enim

2267 5335 2530 5417 profecto
2563 5332 2780 5414 pudori
2811 5351 2880 5394 ac
2903 5332 3185 5395 dedecori
3207 5341 3351 5395 sunt
3373 5333 3478 5409 illi,
3514 5333 3915 5404 contumeliae,

2267 5423 2656 5504 contemptui,
2691 5422 2971 5484 infamiae.
3005 5423 3205 5484 Gloria
3234 5429 3454 5497 autem,
3493 5431 3549 5484 et
3574 5422 3825 5496 deliciae,
3859 5429 3922 5483 et

2265 5515 2482 5577 divitia:
2512 5513 2640 5592 ejus
2671 5513 2828 5576 Deus
2861 5509 3140 5591 Trinitas,
3175 5530 3424 5592 quaeque
3466 5510 3593 5583 Dei,
3624 5531 3692 5572 ac
3717 5510 3919 5572 divina

2266 5611 2426 5678 sunt,
2459 5620 2640 5684 quem
2673 5601 2847 5662 decet
2893 5599 3091 5662 omnis
3137 5600 3345 5680 gloria,
3403 5601 3620 5675 honor,
3653 5599 3919 5680 potentia

2265 5711 2526 5776 semper,
2563 5699 2622 5754 et
2650 5709 2830 5766 nunc,
2865 5697 2923 5750 et
2953 5689 3014 5751 in
3047 5689 3248 5753 omnia
3281 5691 3518 5754 saecula.
3551 5689 3766 5753 Amen.
