4120 6418
235 367 384 431 565

841 497 1076 562 CAPUT
1120 497 1356 562 XXVII.

254 586 559 656 Confessio
586 586 789 658 gratias
814 586 1088 644 donorum
1133 586 1249 650 Dei.
1301 591 1350 644 et
1377 585 1640 658 quomodo
1670 586 1732 644 in
1765 588 1928 645 Patre

335 658 460 731 Ιξωσ
510 659 781 731 scribente
836 658 1077 731 Spiritus
1131 660 1392 731 Sanctus,
1427 663 1684 731 operatus
1732 659 1925 731 fuerit.

340 727 486 786 Item
509 746 545 786 α
572 729 686 786 Deo
711 727 1016 802 partehasis
1045 732 1179 802 quid
1206 731 1280 787 ad
1308 727 1543 788 salutem
1571 727 1928 787 obtinendam

336 802 670 872 faciendum
694 804 789 859 sit.

352 884 622 946 Rursum
679 883 866 963 fulget
921 883 1068 946 mihi
1098 884 1218 945 lux.
1277 885 1510 948 Rursus
1544 883 1737 946 lucem
1771 884 1930 948 clare

259 972 526 1052 aspicio.
559 971 820 1034 Rursum
844 972 1032 1053 aperit
1091 973 1330 1046 coelum,
1384 980 1440 1034 et
1473 980 1708 1035 noctem
1742 974 1925 1050 fugat.

261 1058 536 1124 Rursum
568 1061 802 1140 retegit,
831 1070 889 1122 et
909 1061 1168 1122 ostendit
1189 1061 1412 1125 omnia.
1439 1065 1692 1124 Rursum
1726 1063 1928 1125 cerni-

262 1157 371 1210 tur
405 1151 551 1212 sola.
579 1153 837 1214 Rursum
871 1169 966 1212 me
995 1150 1067 1212 ab
1091 1149 1369 1213 omnibus
1389 1150 1721 1214 visibilibus
1738 1152 1929 1213 abdu-

259 1238 372 1313 cit,
421 1238 818 1320 similiterque
840 1240 912 1302 ab
939 1239 1218 1301 omnibus
1249 1239 1321 1301 ad
1352 1258 1594 1301 sensum
1634 1241 1935 1321 pertinen-

265 1326 461 1399 tibus,
488 1347 678 1408 papaz,
715 1346 810 1389 me
856 1328 1160 1408 disjungit.
1211 1330 1468 1393 Rursum
1512 1329 1725 1409 quiest
1754 1349 1933 1410 super

264 1435 492 1478 omnes
522 1417 726 1494 caelos,
768 1436 941 1497 quem
966 1418 1274 1480 hominum
1297 1419 1924 1500 n‘emoviditunquam,

265 1523 398 1566 non
429 1525 706 1568 reserans
740 1506 980 1583 cmlum,
1017 1526 1140 1569 non
1182 1507 1456 1569 dividens
1508 1516 1768 1582 noctem,
1805 1528 1927 1570 non

263 1594 569 1656 dirimens
600 1613 826 1676 aerem,
887 1616 1006 1659 non
1062 1615 1350 1678 rumpens
1409 1596 1622 1658 domus
1680 1604 1922 1672 tectum,

266 1684 444 1745 nulla
473 1684 712 1766 penitus
758 1703 824 1745 re
883 1693 1186 1765 penetrata
1238 1704 1470 1747 mecum
1532 1686 1928 1748 miserointra

265 1772 492 1833 cellam
519 1791 733 1847 meam,
764 1773 917 1834 intra
948 1782 1209 1836 mentem
1243 1792 1436 1836 meam
1459 1782 1754 1849 versatur,
1783 1783 1839 1836 et
1865 1775 1926 1836 in

268 1861 551 1923 medium
605 1880 708 1923 cor
765 1878 967 1924 meum
1028 1861 1084 1942 (ο
1115 1863 1519 1924 venerandum
1554 1862 1926 1943 mysterium)

270 1950 564 2012 omnibus
580 1959 643 2012 ut
659 1958 800 2013 sunt
818 1950 1213 2027 manentibus,
1239 1951 1504 2012 illabitur
1525 1952 1671 2014 mihi
1695 1953 1921 2031 lumen,

275 2046 344 2102 et
374 2039 592 2101 attollit
621 2057 716 2101 me
750 2057 930 2120 super
958 2040 1195 2122 omnia;
1229 2041 1448 2122 quique
1476 2042 1537 2102 in
1570 2042 1766 2104 medio
1799 2061 1930 2105 sum

267 2130 572 2202 omnium,
608 2129 682 2190 tio
712 2136 874 2190 extra
904 2129 1128 2211 omnia,
1175 2131 1332 2191 haud
1392 2135 1537 2207 scio,
1574 2151 1719 2193 num
1751 2135 1928 2194 etiam

272 2225 444 2279 extra
475 2236 714 2298 corpus.
750 2216 918 2279 Nunc
947 2217 1031 2279 ibi
1063 2226 1217 2280 totus
1248 2238 1376 2280 sum
1428 2239 1657 2298 revera,
1695 2220 1798 2283 ubi
1828 2221 1925 2284 lu-

271 2325 412 2367 men
446 2313 538 2368 est
567 2306 863 2388 solum,et
883 2307 1133 2388 simplex
1168 2330 1182 2379 ;
1213 2309 1368 2388 quod
1392 2309 1652 2390 intuens,
1676 2310 1926 2391 simplex

271 2395 462 2457 evado
475 2395 535 2456 in
551 2394 914 2458 innocentia.
931 2396 1068 2458 Haec
1079 2405 1237 2473 sunt,
1252 2398 1489 2462 Christe
1508 2398 1926 2461 miraculorum

271 2494 512 2546 tuorum
529 2485 855 2562 mirabilia;
876 2487 1002 2549 haec
1017 2486 1317 2566 potentiae,
1335 2497 1392 2548 et
1410 2486 1792 2566 benignitatis
1811 2497 1924 2551 tuae

271 2592 480 2654 opera,
519 2593 649 2655 quae
676 2573 738 2635 in
770 2591 876 2636 nos
905 2573 1182 2654 indignos
1230 2575 1384 2640 edis.
1417 2575 1497 2637 Ea
1531 2577 1605 2639 de
1638 2597 1812 2639 causa
1848 2579 1923 2638 ti-

273 2681 409 2724 meo
445 2671 503 2723 et
533 2664 1233 2737 tremo,etsollicitudine
1263 2666 1489 2727 afﬁcior
1514 2666 1921 2749 assidua,ma-

271 2770 574 2832 cerorque
621 2753 1024 2829 vehementer,
1064 2754 1206 2834 quid
1241 2754 1344 2816 tibi
1376 2773 1482 2835 pro
1509 2757 1706 2832 tantis,
1737 2763 1794 2818 et
1824 2758 1921 2818 in-

271 2840 744 2902 numerabilibus
766 2842 939 2903 donis
971 2861 1038 2904 ex
1066 2851 1228 2905 tanta
1286 2843 1699 2906 misericordia
1732 2845 1792 2906 in
1828 2864 1923 2907 me

272 2930 502 2993 collatis
527 2931 884 3005 retribuam,
918 2933 1132 3013 quidve
1191 2933 1294 2995 tibi
1354 2934 1622 3009 offeram,
1655 2934 1923 3016 nihilque

1413 367 1854 434 DIVINORUM
1899 366 2234 432 AMORUM
2278 368 2532 430 LIBER.

1945 521 1988 558 Α
2009 495 2073 557 in
2099 514 2169 557 eo
2201 498 2392 560 Deum
2415 495 2668 572 videbis,
2729 513 2907 578 quem
2939 515 3116 559 nemo
3175 495 3319 558 vidit
3373 514 3662 578 unquam.

3547 361 3665 427 566

2008 585 2176 660 Quod
2210 587 2260 648 si
2288 589 2464 650 etiam
2502 595 2745 670 propter
2770 588 3062 668 justitiam
3096 595 3152 650 te
3181 588 3663 670 persecutionem

2015 677 2132 750 pati
2163 677 2485 759 contingat,
2508 678 2758 752 exsulta,
2781 677 3060 758 quoniam
3103 696 3354 755 regnum
3380 677 3666 739 cmlorum

2009 771 2177 826 tuum
2208 766 2422 828 factum
2457 772 2570 831 est.
2617 766 2848 847 thuid
2878 767 2990 829 hoc
3033 765 3430 846 majus‘tﬂaec
3488 774 3548 828 et
3573 767 3670 828 his

2012 853 2203 935 plura,
2231 874 2359 936 quae
2389 856 2686 934 mandavi,
2711 856 2911 931 facito,
2939 864 3001 919 et
3031 855 3182 917 alios
3216 856 3388 931 doce,
3423 864 3482 918 et
3510 857 3666 918 inter

2010 961 2112 1004 vos
2143 943 2292 1006 alter
2320 946 2597 1028 alterum,
2631 946 2733 1027 qui
2760 945 2821 1006 in
2854 964 2950 1007 me
3000 945 3264 1020 creditis,
3300 945 3350 1006 si
3383 944 3660 1008 salvatio-

2012 1050 2148 1092 nem
2181 1035 2490 1116 exoptatis,
2527 1053 2882 1116 mecumque
2938 1034 3000 1096 in
3060 1035 3273 1096 saecula
3296 1035 3660 1116 sempiterna

2013 1119 2280 1184 habitare
2309 1124 2508 1187 vultis.
2539 1123 2600 1186 Si
2621 1123 2894 1204 renuitis,
2933 1130 2991 1185 et
3027 1123 3446 1202 indignamini,
3480 1131 3539 1184 et
3566 1122 3666 1184 de-

2015 1208 2199 1271 decus
2228 1211 2711 1294 interpretamini
2732 1213 2845 1274 ista
2868 1212 3008 1293 pati,
3035 1221 3093 1274 et
3116 1212 3442 1288 contemni,
3469 1218 3529 1274 et
3552 1229 3661 1292 pro

2013 1298 2310 1360 mandatis
2345 1302 2493 1363 meis
2526 1301 2752 1364 animas
2784 1320 3032 1382 ponere,
3084 1301 3226 1382 quid
3259 1319 3397 1378 ergo
3429 1300 3664 1362 discere

2013 1387 2301 1465 quaeritis,
2326 1391 2621 1470 quomodo
2661 1410 2762 1452 vos
2791 1391 3005 1452 salvari
3041 1397 3331 1472 oporteat,
3359 1401 3416 1451 et
3445 1389 3661 1471 quibus

2008 1475 2344 1540 actionibus
2379 1479 2524 1540 mihi
2554 1480 2959 1542 conciliemini
2982 1479 3007 1541 ἲ
3034 1479 3176 1560 quid
3197 1479 3438 1540 tandem
3471 1477 3660 1540 Deum

2007 1572 2275 1627 vestrum
2310 1586 2403 1628 me
2424 1568 2734 1649 appellatis
2755 1575 2782 1628 γ
2812 1569 2952 1649 quid
2995 1567 3139 1631 item
3171 1587 3272 1630 vos
3300 1568 3363 1629 in
3394 1586 3491 1630 me
3521 1583 3659 1632 cre-

1946 1675 1988 1725 Β
2011 1652 2156 1714 dere
2185 1654 2539 1736 insipienter
2569 1658 2996 1720 arbitramini?
3016 1657 3136 1738 Ego
3167 1661 3390 1739 quippe
3418 1659 3547 1720 haec
3567 1675 3662 1720 ve-

2009 1749 2132 1802 stra
2163 1762 2340 1807 causa
2369 1746 2588 1828 libens,
2650 1765 2718 1808 ac
2773 1755 2985 1828 sponte
3041 1765 3360 1828 perpessus
3410 1766 3564 1827 sum,
3598 1745 3662 1807 in

2010 1849 2248 1897 crucem
2281 1843 2467 1912 actus,
2503 1836 2972 1898 facinorosorum
3032 1845 3281 1897 mortem
3343 1835 3659 1915 obiifglo-

2010 1920 2219 2000 riaque
2251 1925 2479 1995 mundi,
2515 1925 2655 1999 vita,
2691 1925 2996 2006 splendor,
3051 1926 3422 1986 mortuorum
3451 1943 3659 1987 resur-

2013 2011 2201 2074 rectio
2233 2013 2500 2074 omnium
2530 2014 2590 2074 in
2627 2032 2721 2076 me
2752 2015 3121 2076 credentium
3154 2015 3447 2094 gloriatio,
3477 2014 3659 2076 indu-

2012 2110 2277 2163 mentum
2337 2103 2826 2178 immortalitatis,
2888 2112 2946 2164 et
3001 2103 3396 2165 deificationis
3443 2103 3666 2184 probra

2011 2210 2162 2266 mea,
2199 2191 2253 2252 ei
2286 2209 2444 2252 mors
2491 2192 2888 2268 ignominiosa
2945 2192 3097 2254 facta
3125 2200 3283 2254 sunt.
3321 2191 3513 2265 Quare
3563 2193 3663 2274 qui

2009 2280 2380 2342 venerabiles
2411 2281 2720 2360 passiones
2750 2299 2914 2342 meas
2937 2281 3262 2356 imitantur,
3298 2281 3475 2344 etiam
3509 2282 3662 2344 divi-

2009 2369 2208 2430 nitatis
2242 2388 2390 2431 meae
2419 2377 2752 2444 consortes,
2786 2378 2845 2431 et
2876 2370 3044 2449 regni
3075 2370 3192 2431 mei
3215 2371 3510 2452 haeredes,
3543 2370 3656 2434 bo-

2010 2475 2342 2539 norumque
2365 2459 2522 2520 nulla
2539 2457 2737 2538 lingua
2757 2459 3226 2521 enarrandorum
3246 2460 3661 2540 exprimendo-

2006 2565 2257 2628 rumque
2283 2546 2429 2609 socii
2461 2548 2628 2622 fient,
2690 2555 2748 2608 et
2805 2566 3042 2609 mecum
3102 2548 3165 2609 in
3221 2549 3658 2630 sempiternum

2007 2645 2202 2698 erunt.
2237 2639 2496 2698 Caeteros
2527 2636 2662 2717 quis
2697 2655 2814 2697 non
2836 2637 3082 2699 deﬂeat?
3111 2639 3242 2718 quis
3272 2656 3390 2699 non
3427 2638 3662 2718 lugeat?

2008 2726 2138 2806 quis
2167 2744 2290 2786 non
2322 2744 2392 2786 ex
2423 2726 2839 2806 compassione
2869 2727 3069 2788 cordis
3099 2727 3386 2807 lacrymas
3400 2727 3611 2790 fundat
3631 2728 3663 2788 ?

2007 2815 2138 2896 quis
2161 2833 2436 2895 magnam
2462 2833 2671 2876 eorum
2697 2815 3080 2877 stoliditatem
3105 2835 3225 2878 non
3253 2817 3659 2881 lamentetur?

2007 2905 2489 2985 quandoquidem
2506 2904 2748 2966 deserta
2777 2905 2893 2967 vita
2923 2905 3153 2986 seipsos
3183 2907 3360 2968 morti
3391 2906 3657 2970 tradide-

272 3020 333 3082 in
364 3039 460 3082 me
493 3019 829 3096 inveniens,
1030 2993 1622 3086 nihil
2007 3004 2165 3101 ξξίξηίν
2199 3012 2232 3054 ³
2257 2994 2380 3101 De?
2428 2993 2752 3101 ίὲίθίίὲίίθτ
2799 2994 3077 3096 ίώΓΡΡίίῖ
3113 3014 3147 3055 ³
3202 3014 3455 3101 (Ῑυοτιξῖη
3490 3004 3657 3101 Parte

272 3111 472 3171 omnia
505 3110 612 3171 tibi
658 3111 940 3188 serviant,
983 3112 1181 3172 omnia
1220 3112 1340 3174 sint
1382 3131 1663 3175 manuum
1696 3120 1923 3175 tuaram

274 3217 482 3280 Opera,
519 3200 807 3279 majorem
838 3200 898 3260 in
920 3203 1160 3262 modum
1185 3201 1411 3281 pndore
1433 3203 1766 3283 suﬂ‘undor,
1799 3205 1923 3265 val-

273 3289 470 3370 deque
495 3289 832 3364 excrucior,
857 3297 915 3351 et
943 3289 1146 3352 dicere
1179 3290 1489 3370 percupio,
1523 3290 1663 3371 quid
1696 3291 1921 3353 facien—

273 3377 414 3439 dum
451 3378 528 3438 sit
555 3385 620 3438 ut
650 3378 836 3439 colam
873 3387 950 3454 te,
999 3385 1064 3439 ut
1113 3378 1376 3458 placeam
1413 3379 1544 3461 tibi,
1580 3399 1696 3460 quo
1726 3399 1922 3443 coram

273 3465 526 3528 terribili
558 3466 836 3529 tribunali
870 3474 967 3529 tuo
998 3467 1059 3528 in
1091 3468 1188 3529 die
1235 3468 1448 3548 judicii
1478 3468 1922 3533 damnationem

275 3555 575 3635 eﬂ‘ugiam.

352 3643 510 3708 Audi
541 3645 682 3726 quid
712 3644 896 3706 facias
956 3646 1315 3727 quicumque
1339 3646 1652 3708 salvandus
1683 3665 1771 3722 es,
1804 3647 1924 3709 imo

276 3753 412 3795 vero
445 3741 504 3794 tu
535 3741 674 3795 ante
705 3752 934 3810 omnes,
979 3733 1079 3816 qui
1107 3754 1207 3806 me
1234 3754 1429 3815 rogas.
1465 3735 1655 3798 Hodie
1685 3745 1742 3798 te
1771 3755 1929 3800 mor-

275 3833 440 3885 tuum
475 3841 612 3884 esse
643 3831 782 3904 puta
813 3843 830 3900 ;
862 3824 1040 3885 hodie
1070 3824 1445 3886 renuntiasse
1481 3845 1497 3902 ;
1529 3825 1709 3887 hodie
1739 3833 1926 3887 totum

274 3912 563 3973 mundum
593 3911 909 3993 reliquisse
937 3912 1149 3994 ;hodie
1179 3913 1426 3987 amicos,
1463 3924 1766 3994 cognatos,
1790 3935 1926 3976 om-

273 4020 410 4063 nem
431 4019 639 4062 vanam
655 4001 897 4078 gloriam
915 4002 1224 4078 deserens,
1253 4002 1428 4064 simul
1461 4003 1924 4066 sollicitudinem

274 4109 473 4151 rerum
533 4089 882 4152 inferiorum
949 4110 1101 4171 pone
1154 4092 1448 4168 funditus,
1513 4092 1925 4174 sublatamque

275 4198 514 4241 crucem
548 4188 706 4241 tuam
730 4179 792 4240 in
813 4181 1118 4252 humeros,
1151 4190 1314 4243 arcte
1333 4181 1697 4263 constringe,
1717 4191 1774 4244 et
1792 4201 1919 4244 eam

277 4287 463 4349 usque
483 4268 556 4330 ad
580 4270 805 4332 exitum
827 4271 956 4331 vitae
979 4270 1048 4333 ba
1051 4271 1200 4350 jula.
1227 4271 1919 4353 Laborestentationum,

277 4359 516 4420 dolores
579 4358 1049 4440 tribulationum,
1131 4368 1188 4422 et
1266 4360 1672 4422 molestiarum
1734 4361 1926 4423 clavos

278 4463 510 4509 summo
527 4448 745 4527 gaudio
770 4449 998 4528 excipe,
1026 4458 1089 4509 ut
1118 4466 1396 4512 coronam
1418 4449 1639 4528 gloriae.
1674 4449 1929 4531 Injuria-

279 4555 407 4598 rum
440 4536 667 4598 lanceis
695 4538 960 4599 conﬁxus
1013 4537 1076 4598 in
1117 4539 1315 4611 horas,
1375 4546 1433 4600 et
1489 4539 1650 4599 omui
1709 4557 1929 4618 genere

279 4625 736 4705 ignominiarum
787 4627 1078 4689 acerrime
1138 4628 1454 4708 lapidatus,
1512 4627 1785 4709 lacrymis
1815 4647 1924 4709 pro

282 4716 570 4794 sanguine
601 4717 878 4796 profusis,
914 4727 1133 4797 martyr
1192 4718 1337 4793 eris,
1374 4717 1832 4798 illusionesque,
1870 4726 1927 4779 et

280 4804 476 4884 alapas
499 4804 700 4866 ferens
722 4805 923 4866 animo
946 4805 1302 4885 gratissimo,
1344 4806 1526 4869 divini
1537 4808 1690 4873 tatis.
1718 4817 1777 4869 et
1797 4809 1926 4887 glo-

281 4893 382 4953 riae
411 4911 560 4954 mea:
592 4912 836 4954 consors
892 4895 1020 4957 tios.
1059 4894 1223 4966 Quod
1273 4896 1322 4956 si
1371 4895 1629 4976 teipsum
1661 4897 1926 4959 omnium

285 4990 648 5063 postremum
708 4983 940 5058 feceris,
993 5002 1371 5065 servumque,
1435 5003 1504 5046 ac
1564 4985 1927 5064 ministrum,

287 5080 484 5152 postea
503 5072 763 5152 primum
783 5073 1047 5134 omnium
1066 5082 1120 5135 te
1136 5075 1406 5149 reddam,
1426 5075 1926 5156 quemadmodum

286 5161 551 5243 promisi.
570 5160 949 5243 Siinimlcos,
974 5171 1031 5224 et
1057 5182 1264 5224 omnes
1283 5163 1595 5225 audientes
1619 5173 1677 5227 te
1697 5165 1929 5228 dilexe-

286 5250 385 5324 ris,
421 5259 479 5311 et
510 5269 616 5332 pro
648 5250 1037 5330 injuriosisin
1097 5260 1151 5314 te
1180 5251 1462 5328 oraveris,
1525 5252 1767 5334 illisque
1825 5272 1930 5333 pro

286 5339 505 5402 viribus
538 5339 654 5402 tuis
686 5340 1088 5419 benefeceris,
1136 5341 1349 5403 similis
1396 5342 1657 5422 profecto
1691 5342 1931 5405 evasisti

290 5428 436 5492 Patri
470 5439 572 5493 tuo
595 5428 887 5491 altissimo
914 5479 929 5504 ,
955 5441 1017 5493 et
1061 5429 1202 5493 hinc
1259 5448 1471 5513 purum
1525 5450 1629 5493 cor
1657 5433 1929 5514 adeptus,

361 5599 421 5652 37
451 5600 476 5666 Ι
508 5597 646 5664 Cor.
681 5615 810 5675 xm,
850 5603 944 5661 t2.

2009 3083 2198 3145 libera
2231 3091 2412 3145 metu
2453 3083 2706 3145 Domine
2759 3085 3049 3161 omnium,
3088 3103 3300 3166 meque
3332 3085 3654 3166 abjectum,

2007 3181 2180 3254 atque
2212 3173 2482 3234 ultimum
2514 3191 2819 3235 servorum
2883 3182 3116 3235 tuorum
3149 3193 3226 3236 ne
3257 3192 3508 3256 spernas
3533 3176 3656 3237 im-

2008 3261 2432 3324 maculatarum
2491 3263 2946 3343 perpessionum
3011 3271 3242 3324 tuarum
3301 3264 3656 3345 participem

2007 3350 2160 3427 fieri,
2199 3358 2264 3411 ut
2298 3350 2500 3427 etiam;
2533 3350 2688 3413 sicut
2719 3351 2943 3432 dixisti,
3005 3351 3303 3432 particeps
3333 3352 3558 3435 gloriae,
3595 3361 3655 3416 et

2007 3440 2307 3503 suavitatis
2339 3439 2632 3501 bonorum
2663 3446 2896 3501 tuorum
2921 3441 3054 3502 ﬁam
3083 3459 3279 3518 ;nunc
3307 3442 3548 3522 quidem
3593 3452 3657 3506 ut

2005 3530 2067 3591 in
2098 3529 2528 3609 aenigmateﬁet
2581 3528 2642 3589 in
2699 3529 2910 3608 ﬁgura,
2973 3535 3032 3591 et
3087 3530 3148 3590 in
3198 3530 3476 3611 speculo:
3515 3539 3656 3594 tunc

2006 3637 2145 3681 vero
2176 3635 2552 3697 cognoscam,
2597 3617 2751 3679 sicut
2781 3625 2838 3679 et
2866 3618 3135 3697 cognitus
3163 3637 3297 3680 sum
3324 3618 3404 3680 37.

2558 3710 2794 3775 CAPUT
2837 3711 3095 3776 XXVIII.

2009 3807 2338 3880 Gratiarum
2365 3806 2510 3880 actio
2538 3805 2613 3861 ad
2639 3805 2816 3862 Deum
2859 3820 2965 3880 pro
3019 3807 3250 3880 acceptis
3305 3809 3375 3865 ab
3404 3823 3464 3866 eo
3494 3808 3653 3867 benc-

2078 3879 2219 3952 [iciis
2239 3895 2262 3944 ;
2291 3885 2340 3952 et
2368 3878 2429 3933 in
2486 3880 2784 3952 qiatestione
2833 3878 3098 3952 positum,
3138 3878 3514 3950 ‘quamobrem
3532 3896 3654 3952 per-

2078 3948 2206 4021 fecti
2234 3965 2270 4005 a
2296 3948 2628 4024 daemonibus
2658 3948 2866 4024 tentari
2894 3948 3309 4024 permittat—itm".
3339 3948 3654 4024 Descriptio

2075 4021 2530 4150 gnuntiantium
2583 4021 2812 4086 mundo,
2871 4027 2921 4078 et
2976 4021 3271 4090 institutio,
3332 4023 3396 4080 in
3415 4021 3661 4096 persona

2132 4109 2198 4148 ει.

2061 4176 2381 4255 Cognoscis
2395 4176 2841 4239 mendicitatem
2860 4196 3076 4258 meam,
3095 4178 3252 4239 nosti
3274 4178 3656 4257 orbitantem,

1946 4267 2126 4372 1)scis
2155 4265 2562 4346 solitudinem,
2597 4266 2794 4328 cernis
2825 4265 3320 4345 imbecillitatem,
3373 4277 3432 4330 et
3454 4269 3655 4349 impo-

2010 4355 2256 4418 tentiam
2291 4373 2508 4436 meam,
2543 4354 2643 4436 qui
2674 4374 2768 4417 me
2824 4357 3045 4418 tinxisti
3097 4357 3256 4420 Deus
3286 4377 3498 4439 meus;
3533 4375 3656 4420 non

2008 4445 2266 4522 ignoras,
2301 4443 2565 4524 inquam,
2591 4444 2698 4506 sed
2723 4445 2942 4526 aspicis
2972 4455 3057 4521 tu,
3106 4453 3169 4508 tu
3199 4447 3400 4507 omnia
3430 4464 3658 4524 cogno-

2010 4534 2149 4595 scis.
2182 4532 2333 4595 Vide
2363 4551 2466 4594 cor
2487 4532 2886 4610 humiliatum,
2909 4532 3040 4595 vide
3067 4535 3406 4612 contritum,
3430 4534 3564 4596 vide
3596 4543 3664 4596 ut

2009 4621 2533 4702 desperabundum
2556 4621 2628 4683 ad
2679 4630 2732 4682 te
2776 4622 3186 4698 accedentem,
3245 4631 3302 4686 et
3331 4624 3408 4686 da
3441 4642 3512 4684 ex
3540 4623 3660 4686 alto

2010 4713 2255 4789 gratiam
2277 4719 2460 4787 tuam;
2485 4711 2561 4773 da
2583 4711 2847 4773 divinum
2873 4709 3161 4792 Spiritum
3185 4722 3378 4790 tuum;
3401 4713 3499 4789 da,
3523 4712 3663 4775 Sal-

2013 4809 2196 4876 valor,
2227 4801 2626 4877 Paracletum;
2661 4803 2827 4862 mitte
2849 4799 3002 4862 sicut
3024 4800 3368 4883 promisisti,
3393 4801 3563 4864 mitte
3594 4811 3654 4865 et

2013 4909 2171 4951 nunc
2200 4890 2395 4970 ipsum
2427 4908 2545 4951 una
2570 4890 2856 4952 assidenti
2886 4888 2948 4950 in
2993 4890 3303 4971 superiore
3333 4891 3656 4968 caenaculo,

2010 4998 2216 5042 revera
2248 4977 2394 5041 mihi
2416 4978 2704 5042 eminenti
2734 4997 2910 5059 supra
2972 4997 3070 5042 res
3099 4987 3366 5042 terrenas
3395 4989 3454 5042 et
3483 4999 3665 5062 supra

2013 5077 2195 5132 totum
2229 5069 2616 5145 mundum,et
2645 5077 2700 5131 te
2727 5069 3038 5150 quaerenti,
3057 5077 3340 5150 tuumque
3369 5068 3659 5150 Spiritum

2014 5157 2450 5240 praestolanti.N
2458 5178 2488 5221 e
2501 5159 2678 5239 igitur
2689 5158 2984 5221 cuncteris
2998 5158 3359 5236 misericors,
3371 5179 3446 5222 ne
3463 5160 3660 5243 despi-

2014 5248 2134 5310 cias
2185 5248 2522 5323 miseratur,
2565 5267 2640 5310 ne
2700 5247 3070 5311 obliviscaris
3099 5248 3343 5311 sitiente
3373 5247 3573 5312 anima
3602 5258 3662 5314 te

2013 5347 2402 5420 quaerentem,
2430 5346 2489 5401 et
2514 5357 2590 5402 ne
2617 5337 2896 5402 excludas
2921 5336 3110 5417 gloria
3137 5338 3298 5400 hunc
3323 5337 3661 5420 indignum,

2015 5447 2163 5492 neve
2191 5427 2557 5492 abomineris
2588 5446 2708 5506 me,
2739 5427 3130 5494 neudeseras.
3162 5427 3402 5492 Viscera
3432 5436 3532 5494 tua
3552 5428 3666 5493 ob-
