4120 6376
465 376 580 444 567

1759 380 2143 448 SYMEONIS
2181 381 2555 445 JUNIORIS.

3732 378 3859 443 568

464 511 673 589 tendO,
706 512 1187 578 misericordiam
1216 524 1376 578 tuam
1425 515 1666 600 objicio,
1693 526 1752 581 et
1778 514 2117 598 benignita-
2139 520 2183 568 A
2205 517 2262 600 et
2292 528 2425 571 cum
2457 518 2516 572 te
2576 511 2841 573 immissa
2901 498 3413 592 pusillanimitate,
3470 529 3539 572 ac
3567 508 3865 600 despera-

466 608 589 665 tem
620 610 778 665 tuam
808 604 1201 686 interpretem
1233 625 1426 668 meam
1455 614 1631 689 atque
1661 608 2121 670 conciliatricem

465 690 579 754 tibi
635 693 847 757 offero.
907 692 1039 756 Non
1095 694 1383 771 laboravi,
1456 715 1575 757 non
1649 697 1892 778 prastiti
1944 715 2125 778 opera

457 780 730 861 justitia,
756 801 1061 864 nunquam
1090 783 1518 846 servaviullum
1535 785 1879 848 mandatum
1911 794 2074 847 tuum
2104 804 2117 848 :

467 868 577 931 sed
604 869 784 932 vitam
842 890 1037 933 meam
1089 890 1327 934 omnem
1387 872 1713 943 luxuriose,
1778 894 1846 935 ac
1891 874 2122 954 perdite

466 957 739 1022 transivi.
771 957 1198 1023 Verumtamen
1228 980 1348 1023 non
1378 981 1442 1024 es
1473 981 1569 1025 me
1599 972 1949 1044 aspernatus
1980 963 2119 1037 ;sed

464 1047 779 1128 quasitnm
809 1049 1107 1123 invenisti,
1167 1061 1466 1113 errantem
1524 1071 1558 1113 a
1615 1053 1707 1115 via
1764 1053 1987 1114 erroris
2013 1071 2119 1114 re-

468 1135 687 1197 duxisti
714 1156 729 1213 ;
763 1143 980 1199 etcum
1012 1156 1110 1200 me
1141 1157 1249 1220 per
1278 1140 1478 1201 lumen
1510 1142 1740 1218 f‘gratia
1773 1149 1886 1203 tua
1915 1143 2119 1203 hume-

465 1223 551 1286 ris
582 1224 700 1286 tuis
727 1225 1134 1289 immaculatis
1193 1228 1510 1291 miseratus
1532 1230 1940 1310 imposuisses,
1976 1248 2119 1310 por-

2210 598 2369 660 tione
2396 600 2717 661 vulnerare
2749 609 3059 676 conentur,
3095 619 3200 681 spe
3230 608 3328 661 tua
3357 599 3513 660 velut
3535 598 3770 661 emissis
3802 600 3867 659 in

2206 688 2366 767 ipsos
2389 688 2605 767 jaculis
2669 689 3032 751 vulneretur.
3092 687 3405 751 Iracundia
3462 695 3541 763 te,
3577 688 3865 767 utpugil-

2206 776 2331 838 latu
2362 786 2753 859 opugnantes,
2819 787 2879 840 et
2934 779 2997 839 in
3055 778 3313 839 furorem
3368 776 3774 856 impellentcs,
3834 796 3870 836 a

2206 867 2665 929 mansuetudine
2696 878 2794 929 tua
2823 868 2883 928 in
2943 868 3156 930 faciem
3189 868 3385 947 alapas
3416 866 3730 947 accipiant,
3766 883 3867 926 ex-

2206 964 2412 1037 traque
2437 958 2675 1018 domum
2706 966 2865 1019 tuam
2891 958 3097 1036 procul
3123 958 3457 1035 ejiciantur.
3484 954 3634 1017 Num
3672 955 3865 1034 enim,

2205 1054 2267 1107 ut
2290 1046 2437 1120 dixi,
2462 1047 2681 1121 infans,
2718 1055 2817 1107 aut
2850 1065 2998 1127 puer
3049 1046 3298 1126 pusillus
3321 1065 3385 1107 es
3407 1045 3437 1105 ?
3470 1063 3611 1105 num
3667 1044 3869 1105 adhuc

2203 1143 2261 1196 te
2280 1135 2655 1199 imbecillitas
2673 1136 2855 1196 animi
2882 1135 3093 1197 tenet?
3114 1134 3267 1197 Num
3288 1136 3463 1196 etiam
3490 1133 3665 1195 modo
3689 1151 3866 1194 mens

2204 1224 2312 1285 tibi
2340 1225 2410 1286 ad
2440 1226 2830 1287 obnitendum
2863 1226 3097 1286 infirma
3128 1234 3215 1285 est
3245 1231 3273 1286 ?
3302 1222 3466 1284 Nosti
3491 1231 3550 1284 et
3580 1221 3861 1283 inimicos

2200 1314 2428 1392 fugere,
2454 1322 2760 1376 etrursum
2787 1315 3031 1376 eosdem
3061 1315 3325 1376 vincere.
3346 1312 3492 1374 Nam
3514 1320 3570 1373 et
3591 1329 3866 1392 pugnans

2205 1422 2302 1463 me
2326 1404 2394 1463 ad
2397 1404 2682 1482 jutorem.
2716 1422 2783 1464 ac
2808 1403 3208 1478 defensorem,
3241 1410 3298 1463 et
3322 1404 3515 1478 fugam
3541 1418 3865 1481 capessens

464 1310 625 1386 tasti,
652 1330 764 1374 nec
781 1313 1269 1394 defatigationem
1312 1317 1494 1379 ullam
1528 1321 1749 1380 sentire
1781 1338 1877 1380 me
1910 1337 2119 1399 passus

465 1417 569 1463 es:
603 1419 808 1463 verum
839 1410 1118 1484 tanquam
1147 1404 1210 1465 in
1242 1424 1444 1483 curru,
1499 1415 1600 1469 aut
1648 1408 1921 1469 vehiculo
1948 1409 2117 1488 quie-

464 1496 759 1573 scentem,
817 1491 1033 1554 dedisti
1082 1494 1344 1556 molliter
1399 1514 1508 1576 per
1561 1496 1682 1559 vias
1726 1516 1966 1578 asperas
2008 1497 2121 1557 iter
2207 1509 2303 1552 me
2330 1491 2588 1553 validum
2620 1490 3658 1569 actutumtegumentumhabes.Et
3680 1489 3864 1569 quid-

459 1595 773 1660 peragere,
802 1578 995 1643 donec
1017 1581 1080 1643 in
1102 1584 1333 1645 caulam
1361 1584 1554 1645 ovium
1580 1593 1815 1647 tuarum
1849 1586 2118 1648 restitui-
2207 1599 2369 1656 nam,
2401 1581 2637 1662 amabo,
2670 1590 3045 1643 terrenorum
3081 1581 3326 1641 istorum
3379 1579 3719 1642 maestitiam
3754 1578 3864 1639 tibi

462 1665 562 1741 sti,
590 1674 649 1728 et
675 1667 919 1729 famulis
949 1669 1066 1732 tuis
1089 1672 1441 1750 aggregasti.
1463 1673 1938 1736 Misericordiam
1961 1683 2119 1735 tuam
2207 1678 2479 1750 apporlat
2506 1676 2534 1732 ?
2565 1673 2817 1745 Aurum,
2850 1689 2923 1731 an
2955 1678 3290 1748 argentum,
3324 1688 3401 1729 an
3432 1669 3676 1749 pretiosi
3707 1667 3863 1748 lapi-

461 1756 746 1835 pradico.
770 1756 1217 1821 miserationem
1242 1760 1442 1836 laudo,
1466 1762 1683 1840 gratias
1711 1781 1845 1843 ago,
1872 1771 1930 1825 et
1959 1763 2114 1824 divi-
2137 1763 2177 1813 B
2201 1760 2306 1820 des
2327 1759 2357 1818 ‘?
2386 1768 2444 1821 et
2471 1761 2603 1840 quis
2634 1760 2806 1840 lapis,
2845 1778 2941 1820 me
2994 1759 3292 1837 fulgidior,
3344 1769 3446 1819 aut
3475 1758 3608 1838 quis
3638 1757 3865 1819 clarius

462 1846 573 1907 tias
600 1844 882 1906 bonitatis
911 1853 1027 1907 tua
1047 1847 1332 1911 admiror.
1385 1851 1533 1913 Cum
1581 1870 1757 1931 porro
1782 1852 1845 1913 in
1876 1860 1931 1914 te
1950 1871 2119 1914 recu-
2203 1847 2405 1909 lucet?
2436 1849 2505 1909 Et
2537 1857 2732 1910 tamen
2758 1849 2889 1929 quis
2922 1849 3098 1929 lapis,
3157 1857 3219 1908 ut
3250 1866 3380 1926 ego,
3417 1846 3479 1907 in
3512 1847 3861 1908 nullaasti-

463 1934 723 2009 buerim,
751 1941 818 1996 ut
847 1937 1109 2010 narravi,
1147 1937 1327 1999 etiam
1385 1958 1543 2001 nunc
1572 1941 1728 2021 apud
1764 1949 1819 2004 te
1869 1960 2021 2017 sum,
2056 1951 2121 2003 ut
2204 1939 2465 1999 matione
2497 1939 2784 2018 penitus?
2813 1946 2903 2001 An
2956 1956 3099 2000 vero
3155 1956 3433 2015 agrorum
3461 1936 3724 2010 amissio,
3761 1945 3864 1997 aut

463 2028 628 2103 puto,
664 2030 819 2085 totus
850 2042 1055 2088 servus
1088 2035 1244 2100 tuus,
1279 2027 1605 2109 affixusque
1654 2029 1889 2111 lumini,
1925 2039 1982 2092 et
2012 2030 2118 2091 tibi
2203 2027 2452 2106 penuria
2482 2028 2772 2097 alimenti,
2810 2036 2910 2088 aut
2939 2026 3193 2089 defectio
3223 2026 3604 2086 viniomnino
3640 2033 3697 2086 te
3724 2026 3860 2086 dis-

461 2111 880 2194 agglutinatus,
934 2122 995 2177 et
1044 2114 1343 2178 desiderio
1406 2117 1490 2179 tui
1542 2118 1751 2193 victus,
1814 2130 1871 2181 et
1915 2138 2119 2181 amore

462 2200 859 2282 compeditus,
892 2203 1116 2280 haereo,
1151 2204 1533 2288 obstupesco,
1564 2216 1622 2269 et
1644 2209 1986 2289 perspicere
2017 2229 2116 2271 ne-

461 2308 640 2372 queo,
696 2308 882 2371 quare
936 2292 1237 2355 tribulatio
1292 2295 1540 2374 attingat
1585 2296 1862 2358 miseram
1926 2318 2116 2360 meam

458 2379 719 2442 animam
753 2403 770 2454 ;
802 2399 985 2462 quare
1043 2382 1234 2446 tristia
1287 2384 1599 2461 subintret,
1664 2405 1848 2467 quare
1892 2407 1988 2450 me
2018 2398 2116 2451 to-

461 2473 586 2531 tum
615 2470 969 2547 conturbet;
1031 2489 1214 2551 quare
1271 2491 1369 2534 me
1428 2474 1619 2554 privet
1673 2475 1991 2538 dulcedine
2022 2485 2120 2539 tua

459 2560 642 2636 Deus,
672 2568 730 2622 et
754 2578 789 2622 a
816 2560 1031 2640 gaudio
1077 2560 1385 2623 abstrahat
1433 2571 1810 2626 terrenorum
1845 2567 2111 2629 afﬂictio.

459 2646 613 2711 Num
644 2667 742 2711 me
771 2656 1084 2731 tantOpere
1105 2650 1361 2731 lapsum,
1392 2661 1449 2713 et
1475 2661 1715 2732 peccato
1739 2654 2113 2733 obstrictum,

462 2744 567 2800 aut
594 2738 734 2819 quia
763 2745 820 2800 te
842 2738 917 2801 ad
935 2741 1081 2800 iram
1105 2740 1340 2818 gravius
1365 2741 1741 2817 concitarim,
1763 2743 1918 2805 bone
1934 2746 2116 2805 Chri-

462 2834 576 2901 ste,
603 2826 918 2909 relinquis,
956 2836 1021 2888 ut
1039 2828 1297 2908 amplius
1356 2830 1674 2892 contrister
1711 2851 1885 2912 qnam
1919 2842 2111 2909 antea,

462 2915 701 2997 quando
734 2916 936 2977 anima
966 2934 1099 2978 mea
1131 2917 1428 2980 serviebat
1469 2919 1826 2982 turbulentis
1848 2923 2115 2984 affectio-

2202 2117 2474 2180 cruciat?
2506 2118 2574 2178 Et
2603 2119 2734 2197 quis
2767 2116 2917 2178 alius
2978 2116 3288 2196 paradisus
3320 2124 3406 2176 est
3438 2114 3557 2176 mei
3586 2114 3804 2176 similis
3836 2113 3861 2177 ἲ

2200 2215 2299 2267 aut
2324 2207 2464 2287 quid
2497 2225 2605 2287 par
2627 2206 2847 2268 habent
2872 2207 2995 2266 hac
3019 2205 3325 2277 inferiora,
3354 2210 3411 2264 et
3431 2203 3655 2264 caduca
3676 2213 3855 2265 terra

2201 2296 2483 2356 mitium?
2508 2296 2649 2368 Quis
2679 2304 2876 2357 autem
2937 2296 3106 2375 panis
3164 2294 3225 2354 in
3284 2294 3508 2354 mundo
3546 2288 3713 2370 talis,
3751 2303 3855 2356 aut

2200 2386 2357 2465 quod
2389 2385 2590 2446 vinum
2622 2384 2882 2447 conferri
2917 2392 3108 2464 potest
3137 2402 3269 2444 cum
3304 2384 3491 2459 gratia
3520 2402 3675 2459 mea,
3711 2403 3852 2445 cum

2199 2472 2399 2534 divino
2432 2474 2667 2554 spiritu,
2696 2493 2830 2557 cum
2864 2492 3015 2553 pane
3046 2473 3203 2542 vita,
3237 2492 3415 2552 quem
3450 2491 3557 2551 ego
3605 2473 3704 2546 do,
3731 2492 3867 2533 cor-

2202 2580 2307 2640 pus
2328 2562 2557 2625 scilicet
2580 2570 2639 2625 et
2669 2564 3021 2634 sanguinem
3084 2580 3311 2635 meum,
3343 2561 3507 2641 puris
3559 2562 3763 2637 corde,
3803 2571 3861 2624 et

2200 2650 2533 2713 indubitata
2555 2653 2694 2725 fide,
2711 2671 2847 2713 cum
2869 2655 3102 2727 timore,
3129 2659 3185 2712 et
3201 2660 3460 2712 tremore
3479 2652 3855 2712 manducan-

2201 2739 2381 2815 tibus,
2406 2750 2464 2802 et
2489 2742 2829 2803 bibentibus
2853 2760 2968 2822 qua
2991 2740 3318 2814 intellectu,
3346 2759 3461 2820 qua
3487 2759 3664 2803 sensu
3686 2741 3860 2821 ?qua

2200 2828 2455 2904 delicia,
2476 2830 2631 2910 quod
2663 2830 2968 2908 gaudium,
3006 2848 3137 2909 qua
3159 2829 3371 2908 gloria,
3401 2848 3625 2910 quaso,
3659 2832 3855 2909 major

2201 2925 2259 2977 et
2288 2920 2346 2977 in
2379 2919 2577 2994 terris,
2632 2938 2807 2999 quam
2842 2939 2935 2981 me
2993 2920 3183 2979 solum
3244 2918 3487 2993 intueri,
3530 2936 3621 2979 me
3654 2918 3845 2979 solum

461 3001 641 3099 nibus
664 3009 693 3066 ?
714 3001 846 3075 Dic,
876 3011 934 3065 et
960 3004 1108 3066 doce
1131 3023 1231 3066 me
1251 3024 1409 3068 nunc
1433 3008 1728 3089 profunda
1743 3010 1973 3090 judicia
1994 3018 2110 3075 tua.
2134 3050 2173 3099 ρ
2201 3025 2306 3085 per
2336 3009 2644 3088 speculum
2679 3008 2739 3069 in
2768 3009 3080 3087 aenigmate
3104 3007 3546 3088 contemplari?
3576 3016 3633 3069 et
3654 3009 3844 3069 solum

458 3090 591 3174 Dic,
620 3099 680 3154 et
706 3110 783 3155 ne
811 3092 1125 3155 desteteris
1173 3094 1519 3176 loquentem
1571 3116 1687 3175 me,
1722 3100 1988 3179 quamvis
2019 3102 2112 3161 in-
2138 3090 2173 3099 “
2199 3113 2347 3157 mea
2384 3097 2587 3175 gloriae
2608 3098 2897 3175 fulgorem
2920 3096 3213 3177 aspicere,
3241 3114 3466 3176 perque
3489 3097 3681 3176 ipsum
3702 3097 3851 3173 hac,

460 3179 676 3260 dignus
715 3182 829 3245 sim
851 3182 952 3264 qui
979 3182 1212 3264 loquar,
1240 3196 1304 3245 tu
1327 3189 1424 3267 qui
1472 3188 1770 3268 quondam
1799 3208 1931 3250 cum
1966 3209 2113 3270 pec-

459 3270 780 3350 eatoribus,
818 3280 879 3334 et
911 3271 1330 3335 meretricibus
1380 3278 1586 3357 epulas
1642 3277 1850 3351 iniisti,
1888 3288 2109 3341 etcum

458 3359 642 3421 asotis
670 3378 740 3422 ac
776 3360 1116 3442 publicanis
1172 3363 1506 3428 coenavisti.
1540 3365 1629 3427 Ad
1664 3367 1790 3428 haec
1821 3366 2111 3430 Dominus

457 3466 630 3513 mens
659 3451 820 3513 hunc
850 3451 914 3512 in
943 3452 1190 3514 modum
1219 3454 1533 3535 respondit
1573 3474 1587 3518 :

537 3537 708 3604 Nosti
739 3540 1239 3622 quemadmodum
1273 3561 1382 3620 ego
1414 3553 1473 3605 te
1504 3562 1538 3605 e
1569 3544 1793 3605 mundo
1823 3563 1891 3605 ac
1920 3545 2110 3607 infan-

456 3637 576 3692 tem
604 3628 763 3692 inter
789 3629 962 3691 ulnas
982 3637 1350 3710 asportatum
1373 3634 1755 3711 gestaverim.
1778 3632 1900 3711 Ego
1926 3642 2109 3696 totum

454 3724 513 3780 te
531 3716 1115 3780 fasciisinvolvebam
1140 3727 1199 3781 et
1253 3719 1404 3782 lacte
1447 3722 1807 3797 nutriebam,
1861 3723 1955 3783 cui
1978 3726 2114 3785 nul-

454 3807 549 3871 lus
578 3806 749 3869 cibus
809 3814 1103 3888 potusque
1159 3810 1495 3891 comparari
1553 3818 1787 3891 potest;
1819 3829 1919 3873 res
1953 3814 2114 3873 enim

457 3914 607 3958 mea
634 3893 1056 3959 inscrutabiles
1089 3896 1360 3975 omnino,
1388 3906 1447 3960 et
1474 3898 1927 3979 inexplicabiles
1952 3912 2109 3962 sunt.

455 3984 787 4063 Padagogo
822 3991 881 4047 te
910 3985 1330 4048 commendavi
1364 3986 1508 4067 (scis
1539 4006 1714 4068 quem
1760 3987 1978 4070 dicam)
2014 3990 2114 4069 qui

457 4080 517 4136 te
546 4083 612 4135 ut
644 4090 888 4153 parvum
915 4091 1193 4154 puerum,
1226 4075 1289 4135 in
1313 4076 1493 4138 horas
1516 4085 1908 4140 crescentem.
1934 4098 2113 4139 cura-

454 4162 550 4225 vit
596 4161 865 4243 pulchre,
901 4169 1052 4225 etut
1081 4162 1307 4236 decuit,
1343 4164 1637 4228 educavit.
1685 4165 1895 4229 Postea
1924 4166 2114 4229 factus

454 4268 520 4314 es
540 4249 831 4333 ephebus,
860 4251 1005 4333 quin
1050 4253 1229 4314 etiam
1278 4254 1747 4317 adolescentiam
1776 4273 1842 4316 es
1871 4254 2111 4333 ingres—

452 4358 579 4421 sus,
604 4357 802 4421 neque
829 4340 1049 4422 nescis,
1080 4342 1378 4422 quomodo
1394 4361 1636 4424 semper
1661 4351 1852 4405 tecum
1868 4343 2107 4422 fuerlm,

2198 3192 2255 3247 et
2278 3185 2369 3247 his
2400 3187 2569 3267 plura
2598 3188 2823 3267 doceri,
2857 3195 2915 3248 et
2946 3206 3039 3247 me
3069 3188 3261 3247 Deum
3287 3204 3441 3260 esse,
3477 3186 3849 3247 conditorem

2196 3276 2461 3338 omnium
2504 3278 2764 3357 perfecte
2788 3279 3044 3350 scire,et
3065 3276 3426 3354 intelligere,
3462 3276 3766 3336 hominem
3793 3277 3854 3338 in

2196 3366 2325 3427 lacu
2358 3366 2827 3447 profundissimo
2862 3366 3196 3437 sedentem,
3243 3383 3475 3425 mecum
3510 3364 3568 3425 in
3600 3365 3856 3444 gratiam

2193 3455 2555 3537 restitutum,
2620 3467 2680 3516 et.
2735 3454 2865 3516 sine
2924 3455 3230 3517 intervallo
3285 3461 3347 3514 ut
3400 3454 3658 3515 amicum
3719 3474 3859 3516 cum

2196 3544 2385 3605 amico
2401 3545 2683 3625 colloqui,
2708 3544 3220 3605 mercenariorum
3245 3542 3456 3604 ordine
3487 3553 3856 3623 exemptum,

2196 3633 2399 3696 servili
2414 3633 2628 3693 timore
2652 3633 2928 3713 liberum,
2947 3632 3075 3693 sine
3091 3632 3291 3692 labore
3305 3632 3450 3692 mihi
3465 3632 3854 3709 servientem,

2196 3722 2479 3784 charitate
2538 3741 2629 3783 me
2677 3722 2996 3795 colentem,
3058 3721 3378 3781 obedentia
3438 3722 3855 3784 mandatorum

2196 3812 2661 3873 familiaritatem
2696 3829 2890 3872 meam
2922 3819 3304 3872 consecutum
3336 3811 3359 3872 ἲ

2278 3901 2609 3979 Agendam,
2647 3918 2764 3963 non
2797 3901 3078 3961 mercede
3110 3899 3258 3960 mihi
3291 3899 3707 3972 servientium,
3741 3921 3862 3964 nec

2197 3990 2498 4050 serviliter
2529 3989 2602 4049 ad
2637 4008 2731 4050 me
2749 3989 3135 4063 venientium,
3166 3989 3269 4049 sed
3294 3992 3642 4064 amicorum,
3667 3999 3723 4050 et
3746 4010 3864 4053 no-

2198 4086 2418 4151 torum,
2444 4097 2511 4138 ac
2543 4078 2800 4138 filiorum
2837 4095 3107 4140 meorum
3132 4077 3400 4138 actiones
3424 4078 3628 4157 quales
3659 4080 3863 4143 solent

2196 4186 2353 4243 esse,
2390 4167 2604 4228 litteris
2635 4167 2918 4245 consigna
2944 4167 3228 4229 breviter.
3264 4166 3555 4229 Omnibus
3578 4172 3857 4232 mortali-

2195 4256 2303 4317 bus
2332 4256 2604 4318 viliorem
2625 4275 2690 4318 se
2719 4256 2966 4318 ducere.
3000 4258 3128 4318 Non
3187 4257 3508 4318 mundanis
3539 4258 3754 4339 solum,
3797 4271 3856 4322 et

2194 4345 2256 4407 in
2281 4346 2397 4407 vita
2427 4346 2709 4426 religipsa
2729 4344 3265 4421 commilitonibus,
3292 4346 3396 4407 sed
3423 4347 3600 4407 etiam
3633 4348 3853 4411 Ethni-

455 4437 655 4494 tecum
705 4430 1098 4508 accreverim,
1153 4438 1209 4493 te
1267 4432 1530 4513 undique
1583 4434 1852 4514 texerim,
1914 4438 2106 4515 quoad
2130 4436 2279 4516 Deis
2314 4437 2576 4516 pejorem
2611 4454 2675 4495 se
2706 4436 2999 4496 aestimare
3030 4454 3095 4495 ex
3129 4437 3323 4497 animo
3356 4457 3370 4511 ;
3405 4456 3581 4497 unam
3618 4438 3857 4501 minimi

452 4519 768 4584 commode
800 4539 1010 4583 omnes
1039 4528 1279 4583 atatum
1312 4523 1529 4602 gradus
1569 4522 1903 4586 excessisti.
1938 4524 2108 4589 Nunc

450 4610 631 4691 igitur
657 4610 1009 4673 adolescens
1041 4629 1175 4673 esse
1204 4628 1340 4675 cnm
1396 4612 1671 4689 desieris,
1702 4621 1761 4675 et
1787 4613 1877 4674 vir
1907 4617 2104 4694 perfe-

451 4706 603 4777 ctus,
626 4700 753 4780 jam
782 4699 856 4761 ad
887 4706 1257 4763 senectutem
1294 4701 1525 4776 lendas,
1559 4703 1857 4783 quomodo
1890 4704 2105 4765 etiam-

451 4810 596 4854 num
625 4798 688 4852 ut
719 4791 1033 4871 puerulum
1065 4798 1125 4853 te
1154 4791 1310 4853 inter
1340 4792 1587 4855 brachia
1618 4793 1860 4874 gestari,
1891 4812 1959 4855 ac
1983 4795 2105 4855 cir-

450 4878 733 4943 cumferri
761 4880 1023 4960 postulas
1046 4880 1074 4938 ?
1094 4881 1391 4962 quomodo
1426 4882 1622 4943 denuo
1644 4882 1843 4943 fasciis
1864 4882 2105 4966 involvi,

450 4987 521 5032 ac
550 4969 738 5051 potari
798 4968 1156 5031 desideras?
1212 4970 1513 5051 quomodo
1570 4971 1719 5032 lacte
1749 4971 2013 5047 educari,
2051 4981 2109 5034 et

451 5056 563 5122 sub
591 5057 910 5139 padagogo
951 5058 1203 5120 vivere?
1252 5078 1475 5140 quaso,
1511 5078 1630 5121 non
1663 5059 1968 5122 erubescis
1996 5062 2109 5123 ista

451 5146 700 5210 dicere?
730 5145 881 5209 Cum
915 5154 977 5209 tu
1006 5154 1239 5209 atatem
1270 5148 1501 5210 virilem
1531 5148 1739 5227 agites,
1766 5148 1898 5211 aliis
1922 5150 2104 5211 mini-

450 5242 596 5310 stra,
623 5234 769 5298 alios
797 5234 1028 5314 educa;
1062 5254 1315 5317 quaque
1339 5236 1411 5299 ad
1441 5236 1706 5317 ipsorum
1755 5237 2104 5300 incremen-

451 5333 578 5388 tum
608 5325 934 5406 pertinent,
972 5324 1217 5405 provide
1267 5332 1329 5387 et
1383 5344 1527 5388 cura
1584 5326 1805 5388 omnia.
1840 5326 2105 5389 Inimicis

448 5414 690 5497 resiste,
721 5422 781 5478 et
840 5432 1156 5496 percussus
1206 5422 1476 5497 percute.
1537 5415 1840 5496 lntelligis,
1892 5416 2106 5498 opinor

451 5502 528 5565 de
555 5502 771 5584 quibus
817 5503 1079 5567 inimicis
1124 5506 1357 5585 loquar.
1418 5508 1739 5569 lnstructas
1767 5506 2103 5568 damonum

450 5590 613 5655 acies
643 5592 876 5669 invade,
909 5602 969 5655 et
989 5593 1101 5656 feri
1123 5594 1273 5657 nihil
1295 5612 1500 5676 parcas
1531 5617 1547 5670 ;
1581 5601 1802 5659 eadens
1831 5614 2096 5676 resurge,

451 5686 514 5743 et
537 5679 763 5746 affatim
793 5680 913 5748 tela
939 5690 1146 5747 contra
1174 5683 1651 5749 adversariorum
1684 5684 1799 5749 tela
1826 5686 2094 5750 remitte:

2195 4524 2453 4585 mandati
2503 4543 2741 4604 parvam
2796 4524 3361 4603 transgressionem,
3423 4526 3555 4586 vita
3615 4536 3858 4591 acterna

2190 4613 2570 4675 amissionem
2598 4632 2730 4674 esse
2749 4613 3022 4674 arbitrari
3047 4637 3061 4681 ;
3092 4632 3305 4692 parvos,
3324 4634 3564 4695 pueros,
3594 4636 3710 4677 non
3749 4638 3852 4679 se-

2190 4722 2318 4784 cus,
2350 4721 2529 4781 quam
2559 4702 2855 4765 constanti
2908 4711 3079 4765 atate
3128 4702 3285 4763 viros
3341 4704 3584 4780 intueri,
3621 4714 3679 4766 et
3712 4715 3851 4768 tan-

2190 4811 2363 4871 quam
2396 4793 2716 4853 bonoratos
2741 4793 3016 4853 venerari
3046 4812 3112 4853 ac
3138 4794 3396 4853 revereri
3429 4813 3445 4869 ;
3477 4794 3651 4855 caecis
3703 4797 3844 4857 item

2191 4882 2477 4942 honorem
2510 4880 2769 4941 tribuere
2795 4899 2815 4957 ;
2839 4889 3045 4960 utpote
3069 4901 3162 4941 me
3185 4880 3257 4943 ab
3289 4884 3406 4943 alto
3430 4884 3635 4944 omnia
3658 4885 3852 4946 homi-

2192 4989 2330 5030 num
2365 4969 2516 5030 facta
2547 4969 2922 5049 inspiciente.
2945 4973 3083 5032 Hac
3105 4990 3340 5051 quoque
3363 4972 3560 5033 facere
3607 4983 3853 5055 propter

2192 5077 2308 5134 me,
2345 5078 2476 5140 qua
2507 5059 2757 5139 perinde
2780 5060 3093 5122 conscribe
3120 5081 3133 5120 :
3156 5060 3284 5121 Non
3308 5060 3527 5123 habere
3555 5062 3846 5124 adversus

2190 5149 2532 5229 quempiam
2564 5167 2807 5228 prorsus
2840 5149 2900 5209 in
2932 5149 3113 5210 corde
3169 5150 3260 5211 vel
3295 5159 3532 5212 tenuem
3567 5170 3843 5212 commo-

2191 5239 2437 5300 tionem.
2464 5242 2567 5299 aut
2589 5239 2775 5298 levem
2797 5238 3202 5318 suSpicionem
3232 5262 3247 5313 ς
3275 5247 3393 5301 toto
3417 5240 3615 5301 animo
3640 5259 3853 5319 preca-

2187 5327 2381 5387 tiones
2410 5326 2577 5387 obire
2608 5345 2744 5388 cum
2776 5326 2982 5389 dolore
3044 5328 3283 5402 cordis;
3336 5349 3405 5389 ex
3447 5329 3843 5390 commisera-

2188 5415 2347 5477 tione
2378 5434 2585 5478 omnes
2615 5416 2675 5477 in
2709 5426 2765 5478 te
2798 5424 3135 5497 peccantes,
3168 5417 3446 5480 similiter
3478 5426 3536 5479 et
3564 5437 3660 5479 me
3700 5437 3845 5499 per-

2184 5504 2325 5567 inde
2356 5505 2729 5567 olfendentes
2789 5523 2960 5567 orare
3018 5525 3154 5567 cum
3187 5506 3484 5588 lacrymis,
3528 5517 3591 5568 ut
3641 5506 3713 5569 ab
3747 5507 3844 5568 his

2184 5602 2647 5669 convertantur;
2683 5593 3041 5657 benedicere
3066 5596 3590 5674 maledicentibus,
3628 5605 3685 5659 et
3715 5596 3843 5657 lau-

2182 5686 2325 5749 dare
2352 5704 2422 5746 ex
2452 5683 2675 5746 invidia
2704 5682 3139 5759 conviciantes;
3172 5694 3230 5748 et
3263 5687 3637 5749 incommoda
3660 5686 3835 5747 inve-
