4120 6396
309 383 422 450 569

1449 380 1890 445 DIVINORUM
1933 379 2261 443 AMORUM
2304 375 2556 443 LIBER.

3596 375 3712 444 570

311 521 547 601 bentes,
568 519 630 580 in
656 517 1183 582 benemerantibus
1203 533 1558 579 numerare:
1593 513 1970 576 refractarios
1990 521 2032 568 A
2053 509 2156 601 qui
2187 511 2548 574 voluntatem
2569 529 2736 574 suam
2760 530 2875 573 non
2899 511 3082 588 exuit,
3109 521 3166 574 et
3188 513 3548 578 voluntatem
3578 516 3710 596 ejus

313 618 532 686 autem,
585 627 701 670 nec
760 607 867 670 tibi
919 607 1424 688 obtemperantes,
1485 605 1728 668 omnino
1787 611 1851 664 ut
1881 619 1976 663 me

313 699 578 780 ipsorum
609 697 930 760 Dominum
961 704 1265 775 negantes,
1294 695 1628 771 lamentari,
1663 703 1724 757 et
1753 693 1976 754 deflere

315 787 580 862 assiduo,
607 806 720 849 nec
771 805 875 849 eos
921 784 1286 848 admonendi
1347 785 1526 846 tinem
1587 785 1823 847 facere:
1863 782 1979 856 Qui

315 881 476 940 enim
507 895 607 940 vos
635 878 918 958 suscipit,
971 875 1116 949 dixi,
1173 893 1266 936 me
1315 875 1621 955 suscepit:
1656 881 1716 936 et
1745 873 1978 952 quieos

313 967 505 1040 audit,
548 983 800 1046 prorsus
839 983 937 1027 me
977 965 1252 1028 audit58.
1280 963 1391 1037 Qui
1420 983 1560 1026 vero
1587 962 1766 1026 verba
1785 968 1980 1024 vestra

315 1055 875 1134 admonitionesque
904 1073 1021 1115 non
1054 1073 1189 1116 cum
1241 1053 1453 1114 timore
1505 1053 1784 1125 admittit,
1819 1059 1876 1113 et
1906 1050 1979 1112 iis

315 1163 506 1225 usque
537 1145 609 1205 ad
671 1153 920 1206 mortem
984 1143 1360 1224 obsequitur,
1424 1161 1544 1203 non
1603 1149 1692 1204 est
1747 1141 1980 1202 futurus

316 1243 556 1295 aeterna;
609 1232 815 1311 gloria),
872 1249 1021 1293 meae
1072 1232 1408 1312 particeps:
1472 1249 1592 1292 non
1665 1227 1982 1292 collabitur

318 1341 576 1395 mecum,
608 1321 709 1402 qui
757 1339 998 1382 crucem
1059 1321 1320 1401 pertulit,
1381 1329 1439 1381 et
1494 1318 1658 1382 Patri
1689 1338 1878 1400 usque
1905 1317 1976 1379 ad

321 1419 574 1474 mortem
599 1410 890 1474 obediens
911 1410 996 1472 fui
1024 1433 1036 1470 :
1066 1429 1184 1471 non
1217 1417 1508 1472 statuetur
1539 1410 1610 1472 ad
1647 1409 1977 1487 dexteram,

321 1519 439 1560 non
469 1499 583 1562 erit
601 1500 869 1561 cohaeres
891 1517 1096 1560 eorum
1130 1499 1231 1580 qui
1265 1499 1496 1580 seipsos
1529 1499 1976 1560 cruciﬁxerunt.

315 1588 399 1650 De
429 1598 667 1665 cretero,
703 1607 780 1652 ne
809 1607 1010 1650 cesses
1067 1589 1417 1664 admonere,
1470 1608 1544 1650 ne
1573 1588 1816 1651 desinas
1844 1588 1978 1668 plo-

311 1697 468 1748 rare,
507 1697 583 1740 ne
612 1678 970 1740 intermittas
999 1678 1267 1758 ipsorum
1309 1679 1565 1741 salutem
1615 1677 1973 1758 exquirere:

2059 599 2159 680 qui
2190 617 2506 682 personam
2540 608 2698 664 tuam
2748 601 2930 664 refert
2973 621 3042 664 ac
3089 603 3366 680 sustinet,
3429 613 3491 667 ut
3523 613 3708 679 tuam,

2059 690 2158 770 qui
2187 689 2480 752 Dominus
2501 709 2586 772 es,
2621 690 2682 752 in
2703 690 2900 752 studio
2933 691 3046 753 sibi
3105 711 3222 754 non
3273 696 3499 774 posuit,
3533 695 3711 756 etin-

2061 789 2226 856 tegre
2257 799 2371 840 non
2401 779 2740 858 custodivit,
2776 789 2836 842 ut
2883 789 2945 842 tu
2991 780 3122 862 ipse
3180 781 3367 846 Patris
3399 784 3484 845 tui
3512 785 3715 847 volun-

2061 876 2237 930 tatem
2265 869 2658 950 custodivisti,
2695 872 2966 933 cohazres
2997 880 3056 933 et
3083 891 3330 934 consors
3382 881 3517 936 tuus
3549 873 3713 936 erit?

2062 959 2387 1038 praesertim
2419 978 2551 1020 cum
2617 959 2930 1040 pepigo't‘it,
2991 961 3255 1042 quandiu
3316 963 3709 1044 superaverit,

2062 1065 2366 1128 nunquam
2423 1067 2544 1110 sua:
2603 1048 2790 1128 ipsius
2847 1051 3130 1112 Voluntati
3187 1052 3558 1132 periturum:
3597 1072 3710 1114 non

2061 1137 2436 1200 adhaesurum
2462 1137 2731 1217 sanguini
2765 1159 2880 1200 non
2934 1159 3170 1202 carnem
3219 1141 3618 1221 praalaturum,
3653 1141 3712 1201 id

2062 1233 2172 1300 est,
2207 1225 2648 1310 cogitationem,
2696 1235 2753 1289 et
2812 1229 3110 1290 vinculum
3171 1238 3414 1304 naturae,
3449 1250 3712 1293 amorem

2063 1314 2232 1375 illum
2267 1317 2617 1394 naturalem,
2655 1319 2756 1399 qui
2791 1319 2849 1379 in
2882 1321 2990 1380 hac
3050 1319 3161 1382 vita
3195 1321 3468 1382 homines
3498 1322 3712 1383 iterum

2063 1423 2196 1492 cum
2229 1403 2304 1465 iis
2333 1405 2591 1485 colligat,
2653 1427 2786 1488 quae
2827 1407 3273 1490 abdicaverunt,
3309 1429 3528 1492 eosque
3559 1420 3715 1474 totos

2063 1491 2133 1553 ad
2171 1511 2238 1554 ea
2268 1514 2401 1574 quae
2421 1503 2578 1558 retro
2613 1505 2771 1567 sunt,
2803 1497 3114 1562 convertit.
3411 1533 3414 1536 ~

2144 1587 2430 1664 Martyres
2490 1587 2862 1649 clamarunt:
2929 1586 3084 1649 Vere
3135 1590 3708 1670 justumjutlicinm.

2065 1671 2230 1735 Sicut
2260 1675 2422 1737 enim
2474 1675 2576 1754 qui
2626 1677 2698 1738 a-l
2757 1677 3174 1758 perferendum
3208 1679 3548 1760 martyrium
3582 1683 3711 1742 ala-

316 1775 378 1828 ut
408 1767 460 1829 si
491 1775 548 1829 te
575 1767 900 1839 audierint,
955 1777 1013 1828 et
1042 1767 1320 1830 conversi
1344 1767 1586 1842 fuerint,
1623 1767 1846 1828 habeas
1876 1783 1978 1826 eos
2003 1839 2035 1852 ,ἱ
2063 1763 2246 1825 criter
2275 1784 2341 1826 se
2397 1765 2633 1841 obtulit,
2691 1767 3047 1829 adeuntibus
3101 1787 3167 1830 se
3225 1769 3709 1852 consanguineis,

319 1865 600 1938 tanquam
631 1857 867 1931 fratres,
931 1857 1192 1919 lucratus
1248 1855 1515 1919 membra
1553 1839 1674 1931 tua,
1711 1855 1975 1935 mihique
1998 1839 2036 1888 Β
2061 1872 2243 1914 uxore
2273 1861 2331 1915 et
2361 1854 2569 1916 liberis
2619 1839 2752 1916 cum
2815 1857 3158 1934 hujusmodi
3207 1839 3622 1938 querimoniis,
3658 1839 3723 1922 et

321 1955 382 2006 ut
415 1965 757 2026 germanos,
794 1955 850 2008 et
877 1945 1202 2024 morigeros
1234 1947 1472 2020 offeras,
1523 1953 1584 2008 ut
1613 1953 1670 2008 et
1701 1965 1810 2022 ego
1841 1944 1976 2006 illos
2059 1943 2367 2006 lamentis:
2391 1943 2517 2006 Non
2546 1948 2764 2006 misere
2780 1945 2862 2006 ris
2879 1946 3134 2008 filiorum
3157 1947 3528 2023 ‘?Oimmitis,
3562 1950 3714 2013 nihil

315 2036 663 2114 suscipiam,
698 2053 802 2116 per
836 2045 913 2109 te,
949 2041 1005 2096 et
1063 2035 1394 2114 glorificem
1474 2043 1534 2097 et
1590 2046 1786 2096 tecum
1819 2032 1976 2094 Patri
2061 2037 2116 2089 te
2131 2039 2324 2091 movet
2346 2031 2603 2094 viduitas
2621 2033 2928 2114 conjugis!
2959 2053 3075 2095 non
3107 2054 3313 2097 eorum
3330 2039 3714 2100 mendicitate

316 2143 451 2186 meo
483 2125 545 2185 in
575 2125 848 2186 muneris
905 2125 1034 2186 loco
1066 2125 1286 2186 donem
1373 2123 1434 2187 Si
1481 2124 1808 2186 voluntates
1835 2140 1974 2184 suas
2057 2118 2149 2210 ad
2187 2122 2768 2210 comm'serationcm
2829 2124 3154 2185 inﬂectelis
3183 2125 3214 2185 ?
3272 2146 3388 2188 non
3447 2127 3726 2210 ipsorum

316 2233 436 2274 non
458 2214 920 2293 abnegaverint;
954 2214 1002 2276 si
1027 2214 1255 2275 animas
1277 2233 1415 2276 suas
1438 2232 1556 2275 non
1583 2225 1962 2292 contempse-
2061 2207 2301 2270 exitium
2334 2210 2556 2289 cogitas
2588 2219 2644 2272 et
2675 2213 3012 2273 emollescis
3037 2213 3068 2274 ἲ)
3099 2215 3331 2291 Ergone
3367 2207 3714 2299 relinquens

313 2303 458 2378 rint,
495 2311 557 2364 ut
580 2303 702 2366 dixi
737 2322 752 2379 ;
785 2305 836 2364 si
865 2302 1260 2366 voluntatibus
1283 2303 1406 2364 suis
1453 2303 1669 2364 mortui
1695 2321 1811 2363 non
1845 2301 1966 2362 fue-
2053 2315 2298 2393 uxorem
2333 2300 2592 2380 viduam,
2627 2301 2937 2382 ipsamque
2994 2311 3054 2364 et
3108 2305 3328 2366 liberos
3385 2309 3711 2393 orphauos,

313 2392 454 2470 rint,
490 2401 548 2454 et
577 2393 756 2454 vitam
786 2412 854 2454 ac
884 2411 1082 2455 mores
1111 2399 1273 2460 Fsuos
1321 2393 1394 2455 ad
1424 2399 1584 2454 tuam
1614 2391 1970 2453 voluntatem
2057 2389 2404 2468 peregrinos
2435 2397 2494 2451 et
2526 2390 2854 2470 mendicos,
2914 2391 3166 2470 tcipsum
3226 2397 3417 2456 solum
3476 2389 3716 2459 servare

319 2500 439 2543 non
463 2481 1002 2554 accomodaverint,
1036 2501 1141 2562 per
1171 2491 1328 2544 tuam
1363 2481 1721 2544 voluntatem
1775 2499 1970 2542 meam
2059 2478 2247 2538 mavis
2275 2478 2305 2536 ‘2
2326 2479 2622 2559 quomodo
2653 2498 2772 2540 non
2795 2481 2982 2559 magis
3007 2501 3111 2562 pro
3137 2483 3436 2546 homicida
3458 2486 3703 2547 damna-

315 2571 645 2652 explentes.
681 2580 744 2632 tu
776 2573 1116 2634 mercedem
1179 2581 1333 2632 tuam
1362 2572 1522 2632 haud
1575 2570 1831 2643 amittes,
1870 2587 1982 2632 nec

315 2679 388 2723 ea
417 2660 813 2742 Spoliaberis;
850 2661 991 2742 quin
1017 2679 1121 2742 pro
1147 2661 1404 2742 simplici
1461 2677 1568 2740 ego
1601 2659 1708 2721 tibi
1740 2659 1980 2738 duplam

312 2749 669 2830 rependam,
704 2750 860 2830 quod
891 2751 1159 2830 quamvis
1181 2769 1299 2810 non
1328 2749 1626 2826 audirere,
1649 2769 1764 2810 non
1783 2758 1978 2810 tamen

312 2839 482 2919 loqui
513 2839 838 2912 destiteris,
871 2849 929 2901 et.
987 2839 1186 2920 potius
1241 2839 1400 2915 odia,
1461 2838 1884 2914 alienationes,
1925 2849 1982 2902 et

312 2925 755 2990 exsecrationes
781 2946 986 2989 eorum
1048 2927 1334 3002 subieris,
1386 2927 1887 3008 quemadmodum
1923 2931 1982 2987 et

310 3036 424 3096 ego
454 3016 598 3078 olim
629 3017 766 3080 odio
797 3017 902 3094 fui,
937 3025 994 3080 et
1026 3037 1184 3078 nunc
1215 3036 1345 3080 sum
1378 3037 1488 3098 per
1517 3017 1660 3078 istos
1688 3015 1974 3078 istorum-

312 3124 436 3187 que
469 3105 726 3169 similes.

404 3198 518 3259 Per
573 3214 758 3278 opera
799 3196 1141 3277 hujusmodi
1197 3196 1311 3260 coli
1369 3197 1522 3258 volo.
1583 3199 1695 3259 Per
1753 3197 1889 3259 talia
1923 3205 1981 3259 et

318 3285 538 3347 similia
555 3287 1070 3367 mihicomplacert
1106 3287 1276 3348 stude
1310 3305 1579 3365 :semper
1603 3287 1698 3348 his
1725 3305 1978 3366 namque

319 3375 711 3438 vehementer
738 3375 930 3439 laetor.
963 3377 1054 3439 Ne
1112 3376 1284 3436 malis
1345 3375 1540 3450 otiari,
1604 3395 1714 3438 nec
1745 3377 1977 3440 utilitati

312 3464 532 3528 animae
575 3475 688 3528 tuae
717 3465 1037 3546 quidquam
1069 3465 1127 3525 in
1161 3465 1382 3526 mundo
1439 3465 1561 3526 ullo
1615 3465 1790 3527 modo
1822 3484 1976 3544 prae-

307 3554 490 3618 feras.
523 3555 711 3628 Quem
743 3555 901 3616 enim
960 3557 1213 3616 fructum
1263 3555 1608 3634 reportabit,
1663 3555 1760 3635 qui
1799 3575 1976 3616 mun-

311 3645 456 3705 dum
490 3647 772 3725 lucratur,
809 3656 906 3706 aut
937 3663 1146 3705 omnes
1206 3643 1304 3724 qui
1341 3644 1395 3702 in
1459 3665 1530 3704 eo
1589 3653 1726 3705 sunt
1753 3645 1971 3716 erudit,

313 3752 387 3794 ac
415 3734 612 3808 docet,
649 3744 707 3796 et
737 3734 1046 3796 universos
1075 3733 1282 3806 salvat,
1317 3734 1364 3795 si
1429 3752 1546 3794 non
1607 3743 1664 3794 et
1696 3734 1823 3810 ipse
1855 3735 1974 3794 sal-

319 3823 672 3887 vabitur59?
723 3823 865 3896 Quis
915 3823 1095 3900 igitur
1152 3822 1250 3882 ille
1310 3833 1421 3895 est,
1481 3831 1581 3882 aut
1637 3840 1750 3902 quo
1784 3832 1972 3902 pacto,

319 3912 530 3990 miser,
565 3913 713 3975 alios
741 3913 993 3979 salvans.
1045 3911 1304 3972 animam
1355 3929 1518 3972 suam
1561 3929 1675 3970 non
1703 3911 1924 3972 salvabi
1959 3959 1971 3979 ,

316 4005 422 4060 δυσί
459 4003 670 4083 perdet
701 4002 725 4062 Ὺ
755 3999 863 4074 Qui
895 4001 1069 4061 solvit
1125 3999 1464 4060 mandatum
1493 4019 1677 4060 unum
1742 3999 1976 4064 iiorriini

316 4095 610 4171 omnium,
647 4099 704 4152 et
734 4089 1168 4171 quodammodo
1200 4089 1393 4168 ipsum
1428 4089 1836 4150 conculcando
1873 4089 1972 4149 in-

319 4182 500 4256 cedit,
528 4190 584 4242 et
609 4181 768 4258 leges
789 4197 949 4240 meas
971 4177 1420 4256 transgreditur,
1443 4177 1674 4257 etjussa
1698 4179 1970 4239 transiiit.

315 4271 429 4344 Qui
456 4279 621 4334 extra
647 4269 871 4332 caulam
930 4276 987 4328 et
1043 4277 1210 4347 septa
1255 4267 1665 4328 mandaturum
1703 4284 1974 4328 meorum

2063 2565 2244 2636 beris,
2284 2568 2526 2648 quando
2556 2587 2664 2630 nos
2723 2587 2931 2632 omnes
2991 2571 3331 2652 perdendos
3365 2575 3616 2651 deseris,
3655 2584 3714 2638 et

2063 2656 2322 2719 animam
2358 2665 2516 2720 tuam
2551 2659 2735 2720 solam
2767 2659 2992 2722 salvare
3035 2661 3270 2724 conaris
3297 2683 3313 2740 ;
3336 2663 3409 2729 si.
3437 2664 3706 2744 inquam,

2063 2767 2194 2807 cum
2255 2747 2468 2809 talibus
2539 2749 3066 2812 lamentationibus
3150 2751 3406 2823 veniant.
3465 2755 3710 2816 omnino

2065 2853 2274 2898 eorum
2308 2855 2503 2912 voces,
2539 2856 2652 2899 nec
2681 2838 2750 2898 ad
2788 2847 3064 2918 punctum
3100 2842 3384 2923 temporis
3413 2845 3713 2908 sustinere

2063 2925 2278 2995 debet;
2305 2945 2414 2988 nec
2436 2944 2610 2988 aures
2632 2926 2748 2988 illis
2769 2928 3059 2990 tantillum
3089 2933 3470 2994 commodare
3499 2941 3558 2994 et
3587 2933 3711 2996 sive

2061 3015 2256 3089 donis,
2291 3035 2359 3078 ac
2389 3017 2581 3096 pretio
2615 3017 2874 3090 vincula,
2909 3037 3330 3101 carceremque
3367 3021 3666 3085 dimittere
3695 3045 3710 3099 ;

1993 3130 2033 3178 ο
2059 3104 2184 3166 sive
2208 3113 2286 3186 te,
2309 3105 2567 3180 Christe,
2593 3117 2802 3184 negato
2825 3107 2896 3169 ab
2927 3109 3020 3169 his
3047 3107 3288 3170 liberari
3318 3132 3332 3186 ;
3363 3113 3466 3173 sed
3503 3121 3563 3174 ut
3585 3113 3710 3194 jam

2064 3205 2350 3267 mortuus,
2389 3203 2654 3274 perstare
2693 3196 2751 3256 in
2801 3197 3181 3266 cruciatibus.
3240 3219 3622 3280 perseverare
3651 3203 3714 3263 in

2062 3283 2351 3363 custodia,
2381 3284 2704 3364 perdurare
2731 3289 2786 3346 in
2844 3287 2995 3347 fame
3020 3295 3079 3348 et
3100 3287 3220 3363 siti,
3255 3307 3453 3351 rerum
3478 3309 3546 3352 ac
3563 3310 3710 3371 pos-

2063 3373 2396 3433 sessionum
2426 3392 2664 3435 suarum
2697 3377 3056 3450 immemor;
3120 3386 3198 3449 et,
3262 3379 3310 3438 si
3341 3379 3468 3440 fieri
3503 3380 3709 3460 possit,

2063 3479 2173 3522 nec
2233 3461 2392 3525 aliud
2451 3461 2753 3543 quidpiam
2818 3472 2982 3526 extra
3037 3465 3364 3527 custodiam
3424 3468 3712 3547 cogitans,

2061 3555 2235 3612 etiam
2269 3553 2430 3614 velut
2461 3572 2568 3634 per
2606 3563 2980 3614 transennam
3014 3573 3028 3630 ;
3062 3555 3166 3616 sed
3197 3556 3268 3616 ad
3295 3565 3353 3619 te
3382 3559 3711 3638 respicere,

2062 3641 2312 3704 Domine
2344 3641 2777 3717 universorum,
2807 3651 2863 3704 et
2892 3651 3152 3704 mentem
3183 3663 3352 3708 suam
3379 3646 3437 3707 in
3475 3657 3530 3708 te
3559 3667 3711 3710 con-

2066 3733 2412 3812 templando
2443 3733 2707 3810 deﬁgere
2735 3743 3046 3813 perpetuo,
3107 3741 3284 3816 atque
3313 3736 3392 3798 ita
3419 3756 3607 3818 usque
3637 3739 3710 3800 ad

2065 3833 2314 3898 mortem
2348 3822 2473 3882 solo
2507 3823 2588 3882 tui
2620 3841 2822 3884 amore
2881 3823 3026 3884 dura
3059 3825 3320 3904 perpeti:
3357 3844 3475 3888 nec
3506 3845 3715 3890 curare

2064 3911 2267 3984 debet,
2302 3912 2349 3972 si
2385 3911 2483 3992 qui
2521 3912 2848 3984 declinent,
2884 3913 2931 3973 si
2965 3915 3098 3993 quis
3160 3923 3380 3992 negent
3441 3925 3520 3996 te,
3555 3923 3614 3978 et
3639 3917 3711 3979 ad

2064 4003 2319 4080 priorem
2351 4001 2634 4062 vomitum
2668 4009 3063 4074 revertantur,
3095 4003 3166 4064 ad
3212 4003 3479 4066 actiones
3510 4005 3715 4085 pristi-

2063 4109 2188 4165 nas,
2223 4093 2294 4152 ad
2328 4090 2766 4154 sollicitudines
2819 4101 3216 4166 terrenorum,
3277 4102 3336 4154 et
3392 4096 3613 4165 uxoris.
3643 4114 3714 4157 ac

2058 4180 2358 4256 filiorum;
2392 4197 2503 4244 nec
2537 4181 2656 4242 ullo
2692 4189 2982 4258 praetextu
3014 4181 3086 4242 iis
3115 4181 3350 4262 illigari,
3389 4203 3502 4244 non
3553 4185 3713 4247 enim

2059 4269 2311 4349 amplius
2339 4273 2551 4331 animae
2599 4290 2720 4331 suae
2782 4271 3067 4334 Dominus
3123 4281 3233 4333 est.
3291 4271 3485 4344 Quare
3543 4293 3712 4335 com-

316 4381 453 4422 cum
484 4359 581 4434 sit,
635 4359 685 4420 si
719 4377 931 4419 omnes
989 4357 1288 4432 mortales,
1352 4363 1655 4437 totumque
1690 4357 1972 4418 mundum
1997 4379 2040 4428 ι)
2062 4359 2264 4439 plures
2287 4359 2440 4420 servi
2464 4369 2498 4421 ti
2531 4361 2570 4428 i,
2598 4359 2939 4422 carceribus
2961 4360 3066 4421 abs
3097 4367 3154 4422 te
3207 4363 3450 4444 apertis,
3501 4366 3708 4426 vincu-

313 4449 648 4514 salvaverit.
683 4447 824 4508 mihi
845 4447 1079 4526 ignotus
1103 4456 1157 4507 et
1185 4445 1556 4524 peregrinus,
1586 4457 1641 4506 et
1664 4445 1736 4506 ab
1769 4445 1976 4506 ovibus

317 4541 472 4602 meis
505 4537 938 4600 remotissimus
969 4536 1103 4598 erit.
1157 4535 1414 4596 Maxime
1463 4543 1685 4616 autem,
1714 4535 1848 4614 quia
1882 4554 1976 4596 se-

315 4649 456 4712 pem
514 4629 699 4690 caulre
752 4624 1003 4706 ruperit,
1064 4633 1122 4686 et
1178 4625 1388 4686 ovibus
1447 4625 1690 4684 aliunde
1721 4624 1972 4696 exitum,

314 4738 491 4800 quam
526 4717 911 4798 perjanuam,
940 4713 1320 4776 etintrnitum
1346 4713 1526 4792 inique
1563 4731 1616 4773 m
1649 4712 1792 4772 feris
1819 4721 1976 4792 pate.

306 4809 542 4882 fecerit,
599 4805 891 4886 judicium
967 4803 1232 4865 severius
1316 4821 1490 4882 quam
1578 4801 1697 4862 dici
1753 4812 1968 4884 potest,

313 4906 560 4978 propter
587 4914 723 4956 oves
754 4893 1092 4973 sustinebit,
1127 4902 1184 4953 et
1243 4892 1561 4958 dividetur,
1600 4901 1974 4971 tartareoque

307 4987 434 5066 igni
469 4985 738 5060 traditus,
777 5001 913 5045 esca
934 4983 1223 5043 vermium
1248 4982 1360 5044 erit
1381 4981 1558 5042 homo
1572 4982 1945 5042 miserrumus

308 5077 438 5139 Hoc
469 5075 627 5139 enim
656 5073 802 5136 dixit
833 5075 1006 5139 Pater
1037 5090 1144 5152 per
1175 5071 1412 5132 Filium.
1471 5080 1529 5133 et
1559 5070 1836 5150 Spiritus,
1872 5071 1972 5149 qui

312 5174 401 5228 est
432 5183 536 5228 eos
561 5163 820 5235 Domini,
854 5162 1084 5222 locutus
1108 5173 1192 5223 est
1223 5209 1238 5235 ,
1267 5161 1460 5240 angeli
1487 5161 1723 5222 vocibus
1746 5159 1970 5220 indesi-

307 5256 590 5318 nentibus
647 5253 1071 5334 approbat-unt,
1143 5250 1290 5330 justi
1373 5250 1624 5312 audiens
1679 5249 1970 5310 calculum

307 5345 684 5426 adjecerunt,
737 5343 1176 5419 dixeruntque:
1242 5343 1648 5422 lncorruptum
1675 5337 1974 5418 judicium

310 5443 496 5507 tuum,
533 5453 651 5495 non
685 5445 963 5512 suspecta
997 5429 1318 5508 sententia,
1369 5429 1515 5492 citra
1567 5429 1843 5490 affectum
1871 5428 1974 5506 ju-

307 5523 520 5586 dicasti
571 5523 729 5586 Deus
789 5518 1370 5584 misericordissima.
1441 5521 1752 5593 Quomodo
1789 5517 1972 5593 enim,

383 5695 447 5745 38
474 5694 619 5757 Luc.
657 5713 716 5764 χ.
763 5691 854 5755 t6.
939 5688 1008 5739 39
1035 5688 1242 5751 Matth.
1275 5707 1397 5773 xvx,
1431 5693 1528 5754 26.

2062 4447 2249 4528 lisque
2285 4467 2600 4528 corporum
2629 4450 2801 4530 plane
2824 4477 2836 4491 τ
2855 4450 3054 4523 elutis,
3084 4451 3245 4511 exire
3263 4471 3329 4512 ac
3353 4453 3554 4532 fugere
3579 4473 3712 4514 om-

2061 4538 2202 4598 nino
2236 4538 2589 4599 nclueruut:
2628 4540 2730 4600 sed
2767 4549 2828 4602 ut
2885 4553 3071 4618 erant,
3136 4542 3309 4602 vincti
3346 4553 3710 4606 manserunt.

2062 4623 2159 4687 Sic
2190 4626 2368 4705 igitur
2397 4636 2452 4688 et
2484 4630 2580 4706 qui
2613 4646 2770 4688 nunc
2826 4629 2884 4690 in
2947 4632 3166 4690 mundo
3221 4641 3380 4702 sunt,
3413 4634 3713 4696 voluntate

2064 4733 2170 4775 sua
2203 4716 2496 4795 imprimis
2528 4726 2584 4776 et
2612 4736 2751 4778 anze
2809 4719 3007 4778 omnia
3078 4721 3296 4780 nullam
3357 4721 3590 4800 penitus
3619 4722 3708 4782 sui

2062 4803 2242 4864 habet
2295 4811 2664 4884 potestati-ni.
2719 4804 2832 4867 Sed
2869 4807 3134 4884 quamvis
3191 4827 3224 4868 a
3285 4808 3612 4888 praipusitis
3643 4828 3714 4872 ea

2062 4893 2144 4952 uti
2180 4913 2296 4953 non
2349 4893 2798 4973 prohibeantur,
2853 4908 3088 4957 servent
3123 4909 3315 4958 tamen
3351 4910 3514 4978 parta
3565 4919 3712 4959 con-

2057 4993 2230 5042 venta
2261 4989 2452 5042 terum
2488 5000 2732 5044 necesse
2751 4993 2838 5044 est
2883 4983 3011 5044 Non
3035 4985 3192 5046 enim
3219 4985 3583 5052 hominibus,
3605 4990 3712 5050 sed

2059 5069 2176 5131 De»
2214 5071 2453 5150 polliciti
2477 5082 2615 5132 sunt
2667 5091 2730 5132 se
2761 5071 3162 5134 obedientiam
3193 5083 3250 5136 et
3279 5076 3712 5155 subject'onem

2061 5181 2094 5238 p
2133 5161 2418 5238 inpositis,
2452 5170 2510 5221 et
2567 5161 2846 5223 omnibus
2900 5163 3202 5239 fratribus,
3264 5165 3619 5245 quil‘uscum
3653 5169 3712 5226 in

2061 5259 2308 5310 monash
2331 5249 2422 5310 ria
2452 5250 2728 5329 religiosa
2763 5251 3027 5314 instituta
3083 5264 3544 5334 persequuntur,
3577 5273 3711 5316 ser-

2058 5346 2312 5399 vaturos.
2343 5338 2570 5400 Idcirco
2597 5341 3042 5414 monasterium,
3077 5352 3140 5404 ut
3170 5343 3420 5404 insulam
3453 5344 3712 5424 aliquam

2059 5427 2243 5488 solam
2279 5427 2342 5490 in
2377 5430 2572 5491 medio
2609 5432 2754 5492 mari
2786 5431 3122 5494 inhabitare
3147 5433 3390 5508 debent,
3423 5453 3492 5494 ac
3523 5443 3709 5494 totum

2064 5517 2350 5578 mundum
2383 5519 2494 5580 sibi
2530 5521 2774 5583 omnino
2836 5521 3190 5602 impervium
3243 5541 3373 5584 esse
3405 5522 3707 5597 arbitrari,
