4120 6400
406 356 517 423 571

1716 371 1867 435 SYM
1876 369 2024 434 EON
2031 369 2099 432 IS
2136 371 2490 439 JUNIORIS

3677 385 3798 451 572

407 487 566 552 velut
603 490 723 595 alta
740 492 979 594 fossain
1004 494 1255 597 circuitu
1281 504 1645 563 communito
1669 503 2053 581 monasterio,
2077 525 2119 561 Α
2140 502 2461 586 adjunxisti
2482 509 2513 570 ?
2570 509 2685 574 Sed
2743 514 3086 596 neutiquam
3145 518 3394 597 effugies
3480 518 3606 593 Quo
3634 520 3797 582 enim

406 586 469 640 ut
491 598 604 641 nec
625 584 722 662 qui
751 582 814 643 in
836 584 1063 649 mundo
1082 597 1243 660 sunt,
1274 590 1611 652 transiread
1628 596 2056 657 monasterium

407 668 637 748 possint
660 694 677 744 ;
702 690 811 762 nec
831 674 1010 754 quiin
1052 675 1248 739 insula
1273 677 1493 757 degunt
1533 680 1605 742 ad
1639 699 1740 743 eos
1782 683 1883 762 qui
1915 685 2059 749 foris

405 766 544 853 sunt
574 761 911 853 pervenire,
966 771 1025 827 et
1065 784 1166 828 eos
1189 785 1324 830 cum
1353 769 1563 832 aﬂ’ectu
1609 761 1881 851 aspicere
1908 796 1924 853 ;
1948 793 2060 839 nec

404 845 466 909 in
498 848 701 912 animo
732 851 955 915 horum.
976 873 1215 919 versare
1244 859 1599 921 memoriam
1628 880 1642 922 :
1679 845 1782 923 sed
1818 870 1880 924 ut
1904 845 2060 928 mor-

405 937 493 1000 tui
524 956 664 1020 erga
692 950 958 1008 mortuos
989 946 1164 1022 allici,
1202 955 1262 1011 et
1282 949 1615 1014 sentientes
1644 971 1747 1014 eos
1776 972 1894 1018 non
1919 974 2056 1020 sen-

405 1030 519 1096 tire
540 1032 762 1128 debent
785 1055 902 1118 quo
925 1049 1093 1120 pacto
1125 1058 1331 1104 revera
1361 1060 1504 1106 oves
1533 1062 1639 1106 sua
1668 1058 1883 1128 sponte
1927 1070 2058 1115 ma-

405 1126 575 1183 ctatis
601 1122 775 1187 ﬁunt.

487 1210 736 1309 Propter
770 1213 1291 1309 haecsanctissima
1314 1219 1497 1283 verba
1518 1230 1883 1309 sanctorum,
1906 1229 2062 1294 desi-

404 1295 581 1389 derii,
604 1308 670 1389 et
699 1303 914 1365 summi
941 1307 1161 1368 amoris
1209 1307 1407 1389 plena,
1467 1330 1600 1374 cum
1659 1333 1729 1377 ea
1759 1295 2063 1386 audissent

402 1384 747 1469 Cherubim,
779 1393 1098 1456 Dominum
1121 1384 1458 1477 laudarunt,
1482 1409 1541 1463 et
1561 1405 1620 1464 in
1653 1405 1866 1469 timore
1888 1384 2058 1475 dixe;

399 1485 544 1569 runt
563 1494 578 1541 :
622 1478 824 1543 Gloria
857 1482 985 1559 tibi,
1021 1485 1300 1564 Domine,
1334 1489 1530 1569 gloria
1551 1491 1680 1566 tibi,
1704 1496 2053 1564 misericor-

2141 595 2333 657 abibis
2353 596 2384 657 ‘?
2406 596 2654 689 [forsus
2681 595 2988 684 nunquam
3013 605 3158 667 mihi
3206 595 3486 681 elaberis,
3507 608 3609 689 qui
3637 608 3800 671 Ada-

2143 703 2304 778 mum
2339 695 2396 748 et
2425 686 2602 778 Evam
2637 708 2670 751 e
2701 693 2977 771 paradiso
3009 696 3177 776 exegi
3205 717 3220 771 ;
3247 698 3348 778 qui
3375 686 3803 761 Cain-fratrici-

2142 772 2281 867 dam
2313 776 2550 839 reddidi
2579 779 2712 860 ;qui
2737 779 2986 845 fallaciis
3009 772 3160 846 meis
3174 772 3362 867 usque
3383 786 3457 849 ad
3469 792 3804 851 extremum

2142 861 2460 956 inescatos,
2495 885 2704 931 omnes
2771 871 3052 934 mortales
3106 861 3342 956 decepi,
3403 875 3551 937 etin
3581 874 3802 937 diluvio

2145 951 2419 1046 horribili
2445 958 2652 1035 generi
2695 957 2975 1023 interitus
3031 951 3278 1043 objeci,
3328 965 3432 1046 qui
3488 963 3694 1027 Davidi
3721 964 3799 1026 ad

2144 1042 2505 1106 adulterium
2535 1054 2593 1108 et
2614 1046 2824 1110 eadem
2856 1049 3150 1131 impulsor
3178 1052 3261 1115 fui
3293 1069 3309 1129 ;
3342 1042 3447 1135 qui
3475 1053 3797 1116 adversum

2147 1150 2356 1195 omnes
2386 1148 2626 1197 sanctos
2660 1135 3092 1218 bellumgessi,
3129 1150 3189 1205 et
3220 1142 3422 1204 multis
3450 1160 3663 1216 necem
3695 1141 3797 1203 in-

2145 1222 2254 1313 tuli
2287 1241 2302 1300 ;
2332 1243 2429 1286 me
2458 1225 2657 1301 talem,
2683 1227 2949 1308 inquam,
2973 1231 3270 1311 quomodo
3295 1249 3501 1313 speras
3526 1238 3584 1293 te
3616 1250 3794 1312 posse

2147 1311 2430 1395 effugere,
2456 1332 2590 1375 cum
2616 1314 2698 1377 sis
2718 1314 3167 1381 inﬁrmissimus
3190 1311 3366 1383 ?Ha3c
3385 1311 3656 1393 audiens,
3683 1319 3802 1381 Do-

2143 1401 2327 1477 mine,
2376 1411 2436 1464 et
2461 1402 2643 1478 Deus,
2698 1412 2755 1467 et
2812 1414 3067 1483 creator,
3132 1416 3189 1468 et
3243 1408 3465 1490 opifex,
3529 1416 3589 1472 et
3608 1408 3798 1489 judex

2141 1508 2333 1572 meus,
2381 1492 2482 1573 qui
2513 1492 2698 1555 habes
2730 1502 3080 1575 potestatem
3142 1497 3383 1574 animae,
3440 1507 3500 1561 et
3529 1501 3800 1579 corporis

401 1563 672 1642 dissime,
694 1570 795 1665 qui
820 1571 882 1633 in
905 1572 1082 1636 terris
1137 1563 1421 1658 martyres
1482 1580 1613 1644 sine
1670 1563 1960 1665 tyrannis,
1985 1610 2054 1656 ac

2138 1581 2281 1655 mei,
2316 1563 2377 1642 ut
2398 1563 2579 1643 ﬁctor
2606 1563 2971 1665 ustriusque,
3003 1584 3220 1648 horreo
3252 1563 3462 1660 miser,
3513 1596 3572 1649 et
3601 1563 3797 1649 tremo

399 1659 909 1751 persecutoribus,
942 1662 1069 1724 solo
1103 1682 1304 1728 amore
1330 1669 1409 1728 tui
1460 1668 1522 1730 in
1567 1659 1744 1735 horas
1776 1659 2051 1743 ιθειίιέιο-
2137 1669 2276 1731 totis
2295 1669 2557 1732 artubus.
2584 1669 2806 1751 Objicit
2838 1659 2985 1733 mihi
3017 1680 3076 1734 et
3135 1673 3281 1735 dicit
3308 1659 3470 1736 vafer
3499 1675 3600 1737 ille
3628 1695 3643 1737 :
3676 1674 3794 1751 En,

401 1743 565 1846 nium
599 1746 707 1809 tibi
737 1747 948 1846 (iantes
974 1753 1309 1846 ostendisti.
1347 1755 1571 1846 Etiam,
1639 1762 1787 1825 dixit
1814 1784 2050 1832 rursum

2138 1777 2255 1819 non
2290 1757 2531 1836 vigilas;
2567 1743 2692 1835 en;
2714 1778 2831 1820 non
2885 1779 3131 1823 exerces
3184 1763 3651 1826 continentiam:
3686 1784 3792 1846 en,

400 1833 575 1941 ἰδίει·
609 1854 714 1941 per
752 1837 993 1941 Filium.
1167 1843 1386 1924 adjecit
1441 1846 1740 1941 Spiritus;
1774 1852 1931 1920 Vere
1955 1833 2104 1941 φῆ-
2136 1866 2253 1908 non
2287 1833 2628 1941 frequentas
2652 1833 2887 1941 preces,
2908 1868 3026 1911 non
3042 1851 3418 1914 adorationes
3442 1873 3458 1930 ;
3481 1872 3600 1915 non
3623 1833 3797 1916 exer:

399 1919 587 2024 Deum
622 1919 1306 2024 totopectorediligunt,
1343 1944 1398 1996 et
1436 1919 1502 1997 in
1530 1939 1661 2019 ejus
1690 1942 1875 2005 solius
1906 1919 2053 2009 ch‘a;

2138 1955 2236 1998 ces
2288 1919 2545 2012 labores,
2604 1919 2753 2019 quos
2814 1938 2954 2000 olim
3005 1958 3069 2001 es
3126 1919 3474 2019 ingressus;
3508 1950 3685 2024 atque
3715 1943 3796 2003 ob

401 2008 576 2111 ritate
608 2015 954 2112 persistunt,
1013 2031 1071 2082 et
1127 2008 1217 2112 in
1245 2022 1422 2086 horas
1481 2008 1735 2110 propriae
1772 2008 2054 2100 voluntati

2138 2025 2262 2088 haec
2292 2026 2419 2087 sola
2449 2008 2810 2088 abstractum
2863 2036 2918 2088 te
2947 2046 2981 2089 a
3036 2008 3270 2091 Christo
3304 2008 3537 2092 mecum
3563 2008 3795 2112 rapiam

400 2100 759 2199 moriuntur,
777 2105 858 2199 _bi
882 2114 939 2169 et
955 2109 1221 2199 germani
1243 2112 1418 2175 amici
1443 2100 1676 2192 mei,'hi
1704 2127 1763 2181 et
1784 2125 2050 2189 cohaere-

2138 2115 2196 2176 in
2230 2115 2449 2195 ignem,
2484 2116 2586 2196 qui
2629 2135 2748 2177 non
2809 2117 3220 2197 exstinguitur.
3278 2118 3398 2199 Ego
3454 2100 3712 2198 vero,'ut
3732 2127 3799 2181 tu

394 2187 621 2293 dOes,Hhi
652 2194 871 2293 et_sine
937 2197 1291 2276 ungularum
1323 2187 1578 2281 laniatu,
1630 2207 1760 2271 sine
1789 2187 2050 2293 suspel‘i-
2133 2187 2281 2281 scis,
2298 2187 2572 2283 Domine,
2600 2224 2899 2288 nunquam
2923 2207 2983 2268 in
3004 2187 3793 2288 operibus,autactionibus

392 2276 683 2383 sion'ibus,
712 2282 862 2345 focis
883 2294 940 2347 et
966 2286 1285 2367 lebetnbus,
1314 2290 1446 2355 sine
1476 2276 1762 2361 exurente
1784 2276 2044 2383 ﬂamma,
2132 2276 2347 2357 θηίῐῆεθ
2378 2313 2525 2357 mea?
2550 2276 2798 2357 έδιυίθῖη
2833 2276 3108 2358 consuli“
3139 2298 3284 2374 ἱεθά
3328 2298 3399 2359 ad
3420 2307 3577 2360 luam
3603 2298 3793 2361 mise-

394 2374 451 2429 et
480 2367 692 2467 gladiis
722 2375 1090 2467 secantibus,
1140 2378 1267 2441 sola
1294 2380 1687 2462 abnegatione
1730 2367 2048 2456 voluntatis
2131 2384 2451 2447 ricordiam
2529 2383 3079 2465 benignitatemque
3141 2367 3441 2467 confugi;
3500 2390 3791 2464 conlisus:

393 2465 689 2560 martyres
718 2471 876 2560 sunt.
932 2465 1020 2527 Ad
1074 2467 1201 2530 hac
1256 2482 1757 2551 suprtt'nundanaa
1786 2468 2051 2560 legiones
2134 2473 2414 2555 quoniam
2446 2490 2510 2536 es
2537 2492 2771 2534 summe
2799 2474 3166 2549 misericors,
3198 2493 3293 2537 me
3313 2465 3567 2555 gratuito
3591 2474 3698 2537 abs
3733 2485 3791 2538 te

392 2543 571 2647 simul
602 2568 811 2612 omnes
841 2554 1049 2617 laetata:
1109 2543 1558 2623 exclamarunt:
1609 2543 2049 2647 Justumvjudz'-
2136 2543 2426 2624 salvatum
2458 2562 2574 2623 iri:
2612 2571 2670 2623 et
2720 2562 3105 2624 misereberis
3161 2564 3276 2624 mei
3310 2543 3373 2625 iit
3403 2563 3602 2641 Deus;
3633 2565 3794 2627 sicut

391 2633 550 2696 cium
579 2641 835 2734 tuum“),
892 2644 1473 2734 misericordissime.
1522 2633 2050 2732 Scribatur,'obsi-

2138 2651 2453 2734 aliquando
2486 2651 2761 2713 misertus
2792 2670 2857 2713 es
2909 2652 3267 2729 meretricis,
3304 2661 3362 2715 et
3388 2653 3495 2714 filii
3527 2653 3788 2734 prodigi,

395 2733 616 2802 gnetur
640 2727 703 2791 in
733 2733 1189 2813 sempiternum.

992 2837 1235 2902 CAPUT
1276 2839 1457 2905 XXIX

398 2945 513 3034 Quj
532 2962 644 3034 per
665 2954 1312 3034 com_mum_'onem_.ganc_ti
1338 2958 1743 3034 SpiritusLDeo
1763 2963 1889 3034 jam
1916 2977 2051 3021 con-

2137 2749 2445 2823 postquam
2478 2740 2627 2802 dixit
2661 2762 2674 2800 :
2717 2742 2994 2804 Peccavi.
3022 2744 3167 2806 Cum
3195 2742 3305 2804 hac
3354 2743 3471 2805 ﬁde
3500 2743 3784 2819 cucurri;

2132 2852 2265 2895 cum
2297 2833 2408 2893 hac
2434 2831 2652 2893 ﬁducia
2682 2831 2814 2893 veni
2842 2852 2857 2906 ;
2902 2850 3036 2893 cum
3062 2832 3173 2894 hac
3191 2851 3296 2914 spe
3318 2832 3391 2894 ad
3421 2841 3480 2894 te
3501 2832 3779 2905 Domine,

2131 2921 2383 2983 accessi.
2411 2922 2482 2983 Et
2514 2938 2695 2996 nunc,
2728 2938 2827 2995 ne,
2854 2938 3078 3001 quaeso,
3135 2920 3424 3000 glorietur
3455 2931 3656 2983 contra
3684 2939 3783 2982 me

458 3008 748 3108 iu‘ﬁctifx‘
771 3008 875 3080 hac
925 3008 2109 3108 iactantiam)”,'gégf';¢§c'f5;j3;,,;;;nc
2133 3029 2367 3108 servum
2404 3018 2565 3108 tuum
2597 3027 2721 3108 ;nne
2773 3008 2963 3108 dicat:
3026 3008 3134 3073 Ubi
3168 3008 3646 3108 Christus-tuus,
3678 3008 3782 3107 ubi

468 3092 832 3179 ιςιενηίίςςιεηι
860 3112 984 3179 cum
1014 3114 1075 3155 eo
1104 3092 1598 3179 victuros-Aliter
1641 3119 1700 3162 se
1717 3105 1779 3161 in
1812 3106 1916 3163 hac
1933 3092 2053 3166 vim
2131 3107 2436 3179 susceptor
2468 3096 2644 3161 tuus?
2668 3116 2742 3159 an
2777 3116 2896 3159 non
2927 3096 3185 3179 ipsemet
3240 3105 3297 3159 te
3327 3096 3603 3160 manibus
3634 3096 3786 3159 meis

470 3160 820 3236 habentibus,
851 3172 967 3226 tum
994 3185 1145 3228 secus
1173 3177 1520 3231 eventurum.
1650 3160 1685 3162 ﬂ
1766 3160 1771 3161 ί
1813 3160 1907 3163 Hm
1941 3160 2051 3166 mw
2132 3160 2422 3251 ίι-έάίάίιῖ
2452 3187 2515 3251 Si
2570 3187 2732 3248 enim
2795 3205 2890 3248 me
2946 3160 3158 3249 fraude
3214 3186 3696 3263 circumvenerit,
3730 3195 3791 3247 et

479 3266 840 3375 Principium
891 3276 1023 3339 vitze
1067 3278 1215 3341 mihi
1246 3278 1382 3341 ﬁnis
1414 3286 1471 3341 et
1518 3281 1654 3343 ﬁnis
1686 3283 2048 3367 principium
2132 3278 2429 3375 captivum
2454 3275 2861 3375 duxerit,_non
2920 3275 2980 3375 id
3040 3274 3352 3375 voluntati,
3401 3293 3527 3375 nec.
3546 3272 3793 3375 ignaviae

397 3364 510 3422 est.
543 3357 714 3424 Unde
771 3366 1001 3428 veniam
1061 3368 1295 3449 ignoro,
1352 3368 1457 3431 ubi
1513 3370 1626 3431 sim
1660 3357 1906 3436 nescio}
1939 3394 2051 3439 nec
2133 3357 2303 3445 meae,
2328 3367 2434 3429 sed
2460 3374 2641 3428 totum
2673 3364 2805 3441 tibi,
2863 3364 2966 3446 qui
3025 3384 3120 3427 me
3169 3364 3565 3446 dereliqueris
3592 3362 3787 3426 ascri-

396 3464 511 3528 quo
557 3449 739 3515 miser
780 3454 1047 3519 abiturus
1073 3459 1185 3520 sim
1218 3458 1376 3521 novi.
1411 3461 1597 3523 Terra
1629 3479 1661 3522 e
1691 3468 1870 3539 terra,
1907 3484 2047 3528 cor-
2132 3458 2302 3534 benS,
2340 3456 2537 3518 (licet:
2606 3454 2760 3517 Vide
2788 3453 2884 3515 ευί
2936 3453 3161 3529 ﬁdis“;
3220 3454 3355 3515 Vide
3411 3455 3485 3517 ad
3517 3471 3697 3535 quem
3730 3460 3792 3516 ιθ

392 3554 504 3618 pus
534 3545 595 3601 et
639 3560 890 3624 corpore
950 3566 1205 3625 nascor;
1266 3567 1335 3610 ex
1390 3549 1760 3630 corruptioni
1790 3552 2048 3618 obnoxio
2133 3547 2477 3622 contulisti;
2510 3546 2643 3609 vide
2674 3545 2771 3608 'cui
2816 3545 2961 3607 tein
3011 3562 3215 3607 amore
3265 3552 3324 3606 et
3352 3545 3639 3606 charitate
3671 3562 3790 3624 pu-

389 3630 824 3710 corrruptibilis
855 3642 915 3697 et
943 3636 1115 3717 plane
1163 3638 1429 3700 mortalis
1485 3656 1617 3701 sum
1646 3661 1658 3702 :
1695 3640 1859 3703 brevi
1890 3651 2048 3706 tem-
2130 3639 2298 3702 tabes
2329 3655 2463 3733 esse
2498 3655 2516 3733 ξ
2549 3634 2643 3733 cui
2676 3643 2730 3697 te
2760 3634 3154 3733 locoﬁfratris,
3175 3634 3376 3733 amici,
3401 3633 3627 3733 ﬁlii,_et
3658 3633 3788 3733 hae-

392 3735 538 3796 pore
557 3718 810 3785 interris
826 3742 1184 3808 commoror,
1210 3726 1271 3788 in
1294 3745 1474 3789 carne
1494 3727 1723 3800 vivens.
1751 3738 1809 3793 et
1829 3734 2043 3796 exstin-
2130 3727 2294 3791 redis
2313 3723 2665 3807 gloriabaris
2696 3742 2848 3785 esse.
2888 3722 3198 3795 Quomodo
3233 3730 3287 3783 te
3317 3722 3603 3796 deseruit,
3649 3722 3794 3784 etin

393 3823 563 3894 guor,
596 3816 773 3891 atque
804 3832 874 3875 ex
905 3814 1018 3877 hac
1046 3816 1163 3878 vita
1209 3816 1578 3894 digrediens,
1638 3818 1813 3880 aliam
1848 3821 2044 3884 vivere
2130 3836 2340 3880 manus
2372 3834 2533 3877 neas
2584 3813 2770 3875 hostis
2800 3812 2884 3874 tui
2932 3821 2988 3874 te
3045 3811 3306 3888 tradidit,
3358 3811 3794 3894 insperatoque

392 3890 640 3985 incipio.
674 3890 900 3981 Corpus
929 3903 1113 3965 hnmo
1145 3890 1418 3983 opertum
1451 3890 1682 3985 linquo,
1715 3908 2042 3971 redivivum
2129 3908 2445 3979 alienatus,
2470 3902 2666 3966 subito
2698 3902 2897 3963 odisse
2930 3909 2986 3964 te
3017 3901 3239 3981 caapit‘.’

397 3981 538 4074 olim
571 3996 949 4068 accepturus,
985 3999 1044 4052 et
1069 3981 1256 4054 aevum
1280 3993 1439 4057 nullo
1457 3981 1576 4055 line
1604 3981 2045 4060 terminandum
2213 3997 2316 4059 His
2346 3995 2525 4074 igitur
2547 3992 2788 4068 auditis,
2846 4009 2923 4054 ne
2948 4008 3043 4052 me
3091 3991 3359 4062 deseras,
3422 4010 3496 4052 ne
3526 4009 3623 4052 me
3644 4010 3795 4072 pro-

391 4070 675 4138 victurus.
708 4076 877 4141 Nunc
906 4079 1086 4157 igitur
1115 4081 1351 4161 respice
1377 4080 1437 4143 in
1473 4101 1568 4143 me
1597 4081 1775 4157 Deus,
1803 4093 1862 4147 tu
1890 4087 2051 4150 solus
2133 4085 2306 4149 brum
2341 4070 2505 4147 tuum
2539 4081 2669 4144 ﬁeri
2702 4081 2885 4157 sinas,
2912 4082 3071 4144 Deus
3101 4099 3273 4142 meus
3302 4100 3318 4157 ;
3344 4099 3442 4156 ne,
3463 4100 3496 4141 o
3516 4082 3658 4157 Rex,
3684 4098 3795 4163 ne,

395 4179 554 4225 nunc
584 4164 802 4244 pietate
833 4177 930 4230 tua
952 4176 1055 4230 ‘me
1113 4171 1353 4251 imperti
1387 4192 1401 4248 ;
1437 4190 1595 4234 nunc
1654 4180 1711 4234 te
1744 4174 2049 4239 miseratio
2131 4195 2166 4239 ο
2199 4175 2475 4250 Domine,
2509 4171 2611 4254 qui
2641 4190 2736 4269 me
2762 4170 3062 4269 quondam
3094 4189 3126 4231 e
3184 4169 3472 4269 tenebris,
3502 4178 3569 4269 et.
3591 4187 3623 4229 e
3660 4188 3792 4269 ma-

397 4252 517 4313 mei
547 4255 761 4335 capiat.
800 4259 885 4319 En
916 4258 1135 4320 defecit
1183 4258 1371 4321 virtus
1424 4280 1580 4329 mea,
1640 4264 1953 4340 senectuti,
1983 4266 2043 4327 il
2070 4322 2110 4359 η
2130 4264 2327 4347 nibus,
2355 4271 2413 4326 et
2444 4252 2938 4359 e_l_‘aucibus_ejus
2969 4259 3269 4359 .eductum
3304 4259 3392 4359 in
3424 4257 3797 4359 lumine-tuo

395 4348 507 4416 est,
539 4344 834 4408 vestibulo
866 4347 1616 4430 mortisapppropinquavi.
1657 4352 1837 4413 Venit
1873 4354 2044 4434 prin—
2065 4344 2382 4416 "liberum
2415 4350 2738 4413 collocasti.
2773 4348 2859 4410 Te
2889 4348 3049 4410 enim
3083 4367 3215 4410 cum
3266 4348 3461 4429 video,
3496 4346 3793 4449 interiora

392 4447 535 4512 ceps
560 4433 790 4507 mundi,
815 4436 1249 4518 perquisiturus
1268 4438 1482 4519 turpia,
1507 4447 1564 4500 et
1586 4439 1842 4510 nefanda
1864 4433 2046 4524 opera
2128 4443 2327 4505 cordis
2361 4440 2477 4502 mei
2504 4440 2804 4537 vulneror,
2837 4445 2896 4537 et
2952 4457 3072 4499 non
3129 4456 3373 4537 possum
3405 4436 3798 4537 aspicere,._et

397 4538 566 4585 mea:
632 4523 944 4587 carniﬁces
996 4535 1189 4588 astant
1245 4536 1410 4589 toave
1472 4547 1565 4590 me
1621 4523 1945 4614 intuentes,
1988 4541 2046 4595 et
2130 4540 2326 4593 tamen
2359 4548 2477 4591 non
2506 4528 2709 4626 videre
2761 4535 2819 4626 te
2850 4527 3006 4626 ferre
3062 4546 3318 4626 nequeo.
3348 4525 3797 4626 inaccessibilis

387 4609 624 4691 jnssum
659 4624 1091 4696 exspectantes,
1126 4625 1191 4678 ut
1252 4617 1533 4679 miseram
1559 4619 1814 4680 animam
1848 4609 2043 4684 meam
2127 4620 2423 4701 siquidem
2457 4627 2546 4680 est
2575 4616 2972 4716 pulchritudo
2992 4624 3108 4716 tua,
3135 4616 3506 4716 inimitabilis
3530 4615 3794 4716 speciesz

390 4699 702 4789 arripiant,
764 4714 823 4768 et
882 4704 943 4766 in
1003 4705 1345 4768 barathrum
1408 4706 1626 4768 inferni
1700 4709 2042 4774 detrahant.
2132 4699 2624 4789 incomparabilis
2669 4706 2878 4784 gloria.
2930 4705 3483 4788 Ecquisaliquando
3515 4712 3577 4769 te
3602 4704 3798 4768 vidit?

390 4788 787 4861 Quamobrem
821 4801 905 4869 tu,
938 4794 1039 4875 qui
1071 4802 1278 4857 natura
1333 4814 1398 4857 es
1447 4795 1813 4871 misericors,
1848 4807 1909 4858 et
1938 4798 2049 4861 be-
2133 4810 2234 4860 aut
2264 4788 2398 4879 quis
2420 4804 2605 4857 totum
2656 4804 2711 4857 te
2773 4794 2975 4857 videre
3034 4796 3253 4878 poterit
3309 4798 3500 4859 Deum
3531 4812 3729 4856 meum
3763 4793 3800 4854 ?

388 4879 604 4959 nignus
653 4882 838 4959 solus,
893 4884 997 4965 qui
1055 4902 1120 4946 es
1173 4884 1470 4947 Dominus
1522 4886 2047 4965 clementissimus,

389 4972 679 5032 miserere
703 4972 823 5034 mei
853 4981 1038 5047 tunc;
1090 4983 1148 5035 et
1204 4993 1280 5035 ne
1339 4974 1692 5037 memineris
1720 4975 2049 5054 irrogataea

388 5076 485 5118 me
516 5057 622 5121 tibi
640 5058 882 5141 injuriae
910 5082 925 5137 ;
960 5080 1034 5123 ne
1051 5061 1437 5143 derelinquas
1459 5081 1555 5124 me
1581 5082 1596 5139 ;
1618 5082 1695 5125 ne
1726 5063 1831 5124 des
1853 5064 2046 5127 locum

386 5154 593 5209 contra
625 5167 722 5211 me
757 5149 964 5212 doloso
1000 5151 1245 5213 inimico
1270 5171 1426 5226 meo,
1469 5151 1568 5233 qui
1602 5152 1662 5214 in
1696 5153 1871 5215 horas
1902 5157 2049 5217 m.hi

388 5237 812 5312 comminatur,
846 5248 904 5301 et
934 5249 1141 5302 contra
1174 5258 1271 5301 me
1295 5240 1477 5322 rugit,
1508 5258 1578 5302 ac
1610 5241 1825 5303 stridet
1845 5242 2048 5305 denti-

388 5323 524 5401 bus,
560 5334 620 5389 et
644 5328 765 5390 ait:
802 5329 867 5391 In
899 5348 1015 5410 quo
1046 5329 1299 5392 conﬁdis
1331 5329 1356 5390 ἲ
1389 5331 1686 5411 quomodo
1747 5339 1805 5392 te
1837 5351 2050 5396 manus

389 5430 553 5476 meas
584 5416 963 5495 eﬁ'ugitorum
993 5435 1201 5499 speras
1228 5439 1242 5480 :
1270 5419 1756 5501 quandoquidem
1785 5419 2052 5485 ludiﬁca-

385 5505 480 5564 tus
508 5512 800 5589 przecepta
828 5524 983 5584 mea,
1041 5514 1101 5570 et
1143 5527 1238 5571 me
1310 5508 1592 5572 relictoad
1640 5508 1937 5576 Christum
1995 5522 2050 5577 te

465 5672 531 5725 ιο
556 5674 708 5738 Psal.
738 5691 942 5756 cxvm,
977 5678 1115 5742 137.

2132 4887 2278 4949 Nam
2309 4904 2510 4960 omne,
2536 4904 2643 4946 seu
2667 4885 3007 4946 universum
3027 4886 3159 4966 quis
3185 4884 3391 4947 oculus
3437 4883 3798 4965 conspicere

2134 4975 2395 5037 valebit?
2416 4973 2688 5048 Quivero
2719 4993 2900 5055 super
2933 4974 3272 5036 universum
3312 4982 3425 5048 est,
3467 4992 3600 5055 quae
3622 4991 3798 5035 mens

2135 5084 2269 5127 eum
2330 5063 2871 5145 comprehendere,
2907 5073 3007 5125 aut
3062 5063 3386 5143 complecti
3448 5062 3665 5144 poterit
3691 5071 3798 5123 aut

2135 5152 2376 5215 extendi
2407 5160 2529 5213 tota
2573 5151 2904 5214 secundum
2957 5161 3167 5230 totum,
3203 5159 3262 5214 et
3312 5170 3565 5216 cernere
3593 5150 3795 5214 conti-

2135 5251 2380 5303 nentem
2415 5242 2638 5322 omnia,
2699 5249 2864 5302 extra
2894 5242 3117 5317 omnia,
3178 5251 3239 5303 et
3266 5242 3462 5325 ipsum
3493 5261 3698 5319 omne,
3732 5250 3798 5303 et

2133 5330 2485 5412 implentem
2510 5329 2802 5403 omnia,et
2826 5341 3022 5393 tamen
3045 5340 3210 5394 extra
3228 5332 3427 5394 omnia
3448 5340 3789 5394 manentem

2135 5417 3077 5490 modoinefl‘abili?Nihilominus
3099 5429 3163 5484 ut
3192 5422 3380 5485 solem
3426 5430 3485 5485 te
3529 5422 3792 5501 intueor,

2133 5517 2192 5571 et
2226 5515 2289 5570 ut
2317 5507 2547 5570 stellam
2580 5508 2828 5589 aspicio,
2863 5518 2921 5573 et
2952 5518 3015 5572 ut
3065 5511 3401 5594 lampadem
3430 5512 3493 5575 in
3522 5530 3659 5575 vase
3686 5529 3798 5576 suo
