4120 6410
381 397 490 465 573
1525 398 1965 464 DIVINORUM
2011 401 2338 467 AMORUM
2383 405 2638 470 LIBER.
3637 398 3758 467 574

375 532 682 597 ardentem
714 534 913 612 video,
941 541 999 596 et
1018 533 1078 594 in
1103 533 1234 593 sinu
1255 538 1311 594 te
1341 539 1405 593 ut
1430 532 1810 614 margaritam
1830 540 2026 612 porto.
2050 542 2091 591 Α
2113 535 2271 598 solos
2293 537 2616 602 divinitatis
2639 542 2766 621 ejus
2787 549 3093 604 consortes
3121 565 3136 617 ;
3187 542 3342 606 sicut
3359 541 3504 624 ipsae
3534 546 3762 602 naturae

374 627 537 702 Quod
565 636 766 691 autem
821 635 874 690 te
923 645 1044 689 non
1094 625 1328 699 dilatas,
1379 626 1536 707 quod
1567 645 1685 688 non
1719 633 1902 688 totum
1933 644 2029 688 me
2112 635 2332 689 nostra:
2361 647 2608 692 consors
2645 639 2756 704 est,
2811 632 3059 694 effector
3116 632 3410 713 omnium,
3446 638 3510 694 ut
3547 629 3761 692 Paulus

371 717 573 780 lumen
597 718 767 794 facis,
805 724 861 779 et
892 715 1158 778 ostendis
1213 723 1269 776 te
1307 715 1454 776 mihi
1507 722 1694 777 totum
1724 715 1938 796 qualis,
1972 723 2030 778 et

373 815 632 886 quantus
692 826 778 884 es,
841 805 1016 888 plane
1068 824 1188 866 non
1245 823 1339 865 me
1399 805 1670 867 existimo
1719 805 1943 867 habere
1974 813 2028 868 te

369 896 550 958 vitam
585 914 780 958 meam
811 913 826 955 :
863 895 964 956 sed
1011 893 1326 964 lamentor,
1358 899 1423 954 ut
1480 893 1773 975 quispiam
1828 913 1898 956 ex
1929 894 2024 956 di-

370 985 487 1045 vite
521 984 865 1056 mendicus,
901 1002 972 1044 ex
1001 981 1216 1044 illustri
1235 981 1496 1057 infamis,
1522 1001 1589 1044 ac
1612 982 2026 1063 desperatione

371 1074 764 1136 conﬂictatus.
817 1073 941 1135 Hoc
988 1072 1472 1134 animadverteris
1517 1071 1823 1145 inimicus,
1883 1071 2029 1134 dicit

371 1163 518 1224 mihi
549 1185 562 1226 :
589 1165 721 1226 Non
750 1161 1099 1224 salvaberis.
1126 1160 1281 1222 Ecce
1313 1161 1471 1222 enim
1506 1180 1611 1241 spe
1647 1170 1742 1222 tua
1772 1161 2026 1222 frustra-

366 1260 464 1316 tus
500 1271 588 1335 es,
624 1259 682 1315 et
709 1271 744 1314 a
774 1271 956 1331 scopo
987 1249 1276 1312 aberrasti
1311 1270 1326 1326 ;
1378 1251 1658 1331 quoniam
1695 1271 1811 1312 non
1844 1251 2027 1314 habes

363 1361 540 1424 quam
566 1340 704 1404 olim
727 1340 991 1403 habebas
1013 1358 1151 1420 erga
1170 1342 1354 1400 Deum
1407 1339 1688 1401 ﬁduciam
1740 1359 1806 1402 ac
1838 1339 2027 1403 liber-

360 1440 569 1495 tatem.
632 1430 739 1494 Cui
795 1429 976 1491 verbo
1024 1429 1397 1510 respondere
1453 1448 1572 1490 non
1633 1428 2026 1508 dignor;sed

362 1521 570 1596 sufﬂo,
606 1530 664 1584 et
700 1519 996 1596 extemplo
1021 1516 1460 1581 evanescit.Sic
1493 1537 1598 1580 oro
1633 1517 1906 1594 Domine,
1941 1519 2028 1582 sic

359 1629 509 1688 rogo
531 1618 612 1686 te,
638 1607 1112 1670 misericordiam
1143 1607 1300 1668 dona
1335 1606 1512 1669 etiam
1540 1615 1664 1669 tum
1691 1608 1859 1683 mihi,
1888 1629 2025 1670 cum

360 1699 713 1779 egredietur
743 1716 811 1759 ex
867 1698 976 1758 hoc
1019 1714 1272 1777 corpore
1331 1696 1530 1758 anima
1588 1715 1747 1771 mea,
1811 1705 1876 1759 ut
1901 1698 2027 1759 solo

361 1792 509 1852 ﬂatu
536 1789 892 1870 pudefacere
916 1788 1136 1866 possim
1182 1785 1531 1847 incursuros
1578 1785 1640 1847 in
1666 1804 1760 1848 me
1791 1806 2028 1848 servum

364 1889 558 1954 tuum,
592 1886 651 1938 et
680 1877 906 1939 lumine
937 1874 1190 1956 Spiritus
1241 1874 1326 1935 tui
1380 1875 1733 1948 custoditus,
1772 1877 2030 1939 transire

361 1968 616 2041 illmsus,
641 1975 700 2028 et
719 1975 875 2028 stare
898 1974 1035 2027 ante
1077 1963 1338 2026 tribunal
1391 1972 1579 2038 tuum,
1631 1965 1860 2026 habens
1894 1985 2025 2028 me-

363 2076 506 2118 cum
559 2062 1000 2118 sacrosanctam
1052 2052 1301 2132 gratiam
1363 2059 1542 2125 tuam,
1579 2061 1875 2132 tegentem
1909 2073 2025 2125 me,

363 2154 427 2208 et
450 2145 614 2207 nullo
633 2146 919 2207 suffusum
948 2143 1178 2224 pudore
1215 2141 1623 2205 exhibentem.
1675 2142 1818 2215 Quis
1851 2162 2022 2204 nam-

361 2254 484 2317 que
515 2253 714 2296 coram
742 2243 796 2295 te
815 2249 1101 2314 apparere
1126 2231 1360 2307 audeat,
1415 2231 1530 2292 nisi
1557 2231 1750 2312 ipsam
1777 2231 2023 2293 indutus

355 2325 488 2386 sit?
519 2321 644 2404 Nisi
671 2323 860 2404 ipsam
895 2324 1055 2383 intus
1087 2329 1309 2402 teneat,
1376 2328 1434 2380 et
1458 2319 1531 2381 ab
1562 2320 1690 2402 ipsa
1715 2320 2021 2384 illumine-

361 2422 485 2489 tur,
521 2400 819 2494 q'uom-odo
851 2412 1010 2473 ullus
1065 2400 1308 2472 omnino
1358 2400 1794 2471 intolerabilem
1857 2411 2020 2471 illam

360 2506 472 2564 Dei
505 2502 753 2581 gloriam
813 2501 1014 2562 videre
1049 2499 1320 2581 poterit?
1340 2501 1487 2562 Nam
1512 2499 1610 2580 qui
1632 2500 1864 2560 tandem
1890 2500 2018 2578 glo—

2110 716 2482 800 testiﬁcatur,
2519 721 2738 783 Christi
2786 721 3115 784 Ecclesiam
3162 740 3378 802 corpus
3416 739 3599 782 unum
3635 720 3761 780 fore

2109 805 2470 869 dominicum
2506 819 2564 870 et
2591 809 2881 892 divinum,
2939 809 3164 892 absque
3220 810 3471 889 macula,
3503 809 3763 888 irrepre-

2109 895 2428 978 hensibile,
2465 900 2594 960 sine
2620 900 2785 961 omni
2809 919 2976 980 ruga,
2997 900 3098 982 qui
3121 908 3294 962 erunt
3316 899 3524 961 ﬁdeles
3545 918 3560 974 ;
3585 902 3762 976 caput

2108 993 2304 1047 autem
2337 984 2680 1049 Christus“.
2711 990 2769 1052 Si
2799 1008 2938 1069 ergo
2969 992 3055 1052 sic
3080 991 3214 1066 erit,
3258 986 3758 1068 quemadmodum

2109 1075 2285 1136 etiam
2320 1083 2428 1152 est,
2464 1079 2562 1158 qui
2603 1079 2878 1140 sordibus
2930 1079 3123 1160 ipsum
3157 1079 3448 1158 attingere
3492 1075 3752 1138 audebit.

2109 1171 2212 1226 aut
2243 1165 2374 1246 quis
2427 1166 2705 1245 indignus
2756 1169 2808 1230 ei
2859 1168 3371 1249 agglutinabitur‘?
3415 1166 3561 1228 Nam
3620 1165 3670 1226 si
3702 1174 3762 1226 et

2110 1253 2287 1315 hodie
2344 1263 2509 1316 extra
2561 1256 2886 1318 Ecclesium
2951 1267 3292 1339 peccatores
3323 1257 3664 1337 ejiciuntur,
3701 1263 3761 1315 et

2113 1343 2413 1404 consortio
2446 1343 2695 1406 aliorum
2717 1347 2948 1426 penitus
2972 1345 3394 1424 excluduntur,
3429 1353 3484 1405 ct
3519 1343 3762 1422 insuper

2111 1438 2354 1510 aspectu
2415 1431 2748 1494 divinarum
2809 1454 3007 1496 rerum
3061 1437 3383 1516 privamur,
3445 1431 3544 1513 qui
3572 1431 3759 1492 sancti

2114 1538 2229 1580 non
2254 1529 2416 1602 sunt,
2445 1523 2592 1601 proh
2624 1525 2921 1604 quomodo
2951 1533 3085 1585 tunc
3116 1542 3248 1584 cum
3279 1541 3530 1601 corpore
3559 1520 3756 1581 incul-

2112 1609 2290 1691 pabili
2323 1613 2788 1692 conjungentur,
2825 1621 2881 1674 et
2900 1613 3168 1674 membra
3186 1613 3402 1675 Christi
3431 1612 3596 1685 ﬁent,
3621 1629 3754 1671 cum

2113 1699 2232 1760 sint
2261 1701 2670 1783 contaminati,
2704 1722 2772 1764 ac
2805 1702 3035 1764 sordidi
3065 1703 3237 1783 ‘21)?

2193 1788 2324 1851 Non
2350 1789 2486 1852 licet
2516 1792 2652 1866 hoc,
2687 1792 2922 1872 fratres,
2943 1811 3059 1853 non
3090 1793 3188 1854 ﬁet
3219 1790 3461 1852 omnino
3501 1788 3613 1862 Qui
3645 1806 3755 1849 au-

2114 1887 2232 1941 tem
2261 1898 2293 1940 a
2323 1879 2522 1942 divino
2554 1899 2826 1961 corpore,
2861 1881 2923 1942 id
2955 1889 3064 1957 est,
3100 1880 3387 1952 Ecclesia,
3421 1892 3477 1940 et
3514 1898 3546 1939 a
3576 1879 3757 1939 choro

2114 1968 2445 2031 electorum
2476 1980 2892 2046 secernuntur,
2927 1971 3048 2046 dic,
3083 1989 3339 2051 quonam
3371 1967 3668 2030 abibunt?
3697 1967 3757 2027 in

2112 2058 2267 2137 quod
2302 2061 2592 2136 regnum!
2633 2061 2690 2120 in
2712 2080 2826 2140 quo
2855 2061 3008 2133 loco,
3035 2059 3208 2133 cedo,
3234 2064 3477 2139 sperant
3505 2054 3760 2116 domici-

2110 2147 2254 2208 lium
2281 2151 2310 2208 ?
2341 2150 2519 2209 Plane
2552 2149 2710 2210 enim
2775 2149 3110 2229 paradisus,
3171 2156 3224 2209 et
3281 2146 3446 2208 sinus
3477 2145 3755 2217 Abrahae,

2108 2250 2162 2297 et
2195 2237 2390 2297 omnis
2420 2237 2587 2299 locus
2617 2237 2846 2319 requiei
2879 2256 3082 2298 eorum
3115 2244 3201 2298 est
3223 2236 3320 2316 qui
3346 2236 3664 2296 salvantur.
3687 2234 3762 2295 At

2109 2325 2268 2386 enim
2303 2325 2399 2407 qui
2436 2327 2757 2399 salvantur,
2793 2334 3161 2388 suntomnes
3185 2326 3428 2386 omnino
3454 2324 3662 2394 sancti,
3694 2330 3760 2383 ut

2106 2414 2304 2476 divina
2333 2415 2639 2496 Scriptura
2657 2416 2871 2495 passim
2923 2415 3119 2488 (locet,
3150 2422 3533 2493 testaturque.
3563 2413 3759 2474 Multae

2105 2504 2326 2585 quippe
2357 2505 2696 2566 mansiones
2727 2513 2883 2584 sunt,
2943 2504 3044 2564 sed
3109 2507 3261 2565 intra
3292 2501 3642 2564 Thalamum
3671 2503 3751 2562 4‘3.

362 2592 520 2654 riam
545 2591 678 2666 Dei,
714 2598 771 2652 et
813 2598 1083 2651 naturam
1137 2588 1371 2649 deitatis
1403 2587 1669 2663 humilis,
1705 2597 1762 2648 et
1791 2586 2023 2667 abjecta

361 2680 635 2743 hominis
666 2687 875 2742 natura
904 2678 1126 2739 videbit
1146 2677 1178 2737 ‘.’
1200 2677 1357 2738 Deus
1389 2677 1548 2736 enim
1575 2677 1878 2738 increatus
1911 2685 2020 2753 est,

361 2789 476 2832 nos
524 2787 735 2831 omnes
779 2769 989 2832 creati.
1050 2767 1156 2830 llle
1180 2766 1619 2847 corruptionem
1655 2767 1843 2828 nescit
1874 2785 2026 2844 ;nos

359 2859 792 2940 corruptibiles
840 2865 899 2920 et
945 2857 1141 2937 pulvis
1202 2874 1430 2918 sumus.
1496 2854 1604 2916 Ille
1637 2856 1880 2936 spiritus
1912 2865 2022 2937 est,

358 2949 628 3011 nobilior
643 2947 806 3010 omni
830 2947 1066 3028 spiritu,
1093 2954 1160 3008 ut
1179 2944 1451 3006 conditor
1467 2944 1782 3025 spirituum
1809 2965 1877 3006 ac
1900 2945 2024 3006 Do-
2108 2951 2267 3014 Deus
2299 2961 2387 3014 est
2421 2952 2604 3014 solus.
2635 2951 2703 3013 Et
2732 2960 2794 3012 ut
2825 2953 3002 3012 homo
3037 2970 3156 3013 non
3218 2949 3390 3011 habet
3418 2950 3478 3010 in
3508 2951 3621 3010 vita
3651 2968 3753 3010 re-

359 3041 608 3116 minus;
641 3059 751 3102 nos
783 3057 991 3101 carnes
1051 3045 1387 3112 terrestres,
1432 3045 1490 3098 et
1538 3035 1867 3098 substantia
1899 3045 2024 3098 ter-
2110 3046 2332 3123 quiem,
2369 3041 2468 3122 qui
2502 3061 2617 3102 non
2652 3042 2930 3102 manetin
2962 3041 3108 3122 Deo,
3145 3050 3200 3102 et
3253 3041 3409 3103 Deus
3436 3039 3496 3100 in
3529 3058 3599 3101 eo
3627 3058 3640 3102 :
3668 3040 3756 3100 sic

358 3131 596 3192 restris.
628 3130 735 3193 Ille
765 3137 970 3191 ειυεῑοΐ
1002 3129 1289 3201 omnium.
1327 3125 1604 3206 Principii
1657 3145 1892 3207 expers,
1925 3126 2085 3188 in-C
2113 3132 2286 3193 etiam
2317 3139 2446 3212 post
2475 3140 2724 3192 mortem
2752 3139 2913 3194 extra
2947 3131 3115 3192 illum
3159 3131 3428 3204 unicum,
3463 3148 3581 3190 non
3615 3128 3750 3207 erit,

358 3220 880 3300 comprehensus:
918 3237 1023 3279 nos
1053 3235 1308 3290 vermes,
1371 3223 1429 3277 et
1485 3233 1720 3277 ccenum
1758 3223 1818 3278 et
1847 3215 2022 3277 ciuis.
2108 3220 2342 3300 opinor,
2378 3221 2772 3302 ullarequies,
2804 3220 3166 3282 nonlocusa
3192 3217 3748 3299 tristitia,agemitu,

361 3308 435 3370 Et
467 3310 572 3390 qui
602 3308 675 3369 de
709 3307 880 3370 nobis
938 3327 1004 3369 ex
1068 3308 1304 3388 propria
1365 3304 1603 3382 virtute,
1662 3313 1760 3366 aut
1789 3305 2025 3367 actione
2106 3310 2555 3372 atribulatione
2588 3310 2763 3373 liber.

361 3398 529 3461 hunc
554 3397 759 3460 videre
789 3416 1050 3478 unquam
1106 3396 1346 3477 poterit,
1403 3395 1514 3456 nisi
1574 3395 1703 3475 ipse
1734 3394 2018 3475 Spiritum
2186 3397 2476 3472 Quocirca
2507 3398 2871 3466 studeamus,
2928 3398 3162 3474 fratres,
3226 3399 3574 3460 studeatnus
3620 3405 3756 3458 ante

359 3507 539 3550 suum
573 3487 837 3549 divinum
872 3486 1162 3562 emiserit,
1198 3505 1267 3546 ac
1300 3503 1406 3566 per
1441 3503 1573 3546 eum
1635 3485 1889 3546 inﬁrmae
1921 3505 2022 3546 na-
2105 3487 2328 3548 obitum
2352 3497 2618 3548 nostrum
2651 3488 2772 3549 Deo
2792 3487 3017 3549 auctori
3074 3487 3342 3549 omnium
3391 3489 3752 3563 coalescere,

357 3585 509 3639 tura;
541 3577 748 3652 robur,
783 3576 962 3652 vires,
1009 3576 1408 3654 virtutemque
1463 3573 1785 3645 suffecerit,
1818 3583 1872 3633 et
1907 3575 2020 3636 ho-
2106 3576 2208 3657 qui
2240 3585 2483 3658 propter
2508 3597 2614 3638 nos
2646 3577 2898 3638 miseros
2918 3579 3102 3637 caelos
3123 3577 3444 3650 inclinavit,
3474 3586 3532 3638 et
3555 3576 3613 3636 in
3641 3584 3755 3636 ter-

356 3667 590 3728 minem
616 3665 886 3727 videndze
943 3665 1146 3745 gloriae
1205 3682 1326 3724 suae
1385 3663 1666 3724 idoneum
1703 3663 2024 3724 effecerit?
2106 3685 2202 3728 ras
2231 3667 2656 3740 descendit“;
2709 3667 2808 3748 qui
2860 3667 3027 3728 latuit
3077 3667 3343 3746 angelos,
3408 3673 3464 3728 et
3495 3666 3554 3726 in
3587 3672 3754 3728 utero

354 3755 597 3836 Alioqui
629 3755 788 3817 enim
823 3775 940 3816 non
976 3753 1224 3827 videbit,
1258 3771 1368 3814 nec
1423 3751 1626 3812 videre
1659 3752 1875 3833 poterit
1907 3754 2020 3814 ho-
2106 3763 2329 3817 sanctae
2359 3754 2620 3834 Virginis
2669 3753 2974 3833 habitavit,
3020 3773 3087 3815 ex
3121 3773 3234 3836 qua
3277 3772 3492 3833 corpus
3517 3771 3754 3814 assum-

357 3846 588 3907 minem
622 3845 915 3926 quispiam
949 3845 1008 3905 in
1057 3843 1244 3923 gloria
1293 3841 1653 3904 venientem.
1712 3841 1782 3902 Et
1811 3843 1890 3904 ita
1923 3843 2019 3903 in-
2110 3844 2244 3924 psit,
2289 3845 2465 3905 modo
2494 3843 2908 3918 inenarrabili,
2944 3854 3001 3905 et
3029 3845 3178 3906 citra
3211 3843 3602 3905 mutationem
3635 3842 3752 3922 sui,

349 3935 507 4015 justi
539 3935 766 4016 ajustis
795 3934 1256 4014 separabantur,
1288 3931 1670 4010 tenebrisque
1695 3930 2024 3994 obruentur
2107 3933 2368 4014 indeque
2399 3934 2470 3994 ad
2504 3944 2767 3995 nostram
2800 3933 3066 3994 omnium
3107 3933 3359 3994 salutem
3391 3931 3756 4013 operandam

356 4032 730 4105 peccatores,
767 4033 825 4084 et
875 4025 1241 4104 quicumque
1273 4021 1414 4083 hinc
1470 4038 1672 4082 secum
1726 4021 1927 4082 lumen
1966 4024 2020 4082 in
2108 4023 2421 4103 processit.
2446 4021 2616 4085 Salus
2641 4032 2837 4085 autem
2875 4033 3073 4084 nostra
3104 4023 3228 4084 haec
3261 4031 3319 4083 et
3373 4022 3569 4102 plane,
3597 4019 3755 4102 quod

354 4116 509 4198 ipsis
539 4135 658 4177 non
707 4115 1026 4178 attulerint
1084 4116 1197 4190 Qui
1254 4123 1451 4175 autem
1484 4130 1552 4172 ex
1613 4112 1704 4172 his
1761 4131 1890 4193 quae
1925 4112 2020 4174 hic
2107 4111 2324 4192 saepius
2347 4112 2628 4186 diximus,
2667 4122 2724 4173 et
2755 4132 2914 4174 nunc
2940 4113 3136 4174 denuo
3168 4112 3460 4186 dicemus,
3488 4130 3605 4171 non
3649 4127 3759 4170 nos

356 4211 638 4286 egerunt,
675 4206 730 4266 ei
769 4206 1030 4287 copulati
1062 4213 1221 4280 sunt,
1277 4202 1454 4265 etiam
1515 4209 1654 4262 tunc
1686 4202 1930 4282 mystice
1957 4208 2016 4263 et
2103 4203 2347 4282 quidem
2381 4221 2447 4262 ex
2481 4201 2653 4263 nobis
2684 4201 2852 4282 ipsis,
2883 4203 2984 4262 sed
3005 4220 3078 4263 ex
3103 4219 3206 4262 ore
3225 4201 3444 4262 divino.
3467 4199 3759 4287 Apparuit

351 4281 640 4374 germane
663 4294 785 4355 Deo
836 4281 1294 4375 copulabuetur,
1346 4302 1524 4371 atque
1579 4291 1651 4352 ab
1682 4281 1810 4370 ejus
1841 4309 2012 4352 com-
2102 4281 2375 4369 magnum
2410 4292 2611 4353 lumen
2642 4281 2822 4352 futuri
2852 4290 3072 4370 saeculi,
3103 4309 3356 4370 regnum
3377 4281 3660 4350 cmlorum
3697 4291 3753 4350 in

352 4383 644 4445 munione
701 4403 1001 4465 nunquam
1063 4383 1438 4444 divellentur.
1506 4383 1691 4441 Porro
1740 4381 1838 4461 qui
1875 4381 2012 4441 hinc
2038 4387 2288 4474 Dterras
2320 4380 2670 4442 descendit:
2706 4380 2824 4441 imo
2849 4398 2987 4440 vero
3009 4398 3294 4460 superum
3319 4378 3757 4452 etinferum,et

353 4473 780 4552 emigraverint
810 4475 882 4534 ab
928 4475 1058 4553 ejus
1117 4473 1340 4534 lumine
1399 4470 1652 4551 sejuncti
1715 4470 2014 4551 quomodo
2038 4466 2075 4474 ”
2101 4469 2364 4529 omnium
2385 4471 2504 4532 Rex
2531 4471 2713 4543 venit,
2749 4469 3049 4548 voluitque
3078 4468 3248 4528 nobis
3280 4468 3406 4528 ﬁeri
3425 4466 3660 4539 similis,
3689 4475 3756 4526 ut

355 4569 460 4624 aut
492 4581 606 4644 qua
637 4562 866 4624 ratione
895 4569 1037 4623 tunc
1069 4563 1123 4623 ei
1172 4562 1484 4642 uniantur,
1523 4560 1754 4620 discere
1784 4576 1816 4622 a
1851 4559 2019 4620 vobis
2101 4578 2167 4619 ex
2202 4560 2331 4639 ipso
2353 4566 2630 4639 tanquam
2657 4577 2726 4619 ex
2749 4557 2973 4619 lumine
2995 4576 3204 4618 omnes
3236 4556 3472 4617 accensi
3525 4556 3752 4616 lumina

356 4651 560 4732 cupio,
597 4660 700 4715 aut
731 4671 834 4714 vos
865 4653 1088 4714 docere
1124 4653 1336 4732 potius.
2101 4649 2285 4709 altera
2307 4647 2500 4728 primo
2520 4647 2740 4709 similia
2767 4648 3156 4708 evaderemus
3186 4668 3200 4722 ;
3228 4657 3280 4707 et
3302 4645 3466 4724 regni
3489 4645 3758 4706 ccelestis

441 4740 606 4802 Deus
637 4742 814 4802 homo
842 4741 1051 4818 factus,
1081 4743 1434 4802 sociatusest
1461 4737 1824 4801 hominibus.
1851 4735 2022 4798 Com-
2103 4747 2434 4811 consortes,
2467 4737 2776 4818 gloriaque
2831 4736 3173 4816 paricipes,
3213 4755 3320 4796 nec
3346 4753 3462 4795 non
3494 4743 3750 4795 aeterno-

361 4830 684 4892 municavit
715 4831 1026 4892 nobiscum
1063 4831 1121 4891 in
1162 4832 1424 4892 humana
1472 4838 1698 4902 natura,
1730 4825 2017 4887 vicissim-
2100 4846 2231 4887 rum
2267 4827 2580 4900 bonorum,
2618 4845 2746 4907 quae
2780 4844 2953 4886 nemo
2989 4825 3130 4885 vulit
3157 4843 3439 4905 unquam,
3478 4824 3751 4886 hazredes

359 4939 475 5001 que
507 4939 640 4982 cum
664 4920 958 4982 universis
986 4921 1044 4982 in
1078 4942 1215 4984 eum
1277 4918 1686 4990 credentibus,
1721 4925 1778 4977 et
1809 4916 2016 4977 ﬁdem-
2101 4919 2401 4979 lieremus.
2435 4914 2569 4976 ch
2600 4924 2794 4976 autem
2831 4922 2987 4983 sunt,
3027 4923 3087 4973 nt
3118 4915 3317 4988 credo,
3359 4922 3415 4973 et
3447 4912 3592 4974 mihi
3625 4931 3759 4992 per-

356 5027 424 5072 ex
455 5009 738 5090 operibus
769 5010 1226 5074 ostendentibus
1249 5009 1618 5072 divinitatem
1661 5025 1827 5067 suam
1845 5023 2010 5067 com—
2096 5006 2320 5066 suadeo
2352 5013 2410 5066 et
2440 5013 2710 5085 autumo,
2744 5007 2938 5082 Pater,
2998 5003 3180 5064 Filius
3232 5013 3290 5065 et
3320 5003 3579 5083 Spiritus
3613 5022 3756 5063 san-

361 5100 701 5160 municavit.
764 5099 884 5162 Hos
943 5100 1120 5180 igitur
1190 5101 1478 5163 salvatum
1539 5099 1611 5160 izi
1668 5095 2006 5170 afﬁrmavit,
2096 5105 2250 5176 ctus,
2285 5114 2400 5155 una
2431 5093 2714 5155 Trinitas.
2779 5093 2890 5154 llic
2945 5095 3076 5154 fons
3124 5091 3750 5170 bonorum;haecvita

2107 2593 2618 2666 Quemadmodum
2666 2594 2824 2655 enim
2876 2613 3062 2654 unum
3094 2600 3182 2654 est
3230 2593 3470 2674 cwlum,
3507 2591 3653 2653 etin
3687 2611 3758 2652 eo

2109 2685 2316 2759 stellae,
2351 2686 2578 2746 honore
2633 2692 2691 2745 et
2743 2684 3005 2745 claritate
3064 2683 3456 2745 differentes:
3495 2681 3581 2742 sic
3613 2681 3755 2742 item

2107 2793 2263 2835 unus
2296 2775 2590 2835 thalamus
2621 2781 2730 2847 est,
2768 2780 2825 2834 et
2855 2792 3129 2853 regnum.
3166 2770 3456 2834 Caeterum
3490 2777 3549 2832 et
3579 2788 3757 2850 para-

2108 2863 2295 2938 disus,
2329 2872 2387 2924 et
2409 2863 2620 2924 civitas
2654 2872 2880 2936 sancta,
2919 2870 2974 2923 et
3020 2862 3214 2924 omnis
3245 2861 3409 2922 locus
3444 2859 3755 2941 requietis,

438 5270 492 5319 ιιι
528 5269 748 5352 Ephes.
787 5291 838 5342 v,
873 5268 974 5330 23.
1061 5270 1122 5320 42
1151 5270 1323 5334 Joan.
1357 5287 1479 5347 xw,
1517 5273 1574 5331 2.
1661 5269 1722 5318 45
1751 5265 1908 5346 Psal.
1941 5281 2086 5346 xvu,
2128 5266 2217 5328 10.

1061 5270 1122 5320 ‘2
1151 5270 1323 5334 Joan.
1357 5287 1479 5347 xw,
1517 5273 1574 5331 2.

446 5430 567 5513 (21)
595 5433 733 5513 Haec
756 5450 888 5513 quae
911 5429 1162 5513 Symeon
1191 5431 1419 5513 scribit,
1443 5427 1830 5513 intelligenda
1852 5433 2010 5501 sunt,
2099 5423 2905 5513 clesia_;_dummodontamen
2945 5425 3120 5513 fidem
3165 5443 3286 5513 non
3330 5423 3631 5513 abjiciant:
3669 5423 3754 5513 De

367 5482 481 5572 non
499 5482 572 5573 de
595 5482 1076 5593 quibiisizumijue
1101 5482 1539 5592 peccatoribus.
1557 5482 1672 5573 sed,
1686 5511 1759 5572 de
1777 5482 2016 5593 excom:
2099 5525 2215 5593 quo
2243 5482 2434 5593 videat
2453 5505 2640 5593 lectoﬁr
2665 5503 3272 5593 Card._13ellarm._lib,
3294 5522 3350 5566 In
3376 5482 3461 5568 De
3481 5504 3758 5593 Ecclesia

369 5585 702 5675 municatis.
736 5585 1030 5675 Aliieniin
1059 5585 1823 5675 peccatores,quantumvis
1845 5603 2017 5675 euor-
2099 5585 2427 5675 militante,
2446 5587 2647 5675 cap,9_,
2667 5585 3211 5675 quinetianrcapAO
3241 5585 3754 5675 docet,quomodo

369 5687 511 5748 mes,
548 5673 675 5736 sive
705 5673 1006 5737 manifesti
1035 5664 1164 5736 sive
1193 5664 1430 5754 occulti,
1459 5664 1599 5736 vere
1638 5680 1775 5735 sunt
1803 5669 1864 5730 in
1895 5665 2011 5728 Ec-
2102 5665 2377 5728 inﬁdeles
2414 5664 2632 5728 occulti
2665 5664 2724 5727 in
2763 5665 3031 5728 Ecclesia
3060 5665 3293 5729 censeri
3325 5664 3576 5750 possint.
