4120 6386
307 365 426 430 575

1626 366 2009 431 SYMEONIS
2049 362 2400 430 JUNIORIS

3585 356 3708 427 576
3770 364 3777 365 “

305 517 503 562 rerum
523 503 879 565 exstantium
909 522 925 579 ;
948 504 1042 565 hae
1067 502 1301 565 deliciae
1317 510 1374 563 et
1389 501 1652 582 requies;
1672 502 1795 563 haec
1815 501 1965 562 stola
1984 510 2025 559 Α
2129 499 2284 561 Audi
2308 520 2439 581 quae
2463 504 2893 582 percunctaris,
2923 513 2984 565 et
3001 505 3199 567 audita
3226 503 3440 565 litteris
3463 502 3703 564 manda.

308 605 361 650 et
394 591 583 666 gloria
609 641 623 667 ,
651 593 765 654 hoc
791 591 1072 671 gaudium
1093 591 1389 653 ineffabile
1411 590 1647 652 etsalus
1670 591 1961 663 omnium,

311 681 412 759 qui
449 679 909 743 llluminationis
929 679 1805 760 ejusinexplicabilisfactisunt
1841 697 1970 759 par-

312 768 551 849 ticipes,
581 779 639 832 et
669 770 1151 831 communionem
1167 789 1230 831 se
1254 788 1388 831 cum
1420 769 1548 848 ipso
1580 768 1803 831 habere
1824 786 1969 830 sen-

309 857 487 919 tiunt.
524 859 755 921 Idcirco
799 860 984 940 enim,
1019 858 1243 931 audite,
1305 857 1573 921 Salvator
1604 857 1967 933 nominatur,

311 946 593 1027 quoniam
615 947 896 1010 omnibus
917 947 1268 1029 quibuscum
1290 948 1492 1008 unitus
1512 946 1967 1022 fuerit,salutem

308 1035 430 1099 dat.
465 1035 636 1098 Salus
669 1054 845 1117 porro
868 1045 955 1098 est
977 1036 1245 1098 omnium
1272 1036 1563 1097 malorum
1585 1035 1888 1116 depulsio,
1914 1034 1972 1095 et

308 1124 372 1186 in
402 1125 613 1187 eodem
674 1126 940 1187 omnium
999 1126 1293 1187 bonorum
1347 1134 1569 1187 interna
1621 1124 1907 1201 inventio,
1939 1143 1972 1185 a

312 1221 504 1275 morte
532 1214 735 1288 vitam,
765 1235 799 1275 a
830 1215 1095 1276 tenebris
1148 1214 1365 1295 lucem,
1417 1234 1449 1275 a
1484 1215 1769 1276 servitute
1794 1214 1970 1276 vitio-

313 1321 510 1365 sorum
571 1305 911 1381 affectuum,
994 1304 1603 1385 turpissimarumque
1661 1304 1968 1366 actionum

312 1391 638 1471 perfectam
655 1392 991 1454 libertatem
1005 1392 1282 1454 omnibus
1300 1413 1433 1454 cum
1453 1393 1688 1457 Christo
1704 1392 1968 1454 omnium

311 1479 612 1543 Salvatore
638 1482 975 1562 conjunctis
1000 1502 1071 1544 ac
1104 1482 1397 1544 devinctis
1421 1482 1816 1563 largiens,qui
1836 1491 1974 1541 tunc

310 1588 486 1631 omne
510 1570 790 1650 gaudium
813 1572 958 1633 citra
1017 1572 1354 1651 periculum
1373 1571 1706 1646 amittendi,
1732 1589 1971 1632 omnem

313 1658 795 1734 exsultationem,
830 1660 1220 1741 lzetitiamque
1251 1661 1576 1742 possident.
1609 1660 1721 1733 Qui
1774 1667 1968 1722 autem

314 1764 555 1825 prorsus
586 1748 659 1810 ab
683 1768 754 1810 eo
777 1750 1056 1830 sejuncti,
1084 1769 1202 1811 non
1236 1770 1373 1811 eum
1427 1760 1720 1831 quaerunt,
1749 1749 1969 1829 necju-
1992 1793 2029 1842 Β

312 1856 450 1916 gum
473 1846 738 1899 motuum
770 1838 950 1899 animi
977 1839 1195 1900 rationi
1216 1839 1658 1901 adversantium
1694 1857 1968 1901 excusse-

314 1934 478 2000 runt,
516 1944 627 1988 nec
658 1946 691 1987 a
749 1936 937 1988 morte
991 1936 1128 1988 sunt
1185 1928 1444 2004 liberati,
1498 1949 1601 1990 seu
1634 1948 1826 2009 reges.
1863 1948 1968 1990 seu

314 2016 642 2097 principes,
671 2035 775 2078 seu
807 2017 919 2078 viri
949 2028 1275 2080 summates
1306 2018 1448 2094 sint,
1483 2019 1592 2081 etsi
1624 2019 1684 2080 in
1711 2018 1967 2099 deliciis,

315 2106 375 2165 in
403 2104 822 2181 hilaritatibus,
849 2116 905 2169 ct
928 2106 1450 2182 oblectationibus,
1472 2117 1533 2170 et
1559 2108 1620 2168 in
1644 2108 1819 2169 bonis
1845 2127 1974 2186 per-

314 2194 585 2256 fruendis
609 2198 831 2257 versari
860 2215 924 2257 se
963 2203 1190 2276 putent,
1225 2216 1531 2277 nunquam
1570 2205 1764 2258 tamen
1796 2198 1969 2258 talem

313 2285 626 2365 acquirent
648 2284 934 2366 laatitiam,
970 2286 1202 2365 qualem
1228 2290 1379 2347 servi
1432 2287 1651 2349 Christi
1673 2286 1745 2347 ab
1773 2288 1972 2347 omni-

315 2372 427 2435 bus
458 2374 784 2452 illegitimis
814 2374 1033 2454 glorize,
1063 2394 1130 2435 ac
1152 2376 1512 2455 voluptatum
1553 2375 1976 2456 cupiditatibus

313 2461 610 2524 immunes
634 2462 995 2546 percipiunt;
1022 2483 1150 2544 qua!
1166 2465 1410 2544 quidem
1432 2473 1586 2525 tanta
1621 2475 1731 2538 est,
1754 2473 1820 2527 ut
1843 2479 1972 2525 eam

317 2551 505 2614 oratio
538 2553 823 2632 censequi
848 2571 964 2613 non
998 2553 1206 2633 possit,
1235 2572 1410 2633 quam
1435 2572 1642 2614 eorum
1668 2572 1839 2614 nemo
1866 2553 1973 2615 ali-

316 2641 552 2721 quando
611 2659 948 2722 cognoscet,
1011 2642 1329 2722 intelliget,
1418 2651 1519 2703 aut
1572 2642 1817 2718 videbit,
1874 2643 1975 2723 qui

317 2730 554 2794 Christo
575 2731 809 2793 sincere
832 2732 1348 2812 fruenterquenon
1376 2732 1759 2811 adhteserint,
1796 2731 1969 2811 eique

313 2820 538 2900 unique
563 2839 744 2899 quam
765 2820 1065 2899 explicare
1086 2840 1201 2881 non
1228 2829 1340 2901 est,
1361 2820 1590 2881 astricti
1621 2830 1676 2881 et
1701 2820 1971 2901 impliciti

313 2928 434 2970 non
469 2909 687 2970 fuerint
718 2928 733 2984 ;
768 2928 945 2989 quem
1001 2908 1172 2970 decet
1215 2910 1399 2989 gloria
1422 2912 1547 2971 eth
1591 2929 1723 2983 nor,
1756 2911 1882 2971 laus
1914 2923 1973 2971 et

314 2998 509 3059 omnis
537 2996 874 3079 praedicatio
904 2997 975 3058 ab
1028 2999 1191 3059 omni
1249 3007 1542 3074 creatura,
1578 3007 1632 3060 et
1663 3000 1873 3080 spiritu
1908 3000 1970 3061 in

315 3088 530 3149 saecula
561 3088 777 3150 Amen.

910 3217 1155 3282 CAPUT
1188 3218 1362 3282 ΧΧΧ.

313 3365 509 3426 Melius
538 3380 650 3423 esse
680 3366 810 3423 bene
836 3367 976 3438 regi,
1009 3382 1176 3438 quam
1237 3382 1423 3436 regere
1479 3366 1701 3424 invitos.
1737 3368 1973 3425 Nullum

386 3439 536 3511 enim
587 3439 716 3511 capi
766 3438 1208 3503 emolumentum,
1267 3441 1317 3495 si
1375 3438 1497 3511 quis
1556 3441 1696 3495 alios
1751 3456 1974 3496 servare

383 3510 620 3638 διιέιιυαι,
652 3510 703 3567 et
729 3524 912 3583 seper
958 3512 1181 3568 illorum
1230 3510 1634 3583 praefecturam
1686 3511 1973 3583 perditum

387 3597 449 3638 ea
483 3626 495 3637 .

387 3597 495 3638 θαι.

394 3720 525 3792 Dic,
561 3719 813 3795 Christe,
851 3738 1021 3782 servo
1056 3730 1180 3795 tuo,
1233 3721 1331 3783 dic
1380 3721 1578 3783 lumen
1613 3721 1838 3795 mundi,
1875 3720 1972 3782 dic

313 3809 568 3871 scientia
600 3809 778 3870 tutius
811 3810 1070 3888 univeri,
1094 3809 1190 3870 die
1217 3810 1481 3871 Verbum
1508 3810 1821 3889 sapientia,
1844 3829 1975 3891 quae

319 3897 519 3959 omnia
540 3897 801 3976 praescis,
822 3899 1026 3958 omnia
1049 3899 1351 3978 praenosti,
1376 3899 1620 3959 etnobis
1639 3900 1975 3962 conducen-

319 3986 400 4047 tia
429 3986 610 4047 doces
637 3986 768 4048 sine
799 3985 1023 4049 invidia
1050 4010 1065 4060 ;
1093 3988 1187 4048 dic
1215 3997 1273 4049 et
1302 3988 1451 4049 doce
1479 4007 1573 4049 me
1598 4008 1834 4069 quoque
1852 3989 1976 4050 vias

317 4076 608 4138 salutares
626 4085 860 4138 tuarum
886 4077 1357 4151 voluntatum,ac
1374 4078 1710 4139 divinorum
1738 4089 1971 4141 tuorum

324 4165 762 4226 mandatorum.
800 4164 927 4235 Dic,
967 4174 1025 4227 et
1054 4184 1128 4229 ne
1159 4167 1457 4247 despicias
1491 4187 1609 4242 me,
1646 4186 1790 4229 neve
1815 4169 1976 4229 celes

318 4253 628 4334 indiguum
661 4272 897 4316 servum
932 4264 1121 4330 tuum,
1154 4258 1308 4318 Deus
1338 4275 1506 4317 meus
1539 4258 1975 4338 beneplacitum

2047 589 2177 667 Ego
2213 591 2522 653 Deusante
2537 611 2714 653 omne
2735 593 3116 673 principium,
3144 612 3252 668 ego
3279 601 3485 653 natura
3505 590 3710 652 Domi-

2051 696 2185 751 nus,
2203 696 2558 757 superorum
2573 694 2631 742 et
2647 681 2976 744 inferorum
2998 687 3303 761 rex,cujus
3328 681 3592 743 serviom
3604 697 3713 740 nes

2053 777 2399 843 censentur,
2428 768 2603 830 etiam
2636 773 2735 850 qui
2770 771 3000 833 nolunt.
3032 771 3154 852 Ego
3186 771 3392 853 utique
3423 768 3711 832 Conditor

2054 856 2346 929 omninm,
2366 857 2577 935 Judex,
2600 858 2959 921 etDominus
2991 869 3051 922 et
3074 879 3230 923 nunc
3254 879 3409 935 sum,
3436 868 3495 921 et
3512 858 3572 919 in
3596 876 3713 920 sae-

2054 945 2189 1007 cuia
2202 946 2553 1008 smculorum
2583 967 2707 1010 ero.
2736 952 2853 1013 Sed
2874 950 3181 1013 nolentem
3203 950 3431 1010 nullum
3447 966 3712 1029 unquam

2054 1053 2223 1114 cogo.
2256 1035 2405 1097 Volo
2442 1037 2598 1098 enim
2625 1056 2726 1099 eos
2758 1039 2857 1119 qui
2908 1039 3053 1100 mihi
3116 1039 3402 1109 serviunt,
3466 1037 3714 1099 etdicto

2053 1128 2361 1189 audientes
2391 1138 2550 1203 sunt,
2587 1132 2812 1192 servire
2845 1131 3058 1207 libere,
3119 1151 3184 1194 ex
3220 1132 3403 1194 animi
3435 1129 3710 1206 arbitrio,

2052 1237 2188 1279 cum
2225 1217 2438 1279 timore
2469 1226 2527 1279 et
2558 1221 2867 1283 charitate.
2900 1220 3073 1283 Tales
3104 1239 3303 1283 servos
3332 1238 3522 1290 meos,
3561 1218 3715 1282 tales

2053 1308 2155 1388 qui
2189 1306 2343 1387 apud
2377 1327 2474 1370 me
2504 1313 2776 1386 merent,
2798 1312 2942 1372 tales
2975 1310 3201 1373 amicos
3246 1328 3412 1372 meos
3442 1327 3574 1371 esse
3602 1308 3716 1369 de-

2054 1396 2277 1458 sidero.
2319 1396 2489 1459 Alios
2526 1399 2794 1460 nondum
2827 1402 3101 1479 cognovi,
3135 1418 3248 1462 nec
3277 1398 3349 1461 ab
3380 1398 3597 1460 iisdem
3621 1416 3719 1459 co-

2055 1485 2251 1565 gnitus
2280 1505 2435 1546 sum.
2462 1485 2756 1559 Quocirca
2780 1487 2993 1549 durum
3025 1507 3140 1560 me,
3177 1496 3234 1548 et
3264 1487 3365 1567 qui
3397 1488 3715 1549 commise-

2056 1573 2283 1635 ratione
2316 1593 2431 1635 non
2466 1583 2690 1652 tangar,
2728 1584 2786 1637 et
2814 1576 3085 1656 iniquum
3121 1575 3356 1655 ipsiﬁlii
3377 1573 3713 1654 iniquitatis

2055 1664 2365 1744 appellant
2422 1663 2602 1742 igitur
2653 1684 2747 1727 me
2796 1665 3232 1728 contumeliose
3285 1671 3555 1737 tractant,
3613 1663 3717 1744 qui

2056 1752 2321 1814 convicia
2336 1752 2727 1827 mihitlicunt,
2755 1754 2963 1834 quime
2992 1755 3228 1833 probris
3254 1760 3528 1834 onerant,
3556 1772 3709 1832 quo-

2055 1842 2227 1903 modo
2257 1841 2360 1902 tibi
2386 1862 2449 1903 se
2471 1842 2813 1922 subjiciant,
2835 1852 2935 1904 aut
2960 1844 3256 1925 quomodo
3286 1852 3340 1903 te
3362 1841 3710 1921 magistrum

2051 1931 2718 2011 admittant?quomodt-
2748 1933 2871 2011 lupi
2897 1943 2952 1993 te
2975 1943 3271 2011 pastorem
3301 1931 3661 2012 reputabunt
3681 1929 3713 1991 ?

2052 2028 2152 2081 aut
2170 2020 2466 2099 quomodo
2491 2037 2696 2081 vocem
2715 2028 2871 2081 tuam
2891 2028 3238 2100 sequentur,
3266 2038 3400 2080 cum
3422 2019 3541 2080 sint
3569 2017 3715 2078 fera;

2054 2109 2642 2188 bellum?Egretlet'e,
2674 2109 2808 2189 fuge
2841 2110 3219 2171 etsubducte
3240 2128 3305 2169 ex
3331 2109 3542 2169 horum
3578 2124 3714 2166 me-

2056 2199 2178 2259 dio.
2214 2200 2366 2260 Satis
2400 2209 2525 2259 esto
2588 2199 2718 2272 tibi,
2764 2198 2813 2259 si
2870 2198 3129 2280 teipsum
3183 2216 3404 2259 serves.
3462 2194 3629 2268 Quod
3665 2195 3719 2255 si

2059 2290 2345 2349 mundum
2381 2307 2606 2362 serves,
2630 2296 2686 2349 te
2705 2306 2843 2349 vero
2864 2288 3101 2369 perdes,
3123 2288 3223 2368 qui
3249 2288 3510 2347 mun'lus
3531 2302 3720 2365 opera

2059 2386 2158 2440 tua
2180 2387 2443 2438 servatus
2463 2377 2566 2438 tibi
2592 2377 2909 2456 proderit?
2930 2378 3080 2440 Nolo
3131 2386 3187 2436 te
3211 2392 3566 2457 quemquam
3597 2391 3714 2433 no-

2028 2514 2033 2521 .
2064 2467 2282 2528 lentem
2315 2485 2526 2545 regere
2560 2485 2573 2527 :
2611 2466 2765 2546 quod
2800 2467 2992 2546 ipsum
3028 2484 3125 2526 me.
3157 2465 3214 2525 in
3250 2464 3474 2525 mundo
3502 2463 3717 2524 fecisse

2062 2556 2265 2617 videas
2296 2557 2457 2617 licet.
2493 2555 2833 2616 Volentium
2894 2573 3002 2633 ego
3057 2564 3256 2616 rector
3286 2573 3353 2615 ac
3382 2552 3714 2623 Dominus;

2059 2655 2408 2707 caeterorum
2429 2653 2664 2706 creator
2688 2644 2952 2724 quidem,
2981 2652 3261 2705 etnatura
3276 2643 3717 2721 Dominus,non

2056 2742 2252 2795 autem
2288 2735 2409 2795 ullo
2444 2734 2617 2794 modo
2647 2751 2772 2808 rex,
2806 2752 3002 2814 neque
3033 2733 3174 2806 dux,
3209 2752 3277 2794 ac
3308 2749 3528 2813 praeses
3555 2749 3710 2791 sum.

2054 2824 2155 2903 qui
2189 2843 2308 2886 non
2343 2823 2555 2884 tollunt
2577 2841 2814 2884 crucem
2842 2841 3035 2895 suam,
3066 2841 3175 2883 nec
3211 2841 3305 2882 me
3335 2827 3708 2900 sequuntur:

2053 2911 2275 2973 diaboli
2308 2912 2466 2972 enim
2502 2911 2631 2986 filii,
2666 2918 2724 2971 et
2773 2930 2911 2972 vasa
2943 2921 3104 2974 sunt.
3162 2910 3313 2973 Vide
3370 2908 3710 2989 mysterium

2053 2999 2365 3079 horribile,
2402 2999 2534 3061 vide
2566 2999 2977 3071 stoliditatem,
3043 3007 3100 3060 et
3127 3019 3230 3059 eos
3264 2998 3535 3060 lamentis
3567 3014 3710 3077 pro-

1988 3120 2027 3168 ο
2051 3107 2305 3170 sequere
2333 3088 2380 3148 si
2435 3097 2603 3168 potes
2629 3088 2715 3148 vel
2740 3087 2799 3148 in
2824 3089 3003 3150 horas
3025 3088 3307 3166 singulas.
3329 3086 3717 3149 Vocatinam-

2054 3198 2169 3260 que
2193 3197 2223 3239 e
2254 3177 2518 3239 tenebris
2540 3178 2609 3238 ad
2643 3178 2845 3238 lumen
2864 3196 2982 3238 non
3002 3177 3343 3253 occiduum,
3365 3196 3399 3237 a
3428 3184 3614 3237 morte
3636 3175 3710 3236 ad

2053 3269 2254 3341 vitam,
2292 3266 2365 3329 ab
2393 3266 2627 3328 inferno
2654 3266 2725 3327 ad
2751 3267 2989 3340 coelum,
3011 3285 3044 3327 a
3069 3266 3448 3346 temporariis
3472 3272 3530 3326 et
3559 3263 3718 3344 peri-

2056 3358 2203 3420 turis
2223 3357 2293 3418 ad
2313 3357 2557 3435 gloriam
2576 3356 3031 3436 sempiternam,
3058 3356 3420 3429 irascuntur,
3444 3362 3722 3417 etcontra

2058 3445 2374 3525 magistros
2427 3444 2755 3519 insaniunt,
2823 3445 3292 3526 omnigenasque
3349 3445 3597 3506 insidias
3656 3443 3721 3504 in

2055 3539 2304 3601 eosdem
2329 3546 2716 3619 componunt,
2742 3545 2799 3599 et
2821 3538 2969 3598 mori
2994 3546 3340 3618 praeoptant,
3370 3556 3543 3618 quam
3571 3545 3717 3600 ate-

2057 3627 2285 3701 nebris,
2317 3635 2375 3689 et
2398 3629 2681 3707 operibus
2713 3626 3099 3689 tenebrarum
3159 3627 3481 3702 discidere,
3516 3645 3585 3688 ac
3618 3644 3719 3687 me

2057 3717 2251 3797 sequi.
2284 3717 2405 3779 Hos
2436 3736 2553 3797 quo
2586 3726 2753 3797 pacto
2789 3716 3027 3778 tandem
3073 3715 3533 3778 moderaberis?
3562 3736 3719 3797 quo-

2058 3807 2233 3870 modo
2266 3808 2358 3868 his
2405 3807 2692 3888 praeeris:
2758 3807 3054 3887 qunmodo
3088 3808 3196 3868 hos
3229 3808 3437 3880 duces,
3459 3806 3554 3869 dic
3577 3826 3707 3885 age,

2055 3896 2159 3977 qui
2182 3907 2390 3976 sponte
2412 3916 2520 3958 sua
2540 3897 2611 3957 ad
2640 3896 2839 3975 ignem
2868 3896 3289 3976 transfugiunt,
3332 3896 3488 3957 hosti
3511 3896 3718 3957 adhae—

2056 3995 2259 4047 rentes
2274 4035 2287 4058 ,
2307 3995 2366 4047 et
2392 4005 2524 4046 cum
2551 4005 2620 4046 eo
2637 3986 2951 4066 princeptis
2967 3987 3114 4047 meis
3139 3985 3435 4047 contraria
3464 3985 3722 4064 impigre

2056 4074 2467 4153 designantes‘?
2492 4073 2799 4147 Quomodo
2825 4094 3033 4154 pasces
3056 4082 3118 4136 ut
3147 4075 3612 4155 oves;quomodo
3642 4074 3718 4135 ad

2060 4183 2297 4244 pascua,
2333 4183 2554 4243 quaeso,
2590 4163 3002 4225 mandatorum
3043 4182 3337 4236 meorum,
3396 4163 3470 4223 ad
3503 4181 3719 4243 aquam

2061 4253 2424 4315 voluntatum
2443 4272 2708 4314 mearum
2725 4252 2974 4315 induces
2997 4253 3028 4313 ?
3051 4254 3349 4335 quomodo
3365 4252 3590 4315 educes
3614 4270 3721 4313 eos

323 4352 512 4419 tuum,
549 4353 608 4405 et
635 4345 799 4424 aperi
851 4345 998 4406 mihi
1048 4344 1307 4424 benigne
1370 4345 1633 4408 Salvator
1662 4356 1861 4409 utrum
1910 4365 1979 4408 ex
2004 4344 2134 4424 Dad
2168 4351 2427 4415 montes,
2451 4343 2551 4422 qui
2574 4343 2774 4403 animo
2791 4343 3088 4418 videntur,
3118 4343 3417 4404 visionum
3448 4341 3724 4422 mystica-

321 4432 556 4496 duobus
584 4433 797 4495 melius
824 4435 978 4514 apud
1006 4442 1061 4494 te
1092 4434 1189 4509 sit,
1223 4434 1454 4516 tibique
1482 4436 1724 4514 gratius,
1758 4436 1980 4498 sollici-

319 4522 586 4584 tudinem
620 4541 831 4602 gerere
863 4542 959 4584 me
988 4542 1187 4585 rerum
1218 4526 1585 4607 umnasterii,
1642 4535 1698 4586 et
1727 4525 1981 4587 candide

322 4630 642 4692 procurare
672 4612 1146 4674 necessitudines
1195 4626 1550 4694 corporum,‘
1568 4632 1980 4696 propugnare-

322 4720 436 4781 que
461 4701 666 4762 odiose
695 4721 799 4782 pro
821 4702 1130 4779 omnibus;
1152 4722 1225 4764 an
1246 4704 1557 4785 soliquieti
1580 4723 1819 4783 semper
1850 4722 1979 4764 esse

324 4790 619 4866 deditum,
636 4799 692 4852 et
709 4799 972 4854 mentem
991 4812 1286 4868 serenam,
1306 4805 1484 4875 atque
1505 4792 1977 4873 inperturbatum

321 4898 704 4957 conservare,
740 4890 798 4942 et
827 4882 1030 4961 gratiae
1060 4891 1176 4944 tute
1233 4884 1523 4945 scintillas
1558 4882 1881 4961 suscipere,
1920 4889 1981 4946 et

319 4970 649 5032 secundum
674 4971 889 5032 animm
921 4990 1167 5034 sensum
1223 4976 1602 5035 continenter
1630 4972 1974 5046 illuminari,

320 5059 673 5141 divinosque
691 5079 999 5121 sermones
1015 5080 1230 5123 arcane
1246 5063 1648 5143 percipere,et
1672 5070 1980 5123 mansuete

322 5148 541 5210 docere
570 5148 740 5224 alios,
768 5148 1094 5230 docerique
1144 5151 1443 5214 similiter.
1481 5150 1592 5223 Qui
1625 5149 1783 5211 enim
1815 5150 1988 5211 docet

317 5238 491 5313 alios,
526 5237 739 5301 eadem
768 5238 886 5299 sibi
917 5258 1155 5320 quoque
1187 5240 1355 5313 dicit,
1391 5252 1448 5303 et
1478 5241 1705 5320 primus
1735 5239 1981 5304 omnino

323 5344 393 5390 ca
418 5326 703 5407 praestare
733 5328 904 5389 iactis
936 5327 1138 5391 debet.
1170 5329 1257 5391 Ex
1313 5330 1407 5391 his
1439 5330 1636 5410 itaque
1666 5328 1977 5404 ambobus,

322 5416 421 5477 dic
453 5415 623 5490 mihi,
648 5435 681 5478 ο
704 5416 877 5479 ﬁctor
898 5425 955 5477 et
976 5416 1132 5478 Deus
1181 5438 1370 5499 meus,
1418 5426 1622 5480 utrum
1655 5417 1800 5479 mihi
1831 5435 1979 5479 con-

325 5504 606 5587 ducibile,
639 5512 838 5567 utrum
872 5506 978 5568 tibi
1036 5507 1319 5588 placitum
1370 5510 1437 5571 ac
1471 5507 1797 5589 perfectum
1832 5515 1921 5568 est
1949 5506 1980 5566 ?

323 5612 454 5673 age,
488 5612 564 5655 ne
593 5593 741 5658 nihil
783 5595 945 5658 istud
988 5596 1217 5677 denega
1280 5605 1365 5674 tu,
1424 5598 1597 5679 cujus
1629 5617 1865 5660 summa
1894 5604 1983 5660 est

328 5682 767 5747 misericordia.

2067 4452 2199 4493 rum
2222 4431 2423 4510 gloriae
2445 4431 3041 4505 meeeinenarrabilis,
3078 4452 3184 4514 per
3214 4452 3388 4513 quam
3425 4431 3564 4512 quid
3588 4449 3722 4492 eam

2066 4521 2753 4593 intuentur,inferiorem
2772 4522 3185 4600 bancgloriam
3200 4522 3557 4602 despiciunt,
3585 4540 3683 4581 om
3721 4564 3724 4568 λ

2068 4610 2356 4690 niumque
2387 4609 2497 4670 sub
2528 4629 2741 4672 sensus
2773 4610 3113 4672 cadentium
3146 4610 3339 4691 obliti,
3368 4612 3497 4672 huic
3520 4610 3726 4672 omnia

2064 4718 2169 4781 pro
2203 4699 2435 4779 umbra,
2471 4709 2526 4760 et
2559 4700 2715 4760 fumo
2750 4700 3021 4763 ducunt?
3052 4701 3159 4763 Itic
3189 4700 3486 4781 quomodo
3508 4701 3724 4761 adver-

2061 4789 2286 4851 sarium
2321 4788 2381 4848 in
2415 4807 2594 4850 causa
2624 4789 2880 4850 dicenda
2911 4798 3229 4869 patronum
3256 4788 3553 4851 habebis?
3575 4806 3723 4868 quo-

2066 4878 2242 4938 modo
2268 4878 2494 4938 hostem
2527 4877 2806 4939 infestum
2831 4879 2901 4940 ad
2931 4888 2986 4941 te
3011 4879 3381 4957 diligendum
3415 4876 3723 4939 adduces?

2064 4968 2261 5031 Facile
2294 4968 2453 5027 enim
2492 4967 2708 5047 potius,
2743 4988 2917 5048 parva
2983 4969 3297 5030 occasione
3351 4968 3610 5040 inventa,
3646 4984 3725 5029 ex

2063 5057 2271 5119 amicis
2302 5056 2533 5117 inimici
2568 5059 2731 5118 ﬁunt.
2772 5059 2876 5119 Ast
2906 5058 3130 5119 inimici
3187 5057 3429 5119 difficile
3460 5057 3722 5136 conjun-

2069 5146 2569 5227 guutamicitiam,
2604 5146 3189 5227 quamvisbeneﬁciis
3220 5147 3569 5225 adiciantur,
3603 5145 3720 5206 do-

2066 5239 2274 5319 nisque
2307 5236 2630 5311 nobilibus,
2658 5246 2717 5299 et
2741 5237 2970 5315 magnis
2993 5238 3484 5299 cohonestentur.
3518 5237 3722 5296 Vene-

2063 5347 2207 5389 num
2228 5327 2491 5389 clausum
2510 5335 2727 5402 gerunt
2748 5326 2805 5388 in
2827 5326 3257 5407 pectore,quod
3274 5324 3727 5406 opportunitate

2064 5417 2258 5479 oblata
2287 5435 2420 5476 mox
2446 5425 2745 5491 evomunt,
2774 5435 2842 5478 ac
2868 5415 3272 5477 benemeritos
3302 5416 3377 5477 de
3407 5433 3472 5475 se
3502 5414 3715 5496 impie,

2064 5506 2511 5585 crudeliterque
2541 5523 2658 5566 non
2673 5504 2994 5567 formidant
3015 5502 3371 5567 occidere.0
3388 5511 3721 5565 extremum

2065 5598 2351 5658 furorem.
2386 5592 2462 5655 Hi
2485 5603 2622 5656 sunt
2646 5595 2974 5657 imitatores
2992 5593 3162 5667 Cain;
3188 5593 3247 5655 hi
3268 5593 3565 5655 Lamecho
3590 5610 3727 5655 sce-

2068 5685 2411 5760 leratiores;
2472 5682 2533 5744 hi
2584 5682 2762 5747 Saulo
2818 5683 3090 5748 moribus
3138 5682 3390 5765 similes,
3424 5700 3722 5766 sequaces
