  <div class='ocr_page' id='page_1' title='image "/cluster/home/n/w/nwhite01/storage/ocr_20150623/120/coo.31924054870245/296.png"; bbox 0 0 4120 6374; ppageno 0'>
   <div class='ocr_carea' id='block_1_1' title="bbox 340 357 449 426">
    <p class='ocr_par' dir='ltr' id='par_1_1' title="bbox 340 357 449 426">
     <span class='ocr_line' id='line_1_1' title="bbox 340 357 449 426; baseline -0.009 0"><span class='ocrx_word' id='word_1_1' title='bbox 340 357 449 426; x_wconf 86' lang='lat'><strong>577</strong></span> 
     </span>
    </p>
   </div>
   <div class='ocr_carea' id='block_1_2' title="bbox 1489 350 2595 427">
    <p class='ocr_par' dir='ltr' id='par_1_2' title="bbox 1489 350 2595 427">
     <span class='ocr_line' id='line_1_2' title="bbox 1489 350 2595 427; baseline -0.012 -1"><span class='ocrx_word' id='word_1_2' title='bbox 1489 358 1927 427; x_wconf 85' lang='lat' dir='ltr'><strong>DIVINORUM</strong></span> <span class='ocrx_word' id='word_1_3' title='bbox 1970 353 2297 423; x_wconf 83' lang='lat' dir='ltr'><strong>AMORUM</strong></span> <span class='ocrx_word' id='word_1_4' title='bbox 2341 350 2595 416; x_wconf 81' lang='lat' dir='ltr'><strong>LIBER.</strong></span> 
     </span>
    </p>
   </div>
   <div class='ocr_carea' id='block_1_3' title="bbox 3611 347 3731 416">
    <p class='ocr_par' dir='ltr' id='par_1_3' title="bbox 3611 347 3731 416">
     <span class='ocr_line' id='line_1_3' title="bbox 3611 347 3731 416; baseline 0.025 -3"><span class='ocrx_word' id='word_1_5' title='bbox 3611 347 3731 416; x_wconf 84' lang='lat'><strong>578</strong></span> 
     </span>
    </p>
   </div>
   <div class='ocr_carea' id='block_1_4' title="bbox 334 480 3723 577">
    <p class='ocr_par' dir='ltr' id='par_1_4' title="bbox 334 480 3723 577">
     <span class='ocr_line' id='line_1_4' title="bbox 334 480 3723 577; baseline -0.004 -19"><span class='ocrx_word' id='word_1_6' title='bbox 334 494 697 577; x_wconf 69' lang='lat' dir='ltr'><strong>Judzeorum,</strong></span> <span class='ocrx_word' id='word_1_7' title='bbox 729 493 899 558; x_wconf 70' lang='lat' dir='ltr'><strong>Judaa</strong></span> <span class='ocrx_word' id='word_1_8' title='bbox 941 494 1162 572; x_wconf 83' lang='lat' dir='ltr'><strong>aemuli,</strong></span> <span class='ocrx_word' id='word_1_9' title='bbox 1198 502 1257 555; x_wconf 59' lang='lat' dir='ltr'><strong>et</strong></span> <span class='ocrx_word' id='word_1_10' title='bbox 1287 496 1421 576; x_wconf 85' lang='lat' dir='ltr'><strong>ejus</strong></span> <span class='ocrx_word' id='word_1_11' title='bbox 1455 493 1647 577; x_wconf 88' lang='lat' dir='ltr'><strong>laquei</strong></span> <span class='ocrx_word' id='word_1_12' title='bbox 1677 494 1973 557; x_wconf 64' lang='lat' dir='ltr'><strong>haeredes.</strong></span> <span class='ocrx_word' id='word_1_13' title='bbox 1999 502 2042 549; x_wconf 81' lang='grc' dir='ltr'><strong>Α</strong></span> <span class='ocrx_word' id='word_1_14' title='bbox 2066 485 2224 577; x_wconf 85' lang='lat' dir='ltr'><strong>neris</strong></span> <span class='ocrx_word' id='word_1_15' title='bbox 2250 483 2566 577; x_wconf 79' lang='lat' dir='ltr'><strong>habentem</strong></span> <span class='ocrx_word' id='word_1_16' title='bbox 2600 501 2772 546; x_wconf 84' lang='lat' dir='ltr'><strong>aures</strong></span> <span class='ocrx_word' id='word_1_17' title='bbox 2794 480 3096 560; x_wconf 83' lang='lat' dir='ltr'><strong>audiendi,</strong></span> <span class='ocrx_word' id='word_1_18' title='bbox 3119 481 3723 565; x_wconf 86' lang='lat' dir='ltr'><strong>etobtemperantem</strong></span> 
     </span>
    </p>
   </div>
   <div class='ocr_carea' id='block_1_5' title="bbox 338 584 1979 666">
    <p class='ocr_par' dir='ltr' id='par_1_5' title="bbox 338 584 1979 666">
     <span class='ocr_line' id='line_1_5' title="bbox 338 584 1979 666; baseline -0.002 -20"><span class='ocrx_word' id='word_1_19' title='bbox 338 584 439 646; x_wconf 88' lang='lat' dir='ltr'><strong>His</strong></span> <span class='ocrx_word' id='word_1_20' title='bbox 468 585 518 647; x_wconf 90' lang='lat' dir='ltr'><strong>si</strong></span> <span class='ocrx_word' id='word_1_21' title='bbox 551 603 812 665; x_wconf 64' lang='lat' dir='ltr'><strong>praeesse</strong></span> <span class='ocrx_word' id='word_1_22' title='bbox 844 584 1083 666; x_wconf 72' lang='lat' dir='ltr'><strong>quaeris,</strong></span> <span class='ocrx_word' id='word_1_23' title='bbox 1145 584 1461 647; x_wconf 90' lang='lat' dir='ltr'><strong>considera</strong></span> <span class='ocrx_word' id='word_1_24' title='bbox 1513 603 1631 664; x_wconf 88' lang='lat' dir='ltr'><strong>quo</strong></span> <span class='ocrx_word' id='word_1_25' title='bbox 1661 585 1940 647; x_wconf 83' lang='lat' dir='ltr'><strong>devenias</strong></span> <span class='ocrx_word' id='word_1_26' title='bbox 1967 606 1979 643; x_wconf 69' lang='grc' dir='ltr'>ι</span> 
     </span>
    </p>
   </div>
   <div class='ocr_carea' id='block_1_6' title="bbox 339 672 1988 755">
    <p class='ocr_par' dir='ltr' id='par_1_6' title="bbox 339 672 1988 755">
     <span class='ocr_line' id='line_1_6' title="bbox 339 672 1988 755; baseline -0.002 -19"><span class='ocrx_word' id='word_1_27' title='bbox 339 693 455 736; x_wconf 89' lang='lat' dir='ltr'><strong>non</strong></span> <span class='ocrx_word' id='word_1_28' title='bbox 486 674 649 737; x_wconf 91' lang='lat' dir='ltr'><strong>enim</strong></span> <span class='ocrx_word' id='word_1_29' title='bbox 682 695 752 736; x_wconf 80' lang='lat' dir='ltr'><strong>eo</strong></span> <span class='ocrx_word' id='word_1_30' title='bbox 781 692 843 735; x_wconf 92' lang='lat' dir='ltr'><strong>se</strong></span> <span class='ocrx_word' id='word_1_31' title='bbox 876 682 1226 735; x_wconf 88' lang='lat' dir='ltr'><strong>convertent</strong></span> <span class='ocrx_word' id='word_1_32' title='bbox 1270 694 1387 755; x_wconf 92' lang='lat' dir='ltr'><strong>quo</strong></span> <span class='ocrx_word' id='word_1_33' title='bbox 1447 683 1507 735; x_wconf 92' lang='lat' dir='ltr'><strong>tu</strong></span> <span class='ocrx_word' id='word_1_34' title='bbox 1567 673 1851 746; x_wconf 87' lang='lat' dir='ltr'><strong>volueris,</strong></span> <span class='ocrx_word' id='word_1_35' title='bbox 1884 672 1988 734; x_wconf 90' lang='lat' dir='ltr'><strong>sed</strong></span> 
     </span>
    </p>
   </div>
   <div class='ocr_carea' id='block_1_7' title="bbox 340 763 1988 846">
    <p class='ocr_par' dir='ltr' id='par_1_7' title="bbox 340 763 1988 846">
     <span class='ocr_line' id='line_1_7' title="bbox 340 763 1988 846; baseline -0.001 -22"><span class='ocrx_word' id='word_1_36' title='bbox 340 772 396 826; x_wconf 90' lang='lat' dir='ltr'><strong>te</strong></span> <span class='ocrx_word' id='word_1_37' title='bbox 416 763 690 826; x_wconf 87' lang='lat' dir='ltr'><strong>eamdem</strong></span> <span class='ocrx_word' id='word_1_38' title='bbox 713 764 863 825; x_wconf 76' lang='lat' dir='ltr'><strong>viam</strong></span> <span class='ocrx_word' id='word_1_39' title='bbox 887 763 1195 825; x_wconf 87' lang='lat' dir='ltr'><strong>ambulare</strong></span> <span class='ocrx_word' id='word_1_40' title='bbox 1217 763 1598 846; x_wconf 89' lang='lat' dir='ltr'><strong>compellent,</strong></span> <span class='ocrx_word' id='word_1_41' title='bbox 1627 772 1685 824; x_wconf 89' lang='lat' dir='ltr'><strong>et</strong></span> <span class='ocrx_word' id='word_1_42' title='bbox 1709 763 1988 844; x_wconf 89' lang='lat' dir='ltr'><strong>primum,</strong></span> 
     </span>
    </p>
   </div>
   <div class='ocr_carea' id='block_1_8' title="bbox 338 851 1995 934">
    <p class='ocr_par' dir='ltr' id='par_1_8' title="bbox 338 851 1995 934">
     <span class='ocr_line' id='line_1_8' title="bbox 338 851 1995 934; baseline -0.002 -20"><span class='ocrx_word' id='word_1_43' title='bbox 338 861 472 916; x_wconf 88' lang='lat' dir='ltr'><strong>ante</strong></span> <span class='ocrx_word' id='word_1_44' title='bbox 502 852 639 915; x_wconf 92' lang='lat' dir='ltr'><strong>illos</strong></span> <span class='ocrx_word' id='word_1_45' title='bbox 668 854 728 914; x_wconf 90' lang='lat' dir='ltr'><strong>in</strong></span> <span class='ocrx_word' id='word_1_46' title='bbox 754 860 1005 934; x_wconf 81' lang='lat' dir='ltr'><strong>pestem,</strong></span> <span class='ocrx_word' id='word_1_47' title='bbox 1040 860 1097 915; x_wconf 93' lang='lat' dir='ltr'><strong>ct</strong></span> <span class='ocrx_word' id='word_1_48' title='bbox 1130 852 1372 914; x_wconf 78' lang='lat' dir='ltr'><strong>exitium</strong></span> <span class='ocrx_word' id='word_1_49' title='bbox 1423 853 1718 932; x_wconf 87' lang='lat' dir='ltr'><strong>incidere,</strong></span> <span class='ocrx_word' id='word_1_50' title='bbox 1752 861 1810 914; x_wconf 75' lang='lat' dir='ltr'><strong>rt</strong></span> <span class='ocrx_word' id='word_1_51' title='bbox 1838 851 1995 912; x_wconf 82' lang='lat' dir='ltr'><strong>infra</strong></span> 
     </span>
    </p>
   </div>
   <div class='ocr_carea' id='block_1_9' title="bbox 340 941 1994 1023">
    <p class='ocr_par' dir='ltr' id='par_1_9' title="bbox 340 941 1994 1023">
     <span class='ocr_line' id='line_1_9' title="bbox 340 941 1994 1023; baseline -0.002 -20"><span class='ocrx_word' id='word_1_52' title='bbox 340 944 495 1021; x_wconf 91' lang='lat' dir='ltr'><strong>ipsos</strong></span> <span class='ocrx_word' id='word_1_53' title='bbox 524 941 585 1003; x_wconf 91' lang='lat' dir='ltr'><strong>in</strong></span> <span class='ocrx_word' id='word_1_54' title='bbox 620 942 845 1004; x_wconf 84' lang='lat' dir='ltr'><strong>foveam</strong></span> <span class='ocrx_word' id='word_1_55' title='bbox 877 942 1055 1002; x_wconf 88' lang='lat' dir='ltr'><strong>imam</strong></span> <span class='ocrx_word' id='word_1_56' title='bbox 1091 941 1482 1014; x_wconf 82' lang='lat' dir='ltr'><strong>descendere,</strong></span> <span class='ocrx_word' id='word_1_57' title='bbox 1528 952 1592 1002; x_wconf 91' lang='lat' dir='ltr'><strong>ut</strong></span> <span class='ocrx_word' id='word_1_58' title='bbox 1633 941 1855 1023; x_wconf 90' lang='lat' dir='ltr'><strong>quieos</strong></span> <span class='ocrx_word' id='word_1_59' title='bbox 1871 958 1994 1000; x_wconf 90' lang='lat' dir='ltr'><strong>om-</strong></span> 
     </span>
    </p>
   </div>
   <div class='ocr_carea' id='block_1_10' title="bbox 338 1028 1993 1110">
    <p class='ocr_par' dir='ltr' id='par_1_10' title="bbox 338 1028 1993 1110">
     <span class='ocr_line' id='line_1_10' title="bbox 338 1028 1993 1110; baseline -0.002 -19"><span class='ocrx_word' id='word_1_60' title='bbox 338 1033 478 1092; x_wconf 87' lang='lat' dir='ltr'><strong>nino</strong></span> <span class='ocrx_word' id='word_1_61' title='bbox 529 1031 780 1093; x_wconf 88' lang='lat' dir='ltr'><strong>comites</strong></span> <span class='ocrx_word' id='word_1_62' title='bbox 810 1050 845 1092; x_wconf 92' lang='lat' dir='ltr'><strong>a</strong></span> <span class='ocrx_word' id='word_1_63' title='bbox 875 1040 1038 1110; x_wconf 89' lang='lat' dir='ltr'><strong>tergo</strong></span> <span class='ocrx_word' id='word_1_64' title='bbox 1069 1030 1313 1094; x_wconf 83' lang='lat' dir='ltr'><strong>habeas.</strong></span> <span class='ocrx_word' id='word_1_65' title='bbox 1361 1030 1527 1104; x_wconf 89' lang='lat' dir='ltr'><strong>Quod</strong></span> <span class='ocrx_word' id='word_1_66' title='bbox 1560 1030 1611 1092; x_wconf 90' lang='lat' dir='ltr'><strong>si</strong></span> <span class='ocrx_word' id='word_1_67' title='bbox 1644 1029 1815 1110; x_wconf 87' lang='lat' dir='ltr'><strong>plane</strong></span> <span class='ocrx_word' id='word_1_68' title='bbox 1847 1028 1993 1109; x_wconf 88' lang='lat' dir='ltr'><strong>ipsis</strong></span> 
     </span>
    </p>
   </div>
   <div class='ocr_carea' id='block_1_11' title="bbox 334 1118 1994 1197">
    <p class='ocr_par' dir='ltr' id='par_1_11' title="bbox 334 1118 1994 1197">
     <span class='ocr_line' id='line_1_11' title="bbox 334 1118 1994 1197; baseline -0.002 -16"><span class='ocrx_word' id='word_1_69' title='bbox 334 1120 653 1181; x_wconf 89' lang='lat' dir='ltr'><strong>assimilari</strong></span> <span class='ocrx_word' id='word_1_70' title='bbox 677 1121 1067 1192; x_wconf 86' lang='lat' dir='ltr'><strong>recusaveris,</strong></span> <span class='ocrx_word' id='word_1_71' title='bbox 1099 1129 1159 1182; x_wconf 89' lang='lat' dir='ltr'><strong>et</strong></span> <span class='ocrx_word' id='word_1_72' title='bbox 1179 1139 1384 1181; x_wconf 91' lang='lat' dir='ltr'><strong>eorum</strong></span> <span class='ocrx_word' id='word_1_73' title='bbox 1414 1118 1994 1197; x_wconf 62' lang='lat' dir='ltr'><strong>consilis,cogitatio-</strong></span> 
     </span>
    </p>
   </div>
   <div class='ocr_carea' id='block_1_12' title="bbox 338 1207 1992 1290">
    <p class='ocr_par' dir='ltr' id='par_1_12' title="bbox 338 1207 1992 1290">
     <span class='ocr_line' id='line_1_12' title="bbox 338 1207 1992 1290; baseline 0 -22"><span class='ocrx_word' id='word_1_74' title='bbox 338 1207 632 1290; x_wconf 90' lang='lat' dir='ltr'><strong>nibusque</strong></span> <span class='ocrx_word' id='word_1_75' title='bbox 668 1227 786 1271; x_wconf 90' lang='lat' dir='ltr'><strong>una</strong></span> <span class='ocrx_word' id='word_1_76' title='bbox 841 1208 1083 1285; x_wconf 79' lang='lat' dir='ltr'><strong>auferri,</strong></span> <span class='ocrx_word' id='word_1_77' title='bbox 1145 1208 1483 1290; x_wconf 88' lang='lat' dir='ltr'><strong>abducique</strong></span> <span class='ocrx_word' id='word_1_78' title='bbox 1539 1209 1826 1283; x_wconf 86' lang='lat' dir='ltr'><strong>nolueris,</strong></span> <span class='ocrx_word' id='word_1_79' title='bbox 1879 1226 1992 1269; x_wconf 90' lang='lat' dir='ltr'><strong>nec</strong></span> 
     </span>
    </p>
   </div>
   <div class='ocr_carea' id='block_1_13' title="bbox 334 1297 1988 1379">
    <p class='ocr_par' dir='ltr' id='par_1_13' title="bbox 334 1297 1988 1379">
     <span class='ocr_line' id='line_1_13' title="bbox 334 1297 1988 1379; baseline -0.001 -22"><span class='ocrx_word' id='word_1_80' title='bbox 334 1298 779 1359; x_wconf 53' lang='lat' dir='ltr'><strong>communicare</strong></span> <span class='ocrx_word' id='word_1_81' title='bbox 811 1316 1014 1359; x_wconf 92' lang='lat' dir='ltr'><strong>eorum</strong></span> <span class='ocrx_word' id='word_1_82' title='bbox 1047 1298 1223 1359; x_wconf 88' lang='lat' dir='ltr'><strong>malis</strong></span> <span class='ocrx_word' id='word_1_83' title='bbox 1261 1299 1571 1379; x_wconf 71' lang='lat' dir='ltr'><strong>operibus,</strong></span> <span class='ocrx_word' id='word_1_84' title='bbox 1606 1297 1988 1369; x_wconf 74' lang='lat' dir='ltr'><strong>seditionem,</strong></span> 
     </span>
    </p>
   </div>
   <div class='ocr_carea' id='block_1_14' title="bbox 338 1385 1989 1467">
    <p class='ocr_par' dir='ltr' id='par_1_14' title="bbox 338 1385 1989 1467">
     <span class='ocr_line' id='line_1_14' title="bbox 338 1385 1989 1467; baseline -0.001 -21"><span class='ocrx_word' id='word_1_85' title='bbox 338 1405 617 1466; x_wconf 78' lang='lat' dir='ltr'><strong>pugnam,</strong></span> <span class='ocrx_word' id='word_1_86' title='bbox 646 1387 867 1449; x_wconf 92' lang='lat' dir='ltr'><strong>bellum</strong></span> <span class='ocrx_word' id='word_1_87' title='bbox 894 1387 1276 1467; x_wconf 84' lang='lat' dir='ltr'><strong>implacabile</strong></span> <span class='ocrx_word' id='word_1_88' title='bbox 1292 1386 1872 1467; x_wconf 75' lang='lat' dir='ltr'><strong>habebislndequid</strong></span> <span class='ocrx_word' id='word_1_89' title='bbox 1887 1385 1989 1447; x_wconf 92' lang='lat' dir='ltr'><strong>tibi</strong></span> 
     </span>
    </p>
   </div>
   <div class='ocr_carea' id='block_1_15' title="bbox 336 1473 1994 1557">
    <p class='ocr_par' dir='ltr' id='par_1_15' title="bbox 336 1473 1994 1557">
     <span class='ocr_line' id='line_1_15' title="bbox 336 1473 1994 1557; baseline -0.001 -20"><span class='ocrx_word' id='word_1_90' title='bbox 336 1476 437 1537; x_wconf 83' lang='lat' dir='ltr'><strong>ﬁet</strong></span> <span class='ocrx_word' id='word_1_91' title='bbox 456 1475 490 1537; x_wconf 84' lang='lat'><strong>?</strong></span> <span class='ocrx_word' id='word_1_92' title='bbox 509 1475 648 1557; x_wconf 89' lang='lat' dir='ltr'><strong>quid</strong></span> <span class='ocrx_word' id='word_1_93' title='bbox 676 1476 1018 1556; x_wconf 80' lang='lat' dir='ltr'><strong>continget?</strong></span> <span class='ocrx_word' id='word_1_94' title='bbox 1043 1477 1259 1550; x_wconf 88' lang='lat' dir='ltr'><strong>dicam,</strong></span> <span class='ocrx_word' id='word_1_95' title='bbox 1284 1478 1331 1538; x_wconf 89' lang='lat' dir='ltr'><strong>si</strong></span> <span class='ocrx_word' id='word_1_96' title='bbox 1359 1477 1552 1552; x_wconf 89' lang='lat' dir='ltr'><strong>audis,</strong></span> <span class='ocrx_word' id='word_1_97' title='bbox 1578 1476 1719 1557; x_wconf 88' lang='lat' dir='ltr'><strong>quid</strong></span> <span class='ocrx_word' id='word_1_98' title='bbox 1744 1473 1994 1537; x_wconf 86' lang='lat' dir='ltr'><strong>lucrisis</strong></span> 
     </span>
    </p>
   </div>
   <div class='ocr_carea' id='block_1_16' title="bbox 332 1562 1993 1643">
    <p class='ocr_par' dir='ltr' id='par_1_16' title="bbox 332 1562 1993 1643">
     <span class='ocr_line' id='line_1_16' title="bbox 332 1562 1993 1643; baseline 0.001 -20"><span class='ocrx_word' id='word_1_99' title='bbox 332 1562 618 1638; x_wconf 75' lang='lat' dir='ltr'><strong>facturus,</strong></span> <span class='ocrx_word' id='word_1_100' title='bbox 642 1574 701 1627; x_wconf 91' lang='lat' dir='ltr'><strong>et</strong></span> <span class='ocrx_word' id='word_1_101' title='bbox 720 1566 910 1627; x_wconf 88' lang='lat' dir='ltr'><strong>dicam</strong></span> <span class='ocrx_word' id='word_1_102' title='bbox 942 1565 1169 1643; x_wconf 87' lang='lat' dir='ltr'><strong>paucis.</strong></span> <span class='ocrx_word' id='word_1_103' title='bbox 1186 1567 1339 1627; x_wconf 79' lang='lat' dir='ltr'><strong>Ante</strong></span> <span class='ocrx_word' id='word_1_104' title='bbox 1355 1566 1578 1643; x_wconf 91' lang='lat' dir='ltr'><strong>omnia,</strong></span> <span class='ocrx_word' id='word_1_105' title='bbox 1598 1585 1803 1629; x_wconf 92' lang='lat' dir='ltr'><strong>servus</strong></span> <span class='ocrx_word' id='word_1_106' title='bbox 1827 1582 1993 1626; x_wconf 91' lang='lat' dir='ltr'><strong>meus</strong></span> 
     </span>
    </p>
   </div>
   <div class='ocr_carea' id='block_1_17' title="bbox 332 1653 1988 1735">
    <p class='ocr_par' dir='ltr' id='par_1_17' title="bbox 332 1653 1988 1735">
     <span class='ocr_line' id='line_1_17' title="bbox 332 1653 1988 1735; baseline 0.001 -22"><span class='ocrx_word' id='word_1_107' title='bbox 332 1671 468 1714; x_wconf 90' lang='lat' dir='ltr'><strong>esse</strong></span> <span class='ocrx_word' id='word_1_108' title='bbox 498 1654 843 1734; x_wconf 92' lang='lat' dir='ltr'><strong>neutiquam</strong></span> <span class='ocrx_word' id='word_1_109' title='bbox 876 1653 1123 1734; x_wconf 89' lang='lat' dir='ltr'><strong>poteris.</strong></span> <span class='ocrx_word' id='word_1_110' title='bbox 1164 1654 1409 1716; x_wconf 90' lang='lat' dir='ltr'><strong>Servum</strong></span> <span class='ocrx_word' id='word_1_111' title='bbox 1444 1655 1603 1717; x_wconf 90' lang='lat' dir='ltr'><strong>enim</strong></span> <span class='ocrx_word' id='word_1_112' title='bbox 1640 1674 1838 1716; x_wconf 86' lang='lat' dir='ltr'><strong>meum</strong></span> <span class='ocrx_word' id='word_1_113' title='bbox 1876 1674 1988 1735; x_wconf 94' lang='lat' dir='ltr'><strong>pu-</strong></span> 
     </span>
    </p>
   </div>
   <div class='ocr_carea' id='block_1_18' title="bbox 326 1741 1986 1826">
    <p class='ocr_par' dir='ltr' id='par_1_18' title="bbox 326 1741 1986 1826">
     <span class='ocr_line' id='line_1_18' title="bbox 326 1741 1986 1826; baseline 0.002 -23"><span class='ocrx_word' id='word_1_114' title='bbox 326 1761 511 1820; x_wconf 86' lang='lat' dir='ltr'><strong>gnare</strong></span> <span class='ocrx_word' id='word_1_115' title='bbox 542 1744 886 1824; x_wconf 86' lang='lat' dir='ltr'><strong>neutiquam</strong></span> <span class='ocrx_word' id='word_1_116' title='bbox 916 1744 1068 1805; x_wconf 92' lang='lat' dir='ltr'><strong>volo.</strong></span> <span class='ocrx_word' id='word_1_117' title='bbox 1110 1741 1326 1808; x_wconf 84' lang='lat' dir='ltr'><strong>Odium</strong></span> <span class='ocrx_word' id='word_1_118' title='bbox 1359 1745 1418 1806; x_wconf 92' lang='lat' dir='ltr'><strong>in</strong></span> <span class='ocrx_word' id='word_1_119' title='bbox 1450 1745 1792 1826; x_wconf 72' lang='lat' dir='ltr'><strong>praecordiis</strong></span> <span class='ocrx_word' id='word_1_120' title='bbox 1821 1744 1986 1806; x_wconf 89' lang='lat' dir='ltr'><strong>fove-</strong></span> 
     </span>
    </p>
   </div>
   <div class='ocr_carea' id='block_1_19' title="bbox 332 1831 1988 1908">
    <p class='ocr_par' dir='ltr' id='par_1_19' title="bbox 332 1831 1988 1908">
     <span class='ocr_line' id='line_1_19' title="bbox 332 1831 1988 1908; baseline 0.002 -17"><span class='ocrx_word' id='word_1_121' title='bbox 332 1831 480 1895; x_wconf 90' lang='lat' dir='ltr'><strong>bunt</strong></span> <span class='ocrx_word' id='word_1_122' title='bbox 529 1841 741 1894; x_wconf 90' lang='lat' dir='ltr'><strong>contra</strong></span> <span class='ocrx_word' id='word_1_123' title='bbox 785 1842 841 1895; x_wconf 93' lang='lat' dir='ltr'><strong>te</strong></span> <span class='ocrx_word' id='word_1_124' title='bbox 894 1833 1426 1908; x_wconf 76' lang='lat' dir='ltr'><strong>irreconciliabile,</strong></span> <span class='ocrx_word' id='word_1_125' title='bbox 1489 1843 1548 1895; x_wconf 90' lang='lat' dir='ltr'><strong>et</strong></span> <span class='ocrx_word' id='word_1_126' title='bbox 1604 1834 1829 1895; x_wconf 87' lang='lat' dir='ltr'><strong>caedem</strong></span> <span class='ocrx_word' id='word_1_127' title='bbox 1883 1833 1988 1895; x_wconf 89' lang='lat' dir='ltr'><strong>tibi</strong></span> 
     </span>
    </p>
   </div>
   <div class='ocr_carea' id='block_1_20' title="bbox 326 1921 1991 2003">
    <p class='ocr_par' dir='ltr' id='par_1_20' title="bbox 326 1921 1991 2003">
     <span class='ocr_line' id='line_1_20' title="bbox 326 1921 1991 2003; baseline 0.001 -21"><span class='ocrx_word' id='word_1_128' title='bbox 326 1929 538 1998; x_wconf 85' lang='lat' dir='ltr'><strong>aperte</strong></span> <span class='ocrx_word' id='word_1_129' title='bbox 569 1922 917 2003; x_wconf 90' lang='lat' dir='ltr'><strong>occulteque</strong></span> <span class='ocrx_word' id='word_1_130' title='bbox 949 1921 1296 2003; x_wconf 79' lang='lat' dir='ltr'><strong>molientur,</strong></span> <span class='ocrx_word' id='word_1_131' title='bbox 1320 1932 1500 2003; x_wconf 90' lang='lat' dir='ltr'><strong>tuque</strong></span> <span class='ocrx_word' id='word_1_132' title='bbox 1526 1941 1629 2002; x_wconf 90' lang='lat' dir='ltr'><strong>pro</strong></span> <span class='ocrx_word' id='word_1_133' title='bbox 1652 1921 1797 2002; x_wconf 90' lang='lat' dir='ltr'><strong>ipsis</strong></span> <span class='ocrx_word' id='word_1_134' title='bbox 1818 1922 1991 2002; x_wconf 49' lang='lat' dir='ltr'><strong>inju.</strong></span> 
     </span>
    </p>
   </div>
   <div class='ocr_carea' id='block_1_21' title="bbox 328 2008 1993 2093">
    <p class='ocr_par' dir='ltr' id='par_1_21' title="bbox 328 2008 1993 2093">
     <span class='ocr_line' id='line_1_21' title="bbox 328 2008 1993 2093; baseline 0.001 -23"><span class='ocrx_word' id='word_1_135' title='bbox 328 2008 557 2071; x_wconf 92' lang='lat' dir='ltr'><strong>dicium</strong></span> <span class='ocrx_word' id='word_1_136' title='bbox 586 2011 808 2072; x_wconf 77' lang='lat' dir='ltr'><strong>voratis</strong></span> <span class='ocrx_word' id='word_1_137' title='bbox 838 2011 1229 2093; x_wconf 89' lang='lat' dir='ltr'><strong>respondebis</strong></span> <span class='ocrx_word' id='word_1_138' title='bbox 1287 2010 1446 2073; x_wconf 90' lang='lat' dir='ltr'><strong>Nihil</strong></span> <span class='ocrx_word' id='word_1_139' title='bbox 1479 2012 1699 2093; x_wconf 92' lang='lat' dir='ltr'><strong>quippe</strong></span> <span class='ocrx_word' id='word_1_140' title='bbox 1721 2030 1880 2073; x_wconf 91' lang='lat' dir='ltr'><strong>mors</strong></span> <span class='ocrx_word' id='word_1_141' title='bbox 1895 2018 1993 2072; x_wconf 89' lang='lat' dir='ltr'><strong>tua</strong></span> 
     </span>
    </p>
   </div>
   <div class='ocr_carea' id='block_1_22' title="bbox 329 2098 1988 2181">
    <p class='ocr_par' dir='ltr' id='par_1_22' title="bbox 329 2098 1988 2181">
     <span class='ocr_line' id='line_1_22' title="bbox 329 2098 1988 2181; baseline 0.001 -22"><span class='ocrx_word' id='word_1_142' title='bbox 329 2098 467 2160; x_wconf 86' lang='lat' dir='ltr'><strong>aliis</strong></span> <span class='ocrx_word' id='word_1_143' title='bbox 497 2100 921 2176; x_wconf 85' lang='lat' dir='ltr'><strong>commodabit,</strong></span> <span class='ocrx_word' id='word_1_144' title='bbox 947 2101 1449 2181; x_wconf 88' lang='lat' dir='ltr'><strong>quemadmodum</strong></span> <span class='ocrx_word' id='word_1_145' title='bbox 1476 2120 1607 2163; x_wconf 92' lang='lat' dir='ltr'><strong>mea</strong></span> <span class='ocrx_word' id='word_1_146' title='bbox 1636 2119 1793 2162; x_wconf 90' lang='lat' dir='ltr'><strong>mors</strong></span> <span class='ocrx_word' id='word_1_147' title='bbox 1813 2101 1988 2161; x_wconf 91' lang='lat' dir='ltr'><strong>vitam</strong></span> 
     </span>
    </p>
   </div>
   <div class='ocr_carea' id='block_1_23' title="bbox 330 2188 1994 2270">
    <p class='ocr_par' dir='ltr' id='par_1_23' title="bbox 330 2188 1994 2270">
     <span class='ocr_line' id='line_1_23' title="bbox 330 2188 1994 2270; baseline 0 -21"><span class='ocrx_word' id='word_1_148' title='bbox 330 2189 560 2250; x_wconf 92' lang='lat' dir='ltr'><strong>mundo</strong></span> <span class='ocrx_word' id='word_1_149' title='bbox 592 2194 849 2270; x_wconf 90' lang='lat' dir='ltr'><strong>peperit.</strong></span> <span class='ocrx_word' id='word_1_150' title='bbox 900 2188 1056 2261; x_wconf 87' lang='lat' dir='ltr'><strong>Quin</strong></span> <span class='ocrx_word' id='word_1_151' title='bbox 1113 2197 1173 2251; x_wconf 86' lang='lat' dir='ltr'><strong>et</strong></span> <span class='ocrx_word' id='word_1_152' title='bbox 1220 2190 1618 2252; x_wconf 87' lang='lat' dir='ltr'><strong>damnationis</strong></span> <span class='ocrx_word' id='word_1_153' title='bbox 1669 2209 1846 2251; x_wconf 90' lang='lat' dir='ltr'><strong>causa</strong></span> <span class='ocrx_word' id='word_1_154' title='bbox 1874 2188 1994 2250; x_wconf 93' lang='lat' dir='ltr'><strong>illis</strong></span> 
     </span>
    </p>
   </div>
   <div class='ocr_carea' id='block_1_24' title="bbox 327 2277 1994 2353">
    <p class='ocr_par' dir='ltr' id='par_1_24' title="bbox 327 2277 1994 2353">
     <span class='ocr_line' id='line_1_24' title="bbox 327 2277 1994 2353; baseline -0.001 -13"><span class='ocrx_word' id='word_1_155' title='bbox 327 2278 478 2353; x_wconf 89' lang='lat' dir='ltr'><strong>eris,</strong></span> <span class='ocrx_word' id='word_1_156' title='bbox 510 2285 569 2339; x_wconf 90' lang='lat' dir='ltr'><strong>et</strong></span> <span class='ocrx_word' id='word_1_157' title='bbox 598 2287 659 2339; x_wconf 91' lang='lat' dir='ltr'><strong>tu</strong></span> <span class='ocrx_word' id='word_1_158' title='bbox 690 2279 771 2340; x_wconf 90' lang='lat' dir='ltr'><strong>ita</strong></span> <span class='ocrx_word' id='word_1_159' title='bbox 820 2279 960 2340; x_wconf 91' lang='lat' dir='ltr'><strong>hinc</strong></span> <span class='ocrx_word' id='word_1_160' title='bbox 1016 2277 1230 2341; x_wconf 91' lang='lat' dir='ltr'><strong>abibis.</strong></span> <span class='ocrx_word' id='word_1_161' title='bbox 1269 2287 1331 2340; x_wconf 91' lang='lat' dir='ltr'><strong>ut</strong></span> <span class='ocrx_word' id='word_1_162' title='bbox 1365 2280 1551 2340; x_wconf 83' lang='lat' dir='ltr'><strong>libere</strong></span> <span class='ocrx_word' id='word_1_163' title='bbox 1583 2288 1638 2339; x_wconf 90' lang='lat' dir='ltr'><strong>te</strong></span> <span class='ocrx_word' id='word_1_164' title='bbox 1671 2278 1994 2340; x_wconf 88' lang='lat' dir='ltr'><strong>defendere</strong></span> 
     </span>
    </p>
   </div>
   <div class='ocr_carea' id='block_1_25' title="bbox 324 2367 1994 2449">
    <p class='ocr_par' dir='ltr' id='par_1_25' title="bbox 324 2367 1994 2449">
     <span class='ocr_line' id='line_1_25' title="bbox 324 2367 1994 2449; baseline -0.001 -21"><span class='ocrx_word' id='word_1_165' title='bbox 324 2386 619 2448; x_wconf 88' lang='lat' dir='ltr'><strong>nequeas.</strong></span> <span class='ocrx_word' id='word_1_166' title='bbox 658 2371 899 2431; x_wconf 86' lang='lat' dir='ltr'><strong>Praestat</strong></span> <span class='ocrx_word' id='word_1_167' title='bbox 927 2367 1129 2449; x_wconf 87' lang='lat' dir='ltr'><strong>itaque</strong></span> <span class='ocrx_word' id='word_1_168' title='bbox 1174 2368 1418 2429; x_wconf 90' lang='lat' dir='ltr'><strong>omnino</strong></span> <span class='ocrx_word' id='word_1_169' title='bbox 1452 2369 1599 2448; x_wconf 88' lang='lat' dir='ltr'><strong>regi,</strong></span> <span class='ocrx_word' id='word_1_170' title='bbox 1636 2388 1753 2429; x_wconf 91' lang='lat' dir='ltr'><strong>non</strong></span> <span class='ocrx_word' id='word_1_171' title='bbox 1785 2386 1994 2447; x_wconf 87' lang='lat' dir='ltr'><strong>regere</strong></span> 
     </span>
    </p>
   </div>
   <div class='ocr_carea' id='block_1_26' title="bbox 327 2456 1990 2539">
    <p class='ocr_par' dir='ltr' id='par_1_26' title="bbox 327 2456 1990 2539">
     <span class='ocr_line' id='line_1_26' title="bbox 327 2456 1990 2539; baseline -0.002 -20"><span class='ocrx_word' id='word_1_172' title='bbox 327 2456 506 2533; x_wconf 87' lang='lat' dir='ltr'><strong>tales,</strong></span> <span class='ocrx_word' id='word_1_173' title='bbox 542 2475 766 2538; x_wconf 90' lang='lat' dir='ltr'><strong>resque</strong></span> <span class='ocrx_word' id='word_1_174' title='bbox 796 2476 933 2520; x_wconf 89' lang='lat' dir='ltr'><strong>suas</strong></span> <span class='ocrx_word' id='word_1_175' title='bbox 964 2476 1175 2519; x_wconf 87' lang='lat' dir='ltr'><strong>curare</strong></span> <span class='ocrx_word' id='word_1_176' title='bbox 1210 2458 1607 2539; x_wconf 84' lang='lat' dir='ltr'><strong>potissimum,</strong></span> <span class='ocrx_word' id='word_1_177' title='bbox 1638 2466 1695 2519; x_wconf 92' lang='lat' dir='ltr'><strong>et</strong></span> <span class='ocrx_word' id='word_1_178' title='bbox 1722 2476 1826 2537; x_wconf 91' lang='lat' dir='ltr'><strong>pro</strong></span> <span class='ocrx_word' id='word_1_179' title='bbox 1848 2457 1990 2534; x_wconf 92' lang='lat' dir='ltr'><strong>illis,</strong></span> 
     </span>
    </p>
   </div>
   <div class='ocr_carea' id='block_1_27' title="bbox 324 2546 1992 2627">
    <p class='ocr_par' dir='ltr' id='par_1_27' title="bbox 324 2546 1992 2627">
     <span class='ocr_line' id='line_1_27' title="bbox 324 2546 1992 2627; baseline -0.001 -19"><span class='ocrx_word' id='word_1_180' title='bbox 324 2564 559 2627; x_wconf 88' lang='lat' dir='ltr'><strong>proque</strong></span> <span class='ocrx_word' id='word_1_181' title='bbox 591 2547 867 2608; x_wconf 90' lang='lat' dir='ltr'><strong>omnibus</strong></span> <span class='ocrx_word' id='word_1_182' title='bbox 898 2546 1244 2609; x_wconf 90' lang='lat' dir='ltr'><strong>hominibus</strong></span> <span class='ocrx_word' id='word_1_183' title='bbox 1276 2565 1472 2622; x_wconf 87' lang='lat' dir='ltr'><strong>orare,</strong></span> <span class='ocrx_word' id='word_1_184' title='bbox 1509 2555 1570 2608; x_wconf 91' lang='lat' dir='ltr'><strong>ut</strong></span> <span class='ocrx_word' id='word_1_185' title='bbox 1602 2566 1811 2609; x_wconf 81' lang='lat' dir='ltr'><strong>omnes</strong></span> <span class='ocrx_word' id='word_1_186' title='bbox 1842 2563 1992 2609; x_wconf 90' lang='lat' dir='ltr'><strong>con-</strong></span> 
     </span>
    </p>
   </div>
   <div class='ocr_carea' id='block_1_28' title="bbox 332 2636 1995 2717">
    <p class='ocr_par' dir='ltr' id='par_1_28' title="bbox 332 2636 1995 2717">
     <span class='ocr_line' id='line_1_28' title="bbox 332 2636 1995 2717; baseline 0.002 -22"><span class='ocrx_word' id='word_1_187' title='bbox 332 2645 673 2711; x_wconf 82' lang='lat' dir='ltr'><strong>vertantur,</strong></span> <span class='ocrx_word' id='word_1_188' title='bbox 730 2644 791 2697; x_wconf 87' lang='lat' dir='ltr'><strong>et</strong></span> <span class='ocrx_word' id='word_1_189' title='bbox 818 2636 892 2697; x_wconf 91' lang='lat' dir='ltr'><strong>ad</strong></span> <span class='ocrx_word' id='word_1_190' title='bbox 924 2636 1286 2715; x_wconf 85' lang='lat' dir='ltr'><strong>agnitionem</strong></span> <span class='ocrx_word' id='word_1_191' title='bbox 1323 2637 1411 2698; x_wconf 91' lang='lat' dir='ltr'><strong>sui</strong></span> <span class='ocrx_word' id='word_1_192' title='bbox 1445 2637 1753 2717; x_wconf 87' lang='lat' dir='ltr'><strong>perveniat</strong></span> <span class='ocrx_word' id='word_1_193' title='bbox 1789 2657 1804 2711; x_wconf 86' lang='lat'><strong>;</strong></span> <span class='ocrx_word' id='word_1_194' title='bbox 1838 2645 1896 2697; x_wconf 93' lang='lat' dir='ltr'><strong>et</strong></span> <span class='ocrx_word' id='word_1_195' title='bbox 1924 2655 1995 2698; x_wconf 90' lang='lat' dir='ltr'><strong>ex</strong></span> 
     </span>
    </p>
   </div>
   <div class='ocr_carea' id='block_1_29' title="bbox 331 2723 1990 2807">
    <p class='ocr_par' dir='ltr' id='par_1_29' title="bbox 331 2723 1990 2807">
     <span class='ocr_line' id='line_1_29' title="bbox 331 2723 1990 2807; baseline 0.002 -22"><span class='ocrx_word' id='word_1_196' title='bbox 331 2723 431 2785; x_wconf 88' lang='lat' dir='ltr'><strong>his</strong></span> <span class='ocrx_word' id='word_1_197' title='bbox 444 2724 964 2800; x_wconf 89' lang='lat' dir='ltr'><strong>volentesdocere,</strong></span> <span class='ocrx_word' id='word_1_198' title='bbox 982 2745 1050 2787; x_wconf 90' lang='lat' dir='ltr'><strong>ac</strong></span> <span class='ocrx_word' id='word_1_199' title='bbox 1064 2726 1297 2807; x_wconf 90' lang='lat' dir='ltr'><strong>pietatis</strong></span> <span class='ocrx_word' id='word_1_200' title='bbox 1313 2726 1670 2788; x_wconf 90' lang='lat' dir='ltr'><strong>rudimentis</strong></span> <span class='ocrx_word' id='word_1_201' title='bbox 1693 2724 1990 2788; x_wconf 89' lang='lat' dir='ltr'><strong>imbuere.</strong></span> 
     </span>
    </p>
   </div>
   <div class='ocr_carea' id='block_1_30' title="bbox 324 2811 1995 2895">
    <p class='ocr_par' dir='ltr' id='par_1_30' title="bbox 324 2811 1995 2895">
     <span class='ocr_line' id='line_1_30' title="bbox 324 2811 1995 2895; baseline -0.001 -20"><span class='ocrx_word' id='word_1_202' title='bbox 324 2811 421 2875; x_wconf 89' lang='lat' dir='ltr'><strong>Ne</strong></span> <span class='ocrx_word' id='word_1_203' title='bbox 447 2831 590 2875; x_wconf 80' lang='lat' dir='ltr'><strong>vero</strong></span> <span class='ocrx_word' id='word_1_204' title='bbox 623 2834 802 2894; x_wconf 89' lang='lat' dir='ltr'><strong>cogas</strong></span> <span class='ocrx_word' id='word_1_205' title='bbox 835 2833 937 2877; x_wconf 90' lang='lat' dir='ltr'><strong>eos</strong></span> <span class='ocrx_word' id='word_1_206' title='bbox 967 2815 1160 2877; x_wconf 86' lang='lat' dir='ltr'><strong>facere</strong></span> <span class='ocrx_word' id='word_1_207' title='bbox 1190 2833 1320 2895; x_wconf 66' lang='lat' dir='ltr'><strong>qua:</strong></span> <span class='ocrx_word' id='word_1_208' title='bbox 1360 2816 1540 2877; x_wconf 86' lang='lat' dir='ltr'><strong>doces</strong></span> <span class='ocrx_word' id='word_1_209' title='bbox 1579 2836 1595 2891; x_wconf 88' lang='lat'><strong>;</strong></span> <span class='ocrx_word' id='word_1_210' title='bbox 1628 2814 1732 2876; x_wconf 88' lang='lat' dir='ltr'><strong>sed</strong></span> <span class='ocrx_word' id='word_1_211' title='bbox 1765 2833 1995 2876; x_wconf 86' lang='lat' dir='ltr'><strong>sermo-</strong></span> 
     </span>
    </p>
   </div>
   <div class='ocr_carea' id='block_1_31' title="bbox 328 2903 1992 2985">
    <p class='ocr_par' dir='ltr' id='par_1_31' title="bbox 328 2903 1992 2985">
     <span class='ocr_line' id='line_1_31' title="bbox 328 2903 1992 2985; baseline 0.001 -21"><span class='ocrx_word' id='word_1_212' title='bbox 328 2920 447 2964; x_wconf 87' lang='lat' dir='ltr'><strong>nes</strong></span> <span class='ocrx_word' id='word_1_213' title='bbox 476 2921 643 2964; x_wconf 91' lang='lat' dir='ltr'><strong>meos</strong></span> <span class='ocrx_word' id='word_1_214' title='bbox 672 2903 786 2965; x_wconf 91' lang='lat' dir='ltr'><strong>illis</strong></span> <span class='ocrx_word' id='word_1_215' title='bbox 816 2904 1048 2985; x_wconf 90' lang='lat' dir='ltr'><strong>occine,</strong></span> <span class='ocrx_word' id='word_1_216' title='bbox 1104 2912 1162 2965; x_wconf 91' lang='lat' dir='ltr'><strong>et</strong></span> <span class='ocrx_word' id='word_1_217' title='bbox 1212 2904 1282 2967; x_wconf 90' lang='lat' dir='ltr'><strong>ad</strong></span> <span class='ocrx_word' id='word_1_218' title='bbox 1344 2923 1447 2966; x_wconf 89' lang='lat' dir='ltr'><strong>eos</strong></span> <span class='ocrx_word' id='word_1_219' title='bbox 1506 2912 1568 2965; x_wconf 91' lang='lat' dir='ltr'><strong>ut</strong></span> <span class='ocrx_word' id='word_1_220' title='bbox 1596 2904 1726 2965; x_wconf 65' lang='lat' dir='ltr'><strong>vitm</strong></span> <span class='ocrx_word' id='word_1_221' title='bbox 1756 2914 1992 2965; x_wconf 71' lang='lat' dir='ltr'><strong>mternae</strong></span> 
     </span>
    </p>
   </div>
   <div class='ocr_carea' id='block_1_32' title="bbox 326 2991 1993 3074">
    <p class='ocr_par' dir='ltr' id='par_1_32' title="bbox 326 2991 1993 3074">
     <span class='ocr_line' id='line_1_32' title="bbox 326 2991 1993 3074; baseline -0.001 -20"><span class='ocrx_word' id='word_1_222' title='bbox 326 2991 954 3074; x_wconf 90' lang='lat' dir='ltr'><strong>conciliatoresopere</strong></span> <span class='ocrx_word' id='word_1_223' title='bbox 989 2993 1401 3074; x_wconf 82' lang='lat' dir='ltr'><strong>exsequendos</strong></span> <span class='ocrx_word' id='word_1_224' title='bbox 1425 2994 1762 3056; x_wconf 82' lang='lat' dir='ltr'><strong>cohortare.</strong></span> <span class='ocrx_word' id='word_1_225' title='bbox 1786 2992 1904 3074; x_wconf 88' lang='lat' dir='ltr'><strong>Ipsi</strong></span> <span class='ocrx_word' id='word_1_226' title='bbox 1934 2993 1993 3054; x_wconf 89' lang='lat' dir='ltr'><strong>hi</strong></span> 
     </span>
    </p>
   </div>
   <div class='ocr_carea' id='block_1_33' title="bbox 2072 572 2542 655">
    <p class='ocr_par' dir='ltr' id='par_1_33' title="bbox 2072 572 2542 655">
     <span class='ocr_line' id='line_1_33' title="bbox 2072 572 2542 655; baseline -0.009 -18"><span class='ocrx_word' id='word_1_227' title='bbox 2072 576 2167 638; x_wconf 90' lang='lat' dir='ltr'><strong>his</strong></span> <span class='ocrx_word' id='word_1_228' title='bbox 2197 592 2328 655; x_wconf 87' lang='lat' dir='ltr'><strong>quae</strong></span> <span class='ocrx_word' id='word_1_229' title='bbox 2354 572 2542 636; x_wconf 84' lang='lat' dir='ltr'><strong>audit.</strong></span> 
     </span>
    </p>
   </div>
   <div class='ocr_carea' id='block_1_34' title="bbox 2150 660 3729 742">
    <p class='ocr_par' dir='ltr' id='par_1_34' title="bbox 2150 660 3729 742">
     <span class='ocr_line' id='line_1_34' title="bbox 2150 660 3729 742; baseline 0 -17"><span class='ocrx_word' id='word_1_230' title='bbox 2150 662 2388 725; x_wconf 88' lang='lat' dir='ltr'><strong>Faciam</strong></span> <span class='ocrx_word' id='word_1_231' title='bbox 2412 680 2519 741; x_wconf 82' lang='lat' dir='ltr'><strong>ego</strong></span> <span class='ocrx_word' id='word_1_232' title='bbox 2542 661 2726 736; x_wconf 90' lang='lat' dir='ltr'><strong>istud,</strong></span> <span class='ocrx_word' id='word_1_233' title='bbox 2743 660 3017 737; x_wconf 90' lang='lat' dir='ltr'><strong>Domine,</strong></span> <span class='ocrx_word' id='word_1_234' title='bbox 3036 660 3189 723; x_wconf 82' lang='lat' dir='ltr'><strong>sicut</strong></span> <span class='ocrx_word' id='word_1_235' title='bbox 3207 663 3539 742; x_wconf 66' lang='lat' dir='ltr'><strong>prmeepisti</strong></span> <span class='ocrx_word' id='word_1_236' title='bbox 3557 663 3729 735; x_wconf 86' lang='lat' dir='ltr'><strong>mihi,</strong></span> 
     </span>
    </p>
   </div>
   <div class='ocr_carea' id='block_1_35' title="bbox 2074 752 3731 831">
    <p class='ocr_par' dir='ltr' id='par_1_35' title="bbox 2074 752 3731 831">
     <span class='ocr_line' id='line_1_35' title="bbox 2074 752 3731 831; baseline 0.004 -22"><span class='ocrx_word' id='word_1_237' title='bbox 2074 755 2502 815; x_wconf 79' lang='lat' dir='ltr'><strong>Verumtamen</strong></span> <span class='ocrx_word' id='word_1_238' title='bbox 2535 759 2694 812; x_wconf 86' lang='lat' dir='ltr'><strong>tuam</strong></span> <span class='ocrx_word' id='word_1_239' title='bbox 2716 770 2914 831; x_wconf 85' lang='lat' dir='ltr'><strong>opem,</strong></span> <span class='ocrx_word' id='word_1_240' title='bbox 2942 760 3099 811; x_wconf 90' lang='lat' dir='ltr'><strong>tuam</strong></span> <span class='ocrx_word' id='word_1_241' title='bbox 3124 752 3373 830; x_wconf 83' lang='lat' dir='ltr'><strong>gratiam</strong></span> <span class='ocrx_word' id='word_1_242' title='bbox 3401 753 3557 815; x_wconf 88' lang='lat' dir='ltr'><strong>dona</strong></span> <span class='ocrx_word' id='word_1_243' title='bbox 3581 754 3731 815; x_wconf 89' lang='lat' dir='ltr'><strong>mihi</strong></span> 
     </span>
    </p>
   </div>
   <div class='ocr_carea' id='block_1_36' title="bbox 2073 839 3734 922">
    <p class='ocr_par' dir='ltr' id='par_1_36' title="bbox 2073 839 3734 922">
     <span class='ocr_line' id='line_1_36' title="bbox 2073 839 3734 922; baseline 0.001 -19"><span class='ocrx_word' id='word_1_244' title='bbox 2073 842 2318 920; x_wconf 88' lang='lat' dir='ltr'><strong>indigno</strong></span> <span class='ocrx_word' id='word_1_245' title='bbox 2352 859 2525 903; x_wconf 88' lang='lat' dir='ltr'><strong>servo</strong></span> <span class='ocrx_word' id='word_1_246' title='bbox 2562 851 2685 916; x_wconf 91' lang='lat' dir='ltr'><strong>tuo,</strong></span> <span class='ocrx_word' id='word_1_247' title='bbox 2727 839 2884 902; x_wconf 90' lang='lat' dir='ltr'><strong>Deus</strong></span> <span class='ocrx_word' id='word_1_248' title='bbox 2916 859 3109 916; x_wconf 90' lang='lat' dir='ltr'><strong>meus,</strong></span> <span class='ocrx_word' id='word_1_249' title='bbox 3140 848 3207 901; x_wconf 91' lang='lat' dir='ltr'><strong>ut</strong></span> <span class='ocrx_word' id='word_1_250' title='bbox 3234 859 3474 922; x_wconf 88' lang='lat' dir='ltr'><strong>semper</strong></span> <span class='ocrx_word' id='word_1_251' title='bbox 3501 842 3734 922; x_wconf 81' lang='lat' dir='ltr'><strong>gloriﬁ-</strong></span> 
     </span>
    </p>
   </div>
   <div class='ocr_carea' id='block_1_37' title="bbox 2073 928 3731 1011">
    <p class='ocr_par' dir='ltr' id='par_1_37' title="bbox 2073 928 3731 1011">
     <span class='ocr_line' id='line_1_37' title="bbox 2073 928 3731 1011; baseline 0.001 -19"><span class='ocrx_word' id='word_1_252' title='bbox 2073 949 2203 992; x_wconf 89' lang='lat' dir='ltr'><strong>cem</strong></span> <span class='ocrx_word' id='word_1_253' title='bbox 2237 938 2292 991; x_wconf 92' lang='lat' dir='ltr'><strong>te</strong></span> <span class='ocrx_word' id='word_1_254' title='bbox 2324 938 2383 991; x_wconf 88' lang='lat' dir='ltr'><strong>et</strong></span> <span class='ocrx_word' id='word_1_255' title='bbox 2410 928 2712 991; x_wconf 85' lang='lat' dir='ltr'><strong>celebrem</strong></span> <span class='ocrx_word' id='word_1_256' title='bbox 2732 932 3062 1009; x_wconf 84' lang='lat' dir='ltr'><strong>potentiam</strong></span> <span class='ocrx_word' id='word_1_257' title='bbox 3082 937 3239 990; x_wconf 90' lang='lat' dir='ltr'><strong>tuam</strong></span> <span class='ocrx_word' id='word_1_258' title='bbox 3258 931 3501 991; x_wconf 90' lang='lat' dir='ltr'><strong>vocibus</strong></span> <span class='ocrx_word' id='word_1_259' title='bbox 3513 948 3731 1011; x_wconf 89' lang='lat' dir='ltr'><strong>peren-</strong></span> 
     </span>
    </p>
   </div>
   <div class='ocr_carea' id='block_1_38' title="bbox 2074 1017 3722 1082">
    <p class='ocr_par' dir='ltr' id='par_1_38' title="bbox 2074 1017 3722 1082">
     <span class='ocr_line' id='line_1_38' title="bbox 2074 1017 3722 1082; baseline 0.001 -2"><span class='ocrx_word' id='word_1_260' title='bbox 2074 1020 2248 1080; x_wconf 91' lang='lat' dir='ltr'><strong>nibus</strong></span> <span class='ocrx_word' id='word_1_261' title='bbox 2297 1018 2358 1079; x_wconf 91' lang='lat' dir='ltr'><strong>in</strong></span> <span class='ocrx_word' id='word_1_262' title='bbox 2389 1019 2651 1079; x_wconf 90' lang='lat' dir='ltr'><strong>omnium</strong></span> <span class='ocrx_word' id='word_1_263' title='bbox 2685 1018 3041 1079; x_wconf 85' lang='lat' dir='ltr'><strong>saeculorum</strong></span> <span class='ocrx_word' id='word_1_264' title='bbox 3094 1017 3471 1081; x_wconf 83' lang='lat' dir='ltr'><strong>inﬁnitatem.</strong></span> <span class='ocrx_word' id='word_1_265' title='bbox 3504 1022 3722 1082; x_wconf 89' lang='lat' dir='ltr'><strong>Amen.</strong></span> 
     </span>
    </p>
   </div>
   <div class='ocr_carea' id='block_1_39' title="bbox 2632 1137 3152 1202">
    <p class='ocr_par' dir='ltr' id='par_1_39' title="bbox 2632 1137 3152 1202">
     <span class='ocr_line' id='line_1_39' title="bbox 2632 1137 3152 1202; baseline -0.002 -4"><span class='ocrx_word' id='word_1_266' title='bbox 2632 1137 2879 1201; x_wconf 85' lang='lat' dir='ltr'><strong>CAPUT</strong></span> <span class='ocrx_word' id='word_1_267' title='bbox 2944 1138 3152 1202; x_wconf 78' lang='lat' dir='ltr'>XXXI.</span> 
     </span>
    </p>
   </div>
   <div class='ocr_carea' id='block_1_40' title="bbox 2075 1255 3730 1331">
    <p class='ocr_par' dir='ltr' id='par_1_40' title="bbox 2075 1255 3730 1331">
     <span class='ocr_line' id='line_1_40' title="bbox 2075 1255 3730 1331; baseline 0.002 -16"><span class='ocrx_word' id='word_1_268' title='bbox 2075 1257 2221 1327; x_wconf 84' lang='lat' dir='ltr'><strong>Quid</strong></span> <span class='ocrx_word' id='word_1_269' title='bbox 2246 1259 2319 1315; x_wconf 83' lang='lat' dir='ltr'><strong>sit</strong></span> <span class='ocrx_word' id='word_1_270' title='bbox 2347 1256 2486 1315; x_wconf 82' lang='lat' dir='ltr'><strong>illud</strong></span> <span class='ocrx_word' id='word_1_271' title='bbox 2519 1274 2532 1313; x_wconf 94' lang='lat'><strong>:</strong></span> <span class='ocrx_word' id='word_1_272' title='bbox 2569 1277 2590 1307; x_wconf 78' lang='grc' dir='ltr'>ι</span> <span class='ocrx_word' id='word_1_273' title='bbox 2620 1255 2928 1314; x_wconf 81' lang='lat' dir='ltr'><strong>Secundum</strong></span> <span class='ocrx_word' id='word_1_274' title='bbox 2958 1260 3259 1331; x_wconf 74' lang='lat' dir='ltr'><strong>imaginem</strong></span> <span class='ocrx_word' id='word_1_275' title='bbox 3288 1282 3309 1311; x_wconf 81' lang='grc' dir='ltr'><strong><em>ι</em></strong></span> <span class='ocrx_word' id='word_1_276' title='bbox 3340 1265 3391 1317; x_wconf 82' lang='lat' dir='ltr'><strong>et</strong></span> <span class='ocrx_word' id='word_1_277' title='bbox 3415 1261 3610 1318; x_wconf 83' lang='lat' dir='ltr'><strong>merito</strong></span> <span class='ocrx_word' id='word_1_278' title='bbox 3638 1262 3730 1319; x_wconf 82' lang='lat' dir='ltr'><strong>in-</strong></span> 
     </span>
    </p>
   </div>
   <div class='ocr_carea' id='block_1_41' title="bbox 2147 1331 3729 1403">
    <p class='ocr_par' dir='ltr' id='par_1_41' title="bbox 2147 1331 3729 1403">
     <span class='ocr_line' id='line_1_41' title="bbox 2147 1331 3729 1403; baseline 0.001 -16"><span class='ocrx_word' id='word_1_279' title='bbox 2147 1332 2317 1403; x_wconf 85' lang='lat' dir='ltr'><strong>telligi</strong></span> <span class='ocrx_word' id='word_1_280' title='bbox 2346 1331 2623 1403; x_wconf 79' lang='lat' dir='ltr'><strong>hominem</strong></span> <span class='ocrx_word' id='word_1_281' title='bbox 2649 1331 2938 1403; x_wconf 73' lang='lat' dir='ltr'><strong>Prototypi</strong></span> <span class='ocrx_word' id='word_1_282' title='bbox 2980 1332 3430 1399; x_wconf 79' lang='lat' dir='ltr'><strong>similitudinem,</strong></span> <span class='ocrx_word' id='word_1_283' title='bbox 3455 1348 3553 1390; x_wconf 79' lang='lat' dir='ltr'><strong>seu</strong></span> <span class='ocrx_word' id='word_1_284' title='bbox 3580 1333 3729 1389; x_wconf 82' lang='lat' dir='ltr'><strong>ima-</strong></span> 
     </span>
    </p>
   </div>
   <div class='ocr_carea' id='block_1_42' title="bbox 2144 1402 3731 1475">
    <p class='ocr_par' dir='ltr' id='par_1_42' title="bbox 2144 1402 3731 1475">
     <span class='ocr_line' id='line_1_42' title="bbox 2144 1402 3731 1475; baseline 0.003 -18"><span class='ocrx_word' id='word_1_285' title='bbox 2144 1404 2327 1474; x_wconf 79' lang='lat' dir='ltr'><strong>ginem</strong></span> <span class='ocrx_word' id='word_1_286' title='bbox 2382 1416 2510 1459; x_wconf 78' lang='lat' dir='ltr'><strong>esse.</strong></span> <span class='ocrx_word' id='word_1_287' title='bbox 2571 1402 2906 1473; x_wconf 78' lang='lat' dir='ltr'><strong>Diligentem</strong></span> <span class='ocrx_word' id='word_1_288' title='bbox 2951 1402 3224 1467; x_wconf 78' lang='lat' dir='ltr'><strong>inimicos,</strong></span> <span class='ocrx_word' id='word_1_289' title='bbox 3279 1410 3543 1475; x_wconf 83' lang='lat' dir='ltr'><strong>tanquam</strong></span> <span class='ocrx_word' id='word_1_290' title='bbox 3599 1405 3731 1463; x_wconf 78' lang='lat' dir='ltr'><strong>bene</strong></span> 
     </span>
    </p>
   </div>
   <div class='ocr_carea' id='block_1_43' title="bbox 2146 1474 3729 1548">
    <p class='ocr_par' dir='ltr' id='par_1_43' title="bbox 2146 1474 3729 1548">
     <span class='ocr_line' id='line_1_43' title="bbox 2146 1474 3729 1548; baseline 0.001 -17"><span class='ocrx_word' id='word_1_291' title='bbox 2146 1476 2391 1548; x_wconf 75' lang='lat' dir='ltr'><strong>meritos,</strong></span> <span class='ocrx_word' id='word_1_292' title='bbox 2431 1475 2609 1548; x_wconf 70' lang='lat' dir='ltr'><strong>Deum</strong></span> <span class='ocrx_word' id='word_1_293' title='bbox 2639 1474 2876 1539; x_wconf 81' lang='lat' dir='ltr'><strong>imitari,</strong></span> <span class='ocrx_word' id='word_1_294' title='bbox 2908 1474 3115 1548; x_wconf 68' lang='lat' dir='ltr'><strong>ething</strong></span> <span class='ocrx_word' id='word_1_295' title='bbox 3130 1474 3579 1547; x_wconf 34' lang='lat' dir='ltr'><strong>Spiritus’sancti</strong></span> <span class='ocrx_word' id='word_1_296' title='bbox 3596 1491 3729 1548; x_wconf 83' lang='lat' dir='ltr'><strong>par-</strong></span> 
     </span>
    </p>
   </div>
   <div class='ocr_carea' id='block_1_44' title="bbox 2150 1544 3728 1620">
    <p class='ocr_par' dir='ltr' id='par_1_44' title="bbox 2150 1544 3728 1620">
     <span class='ocr_line' id='line_1_44' title="bbox 2150 1544 3728 1620; baseline 0.001 -17"><span class='ocrx_word' id='word_1_297' title='bbox 2150 1546 2386 1620; x_wconf 74' lang='lat' dir='ltr'><strong>ticipem,</strong></span> <span class='ocrx_word' id='word_1_298' title='bbox 2416 1544 2703 1620; x_wconf 72' lang='lat' dir='ltr'><strong>adoptione</strong></span> <span class='ocrx_word' id='word_1_299' title='bbox 2739 1551 2803 1620; x_wconf 72' lang='lat' dir='ltr'><strong>et</strong></span> <span class='ocrx_word' id='word_1_300' title='bbox 2830 1546 3021 1620; x_wconf 78' lang='lat' dir='ltr'><strong>gratia</strong></span> <span class='ocrx_word' id='word_1_301' title='bbox 3057 1544 3243 1620; x_wconf 60' lang='lat' dir='ltr'><strong>pedm</strong></span> <span class='ocrx_word' id='word_1_302' title='bbox 3291 1548 3439 1619; x_wconf 78' lang='lat' dir='ltr'><strong>ﬁeri,</strong></span> <span class='ocrx_word' id='word_1_303' title='bbox 3470 1544 3629 1620; x_wconf 62' lang='lat' dir='ltr'><strong>atque</strong></span> <span class='ocrx_word' id='word_1_304' title='bbox 3657 1549 3728 1606; x_wconf 87' lang='lat' dir='ltr'><strong>ab</strong></span> 
     </span>
    </p>
   </div>
   <div class='ocr_carea' id='block_1_45' title="bbox 2148 1616 3554 1690">
    <p class='ocr_par' dir='ltr' id='par_1_45' title="bbox 2148 1616 3554 1690">
     <span class='ocr_line' id='line_1_45' title="bbox 2148 1616 3554 1690; baseline 0.001 -17"><span class='ocrx_word' id='word_1_305' title='bbox 2148 1620 2217 1673; x_wconf 78' lang='lat' dir='ltr'><strong>iis</strong></span> <span class='ocrx_word' id='word_1_306' title='bbox 2243 1616 2377 1675; x_wconf 71' lang='lat' dir='ltr'><strong>solis</strong></span> <span class='ocrx_word' id='word_1_307' title='bbox 2404 1617 2673 1688; x_wconf 75' lang='lat' dir='ltr'><strong>cognosci.</strong></span> <span class='ocrx_word' id='word_1_308' title='bbox 2707 1618 2804 1687; x_wconf 85' lang='lat' dir='ltr'><strong>qui</strong></span> <span class='ocrx_word' id='word_1_309' title='bbox 2831 1616 3016 1673; x_wconf 76' lang='lat' dir='ltr'><strong>eodem</strong></span> <span class='ocrx_word' id='word_1_310' title='bbox 3043 1618 3259 1689; x_wconf 83' lang='lat' dir='ltr'><strong>Spiritu</strong></span> <span class='ocrx_word' id='word_1_311' title='bbox 3288 1616 3554 1690; x_wconf 55' lang='lat' dir='ltr'><strong>aguntur:</strong></span> 
     </span>
    </p>
   </div>
   <div class='ocr_carea' id='block_1_46' title="bbox 2155 1728 3728 1809">
    <p class='ocr_par' dir='ltr' id='par_1_46' title="bbox 2155 1728 3728 1809">
     <span class='ocr_line' id='line_1_46' title="bbox 2155 1728 3728 1809; baseline 0.001 -18"><span class='ocrx_word' id='word_1_312' title='bbox 2155 1729 2378 1805; x_wconf 88' lang='lat' dir='ltr'><strong>Gloria,</strong></span> <span class='ocrx_word' id='word_1_313' title='bbox 2411 1728 2562 1808; x_wconf 88' lang='lat' dir='ltr'><strong>laus,</strong></span> <span class='ocrx_word' id='word_1_314' title='bbox 2594 1729 2866 1808; x_wconf 80' lang='lat' dir='ltr'><strong>hymnus,</strong></span> <span class='ocrx_word' id='word_1_315' title='bbox 2895 1728 3105 1809; x_wconf 86' lang='lat' dir='ltr'><strong>gratia,</strong></span> <span class='ocrx_word' id='word_1_316' title='bbox 3138 1729 3240 1809; x_wconf 91' lang='lat' dir='ltr'><strong>qui</strong></span> <span class='ocrx_word' id='word_1_317' title='bbox 3266 1730 3379 1791; x_wconf 88' lang='lat' dir='ltr'><strong>hoc</strong></span> <span class='ocrx_word' id='word_1_318' title='bbox 3410 1738 3592 1794; x_wconf 89' lang='lat' dir='ltr'><strong>totum</strong></span> <span class='ocrx_word' id='word_1_319' title='bbox 3624 1749 3728 1793; x_wconf 89' lang='lat' dir='ltr'><strong>re-</strong></span> 
     </span>
    </p>
   </div>
   <div class='ocr_carea' id='block_1_47' title="bbox 2073 1817 3727 1900">
    <p class='ocr_par' dir='ltr' id='par_1_47' title="bbox 2073 1817 3727 1900">
     <span class='ocr_line' id='line_1_47' title="bbox 2073 1817 3727 1900; baseline 0.003 -21"><span class='ocrx_word' id='word_1_320' title='bbox 2073 1838 2204 1880; x_wconf 92' lang='lat' dir='ltr'><strong>rum</strong></span> <span class='ocrx_word' id='word_1_321' title='bbox 2239 1828 2466 1880; x_wconf 65' lang='lat' dir='ltr'><strong>naturae</strong></span> <span class='ocrx_word' id='word_1_322' title='bbox 2489 1835 2637 1898; x_wconf 91' lang='lat' dir='ltr'><strong>opus</strong></span> <span class='ocrx_word' id='word_1_323' title='bbox 2657 1837 2727 1879; x_wconf 80' lang='lat' dir='ltr'><strong>ex</strong></span> <span class='ocrx_word' id='word_1_324' title='bbox 2750 1817 2938 1878; x_wconf 89' lang='lat' dir='ltr'><strong>nihilo</strong></span> <span class='ocrx_word' id='word_1_325' title='bbox 2959 1818 3089 1880; x_wconf 87' lang='lat' dir='ltr'><strong>solo</strong></span> <span class='ocrx_word' id='word_1_326' title='bbox 3114 1819 3318 1900; x_wconf 85' lang='lat' dir='ltr'><strong>verbo,</strong></span> <span class='ocrx_word' id='word_1_327' title='bbox 3346 1827 3403 1880; x_wconf 92' lang='lat' dir='ltr'><strong>et</strong></span> <span class='ocrx_word' id='word_1_328' title='bbox 3423 1820 3727 1885; x_wconf 83' lang='lat' dir='ltr'><strong>voluntate</strong></span> 
     </span>
    </p>
   </div>
   <div class='ocr_carea' id='block_1_48' title="bbox 2074 1907 3730 1990">
    <p class='ocr_par' dir='ltr' id='par_1_48' title="bbox 2074 1907 3730 1990">
     <span class='ocr_line' id='line_1_48' title="bbox 2074 1907 3730 1990; baseline 0.001 -20"><span class='ocrx_word' id='word_1_329' title='bbox 2074 1928 2179 1972; x_wconf 92' lang='lat' dir='ltr'><strong>sua</strong></span> <span class='ocrx_word' id='word_1_330' title='bbox 2202 1908 2557 1990; x_wconf 83' lang='lat' dir='ltr'><strong>procreavit,</strong></span> <span class='ocrx_word' id='word_1_331' title='bbox 2593 1907 2717 1968; x_wconf 92' lang='lat' dir='ltr'><strong>Deo</strong></span> <span class='ocrx_word' id='word_1_332' title='bbox 2748 1907 3191 1984; x_wconf 91' lang='lat' dir='ltr'><strong>universorum,</strong></span> <span class='ocrx_word' id='word_1_333' title='bbox 3229 1909 3330 1989; x_wconf 90' lang='lat' dir='ltr'><strong>qui</strong></span> <span class='ocrx_word' id='word_1_334' title='bbox 3359 1909 3421 1969; x_wconf 91' lang='lat' dir='ltr'><strong>in</strong></span> <span class='ocrx_word' id='word_1_335' title='bbox 3467 1910 3730 1973; x_wconf 86' lang='lat' dir='ltr'><strong>trinitate</strong></span> 
     </span>
    </p>
   </div>
   <div class='ocr_carea' id='block_1_49' title="bbox 2078 1996 3731 2080">
    <p class='ocr_par' dir='ltr' id='par_1_49' title="bbox 2078 1996 3731 2080">
     <span class='ocr_line' id='line_1_49' title="bbox 2078 1996 3731 2080; baseline 0 -20"><span class='ocrx_word' id='word_1_336' title='bbox 2078 2001 2493 2080; x_wconf 81' lang='lat' dir='ltr'><strong>hypostaseon,</strong></span> <span class='ocrx_word' id='word_1_337' title='bbox 2526 1996 2679 2059; x_wconf 87' lang='lat' dir='ltr'><strong>etin</strong></span> <span class='ocrx_word' id='word_1_338' title='bbox 2740 2014 2861 2058; x_wconf 89' lang='lat' dir='ltr'><strong>una</strong></span> <span class='ocrx_word' id='word_1_339' title='bbox 2912 1997 3169 2058; x_wconf 88' lang='lat' dir='ltr'><strong>essentia</strong></span> <span class='ocrx_word' id='word_1_340' title='bbox 3223 1999 3534 2062; x_wconf 81' lang='lat' dir='ltr'><strong>adorator.</strong></span> <span class='ocrx_word' id='word_1_341' title='bbox 3566 1998 3731 2062; x_wconf 92' lang='lat' dir='ltr'><strong>Unus</strong></span> 
     </span>
    </p>
   </div>
   <div class='ocr_carea' id='block_1_50' title="bbox 2075 2085 3729 2167">
    <p class='ocr_par' dir='ltr' id='par_1_50' title="bbox 2075 2085 3729 2167">
     <span class='ocr_line' id='line_1_50' title="bbox 2075 2085 3729 2167; baseline 0.001 -17"><span class='ocrx_word' id='word_1_342' title='bbox 2075 2089 2231 2151; x_wconf 90' lang='lat' dir='ltr'><strong>Deus</strong></span> <span class='ocrx_word' id='word_1_343' title='bbox 2261 2097 2465 2151; x_wconf 88' lang='lat' dir='ltr'><strong>sancta</strong></span> <span class='ocrx_word' id='word_1_344' title='bbox 2513 2085 2799 2162; x_wconf 88' lang='lat' dir='ltr'><strong>Trinitas,</strong></span> <span class='ocrx_word' id='word_1_345' title='bbox 2828 2087 3420 2167; x_wconf 74' lang='lat' dir='ltr'><strong>supersubstantialis</strong></span> <span class='ocrx_word' id='word_1_346' title='bbox 3449 2087 3729 2151; x_wconf 86' lang='lat' dir='ltr'><strong>substan-</strong></span> 
     </span>
    </p>
   </div>
   <div class='ocr_carea' id='block_1_51' title="bbox 2078 2176 3724 2257">
    <p class='ocr_par' dir='ltr' id='par_1_51' title="bbox 2078 2176 3724 2257">
     <span class='ocr_line' id='line_1_51' title="bbox 2078 2176 3724 2257; baseline 0.002 -20"><span class='ocrx_word' id='word_1_347' title='bbox 2078 2178 2178 2253; x_wconf 82' lang='lat' dir='ltr'><strong>tia,</strong></span> <span class='ocrx_word' id='word_1_348' title='bbox 2212 2195 2331 2239; x_wconf 89' lang='lat' dir='ltr'><strong>una</strong></span> <span class='ocrx_word' id='word_1_349' title='bbox 2358 2177 2421 2237; x_wconf 91' lang='lat' dir='ltr'><strong>in</strong></span> <span class='ocrx_word' id='word_1_350' title='bbox 2444 2177 2635 2237; x_wconf 88' lang='lat' dir='ltr'><strong>tribus</strong></span> <span class='ocrx_word' id='word_1_351' title='bbox 2666 2176 2969 2256; x_wconf 84' lang='lat' dir='ltr'><strong>personis,</strong></span> <span class='ocrx_word' id='word_1_352' title='bbox 3004 2184 3062 2237; x_wconf 89' lang='lat' dir='ltr'><strong>et</strong></span> <span class='ocrx_word' id='word_1_353' title='bbox 3087 2176 3277 2238; x_wconf 91' lang='lat' dir='ltr'><strong>tribus</strong></span> <span class='ocrx_word' id='word_1_354' title='bbox 3306 2177 3724 2257; x_wconf 89' lang='lat' dir='ltr'><strong>subsistentiis,</strong></span> 
     </span>
    </p>
   </div>
   <div class='ocr_carea' id='block_1_52' title="bbox 2075 2264 3726 2347">
    <p class='ocr_par' dir='ltr' id='par_1_52' title="bbox 2075 2264 3726 2347">
     <span class='ocr_line' id='line_1_52' title="bbox 2075 2264 3726 2347; baseline 0.001 -20"><span class='ocrx_word' id='word_1_355' title='bbox 2075 2269 2301 2347; x_wconf 78' lang='lat' dir='ltr'><strong>insepat</strong></span> <span class='ocrx_word' id='word_1_356' title='bbox 2322 2264 2579 2327; x_wconf 89' lang='lat' dir='ltr'><strong>abilibus</strong></span> <span class='ocrx_word' id='word_1_357' title='bbox 2609 2273 2785 2345; x_wconf 88' lang='lat' dir='ltr'><strong>atque</strong></span> <span class='ocrx_word' id='word_1_358' title='bbox 2815 2264 3301 2342; x_wconf 88' lang='lat' dir='ltr'><strong>indivisibilibus,</strong></span> <span class='ocrx_word' id='word_1_359' title='bbox 3352 2285 3469 2327; x_wconf 90' lang='lat' dir='ltr'><strong>una</strong></span> <span class='ocrx_word' id='word_1_360' title='bbox 3497 2277 3726 2345; x_wconf 89' lang='lat' dir='ltr'><strong>natura,</strong></span> 
     </span>
    </p>
   </div>
   <div class='ocr_carea' id='block_1_53' title="bbox 2076 2354 3732 2436">
    <p class='ocr_par' dir='ltr' id='par_1_53' title="bbox 2076 2354 3732 2436">
     <span class='ocr_line' id='line_1_53' title="bbox 2076 2354 3732 2436; baseline -0.001 -17"><span class='ocrx_word' id='word_1_361' title='bbox 2076 2374 2196 2419; x_wconf 89' lang='lat' dir='ltr'><strong>una</strong></span> <span class='ocrx_word' id='word_1_362' title='bbox 2223 2355 2437 2436; x_wconf 87' lang='lat' dir='ltr'><strong>gloria,</strong></span> <span class='ocrx_word' id='word_1_363' title='bbox 2499 2373 2617 2415; x_wconf 91' lang='lat' dir='ltr'><strong>una</strong></span> <span class='ocrx_word' id='word_1_364' title='bbox 2665 2354 2875 2429; x_wconf 91' lang='lat' dir='ltr'><strong>virtus,</strong></span> <span class='ocrx_word' id='word_1_365' title='bbox 2935 2373 3053 2415; x_wconf 87' lang='lat' dir='ltr'><strong>una</strong></span> <span class='ocrx_word' id='word_1_366' title='bbox 3109 2356 3401 2418; x_wconf 84' lang='lat' dir='ltr'><strong>voluntas.</strong></span> <span class='ocrx_word' id='word_1_367' title='bbox 3437 2355 3576 2418; x_wconf 68' lang='lat' dir='ltr'><strong>Haec</strong></span> <span class='ocrx_word' id='word_1_368' title='bbox 3605 2357 3732 2419; x_wconf 90' lang='lat' dir='ltr'><strong>sola</strong></span> 
     </span>
    </p>
   </div>
   <div class='ocr_carea' id='block_1_54' title="bbox 2077 2442 3732 2508">
    <p class='ocr_par' dir='ltr' id='par_1_54' title="bbox 2077 2442 3732 2508">
     <span class='ocr_line' id='line_1_54' title="bbox 2077 2442 3732 2508; baseline 0 -1"><span class='ocrx_word' id='word_1_369' title='bbox 2077 2445 2329 2508; x_wconf 85' lang='lat' dir='ltr'><strong>creatrix</strong></span> <span class='ocrx_word' id='word_1_370' title='bbox 2358 2454 2448 2506; x_wconf 90' lang='lat' dir='ltr'><strong>est</strong></span> <span class='ocrx_word' id='word_1_371' title='bbox 2471 2442 2762 2505; x_wconf 89' lang='lat' dir='ltr'><strong>omnium.</strong></span> <span class='ocrx_word' id='word_1_372' title='bbox 2789 2442 2928 2505; x_wconf 67' lang='lat' dir='ltr'><strong>Haec</strong></span> <span class='ocrx_word' id='word_1_373' title='bbox 2952 2461 3048 2505; x_wconf 90' lang='lat' dir='ltr'><strong>me</strong></span> <span class='ocrx_word' id='word_1_374' title='bbox 3069 2452 3251 2505; x_wconf 92' lang='lat' dir='ltr'><strong>totum</strong></span> <span class='ocrx_word' id='word_1_375' title='bbox 3285 2454 3342 2506; x_wconf 89' lang='lat' dir='ltr'><strong>et</strong></span> <span class='ocrx_word' id='word_1_376' title='bbox 3361 2446 3485 2507; x_wconf 88' lang='lat' dir='ltr'><strong>luto</strong></span> <span class='ocrx_word' id='word_1_377' title='bbox 3513 2446 3732 2508; x_wconf 86' lang='lat' dir='ltr'><strong>forma-</strong></span> 
     </span>
    </p>
   </div>
   <div class='ocr_carea' id='block_1_55' title="bbox 2076 2532 3736 2614">
    <p class='ocr_par' dir='ltr' id='par_1_55' title="bbox 2076 2532 3736 2614">
     <span class='ocr_line' id='line_1_55' title="bbox 2076 2532 3736 2614; baseline 0.001 -19"><span class='ocrx_word' id='word_1_378' title='bbox 2076 2536 2177 2609; x_wconf 88' lang='lat' dir='ltr'><strong>vit,</strong></span> <span class='ocrx_word' id='word_1_379' title='bbox 2208 2534 2514 2614; x_wconf 90' lang='lat' dir='ltr'><strong>inditaque</strong></span> <span class='ocrx_word' id='word_1_380' title='bbox 2547 2532 2744 2593; x_wconf 86' lang='lat' dir='ltr'><strong>anima</strong></span> <span class='ocrx_word' id='word_1_381' title='bbox 2768 2532 2838 2613; x_wconf 82' lang='lat' dir='ltr'><strong>in</strong></span> <span class='ocrx_word' id='word_1_382' title='bbox 2892 2542 3047 2594; x_wconf 83' lang='lat' dir='ltr'><strong>terra</strong></span> <span class='ocrx_word' id='word_1_383' title='bbox 3076 2533 3411 2610; x_wconf 86' lang='lat' dir='ltr'><strong>collocavit,</strong></span> <span class='ocrx_word' id='word_1_384' title='bbox 3445 2542 3504 2596; x_wconf 91' lang='lat' dir='ltr'><strong>et</strong></span> <span class='ocrx_word' id='word_1_385' title='bbox 3531 2536 3736 2597; x_wconf 90' lang='lat' dir='ltr'><strong>lumen</strong></span> 
     </span>
    </p>
   </div>
   <div class='ocr_carea' id='block_1_56' title="bbox 2078 2623 3733 2707">
    <p class='ocr_par' dir='ltr' id='par_1_56' title="bbox 2078 2623 3733 2707">
     <span class='ocr_line' id='line_1_56' title="bbox 2078 2623 3733 2707; baseline 0.001 -21"><span class='ocrx_word' id='word_1_386' title='bbox 2078 2625 2268 2700; x_wconf 88' lang='lat' dir='ltr'><strong>dedit,</strong></span> <span class='ocrx_word' id='word_1_387' title='bbox 2298 2623 2361 2684; x_wconf 91' lang='lat' dir='ltr'><strong>in</strong></span> <span class='ocrx_word' id='word_1_388' title='bbox 2388 2643 2506 2703; x_wconf 89' lang='lat' dir='ltr'><strong>quo</strong></span> <span class='ocrx_word' id='word_1_389' title='bbox 2538 2623 2804 2683; x_wconf 86' lang='lat' dir='ltr'><strong>viderem</strong></span> <span class='ocrx_word' id='word_1_390' title='bbox 2845 2631 2903 2683; x_wconf 93' lang='lat' dir='ltr'><strong>et</strong></span> <span class='ocrx_word' id='word_1_391' title='bbox 2948 2624 3217 2685; x_wconf 88' lang='lat' dir='ltr'><strong>intuerer</strong></span> <span class='ocrx_word' id='word_1_392' title='bbox 3244 2624 3466 2699; x_wconf 90' lang='lat' dir='ltr'><strong>omnia,</strong></span> <span class='ocrx_word' id='word_1_393' title='bbox 3514 2643 3733 2707; x_wconf 86' lang='lat' dir='ltr'><strong>nempe</strong></span> 
     </span>
    </p>
   </div>
   <div class='ocr_carea' id='block_1_57' title="bbox 2080 2710 3730 2794">
    <p class='ocr_par' dir='ltr' id='par_1_57' title="bbox 2080 2710 3730 2794">
     <span class='ocr_line' id='line_1_57' title="bbox 2080 2710 3730 2794; baseline -0.001 -19"><span class='ocrx_word' id='word_1_394' title='bbox 2080 2714 2240 2775; x_wconf 91' lang='lat' dir='ltr'><strong>hunc</strong></span> <span class='ocrx_word' id='word_1_395' title='bbox 2272 2713 2562 2774; x_wconf 86' lang='lat' dir='ltr'><strong>mundum</strong></span> <span class='ocrx_word' id='word_1_396' title='bbox 2590 2710 2870 2772; x_wconf 90' lang='lat' dir='ltr'><strong>sensibus</strong></span> <span class='ocrx_word' id='word_1_397' title='bbox 2894 2711 3248 2793; x_wconf 80' lang='lat' dir='ltr'><strong>expositum,</strong></span> <span class='ocrx_word' id='word_1_398' title='bbox 3269 2713 3480 2788; x_wconf 87' lang='lat' dir='ltr'><strong>solem,</strong></span> <span class='ocrx_word' id='word_1_399' title='bbox 3503 2714 3730 2794; x_wconf 91' lang='lat' dir='ltr'><strong>lunam,</strong></span> 
     </span>
    </p>
   </div>
   <div class='ocr_carea' id='block_1_58' title="bbox 2078 2802 3731 2883">
    <p class='ocr_par' dir='ltr' id='par_1_58' title="bbox 2078 2802 3731 2883">
     <span class='ocr_line' id='line_1_58' title="bbox 2078 2802 3731 2883; baseline 0 -19"><span class='ocrx_word' id='word_1_400' title='bbox 2078 2812 2255 2883; x_wconf 90' lang='lat' dir='ltr'><strong>astra,</strong></span> <span class='ocrx_word' id='word_1_401' title='bbox 2283 2802 2524 2876; x_wconf 63' lang='lat' dir='ltr'><strong>caelum,</strong></span> <span class='ocrx_word' id='word_1_402' title='bbox 2551 2810 2794 2876; x_wconf 82' lang='lat' dir='ltr'><strong>terram,</strong></span> <span class='ocrx_word' id='word_1_403' title='bbox 2820 2819 3007 2878; x_wconf 89' lang='lat' dir='ltr'><strong>mare,</strong></span> <span class='ocrx_word' id='word_1_404' title='bbox 3040 2810 3101 2863; x_wconf 90' lang='lat' dir='ltr'><strong>et</strong></span> <span class='ocrx_word' id='word_1_405' title='bbox 3121 2820 3492 2882; x_wconf 63' lang='lat' dir='ltr'><strong>quaecunque</strong></span> <span class='ocrx_word' id='word_1_406' title='bbox 3514 2812 3651 2864; x_wconf 91' lang='lat' dir='ltr'><strong>sunt</strong></span> <span class='ocrx_word' id='word_1_407' title='bbox 3670 2804 3731 2864; x_wconf 89' lang='lat' dir='ltr'><strong>iu</strong></span> 
     </span>
    </p>
   </div>
   <div class='ocr_carea' id='block_1_59' title="bbox 2081 2889 3732 2954">
    <p class='ocr_par' dir='ltr' id='par_1_59' title="bbox 2081 2889 3732 2954">
     <span class='ocr_line' id='line_1_59' title="bbox 2081 2889 3732 2954; baseline -0.001 -1"><span class='ocrx_word' id='word_1_408' title='bbox 2081 2894 2294 2954; x_wconf 91' lang='lat' dir='ltr'><strong>horum</strong></span> <span class='ocrx_word' id='word_1_409' title='bbox 2327 2890 2551 2953; x_wconf 91' lang='lat' dir='ltr'><strong>medio.</strong></span> <span class='ocrx_word' id='word_1_410' title='bbox 2610 2889 2785 2951; x_wconf 92' lang='lat' dir='ltr'><strong>Dedit</strong></span> <span class='ocrx_word' id='word_1_411' title='bbox 2809 2890 2984 2951; x_wconf 90' lang='lat' dir='ltr'><strong>etiam</strong></span> <span class='ocrx_word' id='word_1_412' title='bbox 3018 2902 3282 2952; x_wconf 89' lang='lat' dir='ltr'><strong>mentem</strong></span> <span class='ocrx_word' id='word_1_413' title='bbox 3330 2901 3389 2952; x_wconf 89' lang='lat' dir='ltr'><strong>et</strong></span> <span class='ocrx_word' id='word_1_414' title='bbox 3416 2893 3732 2954; x_wconf 84' lang='lat' dir='ltr'><strong>rationem.</strong></span> 
     </span>
    </p>
   </div>
   <div class='ocr_carea' id='block_1_60' title="bbox 2080 2977 3735 3061">
    <p class='ocr_par' dir='ltr' id='par_1_60' title="bbox 2080 2977 3735 3061">
     <span class='ocr_line' id='line_1_60' title="bbox 2080 2977 3735 3061; baseline -0.002 -18"><span class='ocrx_word' id='word_1_415' title='bbox 2080 2982 2370 3043; x_wconf 88' lang='lat' dir='ltr'><strong>Atlendas</strong></span> <span class='ocrx_word' id='word_1_416' title='bbox 2424 2980 2622 3042; x_wconf 87' lang='lat' dir='ltr'><strong>velim.</strong></span> <span class='ocrx_word' id='word_1_417' title='bbox 2677 2977 3022 3041; x_wconf 89' lang='lat' dir='ltr'><strong>Secundum</strong></span> <span class='ocrx_word' id='word_1_418' title='bbox 3079 2980 3400 3059; x_wconf 87' lang='lat' dir='ltr'><strong>imaginem</strong></span> <span class='ocrx_word' id='word_1_419' title='bbox 3438 2982 3614 3061; x_wconf 86' lang='lat' dir='ltr'><strong>igitur</strong></span> <span class='ocrx_word' id='word_1_420' title='bbox 3642 2991 3735 3040; x_wconf 73' lang='grc' dir='ltr'><strong>τοῦ</strong></span> 
     </span>
    </p>
   </div>
   <div class='ocr_carea' id='block_1_61' title="bbox 327 3069 1990 3162">
    <p class='ocr_par' dir='ltr' id='par_1_61' title="bbox 327 3069 1990 3162">
     <span class='ocr_line' id='line_1_61' title="bbox 327 3069 1990 3162; baseline 0 -19"><span class='ocrx_word' id='word_1_421' title='bbox 327 3098 649 3143; x_wconf 88' lang='lat' dir='ltr'><strong>sermones</strong></span> <span class='ocrx_word' id='word_1_422' title='bbox 683 3069 940 3143; x_wconf 78' lang='lat' dir='ltr'><strong>statuent</strong></span> <span class='ocrx_word' id='word_1_423' title='bbox 970 3100 1071 3143; x_wconf 90' lang='lat' dir='ltr'><strong>eos</strong></span> <span class='ocrx_word' id='word_1_424' title='bbox 1100 3069 1237 3143; x_wconf 80' lang='lat' dir='ltr'><strong>ante</strong></span> <span class='ocrx_word' id='word_1_425' title='bbox 1270 3099 1385 3156; x_wconf 91' lang='lat' dir='ltr'><strong>me,</strong></span> <span class='ocrx_word' id='word_1_426' title='bbox 1422 3089 1481 3143; x_wconf 89' lang='lat' dir='ltr'><strong>et</strong></span> <span class='ocrx_word' id='word_1_427' title='bbox 1503 3069 1990 3162; x_wconf 80' lang='lat' dir='ltr'><strong>unumquemque</strong></span> 
     </span>
    </p>
   </div>
   <div class='ocr_carea' id='block_1_62' title="bbox 2087 3069 3734 3162">
    <p class='ocr_par' dir='ltr' id='par_1_62' title="bbox 2087 3069 3734 3151">
     <span class='ocr_line' id='line_1_62' title="bbox 2087 3069 3734 3151; baseline 0.003 -22"><span class='ocrx_word' id='word_1_428' title='bbox 2087 3073 2239 3151; x_wconf 73' lang='grc' dir='ltr'>λόγου</span> <span class='ocrx_word' id='word_1_429' title='bbox 2271 3073 2447 3134; x_wconf 89' lang='lat' dir='ltr'><strong>datus</strong></span> <span class='ocrx_word' id='word_1_430' title='bbox 2478 3078 2569 3130; x_wconf 92' lang='lat' dir='ltr'><strong>est</strong></span> <span class='ocrx_word' id='word_1_431' title='bbox 2608 3069 2804 3146; x_wconf 91' lang='lat' dir='ltr'><strong>nobis,</strong></span> <span class='ocrx_word' id='word_1_432' title='bbox 2837 3073 2865 3126; x_wconf 85' lang='grc' dir='ltr'>ὁ</span> <span class='ocrx_word' id='word_1_433' title='bbox 2894 3069 3074 3148; x_wconf 79' lang='grc' dir='ltr'><strong>λόγος,</strong></span> <span class='ocrx_word' id='word_1_434' title='bbox 3113 3070 3174 3131; x_wconf 90' lang='lat' dir='ltr'><strong>id</strong></span> <span class='ocrx_word' id='word_1_435' title='bbox 3206 3079 3317 3147; x_wconf 89' lang='lat' dir='ltr'><strong>est,</strong></span> <span class='ocrx_word' id='word_1_436' title='bbox 3351 3075 3512 3134; x_wconf 82' lang='lat' dir='ltr'><strong>ratio</strong></span> <span class='ocrx_word' id='word_1_437' title='bbox 3544 3090 3564 3147; x_wconf 89' lang='grc'><strong><em>;</em></strong></span> <span class='ocrx_word' id='word_1_438' title='bbox 3597 3091 3734 3134; x_wconf 89' lang='lat' dir='ltr'><strong>nam</strong></span> 
     </span>
    </p>
   </div>
   <div class='ocr_carea' id='block_1_63' title="bbox 336 3170 1992 3251">
    <p class='ocr_par' dir='ltr' id='par_1_63' title="bbox 336 3170 1992 3251">
     <span class='ocr_line' id='line_1_63' title="bbox 336 3170 1992 3251; baseline -0.001 -20"><span class='ocrx_word' id='word_1_439' title='bbox 336 3187 451 3251; x_wconf 84' lang='lat' dir='ltr'><strong>pru</strong></span> <span class='ocrx_word' id='word_1_440' title='bbox 484 3170 716 3232; x_wconf 89' lang='lat' dir='ltr'><strong>meritis</strong></span> <span class='ocrx_word' id='word_1_441' title='bbox 739 3170 1115 3250; x_wconf 90' lang='lat' dir='ltr'><strong>judicabunt.</strong></span> <span class='ocrx_word' id='word_1_442' title='bbox 1150 3172 1236 3234; x_wconf 92' lang='lat' dir='ltr'><strong>Tu</strong></span> <span class='ocrx_word' id='word_1_443' title='bbox 1268 3170 1594 3232; x_wconf 79' lang='lat' dir='ltr'><strong>reddendae</strong></span> <span class='ocrx_word' id='word_1_444' title='bbox 1624 3170 1843 3232; x_wconf 91' lang='lat' dir='ltr'><strong>rationi</strong></span> <span class='ocrx_word' id='word_1_445' title='bbox 1873 3189 1992 3231; x_wconf 91' lang='lat' dir='ltr'><strong>non</strong></span> 
     </span>
    </p>
   </div>
   <div class='ocr_carea' id='block_1_64' title="bbox 327 3258 1993 3341">
    <p class='ocr_par' dir='ltr' id='par_1_64' title="bbox 327 3258 1993 3341">
     <span class='ocr_line' id='line_1_64' title="bbox 327 3258 1993 3341; baseline 0 -20"><span class='ocrx_word' id='word_1_446' title='bbox 327 3258 458 3321; x_wconf 82' lang='lat' dir='ltr'><strong>eris</strong></span> <span class='ocrx_word' id='word_1_447' title='bbox 489 3258 804 3335; x_wconf 85' lang='lat' dir='ltr'><strong>obnoxius,</strong></span> <span class='ocrx_word' id='word_1_448' title='bbox 841 3268 899 3321; x_wconf 91' lang='lat' dir='ltr'><strong>et</strong></span> <span class='ocrx_word' id='word_1_449' title='bbox 928 3260 1308 3322; x_wconf 90' lang='lat' dir='ltr'><strong>indemnatus</strong></span> <span class='ocrx_word' id='word_1_450' title='bbox 1340 3260 1512 3340; x_wconf 90' lang='lat' dir='ltr'><strong>plane</strong></span> <span class='ocrx_word' id='word_1_451' title='bbox 1530 3259 1822 3335; x_wconf 90' lang='lat' dir='ltr'><strong>manebis,</strong></span> <span class='ocrx_word' id='word_1_452' title='bbox 1849 3279 1993 3341; x_wconf 92' lang='lat' dir='ltr'><strong>quo—</strong></span> 
     </span>
    </p>
   </div>
   <div class='ocr_carea' id='block_1_65' title="bbox 326 3347 1990 3429">
    <p class='ocr_par' dir='ltr' id='par_1_65' title="bbox 326 3347 1990 3429">
     <span class='ocr_line' id='line_1_65' title="bbox 326 3347 1990 3429; baseline -0.001 -19"><span class='ocrx_word' id='word_1_453' title='bbox 326 3350 499 3410; x_wconf 88' lang='lat' dir='ltr'><strong>niam</strong></span> <span class='ocrx_word' id='word_1_454' title='bbox 528 3355 838 3427; x_wconf 87' lang='lat' dir='ltr'><strong>argentum</strong></span> <span class='ocrx_word' id='word_1_455' title='bbox 872 3348 1247 3429; x_wconf 88' lang='lat' dir='ltr'><strong>eloquiorum</strong></span> <span class='ocrx_word' id='word_1_456' title='bbox 1280 3367 1550 3410; x_wconf 87' lang='lat' dir='ltr'><strong>meorum</strong></span> <span class='ocrx_word' id='word_1_457' title='bbox 1584 3367 1703 3410; x_wconf 90' lang='lat' dir='ltr'><strong>non</strong></span> <span class='ocrx_word' id='word_1_458' title='bbox 1728 3347 1990 3411; x_wconf 87' lang='lat' dir='ltr'><strong>abscon-</strong></span> 
     </span>
    </p>
   </div>
   <div class='ocr_carea' id='block_1_66' title="bbox 329 3436 1994 3519">
    <p class='ocr_par' dir='ltr' id='par_1_66' title="bbox 329 3436 1994 3519">
     <span class='ocr_line' id='line_1_66' title="bbox 329 3436 1994 3519; baseline 0.001 -21"><span class='ocrx_word' id='word_1_459' title='bbox 329 3436 500 3515; x_wconf 89' lang='lat' dir='ltr'><strong>disti,</strong></span> <span class='ocrx_word' id='word_1_460' title='bbox 527 3438 632 3499; x_wconf 90' lang='lat' dir='ltr'><strong>sed</strong></span> <span class='ocrx_word' id='word_1_461' title='bbox 666 3447 953 3519; x_wconf 87' lang='lat' dir='ltr'><strong>quantum</strong></span> <span class='ocrx_word' id='word_1_462' title='bbox 982 3437 1111 3517; x_wconf 79' lang='lat' dir='ltr'><strong>ipse</strong></span> <span class='ocrx_word' id='word_1_463' title='bbox 1128 3438 1437 3519; x_wconf 82' lang='lat' dir='ltr'><strong>accepisti,</strong></span> <span class='ocrx_word' id='word_1_464' title='bbox 1467 3438 1746 3500; x_wconf 91' lang='lat' dir='ltr'><strong>omnibus</strong></span> <span class='ocrx_word' id='word_1_465' title='bbox 1772 3457 1994 3519; x_wconf 78' lang='lat' dir='ltr'><strong>expen-</strong></span> 
     </span>
    </p>
   </div>
   <div class='ocr_carea' id='block_1_67' title="bbox 325 3525 1992 3609">
    <p class='ocr_par' dir='ltr' id='par_1_67' title="bbox 325 3525 1992 3609">
     <span class='ocr_line' id='line_1_67' title="bbox 325 3525 1992 3609; baseline 0.002 -23"><span class='ocrx_word' id='word_1_466' title='bbox 325 3525 494 3588; x_wconf 87' lang='lat' dir='ltr'><strong>disti.</strong></span> <span class='ocrx_word' id='word_1_467' title='bbox 525 3525 652 3588; x_wconf 90' lang='lat' dir='ltr'><strong>Hoc</strong></span> <span class='ocrx_word' id='word_1_468' title='bbox 682 3526 830 3588; x_wconf 92' lang='lat' dir='ltr'><strong>mihi</strong></span> <span class='ocrx_word' id='word_1_469' title='bbox 858 3528 1076 3608; x_wconf 88' lang='lat' dir='ltr'><strong>placet,</strong></span> <span class='ocrx_word' id='word_1_470' title='bbox 1098 3528 1627 3609; x_wconf 89' lang='lat' dir='ltr'><strong>hocapostolorum</strong></span> <span class='ocrx_word' id='word_1_471' title='bbox 1654 3527 1992 3608; x_wconf 89' lang='lat' dir='ltr'><strong>etdiscipu-</strong></span> 
     </span>
    </p>
   </div>
   <div class='ocr_carea' id='block_1_68' title="bbox 2077 3158 3733 3240">
    <p class='ocr_par' dir='ltr' id='par_1_68' title="bbox 2077 3158 3733 3240">
     <span class='ocr_line' id='line_1_68' title="bbox 2077 3158 3733 3240; baseline 0.001 -22"><span class='ocrx_word' id='word_1_472' title='bbox 2077 3163 2138 3218; x_wconf 81' lang='grc' dir='ltr'>ἐκ</span> <span class='ocrx_word' id='word_1_473' title='bbox 2165 3161 2327 3239; x_wconf 80' lang='grc' dir='ltr'>λόγου</span> <span class='ocrx_word' id='word_1_474' title='bbox 2370 3159 2600 3240; x_wconf 78' lang='grc' dir='ltr'><strong>λογικοὶ,</strong></span> <span class='ocrx_word' id='word_1_475' title='bbox 2636 3158 2697 3219; x_wconf 90' lang='lat' dir='ltr'><strong>id</strong></span> <span class='ocrx_word' id='word_1_476' title='bbox 2729 3167 2841 3235; x_wconf 87' lang='lat' dir='ltr'><strong>est,</strong></span> <span class='ocrx_word' id='word_1_477' title='bbox 2874 3176 2951 3221; x_wconf 77' lang='lat' dir='ltr'><strong>ea:</strong></span> <span class='ocrx_word' id='word_1_478' title='bbox 3012 3161 3251 3221; x_wconf 81' lang='lat' dir='ltr'><strong>ratione</strong></span> <span class='ocrx_word' id='word_1_479' title='bbox 3277 3162 3639 3238; x_wconf 71' lang='lat' dir='ltr'><strong>rationales,</strong></span> <span class='ocrx_word' id='word_1_480' title='bbox 3674 3165 3733 3221; x_wconf 82' lang='grc' dir='ltr'><strong>ἐκ</strong></span> 
     </span>
    </p>
   </div>
   <div class='ocr_carea' id='block_1_69' title="bbox 2076 3247 3732 3332">
    <p class='ocr_par' dir='ltr' id='par_1_69' title="bbox 2076 3247 3732 3332">
     <span class='ocr_line' id='line_1_69' title="bbox 2076 3247 3732 3332; baseline 0.004 -25"><span class='ocrx_word' id='word_1_481' title='bbox 2076 3252 2261 3332; x_wconf 74' lang='grc' dir='ltr'><strong>λόγου,</strong></span> <span class='ocrx_word' id='word_1_482' title='bbox 2295 3248 2396 3329; x_wconf 92' lang='lat' dir='ltr'><strong>qui</strong></span> <span class='ocrx_word' id='word_1_483' title='bbox 2427 3257 2516 3310; x_wconf 88' lang='lat' dir='ltr'><strong>est</strong></span> <span class='ocrx_word' id='word_1_484' title='bbox 2544 3248 2768 3327; x_wconf 89' lang='lat' dir='ltr'><strong>absque</strong></span> <span class='ocrx_word' id='word_1_485' title='bbox 2796 3247 3113 3328; x_wconf 90' lang='lat' dir='ltr'><strong>principio,</strong></span> <span class='ocrx_word' id='word_1_486' title='bbox 3147 3248 3471 3325; x_wconf 73' lang='lat' dir='ltr'><strong>increatus,</strong></span> <span class='ocrx_word' id='word_1_487' title='bbox 3503 3251 3732 3314; x_wconf 89' lang='lat' dir='ltr'><strong>incom-</strong></span> 
     </span>
    </p>
   </div>
   <div class='ocr_carea' id='block_1_70' title="bbox 2078 3336 3733 3421">
    <p class='ocr_par' dir='ltr' id='par_1_70' title="bbox 2078 3336 3733 3421">
     <span class='ocr_line' id='line_1_70' title="bbox 2078 3336 3733 3421; baseline -0.002 -17"><span class='ocrx_word' id='word_1_488' title='bbox 2078 3340 2441 3421; x_wconf 87' lang='lat' dir='ltr'><strong>prehensus,</strong></span> <span class='ocrx_word' id='word_1_489' title='bbox 2475 3355 2692 3399; x_wconf 89' lang='lat' dir='ltr'><strong>vacans</strong></span> <span class='ocrx_word' id='word_1_490' title='bbox 2724 3337 2997 3399; x_wconf 86' lang='lat' dir='ltr'><strong>materia.</strong></span> <span class='ocrx_word' id='word_1_491' title='bbox 3024 3336 3121 3399; x_wconf 89' lang='lat' dir='ltr'><strong>Sic</strong></span> <span class='ocrx_word' id='word_1_492' title='bbox 3154 3338 3485 3399; x_wconf 91' lang='lat' dir='ltr'><strong>secundum</strong></span> <span class='ocrx_word' id='word_1_493' title='bbox 3516 3338 3733 3419; x_wconf 88' lang='lat' dir='ltr'><strong>imagi-</strong></span> 
     </span>
    </p>
   </div>
   <div class='ocr_carea' id='block_1_71' title="bbox 2076 3425 3735 3507">
    <p class='ocr_par' dir='ltr' id='par_1_71' title="bbox 2076 3425 3735 3507">
     <span class='ocr_line' id='line_1_71' title="bbox 2076 3425 3735 3507; baseline -0.002 -16"><span class='ocrx_word' id='word_1_494' title='bbox 2076 3448 2215 3492; x_wconf 90' lang='lat' dir='ltr'><strong>nem</strong></span> <span class='ocrx_word' id='word_1_495' title='bbox 2273 3428 2475 3489; x_wconf 90' lang='lat' dir='ltr'><strong>anima</strong></span> <span class='ocrx_word' id='word_1_496' title='bbox 2530 3429 2818 3507; x_wconf 89' lang='lat' dir='ltr'><strong>cujusque</strong></span> <span class='ocrx_word' id='word_1_497' title='bbox 2874 3425 3134 3488; x_wconf 90' lang='lat' dir='ltr'><strong>hominis</strong></span> <span class='ocrx_word' id='word_1_498' title='bbox 3189 3426 3384 3506; x_wconf 80' lang='grc' dir='ltr'><strong>λογικὴ</strong></span> <span class='ocrx_word' id='word_1_499' title='bbox 3439 3431 3594 3485; x_wconf 78' lang='grc' dir='ltr'><strong>εἰκὼν</strong></span> <span class='ocrx_word' id='word_1_500' title='bbox 3642 3439 3735 3487; x_wconf 74' lang='grc' dir='ltr'><strong>τοῦ</strong></span> 
     </span>
    </p>
   </div>
   <div class='ocr_carea' id='block_1_72' title="bbox 2076 3516 3729 3600">
    <p class='ocr_par' dir='ltr' id='par_1_72' title="bbox 2076 3516 3729 3600">
     <span class='ocr_line' id='line_1_72' title="bbox 2076 3516 3729 3600; baseline 0.002 -22"><span class='ocrx_word' id='word_1_501' title='bbox 2076 3521 2260 3600; x_wconf 81' lang='grc' dir='ltr'><strong>λόγου.</strong></span> <span class='ocrx_word' id='word_1_502' title='bbox 2287 3518 2413 3590; x_wconf 89' lang='lat' dir='ltr'><strong>Quo</strong></span> <span class='ocrx_word' id='word_1_503' title='bbox 2436 3526 2608 3598; x_wconf 90' lang='lat' dir='ltr'><strong>pacto</strong></span> <span class='ocrx_word' id='word_1_504' title='bbox 2632 3516 2662 3575; x_wconf 71' lang='lat'><strong>‘2</strong></span> <span class='ocrx_word' id='word_1_505' title='bbox 2684 3517 2835 3580; x_wconf 86' lang='lat' dir='ltr'><strong>doce</strong></span> <span class='ocrx_word' id='word_1_506' title='bbox 2854 3534 2969 3578; x_wconf 90' lang='lat' dir='ltr'><strong>me.</strong></span> <span class='ocrx_word' id='word_1_507' title='bbox 2994 3516 3257 3579; x_wconf 84' lang='lat' dir='ltr'><strong>Attende</strong></span> <span class='ocrx_word' id='word_1_508' title='bbox 3278 3517 3352 3579; x_wconf 91' lang='lat' dir='ltr'><strong>ad</strong></span> <span class='ocrx_word' id='word_1_509' title='bbox 3374 3517 3554 3580; x_wconf 89' lang='lat' dir='ltr'><strong>verba</strong></span> <span class='ocrx_word' id='word_1_510' title='bbox 3574 3536 3729 3582; x_wconf 86' lang='lat' dir='ltr'><strong>mea.</strong></span> 
     </span>
    </p>
   </div>
   <div class='ocr_carea' id='block_1_73' title="bbox 325 3606 3732 3699">
    <p class='ocr_par' dir='ltr' id='par_1_73' title="bbox 325 3606 3732 3699">
     <span class='ocr_line' id='line_1_73' title="bbox 325 3606 3732 3699; baseline -0.001 -23"><span class='ocrx_word' id='word_1_511' title='bbox 325 3614 527 3677; x_wconf 89' lang='lat' dir='ltr'><strong>lorum</strong></span> <span class='ocrx_word' id='word_1_512' title='bbox 560 3633 830 3678; x_wconf 91' lang='lat' dir='ltr'><strong>meorum</strong></span> <span class='ocrx_word' id='word_1_513' title='bbox 863 3606 1014 3698; x_wconf 89' lang='lat' dir='ltr'><strong>opus</strong></span> <span class='ocrx_word' id='word_1_514' title='bbox 1042 3617 1174 3693; x_wconf 86' lang='lat' dir='ltr'><strong>fuit,</strong></span> <span class='ocrx_word' id='word_1_515' title='bbox 1207 3606 1365 3698; x_wconf 80' lang='lat' dir='ltr'><strong>quod</strong></span> <span class='ocrx_word' id='word_1_516' title='bbox 1399 3617 1695 3693; x_wconf 61' lang='lat' dir='ltr'><strong>manlavi,</strong></span> <span class='ocrx_word' id='word_1_517' title='bbox 1732 3606 1995 3699; x_wconf 85' lang='lat' dir='ltr'><strong>promul-</strong></span> <span class='ocrx_word' id='word_1_518' title='bbox 2079 3614 2164 3673; x_wconf 85' lang='lat' dir='ltr'><strong>Ex</strong></span> <span class='ocrx_word' id='word_1_519' title='bbox 2192 3609 2313 3670; x_wconf 88' lang='lat' dir='ltr'><strong>Deo</strong></span> <span class='ocrx_word' id='word_1_520' title='bbox 2343 3607 2504 3699; x_wconf 78' lang='lat' dir='ltr'><strong>Deus</strong></span> <span class='ocrx_word' id='word_1_521' title='bbox 2536 3606 2821 3699; x_wconf 84' lang='lat' dir='ltr'><strong>Verbum,</strong></span> <span class='ocrx_word' id='word_1_522' title='bbox 2846 3612 3207 3699; x_wconf 65' lang='lat' dir='ltr'><strong>cowternum</strong></span> <span class='ocrx_word' id='word_1_523' title='bbox 3231 3607 3391 3699; x_wconf 81' lang='lat' dir='ltr'><strong>Patri</strong></span> <span class='ocrx_word' id='word_1_524' title='bbox 3415 3606 3732 3699; x_wconf 80' lang='lat' dir='ltr'><strong>etSpiritui</strong></span> 
     </span>
    </p>
   </div>
   <div class='ocr_carea' id='block_1_74' title="bbox 323 3695 3735 3788">
    <p class='ocr_par' dir='ltr' id='par_1_74' title="bbox 323 3695 3735 3788">
     <span class='ocr_line' id='line_1_74' title="bbox 323 3695 3735 3788; baseline -0.003 -21"><span class='ocrx_word' id='word_1_525' title='bbox 323 3723 474 3785; x_wconf 87' lang='lat' dir='ltr'><strong>gare</strong></span> <span class='ocrx_word' id='word_1_526' title='bbox 503 3704 781 3767; x_wconf 89' lang='lat' dir='ltr'><strong>videlicet</strong></span> <span class='ocrx_word' id='word_1_527' title='bbox 814 3695 919 3768; x_wconf 80' lang='lat' dir='ltr'><strong>me</strong></span> <span class='ocrx_word' id='word_1_528' title='bbox 939 3706 1125 3768; x_wconf 92' lang='lat' dir='ltr'><strong>Deum</strong></span> <span class='ocrx_word' id='word_1_529' title='bbox 1178 3695 1286 3788; x_wconf 82' lang='lat' dir='ltr'><strong>per</strong></span> <span class='ocrx_word' id='word_1_530' title='bbox 1334 3707 1540 3769; x_wconf 87' lang='lat' dir='ltr'><strong>orbem</strong></span> <span class='ocrx_word' id='word_1_531' title='bbox 1578 3695 1899 3785; x_wconf 76' lang='lat' dir='ltr'><strong>terrarum,</strong></span> <span class='ocrx_word' id='word_1_532' title='bbox 1932 3715 1991 3770; x_wconf 86' lang='lat' dir='ltr'><strong>et</strong></span> <span class='ocrx_word' id='word_1_533' title='bbox 2072 3706 2303 3762; x_wconf 89' lang='lat' dir='ltr'><strong>sancto.</strong></span> <span class='ocrx_word' id='word_1_534' title='bbox 2338 3696 2563 3788; x_wconf 89' lang='lat' dir='ltr'><strong>Eodem</strong></span> <span class='ocrx_word' id='word_1_535' title='bbox 2584 3695 2777 3788; x_wconf 68' lang='lat' dir='ltr'><strong>modo</strong></span> <span class='ocrx_word' id='word_1_536' title='bbox 2806 3703 2865 3757; x_wconf 87' lang='lat' dir='ltr'><strong>et</strong></span> <span class='ocrx_word' id='word_1_537' title='bbox 2891 3696 3094 3788; x_wconf 85' lang='lat' dir='ltr'><strong>anima</strong></span> <span class='ocrx_word' id='word_1_538' title='bbox 3152 3713 3287 3757; x_wconf 90' lang='lat' dir='ltr'><strong>mea</strong></span> <span class='ocrx_word' id='word_1_539' title='bbox 3338 3696 3735 3788; x_wconf 87' lang='lat' dir='ltr'><strong>similitudine</strong></span> 
     </span>
    </p>
   </div>
   <div class='ocr_carea' id='block_1_75' title="bbox 323 3786 3726 3878">
    <p class='ocr_par' dir='ltr' id='par_1_75' title="bbox 323 3786 3726 3878">
     <span class='ocr_line' id='line_1_75' title="bbox 323 3786 3726 3878; baseline -0.002 -21"><span class='ocrx_word' id='word_1_540' title='bbox 323 3794 549 3857; x_wconf 90' lang='lat' dir='ltr'><strong>docere</strong></span> <span class='ocrx_word' id='word_1_541' title='bbox 581 3795 910 3858; x_wconf 85' lang='lat' dir='ltr'><strong>voluntates</strong></span> <span class='ocrx_word' id='word_1_542' title='bbox 941 3814 1009 3859; x_wconf 88' lang='lat' dir='ltr'><strong>ac</strong></span> <span class='ocrx_word' id='word_1_543' title='bbox 1041 3786 1321 3859; x_wconf 81' lang='lat' dir='ltr'><strong>mandata</strong></span> <span class='ocrx_word' id='word_1_544' title='bbox 1339 3816 1493 3872; x_wconf 91' lang='lat' dir='ltr'><strong>mea,</strong></span> <span class='ocrx_word' id='word_1_545' title='bbox 1523 3799 1988 3878; x_wconf 89' lang='lat' dir='ltr'><strong>eaquehumano</strong></span> <span class='ocrx_word' id='word_1_546' title='bbox 2071 3788 2327 3871; x_wconf 82' lang='lat' dir='ltr'><strong>quadam</strong></span> <span class='ocrx_word' id='word_1_547' title='bbox 2358 3787 2542 3848; x_wconf 82' lang='lat' dir='ltr'><strong>illiUS-</strong></span> <span class='ocrx_word' id='word_1_548' title='bbox 2577 3786 2815 3878; x_wconf 60' lang='lat' dir='ltr'><strong>Habens</strong></span> <span class='ocrx_word' id='word_1_549' title='bbox 2849 3786 3009 3878; x_wconf 84' lang='lat' dir='ltr'><strong>enim</strong></span> <span class='ocrx_word' id='word_1_550' title='bbox 3041 3793 3386 3878; x_wconf 76' lang='lat' dir='ltr'><strong>mentemet</strong></span> <span class='ocrx_word' id='word_1_551' title='bbox 3408 3787 3726 3866; x_wconf 84' lang='lat' dir='ltr'><strong>ratiOnem,</strong></span> 
     </span>
    </p>
   </div>
   <div class='ocr_carea' id='block_1_76' title="bbox 324 3875 3733 3968">
    <p class='ocr_par' dir='ltr' id='par_1_76' title="bbox 324 3875 3733 3968">
     <span class='ocr_line' id='line_1_76' title="bbox 324 3875 3733 3968; baseline -0.002 -21"><span class='ocrx_word' id='word_1_552' title='bbox 324 3884 540 3964; x_wconf 85' lang='lat' dir='ltr'><strong>generi</strong></span> <span class='ocrx_word' id='word_1_553' title='bbox 575 3886 906 3967; x_wconf 88' lang='lat' dir='ltr'><strong>perscripta</strong></span> <span class='ocrx_word' id='word_1_554' title='bbox 934 3886 1299 3967; x_wconf 90' lang='lat' dir='ltr'><strong>relinquere.</strong></span> <span class='ocrx_word' id='word_1_555' title='bbox 1335 3885 1433 3949; x_wconf 90' lang='lat' dir='ltr'><strong>Sic</strong></span> <span class='ocrx_word' id='word_1_556' title='bbox 1454 3896 1514 3948; x_wconf 92' lang='lat' dir='ltr'><strong>tu</strong></span> <span class='ocrx_word' id='word_1_557' title='bbox 1532 3875 1765 3968; x_wconf 84' lang='lat' dir='ltr'><strong>quoque</strong></span> <span class='ocrx_word' id='word_1_558' title='bbox 1796 3886 1992 3950; x_wconf 88' lang='lat' dir='ltr'><strong>facere</strong></span> <span class='ocrx_word' id='word_1_559' title='bbox 2073 3878 2255 3942; x_wconf 84' lang='lat' dir='ltr'><strong>habet</strong></span> <span class='ocrx_word' id='word_1_560' title='bbox 2285 3879 2409 3968; x_wconf 59' lang='lat' dir='ltr'><strong>haec</strong></span> <span class='ocrx_word' id='word_1_561' title='bbox 2433 3877 2762 3968; x_wconf 87' lang='lat' dir='ltr'><strong>secundum</strong></span> <span class='ocrx_word' id='word_1_562' title='bbox 2782 3877 3106 3968; x_wconf 73' lang='lat' dir='ltr'><strong>essentiam</strong></span> <span class='ocrx_word' id='word_1_563' title='bbox 3144 3875 3418 3968; x_wconf 84' lang='lat' dir='ltr'><strong>indivisa,</strong></span> <span class='ocrx_word' id='word_1_564' title='bbox 3447 3887 3506 3941; x_wconf 84' lang='lat' dir='ltr'><strong>et</strong></span> <span class='ocrx_word' id='word_1_565' title='bbox 3527 3879 3733 3941; x_wconf 88' lang='lat' dir='ltr'><strong>incon-</strong></span> 
     </span>
    </p>
   </div>
   <div class='ocr_carea' id='block_1_77' title="bbox 328 3966 3729 4041">
    <p class='ocr_par' dir='ltr' id='par_1_77' title="bbox 328 3966 3729 4041">
     <span class='ocr_line' id='line_1_77' title="bbox 328 3966 3729 4041; baseline 0.001 -12"><span class='ocrx_word' id='word_1_566' title='bbox 328 3983 386 4036; x_wconf 79' lang='grc' dir='ltr'><strong>οι</strong></span> <span class='ocrx_word' id='word_1_567' title='bbox 423 3973 649 4036; x_wconf 82' lang='lat' dir='ltr'><strong>docere</strong></span> <span class='ocrx_word' id='word_1_568' title='bbox 671 3966 937 4036; x_wconf 71' lang='lat' dir='ltr'><strong>elabora.</strong></span> <span class='ocrx_word' id='word_1_569' title='bbox 961 3966 1751 4039; x_wconf 25' lang='lat' dir='ltr'><strong>Nolc’ntibusautemdudi‘re</strong></span> <span class='ocrx_word' id='word_1_570' title='bbox 1766 3996 1988 4040; x_wconf 78' lang='lat' dir='ltr'><strong>sermo.</strong></span> <span class='ocrx_word' id='word_1_571' title='bbox 2075 3970 2204 4031; x_wconf 82' lang='lat' dir='ltr'><strong>fusa</strong></span> <span class='ocrx_word' id='word_1_572' title='bbox 2219 3967 2496 4029; x_wconf 88' lang='lat' dir='ltr'><strong>similiter</strong></span> <span class='ocrx_word' id='word_1_573' title='bbox 2518 3966 3066 4041; x_wconf 85' lang='lat' dir='ltr'><strong>consubstantialia,</strong></span> <span class='ocrx_word' id='word_1_574' title='bbox 3090 3984 3273 4027; x_wconf 92' lang='lat' dir='ltr'><strong>unum</strong></span> <span class='ocrx_word' id='word_1_575' title='bbox 3298 3966 3425 4029; x_wconf 67' lang='lat' dir='ltr'><strong>haec</strong></span> <span class='ocrx_word' id='word_1_576' title='bbox 3448 3968 3559 4030; x_wconf 89' lang='lat' dir='ltr'><strong>tria</strong></span> <span class='ocrx_word' id='word_1_577' title='bbox 3588 3968 3729 4030; x_wconf 90' lang='lat' dir='ltr'><strong>uni—</strong></span> 
     </span>
    </p>
   </div>
   <div class='ocr_carea' id='block_1_78' title="bbox 323 4055 3732 4148">
    <p class='ocr_par' dir='ltr' id='par_1_78' title="bbox 323 4055 3732 4148">
     <span class='ocr_line' id='line_1_78' title="bbox 323 4055 3732 4148; baseline -0.001 -23"><span class='ocrx_word' id='word_1_578' title='bbox 323 4082 433 4126; x_wconf 90' lang='lat' dir='ltr'><strong>nes</strong></span> <span class='ocrx_word' id='word_1_579' title='bbox 469 4081 657 4136; x_wconf 91' lang='lat' dir='ltr'><strong>meos,</strong></span> <span class='ocrx_word' id='word_1_580' title='bbox 689 4065 1187 4147; x_wconf 87' lang='lat' dir='ltr'><strong>responde,quod</strong></span> <span class='ocrx_word' id='word_1_581' title='bbox 1202 4085 1309 4145; x_wconf 90' lang='lat' dir='ltr'><strong>ego</strong></span> <span class='ocrx_word' id='word_1_582' title='bbox 1329 4066 1610 4148; x_wconf 90' lang='lat' dir='ltr'><strong>respondi</strong></span> <span class='ocrx_word' id='word_1_583' title='bbox 1636 4066 1989 4147; x_wconf 83' lang='lat' dir='ltr'><strong>quibusdam</strong></span> <span class='ocrx_word' id='word_1_584' title='bbox 2079 4059 2210 4136; x_wconf 89' lang='lat' dir='ltr'><strong>tim,</strong></span> <span class='ocrx_word' id='word_1_585' title='bbox 2235 4070 2296 4122; x_wconf 84' lang='lat' dir='ltr'><strong>et</strong></span> <span class='ocrx_word' id='word_1_586' title='bbox 2324 4056 2559 4148; x_wconf 89' lang='lat' dir='ltr'><strong>divisim</strong></span> <span class='ocrx_word' id='word_1_587' title='bbox 2595 4055 2730 4148; x_wconf 78' lang='lat' dir='ltr'><strong>tria,</strong></span> <span class='ocrx_word' id='word_1_588' title='bbox 2763 4074 2894 4137; x_wconf 66' lang='lat' dir='ltr'><strong>quae</strong></span> <span class='ocrx_word' id='word_1_589' title='bbox 2926 4073 3165 4148; x_wconf 83' lang='lat' dir='ltr'><strong>semper</strong></span> <span class='ocrx_word' id='word_1_590' title='bbox 3192 4063 3250 4117; x_wconf 90' lang='lat' dir='ltr'><strong>et</strong></span> <span class='ocrx_word' id='word_1_591' title='bbox 3270 4057 3732 4139; x_wconf 88' lang='lat' dir='ltr'><strong>unita,etdivisa</strong></span> 
     </span>
    </p>
   </div>
   <div class='ocr_carea' id='block_1_79' title="bbox 325 4146 3735 4236">
    <p class='ocr_par' dir='ltr' id='par_1_79' title="bbox 325 4146 3735 4236">
     <span class='ocr_line' id='line_1_79' title="bbox 325 4146 3735 4236; baseline 0 -23"><span class='ocrx_word' id='word_1_592' title='bbox 325 4151 944 4217; x_wconf 79' lang='lat' dir='ltr'><strong>dicentibus?Durus</strong></span> <span class='ocrx_word' id='word_1_593' title='bbox 968 4146 1172 4217; x_wconf 80' lang='lat' dir='ltr'><strong>esthic</strong></span> <span class='ocrx_word' id='word_1_594' title='bbox 1193 4146 1988 4236; x_wconf 18' lang='lat' dir='ltr'><strong>sermo,&#39;etquis’potestau-</strong></span> <span class='ocrx_word' id='word_1_595' title='bbox 2078 4147 2580 4236; x_wconf 69' lang='lat' dir='ltr'><strong>sunttunitmlur</strong></span> <span class='ocrx_word' id='word_1_596' title='bbox 2637 4146 2798 4208; x_wconf 79' lang='lat' dir='ltr'><strong>enim</strong></span> <span class='ocrx_word' id='word_1_597' title='bbox 2853 4146 3187 4236; x_wconf 58' lang='lat' dir='ltr'><strong>inconfuse,</strong></span> <span class='ocrx_word' id='word_1_598' title='bbox 3250 4155 3308 4236; x_wconf 69' lang='lat' dir='ltr'><strong>el</strong></span> <span class='ocrx_word' id='word_1_599' title='bbox 3338 4157 3735 4211; x_wconf 78' lang='lat' dir='ltr'><strong>secernuntur</strong></span> 
     </span>
    </p>
   </div>
   <div class='ocr_carea' id='block_1_80' title="bbox 324 4233 3730 4322">
    <p class='ocr_par' dir='ltr' id='par_1_80' title="bbox 324 4233 3730 4322">
     <span class='ocr_line' id='line_1_80' title="bbox 324 4233 3730 4322; baseline 0.002 -30"><span class='ocrx_word' id='word_1_600' title='bbox 324 4243 461 4304; x_wconf 69' lang='lat' dir='ltr'><strong>dire</strong></span> <span class='ocrx_word' id='word_1_601' title='bbox 479 4240 751 4305; x_wconf 59' lang='lat' dir='ltr'><strong>eum“?</strong></span> <span class='ocrx_word' id='word_1_602' title='bbox 782 4243 905 4304; x_wconf 66' lang='lat' dir='ltr'><strong>dixi</strong></span> <span class='ocrx_word' id='word_1_603' title='bbox 938 4262 1104 4322; x_wconf 68' lang='lat' dir='ltr'><strong>ergo,</strong></span> <span class='ocrx_word' id='word_1_604' title='bbox 1137 4242 1196 4307; x_wconf 83' lang='lat' dir='ltr'><strong>si</strong></span> <span class='ocrx_word' id='word_1_605' title='bbox 1230 4244 1316 4306; x_wconf 79' lang='lat' dir='ltr'><strong>sic</strong></span> <span class='ocrx_word' id='word_1_606' title='bbox 1345 4264 1459 4306; x_wconf 78' lang='lat' dir='ltr'><strong>non</strong></span> <span class='ocrx_word' id='word_1_607' title='bbox 1492 4233 1694 4317; x_wconf 55' lang='lat' dir='ltr'><strong>vultis;</strong></span> <span class='ocrx_word' id='word_1_608' title='bbox 1730 4245 1894 4317; x_wconf 70' lang='lat' dir='ltr'><strong>itote,</strong></span> <span class='ocrx_word' id='word_1_609' title='bbox 1938 4252 1998 4310; x_wconf 79' lang='lat' dir='ltr'><strong>et</strong></span> <span class='ocrx_word' id='word_1_610' title='bbox 2078 4236 2356 4299; x_wconf 88' lang='lat' dir='ltr'><strong>indivise.</strong></span> <span class='ocrx_word' id='word_1_611' title='bbox 2393 4235 2456 4299; x_wconf 91' lang='lat' dir='ltr'><strong>Si</strong></span> <span class='ocrx_word' id='word_1_612' title='bbox 2481 4254 2666 4298; x_wconf 90' lang='lat' dir='ltr'><strong>unum</strong></span> <span class='ocrx_word' id='word_1_613' title='bbox 2717 4254 2789 4297; x_wconf 85' lang='lat' dir='ltr'><strong>ex</strong></span> <span class='ocrx_word' id='word_1_614' title='bbox 2844 4234 2939 4296; x_wconf 86' lang='lat' dir='ltr'><strong>his</strong></span> <span class='ocrx_word' id='word_1_615' title='bbox 2992 4233 3333 4310; x_wconf 90' lang='lat' dir='ltr'><strong>deduceris,</strong></span> <span class='ocrx_word' id='word_1_616' title='bbox 3386 4236 3588 4299; x_wconf 85' lang='lat' dir='ltr'><strong>omnia</strong></span> <span class='ocrx_word' id='word_1_617' title='bbox 3617 4239 3730 4300; x_wconf 89' lang='lat' dir='ltr'><strong>de-</strong></span> 
     </span>
    </p>
   </div>
   <div class='ocr_carea' id='block_1_81' title="bbox 325 4323 3731 4415">
    <p class='ocr_par' dir='ltr' id='par_1_81' title="bbox 325 4323 3731 4415">
     <span class='ocr_line' id='line_1_81' title="bbox 325 4323 3731 4415; baseline 0.001 -24"><span class='ocrx_word' id='word_1_618' title='bbox 325 4330 1471 4414; x_wconf 85' lang='lat' dir='ltr'><strong>facitequilibetquodlibet;totumque</strong></span> <span class='ocrx_word' id='word_1_619' title='bbox 1495 4326 2344 4415; x_wconf 55' lang='lat' dir='ltr'><strong>eorumpotestatindllxﬁl‘is-</strong></span> <span class='ocrx_word' id='word_1_620' title='bbox 2378 4325 2595 4387; x_wconf 84' lang='lat' dir='ltr'><strong>Anima</strong></span> <span class='ocrx_word' id='word_1_621' title='bbox 2653 4324 2783 4386; x_wconf 87' lang='lat' dir='ltr'><strong>sine</strong></span> <span class='ocrx_word' id='word_1_622' title='bbox 2841 4323 3075 4415; x_wconf 66' lang='lat' dir='ltr'><strong>raliQHe</strong></span> <span class='ocrx_word' id='word_1_623' title='bbox 3130 4331 3190 4385; x_wconf 74' lang='lat' dir='ltr'><strong>et</strong></span> <span class='ocrx_word' id='word_1_624' title='bbox 3247 4332 3470 4415; x_wconf 77' lang='lat' dir='ltr'><strong>mente,</strong></span> <span class='ocrx_word' id='word_1_625' title='bbox 3533 4327 3731 4390; x_wconf 86' lang='lat' dir='ltr'><strong>simile</strong></span> 
     </span>
    </p>
   </div>
   <div class='ocr_carea' id='block_1_82' title="bbox 329 4394 3733 4502">
    <p class='ocr_par' dir='ltr' id='par_1_82' title="bbox 329 4394 3733 4502">
     <span class='ocr_line' id='line_1_82' title="bbox 329 4394 3733 4502; baseline 0 -21"><span class='ocrx_word' id='word_1_626' title='bbox 329 4429 387 4482; x_wconf 90' lang='lat' dir='ltr'><strong>et</strong></span> <span class='ocrx_word' id='word_1_627' title='bbox 415 4394 667 4481; x_wconf 71' lang='lat' dir='ltr'><strong>arbitrio</strong></span> <span class='ocrx_word' id='word_1_628' title='bbox 700 4394 970 4502; x_wconf 73' lang='lat' dir='ltr'><strong>permisi,</strong></span> <span class='ocrx_word' id='word_1_629' title='bbox 996 4428 1058 4482; x_wconf 91' lang='lat' dir='ltr'><strong>ut</strong></span> <span class='ocrx_word' id='word_1_630' title='bbox 1087 4394 1137 4482; x_wconf 79' lang='lat' dir='ltr'><strong>si</strong></span> <span class='ocrx_word' id='word_1_631' title='bbox 1162 4394 1436 4497; x_wconf 76' lang='lat' dir='ltr'><strong>mortem,</strong></span> <span class='ocrx_word' id='word_1_632' title='bbox 1463 4440 1569 4482; x_wconf 86' lang='lat' dir='ltr'><strong>seu</strong></span> <span class='ocrx_word' id='word_1_633' title='bbox 1592 4394 1767 4484; x_wconf 69' lang='lat' dir='ltr'><strong>vitam</strong></span> <span class='ocrx_word' id='word_1_634' title='bbox 1804 4422 1990 4501; x_wconf 81' lang='lat' dir='ltr'><strong>elige-</strong></span> <span class='ocrx_word' id='word_1_635' title='bbox 2014 4394 2059 4444; x_wconf 69' lang='grc' dir='ltr'>Β</span> <span class='ocrx_word' id='word_1_636' title='bbox 2078 4414 2361 4497; x_wconf 90' lang='lat' dir='ltr'><strong>quiddam</strong></span> <span class='ocrx_word' id='word_1_637' title='bbox 2391 4415 2702 4477; x_wconf 88' lang='lat' dir='ltr'><strong>brutorum</strong></span> <span class='ocrx_word' id='word_1_638' title='bbox 2733 4420 2827 4476; x_wconf 92' lang='lat' dir='ltr'><strong>est</strong></span> <span class='ocrx_word' id='word_1_639' title='bbox 2862 4434 2875 4502; x_wconf 64' lang='grc' dir='ltr'>ς</span> <span class='ocrx_word' id='word_1_640' title='bbox 2932 4412 3158 4493; x_wconf 91' lang='lat' dir='ltr'><strong>absque</strong></span> <span class='ocrx_word' id='word_1_641' title='bbox 3215 4414 3412 4475; x_wconf 90' lang='lat' dir='ltr'><strong>anima</strong></span> <span class='ocrx_word' id='word_1_642' title='bbox 3443 4433 3580 4478; x_wconf 92' lang='lat' dir='ltr'><strong>vero</strong></span> <span class='ocrx_word' id='word_1_643' title='bbox 3609 4436 3733 4481; x_wconf 89' lang='lat' dir='ltr'><strong>non</strong></span> 
     </span>
    </p>
   </div>
   <div class='ocr_carea' id='block_1_83' title="bbox 327 4501 3727 4591">
    <p class='ocr_par' dir='ltr' id='par_1_83' title="bbox 327 4501 3727 4591">
     <span class='ocr_line' id='line_1_83' title="bbox 327 4501 3727 4591; baseline -0 -21"><span class='ocrx_word' id='word_1_644' title='bbox 327 4515 487 4571; x_wconf 88' lang='lat' dir='ltr'><strong>rent.</strong></span> <span class='ocrx_word' id='word_1_645' title='bbox 519 4501 713 4572; x_wconf 90' lang='lat' dir='ltr'><strong>Nemo</strong></span> <span class='ocrx_word' id='word_1_646' title='bbox 746 4510 906 4572; x_wconf 84' lang='lat' dir='ltr'><strong>enim</strong></span> <span class='ocrx_word' id='word_1_647' title='bbox 937 4510 1255 4591; x_wconf 90' lang='lat' dir='ltr'><strong>aliquando</strong></span> <span class='ocrx_word' id='word_1_648' title='bbox 1287 4518 1501 4591; x_wconf 68' lang='lat' dir='ltr'><strong>praeter</strong></span> <span class='ocrx_word' id='word_1_649' title='bbox 1523 4510 1914 4590; x_wconf 75' lang='lat' dir='ltr'><strong>voluntatem,</strong></span> <span class='ocrx_word' id='word_1_650' title='bbox 1938 4518 1998 4577; x_wconf 89' lang='lat' dir='ltr'><strong>et</strong></span> <span class='ocrx_word' id='word_1_651' title='bbox 2080 4512 2274 4587; x_wconf 87' lang='lat' dir='ltr'><strong>potest</strong></span> <span class='ocrx_word' id='word_1_652' title='bbox 2294 4506 2444 4567; x_wconf 90' lang='lat' dir='ltr'><strong>ratio</strong></span> <span class='ocrx_word' id='word_1_653' title='bbox 2463 4503 2813 4566; x_wconf 89' lang='lat' dir='ltr'><strong>subsistere.</strong></span> <span class='ocrx_word' id='word_1_654' title='bbox 2855 4501 2952 4565; x_wconf 93' lang='lat' dir='ltr'><strong>Sic</strong></span> <span class='ocrx_word' id='word_1_655' title='bbox 2976 4519 3115 4582; x_wconf 77' lang='lat' dir='ltr'><strong>ergo</strong></span> <span class='ocrx_word' id='word_1_656' title='bbox 3143 4521 3212 4564; x_wconf 82' lang='lat' dir='ltr'><strong>ex</strong></span> <span class='ocrx_word' id='word_1_657' title='bbox 3238 4502 3498 4583; x_wconf 84' lang='lat' dir='ltr'><strong>imagine</strong></span> <span class='ocrx_word' id='word_1_658' title='bbox 3520 4515 3727 4586; x_wconf 91' lang='lat' dir='ltr'><strong>proto-</strong></span> 
     </span>
    </p>
   </div>
   <div class='ocr_carea' id='block_1_84' title="bbox 329 4592 3730 4681">
    <p class='ocr_par' dir='ltr' id='par_1_84' title="bbox 329 4592 3730 4681">
     <span class='ocr_line' id='line_1_84' title="bbox 329 4592 3730 4681; baseline 0 -21"><span class='ocrx_word' id='word_1_659' title='bbox 329 4597 740 4660; x_wconf 91' lang='lat' dir='ltr'><strong>inductionem</strong></span> <span class='ocrx_word' id='word_1_660' title='bbox 775 4599 960 4661; x_wconf 91' lang='lat' dir='ltr'><strong>animi</strong></span> <span class='ocrx_word' id='word_1_661' title='bbox 992 4599 1186 4662; x_wconf 89' lang='lat' dir='ltr'><strong>bonus</strong></span> <span class='ocrx_word' id='word_1_662' title='bbox 1216 4599 1325 4661; x_wconf 86' lang='lat' dir='ltr'><strong>fuit</strong></span> <span class='ocrx_word' id='word_1_663' title='bbox 1353 4619 1368 4678; x_wconf 92' lang='lat'><strong>;</strong></span> <span class='ocrx_word' id='word_1_664' title='bbox 1408 4619 1605 4681; x_wconf 91' lang='lat' dir='ltr'><strong>neque</strong></span> <span class='ocrx_word' id='word_1_665' title='bbox 1638 4600 1918 4676; x_wconf 79' lang='lat' dir='ltr'><strong>infidelis,</strong></span> <span class='ocrx_word' id='word_1_666' title='bbox 1948 4602 2002 4664; x_wconf 84' lang='lat' dir='ltr'><strong>si</strong></span> <span class='ocrx_word' id='word_1_667' title='bbox 2082 4605 2257 4677; x_wconf 79' lang='lat' dir='ltr'><strong>typon</strong></span> <span class='ocrx_word' id='word_1_668' title='bbox 2278 4595 2571 4674; x_wconf 86' lang='lat' dir='ltr'><strong>intellige.</strong></span> <span class='ocrx_word' id='word_1_669' title='bbox 2595 4592 2976 4674; x_wconf 87' lang='lat' dir='ltr'><strong>SineSpiritu</strong></span> <span class='ocrx_word' id='word_1_670' title='bbox 2993 4610 3104 4654; x_wconf 91' lang='lat' dir='ltr'><strong>nec</strong></span> <span class='ocrx_word' id='word_1_671' title='bbox 3121 4596 3312 4668; x_wconf 84' lang='lat' dir='ltr'><strong>Pater,</strong></span> <span class='ocrx_word' id='word_1_672' title='bbox 3332 4611 3443 4655; x_wconf 90' lang='lat' dir='ltr'><strong>nec</strong></span> <span class='ocrx_word' id='word_1_673' title='bbox 3462 4594 3730 4660; x_wconf 86' lang='lat' dir='ltr'><strong>Verbum</strong></span> 
     </span>
    </p>
   </div>
   <div class='ocr_carea' id='block_1_85' title="bbox 325 4682 3735 4766">
    <p class='ocr_par' dir='ltr' id='par_1_85' title="bbox 325 4682 3735 4766">
     <span class='ocr_line' id='line_1_85' title="bbox 325 4682 3735 4766; baseline 0.001 -19"><span class='ocrx_word' id='word_1_674' title='bbox 325 4687 498 4762; x_wconf 88' lang='lat' dir='ltr'><strong>nolit,</strong></span> <span class='ocrx_word' id='word_1_675' title='bbox 535 4687 731 4749; x_wconf 86' lang='lat' dir='ltr'><strong>ﬁdelis</strong></span> <span class='ocrx_word' id='word_1_676' title='bbox 760 4688 875 4750; x_wconf 90' lang='lat' dir='ltr'><strong>erit</strong></span> <span class='ocrx_word' id='word_1_677' title='bbox 906 4709 921 4766; x_wconf 92' lang='lat'><strong>;</strong></span> <span class='ocrx_word' id='word_1_678' title='bbox 955 4707 1067 4751; x_wconf 90' lang='lat' dir='ltr'><strong>nec</strong></span> <span class='ocrx_word' id='word_1_679' title='bbox 1098 4689 1325 4751; x_wconf 91' lang='lat' dir='ltr'><strong>amicus</strong></span> <span class='ocrx_word' id='word_1_680' title='bbox 1358 4688 1588 4765; x_wconf 78' lang='lat' dir='ltr'><strong>mundi,</strong></span> <span class='ocrx_word' id='word_1_681' title='bbox 1612 4689 1838 4752; x_wconf 90' lang='lat' dir='ltr'><strong>amicus</strong></span> <span class='ocrx_word' id='word_1_682' title='bbox 1860 4690 1993 4761; x_wconf 82' lang='lat' dir='ltr'><strong>Dei.</strong></span> <span class='ocrx_word' id='word_1_683' title='bbox 2081 4687 2211 4765; x_wconf 85' lang='lat' dir='ltr'><strong>ejus</strong></span> <span class='ocrx_word' id='word_1_684' title='bbox 2243 4685 2377 4747; x_wconf 84' lang='lat' dir='ltr'><strong>erit.</strong></span> <span class='ocrx_word' id='word_1_685' title='bbox 2414 4684 2586 4746; x_wconf 89' lang='lat' dir='ltr'><strong>Pater</strong></span> <span class='ocrx_word' id='word_1_686' title='bbox 2640 4692 2730 4745; x_wconf 91' lang='lat' dir='ltr'><strong>est</strong></span> <span class='ocrx_word' id='word_1_687' title='bbox 2787 4682 3061 4763; x_wconf 90' lang='lat' dir='ltr'><strong>Spiritus,</strong></span> <span class='ocrx_word' id='word_1_688' title='bbox 3136 4691 3197 4745; x_wconf 92' lang='lat' dir='ltr'><strong>et</strong></span> <span class='ocrx_word' id='word_1_689' title='bbox 3252 4683 3437 4745; x_wconf 91' lang='lat' dir='ltr'><strong>Filius</strong></span> <span class='ocrx_word' id='word_1_690' title='bbox 3484 4687 3613 4766; x_wconf 85' lang='lat' dir='ltr'><strong>ejus</strong></span> <span class='ocrx_word' id='word_1_691' title='bbox 3641 4698 3735 4751; x_wconf 88' lang='lat' dir='ltr'><strong>est</strong></span> 
     </span>
    </p>
   </div>
   <div class='ocr_carea' id='block_1_86' title="bbox 331 4771 3730 4859">
    <p class='ocr_par' dir='ltr' id='par_1_86' title="bbox 331 4771 3730 4859">
     <span class='ocr_line' id='line_1_86' title="bbox 331 4771 3730 4859; baseline 0.001 -23"><span class='ocrx_word' id='word_1_692' title='bbox 331 4773 648 4857; x_wconf 88' lang='lat' dir='ltr'><strong>Nunquam</strong></span> <span class='ocrx_word' id='word_1_693' title='bbox 682 4777 897 4839; x_wconf 89' lang='lat' dir='ltr'><strong>stultus</strong></span> <span class='ocrx_word' id='word_1_694' title='bbox 916 4785 1130 4859; x_wconf 81' lang='lat' dir='ltr'><strong>praeter</strong></span> <span class='ocrx_word' id='word_1_695' title='bbox 1151 4778 1510 4841; x_wconf 90' lang='lat' dir='ltr'><strong>voluntatem</strong></span> <span class='ocrx_word' id='word_1_696' title='bbox 1550 4785 1772 4841; x_wconf 87' lang='lat' dir='ltr'><strong>mutato</strong></span> <span class='ocrx_word' id='word_1_697' title='bbox 1795 4781 1995 4843; x_wconf 90' lang='lat' dir='ltr'><strong>animo</strong></span> <span class='ocrx_word' id='word_1_698' title='bbox 2081 4774 2361 4856; x_wconf 90' lang='lat' dir='ltr'><strong>Spiritus,</strong></span> <span class='ocrx_word' id='word_1_699' title='bbox 2386 4773 2626 4836; x_wconf 88' lang='lat' dir='ltr'><strong>tametsi</strong></span> <span class='ocrx_word' id='word_1_700' title='bbox 2649 4790 2887 4834; x_wconf 88' lang='lat' dir='ltr'><strong>carnem</strong></span> <span class='ocrx_word' id='word_1_701' title='bbox 2914 4771 3202 4849; x_wconf 90' lang='lat' dir='ltr'><strong>induit,et</strong></span> <span class='ocrx_word' id='word_1_702' title='bbox 3223 4791 3460 4835; x_wconf 89' lang='lat' dir='ltr'><strong>rursum</strong></span> <span class='ocrx_word' id='word_1_703' title='bbox 3476 4773 3730 4857; x_wconf 89' lang='lat' dir='ltr'><strong>Spiritus</strong></span> 
     </span>
    </p>
   </div>
   <div class='ocr_carea' id='block_1_87' title="bbox 327 4862 3730 4950">
    <p class='ocr_par' dir='ltr' id='par_1_87' title="bbox 327 4862 3730 4950">
     <span class='ocr_line' id='line_1_87' title="bbox 327 4862 3730 4950; baseline 0.001 -24"><span class='ocrx_word' id='word_1_704' title='bbox 327 4863 551 4945; x_wconf 91' lang='lat' dir='ltr'><strong>probus</strong></span> <span class='ocrx_word' id='word_1_705' title='bbox 576 4866 703 4928; x_wconf 88' lang='lat' dir='ltr'><strong>ﬁet.</strong></span> <span class='ocrx_word' id='word_1_706' title='bbox 726 4864 935 4928; x_wconf 90' lang='lat' dir='ltr'><strong>Nullus</strong></span> <span class='ocrx_word' id='word_1_707' title='bbox 954 4866 1113 4928; x_wconf 90' lang='lat' dir='ltr'><strong>enim</strong></span> <span class='ocrx_word' id='word_1_708' title='bbox 1137 4876 1367 4941; x_wconf 90' lang='lat' dir='ltr'><strong>natura,</strong></span> <span class='ocrx_word' id='word_1_709' title='bbox 1394 4868 1992 4950; x_wconf 86' lang='lat' dir='ltr'><strong>sedconsilioetpro-</strong></span> <span class='ocrx_word' id='word_1_710' title='bbox 2077 4864 2236 4927; x_wconf 91' lang='lat' dir='ltr'><strong>Deus</strong></span> <span class='ocrx_word' id='word_1_711' title='bbox 2270 4872 2359 4925; x_wconf 91' lang='lat' dir='ltr'><strong>est</strong></span> <span class='ocrx_word' id='word_1_712' title='bbox 2387 4884 2402 4924; x_wconf 88' lang='lat'><strong>:</strong></span> <span class='ocrx_word' id='word_1_713' title='bbox 2466 4882 2649 4924; x_wconf 90' lang='lat' dir='ltr'><strong>unum</strong></span> <span class='ocrx_word' id='word_1_714' title='bbox 2680 4862 2840 4924; x_wconf 89' lang='lat' dir='ltr'><strong>enim</strong></span> <span class='ocrx_word' id='word_1_715' title='bbox 2884 4870 3115 4944; x_wconf 90' lang='lat' dir='ltr'><strong>natura,</strong></span> <span class='ocrx_word' id='word_1_716' title='bbox 3177 4871 3234 4925; x_wconf 92' lang='lat' dir='ltr'><strong>et</strong></span> <span class='ocrx_word' id='word_1_717' title='bbox 3262 4865 3526 4928; x_wconf 89' lang='lat' dir='ltr'><strong>essentia</strong></span> <span class='ocrx_word' id='word_1_718' title='bbox 3555 4866 3730 4931; x_wconf 85' lang='lat' dir='ltr'><strong>ambo</strong></span> 
     </span>
    </p>
   </div>
   <div class='ocr_carea' id='block_1_88' title="bbox 330 4951 3730 5039">
    <p class='ocr_par' dir='ltr' id='par_1_88' title="bbox 330 4951 3730 5039">
     <span class='ocr_line' id='line_1_88' title="bbox 330 4951 3730 5039; baseline 0.002 -24"><span class='ocrx_word' id='word_1_719' title='bbox 330 4953 524 5035; x_wconf 90' lang='lat' dir='ltr'><strong>posito</strong></span> <span class='ocrx_word' id='word_1_720' title='bbox 557 4955 776 5017; x_wconf 90' lang='lat' dir='ltr'><strong>mentis</strong></span> <span class='ocrx_word' id='word_1_721' title='bbox 797 4956 984 5019; x_wconf 83' lang='lat' dir='ltr'><strong>factus</strong></span> <span class='ocrx_word' id='word_1_722' title='bbox 1007 4966 1095 5019; x_wconf 91' lang='lat' dir='ltr'><strong>est</strong></span> <span class='ocrx_word' id='word_1_723' title='bbox 1114 4956 1426 5039; x_wconf 92' lang='lat' dir='ltr'><strong>improbus</strong></span> <span class='ocrx_word' id='word_1_724' title='bbox 1453 4978 1466 5020; x_wconf 92' lang='lat'>:</span> <span class='ocrx_word' id='word_1_725' title='bbox 1521 4958 1608 5021; x_wconf 93' lang='lat' dir='ltr'><strong>sic</strong></span> <span class='ocrx_word' id='word_1_726' title='bbox 1628 4958 1890 5020; x_wconf 90' lang='lat' dir='ltr'><strong>vicissim</strong></span> <span class='ocrx_word' id='word_1_727' title='bbox 1922 4979 1993 5022; x_wconf 85' lang='lat' dir='ltr'><strong>ex</strong></span> <span class='ocrx_word' id='word_1_728' title='bbox 2076 4965 2236 5037; x_wconf 90' lang='lat' dir='ltr'><strong>sunt,</strong></span> <span class='ocrx_word' id='word_1_729' title='bbox 2261 4954 2416 5017; x_wconf 90' lang='lat' dir='ltr'><strong>sicut</strong></span> <span class='ocrx_word' id='word_1_730' title='bbox 2441 4971 2633 5027; x_wconf 89' lang='lat' dir='ltr'><strong>mens,</strong></span> <span class='ocrx_word' id='word_1_731' title='bbox 2660 4952 2928 5014; x_wconf 85' lang='lat' dir='ltr'><strong>animaet</strong></span> <span class='ocrx_word' id='word_1_732' title='bbox 2946 4951 3122 5014; x_wconf 88' lang='lat' dir='ltr'><strong>ratio.</strong></span> <span class='ocrx_word' id='word_1_733' title='bbox 3151 4954 3271 5015; x_wconf 83' lang='lat' dir='ltr'><strong>Sed</strong></span> <span class='ocrx_word' id='word_1_734' title='bbox 3296 4955 3730 5039; x_wconf 89' lang='lat' dir='ltr'><strong>Paterquidem</strong></span> 
     </span>
    </p>
   </div>
   <div class='ocr_carea' id='block_1_89' title="bbox 330 5046 1990 5128">
    <p class='ocr_par' dir='ltr' id='par_1_89' title="bbox 330 5046 1990 5128">
     <span class='ocr_line' id='line_1_89' title="bbox 330 5046 1990 5128; baseline 0.003 -22"><span class='ocrx_word' id='word_1_735' title='bbox 330 5060 610 5124; x_wconf 87' lang='lat' dir='ltr'><strong>perverso</strong></span> <span class='ocrx_word' id='word_1_736' title='bbox 637 5053 813 5127; x_wconf 89' lang='lat' dir='ltr'><strong>atque</strong></span> <span class='ocrx_word' id='word_1_737' title='bbox 844 5046 1142 5128; x_wconf 58' lang='lat' dir='ltr'><strong>improbo&#39;</strong></span> <span class='ocrx_word' id='word_1_738' title='bbox 1176 5047 1472 5110; x_wconf 89' lang='lat' dir='ltr'><strong>sententia</strong></span> <span class='ocrx_word' id='word_1_739' title='bbox 1503 5055 1561 5111; x_wconf 92' lang='lat' dir='ltr'><strong>et</strong></span> <span class='ocrx_word' id='word_1_740' title='bbox 1594 5048 1904 5125; x_wconf 88' lang='lat' dir='ltr'><strong>arbitratu,</strong></span> <span class='ocrx_word' id='word_1_741' title='bbox 1939 5050 1990 5111; x_wconf 90' lang='lat' dir='ltr'><strong>si</strong></span> 
     </span>
    </p>
   </div>
   <div class='ocr_carea' id='block_1_90' title="bbox 332 5132 1984 5219">
    <p class='ocr_par' dir='ltr' id='par_1_90' title="bbox 332 5132 1984 5219">
     <span class='ocr_line' id='line_1_90' title="bbox 332 5132 1984 5219; baseline 0.004 -25"><span class='ocrx_word' id='word_1_742' title='bbox 332 5132 641 5213; x_wconf 89' lang='lat' dir='ltr'><strong>placuerit,</strong></span> <span class='ocrx_word' id='word_1_743' title='bbox 678 5135 900 5216; x_wconf 89' lang='lat' dir='ltr'><strong>probus</strong></span> <span class='ocrx_word' id='word_1_744' title='bbox 931 5144 989 5198; x_wconf 89' lang='lat' dir='ltr'><strong>et</strong></span> <span class='ocrx_word' id='word_1_745' title='bbox 1019 5135 1254 5217; x_wconf 89' lang='lat' dir='ltr'><strong>integer</strong></span> <span class='ocrx_word' id='word_1_746' title='bbox 1304 5138 1403 5199; x_wconf 85' lang='lat' dir='ltr'><strong>ﬁet</strong></span> <span class='ocrx_word' id='word_1_747' title='bbox 1441 5156 1455 5201; x_wconf 88' lang='lat'><strong>:</strong></span> <span class='ocrx_word' id='word_1_748' title='bbox 1521 5139 1682 5219; x_wconf 89' lang='lat' dir='ltr'><strong>quod</strong></span> <span class='ocrx_word' id='word_1_749' title='bbox 1734 5138 1784 5200; x_wconf 91' lang='lat' dir='ltr'><strong>si</strong></span> <span class='ocrx_word' id='word_1_750' title='bbox 1814 5140 1984 5215; x_wconf 91' lang='lat' dir='ltr'><strong>nolit,</strong></span> 
     </span>
    </p>
   </div>
   <div class='ocr_carea' id='block_1_91' title="bbox 330 5223 1989 5308">
    <p class='ocr_par' dir='ltr' id='par_1_91' title="bbox 330 5223 1989 5308">
     <span class='ocr_line' id='line_1_91' title="bbox 330 5223 1989 5308; baseline 0.006 -25"><span class='ocrx_word' id='word_1_751' title='bbox 330 5223 658 5286; x_wconf 88' lang='lat' dir='ltr'><strong>voluntarie</strong></span> <span class='ocrx_word' id='word_1_752' title='bbox 689 5243 1062 5308; x_wconf 89' lang='lat' dir='ltr'><strong>nequaquam</strong></span> <span class='ocrx_word' id='word_1_753' title='bbox 1093 5228 1226 5289; x_wconf 89' lang='lat' dir='ltr'><strong>talis</strong></span> <span class='ocrx_word' id='word_1_754' title='bbox 1286 5226 1421 5293; x_wconf 87' lang='lat' dir='ltr'><strong>erit.</strong></span> <span class='ocrx_word' id='word_1_755' title='bbox 1487 5227 1673 5290; x_wconf 94' lang='lat' dir='ltr'><strong>Nemo</strong></span> <span class='ocrx_word' id='word_1_756' title='bbox 1704 5228 1766 5290; x_wconf 89' lang='lat' dir='ltr'><strong>in</strong></span> <span class='ocrx_word' id='word_1_757' title='bbox 1798 5230 1989 5293; x_wconf 90' lang='lat' dir='ltr'><strong>isthoc</strong></span> 
     </span>
    </p>
   </div>
   <div class='ocr_carea' id='block_1_92' title="bbox 335 5311 1990 5397">
    <p class='ocr_par' dir='ltr' id='par_1_92' title="bbox 335 5311 1990 5397">
     <span class='ocr_line' id='line_1_92' title="bbox 335 5311 1990 5397; baseline 0.005 -24"><span class='ocrx_word' id='word_1_758' title='bbox 335 5311 553 5375; x_wconf 90' lang='lat' dir='ltr'><strong>mundo</strong></span> <span class='ocrx_word' id='word_1_759' title='bbox 568 5312 784 5376; x_wconf 86' lang='lat' dir='ltr'><strong>invitus</strong></span> <span class='ocrx_word' id='word_1_760' title='bbox 800 5315 1313 5397; x_wconf 85' lang='lat' dir='ltr'><strong>virtutisfungetur</strong></span> <span class='ocrx_word' id='word_1_761' title='bbox 1330 5317 1546 5382; x_wconf 79' lang='lat' dir='ltr'><strong>ofﬁcio.</strong></span> <span class='ocrx_word' id='word_1_762' title='bbox 1564 5316 1750 5380; x_wconf 83' lang='lat' dir='ltr'><strong>Nemo</strong></span> <span class='ocrx_word' id='word_1_763' title='bbox 1774 5319 1990 5382; x_wconf 89' lang='lat' dir='ltr'><strong>nolens</strong></span> 
     </span>
    </p>
   </div>
   <div class='ocr_carea' id='block_1_93' title="bbox 336 5401 1989 5489">
    <p class='ocr_par' dir='ltr' id='par_1_93' title="bbox 336 5401 1989 5489">
     <span class='ocr_line' id='line_1_93' title="bbox 336 5401 1989 5489; baseline 0.006 -28"><span class='ocrx_word' id='word_1_764' title='bbox 336 5401 591 5465; x_wconf 77' lang='lat' dir='ltr'><strong>salvetur</strong></span> <span class='ocrx_word' id='word_1_765' title='bbox 620 5425 632 5463; x_wconf 91' lang='lat'><strong>:</strong></span> <span class='ocrx_word' id='word_1_766' title='bbox 666 5404 781 5467; x_wconf 92' lang='lat' dir='ltr'><strong>hoc</strong></span> <span class='ocrx_word' id='word_1_767' title='bbox 810 5423 887 5468; x_wconf 93' lang='lat' dir='ltr'><strong>ne</strong></span> <span class='ocrx_word' id='word_1_768' title='bbox 918 5405 1054 5487; x_wconf 90' lang='lat' dir='ltr'><strong>plus</strong></span> <span class='ocrx_word' id='word_1_769' title='bbox 1097 5423 1318 5487; x_wconf 74' lang='lat' dir='ltr'><strong>quaere.</strong></span> <span class='ocrx_word' id='word_1_770' title='bbox 1353 5405 1440 5468; x_wconf 85' lang='lat' dir='ltr'><strong>Da</strong></span> <span class='ocrx_word' id='word_1_771' title='bbox 1468 5425 1712 5489; x_wconf 82' lang='lat' dir='ltr'><strong>operam</strong></span> <span class='ocrx_word' id='word_1_772' title='bbox 1760 5407 1989 5471; x_wconf 90' lang='lat' dir='ltr'><strong>salvare</strong></span> 
     </span>
    </p>
   </div>
   <div class='ocr_carea' id='block_1_94' title="bbox 334 5492 1984 5572">
    <p class='ocr_par' dir='ltr' id='par_1_94' title="bbox 334 5492 1984 5572">
     <span class='ocr_line' id='line_1_94' title="bbox 334 5492 1984 5572; baseline 0.007 -22"><span class='ocrx_word' id='word_1_773' title='bbox 334 5494 479 5567; x_wconf 88' lang='lat' dir='ltr'><strong>te,et</strong></span> <span class='ocrx_word' id='word_1_774' title='bbox 496 5492 807 5556; x_wconf 87' lang='lat' dir='ltr'><strong>audientes</strong></span> <span class='ocrx_word' id='word_1_775' title='bbox 833 5502 915 5572; x_wconf 91' lang='lat' dir='ltr'><strong>te,</strong></span> <span class='ocrx_word' id='word_1_776' title='bbox 944 5495 992 5557; x_wconf 89' lang='lat' dir='ltr'><strong>si</strong></span> <span class='ocrx_word' id='word_1_777' title='bbox 1014 5494 1167 5558; x_wconf 81' lang='lat' dir='ltr'><strong>forte</strong></span> <span class='ocrx_word' id='word_1_778' title='bbox 1189 5494 1253 5558; x_wconf 93' lang='lat' dir='ltr'><strong>in</strong></span> <span class='ocrx_word' id='word_1_779' title='bbox 1281 5501 1443 5560; x_wconf 86' lang='lat' dir='ltr'><strong>terra</strong></span> <span class='ocrx_word' id='word_1_780' title='bbox 1468 5497 1779 5560; x_wconf 90' lang='lat' dir='ltr'><strong>hominum</strong></span> <span class='ocrx_word' id='word_1_781' title='bbox 1811 5496 1984 5561; x_wconf 86' lang='lat' dir='ltr'><strong>inve-</strong></span> 
     </span>
    </p>
   </div>
   <div class='ocr_carea' id='block_1_95' title="bbox 413 5649 927 5741">
    <p class='ocr_par' dir='ltr' id='par_1_95' title="bbox 413 5649 927 5741">
     <span class='ocr_line' id='line_1_95' title="bbox 413 5649 927 5741; baseline 0.012 -31"><span class='ocrx_word' id='word_1_782' title='bbox 413 5649 474 5700; x_wconf 72' lang='lat'><strong>“</strong></span> <span class='ocrx_word' id='word_1_783' title='bbox 496 5652 671 5718; x_wconf 90' lang='lat' dir='ltr'><strong>Joan.</strong></span> <span class='ocrx_word' id='word_1_784' title='bbox 704 5670 789 5741; x_wconf 82' lang='lat' dir='ltr'><strong>v1,</strong></span> <span class='ocrx_word' id='word_1_785' title='bbox 825 5655 927 5719; x_wconf 75' lang='grc'><strong>61.</strong></span> 
     </span>
    </p>
   </div>
   <div class='ocr_carea' id='block_1_96' title="bbox 2075 5041 3727 5123">
    <p class='ocr_par' dir='ltr' id='par_1_96' title="bbox 2075 5041 3727 5123">
     <span class='ocr_line' id='line_1_96' title="bbox 2075 5041 3727 5123; baseline 0.002 -15"><span class='ocrx_word' id='word_1_786' title='bbox 2075 5043 2340 5108; x_wconf 88' lang='lat' dir='ltr'><strong>Verbum</strong></span> <span class='ocrx_word' id='word_1_787' title='bbox 2373 5063 2442 5105; x_wconf 84' lang='lat' dir='ltr'><strong>ex</strong></span> <span class='ocrx_word' id='word_1_788' title='bbox 2493 5062 2560 5107; x_wconf 76' lang='lat' dir='ltr'><strong>se</strong></span> <span class='ocrx_word' id='word_1_789' title='bbox 2617 5041 2825 5123; x_wconf 89' lang='lat' dir='ltr'><strong>genuit</strong></span> <span class='ocrx_word' id='word_1_790' title='bbox 2872 5041 3284 5107; x_wconf 80' lang='lat' dir='ltr'><strong>inetl&#39;abiliter.</strong></span> <span class='ocrx_word' id='word_1_791' title='bbox 3332 5043 3501 5107; x_wconf 89' lang='lat' dir='ltr'><strong>Sicut</strong></span> <span class='ocrx_word' id='word_1_792' title='bbox 3528 5054 3727 5111; x_wconf 89' lang='lat' dir='ltr'><strong>autem</strong></span> 
     </span>
    </p>
   </div>
   <div class='ocr_carea' id='block_1_97' title="bbox 2074 5132 3723 5221">
    <p class='ocr_par' dir='ltr' id='par_1_97' title="bbox 2074 5132 3723 5221">
     <span class='ocr_line' id='line_1_97' title="bbox 2074 5132 3723 5221; baseline 0.002 -24"><span class='ocrx_word' id='word_1_793' title='bbox 2074 5153 2246 5197; x_wconf 90' lang='lat' dir='ltr'><strong>mens</strong></span> <span class='ocrx_word' id='word_1_794' title='bbox 2271 5141 2359 5196; x_wconf 92' lang='lat' dir='ltr'><strong>est</strong></span> <span class='ocrx_word' id='word_1_795' title='bbox 2380 5153 2449 5195; x_wconf 86' lang='lat' dir='ltr'><strong>ex</strong></span> <span class='ocrx_word' id='word_1_796' title='bbox 2469 5132 2671 5195; x_wconf 90' lang='lat' dir='ltr'><strong>anima</strong></span> <span class='ocrx_word' id='word_1_797' title='bbox 2694 5150 2849 5210; x_wconf 88' lang='lat' dir='ltr'><strong>mea,</strong></span> <span class='ocrx_word' id='word_1_798' title='bbox 2879 5132 2968 5195; x_wconf 86' lang='lat' dir='ltr'><strong>vel</strong></span> <span class='ocrx_word' id='word_1_799' title='bbox 2995 5132 3192 5213; x_wconf 91' lang='lat' dir='ltr'><strong>potius</strong></span> <span class='ocrx_word' id='word_1_800' title='bbox 3232 5132 3294 5194; x_wconf 91' lang='lat' dir='ltr'><strong>in</strong></span> <span class='ocrx_word' id='word_1_801' title='bbox 3324 5133 3523 5198; x_wconf 91' lang='lat' dir='ltr'><strong>anima</strong></span> <span class='ocrx_word' id='word_1_802' title='bbox 3552 5154 3723 5221; x_wconf 82' lang='lat' dir='ltr'><strong>mea;</strong></span> 
     </span>
    </p>
   </div>
   <div class='ocr_carea' id='block_1_98' title="bbox 2072 5221 3724 5304">
    <p class='ocr_par' dir='ltr' id='par_1_98' title="bbox 2072 5221 3724 5304">
     <span class='ocr_line' id='line_1_98' title="bbox 2072 5221 3724 5304; baseline -0.001 -13"><span class='ocrx_word' id='word_1_803' title='bbox 2072 5229 2161 5291; x_wconf 91' lang='lat' dir='ltr'><strong>sic</strong></span> <span class='ocrx_word' id='word_1_804' title='bbox 2191 5245 2262 5288; x_wconf 85' lang='lat' dir='ltr'><strong>ex</strong></span> <span class='ocrx_word' id='word_1_805' title='bbox 2291 5224 2462 5287; x_wconf 89' lang='lat' dir='ltr'><strong>Patre</strong></span> <span class='ocrx_word' id='word_1_806' title='bbox 2493 5221 2773 5304; x_wconf 85' lang='lat' dir='ltr'><strong>Spiritus,</strong></span> <span class='ocrx_word' id='word_1_807' title='bbox 2836 5223 2927 5284; x_wconf 92' lang='lat' dir='ltr'><strong>vel</strong></span> <span class='ocrx_word' id='word_1_808' title='bbox 2977 5222 3173 5303; x_wconf 91' lang='lat' dir='ltr'><strong>potius</strong></span> <span class='ocrx_word' id='word_1_809' title='bbox 3204 5222 3267 5284; x_wconf 92' lang='lat' dir='ltr'><strong>in</strong></span> <span class='ocrx_word' id='word_1_810' title='bbox 3298 5222 3471 5288; x_wconf 91' lang='lat' dir='ltr'><strong>Patre</strong></span> <span class='ocrx_word' id='word_1_811' title='bbox 3502 5235 3724 5304; x_wconf 90' lang='lat' dir='ltr'><strong>manet,</strong></span> 
     </span>
    </p>
   </div>
   <div class='ocr_carea' id='block_1_99' title="bbox 2073 5310 3726 5398">
    <p class='ocr_par' dir='ltr' id='par_1_99' title="bbox 2073 5310 3726 5398">
     <span class='ocr_line' id='line_1_99' title="bbox 2073 5310 3726 5398; baseline 0.001 -19"><span class='ocrx_word' id='word_1_812' title='bbox 2073 5325 2132 5379; x_wconf 88' lang='lat' dir='ltr'><strong>et</strong></span> <span class='ocrx_word' id='word_1_813' title='bbox 2164 5314 2434 5398; x_wconf 89' lang='lat' dir='ltr'><strong>procedit</strong></span> <span class='ocrx_word' id='word_1_814' title='bbox 2460 5312 2638 5375; x_wconf 91' lang='lat' dir='ltr'><strong>modo</strong></span> <span class='ocrx_word' id='word_1_815' title='bbox 2668 5310 3094 5393; x_wconf 80' lang='lat' dir='ltr'><strong>inexplicabili.</strong></span> <span class='ocrx_word' id='word_1_816' title='bbox 3131 5311 3439 5384; x_wconf 86' lang='lat' dir='ltr'><strong>Quomodo</strong></span> <span class='ocrx_word' id='word_1_817' title='bbox 3483 5333 3726 5380; x_wconf 89' lang='lat' dir='ltr'><strong>rursum</strong></span> 
     </span>
    </p>
   </div>
   <div class='ocr_carea' id='block_1_100' title="bbox 2071 5400 3724 5487">
    <p class='ocr_par' dir='ltr' id='par_1_100' title="bbox 2071 5400 3724 5487">
     <span class='ocr_line' id='line_1_100' title="bbox 2071 5400 3724 5487; baseline 0.001 -20"><span class='ocrx_word' id='word_1_818' title='bbox 2071 5425 2243 5469; x_wconf 90' lang='lat' dir='ltr'><strong>mens</strong></span> <span class='ocrx_word' id='word_1_819' title='bbox 2273 5422 2404 5467; x_wconf 91' lang='lat' dir='ltr'><strong>mea</strong></span> <span class='ocrx_word' id='word_1_820' title='bbox 2434 5420 2678 5485; x_wconf 87' lang='lat' dir='ltr'><strong>semper</strong></span> <span class='ocrx_word' id='word_1_821' title='bbox 2704 5409 2956 5482; x_wconf 87' lang='lat' dir='ltr'><strong>generat</strong></span> <span class='ocrx_word' id='word_1_822' title='bbox 2982 5400 3300 5482; x_wconf 89' lang='lat' dir='ltr'><strong>rationem,</strong></span> <span class='ocrx_word' id='word_1_823' title='bbox 3336 5412 3394 5467; x_wconf 90' lang='lat' dir='ltr'><strong>et</strong></span> <span class='ocrx_word' id='word_1_824' title='bbox 3422 5406 3724 5487; x_wconf 88' lang='lat' dir='ltr'><strong>producit,</strong></span> 
     </span>
    </p>
   </div>
   <div class='ocr_carea' id='block_1_101' title="bbox 2071 5491 3724 5574">
    <p class='ocr_par' dir='ltr' id='par_1_101' title="bbox 2071 5491 3724 5574">
     <span class='ocr_line' id='line_1_101' title="bbox 2071 5491 3724 5574; baseline 0.002 -17"><span class='ocrx_word' id='word_1_825' title='bbox 2071 5503 2130 5557; x_wconf 90' lang='lat' dir='ltr'><strong>et</strong></span> <span class='ocrx_word' id='word_1_826' title='bbox 2158 5496 2396 5574; x_wconf 83' lang='lat' dir='ltr'><strong>emittit,</strong></span> <span class='ocrx_word' id='word_1_827' title='bbox 2431 5500 2491 5555; x_wconf 87' lang='lat' dir='ltr'><strong>et</strong></span> <span class='ocrx_word' id='word_1_828' title='bbox 2520 5502 2719 5555; x_wconf 88' lang='lat' dir='ltr'><strong>notam</strong></span> <span class='ocrx_word' id='word_1_829' title='bbox 2747 5491 2890 5555; x_wconf 84' lang='lat' dir='ltr'><strong>facit</strong></span> <span class='ocrx_word' id='word_1_830' title='bbox 2918 5492 3216 5571; x_wconf 88' lang='lat' dir='ltr'><strong>omnibus,</strong></span> <span class='ocrx_word' id='word_1_831' title='bbox 3250 5513 3372 5558; x_wconf 92' lang='lat' dir='ltr'><strong>non</strong></span> <span class='ocrx_word' id='word_1_832' title='bbox 3404 5502 3602 5560; x_wconf 85' lang='lat' dir='ltr'><strong>tamen</strong></span> <span class='ocrx_word' id='word_1_833' title='bbox 3632 5515 3724 5562; x_wconf 89' lang='lat' dir='ltr'><strong>se-</strong></span> 
     </span>
    </p>
   </div>
  </div>
