4120 6374
347 303 465 373 579
1664 313 2047 384 SYMEONIS
2085 307 2436 376 IUNIORIS
3635 313 3763 378 580

347 435 687 528 paraturab
720 455 788 528 ea
814 455 826 495 :
858 437 963 528 sed
991 439 1176 520 gignit
1203 441 1518 520 rationem,
1549 455 1608 508 et
1638 447 1698 510 in
1729 470 1794 514 se
1816 455 2001 516 comi-
2021 447 2063 515 Α
2084 443 2350 524 ignotum
2382 444 2478 507 his
2508 445 2609 528 qui
2656 445 2855 508 cordis
2913 445 3229 528 puritatem
3260 465 3380 510 non
3411 445 3753 528 acquisive-

345 527 865 607 net?itaintellige
879 526 1114 622 Patrem
1131 533 1408 610 genuisse
1423 535 1702 615 Verbum,
1719 544 1988 622 quoniam

2085 543 2245 622 runt,
2281 526 2546 612 ignotum
2579 535 2795 616 cupide
2820 526 2938 597 non
2969 536 3358 599 credentibus
3390 545 3454 598 ut
3484 526 3753 598 divinum

347 637 587 702 semper
615 625 880 696 generat,
917 619 1078 682 nullo
1135 629 1330 685 autem
1394 628 1568 688 modo
1599 627 1674 690 ab
1707 619 1818 694 ὴόο
1849 632 1997 697 Filio
2082 621 2368 703 Spiritum
2393 624 2706 705 accipiant,
2732 625 2995 705 ignotum
3021 624 3750 702 noncredentibus,etiam

345 713 520 775 Pater
550 715 880 790 separatur,
916 707 1018 770 sed
1051 709 1111 770 in
1141 709 1288 774 Filio
1321 714 1604 794 cernitur,
1640 725 1697 779 et
1726 719 1912 788 Filius
1938 729 1994 790 ίη
2082 712 2539 794 modoimperiti
2559 712 2848 795 Spiritum
2883 723 3152 778 sanctum
3186 714 3571 796 poscentibus
3599 731 3612 776 :
3648 713 3752 776 in-

347 823 418 866 eo
452 807 676 864 manet.
2081 801 2401 863 credulitas
2429 802 2589 864 enim
2622 811 2784 865 arcet
2805 804 3123 886 acrepellit
3145 803 3409 865 divinum
3428 803 3742 885 Spiritum.

425 889 590 952 Hanc
610 887 930 967 imaginem
959 889 1068 951 etsi
1091 888 1344 954 obscura
1365 904 1478 971 est,
1507 916 1636 960 eam
1671 910 1868 968 tamen
1891 925 1995 969 ac-
2079 888 2190 962 Qui
2212 909 2330 952 non
2354 892 2572 968 credit,
2594 911 2710 954 non
2734 893 2920 973 petit;
2965 893 3066 974 qui
3113 913 3229 955 non
3255 893 3424 974 petit,
3450 912 3570 954 non
3591 891 3748 954 acci-

347 987 550 1042 curate
607 985 808 1038 nostra
866 977 1183 1071 descripsit
1253 1000 1320 1043 ac
1394 983 1729 1052 informavit
1783 996 1988 1071 oratio,

2081 978 2201 1061 pit;
2231 980 2330 1060 qui
2354 999 2470 1040 non
2499 981 2738 1062 accipit,
2762 989 3178 1057 estmortuus;
3213 990 3514 1044 mortuum
3545 988 3744 1042 autem

345 1092 520 1158 quam
547 1085 845 1149 nunquam
868 1067 1115 1144 videbis,
1143 1088 1337 1152 neque
1359 1073 1814 1159 intelliges,nisi
1833 1067 1996 1164 prius
2079 1069 2210 1147 (Ιυίε
2240 1087 2359 1164 _"°_“
2393 1071 2521 1164 9⁸οῙ
2524 1068 2668 1164 31?“:
2723 1070 2864 1151 (Ιυίδ
2919 1089 3054 1164 Qum
3108 1089 3241 1132 “101‘
3245 1079 3379 1131 ιυιιε
3410 1069 3512 1145 δίίι
3545 1068 3749 1130 νίνθΐθ

344 1156 665 1244 imaginem
695 1167 850 1248 tuam
876 1157 1010 1219 labe
1047 1164 1389 1238 purgaveris
1422 1156 1599 1248 atque
1629 1156 1852 1236 elueris
1879 1175 1988 1238 nisi

2077 1175 2139 1217 se
2163 1156 2506 1218 existimat?
2533 1157 2711 1219 Plane
2745 1160 2960 1220 mortui
2994 1167 3260 1222 mortuos
3291 1178 3596 1240 nunquam
3633 1177 3748 1220 nec

343 1256 510 1338 prius
532 1246 942 1345 auectionihus
963 1249 1153 1327 pravis
1177 1249 1448 1316 obrutam
1471 1245 1724 1338 θὶιιθιιίε,
1762 1271 1820 1326 ει
1850 1285 1991 1345 Ρη,
2075 1245 2300 1345 videre,
2352 1265 2460 1307 nec
2493 1247 2808 1345 lamentari
2837 1255 3100 1345 queunt:
3163 1248 3276 1310 vivi
3309 1250 3418 1310 hos
3447 1248 3747 1330 videntes,

341 1333 495 1407 fecte
527 1338 898 1411 absterseris,
934 1348 1114 1418 atque
1148 1341 1422 1405 utnivem
1443 1333 1988 1418 dealbaveris.lHoc

2077 1334 2498 1396 lamentantur.
2561 1333 2778 1398 Vident
2834 1336 3053 1418 quippe
3099 1355 3318 1399 novum
3383 1346 3744 1414 monstrum,
3784 1351 3808 1368 '

341 1451 474 1496 cum
495 1424 869 1524 pmstitgrisz
892 1434 950 1484 ρι
971 1428 1159 1506 ipsam
1184 1430 1368 1508 probe
1393 1439 1758 1515 purgaveris,
1788 1451 1844 1504 et
1869 1463 2001 1524 ρετ,
2080 1424 2310 1486 occisos
2339 1424 2620 1524 viventes,
2678 1423 2822 1506 quin
2873 1434 2931 1524 et
2989 1426 3445 1524 obambulantes
3484 1443 3530 1524 ;¹
3561 1443 3752 1524 caecos

339 1520 697 1614 fectaimago
719 1515 903 1614 fuerit
923 1535 946 1614 ς.
967 1523 1317 1614 prototypon
1343 1521 1498 1585 haud
1531 1526 1784 1606 videbis,
1802 1515 1988 1614 neque

2079 1522 2353 1592 putantes
2384 1533 2448 1576 se
2477 1515 2769 1595 aspicere,
2829 1522 2888 1575 et
2943 1533 3149 1577 revera
3209 1515 3422 1576 surdos
3449 1515 3744 1577 arbitran-

339 1609 659 1687 intelliges,
694 1603 809 1665 nisi
842 1603 950 1665 tibi
983 1623 1088 1684 per
1117 1604 1408 1686 Spiritum
1461 1624 1730 1680 sanctum
1763 1603 1997 1685 έθνθῖθ,
2078 1611 2166 1663 tes
2198 1622 2260 1664 se
2313 1604 2546 1666 audire.
2580 1605 2798 1666 Vivunt
2853 1621 3025 1685 sane,
3059 1612 3116 1666 et
3148 1605 3422 1680 audiunt,
3457 1613 3516 1666 et
3545 1603 3753 1665 vident

338 1709 476 1763 tur:
507 1694 709 1760 omnia
733 1693 893 1754 enim
920 1693 1093 1754 docet
1114 1693 1394 1775 Spiritus,
1429 1703 1489 1764 in
1521 1703 1749 1770 lumine
1782 1709 1988 1773 ineffa-

2081 1699 2142 1752 ut
2199 1693 2504 1772 pecudes;
2559 1701 2620 1754 ut
2673 1711 2790 1754 non
2842 1692 3242 1773 intelligentes
3272 1693 3632 1772 intelligunt,
3674 1692 3738 1755 in

340 1788 445 1852 bili
476 1780 1132 1878 refulgens.Quaten_u_s
1157 1783 1998 1878 intelligunturintelligibilia
2079 1781 2650 1878 sensuinsensibiti.
2687 1784 2748 1844 iu
2807 1783 2921 1844 vita
2977 1793 3230 1878 mortua.
3295 1783 3650 1878 Licetenim
3685 1791 3746 1844 et

339 1877 447 1940 ubi
477 1874 678 1939 omnia
707 1871 1159 1950 demonstrabit,
1213 1886 1500 1956 quantum
1563 1883 1770 1949 videre
1795 1870 1990 1968 'potes,
2079 1886 2199 1930 non
2230 1870 2520 1968 viventem
2555 1871 2776 1968 vivere,
2814 1878 2874 1933 et
2921 1891 3041 1934 non
3092 1872 3384 1934 viventem
3417 1871 3644 1946 videre,
3682 1881 3746 1932 et

339 1975 626 2059 quantum
658 1962 832 2022 homo
863 1963 1093 2059 assequi
1129 1971 1342 2047 potest,
1375 1972 1705 2035 secundum
1741 1962 1990 2059 pr'opor;

339 2057 564 2146 tionem
597 2060 857 2146 purgatae
886 2050 1120 2146 animis
1145 2061 1258 2115 tua:
1293 2073 1308 2130 ;
1343 2067 1400 2118 et
1444 2079 1692 2140 operum
1724 2050 1990 2146 diligenti

335 2144 664 2208 imitatione
693 2142 817 2203 Deo
842 2139 1277 2220 assimilabere,
1305 2139 1724 2228 temperantia,
1751 2139 1988 2220 fortitu-

335 2235 500 2314 dine,
531 2231 919 2305 humanitate,
949 2233 1337 2296 tentationum
1373 2237 1685 2303 tolerantia
1711 2252 1767 2305 et
1798 2245 1982 2308 chari-

337 2319 1083 2418 tate_adversusin_imicos.
1115 2322 1413 2387 llccenim
1452 2327 1840 2396 humanitatis
1872 2344 1985 2418 est,

335 2421 398 2475 ut
448 2410 786 2474 benefacias
843 2408 1122 2484 inimicis,
1186 2418 1243 2471 et
1300 2421 1580 2497 tanquam
1644 2422 1869 2486 amicos
1920 2408 1989 2489 ac

335 2503 798 2564 benemerentes
830 2517 938 2594 eos
963 2498 1193 2594 diligas,
1223 2509 1290 2564 et
1336 2522 1472 2594 ores
1535 2527 1640 2588 pro
1701 2511 1776 2573 iis
1801 2513 1901 2594 qui
1933 2523 1991 2577 te

336 2596 794 2679 persequuntur,
823 2587 1171 2679 etcharitate
1185 2592 1491 2671 aequaliter
1515 2587 1657 2677 erga
1680 2587 1912 2679 omnes,
1935 2612 1993 2666 et

337 2680 524 2773 bonos
555 2686 614 2740 et
644 2678 852 2773 malos,
889 2676 1283 2758 propendeas,
1319 2687 1508 2764 etquo
1538 2676 1818 2752 omnibus
1833 2676 1987 2773 quo-

335 2768 482 2860 tidie
514 2785 703 2850 ponas
735 2765 1008 2860 annnam
1067 2772 1247 2840 tuam,
1312 2789 1418 2850 pro
1476 2775 1687 2849 salute,
1722 2765 1986 2860 inquam,

334 2859 537 2933 unius,
570 2865 670 2918 aut
699 2855 748 2916 si
781 2854 912 2917 fieri
943 2863 1142 2936 queat,
1179 2863 1471 2922 omnium.

416 2947 554 3010 Haec
589 2955 666 3021 te,
709 2945 814 3019 ﬁli,
849 2944 1207 3008 imitatorem
1260 2947 1497 3014 Domini
1548 2955 1765 3019 facient
1793 2967 1852 3022 et
1881 2978 1986 3022 ve-

334 3055 460 3134 ram
493 3045 550 3097 te
580 3034 880 3134 Creatoris
909 3033 1228 3133 imaginem
1263 3038 1519 3134 reddent
1551 3065 1564 3106 :
1618 3044 1983 3134 imitatorem
2005 3085 2042 3134 ρ

333 3124 549 3188 divinae
579 3121 965 3203 perfectionis
1020 3140 1128 3202 per
1184 3125 1407 3191 omnia.
1470 3129 1752 3194 Conditor
1781 3143 1980 3198 autem

333 3222 499 3301 tu_nc_,
557 3211 795 3301 adverte
851 3209 1146 3301 animum,
1194 3213 1496 3301 divinum
1530 3218 1813 3301 Spiritum
1881 3225 1986 3287 tibi

334 3293 508 3358 mitti.
546 3311 683 3386 non_
698 3291 876 3352 aliam
904 3309 1078 3386 quam
1112 3292 1373 3386 habuisti
1403 3291 1689 3376 animam,
1721 3304 1825 3365 sed
1861 3307 1990 3386 spi-

333 3383 514 3446 ritum
547 3400 616 3442 ex
645 3379 793 3457 Deo,
829 3386 888 3442 et
917 3379 1251 3461 inspirabit,
1325 3392 1383 3445 et
1414 3386 1769 3452 inhabitabit
1803 3401 1862 3454 et
1891 3379 1989 3455 es-

334 3469 939 3561 sentialiterincolet,
978 3478 1036 3532 et
1092 3470 1468 3553 illuminabit,
1535 3487 1591 3540 et
1621 3480 1988 3561 clariﬁcabit,

335 3573 394 3627 et
423 3581 630 3625 rursus
665 3559 945 3622 conﬂabit
976 3568 1052 3632 te,
1106 3564 1676 3650 corruptibilemque
1706 3559 1989 3633 incorrué

334 3656 602 3738 ptibilem
634 3652 956 3734 praestabit,
986 3661 1045 3714 et
1067 3653 1457 3720 inveteratam
1485 3661 1701 3724 animae
1735 3672 1849 3726 tum
1878 3665 1990 3727 do-

333 3765 499 3808 mum
530 3742 864 3806 renovabil.
895 3742 1040 3805 Cum
1099 3744 1210 3806 hac
1263 3755 1321 3807 et
1349 3766 1566 3830 corpus
1596 3759 1759 3813 tuum
1795 3753 1986 3816 solum

331 3832 845 3921 incorruptionem
869 3830 1098 3921 induet.
1125 3831 1277 3904 Quin
1303 3835 1482 3898 deum
1512 3846 1568 3900 te
1593 3859 1700 3920 per
1713 3843 1986 3921 gratiam,

335 3932 660 4005 propotypo
692 3920 950 3982 similem
1003 3920 1236 3983 efﬁciet.
1296 3925 1654 3990 Incredibile
1710 3930 1894 4003 dictu,
1931 3920 1992 3995 et

335 4011 552 4073 mirum
587 4029 730 4072 sane
757 4017 814 4070 et
845 4008 1109 4088 ignotum
1142 4013 1420 4076 omnibus
1451 4016 1552 4096 qui
1583 4017 1656 4079 ab
1679 4020 1992 4085 affectibus

334 4101 548 4182 captivi
610 4107 910 4187 tenentur,
971 4098 1238 4176 ignotum
1327 4105 1533 4166 mundi
1599 4110 1986 4187 amatoribus,

333 4189 600 4278 ignotum
631 4186 834 4278 gloriae
860 4187 1120 4278 cupidis,
1160 4189 1441 4278 ignotum
1476 4195 1776 4275 superbis,
1812 4186 1988 4278 ignoé

2076 1976 2194 2020 non
2225 1960 2566 2022 audientem
2598 1961 2827 2022 audire.

2154 2047 2480 2125 Quomodo,
2515 2049 2610 2111 dic
2642 2049 2809 2124 mihi,
2875 2048 2973 2111 dic
3027 2049 3362 2128 confestim,
3397 2050 3742 2132 quicunque

2070 2137 2272 2200 vivunt
2303 2139 2634 2201 secundum
2688 2157 2950 2214 carnem,
3013 2140 3356 2221 quicunque
3412 2158 3510 2200 res
3560 2140 3744 2218 hujus

2075 2227 2279 2288 mundi
2330 2229 2722 2303 admirantur,
2773 2229 2874 2310 qui
2935 2229 3270 2291 carnalibus
3317 2229 3600 2292 duntaxat
3627 2247 3743 2290 au-

2069 2315 2236 2378 ribus
2265 2318 2531 2398 audiunt,
2567 2318 2796 2379 divinos
2853 2336 2923 2380 ac
2983 2319 3257 2380 caelestes
3301 2337 3611 2381 sermones
3639 2337 3747 2380 au-

2072 2406 2407 2468 scultabunt
2433 2411 2459 2466 ‘l
2510 2406 2578 2468 Hi
2627 2425 2837 2470 omnes
2866 2408 3196 2470 secundum
3227 2409 3502 2490 spiritum
3535 2407 3737 2484 surdi,

2071 2495 2234 2576 caeci,
2290 2495 2506 2556 mortui
2565 2505 2724 2560 sunt.
2786 2497 3038 2558 Prorsus
3096 2498 3258 2559 enim
3316 2516 3387 2559 ex
3440 2496 3563 2559 Deo
3615 2516 3743 2558 non

2074 2594 2232 2662 sunt,
2294 2595 2356 2646 ut
2409 2584 2652 2663 vivant;
2714 2606 2827 2649 nec
2880 2595 3263 2668 acceperunt,
3317 2605 3430 2648 nec
3459 2587 3742 2649 viderunt

2075 2674 2278 2735 lumen
2309 2674 2596 2736 divinum.
2662 2675 2827 2748 Quod
2887 2696 3020 2738 cum
3080 2677 3328 2737 minime
3385 2676 3603 2738 factum
3635 2675 3738 2754 sit,

2074 2763 2312 2844 penitus
2343 2765 2511 2827 surdi
2559 2780 2931 2830 manserunt.
2985 2765 3115 2829 Jam
3160 2784 3299 2828 vero
3331 2766 3501 2846 tales,
3535 2784 3738 2846 quaeso

2074 2861 2152 2926 te,
2189 2871 2297 2913 cur
2325 2853 2645 2916 Christiani
2696 2855 3032 2916 vocentur?
3083 2855 3239 2917 Audi
3276 2854 3544 2916 divinum
3575 2854 3733 2914 Pau-

2072 2939 2192 3002 lum
2227 2941 2351 3004 haec
2396 2943 2502 3004 tibi
2533 2944 2849 3024 perspicue
2879 2944 3312 3024 significantem
3347 2965 3363 3021 ;
3416 2944 3507 3005 vel
3538 2944 3732 3024 potius

2068 3030 2206 3092 audi
2236 3031 2534 3094 Christum
2586 3035 2971 3114 loquentem;
3025 3035 3220 3095 Primo
3279 3035 3456 3095 homo
3504 3041 3730 3094 eterra

2071 3118 2244 3199 plane
2265 3129 2499 3183 creatus
2518 3129 2648 3196 est;
2673 3121 2975 3184 secundus
2999 3125 3174 3183 homo
3205 3121 3279 3183 de
3306 3122 3458 3184 caelo
3485 3121 3740 3183 descen-

2069 3208 2251 3270 dit46.
2289 3210 2520 3272 Adhibe
2550 3219 2606 3272 te
2659 3211 2858 3273 dictis.
2912 3211 3116 3284 Qualis
3147 3211 3326 3291 igitur
3359 3219 3447 3273 est
3479 3212 3734 3293 primus,

2074 3305 2346 3361 terrenus
2379 3301 2679 3378 videlicet,
2715 3302 2862 3363 tales
2895 3302 3074 3363 etiam
3132 3302 3235 3382 qui
3273 3319 3344 3362 ex
3374 3319 3444 3362 eo
3475 3309 3737 3380 gtgnun-

2079 3397 2196 3463 tur,
2257 3408 2466 3451 omnes
2527 3393 2774 3452 terreni.
2826 3389 3029 3462 Qualis
3082 3399 3275 3452 autem
3324 3390 3592 3453 Christus
3625 3399 3736 3468 est,

2077 3478 2336 3540 caelestis
2364 3477 2677 3554 Dominus,
2739 3479 2886 3542 tales
2940 3479 3214 3542 caelestes
3271 3498 3504 3556 omnes,
3540 3480 3642 3561 qui
3675 3479 3736 3540 in

2079 3569 2214 3628 eum
2246 3568 2647 3633 crediderunt.
2684 3570 2805 3630 nati
2835 3570 3052 3645 denuo,
3119 3569 3393 3650 baptizati
3422 3575 3481 3630 in
3510 3569 3739 3651 Spiritu

2073 3665 2299 3718 sancto.
2334 3655 2534 3730 Qualis
2566 3666 2656 3720 est
2684 3659 2786 3739 qui
2815 3660 3042 3740 genuit,
3102 3658 3261 3720 Deus
3289 3677 3450 3736 vere,
3487 3659 3632 3720 tales
3662 3677 3736 3720 ex

2071 3744 2200 3826 ipso
2229 3746 2433 3825 geniti,
2471 3765 2541 3808 ex
2595 3749 2716 3810 Deo
2763 3747 2848 3809 dii
2906 3767 3012 3830 per
3069 3747 3474 3830 adoptionem,
3534 3757 3590 3811 et
3620 3749 3737 3810 ﬁlii

2071 3835 2319 3898 Excelsz'
2347 3854 2554 3898 omnes
2581 3838 2664 3918 47,
2701 3846 2765 3900 ut
2797 3837 3059 3898 divinum
3120 3855 3186 3897 os
3234 3836 3447 3918 inquit.
3498 3837 3738 3902 Audisti

2073 3926 2184 3988 Dei
2223 3926 2403 3989 verba
2422 3928 2452 3988 ?
2482 3928 2697 3990 audisti
2727 3929 3228 4010 quemadmodum
3261 3929 3468 3991 fideles
3497 3928 3572 3990 ab
3602 3928 3737 3991 aliis

2075 4016 2401 4078 secernat?
2458 4018 2963 4098 quemadmodum
3018 4018 3204 4080 servis
3260 4019 3383 4080 suis
3413 4019 3644 4098 signum
3677 4027 3740 4080 et

2075 4113 2273 4167 notam
2305 4105 2562 4183 dederit,
2627 4127 2700 4169 ne
2761 4109 3124 4171 seducantur
3174 4109 3509 4171 alienorum
3543 4109 3736 4189 magi-

2073 4207 2296 4260 trorum
2328 4198 2764 4260 sermonibus?
2822 4199 3080 4274 Primus,
3145 4199 3358 4280 inquit,
3417 4200 3494 4262 de
3552 4209 3735 4277 terra,

335 4285 459 4367 tum
492 4275 821 4352 iracundis,
857 4275 1122 4367 ignotum
1155 4277 1439 4359 injuriam
1475 4301 1590 4343 non
1623 4275 1984 4349 obliviscen-
2011 4286 2211 4367 unia
2240 4296 2513 4350 terrenus
2538 4296 2773 4351 creatus
2821 4297 2933 4352 est.
2987 4275 3301 4350 Secundus
3329 4296 3524 4350 autem
3556 4275 3738 4351 homo

338 4365 518 4459 tibus,
556 4364 1056 4459 ignotumcarnis
1085 4368 1444 4445 amantibus,
1480 4371 1744 4451 ignotum
1773 4377 1987 4459 avaris,

333 4454 600 4535 ignotum
637 4453 923 4545 invidis,
986 4454 1253 4534 ignotum
1312 4460 1589 4522 omnibus
1649 4453 1984 4545 maledicis,

332 4545 600 4623 ignotum
635 4543 980 4624 hypocritis,
1033 4545 1294 4624 ignotum
1348 4547 1690 4626 gulonibus,
1721 4543 1982 4632 ignotum

332 4634 484 4696 clam
508 4632 876 4707 vorantibus,
901 4633 1158 4696 ebriosis
1176 4638 1698 4716 etscortatoribus,
1720 4641 1984 4721 ignotum

332 4723 524 4786 otiose
552 4721 976 4812 fabulantibus,
1033 4723 1299 4803 ignotum
1351 4727 1547 4807 turpia
1576 4728 1981 4812 loquentibus,

329 4812 591 4891 ignotum
624 4810 997 4884 socordibus,
1032 4813 1296 4892 ignotum
1347 4817 1541 4896 turpia
1570 4810 1977 4900 loquentibus.

330 4901 510 4990 horas
557 4900 1017 4990 negligentibus,
1075 4902 1343 4981 ignotum
1420 4925 1539 4968 non
1612 4910 1876 4990 quotidie
1931 4920 1990 4974 et

325 4989 945 5079 jugiterlugentibus,
1004 4990 1271 5070 ignotum
1330 4989 1682 5079 rebellibus,
1717 4997 1983 5077 ignotum

331 5077 894 5153 contradictoribus,
927 5079 1193 5158 ignotum
1226 5083 1300 5143 ad
1332 5084 1616 5165 placitum
1651 5077 1706 5150 et
1768 5109 1985 5152 nume-

331 5185 433 5230 ros
466 5185 605 5229 suos
647 5166 1001 5243 viventibus,
1049 5169 1315 5249 ignotum
1365 5173 1708 5253 putantibus
1757 5197 1822 5240 se
1855 5197 1987 5242 esse

332 5255 557 5337 aliquid
587 5275 722 5318 cum
754 5256 902 5318 nihil
933 5260 1054 5319 sint
1083 5259 1169 5335 45,
1206 5261 1473 5340 ignotum
1505 5264 1900 5344 gloriantibus
1931 5277 1988 5330 et

333 5345 735 5439 gaudentibus
787 5345 864 5408 de
913 5348 1268 5439 proceritate
1291 5353 1579 5433 corporis,
1613 5363 1715 5418 aut
1742 5355 1985 5439 robore,

334 5433 804 5529 pulchritudine,
851 5444 951 5497 aut
1005 5435 1124 5500 alio
1171 5458 1529 5523 quocunque
1590 5433 1981 5529 ornamento;

2072 4379 2339 4438 omnium
2368 4377 2467 4440 ille
2494 4377 2805 4454 Dominus,
2837 4378 2911 4440 de
2941 4376 3098 4439 coelo
3129 4375 3462 4442 descendit.
3498 4377 3738 4442 Primus

2071 4464 2350 4527 omnibus
2381 4467 2723 4530 hominibus
2783 4467 3266 4549 praevaricatione
3328 4487 3433 4530 sua
3477 4475 3737 4532 mortem

2071 4565 2127 4617 et
2157 4554 2463 4618 interitum
2496 4558 2740 4622 invexit.
2775 4557 3090 4622 Secundus
3120 4557 3345 4619 mundo
3376 4558 3636 4637 donavit,
3677 4577 3742 4634 et

2069 4663 2228 4707 nunc
2249 4645 2543 4708 universis
2567 4648 2844 4711 fidelibus
2866 4649 3096 4727 lumen,
3111 4646 3315 4723 vitam,
3330 4649 3736 4731 incorruptio-

2068 4753 2203 4795 nem
2222 4735 2670 4800 donat.Audisti
2687 4757 2817 4819 quae
2837 4739 2943 4800 tibi
2958 4739 3286 4803 ccelestium
3319 4757 3522 4801 rerum
3555 4745 3743 4806 inter-

2068 4842 2208 4906 pres
2231 4823 2418 4886 dixit?
2461 4826 2695 4888 Audisti
2720 4827 3020 4891 Christum
3044 4831 3386 4911 loquentem
3413 4849 3520 4910 per
3539 4830 3738 4912 ipsum

2071 4922 2131 4975 et
2151 4912 2465 4976 docentem
2490 4916 2786 4994 homines,
2811 4918 3016 4998 quales
3039 4918 3186 4992 sint,
3213 4917 3314 4998 qui
3338 4917 3400 4978 in
3431 4937 3568 4980 eum
3599 4936 3734 4981 creo

2071 5001 2378 5080 diderunt,
2413 5013 2470 5066 et
2498 5005 2675 5068 ﬁdem
2709 5026 2778 5068 ex
2810 5006 3092 5087 operibus
3121 5007 3438 5069 ostendere
3461 5027 3739 5089 perseve-

2068 5091 2251 5164 rant?
2283 5095 2560 5175 Posthac,
2595 5095 2748 5156 nihil
2779 5096 3067 5177 ambigas,
3101 5096 3296 5177 qualis
3329 5098 3598 5160 Christus
3641 5107 3735 5162 est

2069 5180 2356 5258 caelestis,
2394 5191 2450 5246 te
2477 5204 2718 5267 quoque
2774 5185 2953 5247 talem
3016 5204 3152 5248 esse
3203 5185 3447 5248 debere.
3481 5187 3650 5259 Quod
3681 5187 3737 5250 si

2069 5270 2201 5332 talis
2286 5291 2403 5334 non
2482 5292 2569 5355 es,
2643 5275 2943 5354 quomodo
3001 5274 3322 5339 Christiani
3378 5277 3732 5339 vocabulum

2067 5360 2381 5442 usurpabis
2402 5363 2432 5422 ?
2490 5362 2550 5425 Si
2593 5363 2753 5426 enim
2783 5364 2976 5445 qualis
3006 5372 3098 5427 est
3129 5363 3440 5442 Dominus,
3473 5365 3735 5428 cmlestis

2070 5467 2288 5531 nempe
2317 5452 2496 5515 etiam
2527 5452 2674 5516 tales
2702 5472 2837 5516 esse
2867 5452 3012 5516 dicit
3039 5455 3142 5534 qui
3196 5454 3258 5517 in
3289 5473 3427 5518 eum
3461 5455 3733 5519 credide-

414 5602 479 5655 ω
508 5602 698 5668 Galat.
733 5620 812 5687 vr,
845 5604 908 5670 3.
991 5607 1055 5659 46
1085 5605 1110 5670 l
1146 5608 1286 5675 Cor.
1316 5628 1417 5695 xv,
1453 5614 1553 5678 48.
1640 5614 1704 5665 47
1743 5613 1906 5680 Psal.
1941 5633 2145 5701 um,
2179 5621 2240 5687 6.
