4120 6372
302 345 407 411 581
1449 346 1895 416 DIVINORUM
1940 341 2264 408 AMORUM
2307 343 2562 407 LIBER.
3577 328 3696 397 582

298 491 454 558 runt,
487 483 736 548 omnino
768 484 1042 547 caelestes
1072 483 1371 560 videlicet,
1397 485 1498 566 qui
1533 486 1834 548 mundana
1863 500 1951 543 sa-
1971 489 2013 537 Α
2035 476 2386 542 coeleatibus
2414 478 2766 575 intraturos,
2801 483 2858 538 et
2889 481 3263 575 regnaturos,
3292 483 3412 575 Aet“
3431 491 3549 534 una
3595 471 3692 533 fu-

299 572 488 653 piunt,
550 575 653 655 qui
708 574 1037 636 secundum
1098 593 1338 635 carnem
1393 563 1615 656 vivunt,
1673 595 1792 638 non
1824 581 1960 637 sunt
2044 575 2207 666 turos
2235 586 2376 666 cum
2401 566 2671 666 omnium
2703 583 2844 646 rege
2890 583 2958 666 ac
3008 563 3262 666 Domipo
3292 567 3319 623 ?
3370 564 3696 665 Curramus

301 652 370 723 ex
413 652 596 726 verbo
620 664 752 740 Dei,
776 664 935 746 quod
963 683 1007 756 e_
1025 664 1260 744 superis
1282 652 1630 756 descendit;
1658 665 1760 756 sed
1787 667 1958 756 plane
2042 657 2244 756 itaque
2275 658 2743 756 sedulo_om1_leS,
2779 664 2843 716 υι
2893 652 3464 756 ρίςηίῆῒιδδρεωυτ,
3499 654 3601 735 qni
3633 653 3693 714 ίη

299 770 366 813 ex
402 752 650 814 homine
679 741 943 828 terr—eno,
975 753 1050 815 de
1102 741 1268 815 terra
1327 753 1602 816 formato.
1638 755 1736 817 Sic
1770 741 1946 827 senti,
2042 747 2208 808 ccelis
2261 765 2397 844 cum
2445 745 2682 844 Christo
2744 743 3011 844 omnium
3069 741 3322 844 Dornino
3352 761 3694 844 regnemus,

297 839 382 901 sic
411 841 657 903 affectus
717 850 866 914 esto,
930 841 1018 903 sic
1066 842 1271 916 crede,
1337 850 1395 904 et
1455 842 1683 905 enitere
1725 851 1792 904 ut
1823 842 1953 904 talis
2035 853 2212 916 quem
2263 833 2438 897 decet
2489 834 2685 899 omnis
2732 832 2924 914 gloria
2974 851 3107 894 cum
3156 835 3351 914 Patre,
3403 841 3461 894 et
3491 842 3694 894 sancto

300 929 424 998 ﬁas,
459 930 720 992 caelestis
777 931 1086 1006 nimirum,
1146 932 1301 1012 quod
1363 931 1506 993 dixi.
1572 931 1682 1004 Qui
1741 951 1772 993 e
1803 931 1951 993 caelo
2036 924 2260 1005 Spiritu
2291 924 2352 984 in
2385 923 2603 987 sacula
2632 922 3010 984 saeculorum.
3047 923 3268 984 Amen.

300 1018 562 1100 advenit,
594 1028 650 1082 et
682 1019 846 1082 dedit
876 1022 1053 1082 vitam
1091 1021 1337 1102 mundo,
1362 1021 1460 1083 hic
1485 1021 1643 1083 idem
1678 1029 1766 1083 est
1788 1021 1954 1101 panis
2566 1014 2810 1080 CAPUT
2853 1013 3083 1078 XXXII.

301 1108 401 1198 qui
430 1108 571 1169 inde
619 1109 953 1198 descendit,
1011 1128 1187 1189 quem
1247 1110 1348 1190 qui
1407 1111 1614 1184 edunt,
1650 1129 1951 1190 nunquam
2038 1104 2423 1198 Subtilitates
2446 1105 3115 1198 tho_logicw..0ui'uoit
3142 1106 3304 1168 videt
3331 1104 3539 1168 lumen
3566 1107 3696 1189 glo-

300 1185 506 1276 utique
538 1206 791 1258 mortem
823 1185 1134 1259 vident—48.
1167 1185 1320 1260 Nam
1355 1217 1490 1260 cum
1511 1199 1629 1260 sint
1659 1185 1954 1272 caelestes,
2323 1188 2435 1248 νέω
2468 1187 2605 1266 θεέ,
2641 1185 2793 1248 έωσο
2824 1185 3231 1264 ίηΓείίσίονθῖη
3260 1204 3405 1249 δεδε-

300 1302 542 1366 semper
573 1286 1023 1366 corruptionem
1084 1285 1321 1367 penitus
1372 1287 1557 1362 exuti,
1595 1294 1652 1348 et
1679 1287 1958 1347 incorru-
2125 1277 2236 1351 Olli
2269 1288 2384 1341 tam
2414 1297 2638 1360 ριόηυε
2665 1298 2731 1342 es
2759 1279 2832 1340 ad
2865 1278 3295 1355 miserandum,
3329 1279 3488 1341 Deus
3503 1299 3702 1360 Πιθυε,

301 1373 565 1452 ριίοῃριη
598 1374 796 1436 induti
829 1383 1026 1437 erunt,
1063 1382 1121 1436 et
1177 1374 1411 1454 abjecta
1445 1385 1662 1449 morie,
1697 1375 1826 1436 vitae
1851 1393 1956 1454 ag-
2043 1377 2276 1429 creator
2307 1387 2498 1446 meus,
2563 1368 2724 1448 fulge
2778 1367 2927 1429 mihi
2977 1367 3233 1448 amplius
3260 1370 3567 1431 inaccesso
3600 1371 3699 1432 lu—

295 1462 597 1542 glutiuati,
652 1465 1003 1545 incorrupti,
1068 1473 1125 1525 et
1180 1465 1547 1526 immortales
1590 1465 1866 1544 evadunt,
1902 1472 1960 1525 et
2044 1455 2205 1520 mine
2251 1466 2372 1535 tuo,
2411 1465 2470 1518 ut
2501 1459 2714 1537 gaudio
2767 1476 2870 1518 cor
2916 1476 3114 1519 meum
3176 1458 3470 1539 impleas;
3535 1469 3590 1522 et
3623 1479 3698 1522 ne

297 1551 523 1612 idcirco
552 1554 830 1615 ccelestes
860 1554 1257 1634 appellantur.
1291 1552 1435 1625 Quis
1469 1553 1628 1615 enim
1678 1562 1810 1634 post
1847 1555 1955 1614 ho-
2041 1546 2340 1622 irascaris,
2400 1565 2550 1608 neve
2611 1545 2996 1627 derelinquas
3054 1563 3148 1610 me
3178 1546 3208 1606 ‘I
3257 1549 3362 1610 sed
3413 1549 3544 1610 luce
3603 1557 3701 1612 tua

299 1641 494 1702 mines
524 1650 694 1703 natos
726 1641 807 1702 ita
836 1641 1164 1722 appellatus
1212 1649 1303 1702 est
1352 1660 1420 1703 ex
1475 1642 1691 1704 Adami
1723 1642 1861 1704 filiis
1890 1661 1961 1704 ac
2046 1634 2280 1697 illustra
2309 1635 2571 1696 animam
2603 1653 2796 1697 meam
2839 1655 2854 1712 ;
2911 1635 3011 1696 lux
3045 1636 3203 1697 enim
3232 1644 3328 1698 tua
3363 1646 3421 1698 lu
3452 1638 3581 1719 ipse
3611 1657 3698 1720 οε,

298 1730 579 1810 posteris,
605 1730 948 1812 priusquam
979 1731 1268 1793 Dominus
1289 1731 1579 1802 omnium,
1602 1732 1954 1807 caelestium,
1982 1773 2021 1824 Β
2048 1725 2204 1824 Deus
2238 1743 2428 1824 meus.
2463 1724 2810 1824 Quapqlgam
2869 1723 3028 1786 enim
3081 1726 3304 1802 ῐηυῙῑίε,
3350 1745 3422 1824 _a_c
3453 1729 3702 1790 diverSiS

297 1838 365 1880 ac
387 1820 764 1881 terrestrium
796 1819 1026 1882 caelitus
1057 1819 1484 1882 delaberetur?
1513 1819 1623 1882 Hic
1652 1840 1832 1882 carne
1856 1841 1959 1897 noe

298 1915 423 1969 stra
454 1926 519 1969 se
540 1909 792 1984 vestivit,
819 1908 1208 1990 divinumque
1240 1906 1529 1989 Spiritum
1564 1909 1736 1972 nobis
1769 1910 1953 1990 dedit,

297 1997 461 2078 quod
493 2016 652 2078 saepe
705 1999 961 2060 diximus
1001 2020 1014 2059 :
1075 2009 1133 2060 et
1189 1997 1350 2059 idem
1382 1997 1637 2078 Spiritus
1663 2000 1865 2061 omnia
1895 2007 1958 2061 ut

296 2086 465 2148 Deus
495 2086 668 2149 nobis
725 2087 971 2168 praebet.
1027 2087 1306 2160 Quaenam
1366 2086 1524 2149 illa?
1582 2107 1712 2168 quae
1745 2089 1956 2151 crebro

295 2175 538 2252 rudius,
572 2195 639 2238 ac
696 2177 1031 2259 simplicius
1092 2175 1458 2253 enumeravi,
1519 2179 1675 2258 quod
1711 2187 1769 2241 et
1799 2197 1956 2240 nunc

297 2265 520 2327 faciam
535 2315 548 2328 .

379 2352 476 2415 Fit
509 2351 683 2435 quasi
713 2354 979 2435 quaedam
1013 2353 1331 2435 natatoria,
1365 2354 1590 2417 lumine
1621 2354 1819 2416 divino
1844 2354 1959 2416 ela-

297 2442 563 2518 rissima,
600 2452 659 2504 et
690 2462 761 2504 ea
811 2443 1230 2524 complectitur
1275 2445 1498 2506 omnia.
1561 2442 1720 2516 Quos
1749 2443 1958 2523 dignos

297 2530 624 2604 invenerit,
686 2532 845 2594 intus
890 2531 1133 2614 (quibus
1191 2531 1389 2595 verbis
1446 2533 1712 2615 eloquar,
1746 2532 1962 2614 quibus

301 2620 656 2702 enuntiabo,
691 2621 908 2702 quibus
939 2640 1046 2702 pro
1091 2620 1376 2701 dignitate
1426 2622 1775 2698 edisseram,
1835 2641 1963 2703 quae

302 2711 460 2772 ﬁunt
495 2710 520 2771 ἲ
549 2709 634 2772 Da
667 2711 813 2772 mihi
865 2711 1044 2774 verba
1082 2711 1183 2792 qui
1227 2712 1464 2774 donasti
1494 2713 1641 2774 mihi
1673 2712 1958 2788 animam,

300 2798 466 2860 Deus
492 2799 684 2881 meus)
709 2799 945 2861 divinus
957 2799 1216 2879 Spiritus
1229 2820 1367 2880 ergo
1387 2820 1521 2862 cum
1536 2800 1798 2878 Deussit,
1814 2821 1963 2882 quos

300 2889 462 2949 intra
496 2907 560 2950 se
591 2889 909 2969 acceperit,
975 2898 1128 2950 totos
1188 2889 1448 2968 reﬁngit,
1510 2898 1665 2952 totos
1694 2899 1957 2967 renovat,

303 2986 366 3040 et
389 2978 683 3040 instaurat
704 2978 1138 3042 admirabiliter
1162 2998 1176 3044 :
1205 2999 1316 3042 nec
1334 2979 1612 3042 sordibus
1635 2998 1839 3042 eorum
1853 2983 1963 3043 in-

301 3065 530 3129 ﬁcitur.
566 3066 636 3128 Et
685 3070 984 3148 quomodo
1033 3086 1144 3130 nec
1200 3068 1355 3148 ignis
1413 3069 1709 3148 nigrorem
1744 3070 1962 3131 aferro

2043 1812 2387 1876 nominibus
2415 1814 2760 1897 appellaris,
2796 1823 2991 1876 tamen
3012 1834 3194 1875 unum
3229 1834 3315 1878 es.
3348 1815 3471 1878 Hoc
3499 1827 3698 1880 autem

2041 1922 2228 1964 unum
2247 1903 2412 1964 omni
2435 1912 2660 1965 naturae
2682 1903 3075 1986 incognitum,
3105 1904 3426 1983 invisibile,
3453 1907 3700 1970 etinex-

2041 1991 2327 2072 plicabile
2353 2001 2462 2065 est,
2492 1993 2650 2072 quod
2679 2012 2747 2054 ex
2773 1993 3221 2074 comparatione
3234 2014 3592 2078 quocunque
3614 1998 3700 2060 in-

2042 2080 2324 2160 digitatur
2344 2083 2611 2144 nomine.
2640 2081 2795 2159 Ergo
2818 2082 2973 2143 istuc
2997 2101 3178 2144 unum
3201 2092 3290 2146 est
3311 2095 3522 2148 natura
3549 2109 3701 2166 τρισ-

2039 2172 2361 2245 υπόστατος,
2396 2189 2516 2232 una
2548 2170 2763 2251 deitas,
2817 2190 3003 2232 unum
3063 2190 3342 2249 regnum,
3375 2193 3494 2235 una
3523 2184 3700 2256 pote-

2042 2266 2166 2321 stas
2203 2279 2218 2336 ;
2256 2259 2516 2322 Trinitas
2547 2260 2767 2340 quippe
2795 2279 2982 2321 unum
3007 2268 3118 2324 est.
3153 2260 3411 2324 Trinitas
3452 2283 3568 2327 una
3609 2275 3701 2329 est

2039 2347 2199 2410 Deus
2229 2367 2418 2426 meus,
2455 2366 2574 2411 non
2607 2348 2744 2411 tria.
2799 2351 2918 2412 Sed
2980 2348 3370 2413 nihilominus
3402 2353 3512 2414 tria
3550 2354 3696 2418 illud

2039 2455 2251 2518 unum,
2277 2437 2606 2501 secundum
2627 2436 3068 2514 subsistentias,
3093 2449 3304 2502 natura
3335 2451 3538 2504 mutuo
3555 2448 3693 2521 ὁμο-

2046 2542 2198 2608 (post:
2228 2536 2658 2610 competentes,
2687 2536 2744 2588 et
2773 2527 3306 2591 consubstanLiales
3336 2531 3698 2596 omnimodis

2045 2615 2383 2698 inconfuse,
2443 2636 2623 2698 supra
2684 2613 2923 2698 captum
2978 2618 3302 2679 humanum
3367 2621 3581 2694 unitas,
3640 2634 3698 2686 et

2047 2724 2284 2769 rursum
2306 2706 2454 2767 citra
2483 2706 2843 2769 divisionem
2883 2706 3122 2783 divisas,
3157 2707 3218 2769 in
3251 2728 3434 2770 unum
3465 2712 3698 2776 scilicet

2046 2795 2179 2871 tria,
2215 2803 2272 2857 et
2302 2815 2486 2857 unum
2516 2801 2576 2857 in
2608 2797 2740 2860 tria.
2765 2795 2928 2859 Unus
2957 2797 3118 2859 enim
3151 2806 3260 2874 est,
3297 2799 3398 2880 qui
3426 2802 3698 2865 condidit

2047 2886 2248 2946 omnia
2276 2884 2451 2948 Jesus
2497 2885 2767 2950 Christus
2818 2905 2954 2948 cum
3008 2885 3182 2949 Patre
3232 2898 3474 2970 experte
3523 2892 3695 2972 prin-

2045 2973 2210 3054 cipii,
2246 2983 2303 3036 et
2332 2993 2468 3038 cum
2499 2973 2721 3057 Spiritu
2753 2983 2980 3054 sancto,
3045 2977 3217 3058 cujus
3263 2996 3432 3060 aeque
3461 2981 3692 3045 nullum

2046 3063 2308 3127 initium.

303 3155 629 3232 contrahit,
667 3145 728 3217 et
755 3157 840 3218 illi
873 3145 1247 3239 quaecunque
1291 3145 1916 3221 habet'communicat
1941 3175 1961 3226 :
1982 3145 2022 3195 C
2106 3148 2322 3216 'Unum
2356 3153 2535 3231 igitur
2564 3153 2847 3231 Trinitas,
2879 3155 3132 3218 indivise
3178 3177 3443 3238 prorsus.
3476 3160 3542 3223 In
3574 3182 3693 3225 uno

301 3245 438 3326 pari
471 3246 649 3308 modo
699 3246 934 3308 divinus
982 3245 1242 3326 Spiritus
1295 3266 1429 3308 cum
1490 3247 1566 3309 sit
1594 3248 1960 3330 incorrupti-

300 3333 469 3410 bilis,
505 3347 564 3397 et
605 3335 984 3410 immortalis,
1047 3337 1560 3418 incorruptionem
1621 3337 1960 3400 etimmor-

299 3423 594 3487 talitatem
628 3424 917 3506 impertit.
970 3428 1040 3487 Et
1097 3445 1229 3487 cum
1289 3429 1366 3488 sit
1421 3426 1624 3487 lumen
1656 3446 1957 3509 nunquam

303 3516 617 3589 occidens,
652 3515 854 3576 lumen
885 3515 1023 3577 facit
1071 3534 1302 3592 omnes,
1363 3535 1512 3596 quos
1541 3515 1852 3578 inhabitat.
1888 3517 1962 3581 Et

303 3622 446 3665 cum
479 3604 556 3666 sit
584 3603 722 3685 vita,
754 3605 1034 3666 omnibus
1094 3605 1266 3666 vitam
1321 3605 1591 3685 largitur.
1628 3604 1700 3668 Ut
1731 3606 1962 3669 Christo

304 3701 538 3755 naturae
585 3711 854 3766 consors,
900 3702 959 3755 et
1008 3693 1552 3769 consubstantialis,
1604 3703 1661 3756 et
1691 3696 1962 3776 ejusdem

308 3782 519 3862 gloria;
567 3782 794 3859 socius,
846 3784 1020 3865 eique
1072 3784 1294 3858 unitus,
1354 3784 1462 3846 hos
1521 3786 1699 3846 etiam
1730 3785 1963 3848 Christo

306 3873 656 3935 simillimos
685 3873 904 3935 reddit.
937 3871 1142 3954 Neque
1200 3872 1359 3934 enim
1398 3873 1620 3935 invidet
1647 3874 1958 3953 Dominus,

305 3963 598 4024 mortales
619 3961 816 4023 divina
847 3963 1034 4041 gratia
1064 3961 1179 4024 sibi
1211 3962 1442 4025 similes
1471 3962 1598 4024 ﬁcri
1632 3985 1648 4045 ;
1710 3983 1820 4027 nec
1850 3965 1961 4028 de-

305 4051 593 4131 dignatur
618 4070 820 4113 servos
846 4071 984 4114 suos
1011 4051 1469 4114 similitudinem
1500 4051 1690 4133 ipsius
1720 4072 1964 4134 gerere;

303 4141 453 4222 quin
487 4140 839 4215 delectatur,
861 4150 918 4202 et
937 4141 1178 4221 gaudet,
1211 4141 1352 4203 dum
1392 4142 1588 4205 cernit
1610 4142 1756 4206 tales
1780 4143 1966 4206 factos

303 4247 420 4291 nos
449 4249 522 4292 ex
550 4229 897 4292 hominibus
941 4234 1132 4304 natos,
1167 4230 1348 4311 idque
1377 4249 1483 4311 per
1509 4231 1779 4310 gratiam,
1814 4251 1962 4313 qua-

2046 3251 2244 3304 autem
2273 3244 2406 3326 tria,
2442 3251 2501 3306 et
2529 3244 2788 3306 vicissim
2831 3247 2892 3305 in
2926 3246 3114 3308 tribus
3145 3267 3352 3325 unum,
3384 3251 3474 3312 vel
3499 3254 3696 3332 potius

2046 3351 2229 3393 unum
2267 3332 2376 3394 tria
2404 3333 2542 3410 ista,
2596 3341 2654 3395 et
2703 3341 2930 3411 contra,
2995 3334 3105 3396 tria
3158 3355 3366 3399 unum.
3397 3337 3694 3422 Intellige,

2045 3421 2249 3496 adora,
2282 3422 2460 3484 crede
2491 3441 2650 3484 nunc
2682 3430 2740 3485 et
2769 3423 2830 3484 in
2860 3423 3098 3486 saecula.
3163 3422 3290 3490 Hoc
3320 3428 3478 3489 enim
3510 3421 3694 3492 unum

2045 3528 2180 3573 cum
2210 3513 2572 3592 apparuerit,
2626 3532 2760 3575 cum
2811 3512 3046 3591 luxerit,
3108 3533 3244 3577 cum
3275 3518 3695 3600 participatum

2046 3608 2107 3662 et
2160 3602 2662 3664 communicatum
2736 3603 3178 3683 illuminaverit,
3238 3624 3417 3668 omne
3469 3609 3694 3672 bonum

2047 3698 2158 3752 est.
2221 3690 2514 3763 Quocirca
2572 3693 2749 3755 etiam
2809 3713 2926 3756 non
2985 3713 3192 3776 unum,
3257 3697 3360 3757 sed
3425 3697 3610 3761 multa
3662 3718 3698 3760 a

2049 3780 2222 3842 nobis
2251 3781 2468 3863 accipit
2497 3783 2764 3857 nomina,
2795 3783 3024 3865 lumen,
3057 3803 3194 3865 pax,
3225 3785 3533 3869 gaudium,
3555 3791 3695 3867 vita,

2049 3887 2204 3946 esca,
2241 3879 2433 3952 potus,
2468 3871 2906 3948 indumentum,
2936 3873 3694 3958 amictus,tabernaculum;

2047 3961 2315 4050 divinum
2333 3963 2762 4046 habitaculum,
2780 3964 3003 4043 oriens,
3030 3967 3413 4045 resurrectio,
3435 3969 3694 4050 requies,

2045 4049 2372 4128 lavacrum,
2409 4053 2588 4134 ignis,
2621 4073 2790 4135 aqua,
2848 4055 3088 4130 ﬂuvius,
3137 4057 3272 4118 fons
3316 4057 3466 4135 vitae,
3499 4049 3693 4122 fluen-

2047 4147 2194 4211 tum,
2229 4142 2400 4223 panis
2448 4151 2507 4205 et
2555 4143 2781 4220 vinum,
2815 4163 3028 4206 novum
3063 4152 3122 4208 et
3157 4146 3513 4226 exquisitum
3545 4149 3701 4212 fide-

2047 4229 2190 4292 lium
2227 4231 2698 4309 condimentum,
2723 4233 3038 4315 opiparum
3071 4234 3693 4312 convivium,alimen-

304 4319 386 4408 lis
414 4318 544 4399 ipse
573 4319 807 4398 genitus
837 4327 944 4391 est,
1003 4327 1062 4382 et
1114 4328 1324 4382 natura
1374 4327 1483 4381 est.
1519 4321 1665 4384 Cum
1698 4321 1855 4383 enim
1887 4321 1964 4383 sit
1985 4327 2170 4402 Dtum
2202 4321 2580 4402 mysticarum
2609 4323 2980 4388 deliciarum.
3007 4323 3132 4386 Hoc
3160 4325 3250 4386 sol
3281 4334 3368 4387 est
3391 4345 3697 4408 nunquam

306 4407 681 4484 benefactor,
715 4411 860 4471 tales
890 4428 998 4471 nos
1057 4427 1191 4473 esse
1247 4410 1388 4488 vult,
1450 4410 1642 4491 qualis
1687 4410 1818 4491 ipse
1847 4419 1959 4474 est.

304 4498 463 4562 Nam
493 4500 543 4559 si
581 4497 876 4578 ejusmodi
907 4517 1028 4560 non
1087 4498 1297 4580 simus,
1358 4501 1638 4580 perfecte,
1691 4500 1957 4581 inquam,

305 4587 564 4662 similes,
597 4587 899 4669 quomodo
952 4588 1038 4650 illi
1098 4588 1249 4650 uniti
1302 4589 1548 4667 erimus,
1585 4591 1736 4652 sicut
1766 4590 1963 4652 dixit?

304 4675 614 4758 quomodo
641 4676 816 4738 etiam
847 4677 911 4738 in
962 4695 1034 4739 eo
1085 4677 1460 4740 manebimus
1488 4677 1519 4738 ?
1577 4687 1635 4741 et
1663 4679 1959 4761 quomodo

303 4767 440 4848 ipse
470 4765 532 4827 in
564 4764 738 4828 nobis
768 4766 1056 4844 manebit,
1089 4767 1140 4830 si
1169 4767 1226 4830 ei
1255 4767 1442 4830 simus
1464 4767 1965 4834 dissimiles?Hcc

303 4856 492 4935 igitur
537 4875 670 4918 cum
723 4856 1039 4938 perspicue
1097 4857 1322 4934 sciatis,
1402 4857 1634 4920 studete
1689 4858 1964 4940 accipere

305 4945 602 5026 Spiritum
635 4946 738 5027 qui
764 4964 835 5010 ex
889 4949 1008 5010 Deo
1060 4955 1170 5025 est,
1223 4955 1282 5010 et
1310 4945 1550 5008 divinus
1581 4955 1690 5023 est,
1725 4955 1790 5010 ut
1819 4949 1966 5011 tales

307 5035 596 5112 evadatis,
649 5036 855 5116 quales
884 5055 994 5098 nos
1051 5035 1386 5118 docuimus,
1445 5037 1719 5100 caelestes
1769 5056 1838 5100 ac
1868 5038 1965 5100 di-

304 5125 454 5206 vini,
491 5125 696 5207 quales
726 5125 873 5188 dixit
924 5124 1236 5201 Dominus,
1285 5132 1353 5188 ut
1413 5133 1470 5186 et
1501 5125 1672 5205 regni
1702 5125 1960 5189 ccelestis

307 5214 716 5277 hereditatem
747 5213 976 5277 adeatis
1004 5216 1066 5275 in
1099 5213 1558 5295 sempiternum.
1582 5214 1642 5279 Si
1670 5217 1816 5278 tales
1839 5235 1959 5280 non

307 5303 564 5385 fueritis,
612 5311 714 5367 aut
756 5303 857 5366 hic
916 5323 1035 5366 non
1087 5303 1265 5380 ﬁetis,
1325 5303 1624 5386 caelestes,
1686 5312 1750 5367 ut
1809 5305 1952 5382 dixi,

2047 4411 2438 4500 occumbens,
2488 4420 2715 4474 astrum
2766 4431 3007 4494 semper
3062 4413 3410 4493 splendens,
3468 4417 3700 4500 lampas

2043 4498 2206 4561 intus
2237 4499 2299 4561 in
2330 4500 2638 4563 domicilio
2693 4501 2909 4564 animae
2965 4503 3276 4582 effulgens.
3341 4508 3470 4568 Hoc
3511 4498 3697 4569 unum

2045 4590 2230 4651 multa
2280 4599 2389 4667 est,
2454 4591 2768 4654 destruens
2837 4602 2900 4655 et
2951 4593 3275 4655 aedificans.
3335 4591 3461 4658 Hoc
3509 4615 3698 4660 unum

2047 4678 2225 4741 simul
2256 4680 2456 4741 omnia
2484 4680 2665 4742 verbo
2721 4681 3020 4762 produxit,
3083 4690 3143 4743 et
3196 4680 3417 4763 Spiritu
3467 4686 3702 4748 virtutis

2047 4787 2170 4830 suae
2201 4770 2327 4831 haec
2373 4770 2576 4832 omnia
2624 4771 2911 4835 continet.
2964 4770 3089 4833 Hoc
3121 4790 3329 4854 unum,
3367 4773 3605 4858 coelum,
3642 4783 3702 4838 et

2051 4865 2270 4920 terram
2301 4877 2371 4920 ex
2402 4859 2590 4921 nihilo
2622 4859 2912 4936 condidit,
2946 4859 3208 4922 essentia
3258 4861 3606 4946 impertivit,
3639 4873 3699 4928 et

2047 4946 2430 5012 ineﬂ'abiliter
2458 4949 2912 5031 coagmentavit.
2955 4947 3083 5012 Hoc
3133 4969 3316 5012 unum
3363 4951 3577 5032 solem,
3611 4953 3698 5016 lu-

2048 5055 2208 5114 nam,
2245 5039 2446 5102 stellas
2473 5040 2674 5120 (mira,
2727 5058 2898 5115 nova,
2957 5039 3236 5102 inusitata
3279 5041 3405 5123 res)
3433 5041 3561 5104 sola
3591 5061 3698 5105 vo-

2046 5125 2272 5189 luntate
2299 5128 2459 5192 fecit.
2512 5128 2637 5191 Hoc
2695 5148 2879 5191 unum
2935 5129 3375 5210 quadrupedes,
3434 5132 3698 5213 reptilia,

2045 5223 2106 5279 et
2133 5217 2312 5292 feras,
2347 5226 2406 5280 et
2432 5219 2738 5282 volucrum
2772 5236 2949 5281 omne
2977 5237 3188 5298 genus,
3225 5220 3484 5284 etmaris
3501 5220 3698 5303 pisces

2043 5305 2197 5368 sicut
2225 5306 2556 5384 cernimus,
2593 5308 2852 5370 existere
2874 5307 3080 5388 jussit.
3138 5308 3447 5371 Postremo
3497 5323 3697 5375 autem

309 5393 606 5475 quomodo
635 5395 756 5458 ullo
807 5394 984 5456 modo
1019 5411 1155 5458 cum
1216 5393 1345 5475 ipso
1404 5393 1617 5456 coelum
1648 5413 1750 5457 vos
1777 5393 1955 5457 habi-
2039 5393 2172 5458 loco
2205 5414 2302 5458 me
2353 5397 2540 5474 ﬁnxit,
2603 5407 2881 5479 tanquam
2909 5416 3135 5479 regem,
3172 5404 3232 5462 et
3261 5397 3389 5461 haec
3418 5400 3700 5465 universa

308 5489 535 5548 taturos
575 5482 1005 5548 arbitramini?
1051 5482 1350 5565 quomodo
1400 5481 1462 5544 in
1508 5501 1758 5563 regnum
1815 5503 1952 5546 cum
2037 5485 2113 5548 ad
2147 5484 2503 5568 obsequium
2537 5487 2684 5550 mihi
2715 5486 3026 5577 subjecit;
3076 5495 3142 5550 ut
3189 5504 3358 5552 more
3387 5507 3696 5554 servorum

388 5645 450 5697 48
474 5643 647 5710 Joan.
683 5662 767 5729 vr,
795 5645 1014 5709 49-52.
