4120 6402
464 329 582 396 583

1783 332 2168 403 SYMEONIS
2206 332 2560 399 JUNIORIS

3726 330 3853 399 584

460 463 850 528 necessitates
909 481 1072 526 meas
1130 465 1467 545 explerent.
1524 465 1595 528 Et
1642 467 1880 548 quidem
1913 468 2350 532 omniaAsum.
2387 466 2610 530 Nerum
2642 475 2705 530 ut
2735 467 3140 549 publicanum,
3197 476 3257 531 et
3297 469 3688 531 meretricem
3717 483 3874 547 sup-

461 564 675 616 caztera
705 554 883 632 hujus
934 553 1134 630 unius,
1196 554 1326 630 Dei,
1388 555 1650 636 inquam,
1711 558 2115 620 universitatis

460 644 804 705 mandatum
827 642 1290 720 custodiverunt,
1320 654 1376 706 et
1399 645 1721 707 etiamnum
1745 648 2112 724 custodiunt;

462 753 569 814 ego
605 736 785 797 miser
814 735 974 795 solus
1034 733 1296 813 ingratus
1352 737 1621 816 apparui,
1684 746 1742 798 et
1774 739 2108 819 improbus,

462 835 520 886 et
547 823 904 886 inobediens
936 828 1059 887 Deo
1093 824 1301 885 Πρωνί·
1337 842 1494 895 meo,
1557 835 1615 888 et
1674 828 1779 909 qui
1810 830 1953 891 mihi
1986 830 2113 892 haec

458 914 660 975 omnia
689 913 1181 975 bonaliberaliter
1205 911 1455 993 przebuit
1478 916 1811 998 violatoque
1838 921 2111 981 mandato

458 1003 649 1066 factus
695 1023 823 1064 sum
855 1002 1100 1078 inutilis,
1130 1003 1562 1084 jumentisque,
1612 1019 1669 1067 et
1704 1008 1869 1088 feris,
1905 1008 2113 1070 bestiis

457 1107 516 1156 et
544 1093 877 1174 reptilibns,
913 1102 970 1154 et
997 1092 1336 1154 volucribus
1366 1093 1618 1155 inferior
1669 1114 1737 1159 ac
1787 1098 1958 1177 pejor
2005 1117 2112 1178 ap-

459 1183 650 1263 parui,
685 1191 740 1244 et
792 1204 821 1241 a
878 1191 1042 1244 recto
1093 1181 1309 1244 itinere
1369 1183 1692 1263 digressus,
1730 1187 1925 1247 datam
1964 1188 2109 1248 mihi

458 1273 703 1352 gloriam
737 1272 939 1334 infelix
977 1271 1230 1353 perdidi,
1260 1272 1596 1354 lucidaque,
1630 1284 1688 1337 et
1728 1276 1926 1337 divina
1957 1278 2111 1338 stola

458 1363 743 1443 spoliatus
775 1381 932 1437 sum,
969 1370 1026 1423 et
1055 1362 1115 1422 in
1167 1362 1432 1424 tenebris
1484 1373 1680 1436 natus,
1744 1386 1901 1428 nunc
1930 1367 1990 1428 in
2024 1375 2111 1428 te-

458 1452 660 1513 nebris
685 1454 881 1532 jaceo,
917 1462 976 1514 et
1007 1471 1101 1512 me
1148 1452 1282 1513 luce
1341 1453 1629 1531 privatum
1666 1456 1889 1518 nescio.
1926 1456 2104 1531 Ecce,

454 1540 720 1621 inquam,
755 1541 841 1602 sol
875 1540 1033 1603 diem
1089 1540 1409 1615 illuminat,
1468 1560 1643 1622 quem
1702 1552 1875 1606 nocte
1906 1562 2111 1625 snper-

2201 556 2517 636 plicantem
2552 576 2649 618 me
2669 556 2931 638 suscipe,
2959 556 3235 622 Domine.
3288 559 3418 621 Etsi
3459 578 3569 639 ego
3600 577 3718 620 non
3754 575 3868 638 pe-

2198 645 2373 708 rinde
2407 648 2520 710 ﬂeo
2554 664 2570 721 ;
2624 648 2737 708 etsi
2787 666 2905 708 non
2938 647 3215 709 similiter
3245 649 3434 730 pedes
3465 657 3602 710 tuos
3636 645 3872 727 capillis

2199 735 2349 796 meis
2380 744 2672 815 exterge;
2729 736 2840 797 etsi
2896 755 3015 797 non
3073 737 3355 800 similiter
3407 756 3607 817 gemo,
3665 746 3726 799 et
3772 737 3867 797 la-

2198 833 2454 900 mentor,
2492 833 2686 886 tamen
2721 832 2782 886 tu
2815 844 3057 888 emanas
3104 826 3605 908 misericordiam,
3640 834 3700 888 et
3730 844 3864 887 sca-

2198 913 2347 975 turis
2374 914 2845 989 miserationem,
2880 923 2938 976 et
2966 916 3134 995 quasi
3165 935 3200 978 e
3251 916 3413 978 fonte
3468 915 3725 977 et'fundis
3759 914 3865 976 bo-

2196 1002 2465 1079 nitatem,
2502 1022 2611 1083 per
2640 1022 2771 1084 quas
2804 1002 3091 1068 miserere
3122 1006 3264 1066 mei.
3314 1005 3441 1081 Eia,
3499 1004 3600 1085 qui
3649 1017 3864 1064 manus

2196 1100 2254 1152 et
2285 1092 2470 1172 pedes
2503 1099 2636 1154 tuos
2671 1094 2819 1153 lixus
2849 1111 2913 1154 es
2969 1094 3030 1153 in
3090 1113 3294 1169 cruce,
3359 1105 3419 1157 et
3464 1097 3667 1156 lancea
3710 1093 3866 1153 latus

2192 1189 2457 1262 apertus,
2489 1200 2523 1241 o
2560 1182 3151 1258 misericordissime,
3188 1185 3487 1246 miserere
3530 1183 3670 1256 mei,
3696 1194 3759 1243 et.
3787 1180 3862 1243 ab

2193 1272 2331 1351 igne
2362 1274 2728 1354 sempiterno
2761 1293 2933 1336 serva
2978 1294 3098 1350 me,
3139 1283 3198 1337 et
3227 1277 3471 1355 dignum
3507 1276 3618 1352 fac,
3657 1274 3761 1356 qui
3782 1274 3860 1335 de

2191 1362 2425 1443 reliqqo
2450 1364 2714 1444 approbe
2733 1365 2987 1425 serviam
3019 1364 3158 1440 tibi,
3195 1374 3252 1426 et
3275 1374 3417 1427 tunc
3437 1363 3863 1427 indamnabilis

2192 1460 2343 1512 stem
2376 1470 2577 1514 coram
2608 1462 2686 1534 te,
2713 1454 3094 1535 accipiarque
3127 1456 3282 1516 intra
3314 1454 3636 1515 thalamum
3664 1463 3858 1534 tuum,

2193 1540 2296 1602 ubi
2324 1542 2574 1605 laetabor
2595 1551 2796 1606 tecum
2832 1542 2991 1605 bono
3024 1544 3279 1607 Domino
3309 1545 3368 1606 in
3394 1548 3595 1607 omnia
3615 1543 3858 1605 saecula.

453 1631 729 1693 veniente
759 1629 1035 1692 occidere
1067 1629 1257 1690 video.
1294 1630 1445 1692 Tum
1497 1640 1563 1692 ut
1615 1631 1869 1714 videam,
1905 1653 2114 1696 cereos
2196 1634 2415 1694 Amen.
2448 1708 2461 1721 κ

455 1729 512 1780 et
564 1718 903 1814 lampadem
942 1719 1229 1814 accendo.
1409 1721 1551 1814 quid
1584 1722 1737 1784 alius
1768 1724 1943 1814 homo
1976 1724 2110 1805 plus
2136 1767 2172 1814 Β

456 1829 553 1870 me
579 1809 757 1871 habet
785 1807 817 1867 ἱ)
845 1809 944 1871 Sic
977 1807 1135 1869 enim
1188 1810 1462 1870 homines
1511 1811 1571 1871 in
1630 1813 1850 1875 mundo
1882 1814 2102 1885 vident,

453 1900 743 1979 aliterque
774 1905 874 1960 aut
902 1898 1035 1979 plus
1072 1916 1273 1961 nemo.
1306 1897 1444 1960 Haec
1475 1918 1608 1962 cum
1646 1902 1805 1978 dico,
1844 1905 2105 1965 mentior

457 2002 517 2050 et
570 1988 858 2069 meipsum
910 1986 1071 2061 ludo,
1135 1989 1428 2068 meipsum
1492 1989 1652 2062 fallo,
1713 2000 1772 2052 et
1819 1992 2100 2056 adversus

455 2086 680 2139 memet
705 2096 799 2138 me
824 2078 1005 2157 jacto,
1040 2078 1182 2138 dum
1214 2078 1349 2139 nolo
1384 2096 1478 2139 me
1499 2097 1719 2140 caicum
1741 2098 1872 2143 esse
1892 2100 2105 2160 cogno-

454 2185 648 2240 scere,
682 2167 821 2227 dum
855 2167 990 2227 nolo
1024 2166 1317 2246 laborare,
1352 2167 1487 2227 nolo
1538 2186 1772 2229 sursum
1804 2171 2099 2251 aspicere,

453 2257 589 2317 nolo
622 2257 932 2318 damnatus
966 2275 1072 2335 ego
1104 2274 1295 2316 meam
1330 2256 1653 2318 caecitatem
1672 2277 2015 2337 agnoscere.

532 2346 677 2407 Dico
710 2354 931 2420 autem,
965 2346 1095 2425 quis
1153 2346 1297 2406 vidit
1353 2345 1539 2407 Deum
1605 2346 1807 2409 lumen
1843 2350 2047 2410 mundi
2083 2351 2096 2410 !

452 2445 514 2499 et
544 2437 686 2500 dum
729 2439 839 2499 hoc
872 2438 1030 2514 dico,
1069 2454 1309 2516 prorsus
1343 2455 1461 2497 non
1507 2440 1726 2512 sentio,
1769 2458 1887 2501 non
1917 2439 2098 2500 intel-

448 2527 590 2605 ligo,
623 2527 898 2598 Domine,
935 2545 1030 2586 me
1082 2525 1234 2586 male
1281 2525 1565 2605 cogitare,
1631 2536 1687 2590 et
1749 2528 1933 2609 loqui.
1987 2530 2100 2602 Qui

445 2634 702 2696 namque
735 2615 934 2676 lumen
968 2623 1131 2675 tuum
1164 2634 1282 2675 non
1311 2615 1490 2689 videt,
1529 2625 1585 2676 et
1617 2634 1681 2678 se
1712 2616 1915 2679 videre
1946 2619 2102 2680 afﬁr-

451 2713 590 2784 mat,
624 2705 744 2764 imo
775 2722 914 2764 vero
964 2702 1333 2783 impossibile
1391 2703 1534 2764 dicit
1581 2722 1734 2778 esse,
1770 2706 1974 2768 videre
2000 2708 2097 2769 lu-

446 2808 583 2854 men
616 2794 821 2872 gloriaz
850 2800 990 2866 ture,
1025 2811 1233 2853 omnes
1285 2793 1735 2874 prophetarum,
1794 2797 2095 2876 apostolo-

440 2901 697 2963 rumque
727 2882 1081 2963 Scripturas,
1143 2889 1197 2943 et
1256 2900 1588 2959 sermones,
1643 2899 1822 2963 atque
1854 2903 2098 2948 incone-

448 2971 631 3031 miam
664 2979 845 3046 tuam,
882 2972 1046 3048 Jesu,
1084 2978 1280 3048 negat.
1310 2969 1372 3033 Si
1403 2970 1561 3031 enim
1594 2970 1667 3032 ab
1699 2973 1816 3033 alto
1853 2973 2098 3038 illnxisti

2740 1751 2991 1815 CAPUT
3038 1752 3304 1816 XXXIII.

2191 1870 2510 1955 Confessio
2561 1876 2910 1952 precationi
2973 1877 3313 1950 conjuncta,
3377 1882 3438 1936 et
3496 1875 3573 1936 de
3630 1877 3858 1955 copula

2222 1954 2423 2013 sancti
2451 1953 2731 2033 Spiritus
2756 1971 2894 2014 cum
2915 1956 3448 2034 perturbationum
3469 1953 3807 2017 vacuitate.

2266 2073 2597 2155 Elongari,
2634 2094 2666 2133 o
2699 2073 2978 2156 benigne,
3011 2081 3211 2137 mansi
3237 2081 3302 2138 in
3321 2078 3658 2140 solitudine
3676 2078 3762 2152 49,
3793 2086 3863 2141 et

2187 2159 2473 2223 abscondi
2506 2182 2600 2224 me
2627 2163 2733 2226 abs
2765 2174 2820 2225 te
2876 2166 3036 2226 dulci
3086 2164 3362 2229 Domino.
3399 2167 3857 2231 Circumventus

2189 2260 2362 2312 nocte
2394 2252 2814 2314 sollicitudinis
2846 2255 2979 2314 vita)
3010 2254 3207 2334 hujus,
3261 2256 3479 2316 multos
3505 2256 3646 2317 inde
3677 2276 3852 2319 mor-

2185 2358 2306 2415 sus,
2339 2360 2406 2402 ac
2438 2343 2683 2402 vulnera
2711 2342 2967 2404 susdnui
3005 2365 3018 2405 :
3076 2344 3295 2405 multas
3337 2345 3535 2424 plagas
3564 2363 3847 2408 reversus

2181 2429 2309 2491 fero
2341 2431 2400 2491 in
2431 2432 2629 2492 anima
2662 2449 2817 2512 mea,
2853 2433 3170 2513 clamoque
3202 2434 3263 2493 in
3317 2435 3608 2507 cruciatu,
3643 2444 3699 2496 et
3727 2436 3847 2497 do-

2182 2519 2308 2580 lore
2338 2520 2536 2582 cordis
2570 2521 2686 2580 mei
2717 2520 3043 2584 :Miserere
3068 2523 3184 2582 mei
3211 2524 3700 2605 praevaricatoris,
3718 2524 3844 2585 mi-

2184 2626 2410 2689 serere,
2445 2629 2479 2668 «ι
2513 2609 2767 2686 medice,
2811 2611 2909 2690 qui
2936 2610 3136 2690 diligis
3163 2612 3413 2693 animas,
3448 2620 3506 2673 et
3537 2614 3700 2675 solus
3730 2615 3844 2675 ad-

2182 2698 2423 2780 modum
2452 2699 2711 2761 libenter
2732 2701 3061 2764 misereris.
3088 2700 3200 2773 Qui
3221 2702 3418 2779 azgris,
3440 2712 3500 2764 et
3520 2702 3850 2765 vulneratis

2184 2788 2442 2849 mederis
2490 2789 2700 2869 gratis,
2755 2790 2998 2852 medere
3056 2792 3350 2853 vibicibus
3409 2801 3469 2853 et
3496 2792 3849 2854 vulneribus

2185 2880 2364 2957 meis,
2390 2880 2559 2942 Stilla
2592 2882 3065 2945 misericordiam
3098 2884 3298 2961 gratiae
3330 2892 3441 2945 tum
3467 2886 3623 2947 Deus
3644 2902 3844 2960 meus,

2183 2968 2461 3032 ololittera
2486 2971 2708 3051 plagas,
2733 2979 2912 3053 atque
2936 2972 3141 3035 ulcera
3166 2992 3318 3049 mea,
3347 2974 3409 3033 in
3440 2993 3624 3034 unum
3655 2981 3834 3036 attra-

443 3068 503 3123 et
556 3060 618 3121 in
651 3059 916 3121 tenebris
945 3059 1291 3140 apparuisti,
1328 3067 1386 3121 et
1433 3061 1728 3123 advenisti
1776 3061 1838 3123 in
1870 3065 2092 3127 mundo
2119 3134 2151 3141 _
2180 3059 2276 3135 he,
2315 3068 2370 3121 et
2405 3064 2747 3141 constringe
2779 3062 2933 3123 male
2963 3062 3250 3124 dissoluta
3284 3062 3555 3124 membra
3585 3080 3734 3137 mea,
3778 3069 3843 3124 et

442 3168 611 3212 more
642 3159 844 3212 nostro
898 3134 1105 3211 vol-ens
1161 3134 1507 3211 conversari
1565 3170 1699 3212 cum
1750 3152 2092 3217 hominibus
2114 3134 2386 3212 Dromnes
2416 3134 2723 3212 cicatrices
2755 3170 2919 3213 meas
2944 3151 3102 3227 dele,
3129 3170 3340 3232 meque
3365 3159 3552 3213 totum
3574 3134 3843 3231 perfecte

444 3242 808 3316 humaniter,
844 3250 900 3302 et
948 3240 1150 3301 lumen
1196 3240 1408 3301 mundi
1460 3240 1718 3322 teipsum
1751 3261 1905 3320 esse,
1942 3244 2088 3307 citra

437 3332 752 3394 vanitatem
785 3330 1006 3412 dixisti,
1042 3349 1149 3392 nos
1179 3339 1379 3392 autem
1412 3339 1466 3392 te
1522 3350 1641 3393 non
1690 3332 1981 3410 videmus,
2013 3355 2087 3398 an

436 3440 554 3483 non
580 3424 815 3503 penitus
845 3421 1005 3495 caeci,
1041 3428 1100 3482 et
1130 3420 1302 3481 caecis
1329 3419 1792 3484 miserabiliores
1821 3442 2029 3486 sumus
2058 3426 2088 3485 ?

436 3508 763 3573 Verissime
796 3508 1037 3584 mortui,
1072 3521 1133 3570 et
1163 3507 1306 3571 caeci
1349 3527 1579 3591 sumus,
1628 3509 1768 3571 dum
1803 3519 1859 3572 te
1889 3511 2082 3573 vivifi-

434 3619 569 3662 cum
601 3600 805 3661 lumen
819 3619 936 3660 non
963 3598 1287 3662 cernimus.
1313 3596 1512 3661 Solem
1538 3600 1697 3660 hunc
1724 3617 2080 3681 corporeum

434 3688 579 3751 caeci
608 3708 726 3750 non
754 3688 977 3769 vident,
1008 3687 1207 3750 vivunt
1237 3695 1460 3750 tamen.
1505 3697 1562 3749 et
1585 3709 1939 3771 quocunque
1965 3710 2087 3752 mo-

435 3778 512 3840 do
545 3778 807 3840 motibus
837 3779 1107 3854 cientur;
1156 3797 1276 3839 non
1307 3778 1466 3840 enim
1496 3778 1674 3840 vitam
1729 3779 1931 3861 donat,
1978 3782 2084 3843 sed

434 3876 500 3931 ut
529 3868 731 3930 videas
788 3867 1090 3932 duntaxat.
1151 3866 1237 3928 Tu
1296 3876 1494 3929 autem
1553 3887 1687 3930 cum
1748 3869 1830 3930 sis
1886 3870 2085 3933 omnia

431 3955 591 4018 bona
621 3974 863 4038 semper
891 3956 1093 4017 omnia
1134 3957 1239 4018 das
1302 3957 1492 4018 servis
1535 3957 1650 4018 tuis
1695 3957 2075 4022 videntibus:

431 4045 799 4121 videntibus,
852 4044 1118 4126 inquam,
1171 4047 1373 4108 lumen
1434 4055 1624 4111 tuum.
1682 4046 1753 4109 Et
1802 4048 2079 4129 quoniam

430 4137 543 4197 vita
571 4154 656 4212 es,
693 4154 827 4197 cum
861 4134 993 4197 aliis
1023 4135 1297 4197 omnibus
1326 4134 1521 4218 bonis,
1574 4156 1704 4217 quae
1739 4143 1798 4198 tu
1828 4137 1958 4218 ipse
1988 4157 2075 4216 es,

431 4224 610 4287 etiam
647 4224 822 4286 vitam
856 4223 1110 4302 largiris.
1146 4223 1303 4288 Vere
1334 4226 1495 4287 enim
1528 4226 1731 4287 omnia
1763 4226 1823 4287 in
1856 4236 1911 4289 te
1944 4247 2077 4308 pos-

2174 3256 2337 3315 sana,
2373 3248 2439 3301 ut
2469 3240 2656 3322 prius,
2692 3242 2929 3320 quando
2962 3260 3056 3302 me
3088 3242 3251 3303 nulla
3280 3241 3543 3304 foedabat
3564 3243 3841 3322 inquina-

2173 3333 2276 3402 tio,
2316 3329 2479 3390 nulla
2511 3329 2707 3405 vibex,
2758 3349 2871 3392 nec
2925 3330 3094 3411 plaga
3145 3341 3387 3392 tumens
3417 3339 3523 3392 aut
3554 3332 3790 3393 macula
3823 3356 3841 3392 :

2171 3418 2276 3480 sed
2301 3438 2534 3481 mecum
2554 3430 2679 3481 erat
2704 3421 3125 3501 tranquillitas,
3150 3421 3452 3498 gaudium,
3487 3439 3620 3502 pax,
3656 3440 3841 3483 man-

2168 3511 2440 3584 suetudo,
2471 3519 2671 3572 sancta
2729 3510 3057 3583 humilitas,
3117 3520 3175 3571 et
3233 3509 3674 3591 longanimitas,
3726 3530 3840 3591 pa-

2168 3598 2408 3681 tientiae,
2437 3601 2852 3682 bonorumque
2883 3620 3133 3682 operum
3153 3602 3467 3674 claritudo,
3491 3603 3829 3678 tolerantia,

2177 3698 2236 3749 et
2263 3691 2503 3770 penitus
2537 3691 2753 3752 invicta
2780 3691 2987 3772 virtus,
3019 3690 3180 3751 unde
3209 3689 3575 3771 quotidianae
3598 3698 3656 3750 et
3686 3708 3832 3752 sua-

2176 3778 2758 3861 vissimaalacrymze.
2789 3780 2948 3841 unde
3000 3780 3314 3842 exsultatio
3366 3780 3425 3840 in
3477 3779 3660 3841 corde
3693 3798 3837 3840 meo

2172 3867 2331 3930 velut
2358 3870 2489 3930 fons
2519 3867 2900 3945 scaturiebat,
2955 3870 3295 3949 ﬂuebatque
3335 3868 3584 3949 jugiter,
3619 3879 3679 3929 et
3704 3878 3839 3930 erat

2165 3958 2775 4039 ﬂuentummelleum,
2803 3966 2859 4019 et
2880 3966 3055 4039 potus
3080 3958 3294 4019 laetitia;
3317 3958 3557 4019 assiduo
3583 3975 3837 4020 versans

2163 4045 2226 4108 in
2250 4065 2354 4108 ore
2376 4047 2595 4108 mentis
2626 4066 2778 4108 mea:
2803 4067 2818 4124 ;
2842 4049 3003 4109 unde
3023 4046 3219 4108 omnis
3249 4046 3493 4127 sanitas,
3517 4046 3677 4110 unde
3708 4066 3830 4127 pu-

2162 4138 2329 4212 ritas,
2362 4136 2526 4199 unde
2560 4136 2848 4199 malorum
2880 4136 3260 4198 allectionum
3293 4136 3542 4214 sedatio,
3579 4143 3637 4198 et
3664 4136 3832 4213 cogi-

2163 4228 2449 4287 tationum
2470 4226 2736 4287 inanium
2773 4225 3056 4306 abjectio,
3081 4225 3241 4287 unde
3259 4226 3409 4287 mihi
3455 4228 3679 4283 ἀπάθεικ
3710 4244 3827 4286 co-

429 4314 606 4396 sidet,
639 4315 742 4396 qui
789 4323 846 4377 te
900 4313 1103 4378 habet.
1157 4315 1248 4378 Ne
1305 4314 1502 4396 priver
1560 4325 1617 4377 te
1663 4314 1940 4397 Domine,
1974 4315 2789 4399 ne,_ruscaquodammodo
2810 4315 3037 4395 aderat,
3065 4314 3833 4377 etmecumconsuescebat

430 4404 508 4465 mi
569 4388 824 4486 creator,
888 4404 1087 4486 priver
1140 4412 1220 4480 te,
1280 4388 1358 4466 ne
1416 4414 1474 4467 te
1531 4404 1753 4487 priver,
1838 4388 2575 4486 miseri:C(spiritualiter
2609 4404 2898 4482 intellige,
2933 4388 3035 4484 qui
3066 4404 3461 4482 haeclegendo
3489 4403 3823 4483 percurris,

426 4511 582 4569 cors,
617 4512 724 4573 ego
758 4493 1023 4570 humilis,
1078 4502 1137 4555 et
1182 4494 1559 4576 peregrinus.
1620 4494 1859 4558 Etenim
1895 4514 2076 4577 pere-

424 4584 657 4665 grinus,
717 4593 775 4646 et
819 4583 1150 4666 inquilinus
1222 4585 1346 4658 hic,
1409 4594 1473 4646 ut
1528 4584 1637 4647 tibi
1695 4585 2073 4666 complacuit,

425 4691 546 4733 non
577 4673 895 4748 voluntate,
932 4692 1051 4735 non
1083 4681 1293 4754 sponte
1325 4693 1459 4737 mea
1507 4675 1696 4737 factus
1728 4694 1859 4737 sum
1896 4696 1911 4736 :
1971 4677 2077 4738 sed

423 4762 610 4841 gratia
642 4770 742 4824 tua
790 4762 1083 4843 meipsum
1141 4765 1301 4826 inter
1356 4765 1492 4826 haec
1539 4763 1799 4827 visibilia
1830 4766 2079 4845 cognovi

423 4851 741 4932 hospitem,
774 4852 1253 4915 intellectualiter
1306 4853 1642 4916 illustratus
1688 4863 1788 4916 tuo
1821 4855 2069 4929 lumine,

422 4950 883 5023 perspectoque,
916 4950 973 5004 te
1006 4941 1081 5003 ad
1136 4942 1424 5005 mundum
1480 4943 1963 5021 immaterialem,
2018 4954 2077 5008 et

417 5028 931 5112 inaspectabilem,
965 5031 1310 5113 transferre,
1346 5041 1405 5095 et
1432 5032 1576 5095 ineo
1592 5033 1791 5096 facere
1804 5034 2075 5098 habitare

417 5134 605 5197 genus
669 5118 1017 5201 humanum,
1077 5120 1479 5183 describendo
1533 5140 1601 5184 ac
1653 5122 2070 5187 distribuendo

418 5225 526 5287 pro
585 5206 818 5270 meritis
875 5207 1090 5289 cuique
1148 5209 1580 5273 habitationem
1632 5230 1826 5293 suam,
1860 5224 1966 5293 pro
1999 5231 2069 5276 eo

417 5296 732 5359 scilicetac
752 5297 1307 5362 servavitmandata
1336 5308 1462 5362 tua.
1496 5300 1821 5380 Propterea
1859 5322 2074 5384 precor

417 5391 479 5445 ut
506 5404 603 5447 me
659 5393 856 5448 tecum
907 5387 1190 5466 colloces,
1253 5390 1488 5453 tametsi
1546 5391 1782 5473 peccavi
1818 5392 2066 5454 multum

415 5489 595 5553 supra
628 5490 837 5536 omnes
868 5475 1172 5553 mortales,
1207 5495 1499 5561 panaque
1529 5480 1830 5543 etultione
1855 5481 2069 5560 dignus

497 5640 560 5693 49
586 5639 745 5706 Psal.
779 5659 898 5723 LIV,
932 5645 992 5710 8.

2163 4514 2238 4555 ne
2262 4495 2514 4575 turpiter
2533 4493 2890 4575 inquineris)
2915 4495 3273 4555 immensam
3286 4493 3646 4574 voluptatem
3661 4511 3827 4554 con-

2162 4584 2481 4665 mistionis,
2510 4584 2927 4664 inﬁnitumque
2960 4583 3301 4663 nuptiarum
3333 4582 3547 4643 divinae
3569 4601 3677 4644 con
3678 4582 3829 4661 jun-

2160 4673 2376 4737 ctionis
2407 4675 2556 4735 mihi
2582 4672 2955 4735 desiderium
2984 4672 3252 4736 inferens
3285 4693 3301 4755 ;
3354 4691 3424 4734 ex
3477 4692 3592 4753 qua
3619 4681 3676 4733 et
3707 4691 3826 4752 ego

2161 4773 2439 4844 mutatus,
2466 4764 2691 4825 solutus
2712 4781 2845 4825 sum
2876 4762 3450 4844 perturbationibus,
3479 4764 3823 4824 inﬂamma-

2156 4866 2249 4918 tus
2297 4854 2625 4932 voluptate,
2651 4861 2709 4915 et
2724 4853 3012 4915 incensus
3041 4853 3171 4933 ejus
3192 4852 3517 4929 desiderio,
3544 4861 3604 4914 et
3620 4853 3814 4933 parti—

2155 4963 2297 5025 ceps
2329 4944 2597 5019 luminis,
2634 4942 2755 5005 imo
2788 4952 2846 5004 et
2876 4943 3081 5005 lumen
3116 4941 3301 5023 evasi,
3332 4943 3498 5004 omni
3536 4942 3823 5023 passione

2154 5033 2451 5115 superior,
2486 5032 2558 5095 ab
2580 5032 2745 5095 omni
2775 5030 3039 5113 nequitia
3067 5038 3354 5093 remotus.
3379 5034 3510 5095 Non
3538 5031 3697 5094 enim
3721 5040 3819 5093 at-

2154 5123 2329 5203 tingit
2356 5124 2561 5185 lumen
2593 5122 2843 5203 apathiae
2866 5121 3086 5203 passio,
3121 5129 3185 5182 ut
3214 5140 3326 5183 nec
3356 5121 3543 5183 solem
3572 5120 3815 5204 umbra,

2152 5223 2254 5276 aut
2294 5222 2603 5276 nocturnae
2650 5212 2933 5275 tenebrae.
2969 5210 3131 5273 Talis
3175 5230 3352 5293 porro
3407 5230 3542 5274 cum
3588 5230 3815 5289 essem,

2154 5302 2301 5364 mihi
2331 5303 2523 5365 fidens
2554 5302 2791 5364 inflatus
2826 5301 3281 5383 suntsuperbia,
3306 5320 3629 5383 rerumque
3662 5320 3816 5364 sen-

2151 5391 2415 5454 sibilium
2447 5390 2872 5469 sollicitudine,
2910 5399 2969 5452 et
2994 5391 3155 5452 curis
3184 5391 3316 5453 vitae
3338 5391 3679 5455 subtractus
3696 5391 3816 5454 de—

2153 5481 2271 5544 cidi
2301 5481 2524 5557 infelix,
2559 5479 3067 5560 refrigeratusque
3096 5480 3403 5559 nigrorem
3440 5479 3585 5543 ferri
3611 5480 3812 5564 indui,
