4120 6360
223 311 346 374 585
1385 301 1823 372 DIVINORUM
1868 303 2195 367 AMORUM
2241 304 2497 366 LIBER.
3502 303 3623 368 586

222 455 279 505 et
311 445 401 504 diu
424 445 658 523 jacens,
692 445 939 523 insuper
962 460 1257 504 venenum
1276 440 1521 521 arripui.
1550 438 1781 500 Idcirco
1800 435 1873 498 ad
1897 451 1934 495 Α
1958 433 2139 496 corde
2170 453 2306 496 meo
2335 434 2533 514 ignem
2567 434 2877 523 charitatis
2899 453 3046 518 erga
3077 444 3136 498 te
3163 437 3437 498 accendit
3471 460 3486 512 ;
3519 439 3622 520 qui

223 544 279 594 te
313 522 518 607 clamo,
554 554 587 593 ο
621 522 903 611 benigne,
957 541 1015 592 et
1063 531 1262 593 denuo
1314 529 1642 610 purgariad
1670 527 1874 610 pristi-
1963 523 2063 585 ubi
2111 523 2173 585 in
2231 524 2529 585 ﬂammam
2611 522 2798 585 divini
2848 523 3140 587 desiderii
3191 527 3408 609 erupit,
3495 529 3626 589 cla--

224 641 474 702 namque
529 622 1034 703 pulchritudinem
1090 620 1348 693 sustolli,
1402 629 1619 701 tuoque
1652 618 1879 680 lumine
1959 613 2085 674 rius
2116 613 2260 674 mihi
2291 613 2540 703 gloriam
2576 619 2757 703 _tuam
2788 613 3158 677 demonstrat
3197 634 3212 693 ;
3265 636 3438 698 quam
3483 617 3622 678 ado-

219 711 334 773 frui
362 701 635 786 obsecro,
668 731 826 774 nunc
851 719 907 773 et
931 727 1194 792 semper,
1235 710 1372 772 etin
1404 708 1670 771 omnium
1693 705 1880 788 spatia
1961 721 2122 779 rans,
2159 721 2265 764 oro
2297 710 2380 792 te,
2425 701 2546 792 AFili
2575 701 2704 792 Dei,
2737 702 2829 792 fac
2852 791 2857 792 γ
2878 711 2944 792 ut
2994 722 3125 766 eam
3155 724 3313 767 nunc
3346 716 3404 770 et
3431 707 3492 769 in
3521 708 3619 771 fu-

223 801 594 864 saaculorum.
630 809 846 863 .\men.

778 889 1020 954 CAPUT
1067 889 1325 952 XXXIV.

227 997 314 1059 De
341 997 718 1077 intelligibili
745 998 1040 1078 paradiso
1074 995 1398 1078 splendida
1429 998 1878 1066 commentatio,

602 1086 662 1139 ei,
691 1081 760 1139 de
791 1079 956 1158 tigno
990 1083 1130 1140 vitm
1163 1080 1228 1140 in
1254 1078 1491 1140 eodem.

305 1184 664 1246 Benedictus
715 1204 800 1260 es,
857 1185 1128 1256 Domine,
1191 1183 1543 1246 benedictus
1574 1199 1641 1243 es
1697 1180 1878 1256 solus,

228 1273 578 1334 benedictus
593 1292 660 1335 es
682 1273 1046 1346 misericors,
1069 1283 1129 1336 et
1171 1274 1480 1354 plusquam
1507 1269 1878 1343 benedictus,

226 1361 323 1440 qui
351 1361 570 1424 dedisti
602 1363 660 1422 in
693 1381 799 1423 cor
838 1381 1036 1426 meum
1072 1361 1266 1423 lucem
1302 1361 1710 1422 mandatorum
1744 1366 1882 1420 tuo-

225 1468 377 1518 rum,
415 1451 810 1532 plantastique
840 1451 901 1512 in
937 1471 1030 1513 me
1057 1451 1282 1530 lignum
1307 1449 1461 1530 vita,
1487 1459 1544 1510 et
1571 1447 1762 1511 fecisti
1790 1466 1884 1508 me

227 1541 564 1619 paradisum
587 1541 767 1602 alium
793 1541 950 1602 inter
973 1539 1383 1619 aspectabilia,
1405 1540 1464 1600 in
1499 1536 1885 1600 sensibilibus

225 1630 467 1709 quidem
499 1630 990 1706 intellectualem,
1041 1631 1102 1690 in
1153 1627 1660 1691 intellectualibus
1686 1635 1881 1688 autem

224 1718 596 1794 sensibilem,
634 1729 693 1780 et
741 1719 926 1781 alium
977 1719 1275 1800 spiritum,
1337 1736 1552 1798 nempe
1595 1715 1882 1796 Spiritum

227 1817 391 1868 tuum
424 1817 694 1869 sanctum
740 1811 952 1870 anima)
1009 1825 1158 1869 mea:
1213 1805 1596 1888 conjunxisti,
1630 1822 1946 1885 eumqueB

227 1896 283 1957 in
305 1896 640 1958 visceribus
663 1897 815 1958 meis
837 1897 1110 1959 habitare
1152 1897 1369 1960 fecisti.
1400 1897 1579 1958 Plane
1601 1895 1714 1956 hoc
1743 1894 1884 1954 uni-

226 2004 360 2047 cum
395 1995 482 2046 est
509 1987 640 2047 vitae
672 1986 920 2064 lignum.
953 1985 1102 2066 Hoc,
1140 1987 1200 2047 in
1252 2006 1368 2067 qua
1400 1995 1560 2048 terra
1591 1984 1885 2046 consitum

226 2074 428 2147 fuerit,
461 2075 521 2136 in
553 2075 752 2136 anima
811 2093 1024 2156 nempe
1083 2075 1362 2150 hominis,
1426 2081 1482 2136 et
1537 2075 1587 2134 si
1618 2073 1678 2133 in
1710 2071 1890 2133 corde

227 2165 463 2226 radices
488 2165 700 2244 egerit,
724 2165 1061 2244 paradisum
1086 2164 1307 2235 reddit,
1338 2172 1397 2225 et
1426 2163 1485 2224 id
1519 2181 1654 2223 mox
1686 2161 1890 2242 splen-

225 2253 539 2315 didissime
571 2253 860 2334 speciosis
890 2254 1196 2334 stirpibus,
1219 2253 1560 2326 arboribus,
1603 2259 1661 2312 et
1689 2251 1890 2313 diver-

228 2343 303 2404 sis
339 2343 658 2416 fructibus,
695 2341 992 2423 variisque
1034 2343 1304 2420 ﬂoribus,
1341 2350 1400 2404 et
1432 2349 1734 2420 unguenta
1761 2339 1889 2420 Spi-

228 2433 500 2494 rantibus
529 2432 671 2493 liliis
703 2441 974 2507 exornat,
1010 2451 1142 2512 quae
1194 2441 1333 2493 sunt
1392 2431 1720 2505 humilitas,
1755 2448 1889 2510 pax,

227 2521 535 2599 gaudium,
561 2522 978 2596 mansuetudo,
998 2521 1502 2592 condolescentia,
1526 2520 1741 2594 luctus,
1778 2519 1894 2579 im-

228 2609 371 2672 bres
402 2609 820 2690 lacrymarum,
877 2620 936 2671 et
965 2610 1245 2672 inusitata
1274 2611 1334 2671 in
1383 2610 1502 2671 illis
1547 2607 1889 2680 delectatio,

229 2700 521 2779 splendor
541 2700 742 2778 gratia:
765 2708 877 2762 tuae
907 2699 1164 2762 illucens
1215 2699 1491 2760 omnibus
1523 2698 1583 2759 in
1617 2697 1893 2779 paradiso

232 2789 632 2851 versantibus.
665 2791 752 2850 Tu
784 2808 847 2850 es
878 2798 1074 2851 crater
1113 2789 1309 2850 vitalia
1359 2790 1582 2850 ﬂuenta
1613 2797 1711 2848 tua
1747 2786 1894 2847 mihi

228 2879 569 2952 effundens,
595 2887 976 2940 etsermones
1023 2877 1233 2940 divinae
1258 2877 1631 2956 cogitationis
1653 2875 1897 2956 copiose

229 2967 602 3030 ministrans.
636 2965 802 3039 Quod
836 2968 886 3029 si
920 2977 980 3029 tu
1039 2968 1328 3043 nolueris,
1377 2967 1482 3028 sed
1541 2973 1750 3026 contra
1780 2964 1894 3025 ista

228 3056 551 3118 demolitus
572 3056 777 3133 fueris,
807 3075 914 3136 ego
945 3075 1178 3132 amens,
1211 3066 1268 3119 et
1297 3057 1486 3118 instar
1515 3054 1730 3136 lapidis
1763 3061 1888 3114 stu-

229 3147 404 3226 pidus
426 3165 582 3207 sum.
617 3143 696 3208 Ut
727 3145 867 3207 tuba
905 3146 1036 3208 sine
1066 3146 1273 3208 inﬂatu
1297 3163 1598 3227 nunquam
1629 3141 1889 3218 sonabit,

227 3235 308 3297 sic
347 3244 407 3297 et
439 3253 552 3314 ego
583 3234 810 3315 absque
871 3243 932 3298 te
986 3236 1146 3297 velut
1201 3235 1503 3297 inanimus
1532 3251 1661 3295 sum
1701 3253 1718 3307 ;
1765 3232 1896 3293 sine

225 3325 428 3386 anima
453 3341 592 3384 vero
633 3323 761 3384 ﬁeri
795 3343 912 3385 non
973 3332 1190 3404 potest,
1251 3332 1316 3386 ut
1371 3341 1590 3403 corpus
1621 3329 1752 3401 agat
1782 3321 1891 3382 ali-

226 3413 393 3494 quid,
420 3415 696 3474 etanima
724 3413 855 3475 sine
895 3413 1108 3494 spiritu
1145 3422 1242 3475 tuo
1273 3413 1520 3488 moveri,
1555 3420 1614 3472 et
1640 3409 1887 3472 manda-

226 3503 295 3562 tis
325 3502 448 3563 tuis
478 3501 752 3576 obedire,
785 3509 887 3564 aut
917 3511 973 3565 te
1002 3503 1228 3580 videre,
1265 3511 1367 3564 aut
1400 3509 1594 3564 astare
1629 3498 1755 3570 tibi,
1791 3507 1893 3559 aut

227 3610 329 3652 can
342 3599 468 3652 tare
492 3591 897 3658 intelligenter
917 3591 1169 3672 gloriam
1190 3601 1349 3653 tuam
1363 3589 1566 3672 nequit
1579 3587 1658 3649 .ld
1669 3605 1739 3648 eo
1762 3586 1887 3648 cla-

228 3700 344 3754 mo,
382 3680 518 3741 ideo
553 3680 848 3742 vociferor
895 3681 967 3742 ad
1004 3694 1083 3757 te,
1120 3683 1220 3762 qui
1250 3699 1487 3743 sursum
1521 3697 1655 3740 cum
1687 3675 1886 3747 Patre,

226 3778 279 3830 et
305 3769 470 3831 infra
492 3768 806 3830 nobiscum
834 3788 938 3850 es;
995 3789 1113 3831 non
1145 3779 1206 3832 ut
1236 3770 1474 3852 quidam
1510 3765 1886 3830 ratiocinan-

227 3869 343 3934 tur,
379 3857 732 3938 operatione
763 3857 927 3940 sola;
965 3868 1189 3936 nec,ut
1218 3858 1384 3920 multi
1415 3863 1640 3936 putant,
1675 3854 1888 3916 volun-

227 3955 343 4009 tate
374 3947 524 4019 sola,
558 3964 670 4007 nec
702 3947 825 4008 sola
881 3948 1147 4027 potentia
1199 3957 1316 4024 tua,
1350 3947 1455 4009 sed
1487 3945 1665 4007 etiam
1693 3961 1892 4005 essen-

227 4035 300 4096 tia
329 4053 347 4098 :
382 4034 682 4116 siquidem
715 4035 828 4098 hoc
873 4037 1222 4100 vocabulum
1251 4039 1327 4100 de
1359 4047 1418 4101 te
1448 4053 1759 4115 usurpare,
1793 4040 1892 4094 aut

224 4123 562 4200 intelligere
592 4123 679 4184 fas
710 4132 821 4199 est,
858 4127 958 4207 qui
992 4127 1151 4190 solus
1182 4125 1561 4201 immortalis,
1597 4135 1656 4185 et
1687 4141 1893 4203 super-

225 4213 566 4275 essentialis
597 4231 681 4275 es.
716 4213 952 4276 Etenim
1007 4216 1056 4278 si
1114 4236 1322 4280 revera
1351 4215 1594 4278 omnino
1625 4211 1884 4274 ininter-

227 4302 536 4382 pretabilis
563 4321 652 4378 es,
685 4321 861 4384 quem
898 4313 953 4367 te
984 4306 1466 4387 appellabimus?
1497 4299 1795 4386 quomodo
1828 4308 1884 4362 te

1965 799 2097 852 turo
2132 791 2352 852 saculo
2385 790 2534 852 citra
2561 790 3035 856 vicissitudinem
3066 792 3391 873 obtineam,
3426 803 3485 858 et
3514 815 3623 878 per

1963 879 2156 959 ipsam
2187 888 2243 941 te
2273 881 2460 943 Deum
2498 898 2604 960 per
2650 887 2872 942 aeterna
2921 889 3192 963 tempora
3241 881 3499 948 videam.
3534 889 3626 951 Ne

1965 969 2072 1031 des
2102 968 2272 1030 mihi.
2313 969 2584 1044 Domine,
2617 987 2826 1031 vanam
2860 972 3071 1033 mundi
3116 972 3389 1052 gloriam,
3425 995 3499 1038 ne
3529 976 3625 1038 di-

1966 1059 2135 1120 vitias
2165 1066 2511 1140 pereuntes,
2563 1077 2636 1120 ne
2689 1059 2910 1120 talenta
2937 1060 3088 1136 auri,
3124 1080 3201 1124 ne
3231 1063 3490 1127 sublime
3519 1083 3625 1128 so-

1969 1149 2137 1224 lium,
2174 1167 2249 1209 ne
2279 1147 2339 1208 in
2375 1147 2486 1210 ista
2513 1148 2744 1228 fugacia
2775 1148 3174 1230 principatum
3215 1173 3228 1210 :
3271 1153 3626 1230 humilibus,

1969 1237 2332 1318 pauperibus
2363 1256 2431 1299 ac
2463 1237 2708 1326 mitibus
2736 1256 2829 1326 me
2859 1240 3087 1301 associa
3120 1259 3133 1303 :
3168 1249 3234 1302 ut
3263 1260 3374 1322 ego
3394 1262 3632 1326 quoque

1968 1326 2210 1388 humilis
2244 1333 2305 1388 et
2339 1326 2498 1388 mitis
2556 1325 2716 1387 fiam.
2780 1325 2904 1388 Etsi
2965 1327 3364 1392 ministerium
3427 1351 3626 1395 meum

1971 1434 2087 1476 non
2143 1414 2386 1496 utiliter,
2440 1422 2615 1495 atque
2674 1414 2749 1476 ad
2808 1413 3250 1497 beneplacitum
3310 1429 3368 1482 et
3399 1423 3626 1484 cultum

1967 1513 2134 1566 tuum
2167 1504 2342 1578 obeo,
2378 1504 2606 1584 placeat
2654 1505 2763 1566 tibi
2815 1513 2878 1566 ut
2903 1524 2973 1567 eo
3002 1506 3333 1590 abdicatus,
3365 1519 3626 1573 tantum-

1971 1595 2143 1655 modo
2175 1601 2413 1674 peccata
2446 1613 2577 1655 mea
2605 1593 2884 1670 deﬂeam,
2917 1597 3116 1677 deque
3140 1599 3270 1660 solo
3281 1599 3444 1679 justo
3456 1602 3625 1681 judi-

1967 1683 2060 1745 cio
2089 1693 2184 1744 tuo
2227 1682 2338 1744 sim
2401 1683 2718 1763 sollicitus,
2775 1694 2833 1746 et
2891 1688 3192 1766 quomodo
3224 1694 3621 1769 respondeam

1969 1773 2097 1847 tibi,
2134 1773 2235 1854 qui
2267 1773 2568 1835 multoties
2597 1774 2746 1834 iram
2783 1784 2940 1837 tuam
2973 1779 3305 1857 provocavi.

2051 1862 2098 1925 Ο
2132 1862 2361 1936 l’astor,
2397 1882 2573 1944 quem
2607 1863 2803 1925 aliena
2861 1865 3016 1927 mala
3045 1878 3444 1944 commovent,
3476 1869 3634 1933 bone

1972 1959 2029 2014 et
2061 1958 2366 2013 mansuete
2415 1955 2645 2029 Pastor,
2701 1953 2803 2034 qui
2850 1973 3059 2017 omnes
3114 1957 3176 2018 in
3231 1967 3286 2021 te
3315 1961 3634 2024 credentes

1973 2039 2188 2102 salvari
2219 2041 2412 2120 cupis,
2472 2041 2790 2120 miserere,
2853 2051 2912 2103 et
2968 2044 3122 2108 hanc
3167 2065 3405 2128 precem
3439 2068 3633 2112 meam

1975 2127 2186 2189 exaudi
2222 2148 2238 2206 ;
2297 2145 2373 2189 ne
2421 2128 2720 2206 irascaris,
2765 2149 2880 2192 neu
2913 2131 3126 2194 faciem
3161 2127 3319 2198 tuam
3344 2147 3572 2200 avertas
3601 2158 3636 2200 a

1976 2236 2095 2295 me,
2131 2219 2234 2279 sed
2267 2217 2418 2279 doce
2448 2237 2544 2279 me
2578 2217 2832 2300 implere
2885 2221 3248 2286 voluntatem
3283 2233 3466 2290 tuam.
3499 2231 3634 2292 Non

1977 2309 2136 2368 enim
2155 2307 2366 2368 studeo
2400 2307 2532 2369 fieri
2559 2308 2924 2372 voluntatem
2960 2329 3178 2389 meam,
3213 2316 3321 2377 sed
3354 2325 3536 2394 tuam,
3572 2327 3636 2380 ut

1975 2402 2033 2456 te
2054 2396 2270 2460 colam.
2313 2395 2536 2476 Adjuro
2571 2405 2627 2459 te
2658 2397 2945 2460 miserere
2977 2401 3119 2476 mei,
3173 2404 3274 2484 qui
3328 2424 3392 2468 es
3423 2417 3637 2470 natura

1977 2485 2419 2560 misericors50,
2445 2494 2503 2546 et
2523 2486 2612 2549 fac
2639 2487 2778 2568 quid
2803 2489 3034 2550 miserae
3073 2494 3287 2555 animae
3321 2513 3468 2557 meae
3497 2513 3638 2558 con-

1978 2574 2202 2656 ducat;
2265 2575 2546 2656 quoniam
2593 2578 2761 2639 Deus
2786 2577 3081 2658 benignus
3133 2589 3192 2644 et
3219 2583 3516 2648 humanus
3575 2594 3634 2647 tu

1979 2663 2144 2725 solus
2175 2683 2240 2725 es
2267 2664 2609 2758 increatus,
2623 2684 2934 2758 nunquam
2990 2669 3316 2751 desiturus,
3350 2677 3630 2758 omnipo-

1979 2762 2136 2822 tenc,
2159 2755 2426 2815 omnium
2458 2763 2512 2816 te
2533 2755 2930 2835 diligentium,
2963 2768 3022 2820 et
3045 2761 3150 2822 abs
3175 2771 3230 2824 te
3245 2755 3638 2830 vehementer

1979 2841 2332 2904 dilectorum
2366 2844 2480 2906 vita
2505 2852 2562 2906 et
2610 2843 2836 2909 lumen.
2872 2845 3098 2918 Quibus
3131 2852 3356 2915 utinam
3397 2875 3492 2918 me
3522 2875 3634 2918 an-

1981 2949 2266 2993 numeres
2289 2939 2349 2993 et
2368 2932 2581 2994 divinae
2603 2934 2806 3012 gloriae
2846 2943 2957 2998 tuae
2995 2939 3246 3018 socium,
3274 2951 3334 3005 et
3362 2946 3634 3010 cohaere-

1979 3020 2112 3081 dem
2147 3029 2389 3101 praastes
2418 3022 2431 3081 !
2467 3021 2553 3084 Te
2587 3023 2746 3084 enim
2780 3023 2954 3086 decet
2981 3028 3193 3106 gloria,
3227 3034 3464 3097 Patrem
3498 3054 3634 3098 cum

1976 3109 2151 3185 Filio,
2184 3111 2365 3172 simul
2420 3119 2662 3174 carente
2719 3115 3040 3196 principio,
3100 3128 3159 3181 et
3187 3134 3631 3188 sacrosanctum

1979 3198 2264 3280 Spiritum
2297 3204 2356 3262 in
2389 3202 2604 3263 saecula
2633 3204 3009 3269 saeculorum.
3041 3208 3255 3272 Amen.

2537 3295 2787 3360 CAPUT
2831 3297 3059 3365 XXXV.

1978 3385 2213 3473 Cuilibet
2257 3388 2472 3473 homini
2506 3396 2743 3473 prapter
2786 3390 3010 3452 divinas
3037 3397 3202 3473 ‘leges
3255 3401 3528 3473 injuriose
3581 3410 3633 3462 et

2046 3460 2427 3545 contumeliose
2498 3460 2757 3545 tractato,
2832 3480 2956 3521 eam
3002 3460 3221 3545 apsum,
3259 3460 3632 3545 ignominiam

2048 3530 2246 3605 honori
2299 3537 2350 3588 et
2406 3540 2719 3590 ornamento
2778 3549 2908 3592 esse.
2992 3530 3132 3597 It'em
3187 3530 3632 3605 dissertatioﬂad

2046 3603 2290 3688 animum
2317 3617 2516 3688 suam,
2563 3621 2671 3677 qua
2725 3606 3075 3668 inexhausta
3127 3615 3371 3688 Spiritus
3427 3603 3636 3676 divitia:

2044 3675 2422 3748 explicantur.

2054 3759 2140 3821 Da
2165 3760 2313 3820 mihi
2344 3779 2612 3850 sensum,
2639 3760 2896 3849 Christe,
2928 3789 3108 3850 quem
3123 3774 3315 3838 semel
3341 3775 3578 3839 donasti
3613 3800 3629 3850 ;

1973 3867 2044 3912 eo
2075 3867 2170 3910 me
2209 3857 2360 3941 tege,
2388 3848 2676 3929 Salvator,
2724 3862 2783 3914 et
2803 3855 2864 3916 in
2883 3848 2965 3918 eo
2982 3866 3166 3923 totum
3190 3881 3285 3925 me
3306 3848 3628 3941 absconde,

1973 3946 2140 4039 etne
2172 3938 2352 4041 sinas.
2392 3943 2872 4041 appropinquare
2927 3949 3076 4011 mihi
3126 3970 3370 4014 sensum
3400 3938 3630 4032 mundi,

1975 4046 2052 4090 ne
2080 4035 2307 4090 intrare
2337 4035 2401 4090 in
2433 4049 2552 4106 me,
2589 4039 2647 4092 et
2703 4035 2942 4112 penitus
2994 4057 3070 4101 ne
3099 4044 3262 4103 sinas
3287 4043 3507 4108 laedere
3537 4062 3633 4108 me

1975 4118 2265 4181 humilem
2298 4137 2533 4182 servum
2568 4128 2759 4204 tuum,
2792 4126 2968 4206 cujus
3017 4136 3075 4190 tu
3123 4133 3288 4195 solus
3317 4153 3384 4198 es
3414 4136 3634 4198 miser-

1976 4205 2254 4270 tus.Nam
2283 4227 2417 4269 cum
2443 4227 2507 4270 se
2535 4228 2694 4272 curae
2713 4232 2782 4274 ac
2802 4205 3193 4282 sollicitudini
3236 4225 3630 4288 commenda-

1974 4295 2077 4357 bili
2110 4298 2446 4396 munda‘nus
2496 4317 2710 4396 sensus
2755 4317 3003 4385 repente
3056 4309 3398 4396 ingesserit,
3433 4316 3627 4378 statim

223 4394 306 4454 vel
345 4392 693 4466 essentiam,
730 4401 786 4454 et
817 4413 993 4476 quam
1043 4396 1288 4458 tandem
1321 4405 1380 4458 et
1409 4395 1644 4477 qualem
1677 4389 1883 4452 dicere
1904 4427 1948 4475 η
1971 4405 2146 4477 prava
2176 4387 2476 4477 desideria
2501 4387 2564 4448 in
2625 4391 2842 4454 misera
2897 4398 3096 4461 anima
3124 4387 3256 4463 mea
3283 4387 3626 4469 exsuscitat.

225 4482 634 4573 audebimus?
676 4475 945 4546 Profecto
1005 4485 1155 4547 nihil
1189 4505 1396 4548 eorum
1429 4475 1560 4567 quae
1588 4483 1650 4573 in
1679 4499 1880 4573 rerum
1967 4475 2251 4573 Suggerit
2297 4477 2456 4537 enim
2503 4478 2774 4556 gloriam,
2835 4485 3116 4551 admonet
3161 4490 3519 4573 divitiarum,
3554 4494 3628 4557 ad

225 4582 435 4633 natura
467 4569 798 4634 subsistunt
829 4583 891 4636 tu
925 4592 1012 4650 es,
1064 4575 1224 4638 Deus
1275 4594 1484 4655 meus;
1547 4571 1650 4634 sed
1683 4568 1884 4632 omnia

223 4679 404 4741 opera
435 4669 539 4722 tua
565 4679 636 4722 ex
664 4661 855 4724 nihilo
903 4664 1191 4744 producta
1239 4672 1376 4727 sunt
1421 4687 1435 4738 ;
1498 4661 1659 4724 solus
1691 4667 1748 4720 tu
1779 4657 1881 4718 in-

223 4760 459 4813 creatus
510 4769 596 4826 es,
657 4758 719 4812 et
767 4750 897 4815 sine
956 4753 1273 4837 principio,
1332 4753 1594 4815 Trinitas
1651 4754 1876 4837 sancta,

224 4851 279 4899 et
305 4840 673 4916 veneranda,
732 4840 890 4903 Deus
947 4835 1390 4906 universorum.
1451 4841 1522 4903 Et
1567 4835 1880 4901 ostendisti

226 4930 396 4990 nobis
429 4932 632 4989 lumen
663 4929 873 5009 gloriae
904 4939 1018 4992 tua;
1045 4932 1552 5004 incontaminatae,
1586 4928 1646 4990 id
1678 4928 1873 5008 ipsum

225 5025 276 5076 et
304 5037 469 5080 nunc
501 5017 648 5080 mihi
678 5019 809 5081 sine
860 5021 1170 5085 intervallo
1220 5022 1440 5104 prabe.
1475 5020 1561 5081 Da
1591 5016 1740 5079 mihi
1771 5033 1880 5096 per

225 5104 364 5169 illud
401 5116 689 5188 perpetuo
721 5130 830 5171 ceu
870 5110 927 5172 in
961 5113 1206 5192 speculo
1238 5111 1483 5184 intueri,
1519 5116 1577 5171 et
1607 5115 1880 5170 contem-

228 5194 454 5273 plarite
495 5195 786 5275 Verbum,
849 5207 909 5261 et
963 5201 1319 5264 immensam
1372 5195 1881 5281 pulchritudinem

230 5289 382 5345 tuam
407 5286 722 5350 manifeste
739 5290 1270 5372 perspicereatque
1307 5289 1644 5368 intelligere
1673 5306 1689 5361 ;
1722 5283 1879 5365 quod

227 5388 354 5433 cum
387 5374 464 5438 sit
486 5375 851 5439 omnimodis
879 5398 996 5440 non
1016 5379 1413 5459 intelligibile,
1439 5395 1618 5458 supra
1638 5373 1882 5436 modum

229 5459 640 5544 obstupefacit,
677 5474 735 5528 et
794 5469 1066 5548 percellit
1119 5477 1376 5532 mentem
1426 5485 1644 5542 meam,
1708 5471 1763 5524 et
1821 5461 1883 5522 in

302 5610 364 5660 56
391 5611 546 5674 Psal.
586 5631 805 5688 axxxv,
841 5620 940 5681 t5.

542 5784 812 5850 PA'l‘l'tOL.
840 5784 949 5852 Gn.
980 5789 1153 5853 CXX.

1965 4565 2340 4658 aiiibiendam
2362 4583 2582 4658 regum
2616 4575 3112 4658 consuetudinem
3144 4580 3370 4658 incitat,
3405 4591 3464 4645 et
3501 4565 3629 4646 hoc

1964 4653 2025 4714 in
2056 4672 2270 4752 magna
2291 4653 2584 4752 felicitate
2625 4657 2806 4723 ducit.
2863 4663 2947 4726 Ex
2998 4653 3416 4748 hujuscemodi
3451 4671 3630 4752 igitur

1965 4742 2444 4836 cogitationibus,
2479 4743 2634 4806 sicut
2688 4767 2721 4808 a
2772 4760 2946 4815 vento
3004 4742 3138 4818 uter
3165 4742 3532 4836 intumescit,
3567 4778 3633 4832 et

1961 4831 2120 4912 ignis
2147 4830 2208 4892 in
2240 4832 2538 4894 ﬂammam
2593 4839 2980 4904 accenditur:
3043 4845 3130 4907 sic
3196 4849 3394 4910 anima
3425 4830 3629 4914 inﬂata

1965 4920 2271 5016 turgescit,
2303 4928 2361 4982 et
2390 4921 2714 5016 cupiditate
2745 4929 2970 5008 gloriae.
3026 4953 3204 5016 opum
3238 4956 3304 5000 se
3342 4938 3625 5001 inertium

1963 5010 2270 5102 feriarum,
2327 5013 2542 5102 quibus
2595 5016 2877 5081 deorsum
2932 5010 3203 5102 trahitur,
3239 5029 3622 5092 vehementer

1965 5099 2348 5201 distenditur.
2385 5101 2448 5163 In
2481 5104 2668 5201 gloria
2713 5116 2770 5168 et
2827 5099 3622 5201 admirationeconcupiscit

1967 5207 2100 5250 esse
2128 5207 2264 5282 cum
2287 5189 2404 5282 his,
2429 5193 2530 5271 qui
2558 5193 2754 5260 vivunt
2798 5198 2859 5259 in
2887 5201 3114 5282 gloria;
3157 5205 3412 5270 illustris
3437 5189 3625 5272 videri

1967 5297 2100 5340 cum
2126 5278 2496 5343 illustribus:
2543 5286 2853 5363 possidere
2895 5278 3127 5356 divitias
3149 5315 3282 5357 cum
3316 5297 3620 5362 divitibus.

1967 5365 2884 5469 Quamtu.gl‘oriﬂcastilumine
2942 5399 3048 5461 pro
3101 5383 3412 5463 ineffabili,
3447 5407 3621 5469 quam

1969 5465 2026 5518 tu
2061 5455 2264 5518 vestiti
2292 5455 2477 5535 gloria
2510 5469 2605 5522 tua
2636 5455 3061 5549 inexplicabtli,
3095 5493 3271 5555 quam
3304 5486 3364 5539 tu
3396 5455 3622 5540 etiam-

3155 5804 3225 5867 i9
