4120 6382
435 383 552 446 587
599 335 605 341 ’

1760 379 2147 453 SYMEONIS
2185 385 2543 454 JUNIDRIS

3714 376 3835 446 588

431 517 596 598 plum
624 517 937 593 claritatis,
996 528 1054 580 et
1112 518 1362 599 fulgoris
1424 520 1507 581 lui
1566 520 1908 592 exhibuisti,
1960 523 2318 601 ejusAtunc
2352 526 2666 597 honorem,
2724 535 2783 588 et
2839 525 3112 587 stabilem
3174 524 3420 605 gloriam
3473 521 3685 602 adepta
3720 537 3831 579 es:

433 614 692 668 mentem
725 624 938 668 sensus
969 608 1310 669 mundanus
1362 627 1466 688 pro
1499 608 1729 689 captiva
1766 627 2088 690 occupans,

434 695 695 759 ostendit
745 695 827 757 illi
872 714 1066 775 reges,
1131 698 1409 778 prcponit
1470 696 1749 772 honores,
1788 699 2094 778 praesentis

432 787 562 846 vitae
576 803 720 864 opes
741 786 1081 865 suggerit,ut
1097 785 1171 847 ad
1200 791 1306 847 ista
1321 784 1739 865 cogitationem
1754 787 2089 869 detorquet.

514 872 561 937 Ο
583 872 920 954 caliginem,
966 896 1001 937 ο
1026 881 1372 956 caecitatem,
1393 876 1656 939 oinanes
1678 876 2087 956 cogitationes.

434 983 467 1025 o
498 982 738 1042 scopum
765 964 1095 1039 sordidum,
1119 984 1152 1025 o
1185 971 1446 1025 mentem
1470 964 1744 1026 stolidam
1775 965 2090 1046 ;quoniam

436 1054 661 1118 relictis
694 1054 1117 1136 ineffabilibus,
1145 1065 1202 1117 et
1223 1054 1687 1131 immortalibus,
1719 1065 1958 1119 terrena
1985 1077 2089 1119 co-

432 1142 552 1223 gito
571 1143 797 1224 etapud
839 1144 1103 1206 animum
1148 1145 1337 1206 volvo.
1381 1147 1592 1207 Nonne
1631 1163 1735 1207 rex
1766 1147 2093 1208 morietur?

436 1252 634 1295 nonne
653 1233 838 1312 gloria
861 1237 1224 1296 evanescet?
1265 1252 1465 1297 nonne
1489 1233 1727 1310 divitiae,
1762 1243 1825 1296 ut
1848 1236 2036 1317 pulvis
2061 1255 2095 1297 a

432 1330 606 1385 vento
620 1321 1073 1402 dispergentur‘?
1095 1342 1294 1408 nonne
1311 1331 1653 1404 putrescent
1666 1342 1917 1404 corpora
1930 1325 1988 1386 in
2003 1344 2094 1387 se-

434 1411 662 1493 pulcris
681 1413 708 1471 ?
729 1420 787 1473 et
807 1413 1060 1474 fortuna;
1078 1411 1209 1474 ista:
1225 1413 1470 1475 caducae
1491 1412 1640 1474 alios
1671 1412 1975 1477 habebunt
1993 1415 2095 1474 do-

436 1500 651 1576 minos,
687 1500 909 1563 deinde
938 1500 1111 1575 alios,
1145 1510 1203 1562 et
1235 1510 1365 1582 post
1396 1502 1511 1562 hoc
1538 1519 1776 1562 rursum
1801 1501 1947 1563 alios
1973 1508 2000 1565 ?
2027 1501 2097 1563 Et

434 1589 768 1670 cujusnam,
786 1589 880 1651 dic
894 1588 1065 1665 mihi,
1084 1590 1282 1651 anima
1298 1609 1450 1668 mea,
1466 1590 1774 1651 facultates
1790 1591 1918 1652 istae
1935 1599 1991 1653 et
2003 1610 2098 1652 co-

437 1678 546 1759 pia:
576 1677 863 1739 fuerunt?
893 1677 1038 1750 Quis
1071 1687 1268 1740 autem
1300 1678 1360 1739 in
1396 1679 1506 1740 hac
1537 1679 1653 1739 vita
1698 1678 1782 1738 vel
1815 1678 2095 1758 exiguum

2178 632 2313 674 nam
2344 613 2534 693 gloria
2568 615 2672 678 Dei
2707 616 2950 676 omnino
2985 615 3055 675 ad
3092 622 3146 675 te
3174 612 3498 694 perveniat.
3521 610 3671 672 Tum
3694 627 3837 688 quo-

2176 723 2290 783 que
2320 723 2528 765 omnes
2556 704 2749 782 angeli
2784 713 2839 765 te
2868 702 3291 764 collaudabunt
3319 700 3477 780 quod
3514 701 3836 761 honorave-

2178 793 2261 852 ris
2292 792 2499 865 Dvum,
2535 812 2714 873 quem
2748 792 2860 871 ipsi
2893 791 3253 853 collaudant.
3290 788 3420 865 Vis,
3444 788 3642 849 anima
3674 804 3750 846 mu
3775 804 3831 859 a,

2180 892 2395 954 vestes,
2430 889 2487 942 et
2513 901 2658 963 opes
2690 880 2997 963 possidere
3026 886 3052 940 ?
3081 879 3373 952 ausculta,
3401 881 3522 956 jam
3556 876 3662 938 tibi
3690 893 3837 955 opes

2175 981 2427 1032 aeternas
2456 969 2898 1034 demonstrabo.
2934 973 3061 1048 Age
3110 967 3522 1049 pmnitentiam
3551 965 3611 1026 in
3643 966 3834 1044 lacry-

2180 1061 2290 1123 mis
2322 1083 2337 1140 ;
2372 1060 2616 1142 despice
2644 1062 2846 1122 omnia
2880 1081 2894 1132 ;
2926 1068 3053 1120 esto
3105 1077 3328 1139 pauper
3390 1055 3601 1136 spiritu
3631 1075 3648 1130 ;
3709 1060 3834 1142 esto

2176 1150 2346 1231 in.th
2375 1140 2642 1231 pecuniae
2676 1170 2691 1230 ;
2728 1158 2852 1211 esto
2882 1147 3102 1208 mundo
3136 1145 3493 1227 peregrina;
3526 1152 3651 1205 esto
3682 1140 3834 1202 sini-

2178 1230 2315 1301 stris
2332 1239 2734 1300 voluntatibus
2764 1238 2879 1298 tuis
2905 1236 3171 1300 inimica.
3198 1246 3257 1297 et
3296 1234 3357 1295 in
3390 1233 3575 1294 solius
3602 1230 3837 1295 Domini

2179 1333 2260 1390 tui
2296 1329 2594 1391 voluntate
2626 1325 2966 1408 acquiesce,
2999 1334 3057 1386 et
3107 1324 3235 1405 ejus
3265 1321 3527 1402 vestigiis
3559 1320 3836 1381 insistere

2177 1418 2473 1480 contende
2510 1437 2522 1480 :
2576 1432 2699 1478 tum
2739 1415 2957 1477 lentius
2997 1414 3275 1492 gradiens
3306 1412 3431 1484 ille,
3466 1430 3499 1471 a
3530 1419 3584 1474 tc
3619 1408 3836 1470 misera

2181 1506 2615 1588 prehendetur;
2639 1524 2813 1586 quem
2840 1523 2973 1565 cutn
3004 1523 3023 1561 \
3041 1501 3247 1576 ideris,
3273 1502 3594 1562 clamorem
3622 1500 3835 1577 ingen-

2183 1608 2298 1659 tem
2332 1598 2463 1659 ede.
2501 1600 2838 1657 Conversus
2886 1593 3037 1673 ipse,
3094 1591 3324 1671 placido
3353 1590 3514 1651 vultu
3548 1598 3604 1649 te
3634 1589 3834 1649 intue-

2182 1687 2360 1762 bitur,
2387 1705 2570 1766 seque
2604 1684 2906 1764 paululum
2944 1681 3045 1742 tibi
3075 1680 3489 1761 aspiciendum
3525 1676 3835 1758 przebehit,

433 1777 723 1849 quaestum
746 1766 1173 1849 facerepotuit,
1200 1785 1377 1848 quem
1405 1767 1582 1828 etiam
1611 1766 2240 1851 morienssecumBet
2294 1776 2506 1837 iterum
2568 1774 2796 1834 ablatus
2852 1771 2924 1833 ab
2983 1770 3170 1831 oculis
3231 1769 3345 1830 tuis
3398 1777 3453 1829 te
3502 1766 3822 1846 relinquet.

436 1856 575 1918 hinc
598 1853 895 1919 auferret?
914 1855 1143 1916 nullum
1169 1856 1338 1930 mihi,
1364 1855 1592 1918 nullum
1621 1855 1792 1936 plane
1818 1857 2094 1918 nomina-

438 1944 551 2021 bis,
578 1944 1225 2025 autostendes,pra3ter
1243 1943 1689 2019 misericordes,
1706 1945 1806 2026 qui
1825 1947 2101 2008 omnibus

436 2035 498 2096 in
527 2052 852 2115 pauperum
875 2051 1084 2095 manus
1140 2032 1497 2115 distributis,
1551 2033 2100 2115 nihilsihireliqutu

440 2132 602 2187 runt.
630 2122 720 2185 Illi
743 2140 998 2203 namque
1032 2130 1157 2186 tuto
1200 2124 1480 2198 retinent,
1530 2141 1660 2205 qua;
1681 2123 1997 2200 dederunt,
2029 2143 2096 2185 ex

436 2235 550 2296 quo
576 2233 645 2276 ea
667 2213 728 2276 in
761 2233 970 2277 manus
993 2213 1230 2276 Domini
1263 2213 1578 2277 dederunt.
1618 2214 1828 2278 Casteri
1859 2231 2096 2292 omnes,

436 2312 498 2365 ut
528 2303 809 2375 mendici,
847 2313 904 2366 et
933 2302 1226 2366 mendicis
1273 2303 1642 2367 infeliciores
1673 2311 1837 2378 sunt,
1869 2303 1973 2381 qui
2003 2303 2099 2365 di-

433 2393 600 2455 vitias
620 2412 757 2456 suas
774 2392 994 2456 habent
1019 2393 1151 2455 sine
1189 2412 1298 2455 usu
1337 2393 1652 2476 repositas,
1681 2393 1823 2455 nudi
1847 2393 2009 2454 enim
2039 2401 2101 2454 ut

434 2482 647 2545 effossa
682 2492 841 2545 terra
872 2482 1070 2545 denuo
1103 2483 1162 2544 in
1214 2482 1458 2552 fossam.
1514 2482 1599 2545 sic
1627 2482 1714 2544 illi
1746 2483 1804 2544 in
1837 2482 2100 2545 tumulos

431 2571 844 2653 projiciuntur,
882 2581 940 2634 et
967 2572 1027 2634 in
1060 2574 1175 2635 hoc
1205 2576 1422 2635 saeculo
1450 2572 1679 2648 miseri,
1714 2581 1773 2635 et
1802 2572 1865 2635 in
1896 2573 2099 2635 futuro

432 2661 696 2742 hospites
725 2681 793 2723 ac
827 2662 1153 2742 peregrini.
1178 2661 1330 2734 Quid
1357 2662 1560 2741 igitur,
1614 2662 1817 2724 anima
1845 2681 1999 2735 mea,
2040 2661 2097 2723 in

431 2750 528 2812 his
559 2749 841 2812 eximium
876 2751 1118 2812 intuens
1149 2750 1518 2813 delectaris?
1562 2751 1707 2831 quid
1739 2752 1955 2813 horum
1991 2772 2095 2814 ex-

435 2839 755 2919 petendum
778 2839 1036 2901 censes?
1068 2840 1230 2904 Nihil
1264 2841 1498 2922 penitus
1539 2840 1725 2903 habes
1740 2841 1895 2922 quod
1911 2841 2093 2906 dicas,

435 2929 584 2991 nihil
616 2928 774 3010 quod
801 2929 1194 3009 respondeas.

520 3020 618 3080 Va:
648 3017 748 3099 qui
781 3017 1016 3080 divitias
1046 3019 1448 3081 cumularunt.
1486 3022 1588 3082 V33
1612 3020 1714 3102 qui
1743 3020 1993 3099 gloriam
2022 3020 2096 3082 ab

2181 1864 2347 1926 Tunc
2370 1861 2793 1925 lamentaberis
2819 1858 3073 1939 misella,
3131 1866 3269 1919 tunc
3310 1856 3523 1917 dolens
3547 1853 3836 1934 plorabis,

2184 1964 2240 2015 et
2270 1953 2492 2014 doloris
2522 1951 2843 2032 impatiens
2873 1958 3122 2009 mortem
3153 1945 3479 2020 invocabis,
3508 1964 3622 2004 non
3643 1944 3841 2005 ferens

2183 2043 2288 2104 abs
2318 2052 2380 2106 te
2409 2040 2673 2122 separari
2707 2049 2824 2101 tam
2856 2038 3094 2100 dulcem
3129 2035 3473 2098 Dominum.
3508 2034 3613 2095 Ast
3649 2032 3842 2094 bonus

2185 2133 2472 2194 Dominus
2503 2151 2634 2192 cum
2671 2140 2723 2191 te
2754 2127 2988 2190 consilii
3021 2125 3286 2206 inopem,
3319 2133 3379 2186 et
3408 2124 3467 2185 in
3499 2125 3663 2198 fletu,
3701 2140 3843 2185 mce-

2185 2222 2463 2302 stitiaque
2493 2216 3035 2282 constantissimam
3070 2213 3305 2285 viderit,
3346 2213 3561 2275 iterum
3595 2220 3843 2302 repente

2186 2312 2289 2374 tibi
2320 2301 2664 2393 apparebit;
2700 2309 2918 2369 iterum
2950 2314 3007 2367 te
3036 2304 3396 2393 illuminahit
3433 2323 3449 2374 ;
3480 2303 3694 2393 iterum
3732 2301 3844 2393 tibi

2186 2391 2563 2463 inexhaustas
2590 2397 2826 2460 divitias
2849 2391 3310 2464 demonstrabit,
3368 2391 3601 2473 paterni
3649 2391 3843 2451 vultus

2184 2493 2432 2569 gloriam
2467 2483 3053 2562 immarcescibilem,
3090 2491 3148 2543 et
3178 2480 3548 2543 exhilarahit.
3582 2478 3840 2558 gaudio-

2183 2598 2301 2659 q.;e
2332 2588 2386 2637 to
2417 2574 2691 2655 implebit
2722 2581 2785 2635 ut
2816 2572 3000 2653 prius,
3037 2580 3093 2631 et
3124 2571 3200 2631 ita
3232 2569 3430 2649 gaudii
3463 2569 3698 2659 plenam
3735 2585 3836 2659 r_c_-

2185 2655 2431 2747 linquet.
2471 2664 2832 2727 Mundanum
2886 2679 3061 2741 porro
3117 2658 3395 2738 gaudium
3460 2658 3614 2747 quod
3647 2655 3844 2747 verbis

2184 2766 2243 2819 et
2271 2744 2725 2834 cogitationibus
2773 2750 3170 2830 percipiebas,
3232 2748 3453 2809 sensim
3490 2757 3543 2807 te
3577 2744 3837 2817 deficiet,

2185 2856 2241 2908 et
2264 2846 2322 2906 in
2350 2844 2647 2907 tristitiam
2674 2839 3156 2902 commutabitur.
3204 2838 3303 2902 Sic
3328 2855 3556 2909 rursus,
3588 2846 3648 2897 ut
3678 2845 3837 2908 ante,

2190 2951 2551 3014 magnopere
2602 2928 3049 3003 lamentaberis,
3111 2935 3172 2989 et
3221 2945 3357 2988 cum
3413 2924 3635 3006 gemitu
3670 2942 3843 2985 voces

2186 3025 2518 3097 effundens,
2560 3021 2722 3082 ilium
2754 3018 2971 3081 laetitiae
3019 3034 3317 3099 promum,
3367 3015 3563 3095 gaudii
3597 3014 3839 3093 largite-

436 3106 779 3169 hominibus
809 3106 1014 3169 volunt
1066 3106 1366 3187 accipere.
1421 3108 1523 3172 Vze
1564 3101 1666 3191 qui
1722 3128 1787 3171 se
1818 3110 2093 3172 inserue-
2119 3135 2158 3185 (τ
2184 3134 2336 3186 rem,
2371 3113 2535 3174 illum
2569 3112 2628 3172 in
2662 3129 2777 3190 quo
2809 3126 3016 3170 revera
3046 3106 3290 3167 Stabiles
3321 3121 3559 3186 semper
3595 3101 3839 3179 divitiae,

435 3204 572 3259 runt
603 3195 907 3269 divitibus,
965 3205 1026 3260 et
1055 3216 1171 3258 non
1209 3199 1312 3259 Dei
1343 3198 1615 3278 gloriam,
1649 3200 1898 3281 ejusque
1929 3199 2090 3261 divi-

434 3286 571 3361 tias,
601 3295 662 3348 et
690 3287 881 3348 solum
916 3306 1049 3348 cum
1082 3287 1212 3368 ipso
1244 3306 1398 3362 esse,
1457 3288 1796 3368 versarique
1848 3288 2093 3351 deside-

434 3384 592 3439 rant.
627 3375 880 3439 Mundus
913 3376 1071 3437 enim
1127 3395 1308 3438 vanus
1366 3386 1475 3457 est,
1511 3390 1570 3439 et
1596 3396 1725 3458 quae
1753 3376 1815 3438 in
1874 3378 2095 3439 mundo

434 3474 596 3547 sunt,
627 3466 918 3527 vanitates
949 3475 1113 3540 sunt,
1150 3474 1210 3527 et
1251 3467 1453 3528 omnia
1484 3467 1710 3528 vanitas
1741 3487 1755 3527 :
1795 3469 1955 3528 Deus
1985 3487 2094 3529 au-

438 3567 556 3619 tem
583 3555 745 3617 solus
770 3564 859 3617 est
882 3565 1163 3631 aeternus,
1183 3555 1808 3637 immortalis,semper
1827 3576 2096 3631 manens,

436 3654 494 3707 et
521 3664 653 3706 cum
683 3644 812 3725 ipso
865 3654 1063 3717 erunt,
1127 3644 1226 3723 qui
1287 3665 1447 3707 nunc
1500 3665 1634 3708 eum
1669 3653 1963 3726 quaerunt,
1999 3655 2099 3727 qui

434 3734 625 3797 solum
660 3733 827 3794 illum
862 3752 981 3813 prae
1011 3734 1299 3795 omnibus
1332 3733 1692 3797 dilexerunt.
1730 3734 1828 3797 Vae
1862 3743 1999 3796 tunc
2030 3735 2098 3797 il-

433 3823 530 3897 lis,
566 3823 668 3904 qui
702 3824 877 3883 modo
911 3822 1197 3883 mundum
1252 3821 1505 3901 diligunt
1536 3844 1552 3898 ;
1612 3823 2096 3904 quandoquidem

440 3921 683 3991 propter
711 3910 906 3988 ipsum
939 3910 1300 3973 addicentur
1352 3912 1661 3991 suppliciis
1693 3912 2097 3992 sempiternis.

438 4001 541 4065 Vae
565 4000 904 4063 sitientibus
924 4001 1171 4079 gloriam
1211 4001 1515 4062 hominum
1535 4050 1548 4075 ,
1589 4003 1723 4082 quia
1753 4011 1895 4063 tunc
1917 4002 2102 4081 gloria

437 4091 541 4153 Dei
566 4088 975 4172 privabantur.
1005 4087 1125 4164 Vae,
1176 4089 1392 4162 anima,
1444 4088 1537 4150 his
1567 4090 1663 4169 qui
1697 4110 2095 4171 congregave—

437 4192 579 4243 runt
609 4177 865 4252 divitias,
893 4177 1175 4258 quoniam
1213 4177 1296 4239 ibi
1351 4197 1520 4259 aqua;
1549 4187 1776 4257 guttam
1814 4182 2098 4263 consequi

2180 3204 2475 3285 requires.
2529 3199 2611 3262 Eo
2661 3199 2747 3260 sic
2770 3216 2836 3260 ex
2848 3196 3116 3285 plorante
3136 3194 3520 3285 voluntatem,
3546 3211 3613 3254 ac
3632 3209 3843 3273 propo-

2181 3282 2355 3355 silum
2393 3300 2581 3365 tuum,
2613 3307 2752 3351 cave
2798 3305 2872 3348 ne
2920 3283 3285 3363 defatigeris,
3346 3282 3542 3345 anima
3577 3300 3652 3344 ne
3681 3290 3841 3342 retro

2180 3384 2512 3454 reﬂectare,
2550 3398 2624 3440 ne
2655 3379 2842 3456 dicas,
2875 3392 3185 3456 quousque
3210 3382 3266 3435 te
3298 3392 3416 3434 non
3447 3369 3844 3451 comprehen-

2183 3472 2316 3532 dam
2346 3470 2377 3531 ?
2409 3490 2482 3531 ne
2532 3468 2718 3543 dicas,
2753 3465 2896 3546 quid
2927 3480 3247 3544 apparens,
3280 3462 3478 3522 subito
3511 3459 3844 3522 ocoeltatur

2184 3561 2400 3621 iterum
2433 3558 2458 3621 ?
2508 3567 2566 3619 et
2594 3574 2902 3638 quousque
2937 3552 3175 3614 tandem
3209 3551 3511 3613 molestias
3543 3547 3688 3638 mihi
3719 3547 3838 3620 dat,

2186 3669 2299 3711 non
2337 3637 2807 3710 misericordiam
2834 3652 2856 3705 ἵ
2886 3642 2973 3705 Ne
3003 3641 3193 3717 dicas,
3216 3639 3318 3721 qui
3349 3657 3539 3720 usque
3557 3637 3633 3698 ad
3670 3655 3837 3698 mor-

2187 3753 2302 3804 tem
2340 3736 2551 3800 lassari
2582 3755 2738 3818 queo
2768 3735 2798 3795 ‘2
2856 3741 2914 3795 et
2949 3732 3025 3795 ita
3056 3730 3317 3811 graveris
3372 3725 3840 3818 exquirereDo-

2184 3828 2411 3889 minum
2448 3848 2463 3903 ;
2523 3815 2626 3888 sed
2663 3833 2725 3886 ut
2755 3841 2889 3904 quae
2922 3821 3096 3883 morti
3129 3835 3188 3883 te
3217 3818 3409 3881 semul
3441 3815 3755 3883 obtuleris,
3786 3826 3843 3877 et

2184 3915 2576 3988 consecratis,
2614 3933 2686 3975 ne
2717 3913 2980 3993 quietem
3038 3929 3107 3971 ac
3154 3906 3574 3969 remissionem
3611 3914 3839 3993 tangas,

2185 4024 2258 4066 ne
2275 4004 2523 4083 gloriam
2562 3992 2950 4076 consecteris,
2983 4018 3094 4061 nec
3129 3996 3374 4058 delicias
3405 3992 3712 4083 corporis,
3730 4010 3845 4055 nec

2183 4081 2508 4156 amicitiam
2542 4100 2949 4173 cognatorum.
3010 4087 3096 4150 Ne
3157 4086 3382 4160 dextra,
3422 4102 3569 4145 neve
3599 4081 3847 4173 sinistra

2185 4171 2637 4264 circumspicias
2690 4181 3083 4261 aliquatenus,
3145 4176 3275 4249 sed,
3338 4184 3400 4236 ut
3457 4171 3714 4253 cmpisti,
3750 4171 3844 4264 vel

437 4267 743 4352 Optabnnt.
780 4266 879 4330 Vae
910 4267 1128 4339 anima,
1161 4267 1477 4344 figentibus
1508 4287 1676 4348 spem
1711 4269 1769 4330 in
1804 4262 2045 4333 homine
2081 4291 2096 4347 ;
2187 4273 2377 4354 potius
2400 4262 2776 4334 festinantius
2793 4287 3063 4343 curri-ns,
3106 4265 3279 4328 stude
3301 4280 3540 4354 semper
3569 4262 3839 4354 assequi,

441 4350 580 4440 quia
611 4357 711 4419 ille
748 4356 1059 4430 morietur,
1091 4368 1150 4416 (At
1206 4375 1339 4417 cum
1403 4355 1503 4416 illo
1537 4376 1696 4438 spes,
1732 4372 1791 4420 et
1827 4370 1965 4423 tunc
1996 4378 2102 4440 spe
2186 4350 2244 4425 et
2268 4382 2443 4424 manu
2461 4359 2920 4443 apprehendere
2962 4357 3305 4421 Dominum.
3341 4352 3506 4425 Quod
3547 4351 3596 4412 si
3626 4350 3846 4415 millies

438 4467 544 4511 sua
577 4456 851 4509 carentes
884 4454 941 4507 et
970 4445 1233 4507 frustrati
1275 4445 1677 4510 invenientur.
1714 4446 1837 4523 Vae,
1873 4449 2091 4526 anima,
2124 4464 2247 4514 Dse
2269 4450 2681 4530 occultaxerit,
2714 4448 2962 4512 ettoties
2995 4445 3100 4508 tibi
3129 4442 3490 4525 apparuerit,
3526 4460 3636 4503 nec
3669 4459 3842 4530 co_m-

438 4535 796 4600 habentibus
819 4535 919 4597 hic
963 4533 1433 4597 consolationem
1466 4553 1670 4616 suam;
1705 4536 1983 4616 quoniam
2016 4537 2097 4599 ibi
2183 4541 2476 4623 prehendi
2508 4528 2792 4622 potuerit,
2852 4539 2963 4600 hac
2992 4536 3084 4598 via
3141 4535 3247 4598 abs
3279 4544 3334 4596 te
3364 4531 3685 4594 tenebitur.
3720 4528 3848 4592 De-

439 4626 882 4688 lribulalionem
913 4632 1193 4686 telernam
1229 4623 1487 4685 habituri
1516 4634 1672 4686 sunt.
2182 4630 2305 4691 cies
2335 4630 2574 4707 millies,
2621 4629 2742 4690 imo
2786 4646 2925 4689 vero
2951 4625 3212 4708 quandiu
3238 4624 3450 4705 spiras,
3486 4628 3759 4702 prompte
3790 4626 3854 4681 et

523 4717 706 4778 Narra
739 4713 908 4785 mlhi,
932 4713 1153 4787 anima,
1181 4712 1321 4794 quid
1356 4713 1772 4792 contristaris?
1825 4716 1963 4795 quid
1997 4736 2095 4778 re-
2181 4720 2456 4782 alacrter
2483 4736 2711 4800 quaere,
2746 4726 2805 4779 et
2831 4717 2902 4778 ad
2937 4720 3128 4797 ipsum
3158 4732 3428 4775 accurre.
3462 4710 3696 4800 Etenim
3729 4725 3854 4800 non

441 4824 570 4866 rum
604 4804 784 4884 hujus
815 4803 945 4864 vita;
976 4801 1408 4884 concupiscis?
1440 4801 1541 4865 Dic
1575 4802 1745 4878 mihi,
1780 4811 1839 4865 et
1869 4805 2098 4867 docebo
2180 4808 2421 4871 deseret
2451 4797 2535 4883 te,
2559 4826 2676 4869 non
2709 4808 2952 4869 deficiet
2978 4825 3012 4867 a
3043 4814 3138 4885 te;
3191 4803 3298 4865 sed
3331 4799 3613 4883 paulatim
3654 4797 3851 4879 magis

441 4908 501 4955 te
535 4891 1001 4973 uniuscujusque
1058 4889 1477 4953 necessitatem
1532 4900 1591 4952 et
1647 4909 1844 4954 usum.
1878 4890 2096 4954 Tuin-
2189 4898 2373 4977 magis
2405 4896 2738 4979 apparebit,
2801 4905 2859 4957 et
2918 4891 3289 4975 frequentius
3346 4901 3540 4952 tecum
3602 4886 3740 4961 erit,
3776 4904 3851 4947 ac

444 4981 664 5062 tellige,
700 4989 757 5043 et
782 4981 971 5054 disce,
1007 4980 1143 5060 quid
1199 4978 1341 5042 boni
1399 4981 1475 5047 sit
1531 4980 1591 5040 in
1624 4979 1915 5061 quolibet.
1949 4980 2099 5054 Quid

440 5071 527 5133 ais
559 5072 585 5131 ‘.’
615 5070 700 5132 vis
733 5069 1062 5132 honoribus
1095 5068 1244 5142 tolli,
1281 5071 1366 5129 vis
1401 5068 1713 5149 praedicari
1741 5069 1770 5129 ?
1818 5071 1955 5132 audi
1991 5072 2104 5151 igi-

443 5171 536 5222 tur
564 5160 707 5242 quid
742 5159 819 5221 sit
868 5159 1083 5239 honor,
1141 5158 1278 5239 quid
1343 5157 1698 5236 ignominia.
1760 5160 1966 5221 Honor
2022 5172 2111 5224 est

443 5254 739 5314 honorare
791 5250 1035 5330 quidem
1066 5268 1309 5330 omnes;
1346 5249 1448 5310 sed
1481 5251 1667 5312 Deum
1700 5265 1841 5311 ante
1869 5270 2099 5325 omnes,

444 5352 499 5403 et
531 5341 806 5403 mandata
835 5339 964 5420 ejus
993 5338 1240 5418 insuper
1296 5347 1359 5400 ut
1416 5357 1564 5419 opes
1593 5338 1706 5399 sibi
1732 5357 2100 5422 comparare,

443 5449 769 5511 eorumque
790 5447 967 5491 causa
988 5427 1261 5507 injurias,
1291 5427 1605 5491 maledicta
1630 5435 1686 5489 et
1708 5447 1887 5492 omne
1918 5450 2105 5511 genus

446 5518 662 5600 probra
690 5518 1014 5580 sustinere.
1049 5515 1193 5580 Cum
1229 5518 1415 5593 enim,
1481 5535 1515 5578 ο
1546 5517 1765 5599 anima,
1798 5522 2101 5600 negotium

440 5607 676 5687 aliquod
707 5607 777 5668 ad
809 5607 1126 5681 honorem,
1163 5615 1219 5666 et
1250 5606 1501 5687 gloriam
1530 5605 1632 5667 Dei
1669 5607 2093 5688 inceptaveris,

446 5704 503 5759 et
532 5695 648 5756 obi
678 5696 891 5776 tipsum
914 5703 1280 5776 contemptu,
1308 5705 1364 5757 et
1394 5694 1630 5774 injuriis
1658 5696 1868 5759 affecta
1895 5700 2100 5780 fueris,

2193 4989 2434 5050 tandem
2470 4995 2774 5068 purgatam
2812 4984 3208 5048 illustratione
3250 4979 3518 5052 luminis,
3554 4987 3850 5068 totusAvc-

2194 5078 2363 5138 niens
2392 5064 2775 5157 inhabitabit,
2799 5073 3416 5154 manebitquetecutn,
3441 5069 3541 5150 qui
3562 5064 3849 5129 mundum

2194 5168 2351 5245 fecit,
2387 5176 2445 5229 et
2475 5166 2722 5229 habebis
2753 5185 2918 5228 veras
2968 5164 3226 5236 divitias,
3262 5179 3407 5241 quas
3438 5159 3697 5220 mundus
3727 5172 3852 5245 non

2193 5243 2370 5318 habet
2406 5278 2421 5337 ;
2483 5256 2586 5318 sed
2649 5256 2891 5336 ccelum,
2955 5261 3012 5315 et
3066 5253 3169 5334 qui
3199 5250 3319 5313 illic
3352 5249 3410 5311 in
3443 5248 3641 5311 album
3676 5243 3853 5337 relati

2189 5354 2347 5408 Sunt.
2384 5333 2446 5409 Si
2488 5346 2644 5409 istud
2679 5345 2782 5407 tibi
2816 5333 3138 5423 contingat,
3188 5337 3664 5411 memorandum,
3688 5333 3851 5415 quid

2191 5437 2275 5498 vis
2304 5436 2561 5518 amplius
2599 5437 2628 5497 ?

2270 5512 2630 5601 Dim-anima
2672 5526 2940 5605 ingrata;
2976 5523 3061 5584 sic
3090 5521 3289 5584 anima
3314 5519 3530 5598 stulta;
3563 5515 3682 5605 die,
3717 5512 3853 5605 vilis

2187 5617 2384 5679 anima
2416 5634 2570 5689 mea,
2606 5602 2874 5697 quid—his
2905 5602 3099 5693 majus
3154 5610 3279 5673 sive
3311 5611 3367 5671 in
3401 5606 3593 5687 ccelis,
3627 5604 3756 5668 sive
3787 5602 3851 5663 in

2190 5705 2389 5782 terris,
2424 5715 2490 5771 ut
2524 5706 2669 5769 illud
2731 5721 3093 5789 persequare
3120 5702 3150 5764 ?
3207 5700 3351 5766 Coeli
3383 5696 3752 5775 Fabricator,
3792 5702 3853 5757 et
