4120 6396
211 385 321 450 589

1354 374 1794 442 DIVINORUM
1839 372 2170 437 AMORUM
2217 370 2446 434 LIBER

3468 362 3592 432 590

212 530 372 580 terra;
404 517 713 590 Dominus,
751 526 812 579 et
841 515 1108 578 omnium
1139 529 1388 594 quaeque
1408 509 1470 572 in
1493 508 1666 582 coelo,
1695 524 1850 590 quai-
1871 513 1910 562 Α
1935 520 2199 594 praesens
2229 520 2314 563 es.
2348 497 2465 594 Ubi
2495 508 2683 564 totum
2733 500 2816 562 uti
2863 498 3027 582 prius
3043 517 3162 594 me
3179 499 3586 594 circumdedi-

209 627 314 690 que
341 609 397 669 in
431 608 652 668 mundo
711 615 848 668 sunt
906 603 1200 677 conditor,
1257 599 1462 681 judex,
1497 607 1557 660 et
1586 616 1699 690 res
1723 598 1851 678 ipse

209 687 358 758 solus
385 695 443 758 in
481 707 536 758 te
570 695 819 775 habitat,
849 703 1031 756 totum
1057 711 1124 754 se
1177 690 1564 752 manitestans
1597 687 1726 764 tibi,
1757 696 1851 748 to-

212 801 295 848 tus
319 786 660 848 illuminans
689 798 747 846 te
771 785 901 846 luce
924 801 1052 856 sua,
1088 791 1146 842 et
1176 777 1680 862 pulchritudinem
1713 775 1847 838 vul-

210 886 294 935 tus
312 874 398 936 sui
422 873 525 935 tibi
547 875 899 946 ostendens,
923 870 1198 952 utipsum
1250 866 1592 949 expressius
1622 865 1844 952 videas,

211 970 262 1024 et
287 971 619 1024 consortem
653 969 712 1022 te
741 960 942 1040 gloria:
973 951 1095 1020 sUae
1150 956 1400 1028 faciens,
1431 953 1530 1016 dic
1560 951 1703 1026 quid
1738 952 1848 1013 hoc

211 1068 317 1112 uno
375 1048 803 1132 praestantius?
880 1045 1318 1128 Respondebis,
1381 1042 1538 1132 nihil
1588 1040 1845 1132 penitus.

208 1140 351 1202 Audi
376 1129 644 1220 insuper.
675 1138 1052 1200 Talibonore
1079 1137 1338 1216 dignata,
1369 1153 1403 1195 ο
1449 1131 1669 1203 anima,
1703 1129 1845 1220 quid

207 1230 386 1292 adhuc
414 1217 588 1290 terra:
609 1227 855 1288 inhias?
885 1225 1024 1308 quid
1060 1225 1187 1286 istis
1217 1223 1399 1286 rebus
1428 1219 1792 1282 demulceris
1825 1217 1850 1281 ?

209 1318 333 1400 quid
360 1317 629 1379 adbazres
662 1315 958 1396 perituris,
997 1311 1504 1400 queeimmortalia
1521 1308 1851 1400 accepisti?

207 1396 335 1488 quid
367 1406 617 1467 moraris
648 1405 706 1467 in
740 1405 1154 1485 praesentibus,
1209 1420 1341 1483 quae
1391 1399 1584 1461 futura
1613 1396 1845 1460 inveni-

208 1495 331 1557 sti?
388 1495 490 1557 llla
534 1513 755 1556 conare
779 1494 1006 1574 jugiter
1061 1491 1392 1572 possidere,
1427 1489 1548 1550 illis
1579 1496 1757 1550 totam
1793 1494 1850 1549 te

205 1585 519 1664 agglutina,
545 1584 744 1646 anima
765 1603 922 1659 mea,
949 1590 1013 1644 ut
1038 1589 1244 1662 etpost
1273 1579 1500 1642 obitum
1530 1575 1854 1639 inveniaris

1933 590 2032 665 sti,
2075 590 2176 652 ubi
2209 591 2522 671 complexu
2572 598 2670 651 tuo
2702 596 2884 652 totum
2943 587 3242 651 ambivisti
3275 597 3334 651 et
3365 587 3582 666 texisti,

1935 679 2106 742 malis
2137 679 2385 754 liberor,
2419 697 2453 741 a
2481 677 2772 753 tenebris,
2816 676 3266 758 tentationibus,
3310 677 3588 739 mot.oni-

1936 767 2046 830 bus
2077 787 2210 830 cum
2243 767 2475 829 ratione
2525 766 2947 848 pugnantibus,
2999 773 3058 827 et
3085 766 3362 828 omnibus
3393 769 3589 847 pravis

1935 856 2394 936 cogitationibus
2426 855 2674 936 eripior,
2710 856 3083 938 impleorque
3114 855 3400 930 bonitate,
3432 854 3588 918 leti-

1932 945 2289 1026 tia,gaudio,
2308 945 2687 1025 jucunditate
2707 944 2893 1008 animi
2933 943 3298 1019 incredibili,
3333 961 3589 1006 cernens

1933 1035 2245 1096 tremenda
2274 1034 2574 1116 mysteria,
2621 1043 2680 1096 et
2710 1053 2860 1097 nova
2891 1035 3160 1117 quaedam
3218 1035 3370 1096 mira
3404 1054 3420 1108 ;
3451 1051 3589 1096 cer-

1933 1142 2082 1186 nens
2112 1143 2240 1205 quaa
2286 1143 2477 1206 neque
2534 1124 2740 1186 oculus
2799 1125 3096 1186 humanus
3152 1122 3334 1200 videt,
3361 1130 3461 1184 aut
3493 1121 3586 1183 vi-

1932 1211 2099 1287 dere,
2136 1231 2328 1294 neque
2349 1213 2509 1274 auris
2529 1213 2741 1276 audire
2765 1213 2974 1295 possit,
3021 1229 3219 1293 neque
3248 1211 3307 1273 in
3339 1229 3442 1273 cor
3471 1210 3584 1272 ho—

1933 1302 2110 1363 minis
2135 1301 2631 1364 ascenderunt5l.
2666 1301 2730 1364 In
2769 1302 2986 1384 quibus
3015 1300 3370 1382 obstupesco
3402 1300 3586 1362 vehe-

1933 1400 2190 1466 menter,
2224 1411 2295 1455 ac
2327 1392 2402 1454 de
2463 1397 2752 1473 potestate
2807 1391 3034 1453 decedo
3064 1399 3240 1471 atque
3269 1408 3304 1452 a
3332 1387 3591 1452 terrenis

1935 1479 2215 1542 omnibus
2243 1479 2521 1542 universe
2553 1479 2802 1555 alienor,
2838 1479 3215 1542 continenter
3231 1478 3477 1540 laudans
3505 1487 3585 1551 te,

1937 1569 2068 1631 etin
2087 1569 2314 1650 meipso
2339 1589 2546 1631 novam
2575 1569 2991 1650 mutationem,
3035 1567 3395 1649 modumque
3413 1567 3586 1630 auxi-

205 1655 662 1735 in'tetvrnisillis
683 1671 874 1745 bonis,
899 1655 1030 1753 qua;
1070 1655 1167 1732 hic
1209 1665 1593 1750 acquisivisti,
1627 1673 1684 1726 et
1718 1683 1851 1727 cum
2032 1676 2242 1720 manus
2287 1657 2709 1753 omnipotentis
2758 1657 3258 1753 animadvertens,
3290 1655 3588 1753 quomodo

204 1764 270 1823 iis
300 1762 566 1825 Creatori
618 1781 688 1824 ac
751 1745 1004 1825 Domi-no
1061 1745 1325 1831 assislas,
1375 1765 1434 1818 et
1461 1745 1596 1818 cum
1630 1755 1840 1817 eodem
1869 1747 2154 1824 Bfulgore
2185 1756 2245 1810 et
2284 1747 2660 1828 apparitione
2719 1747 2895 1808 unius
2962 1745 3206 1808 luminis
3235 1746 3318 1806 tui
3348 1761 3622 1806 omnem,

204 1852 401 1914 laetere
432 1871 538 1933 per
569 1850 1032 1913 innumerabilia
1065 1848 1302 1910 saecula.
1327 1847 1540 1908 Amen.

754 1937 993 2003 CAPUT
1037 1936 1293 2000 XXXVI.

201 2029 436 2110 Spiritu
461 2035 671 2091 sancto
701 2033 767 2090 in
796 2027 968 2090 nobis
997 2027 1290 2106 fulgente,
1328 2043 1535 2088 omnes
1554 2043 1679 2087 non
1711 2040 1846 2086 rec-

276 2116 372 2172 tas
412 2109 609 2171 animi
633 2111 932 2171 motiones
971 2109 1218 2184 fugari:
1280 2108 1609 2184 eodemque
1638 2105 1850 2167 radios

276 2125 372 2172 tas
412 2127 607 2171 animi
633 2125 932 2171 monoues
971 2125 1218 2186 Iugum:
1280 2125 1609 2185 eodemque
1638 2125 1849 2167 ramos

271 2189 690 2268 contrahente,
727 2187 803 2250 ub
834 2189 949 2262 his,
981 2197 1036 2250 et
1065 2205 1102 2249 (ι
1140 2187 1351 2267 pravis
1380 2185 1849 2266 cogitationibus

275 2288 382 2333 nos
415 2271 701 2348 infestari
711 2319 724 2332 .

274 2362 506 2422 Lumen
532 2367 720 2432 tuum,
746 2358 1004 2430 Christe,
1031 2375 1127 2418 me
1166 2355 1629 2434 circumfulgens
1659 2355 1850 2416 viviﬁ-

200 2458 328 2522 cat;
388 2467 523 2509 nam
584 2455 645 2509 te
698 2447 920 2528 videre,
956 2460 1014 2508 et
1041 2446 1422 2521 reviviscere,
1454 2454 1512 2507 et
1541 2464 1575 2507 a
1604 2443 1852 2506 mortuis

197 2556 533 2618 resurgere.
570 2535 684 2608 Qui
714 2537 936 2598 efﬁciat
965 2537 1166 2597 lumen
1201 2545 1390 2611 tuum,
1443 2554 1559 2596 non
1613 2552 1852 2616 possum

197 2629 423 2690 dicere.
460 2628 886 2688 Verumtamen
920 2627 1032 2688 hoc
1061 2645 1129 2688 re
1186 2627 1314 2706 ipsa
1358 2624 1623 2704 cognovi,
1659 2631 1718 2686 et
1746 2642 1852 2684 co-

196 2736 441 2796 gnosco,
477 2716 602 2776 sive
656 2714 888 2795 morbo,
913 2715 1038 2778 sive
1069 2714 1511 2786 aﬂlictionibus,
1547 2713 1670 2775 sive
1702 2731 1853 2774 moe-

197 2807 460 2879 roribus,
494 2805 618 2866 sive
679 2804 951 2880 vinculis,
1003 2805 1126 2866 sive
1181 2804 1358 2878 tame,
1410 2804 1532 2865 sive
1589 2803 1858 2865 custodia

1934 1836 2080 1896 mihi
2107 1835 2408 1897 tristitiam
2453 1834 2774 1902 exemeris.
2827 1834 3168 1914 mundoque
3202 1841 3499 1913 ereptum,
3533 1837 3590 1892 et

1935 1932 2130 1987 tecum
2164 1943 2379 1987 arcano
2417 1924 2622 1987 fenore
2653 1923 2908 2000 unitum,
2971 1941 3106 1984 mox
3156 1922 3217 1983 in
3248 1920 3465 1984 caelum
3497 1937 3592 1981 me

1933 2013 2288 2088 restitueris,
2324 2012 2427 2076 ubi
2456 2013 2616 2075 nulla
2647 2021 2738 2077 est
2785 2012 3098 2091 aegritudo,
3126 2009 3275 2072 nulli
3305 2008 3592 2089 gemitus,

1934 2105 2109 2165 nullae
2144 2105 2437 2184 Iacrymaa,
2470 2121 2590 2164 non
2620 2122 2648 2165 s
2674 2121 2872 2184 -rpens
2903 2103 3247 2164 calcaneum
3278 2101 3585 2176 mordens,

1933 2202 1990 2255 et
2019 2192 2354 2254 ostenderis
2387 2191 2635 2254 minime
2667 2191 3033 2254 laboriosam
3059 2209 3187 2254 esse
3217 2197 3277 2251 et
3303 2205 3596 2252 aerumno-

1933 2300 2057 2344 sam
2086 2282 2267 2353 viam,
2299 2301 2432 2359 quae
2461 2281 2686 2360 alioqui
2738 2281 3018 2343 omnibus
3065 2279 3415 2343 mortalibus
3444 2297 3594 2341 con-

1935 2370 2132 2446 traria,
2167 2378 2432 2450 augusta,
2467 2369 2750 2445 difﬁcilis,
2781 2379 2904 2446 aut,
2929 2378 2993 2433 ut
3013 2369 3210 2432 verius
3231 2368 3447 2442 dicam,
3481 2366 3581 2429 in-

1935 2458 2030 2521 via
2058 2468 2170 2521 est.
2205 2457 2349 2531 Quis
2390 2459 2550 2520 enim
2601 2459 2910 2520 hominum
2975 2457 3186 2540 potuit,
3220 2466 3318 2519 aut
3351 2455 3589 2538 poterit,

1935 2567 2158 2630 quaeso,
2196 2566 2444 2628 corpore
2500 2547 2558 2608 in
2611 2547 2759 2609 coelo
2815 2566 2970 2624 esse,
3031 2547 3290 2610 autsine
3319 2562 3593 2626 corpore,

1938 2637 2154 2717 quibus
2184 2634 2294 2698 alis
2326 2655 2396 2698 eo
2432 2635 2811 2717 pervolabit?

2023 2725 2181 2787 Elias
2213 2743 2391 2786 curru
2418 2724 2588 2804 igneo
2620 2724 2681 2786 in
2712 2723 2973 2785 sublime
3000 2730 3205 2806 raptus
3226 2730 3339 2798 est,
3372 2733 3430 2785 et
3458 2731 3596 2785 ante

1940 2814 2107 2876 illum
2139 2814 2367 2876 Enoch.
2402 2831 2606 2876 verum
2642 2832 2762 2874 non
2791 2812 2853 2874 in
2898 2813 3138 2889 ctelum,
3173 2811 3278 2874 sed
3323 2813 3382 2874 in
3415 2811 3596 2874 alium

197 2896 498 2985 detinear,
527 2894 658 2985 sive
687 2893 1054 2985 ενενίοῐίβυε
1087 2894 1372 2956 molestiis
1405 2891 1855 2985 premar,_emij
1877 2963 1914 2985 η
1941 2903 2257 2985 quemdam
2291 2903 2510 2978 locum,
2545 2921 2664 2964 non
2697 2903 2824 2984 ipse
2852 2901 3094 2982 quidem
3127 2919 3160 2962 ε
3208 2919 3274 2963 se
3303 2900 3458 2982 ipso,
3491 2898 3596 2962 sed

197 2993 369 3046 caute
397 2981 623 3043 lumine
645 2990 764 3057 tuo,
792 2981 992 3043 omnia
1030 2991 1310 3062 tanquam
1343 2979 1619 3044 tenebras
1641 2979 1855 3041 discuti

197 3091 260 3135 ac
290 3070 560 3152 dispelli,
589 3077 647 3131 et
667 3070 727 3131 in
750 3075 956 3152 requie
979 3090 1044 3132 ac
1064 3071 1218 3151 luce,
1265 3078 1325 3131 et
1364 3069 1640 3131 fruitione
1672 3068 1853 3130 lumi-

200 3160 287 3222 nis
312 3177 423 3240 per
440 3158 712 3220 divinum
755 3156 1037 3239 Spiritum
1083 3169 1248 3220 tuum
1273 3158 1470 3219 subito
1502 3177 1598 3219 me
1629 3157 1852 3220 consti-

201 3249 302 3312 tui.
338 3247 482 3310 Scio
512 3246 926 3309 tribulationes
957 3248 1204 3322 fumum,
1252 3247 1640 3326 cogitationes
1670 3246 1856 3307 malas

201 3337 506 3417 tenebras,
543 3335 902 3399 tentationes
922 3337 1146 3416 Jacula,
1181 3335 1615 3401 sollicitudines
1647 3335 1856 3414 caligi-

200 3445 364 3502 nem,
401 3426 710 3506 passiones
741 3425 968 3488 belluas
995 3425 1218 3499 vocari,
1248 3447 1282 3487 a
1312 3425 1529 3508 quibus
1583 3425 1723 3486 olim
1782 3423 1858 3484 li-

199 3516 449 3591 berasti,
485 3523 543 3577 et
590 3514 801 3577 eruisti
851 3533 946 3577 me
984 3539 1000 3591 ;
1059 3523 1119 3576 et
1163 3515 1521 3576 illucescens
1577 3511 1857 3594 paulatim

199 3607 350 3668 mihi
383 3605 610 3668 lumine
645 3613 766 3679 tuo,
799 3604 977 3666 etiam
1010 3623 1168 3666 nunc
1200 3605 1261 3665 in
1282 3604 1496 3665 borum
1518 3602 1715 3665 medio
1739 3619 1862 3663 ver-

199 3706 434 3758 sautem
465 3713 562 3756 me
592 3693 1030 3755 invulneratum
1062 3693 1350 3768 custodis,
1386 3702 1485 3754 tuo
1516 3692 1741 3754 lumine
1769 3710 1862 3752 me

202 3793 549 3865 protegens.
583 3781 732 3856 Quia
759 3801 898 3844 vero
930 3781 1213 3863 delinquo
1243 3800 1400 3862 saepe
1427 3781 1770 3856 admodum,
1805 3786 1865 3840 et

200 3875 258 3936 in
295 3876 478 3936 horas
515 3892 717 3953 pecco,
754 3872 915 3952 quia,
943 3871 1208 3953 inquam,
1236 3873 1420 3933 eﬁ‘ero
1437 3871 1861 3934 meadversum

203 3976 281 4039 te,
315 3963 462 4044 quia
490 3961 657 4024 irrito
691 3971 769 4035 te,
807 3961 1045 4039 indigeo
1078 3960 1453 4022 misericordi
1478 3959 1864 4039 castigatione

202 4061 322 4126 tua,
359 4069 537 4131 quam
571 4050 956 4113 vehementer
987 4049 1047 4110 in
1080 4067 1175 4111 me
1200 4049 1523 4111 adhibitam
1556 4046 1746 4110 sentio
1776 4047 1865 4108 di-

200 4141 322 4204 vini
367 4159 609 4202 recessu
642 4139 906 4214 luminis,
939 4143 1094 4221 quod
1156 4139 1395 4219 tegebat
1449 4158 1564 4201 me.
1600 4137 1674 4202 Ut
1702 4139 1861 4200 enim

1841 2963 1916 3013 :C

1945 3001 2140 3054 tamen
2171 2992 2488 3054 translatus
2511 3001 2620 3054 est.
2649 2991 2800 3064 Quid
2827 2992 2940 3053 ista
2965 2991 3037 3052 ad
3063 3008 3132 3052 ea
3171 3008 3300 3072 quae
3330 2990 3390 3050 in
3423 2987 3599 3050 nobis

1942 3081 2127 3144 ﬁunt?
2148 3100 2417 3162 quaenam
2444 3080 2672 3144 umbra:
2695 3101 2827 3142 cum
2853 3079 3122 3155 veritate,
3151 3087 3251 3140 aut
3269 3097 3401 3160 qua:
3425 3077 3600 3159 spiri-

1943 3181 2036 3234 tus
2058 3170 2495 3252 ministratorii,
2520 3189 2588 3232 ac
2607 3169 2940 3245 servientis,
2968 3187 3107 3231 cum
3130 3167 3356 3246 divino,
3392 3175 3447 3230 et
3473 3168 3597 3230 Do-

1944 3260 2190 3335 minico,
2219 3258 2483 3320 omnium
2515 3259 2750 3340 opiﬁcc,
2788 3268 2845 3320 et
2885 3275 3308 3339 quamcunque
3335 3268 3597 3319 creatam

1939 3357 2205 3411 naturam
2227 3349 2619 3410 conﬁrmante
2643 3357 2701 3408 et
2723 3347 3149 3409 corroborante
3172 3343 3396 3425 Spiritu
3428 3361 3598 3406 com-

1942 3438 2165 3520 paratio
2197 3441 2226 3500 ?
2279 3438 2412 3500 Alia
2464 3445 2750 3499 creatura:
2781 3443 2943 3510 sunt,
2978 3435 3109 3516 ipse
3139 3433 3383 3497 Creator
3411 3433 3596 3520 solus,

1940 3519 2145 3608 utpote
2169 3545 2202 3587 a
2225 3529 2398 3590 Patre
2419 3534 2480 3589 et
2502 3525 2653 3588 Filio
2680 3524 3124 3605 inseparabilis.
3143 3525 3304 3587 Deus
3321 3523 3446 3583 haec
3463 3519 3600 3592 tria,

1943 3613 2205 3676 Trinitas
2225 3614 2446 3696 quippe
2469 3633 2622 3676 unus
2643 3613 2803 3676 Deus
2830 3622 2941 3676 est.
2969 3615 3099 3692 Ipsa
3121 3610 3307 3686 omni,
3334 3629 3437 3672 seu
3469 3609 3598 3672 uni-

1944 3703 2207 3766 versitati
2243 3711 2304 3764 ut
2356 3713 2537 3779 esset,
2571 3702 2844 3776 contulit,
2873 3702 3003 3782 ipsa
3033 3701 3316 3783 produxit
3347 3697 3549 3760 omnia
3586 3717 3600 3758 :

1945 3792 2074 3874 ipsa
2096 3791 2359 3854 Verbum
2387 3800 2445 3853 et
2481 3791 2667 3854 Filius
2708 3790 2900 3853 Patris
2925 3790 2985 3851 in
3015 3789 3237 3851 mundo
3269 3787 3602 3852 secundum

1945 3899 2188 3943 carnem
2209 3899 2314 3961 pro
2331 3881 2526 3942 salute
2547 3887 2750 3941 nostra
2771 3879 3015 3954 creavit,
3039 3896 3073 3940 a
3097 3877 3271 3940 Patre
3300 3886 3358 3939 et
3378 3875 3606 3958 Spiritu

1946 3978 2147 4032 sancto
2171 3969 2656 4050 inseparabilem.
2688 3971 2843 4032 Vere
2864 3978 3065 4031 autem
3089 3974 3454 4049 superventu
3484 3962 3610 4046 Spi-

1945 4060 2094 4121 ritus
2123 4059 2489 4132 incarnatur,
2518 4066 2577 4120 et
2599 4059 2660 4122 ﬁt
2700 4059 2856 4139 quod
2905 4077 3023 4120 non
3064 4065 3217 4132 erat,
3251 4057 3431 4117 homo
3463 4053 3612 4115 mihi

1945 4147 2183 4218 similis,
2215 4157 2524 4228 peccatum
2548 4167 2725 4209 omne
2743 4156 2802 4209 et
2822 4147 3201 4228 iniquitatem
3242 4145 3294 4207 si
3323 4143 3608 4224 excipias,

201 4233 331 4294 sole
366 4230 680 4292 occidente
711 4249 823 4292 nox
877 4239 936 4291 et
967 4228 1227 4291 tenebrae
1258 4229 1562 4308 ingruunt,
1619 4235 1678 4289 et
1725 4229 1868 4290 ferae
1949 4237 2107 4299 Deus
2140 4237 2317 4298 simul
2350 4244 2410 4297 et
2440 4237 2618 4297 homo
2643 4236 2934 4297 videndus
2953 4234 3234 4296 omnibus
3263 4231 3491 4295 habens
3520 4228 3609 4292 di-

201 4337 419 4403 omnes
441 4318 514 4380 ad
542 4326 770 4398 pastum
813 4327 1030 4380 exeunt
1059 4339 1073 4382 :
1117 4317 1202 4379 sic
1247 4317 1348 4380 ubi
1371 4336 1465 4380 me
1487 4319 1866 4379 lumentuum
1888 4325 2153 4387 Dvinum
2186 4325 2497 4406 spiritum,
2532 4325 2634 4406 qui
2694 4325 2809 4405 ipsi
2869 4322 3219 4386 naturaliter
3247 4321 3440 4395 adest,
3473 4336 3610 4380 cum

202 4401 498 4482 deseruit,
532 4407 696 4470 illico
728 4407 858 4469 vitae
883 4407 1061 4488 hujus
1092 4406 1378 4481 tenebrae,
1411 4426 1480 4470 ac
1505 4407 1746 4488 pelagus
1776 4406 1863 4466 ir-
1951 4434 2067 4496 quo
2099 4401 2364 4476 ηιοι-ἰυοε
2395 4415 2454 4475 in
2485 4401 2662 4476 νίίεπι
2696 4401 2961 4489 ιίεάυχίι,
2997 4421 3055 4474 ει
3083 4429 3376 4474 caecorum
3409 4407 3616 4496 oculos

201 4497 618 4580 requietarum
669 4497 1088 4576 cogitationum
1153 4515 1250 4559 me
1301 4496 1560 4558 obruunt
1617 4504 1676 4558 et
1729 4496 1871 4557 fera:

201 4586 587 4649 turbidorum
662 4596 928 4649 motuum
1011 4605 1107 4649 me
1165 4586 1473 4663 devorant,
1533 4585 1872 4667 jaculisque

207 4675 666 4755 omnigenarum
700 4676 1124 4756 cogitationum
1182 4676 1484 4738 vulneror.
1520 4675 1633 4737 Ubi
1664 4692 1874 4737 rursus

208 4765 416 4847 pietati
451 4773 804 4847 cemmotus,
839 4765 959 4828 mei
993 4765 1270 4826 misertus
1315 4765 1525 4840 fueris,
1552 4771 1614 4829 et
1643 4764 1880 4828 ﬂebiles

210 4853 679 4916 lamentationes
707 4872 869 4918 meas
903 4853 1262 4928 exaudieris,
1327 4854 1708 4936 gemitusque
1737 4873 1878 4935 per-

211 4943 453 5024 ceperis
489 4950 548 5003 et
575 4943 861 5024 lacrymas
889 4943 1229 5017 admiseris,
1263 4953 1322 5005 et
1376 4945 1448 5005 ad
1481 4943 1878 5008 humilitatem

213 5051 412 5093 meam
445 5031 748 5112 respicere
804 5032 1083 5107 volueris,
1145 5033 1244 5112 qui
1302 5032 1683 5114 inexpiabilia
1731 5053 1874 5115 pec-

213 5121 367 5196 cavi,
404 5121 612 5201 procul
647 5130 704 5182 ut
738 5122 908 5183 stella
939 5121 1214 5183 exoriens
1245 5121 1488 5199 videris,
1514 5131 1570 5183 et
1597 5123 1878 5204 paulatim

217 5211 487 5273 dilataris
519 5213 662 5291 (non
698 5219 756 5272 tu
813 5211 943 5292 ipse
997 5211 1110 5272 hoc
1169 5209 1416 5290 patiens,
1480 5213 1586 5274 sed
1618 5220 1879 5274 mentem

1952 4495 2204 4585 aperuit,
2243 4505 2511 4584 leprosos
2535 4503 2861 4576 mundavit,
2887 4502 3191 4564 daemones
3209 4495 3615 4579 ecorporibus

1955 4592 2236 4654 humanis
2266 4591 2512 4674 expulit.
2547 4591 2710 4653 Idem
2737 4609 2945 4672 passus
2965 4607 3230 4665 crucem,
3255 4595 3316 4649 et
3334 4594 3612 4654 mortem.

1967 4684 2026 4742 in
2060 4682 2271 4761 spiritu
2303 4681 2657 4756 resurrexit,
2692 4691 2750 4742 et
2805 4679 2866 4740 in
2923 4679 3112 4758 gloria
3135 4683 3474 4757 assumptus
3503 4680 3615 4754 est,

1965 4770 2360 4850 semitamque
2379 4769 2438 4830 in
2452 4769 2667 4832 ccelum
2682 4768 2975 4850 reparavit
2993 4765 3272 4828 omnibus
3293 4765 3353 4825 in
3375 4781 3441 4826 se
3462 4771 3626 4824 certa

1965 4879 2032 4922 ac
2051 4859 2220 4921 ﬁrma
2236 4860 2352 4921 ﬁde
2364 4859 2748 4921 credentibus
2763 4879 2780 4932 ;
2793 4867 2851 4920 et
2872 4855 3158 4938 Spiritum
3180 4851 3622 4916 sanctissimum

1965 4949 2025 5010 in
2050 4967 2260 5010 omnes
2283 4949 2467 5010 ﬁdem
2490 4948 2774 5026 operibus
2801 4944 3370 5027 probantesabunde
3391 4941 3623 5018 eﬁ'udit,

1961 5047 2016 5100 et
2039 5056 2197 5100 nunc
2220 5057 2458 5118 quoque
2484 5038 2760 5099 eumdem
2787 5039 2946 5116 large
2976 5036 3037 5096 in
3071 5035 3219 5096 tales
3249 5031 3525 5098 effundit.
3560 5049 3626 5091 ac

1965 5144 2072 5207 per
2103 5127 2298 5208 ipsum
2357 5128 2502 5188 deos
2546 5135 2794 5207 repetite
2847 5127 3012 5202 facit,
3079 5124 3294 5205 quibus
3322 5121 3629 5204 copulatus

1965 5216 2183 5295 fuerit;
2241 5225 2297 5278 et
2357 5217 2461 5278 ille
2519 5235 2622 5278 eos
2678 5234 2746 5280 ex
2801 5209 3630 5277 hominibusimmutabiliter

219 5299 374 5361 servi
406 5301 494 5362 tui
523 5300 596 5361 ad
629 5299 954 5362 videndum
980 5299 1311 5380 aperiens).
1343 5300 1565 5362 sensim
1591 5301 1800 5381 major,
1829 5311 1886 5364 et
1969 5305 2266 5379 immutat,
2293 5324 2360 5368 ac
2397 5306 2503 5369 Dei
2537 5307 2715 5378 ﬁlios,
2754 5305 2964 5367 fratres
2992 5301 3337 5375 Salvatoris,
3364 5309 3424 5362 et
3443 5299 3626 5361 haere-

222 5389 408 5452 instar
437 5390 581 5452 solis
611 5389 901 5452 cerneris.
932 5388 1323 5465 Fugientibus
1376 5391 1620 5472 quippe,
1658 5400 1716 5452 et
1746 5409 1884 5452 eva-
1972 5391 2080 5454 des
2108 5394 2352 5474 quidem
2407 5395 2532 5458 Dei.
2567 5394 2916 5457 cohazredes
2948 5403 3144 5456 autem
3176 5389 3390 5452 Christi
3424 5386 3630 5460 efﬁcit,

229 5479 611 5542 nescentibus
642 5477 909 5540 tenebris
938 5476 1220 5538 advenire
1251 5485 1307 5538 te
1338 5487 1498 5559 puto,
1535 5479 1634 5560 qui
1667 5479 1889 5561 ubique
1973 5487 2117 5544 deos
2139 5503 2273 5543 cum
2299 5483 2420 5544 Deo
2444 5493 2746 5546 versantes
2767 5485 2828 5545 in
2853 5479 3076 5566 Spiritu
3099 5488 3329 5554 sancto,
3357 5477 3633 5556 alligatos

305 5652 353 5700 3‘
395 5652 584 5724 lCor.
625 5667 685 5723 tt,
725 5651 782 5714 9.
