4120 6370
497 458 603 526 591

496 683 610 744 cile
641 700 777 744 cum
807 680 1045 743 Christo
1076 682 1137 743 in
1170 681 1384 743 caelum
1411 677 1835 746 ascenderunt,
1869 686 1931 735 et
1963 681 2144 734 totam

495 772 628 835 vita;
654 772 806 834 bene
826 770 1070 851 agendae
1085 770 1376 832 rationem
1403 767 1483 830 ibi
1508 765 1936 848 acquisierunt,
1962 762 2021 823 in
2056 760 2145 821 vi-

498 862 667 925 sione
689 860 999 935 bonorum,
1033 878 1161 941 qua;
1190 859 1395 922 oculus
1426 876 1541 919 non
1578 853 1750 917 vidit.

579 1028 731 1121 Quid
759 1038 936 1117 igitur
963 1053 1171 1099 currus
1196 1036 1427 1114 igneus,
1462 1035 1561 1115 qui
1603 1031 1790 1094 Eliam
1852 1027 2094 1121 abstulit
2127 1028 2151 1087 ’ἰ

500 1120 640 1211 quid
652 1122 886 1190 Enochi
913 1125 1221 1188 translatio
1245 1126 1271 1187 ἲ
1291 1120 1362 1186 ad
1388 1125 1515 1187 haac
1541 1122 1743 1201 egoita
1760 1127 1975 1211 Statuo,
1996 1117 2155 1211 sicut

499 1206 663 1279 mare
694 1215 834 1277 olim
864 1215 1027 1295 virga
1054 1213 1331 1287 divisum,
1367 1224 1426 1277 et
1456 1230 1674 1273 manna
1698 1229 1729 1272 e
1755 1208 1904 1270 coelo
1929 1206 2153 1295 cadens

500 1314 668 1391 typus
685 1304 901 1378 solum,
928 1293 986 1366 et
1006 1301 1278 1385 symbola
1300 1303 1559 1391 fuerunt,
1582 1317 1745 1391 mare
1756 1293 2147 1391 baptismatis,

500 1386 717 1456 marina
743 1386 1096 1455 Salvato‘ris:
1161 1391 1371 1453 eodem
1425 1389 1602 1451 modo
1650 1387 1751 1449 illa
1782 1388 2017 1457 horum,
2055 1386 2149 1446 in-

1801 396 2197 519 .SYMEoNts
2238 396 2589 510 JUNIOItIS

497 593 736 675 quidem
769 591 896 654 sola
924 584 1127 670 carne,
1162 590 1371 674 spiritu
1400 598 1593 651 autem
1623 586 1843 649 liberos
1873 606 1889 662 ;
1921 584 2025 664 qui
2053 583 2143 645 fa-
2169 595 2203 639 Α

3765 434 3885 504 592
3944 402 3949 407 ’

2768 580 3005 645 CAPUT
3050 580 3339 644 XXXVII.

2231 701 2502 773 Quantam
2531 700 2964 773 theologumena.
2996 700 3151 766 Item,
3184 702 3282 772 qui
3306 716 3407 772 per
3432 700 3675 771 Spiritus
3695 700 3890 773 sancti

2299 770 2740 828 commuttionem
2769 774 3089 829 immutatus
3117 770 3229 828 non
3258 770 3352 833 sit.
3384 770 3480 828 nec
3502 770 3889 843 perradoptio-

2301 859 2426 900 nem
2454 844 2630 900 Deum
2655 844 2985 915 cognoverit,
3020 844 3073 900 ei
3099 848 3164 900 ut
3202 844 3446 900 homines
3475 842 3541 899 de
3569 842 3774 899 divinis
3801 857 3886 897 rc-

2302 915 2399 972 bus
2427 915 2670 981 erudiat,
2699 930 2812 971 non
2839 915 3078 971 concedi.

2314 1025 2456 1098 Quis
2484 1024 2754 1088 dolorem
2786 1025 2981 1089 cordis
3004 1024 3122 1087 mei
3135 1023 3582 1086 consolabitur?
3612 1023 3880 1086 dolorem

2236 1116 2545 1189 cum‘dixi,
2573 1115 2893 1178 Salvatoris
2914 1115 3281 1178 desiderium
3324 1114 3677 1191 signiﬁcavi.
3707 1112 3881 1175 Desi-

2234 1206 2490 1280 derinm,
2522 1216 2718 1268 autem
2748 1217 2926 1287 atque
2954 1207 3129 1268 ardor
3159 1204 3297 1287 iste,
3317 1207 3593 1267 ellectum
3629 1204 3885 1285 Spiritus

2234 1295 2320 1357 vel
2348 1296 2539 1375 potius
2562 1297 2895 1359 essentialis
2918 1296 3231 1375 praesentia
3251 1305 3363 1370 est,
3400 1294 3497 1355 lux
3520 1294 3885 1354 ἐνυπωτέτως

2232 1384 2394 1447 intus
2425 1384 2484 1445 in
2518 1404 2613 1446 me
2642 1386 2789 1448 visa.
2823 1384 2923 1445 Est
2950 1394 3144 1446 autem
3181 1385 3275 1444 lux
3310 1381 3794 1463 incomparabilis
3827 1392 3888 1442 et

499 1501 673 1564 quam
705 1480 1157 1561 incomparabili
1190 1477 1568 1551 excellentia,
1604 1475 1863 1556 etgloria
1882 1472 2155 1555 praedito-
2236 1473 2557 1536 ineﬁ‘abilis
2590 1474 2850 1554 penitus.
2881 1472 3023 1545 Quis
3056 1492 3148 1533 me
3194 1483 3470 1535 secernet
3500 1492 3567 1534 ac
3601 1471 3889 1550 disjungil

497 1560 653 1645 rum,
689 1560 972 1650 quantum
1004 1569 1284 1631 videlicet
1332 1568 1663 1630 increatum
1714 1573 1912 1627 creato
1945 1572 2152 1623 natura
2236 1581 2268 1624 a
2297 1564 2475 1625 rebus
2504 1582 2742 1624 sensum
2779 1562 3173 1626 moventibus.
3210 1581 3244 1622 a
3272 1562 3487 1641 quibus
3516 1561 3700 1622 semel
3732 1560 3887 1620 Iibe-

498 1648 821 1722 autecellit.
857 1662 1075 1719 Manna
1128 1659 1312 1738 enim,
1372 1655 1524 1737 quod
1586 1653 1755 1735 panis
1785 1661 1844 1715 et
1872 1650 2154 1714 alimonia
2236 1662 2418 1726 ratus,
2454 1661 2513 1713 et
2542 1652 2927 1714 absconditos
2960 1670 3114 1724 sum,
3147 1651 3384 1730 quando
3433 1650 3721 1711 mundum
3780 1648 3891 1708 sub

498 1748 845 1827 angelorum
877 1754 1119 1808 vocatur
1143 1746 1223 1823 59,
1259 1745 1414 1827 quod
1448 1742 1686 1805 Hebraei
1717 1743 1778 1803 in
1833 1740 2154 1802 solitudine
2240 1742 2489 1822 pedibus
2522 1742 2750 1804 habui?
2779 1743 2912 1822 quis
2947 1740 3089 1801 mihi
3124 1739 3286 1800 dabit
3319 1739 3801 1819 tranquillitatem
3835 1745 3896 1798 et

501 1836 914 1918 comederunt,
942 1834 1181 1916 defecit,
1201 1831 2147 1916 periit,mortuiquesuntomnes,
2175 1867 2213 1914 Β
2237 1831 2495 1912 quietem
2530 1830 2603 1892 ab
2635 1830 2933 1904 omnibus,
2957 1838 3021 1890 ut
3041 1828 3200 1918 illius
3233 1827 3891 1918 pulcliritudine,aspe-

503 1933 562 1988 et
598 1932 860 2006 quotque
893 1915 963 1985 eo
993 1915 1406 1995 veScebantur,
1463 1940 1580 1982 non
1612 1920 1753 1981 inde
1782 1919 1958 1980 vitam
1991 1936 2154 1979 asse-
2236 1928 2451 2002 ctuquc
2474 1921 2695 1993 satier;
2747 1938 2926 2000 quem
2952 1916 3443 1999 quiaintelligere
3477 1935 3731 1996 nequeo,
3754 1915 3892 1975 ideo

507 2005 865 2097 quebantur.
886 2006 1053 2076 'Caro
1075 2021 1270 2075 autem
1291 2011 1531 2074 Domini
1562 2006 1704 2079 mei,
1733 2026 1865 2097 cum
1891 2007 2153 2097 sitdeiﬁ-
2236 2028 2437 2071 amore
2459 2007 2837 2070 inﬂammor?
2859 2017 3141 2089 quantum
3166 2025 3302 2067 vero
3326 2005 3753 2085 comprehendi
3770 2052 3787 2097 ,_
3807 2011 3891 2064 at-

503 2092 654 2176 c'ata,
680 2110 739 2163 et
767 2106 896 2162 vita:
924 2100 1123 2182 plena,
1153 2117 1361 2161 omnes
1388 2098 1773 2161 comedentes
1812 2096 1942 2157 vitae
1969 2094 2154 2176 parti-
2237 2118 2350 2180 que
2384 2099 2631 2178 intelligi
2690 2105 2882 2178 potest
2912 2117 2928 2172 ;
2984 2095 3316 2157 subsistens
3373 2113 3541 2155 amor
3596 2104 3707 2182 est.
3741 2092 3891 2155 Nam

503 2190 668 2273 cipes
691 2188 849 2265 facit,
876 2181 1404 2251 etimmortalitate
1427 2193 1621 2267 auget.
1649 2185 1814 2248 Facit
1844 2202 2020 2265 porro
2042 2202 2154 2273 reos
2236 2188 2495 2249 charitas
2529 2205 2643 2247 non
2704 2196 2793 2248 est
2845 2202 3082 2255 nomen,
3145 2184 3250 2273 sed
3312 2182 3514 2273 divina
3542 2181 3894 2273 substantia,

503 2272 623 2341 neu
654 2277 833 2341 altum
867 2277 1338 2365 mareptransire,
1376 2295 1487 2339 nec
1518 2294 1587 2337 ex
1619 2275 1869 2365 {Egypto
1892 2274 1953 2335 in
1974 2272 2151 2365 aliam

503 2370 810 2448 regionem
839 2363 1110 2442 traducit,
1135 2386 1266 2449 quae
1309 2383 1543 2428 rursum
1570 2363 2155 2426 fructusinterituros

503 2456 845 2519 hominibus
865 2456 1110 2541 efferat;
1143 2455 1246 2518 sed
1273 2473 1384 2517 nec
1414 2471 1520 2536 per
1549 2471 1739 2515 annos
1762 2450 2157 2541 quadraginta

502 2563 612 2607 nos
636 2540 947 2607 ambulare
976 2544 1183 2606 mundi
1206 2542 1583 2623 Redemptor
1624 2542 1817 2622 jubet,
1852 2549 1916 2602 ut
1944 2540 2008 2601 in
2042 2549 2160 2601 ter-

504 2653 631 2695 ram
657 2633 1077 2716 promissionis
1109 2632 1497 2695 deveniamus
1534 2655 1549 2704 ς
1584 2632 1688 2694 sed
1724 2648 1857 2693 cum
1891 2629 2007 2691 ﬁde
2039 2628 2158 2689 mi-

507 2723 670 2784 nime
700 2722 883 2784 dubia
910 2720 1259 2800 baptizatos,
1291 2721 1595 2801 factosque
1615 2719 1903 2800 corporis,
1930 2725 1988 2779 et
2017 2736 2159 2780 san-

508 2810 707 2890 guinis
739 2811 870 2890 ejus
903 2809 1246 2891 participes,
1280 2809 1352 2871 ab
1386 2806 1627 2871 interitu
1682 2809 1743 2870 in
1775 2807 1976 2879 vitam,
2008 2824 2040 2867 a
2067 2813 2159 2866 te-

508 2899 711 2961 nebris
741 2899 803 2960 in
832 2899 1051 2979 lucem,
1086 2905 1296 2960 aterra
1326 2898 1385 2959 in
1418 2898 1631 2959 coelum
1666 2916 1799 2958 mox
1830 2895 2004 2957 simul
2036 2893 2162 2956 sub-

509 2996 718 3073 vectat.
753 2986 931 3061 Qrius
964 3007 1057 3050 me
1117 2987 1525 3069 corruptione,
1582 2995 1644 3049 et
1674 2994 1866 3047 morte
1896 2992 2156 3046 exutum.

509 3071 719 3151 totum,
754 3077 912 3158 quod
938 3075 1186 3157 cognovi
1217 3085 1275 3138 et
1304 3076 1489 3146 sensi,
1524 3076 1585 3136 in
1615 3076 1951 3137 libertatem
1993 3086 2159 3134 asse-

2242 2275 2690 2358 participabilis,
2751 2289 2809 2336 et
2868 2270 3521 2352 incomprehensibilis,
3585 2280 3643 2332 ct
3696 2270 3899 2331 divina

2240 2382 2503 2444 prorsus.
2540 2362 2707 2437 Quod
2743 2362 3149 2441 participatur,
3184 2361 3611 2440 comprehendi
3654 2368 3841 2440 potem
3878 2381 3894 2433 ;

2240 2455 2351 2515 hoc
2385 2454 2515 2534 plus
2542 2471 2659 2514 non
2695 2461 2906 2534 potest.
2942 2451 3172 2514 Idcirco
3202 2450 3324 2511 dixi
3347 2450 3479 2527 tibi,
3503 2450 3893 2530 comprehen-

2242 2541 2475 2603 sibilem
2510 2560 2642 2604 esse
2699 2559 2987 2615 amorem,
3043 2554 3099 2601 et
3156 2538 3353 2620 ipsum
3417 2540 3793 2612 évmo'nazov,
3829 2550 3894 2601 ut

2244 2631 2735 2712 participabilem,
2772 2640 2831 2694 et
2860 2629 3491 2710 comprehensibilem.
3519 2626 3709 2690 Omne
3734 2629 3895 2690 enim

2244 2722 2397 2801 quod
2433 2720 2861 2801 comprehendi
2922 2728 2980 2780 et
3038 2718 3375 2800 participari
3433 2726 3645 2798 potest,
3697 2718 3898 2800 utique

2245 2810 2503 2873 essentia
2534 2820 2620 2870 est
2641 2811 2992 2873 ἐν’)ποστάτος
3013 2806 3460 2889 participabilis,
3504 2806 3898 2888 similiterque

2245 2898 2839 2979 comprehensibilis;
2859 2916 2990 2958 nam
3010 2916 3168 2978 quoq
3193 2897 3324 2957 sine
3348 2895 3605 2956 essentia
3622 2906 3733 2977 est,
3748 2898 3898 2958 nihil

2247 2997 2355 3051 est.
2391 2996 2448 3049 et
2470 2987 2618 3048 nihil
2642 2987 2881 3049 dicitur.
2904 2986 3113 3049 Divina
3135 2992 3332 3046 autem
3364 2992 3577 3045 natura
3605 2985 3893 3060 increata,

2246 3086 2305 3140 et
2325 3076 2845 3157 superessentialis
2870 3083 2979 3149 est,
3001 3082 3205 3155 utpote
3228 3073 3493 3135 omnium
3519 3092 3718 3136 rerum
3749 3093 3901 3136 con-

505 3170 624 3243 ruit
652 3187 667 3248 ;
702 3186 771 3227 ac
805 3166 1048 3240 deinde,
1083 3185 1217 3245 quae
1242 3165 1429 3245 magis
1458 3173 1548 3227 est
1576 3162 1957 3245 suspicienda
1988 3162 2157 3223 novi-
2180 3192 2220 3241 ο
2245 3167 2499 3228 ditarum
2532 3165 2850 3229 essentiam
2879 3164 3363 3245 supergrediens.
3398 3165 3656 3226 Vocatur
3683 3184 3901 3247 super-

509 3269 622 3328 tas,
649 3255 861 3317 caelum
895 3273 990 3316 me
1023 3254 1183 3329 fecit,
1220 3264 1278 3317 et
1307 3255 1367 3315 in
1401 3273 1497 3316 me
1531 3252 1795 3315 omnium
1820 3261 2025 3314 auctor
2054 3252 2159 3313 ha-

507 3344 749 3421 bitavit;
782 3343 938 3425 quod
972 3344 1334 3406 beneﬁcium
1368 3344 1595 3405 nemini
1625 3351 1888 3404 veterum
1921 3349 2161 3403 sancto-

508 3453 637 3495 rum
672 3432 1113 3512 contigit.Olim
1140 3433 1360 3515 quippe
1382 3433 1740 3514 loquebatur
1756 3449 1861 3512 per
1891 3438 2158 3492 sanctum

508 3522 819 3611 Spiritum,
855 3520 1103 3611 ejusque
1143 3523 1359 3584 virtute
1418 3518 1613 3602 opera'
1653 3540 1832 3602 supra
1866 3528 2159 3593 naturam,

507 3606 911 3674 cunditionem
943 3631 1142 3674 rerum
1198 3612 1627 3692 perpetrabat:
1691 3609 2165 3673 substantialiter

508 3709 705 3763 autem
743 3720 1114 3782 nequaquam
1145 3701 1250 3763 ulli
1288 3707 1441 3765 Deus
1494 3702 1811 3781 conjuntus
1842 3708 1953 3772 est,
1988 3708 2157 3760 ante-

512 3808 685 3870 quam
711 3788 979 3851 Christus
1000 3789 1157 3851 Deus
1181 3808 1349 3851 meus
1389 3791 1679 3851 humanos
1702 3797 1863 3849 artus
1887 3788 2161 3867 suscipe-

508 3872 623 3940 ret.
655 3883 972 3958 Assumpto
1003 3877 1161 3939 enim
1198 3897 1471 3959 corpore,
1501 3878 1668 3941 dedit
1696 3876 1983 3958 Spiritum
2031 3895 2162 3937 san-

508 3975 666 4029 ctum
701 3986 894 4040 suum,
924 3975 983 4027 et
1007 3984 1115 4047 per
1137 3986 1271 4027 eum
1298 3966 1766 4029 substantialiter
1788 3967 1988 4028 unitur
2010 3964 2161 4028 ﬁde-

511 4054 671 4116 libus
688 4055 979 4117 universis
1008 4073 1021 4117 :
1050 4065 1107 4117 et
1123 4056 1348 4136 irrupta
1370 4065 1543 4137 atque
1569 4055 1902 4117 insolubilis
1926 4064 2014 4115 est
2056 4055 2167 4116 ista

512 4162 677 4209 umo.
2171 4160 2177 4165 ’

592 4324 791 4387 Eheu!
813 4323 1051 4398 (acerbe
1068 4324 1223 4385 enim
1251 4324 1557 4385 hominum
1578 4341 1781 4386 errore
1800 4343 1981 4396 cogor
2001 4323 2165 4402 inge-

2248 3255 2581 3318 essentialis
2609 3256 2939 3335 ὑπερούσιος,
2975 3261 3034 3315 et
3093 3262 3292 3315 tamen
3353 3262 3444 3314 est
3495 3255 3749 3327 ἐνούσιος,
3810 3264 3905 3317 est

2246 3347 2595 3410 ἐνυπόστπιτος
2651 3360 2833 3424 super
2905 3360 3143 3403 omnem
3234 3342 3578 3416 essentiam,
3653 3352 3712 3404 et
3764 3363 3900 3406 cum

2246 3444 2445 3496 creata
2475 3432 2775 3514 hypostasi
2805 3431 2969 3494 nulla
2988 3430 3219 3493 ratione
3250 3431 3508 3493 conferri
3534 3449 3708 3511 posse
3733 3433 3906 3496 intel-

2247 3525 2467 3604 ligitur,
2502 3530 2593 3585 est
2622 3522 2779 3583 enim
2817 3529 3023 3582 natura
3049 3539 3156 3583 sua
3203 3530 3321 3583 tota
3364 3521 3899 3605 incircumscripta.

2245 3613 2412 3686 Quod
2442 3632 2558 3674 non
2574 3619 2661 3673 est
2684 3610 3226 3691 circumscriptum,
3242 3612 3541 3691 quomodo
3560 3612 3903 3693 hypostasin

2248 3700 2582 3764 nominabis
2608 3700 2812 3781 ?quod
2852 3717 2971 3761 non
3001 3699 3294 3773 subsistit,
3326 3700 3474 3761 nihil
3506 3713 3621 3777 est,
3656 3711 3715 3765 et
3742 3722 3897 3783 quo-

2250 3798 2423 3854 modo
2457 3790 2602 3853 mihi
2632 3788 3136 3852 communicabile
3163 3788 3195 3849 ‘P

2330 3880 2388 3944 Si
2421 3899 2538 3941 non
2570 3899 2620 3941 Cl
2641 3878 2793 3958 edis,
2828 3878 3069 3940 Paulum
3100 3887 3335 3953 testem,
3369 3890 3689 3963 utrumque
3713 3882 3905 3944 credi-

2250 3970 2368 4032 bile
2399 3988 2530 4031 esse
2561 3968 3011 4030 conﬁrmantem
3046 3967 3154 4028 tibi
3188 3968 3538 4048 producam.
3572 3974 3719 4034 Cum
3741 3972 3903 4033 enim

2250 4060 2407 4121 dicat
2434 4056 2657 4119 habere
2687 4075 2751 4117 se
2780 4055 2940 4117 intus
2999 4055 3301 4119 Christum
3347 4059 3719 4140 loquentem,
3753 4070 3811 4122 et
3839 4060 3902 4122 in

2253 4147 2474 4231 Spiritu
2502 4156 2704 4208 sancto
2726 4163 2791 4207 se
2824 4144 3191 4225 loquentem,
3232 4148 3816 4219 communicabilem.
3843 4162 3906 4213 et

2244 4234 2777 4300 circumscribilem
2809 4235 3176 4296 divinitatem
3209 4235 3371 4311 dicit,
3407 4257 3540 4319 quae
3564 4239 3651 4300 sic
3681 4240 3767 4300 illi
3797 4239 3904 4302 ad-

2249 4334 2393 4400 erat,
2432 4332 2493 4385 ut
2524 4334 2718 4385 tamen
2769 4325 3208 4401 circumscribi,
3263 4334 3440 4408 atque
3473 4330 3904 4409 comprehendi

512 4414 789 4495 miscere)
809 4414 1113 4496 quomodo
1138 4433 1254 4475 non
1276 4415 1576 4476 credimus
1595 4412 2165 4496 Christo?quomodo
2252 4414 2546 4495 nequiret.
2573 4413 2819 4485 Quando
2843 4422 3037 4474 autem
3065 4416 3268 4477 lumen
3295 4416 3709 4479 inaccessibilc
3728 4420 3903 4480 babi-

510 4522 646 4564 cum
679 4521 796 4564 non
831 4498 1184 4583 sequimur?
1220 4503 1518 4583 quomodo
1552 4502 1726 4564 vitam
1762 4522 1878 4564 non
1913 4511 2157 4583 erupta-
2189 4530 2228 4577 ῃ
2251 4519 2469 4569 tantem
2496 4503 2840 4577 introducit,
2868 4511 3253 4586 testaturque,
3298 4525 3600 4587 nunquam
3619 4510 3805 4569 visum
3828 4508 3904 4571 ab

513 4611 647 4652 mus
674 4592 1019 4672 Yquomodo
1040 4591 1278 4654 divitias
1312 4594 1443 4672 ejus
1477 4612 1590 4654 non
1626 4591 2082 4673 depraadahiles,
2110 4600 2166 4651 ct
2252 4594 2514 4667 homine,
2551 4603 2670 4654 tum
2703 4593 3306 4675 incircumscriptam,
3336 4603 3393 4657 et
3445 4597 3907 4677 incomprehen-

514 4682 902 4762 immortales,
941 4701 1056 4743 non
1120 4692 1532 4745 senescentem
1595 4682 1841 4759 gloriam
1893 4688 1950 4742 et
1979 4699 2164 4741 aevum
2252 4704 2376 4747 sam
2408 4682 2689 4745 ostendit.
2724 4681 2891 4755 Quod
2926 4702 3182 4764 namque
3222 4684 3420 4745 nullus
3454 4684 3762 4748 hominum
3789 4706 3908 4748 un-

512 4790 647 4861 cum
673 4768 799 4861 ipso
820 4772 1151 4861 degendam
1180 4792 1294 4833 non
1320 4770 1802 4861 concupiscimus
1820 4770 2170 4861 ‘t‘quomodo
2256 4792 2428 4856 quam
2464 4772 2628 4848 vidit,
2661 4772 2959 4852 quomodo
2994 4780 3093 4834 aut
3151 4773 3451 4854 particeps
3479 4774 3611 4853 ejus
3640 4773 3773 4851 fuit,
3807 4786 3911 4838 aut

514 4859 795 4943 perituris
825 4860 1007 4929 afﬁxi,
1042 4881 1150 4922 nos
1180 4863 1464 4925 salvatum
1518 4860 1591 4922 iri
1653 4859 2030 4926 conﬁdimus.
2065 4859 2170 4938 qui
2258 4863 2403 4925 illud
2436 4862 2810 4943 aliquatenus
2840 4862 3077 4941 attigit?
3119 4880 3490 4943 nequaquam
3520 4862 3707 4936 dices,
3743 4873 3911 4927 certo

510 4949 809 5012 Christum
849 4969 964 5011 non
999 4951 1309 5031 plusquam
1344 4969 1475 5031 quze
1522 4958 1899 5021 contuemur,
1960 4947 2165 5028 diligi-

515 5057 665 5101 mus.
707 5058 818 5099 nec
849 5048 982 5120 post
1012 5040 1130 5100 fata
1163 5059 1272 5101 nos
1299 5059 1433 5100 cum
1466 5039 1567 5100 illo
1589 5039 1818 5099 futuros
1836 5056 2166 5118 speramus.

510 5128 616 5190 sed
651 5146 829 5189 seusu
864 5127 1061 5190 minus
1091 5128 1268 5189 etiam
1299 5148 1473 5208 quam
1509 5128 1669 5207 ligna
1701 5137 1760 5189 et
1790 5127 2015 5209 lapides
2049 5128 2163 5191 uti-

514 5235 671 5280 mur.
707 5215 921 5279 Libera
951 5235 1068 5292 me,
1102 5217 1358 5293 Christe,
1389 5217 1465 5280 ab
1495 5218 1606 5279 ista
1630 5217 1863 5279 insania
1898 5218 2169 5279 volunta-

512 5306 622 5387 ria,
652 5314 709 5367 et
733 5307 881 5368 doce
899 5325 1100 5369 amare
1131 5316 1187 5369 te
1207 5307 1386 5370 vitam
1412 5306 1672 5369 ﬁdelium
1717 5307 2009 5369 omnium.
2035 5306 2168 5369 Tibi

514 5395 673 5456 enim
708 5414 967 5476 semper,
1002 5405 1067 5457 ut
1095 5397 1244 5475 regi,
1278 5396 1489 5475 gloria,
1520 5397 1736 5474 honor,
1798 5406 1856 5458 et
1902 5397 2026 5458 laus
2057 5398 2166 5458 de-

515 5483 705 5561 betur,
741 5503 876 5546 cum
911 5487 1108 5561 I‘atrc,
1144 5493 1202 5547 et
1231 5494 1434 5549 sancto
1455 5485 1677 5567 Spiritu
1710 5487 1771 5547 in
1803 5485 2164 5566 sempiterna

516 5574 752 5637 saecula.
787 5575 1005 5637 Amen.

2252 4953 2399 5022 scio,
2436 4970 2545 5014 nec
2572 4950 2898 5013 contendes
2957 4969 3218 5014 mecum.
3275 4954 3423 5013 Cum
3456 4970 3661 5014 rursus
3690 4954 3910 5016 dixerit

2252 5042 2386 5104 tibi:
2411 5042 2569 5103 Dcus
2580 5047 2686 5120 qui
2705 5041 2870 5103 dixit
2882 5040 3227 5104 detenebris
3241 5040 3445 5102 lunzen
3458 5041 3905 5119 splendescere,

2252 5132 2352 5213 qui
2374 5133 2595 5194 illuxit
2608 5131 2669 5193 in
2684 5129 2972 5193 cordibus
2985 5130 3303 5206 nostris53,
3330 5148 3508 5211 quem
3532 5130 3661 5205 tibi,
3679 5150 3906 5213 quaiso,

2254 5220 2431 5281 aiium
2464 5222 2647 5281 Deum
2674 5218 3123 5298 intelligendum
3151 5219 3411 5301 subiicit,
3441 5219 3555 5281 nisi
3577 5221 3769 5297 illum,
3806 5224 3909 5303 qui

2258 5308 2481 5370 habitat
2506 5310 2733 5379 lumen,
2762 5308 2918 5389 quod
2941 5308 3096 5370 ferre
3136 5327 3317 5370 nemo
3349 5326 3469 5389 prae
3499 5309 3765 5371 claritate
3798 5330 3910 5392 po-

2256 5407 2386 5460 test.
2419 5407 2474 5458 et
2498 5417 2673 5480 quem
2700 5415 2875 5461 nemo
2917 5416 3173 5480 unquam
3207 5397 3519 5460 hominum
3547 5398 3693 5459 vidit
3720 5398 3746 5462 ἲ
3778 5399 3913 5482 Ipse

2252 5488 2411 5551 enim
2445 5487 2990 5569 superessentialis.
3026 5496 3087 5550 et
3117 5487 3281 5568 prius
3308 5486 3629 5558 increatus,
3664 5506 3911 5552 carnem

2251 5577 2533 5658 suscepit,
2568 5584 2623 5638 et
2655 5583 2889 5639 creatus
2919 5574 3063 5637 mihi
3122 5581 3279 5638 visus
3309 5585 3419 5652 est,
3454 5583 3643 5639 totum
3678 5598 3776 5641 me
3807 5597 3915 5642 as-

595 5733 652 5783 δ’
686 5733 841 5799 Psal.
871 5751 1054 5815 van,
1085 5735 1341 5817 24,325;
1373 5736 1561 5801 Exod.
1598 5754 1716 5815 1m,
1749 5737 1808 5799 4.
1896 5738 1959 5790 53
1995 5735 2045 5798 ll
2075 5739 2210 5802 Cor.
2247 5756 2324 5815 1v,
2360 5738 2425 5800 6.
