4120 6378
298 345 411 410 593
1433 356 1870 421 DIVINORUM
1916 355 1943 417 Α

2033 352 2244 420 ORUM
2288 351 2537 422 LIBER.
3581 354 3695 419 594

298 490 593 565 sumptum
629 484 985 551 mirabiliter
1013 488 1300 552 deiﬁcans
1348 490 2015 562 Crediéneistud,dicA
2039 502 2172 548 cum
2207 489 2379 551 nobis
2411 491 2569 553 idem
2603 491 2851 565 accidat,
2911 512 3028 553 non
3090 499 3363 572 putamus
3391 489 3689 555 accidere.

302 592 428 663 age,
462 582 519 635 et
551 576 890 658 neutiquam
924 578 1159 640 dubitas
1188 578 1213 642 ?
1266 579 1326 642 Si
1380 580 1557 660 igitur
1584 579 1742 644 Deus
1771 581 1948 645 homo
2030 596 2142 637 nec
2166 596 2524 660 quemquam
2559 580 3235 663 reveremurmecipsos
3251 580 3479 642 cmlites
3512 587 3693 642 etan—

305 662 507 751 factus,
543 672 607 724 ut
633 666 851 741 credis,
886 667 1190 731 hominem
1247 688 1343 732 me
1399 689 1579 751 quem
1606 668 1951 751 assumpsit,
2033 666 2220 743 gelos,
2243 667 2503 749 desuper
2534 688 2630 732 res
2667 680 2899 733 nostras
2930 662 3257 731 intuentes:
3288 670 3391 731 sed
3417 668 3696 748 impletur

303 750 612 824 deiﬁcavit,
628 754 950 831 adoptione
967 756 1116 819 deus
1139 750 1431 834 ego,cum
1455 760 1782 840 quinatura
1797 750 1954 824 Deus
2033 756 2094 815 in
2128 756 2301 818 nobis
2331 758 2575 820 verbum
2608 758 2873 839 Domini,
2917 759 3187 822 l’idcntes
3228 775 3351 821 non
3380 758 3582 820 rident
3606 757 3690 816 55.

303 849 409 930 est,
442 841 649 921 video;
685 844 852 906 illum
886 845 1135 923 scilicet,
1174 867 1352 930 quem
1401 867 1577 911 nemo
1614 848 1951 911 mortalium
2037 843 2106 906 Et
2136 847 2446 908 audientes
2478 847 2832 928 spiritualia,
2893 866 3070 913 aures
3127 845 3442 909 obstruunt
3475 846 3692 928 potius,

301 928 613 1011 aliquando
633 932 836 995 videre
860 935 1071 1014 potuit,
1095 928 1210 998 nec
1232 947 1422 1018 potest
1453 938 1573 1000 ullo
1611 938 1811 1001 modo.
1844 937 1958 1012 Qui
2040 942 2097 995 et
2118 934 2293 997 verba
2316 934 2570 1017 Spiritus
2594 938 2807 999 audire
2829 936 3056 998 nolunt.
3088 936 3161 998 Et
3188 935 3431 997 auribus
3451 934 3689 1016 quidem

304 1018 484 1080 Deum
520 1020 659 1083 fidei
690 1023 972 1103 operibus
1000 1035 1382 1107 receperunt,
1414 1036 1473 1088 et
1501 1027 1563 1089 in
1594 1026 1715 1108 Spi:
1737 1027 1820 1089 itu
1849 1045 1953 1092 re-
2038 1024 2343 1102 corporeis
2372 1026 2621 1089 audiunt
2654 1042 2671 1100 ;
2732 1023 3072 1106 Spirituales
3125 1043 3259 1085 vero
3289 1041 3465 1085 aures
3496 1022 3696 1085 cordis

302 1108 441 1190 uati,
474 1108 555 1170 dii
582 1112 980 1191 appellantur,
1016 1113 1215 1194 ipsum
1249 1115 1417 1177 illum
1450 1120 1687 1179 Patrem
1746 1135 1950 1178 eorum
2039 1113 2305 1173 occlusas
2338 1113 2578 1186 habent,
2604 1122 2661 1175 et
2684 1113 2919 1193 penitus
2945 1132 3061 1175 non
3086 1121 3335 1196 possunt
3364 1112 3553 1175 Deum
3584 1131 3693 1173 au-

298 1196 519 1286 vident,
539 1217 778 1282 semper
795 1201 1955 1286 habitantemlumeninaccessibile,ipsi
2035 1200 2188 1264 dire.
2224 1200 2389 1263 Haud
2424 1202 2581 1263 enim
2619 1212 2865 1283 possunt
2893 1223 2925 1264 a
2947 1202 3163 1281 seipsis
3195 1201 3460 1263 velamen
3494 1201 3694 1286 elatio-

300 1284 358 1346 in
390 1286 609 1368 Sripsis
639 1280 918 1352 eumdem
978 1291 1234 1354 incolam
1284 1292 1595 1369 habentes,
1632 1303 1690 1355 et
1720 1293 1832 1374 ipsi
1860 1280 1954 1355 vi-
2038 1289 2130 1349 nis
2163 1298 2222 1351 et
2252 1291 2514 1371 stuporis
2544 1280 2806 1365 auferre,
2841 1292 2997 1372 quod
3030 1290 3143 1373 ipsi
3173 1310 3280 1352 sua
3310 1290 3421 1352 sibi
3478 1280 3691 1371 volun-

299 1374 496 1464 cissim
529 1376 590 1438 in
627 1397 695 1439 eo
728 1382 827 1460 qui
861 1388 951 1443 est
981 1382 1340 1464 inaccessos,
1376 1382 1665 1445 habitant.
2038 1387 2156 1439 ta'e
2184 1378 2615 1458 imposuerunt,
2649 1381 3032 1461 volentesque
3077 1378 3286 1459 oculos
3314 1387 3488 1460 atque
3517 1397 3691 1439 aures

380 1463 516 1528 Haec
541 1466 689 1529 ﬁdes
711 1486 874 1543 vera,
903 1471 1017 1532 hoc
1053 1470 1158 1532 Dei
1182 1463 1352 1552 opus,
1379 1472 1492 1534 hoc
1513 1471 1771 1548 sigillum
1786 1472 1949 1536 Chri-
2035 1470 2333 1549 operiunt,
2367 1475 2425 1529 et
2454 1469 2591 1530 hinc
2624 1488 2688 1530 se
2720 1468 2920 1531 videre
2953 1478 3130 1549 atque
3152 1466 3359 1530 audire
3385 1467 3689 1530 arbitran-

295 1551 644 1631 stianorum,
679 1556 805 1618 haec
834 1557 1033 1619 divina
1082 1551 1568 1634 communicatio,
1604 1560 1731 1623 haec
1763 1560 1950 1641 parti-
2037 1564 2131 1617 tur
2177 1556 2344 1628 Quod
2368 1556 2417 1617 si
2444 1558 2577 1637 quis
2602 1557 2716 1619 illis
2741 1557 2921 1631 dicat,
2948 1555 3169 1633 audite,
3198 1557 3303 1618 ﬁlii
3323 1555 3462 1629 mei,
3493 1563 3550 1618 et
3573 1556 3689 1618 tol-

293 1641 532 1722 ripatio,
571 1661 629 1705 et
661 1644 895 1707 divinus
924 1647 1179 1709 arrhabo
1215 1669 1229 1729 ;
1262 1649 1388 1711 haec
1421 1657 1510 1710 est
1536 1649 1674 1729 vita,
1707 1650 1822 1712 hoc
1850 1667 1948 1711 re-
2033 1644 2136 1706 lite
2162 1644 2429 1707 velamen
2457 1650 2531 1707 de
2588 1646 2868 1709 cordibus
2923 1646 3131 1707 vestris
3154 1644 3238 1717 55,
3307 1644 3376 1706 ad
3410 1646 3535 1707 haec
3565 1644 3693 1725 ipsa

291 1732 625 1808 gnum,hoc
653 1732 1091 1816 indumentum,
1123 1738 1248 1798 haec
1280 1738 1484 1799 tunica
1507 1737 1944 1819 Chrisiiﬂuam
1977 1759 2011 1807 Β
2036 1733 2212 1795 verba
2248 1733 2560 1816 ferociunt,
2587 1735 2741 1817 quod
2773 1755 2889 1796 non
2916 1744 3133 1816 patres,
3159 1735 3264 1797 sed
3298 1734 3451 1795 ﬁlios
3482 1733 3690 1814 appel-

292 1819 564 1899 baptizati
590 1822 707 1883 ﬁde
729 1824 1258 1903 superinduuntur.
1286 1825 1414 1887 Non
1456 1826 1808 1907 ignorantia,
1831 1846 1947 1889 non
2035 1823 2265 1904 laverit,
2287 1825 2592 1906 magisque
2608 1824 2814 1887 odium
2839 1825 3120 1886 adversus
3138 1824 3303 1885 illum
3320 1822 3683 1902 concipiunt,

289 1917 558 1989 stupore,
594 1910 697 1972 sed
733 1930 840 1991 per
868 1912 1068 1985 ﬁdem,
1104 1934 1239 1975 cum
1274 1914 1479 1975 notitia
1508 1924 1567 1976 et
1597 1932 1773 1977 sensu
1808 1936 1823 1995 ;
1888 1923 1952 1975 ut
2036 1930 2147 1979 nec
2173 1912 2402 1975 sentire
2432 1912 2706 1975 morbum
2729 1921 2951 1997 queunt
2973 1933 3088 1994 quo
3112 1912 3684 1985 laboranl,velmor-

290 2016 409 2057 non
426 1999 645 2076 dicam,
669 2000 971 2063 Christum
987 2003 1168 2064 credo
1181 2022 1277 2065 me
1300 2003 1590 2067 induisse.
1622 2007 1753 2068 Non
1778 2004 1908 2065 dico
1934 2025 1944 2066 :

290 2086 404 2148 hoc
431 2088 646 2163 crede;
671 2089 773 2151 sed
803 2091 941 2152 fidei
965 2111 1138 2172 opes,
1166 2100 1225 2153 et
1246 2092 1384 2154 ﬁdei
1407 2093 1943 2174 conﬁrmationem,

290 2184 351 2236 el
382 2176 521 2239 ﬁdei
585 2186 897 2254 tesseram,
946 2191 1004 2242 et
1054 2182 1231 2243 ﬁdem
1291 2192 1764 2243 consummatam
1796 2182 1949 2244 citra

288 2265 725 2329 haesitationem
760 2268 995 2343 habeto,
1051 2289 1121 2332 ex
1153 2290 1247 2346 eo,
1282 2270 1436 2352 quod
1470 2270 1767 2334 Christum
1800 2290 1943 2351 sen-

290 2354 472 2437 tiens,
493 2363 554 2419 et
572 2376 941 2437 cognoscens
961 2359 1234 2434 induisti,
1250 2361 1309 2420 fu
1334 2372 1597 2440 gentem,
1621 2378 1944 2422 coruscan-

289 2453 435 2519 tem,
458 2453 517 2507 et
540 2467 595 2508 in
622 2448 847 2511 lumine
867 2449 1198 2511 clarissimo
1222 2458 1411 2512 totum
1435 2449 1943 2530 teimmutantem,

289 2543 633 2597 manentem
691 2537 1152 2620 immutabilem,
1203 2557 1274 2600 ex
1333 2552 1587 2620 utroque
1616 2539 1941 2619 duplicem,

286 2622 612 2704 adoptione
642 2626 831 2689 Deum
855 2627 1154 2703 videlicet,
1181 2636 1391 2689 natura
1422 2628 1569 2690 nihil
1602 2628 1716 2689 nisi
1750 2628 1945 2689 homi-

287 2730 455 2773 nem.
487 2712 651 2777 Talis
680 2735 816 2777 cum
850 2718 1129 2781 evaseris.
1193 2723 1259 2777 ut
1318 2736 1388 2779 ex
1424 2736 1518 2779 me
1547 2715 1787 2791 audisti,
1820 2725 1943 2778 tum

2036 1999 2380 2081 bos‘potius,
2409 2001 2508 2082 qui
2533 2011 2797 2065 mentem
2825 2001 3087 2063 tenebris
3132 2001 3453 2074 involvunt,
3483 2008 3541 2062 et
3562 2000 3685 2081 jam

2034 2109 2065 2148 a
2096 2088 2217 2150 Deo
2249 2108 2492 2172 as~ump
2525 2111 2611 2162 os,
2645 2090 2717 2152 ab
2772 2091 2870 2152 illo
2921 2099 3220 2170 separant.
3267 2088 3359 2153 Ab
3382 2089 3692 2172 existima-

2032 2176 2189 2238 tione
2221 2180 2337 2259 sui,
2372 2187 2429 2239 et
2458 2169 2489 2239 a
2523 2178 2805 2259 superbia
2841 2180 2900 2240 in
2959 2169 3302 2241 servitutem
3345 2169 3597 2259 redacti,
3632 2186 3689 2239 et

2030 2266 2276 2328 istorum
2311 2267 2583 2328 vitiorum
2616 2268 2770 2328 servi
2803 2275 3013 2349 sponte
3066 2266 3374 2341 nominati,
3413 2267 3684 2329 volunta-

2034 2364 2149 2415 tem
2180 2374 2344 2415 suam
2380 2364 2664 2435 perpetuo
2696 2357 2960 2437 explent,
3009 2354 3353 2437 relictisque
3397 2354 3503 2418 Dei
3532 2355 3683 2433 legi-

2034 2446 2167 2527 bus,
2200 2446 2312 2527 ipsi
2347 2447 2459 2523 legi
2480 2465 2506 2506 s
2532 2446 2645 2507 sibi
2683 2445 2880 2508 ferunt
2909 2469 2925 2517 ;
2982 2466 3091 2508 nec
3134 2445 3282 2520 Deo,
3314 2445 3419 2517 sed
3447 2444 3688 2507 sibimet

2030 2536 2318 2616 serviunt,
2356 2535 2631 2597 homines
2662 2535 3042 2610 audacissimi
3078 2554 3093 2608 ;
3156 2544 3212 2596 et
3238 2535 3486 2614 gloriam
3518 2552 3687 2596 suam

2033 2644 2136 2705 pro
2173 2626 2277 2688 Dei
2311 2624 2495 2703 gloria
2512 2633 2896 2705 aucupantes,
2926 2624 3232 2704 operibus,
3262 2634 3317 2683 et
3346 2622 3539 2684 modis
3562 2642 3685 2684 om.

2032 2713 2204 2773 nibus
2235 2732 2366 2774 eam
2429 2713 2793 2774 constituere
2847 2713 3216 2775 annituntur.
3282 2712 3480 2776 Gloria
3512 2711 3690 2792 igitur

284 2800 450 2878 veni,
475 2804 658 2867 frater
679 2804 784 2880 mi,
812 2813 869 2866 et
890 2804 1199 2868 nobiscum
1244 2824 1420 2887 supra
1447 2814 1705 2868 montem
1731 2804 1947 2867 divinae
2030 2802 2271 2876 Christi,
2310 2810 2397 2863 est
2424 2822 2590 2883 crux,
2625 2812 2683 2863 et
2735 2810 3050 2876 tormenta,
3103 2821 3232 2883 quae
3285 2810 3484 2863 nostra
3513 2820 3689 2863 causa

283 2891 666 2969 cognitionis,
690 2912 763 2955 ac
786 2894 1029 2956 visionis
1050 2903 1200 2971 asta;
1226 2895 1745 2976 percipiemusque
1766 2894 1945 2955 simul
2030 2891 2327 2970 snstinuit,
2366 2900 2427 2951 ut
2478 2910 2586 2952 nos
2631 2892 2819 2972 gloria
2877 2894 3168 2954 afficeret.
3222 2891 3360 2952 Haec
3394 2909 3568 2970 porro
3602 2890 3685 2951 illi

287 2988 603 3059 pateanam
636 3001 867 3051 vocem.
1962 3035 2001 3084 ε
2032 2980 2256 3060 perpeti
2290 2990 2589 3057 recusant,
2624 2981 3125 3062 quemadmodum
3158 2980 3258 3043 ille
3291 3000 3497 3061 passus
3547 2988 3635 3043 cst
3668 2999 3685 3053 ',

373 3069 499 3133 Heu
525 3072 540 3132 ε
565 3073 1940 3155 quantumadivinadignitatedistamus?quan—
1964 3069 2001 3084 ν
2029 3077 2085 3128 et
2122 3070 2267 3149 proh
2303 3071 2468 3131 nefas
2505 3070 2518 3132 Ξ
2553 3072 2800 3148 gloriam
2833 3090 2902 3132 ex
2934 3070 3277 3131 hominibus
3310 3070 3557 3147 malunt,
3593 3088 3689 3130 vo-

287 3167 414 3219 tum
448 3179 481 3221 a
518 3163 631 3222 vita
678 3171 899 3224 :eterna
946 3163 1230 3226 absumus
1257 3163 1288 3224 ?
1347 3163 1535 3237 Quam
1571 3165 1740 3243 longe
1770 3163 1948 3225 distat
2029 3158 2466 3239 luntariamque
2496 3179 2529 3221 a
2559 3160 2676 3221 er
2703 3160 3141 3241 separationcm
3171 3160 3416 3237 eligunt.
3453 3158 3568 3221 Sed
3601 3167 3682 3234 tu,

284 3249 505 3311 coelum
539 3269 572 3311 a
604 3251 750 3313 locis
777 3251 1007 3328 inferis,
1035 3263 1089 3315 et
1124 3253 1205 3315 ibi
1233 3253 1510 3333 jamolim
1529 3253 1945 3327 detentis,tam

286 3347 349 3399 et
376 3340 631 3419 amplius
660 3360 769 3403 nos
799 3360 832 3402 a
884 3340 1211 3403 divinitatis
1258 3342 1639 3423 excellentia,
1670 3350 1943 3403 contem-

286 3426 570 3509 platoque
603 3448 811 3492 revera
842 3431 1238 3513 sejuugimur,
1260 3432 1491 3494 etiamsi
1513 3450 1623 3493 nos
1652 3450 1786 3493 cum
1818 3429 1944 3504 illo,

284 3517 445 3598 quod
476 3518 825 3581 admirabile
857 3528 973 3595 est,
1007 3521 1300 3595 habitare,
1353 3530 1411 3582 et
1444 3521 1811 3583 habitantem
1844 3519 1943 3581 lu-

288 3625 430 3668 men
462 3606 876 3672 inaccessibile
907 3627 1015 3671 nos
1045 3609 1105 3672 in
1130 3609 1303 3673 nobis
1323 3610 1468 3691 ipsis
1493 3617 1677 3672 totum
1708 3627 1946 3670 manen-

287 3704 437 3772 tem,
470 3696 958 3780 habitantemque
1006 3698 1230 3761 habere
1277 3699 1573 3774 dicamus,
1611 3706 1671 3761 et
1697 3698 1946 3760 velimus

287 3786 446 3847 infra
479 3793 696 3848 terram
732 3787 1035 3871 sedentes,
1068 3789 1143 3852 de
1169 3789 1242 3851 iis
1271 3809 1402 3871 quae
1422 3808 1602 3870 supra
1623 3798 1865 3868 terram,
1888 3797 1949 3850 et

285 3873 351 3934 in
385 3875 558 3955 coelo,
594 3887 654 3939 et
702 3897 883 3958 supra
940 3878 1158 3941 ecelum
1218 3887 1377 3952 sunt,
1439 3888 1502 3940 ut
1549 3877 1653 3940 illa
1682 3877 1947 3959 perfecte

285 3962 570 4037 scientes,
602 3964 1031 4048 philosophari,
1056 3976 1369 4029 etnarrare
1391 3966 1692 4044 omnibus,
1720 3966 1948 4028 vocari-

286 4071 405 4132 que
435 4054 689 4127 gnostici
723 4057 862 4137 (hoc
892 4067 1003 4135 est,
1027 4056 1079 4118 vi
1101 4075 1211 4120 seu
1235 4057 1512 4120 facultate
1543 4056 1944 4137 cognoscendi

286 4141 546 4222 praediti)
582 4152 641 4203 et
664 4147 890 4225 egregii
915 4146 1194 4225 theologi,
1229 4157 1284 4207 et
1314 4146 1589 4208 doctores
1614 4164 1815 4208 rerum
1848 4165 1947 4210 ar-

285 4249 604 4302 canarum;
640 4236 797 4315 quod
831 4235 1173 4297 stoliditatis
1202 4261 1215 4305 ι
1240 4237 1373 4297 lane
1394 4245 1813 4316 argumentum
1831 4245 1941 4300 est.

2030 3246 2262 3308 Christe
2296 3267 2486 3318 meus,
2517 3250 2580 3309 “in
2613 3258 2669 3311 te
2725 3250 3098 3311 conﬁdentes
3152 3248 3224 3309 ab
3258 3248 3493 3329 impuro
3524 3266 3687 3309 vanae

2028 3336 2231 3415 gloria;
2260 3338 2477 3412 studio,
2512 3337 2796 3420 superbia
2827 3338 3035 3410 libera,
3071 3345 3420 3418 tuarumque
3452 3337 3686 3418 passio-

2033 3444 2200 3527 num,
2232 3436 2288 3487 et
2317 3427 2520 3506 gloriae
2540 3428 2629 3490 fac
2658 3426 3026 3528 participesn
3048 3426 3389 3531 etrdignare
3420 3446 3528 3531 nos
3556 3436 3686 3487 tuos

2032 3515 2680 3597 esseinseparabiliter,
2711 3535 2869 3579 nunc
2914 3525 2971 3578 et
3010 3516 3071 3578 in
3103 3515 3298 3578 futura
3333 3515 3682 3577 saeculorum

2031 3605 2270 3668 saecula.
2308 3614 2518 3671 Amen.

2556 3698 2797 3764 CAPUT
2850 3698 3159 3764 XXXVIII.

2032 3793 2315 3854 Precatio
2337 3795 2423 3876 ad,
2437 3796 2851 3876 Deumsupple
2868 3818 2900 3853 r
2916 3794 3123 3874 simul,
3148 3795 3571 3876 etgrutiurum
3586 3811 3684 3856 ac-

2311 3875 2491 3950 loriu,
2523 3876 2594 3938 de
2625 3874 2929 3956 beneﬁciis
2958 3882 3021 3935 in
3043 3893 3107 3937 se
3134 3874 3395 3937 collatis.

2111 3967 2191 4028 Da
2223 3967 2388 4048 mihi,
2424 3968 2698 4044 Domine,
2734 3967 3227 4039 intelleclnm,da
3256 3966 3679 4048 cognitionem,

2028 4058 2176 4119 doce
2236 4078 2329 4118 me
2380 4058 2576 4119 facere
2606 4059 2884 4120 mandata
2909 4067 3025 4119 tua.
3062 4057 3321 4119 Tametsi
3356 4058 3591 4138 peccavi
3621 4068 3684 4120 ut

2034 4147 2231 4221 homo,
2260 4158 2316 4208 et
2339 4149 2646 4229 plusquam
2673 4149 2871 4212 homo.
2903 4156 2963 4208 ut
2988 4147 3196 4222 nostri,
3222 4146 3684 4210 nihilominustu

2037 4237 2191 4296 Deus
2224 4247 2508 4298 consueta
2539 4237 2644 4299 tibi
2680 4237 3092 4298 misericordia
3146 4236 3424 4298 misertus
3472 4256 3536 4298 es
3566 4237 3685 4299 mei

286 4318 474 4430 i‘latus
494 4323 652 4384 enim
681 4324 862 4386 miser
884 4324 945 4386 in
976 4325 1406 4399 subterraneis,
1440 4334 1500 4388 et
1532 4325 1749 4387 densas
1786 4333 1947 4386 tenr-
1967 4380 2011 4430 Β
2034 4325 2309 4405 [imperis
2337 4335 2395 4388 et
2416 4326 2663 4408 orpliani
2692 4327 2748 4387 in
2771 4327 2883 4388 hoc
2925 4327 3166 4401 mundo,
3193 4320 3502 4406 fecistique
3524 4328 3680 4406 quod

285 4410 426 4470 bras
459 4413 767 4492 praesentis
796 4415 997 4476 saaculi
1053 4414 1343 4491 incolens,
1402 4415 1501 4497 qui
1531 4415 1731 4477 lumen
1767 4415 1944 4477 futuri

281 4502 485 4563 saeculi
524 4521 640 4562 non
672 4502 835 4575 vidit,
871 4504 1025 4583 quod
1061 4505 1119 4565 in
1172 4514 1329 4566 terra
1382 4504 1549 4585 luxit,
1610 4523 1678 4565 ac
1708 4523 1946 4585 semper

282 4588 441 4650 lucet
476 4601 532 4651 et
564 4591 869 4653 afﬁrmans
898 4612 963 4652 so
995 4594 1259 4655 caelestia
1310 4613 1484 4656 nosse
1514 4614 1582 4655 ac
1612 4594 1856 4669 sentire,
1888 4602 1944 4655 et

281 4697 537 4741 cernere
569 4681 766 4742 omnia
797 4701 928 4761 quae
957 4682 1080 4745 illic
1110 4693 1268 4758 sunt,
1310 4691 1367 4744 et
1395 4682 1543 4745 alios
1572 4684 1648 4745 de
1676 4683 1751 4745 iis
1780 4683 1943 4745 insti-

283 4778 479 4843 tuere,
517 4788 712 4832 nonne
744 4771 792 4830 is
831 4772 1086 4833 stolidus
1119 4782 1229 4847 est,
1265 4772 1393 4833 etsi
1411 4771 1549 4853 quid
1577 4773 1685 4834 ltoc
1710 4772 1943 4851 gravius

281 4858 400 4919 dici
437 4858 674 4936 potest?
702 4859 1217 4932 Quemadmodum
1254 4862 1415 4923 enim
1447 4880 1640 4923 caecus
1685 4882 1818 4923 cum
1852 4861 1940 4922 vi—

281 4948 568 5009 dentibus
630 4947 893 5026 litigans,
950 4960 1007 5012 et
1065 4970 1431 5025 asseverans,
1489 4951 1599 5013 hoc
1642 4952 1942 5013 numisma

282 5056 505 5100 aereum
538 5047 649 5104 est.
678 5040 789 5098 hoc
814 5038 1074 5118 sigillum
1121 5041 1366 5101 alterius
1396 5049 1504 5106 est.
1536 5050 1591 5101 et
1621 5060 1752 5121 quae
1782 5041 1839 5102 in
1872 5061 1942 5102 eo

282 5136 423 5189 sunt
443 5127 906 5207 scalptaelitteraz
924 5130 1072 5202 hare,
1089 5131 1281 5192 ethazc
1298 5130 1652 5207 significant,
1678 5139 1941 5192 monstro

287 5216 545 5278 mirabili
561 5226 651 5278 est
673 5217 1052 5280 audientibus
1075 5228 1131 5281 et
1152 5220 1489 5281 videntibus
1510 5220 1808 5283 numisma
1831 5238 1941 5282 au-

284 5326 477 5383 reum,
512 5316 566 5369 et
599 5308 958 5369 concinnum
1004 5310 1352 5381 admodum,
1415 5319 1476 5372 et
1523 5309 1756 5389 signum
1786 5310 1945 5390 regis

280 5414 509 5471 verum,
535 5397 666 5477 ejus
686 5396 1005 5477 imaginem
1031 5398 1274 5461 minime
1289 5398 1677 5460 adulteratam
1713 5418 1942 5481 reprae-

285 5499 547 5561 sentans,
587 5496 645 5547 et
676 5486 900 5548 litteras
933 5486 1094 5553 illius
1126 5506 1347 5550 nomen
1381 5487 1816 5567 exprimentes:
1855 5493 1943 5557 sic

359 5648 421 5698 54
453 5650 594 5710 Luc.
627 5665 751 5724 thl,
798 5651 886 5713 l0.
971 5650 1033 5700 35
1065 5649 1109 5710 ll
1148 5653 1282 5711 Cor.
1320 5668 1404 5725 III,
1448 5652 1542 5712 15.

2033 4430 2091 4474 tu
2126 4416 2284 4477 stilus
2318 4418 2494 4480 nosti.
2533 4420 2576 4479 Α
2611 4425 2795 4497 patre,
2851 4424 2909 4477 et
2966 4415 3269 4492 fratribus,
3304 4415 3591 4495 cognatis,
3627 4424 3685 4477 et

2028 4504 2260 4579 amicis,
2293 4526 2326 4567 a
2359 4507 2534 4579 natali
2568 4507 2744 4567 domo
2776 4524 2905 4565 mea
2942 4505 3100 4565 \elut
3131 4523 3198 4564 ex
3231 4504 3475 4583 zEgypto
3509 4513 3678 4566 tene-

2032 4598 2230 4675 brosa,
2266 4597 2417 4657 velut
2451 4616 2519 4656 ex
2554 4595 2772 4656 inferni
2806 4593 3145 4655 recessibus
3202 4594 3309 4673 {sic
3341 4593 3499 4654 cuitu
3535 4593 3679 4654 mihi

2027 4683 2258 4763 abjecao
2286 4705 2460 4746 serve
2497 4696 2593 4746 tuo
2624 4684 2699 4745 de
2729 4683 2847 4743 illis
2904 4684 3162 4760 cogitare
3198 4681 3439 4757 dedisti,
3474 4691 3532 4743 et
3562 4702 3678 4744 non

2029 4782 2203 4833 sttute
2240 4775 2423 4853 loqui)
2454 4781 2815 4855 separatum,
2851 4780 2909 4832 et
2931 4781 3325 4851 assumptum,
3354 4770 3676 4832 etterribili

2031 4885 2203 4924 manu
2239 4871 2334 4925 tua
2364 4866 2805 4945 apprehensum
2837 4861 3050 4922 duxisti
3078 4879 3170 4921 me
3203 4860 3272 4920 ad
3306 4879 3464 4933 eum,
3500 4881 3676 4943 quem

2028 4954 2385 5034 cumplacuit
2408 4955 2511 5016 tibi
2540 4955 2597 5015 in
2625 4954 2800 5014 terris
2824 4970 2957 5014 esse
2986 4958 3210 5030 patrem
3258 4969 3476 5025 meum,
3514 4960 3572 5013 et
3604 4953 3675 5013 ad

2032 5045 2209 5121 pedes
2229 5044 2379 5123 ejus,
2405 5055 2579 5124 atque
2599 5043 2770 5105 ulnas
2790 5040 3118 5121 deposuisti
3146 5058 3237 5099 me
3265 5060 3278 5099 :
3306 5039 3404 5120 qui
3439 5058 3534 5101 me
3564 5039 3678 5101 ob-

2031 5134 2158 5193 tulit
2184 5133 2337 5193 l’atri
2362 5143 2484 5195 tuo.
2515 5131 2746 5195 Christe
2769 5149 2961 5209 meus,
2989 5137 3048 5191 et
3089 5128 3193 5191 tibi
3238 5147 3344 5208 per
3368 5126 3675 5209 Spiritum,

2028 5246 2060 5279 ω
2093 5223 2373 5293 Trinitas,
2409 5245 2442 5282 o
2475 5223 2630 5284 Deus
2664 5242 2852 5283 meus.
2905 5222 3177 5299 Cumque
3207 5236 3399 5299 essem
3437 5218 3680 5299 prodigo

2028 5314 2262 5383 similis,
2298 5323 2355 5374 et
2383 5323 2519 5375 ante
2580 5322 2636 5374 te
2694 5312 2939 5392 ~npplex
3001 5308 3454 5391 procumberem
3490 5307 3578 5387 (ut
3620 5317 3681 5370 tu

2027 5405 2156 5485 ipse
2174 5403 2314 5480 scis,
2337 5403 2473 5484 quia
2493 5401 2743 5464 docuisti
2766 5403 2902 5478 me),
2939 5408 3001 5463 tu
3036 5417 3272 5479 quoque
3305 5416 3423 5458 non
3463 5416 3527 5459 es
3570 5398 3681 5461 de-

2028 5494 2305 5572 dignatus
2334 5512 2542 5556 vocare
2576 5511 2668 5554 me
2701 5490 2884 5553 ﬁlium
2940 5498 3129 5551 tuum.
3163 5490 3212 5553 Ο
3244 5485 3553 5566 indignum
3586 5506 3679 5568 os,
