4120 6416
513 457 629 524 595

1807 462 2190 528 SYMEONIS
2229 464 2582 528 JUNIORIS

3779 459 3891 524 596

514 603 571 656 et
602 595 914 657 immunda
940 594 1098 658 labia
1132 597 1146 657 3
1211 617 1244 659 o
1298 598 1478 660 verba
1520 597 1732 678 linguae
1761 599 1979 680 inopis,
2014 605 2072 661 et
2101 596 2158 656 in
2182 599 2223 648 Α
2245 593 2402 656 liber
2430 594 2775 673 dignitatem
2807 617 2875 660 ac
2906 600 3303 679 prmstantiam
3349 599 3526 679 hujus
3555 595 3759 658 liberae
3790 613 3893 655 vo-

516 683 795 745 laudibus
829 686 965 757 tuis,
991 685 1358 768 agendisque
1376 687 1604 768 gratiis,
1630 695 1690 750 et
1719 687 2028 750 beneﬁciis
2052 686 2167 747 tuis

515 773 867 836 enarrandis
897 782 1156 854 egestate
1187 775 1534 856 laborantis,
1585 797 1716 858 quae
1749 778 1807 839 in
1846 795 1941 838 me
1973 775 2161 857 pupil~

514 861 637 924 lum
687 881 756 924 ac
806 862 1189 943 peregrinum
1248 865 1525 926 conferre
1556 865 1846 929 voluisti?
1879 866 1960 927 tui
2006 865 2166 927 enim

513 958 650 1013 sunt
672 950 1048 1031 peregriuiin
1073 953 1187 1015 hoc
1210 953 1450 1014 mundo.
1489 955 1632 1028 Quae
1673 963 1868 1018 autem
1901 962 2000 1016 tua
2029 962 2164 1015 tuo-

510 1059 765 1122 rumque
797 1049 953 1117 sunt,
989 1041 1147 1103 oculi
1176 1059 1293 1105 non
1327 1042 1548 1122 vident,
1595 1044 1795 1124 lingua
1825 1063 1942 1106 non
1976 1050 2170 1125 potest

513 1129 732 1210 eloqui.
765 1148 876 1192 nec
907 1130 1190 1205 mundus,
1222 1150 1459 1213 capere.
1513 1138 1853 1214 Propterea,
1891 1132 2163 1208 Domine,

511 1218 636 1281 odit
666 1237 774 1280 nos
809 1219 1089 1293 mundus,
1126 1221 1527 1303 persequitur,
1567 1223 1890 1296 maledicit,
1918 1220 2163 1296 invidet,

507 1306 669 1384 furit,
695 1307 1086 1384 oceidit,cum
1111 1308 1172 1371 in
1197 1310 1343 1371 tales
1382 1309 1686 1386 inciderit,
1733 1311 1910 1372 audet
1939 1309 2159 1372 omnia.

507 1395 626 1459 Nos
673 1415 836 1471 vero,
871 1403 938 1459 ut
987 1397 1096 1460 tibi
1125 1400 1551 1477 complacitum
1583 1409 1693 1473 est,
1725 1401 1982 1463 humiles
2011 1399 2165 1463 servi

506 1485 614 1562 tui,
633 1485 1054 1550 ininﬁrmitate
1075 1495 1342 1568 potentes
1356 1491 1412 1550 in
1433 1498 1777 1572 paupertate
1792 1488 2159 1564 ditescimus,

506 1575 566 1636 in
599 1576 763 1638 omni
792 1575 1176 1639 tribulatione
1206 1578 1558 1656 gaudemus,
1591 1579 1756 1642 velut
1785 1588 1951 1641 extra
1983 1597 2162 1640 mun-

506 1666 647 1727 dum
679 1665 882 1747 positi.
918 1666 1039 1729 Nos
1069 1674 1265 1728 tecum
1311 1687 1538 1746 sumus,
1571 1668 1845 1741 Domine,
1880 1686 2166 1750 corporea

507 1762 710 1815 nostra
754 1754 1012 1816 mundus
1040 1755 1282 1818 retinet.
1318 1755 1403 1819 De
1432 1766 1647 1820 caetero
1679 1777 1868 1821 caecus
1899 1757 2160 1835 oberrat,

2249 682 2489 745 luntatis
2517 703 2586 746 ac
2619 686 2928 766 potestatis
2958 707 3077 749 non
3107 698 3416 768 reputans,
3449 705 3484 748 a
3515 683 3805 756 dominio,
3841 692 3896 741 et

2248 771 2499 851 imperio
2534 782 2634 836 tuo
2666 775 2962 848 resiliens,
3020 777 3382 857 prmeipitem
3436 794 3530 834 me
3589 773 3808 852 abjeci,
3843 781 3898 832 et

2249 859 2372 921 illic
2404 880 2496 922 me
2523 863 2849 942 jacentem,
2883 883 2952 926 ac
2981 867 3112 927 sine
3169 884 3347 928 sensu
3377 882 3594 944 corpus
3625 863 3894 923 volutan-

2249 955 2392 1023 tem,
2426 951 2813 1033 attritamque
2856 954 3268 1028 vehementer,
3333 973 3449 1015 non
3485 971 3548 1013 es
3577 959 3892 1016 aversatus.

2251 1056 2368 1099 non
2400 1056 2465 1100 es
2497 1058 2702 1120 passus
2725 1042 2954 1120 jacere,
3007 1043 3247 1124 lutoque
3305 1041 3727 1122 conspurcari'
3791 1039 3894 1101 sed

2251 1135 2493 1208 propter
2522 1128 2749 1191 viscera
2779 1131 3208 1193 misericordiae
3251 1140 3363 1194 tuae
3404 1130 3639 1209 misisti,
3673 1137 3730 1189 et
3759 1127 3897 1190 inde

2252 1234 2346 1276 me
2374 1215 2693 1293 subtulisti,
2730 1227 2788 1281 et
2816 1220 3103 1281 illustrius
3133 1220 3460 1283 honorasti.
3496 1220 3541 1280 A
3573 1217 3811 1296 regibus
3839 1227 3891 1279 et

2252 1304 2643 1387 principibus,
2677 1316 2742 1369 ut
2785 1328 2921 1370 vase
2971 1309 3311 1389 ignominiaa
3367 1309 3438 1372 ad
3503 1307 3893 1369 ministerium

2250 1394 2588 1474 cupiditatis
2619 1415 2741 1457 sua:
2771 1399 2855 1458 uti
2907 1417 3001 1459 me
3059 1398 3460 1479 cupientibus,
3502 1396 3753 1477 judiciis
3785 1399 3898 1456 tuis

2248 1482 2645 1546 ineffabilibus
2675 1486 3007 1548 rodemisti.
3065 1489 3210 1552 Auri
3259 1497 3316 1550 et
3364 1485 3591 1566 argenti
3625 1503 3894 1563 munera,

2247 1589 2581 1652 quanquam
2616 1574 2882 1653 pecuniae
2911 1594 3175 1650 avarum,
3209 1576 3484 1656 accipere
3515 1593 3605 1635 me
3649 1593 3767 1635 non
3802 1581 3895 1634 tu-

2248 1658 2388 1721 listi.
2423 1660 2708 1744 Gloriam,
2763 1667 2897 1727 vitae
2944 1665 3383 1741 claritudinem,
3439 1683 3568 1746 quae
3626 1662 3772 1724 mihi
3824 1663 3896 1722 ad

2246 1749 2619 1811 vendendam
2653 1753 3180 1816 sanctiﬁcationem
3213 1763 3371 1816 tuam
3428 1754 3558 1815 loco
3605 1751 3777 1832 pretii
3811 1751 3896 1812 of.

504 1845 694 1905 lutum
730 1851 942 1906 tenens
968 1844 1187 1924 solum,
1223 1847 1382 1926 quod
1408 1865 1518 1910 nec
1551 1848 1745 1930 ipsum
1778 1848 2104 1910 lucrifaciet
2141 1846 2219 1923 ;B
2243 1837 2558 1930 ferebatur,
2594 1853 2654 1900 ut
2712 1860 3091 1904 exscecrarer
3163 1862 3230 1905 ac
3289 1843 3614 1904 detestarer
3667 1839 3902 1901 donasti

508 1929 679 1992 dabis
711 1932 896 2007 enim,
927 1940 992 1994 ut
1022 1934 1371 2014 promisisti,
1407 1936 1466 1998 in
1501 1929 1766 2000 extrema
1815 1937 1956 2000 tuba
1982 1938 2046 1990 56
2104 1947 2161 1999 et

426 2053 431 2056 ~
509 2020 623 2106 hoc
653 2021 988 2101 spirituale,
1021 2034 1083 2085 et.
1109 2024 1249 2087 huic
1299 2025 1409 2087 soli
1440 2028 1594 2088 mala
1625 2027 1867 2109 propria
1895 2028 2157 2092 lucrabi-

507 2116 624 2185 tur,
660 2128 795 2172 cum
849 2113 1360 2177 consentientibus
1410 2116 1526 2177 sibi
1582 2119 1778 2198 caecis,
1839 2125 1896 2178 et
1951 2117 2158 2179 mundi

501 2199 887 2263 amatoribus.

1054 2321 1300 2385 CAPUT
1343 2322 1600 2386 XXXIX.

727 2438 840 2510 Qui
869 2438 1061 2502 Deum
1091 2440 1417 2519 desiderat,
1451 2445 1583 2506 odit
1610 2445 1929 2507 mundum.

579 2553 801 2645 Umbra
828 2557 1123 2640 detineor,
1159 2567 1218 2622 et
1237 2561 1542 2624 veritatem
1573 2581 1780 2638 cerno,
1825 2563 1978 2645 quod
2008 2565 2152 2627 nihil

500 2650 629 2734 est,
643 2643 760 2734 nisi
793 2645 983 2708 solida
1011 2665 1169 2728 spes.
1204 2648 1484 2722 Quanam
1517 2650 1694 2730 igitur
1724 2643 1860 2732 spes
1888 2651 1919 2711 ?
1976 2673 2154 2734 quam

2248 1925 2413 1989 mibi.

2326 2014 2439 2076 Sed
2466 2017 2591 2077 haec
2614 2018 2838 2097 omnia,
2859 2020 3147 2081 conﬁteor
3170 2020 3296 2096 tibi,
3323 2021 3572 2081 Domine
3590 2019 3746 2080 Deus
3763 2019 3899 2080 εαξΙί

2243 2121 2310 2164 ac
2335 2111 2526 2180 terrm,
2563 2123 2655 2166 me
2674 2124 2881 2166 rursus
2922 2107 3096 2169 nihili
3121 2109 3458 2181 facienlem,
3494 2109 3552 2170 in
3586 2108 3804 2179 lacum,
3840 2116 3901 2168 et

2246 2193 2599 2272 profundum
2634 2214 2866 2256 coenum
2917 2197 3174 2277 turpium
3228 2197 3675 2277 cogitationum,
3710 2195 3902 2256 actio-

2239 2300 2503 2363 numque
2538 2279 2961 2347 miserabiliter
3018 2289 3172 2348 ultro
3224 2287 3472 2367 indisse,
3509 2285 3652 2347 etin
3685 2303 3900 2346 manus

2236 2369 2360 2432 illic
2403 2371 2710 2433 latentium
2763 2373 3059 2437 latronum
3089 2377 3425 2449 devenisse,
3459 2376 3614 2436 unde
3648 2392 3742 2435 me
3775 2392 3897 2434 non

2237 2459 2427 2520 solum
2460 2479 2569 2540 ego
2618 2461 2801 2535 solus,
2856 2466 2957 2524 sed
3013 2483 3123 2526 nec
3175 2467 3452 2526 mortales
3511 2462 3770 2526 universi
3836 2463 3896 2523 in

2239 2568 2422 2609 unum
2455 2550 2798 2629 congregati
2825 2553 3157 2629 extrahere,
3186 2563 3243 2616 et
3283 2555 3356 2615 ab
3382 2571 3588 2616 eorum
3616 2552 3898 2613 manibus

2239 2636 2495 2700 liberare
2530 2647 2872 2719 potuerunt.
2933 2641 3356 2704 Verumtamen
3415 2643 3496 2704 ibi
3548 2661 3640 2703 me
3673 2641 3898 2701 misere

500 2732 657 2794 oeuli
687 2752 808 2794 non
837 2725 1136 2798 viderunt.
1187 2737 1324 2800 Haec
1371 2725 1698 2814 enim'vita,
1738 2725 1912 2820 quam
1947 2725 2155 2804 omnes
2238 2725 2311 2787 ab
2341 2726 2460 2788 illis
2491 2729 2853 2820 COBPCimUt,
2890 2739 2945 2790 εί
2977 2731 3220 2793 infande
3249 2733 3364 2794 huc
3398 2732 3535 2793 ίηυε
3567 2738 3890 2820 rapul'm":

498 2821 952 2911 concupiscunt.
977 2823 1110 2886 Vita
1131 2833 1326 2887 autem
1351 2828 1452 2888 illa
1473 2829 1614 2909 quid
1642 2838 1730 2890 est
1760 2819 1941 2903 aliud,
1978 2850 2150 2911 quam

2243 2834 2641 2896 compressum
2673 2826 2731 2879 et
2759 2819 3024 2898 illusum,
3087 2831 3145 2882 tu
3207 2821 3571 2894 misericors,
3633 2819 3892 2880 ctbeni-

505 2910 659 2972 Deus
687 2910 960 2973 conditor
989 2914 1254 2975 omnium
1285 2914 1310 2978 ζ)
1360 2907 1530 2978 Ηυηδ
1579 2935 1731 2993 ama,
1786 2927 1842 2980 ει
1872 2907 2012 2980 οάίό
2042 2920 2148 2981 ha-
2235 2927 2385 2985 gnus
2417 2907 2699 2972 Dominus
2731 2932 2847 2973 non
2879 2913 3222 2995 despexisti,
3273 2933 3388 2974 non
3422 2933 3485 2975 es
3516 2914 3892 2975 abominatus

499 2995 671 3059 bebis
699 2999 1011 3060 mundum.
1047 3001 1298 3064 Mundus
1345 3023 1552 3066 mors:
1615 3007 1756 3086 quid
1815 3009 1970 3068 enim
2033 3028 2150 3070 ηοη
2239 3015 2571 3077 perversam
2605 3001 2964 3064 voluntatem
2998 3023 3216 3078 meam,
3268 3024 3384 3065 non
3429 3005 3528 3065 diu
3564 3005 3886 3085 permisisti

499 3086 720 3147 ﬂuxum
752 3095 808 3149 et
840 3088 1126 3152 caducum
1160 3091 1388 3156 habet?

1127 3198 1366 3262 CAPUT
1410 3199 1531 3264 XL.

497 3302 823 3384 Gratiarum
850 3305 996 3384 actio
1023 3305 1106 3384 ad
1126 3306 1309 3384 Dauni
1325 3323 1430 3382 pro
1458 3311 1690 3382 acceptis
1718 3310 2008 3384 beneﬁciis.
2052 3314 2152 3370 Ubi

566 3375 710 3453 e_t_d_e
738 3377 993 3453 oratione
1016 3375 1342 3453 spirituali;
1375 3386 1427 3436 et
1470 3375 1770 3453 probrum
1798 3375 1860 3439 iri
1889 3400 1975 3452 ea,
2008 3390 2056 3441 σι
2086 3385 2150 3441 de

565 3446 759 3527 dicina
785 3446 1206 3527 ίιιηριῖηαῐίρῃο.
1238 3446 1553 3527 ρίεἱοηεᾱυθ
1576 3446 1692 3511 non
1718 3455 1866 3527 falsa
1895 3446 2151 3513 ett-hari-

571 3523 681 3574 tare
707 3535 842 3591 erga
870 3520 1048 3576 Deum
1075 3520 1391 3580 disseritur.

579 3629 864 3711 Benedic,
883 3629 1440 3710 Pater,Dominator
1457 3635 1704 3698 Domine
1717 3637 1849 3698 cceli
1867 3657 1934 3700 ac
1947 3645 2143 3702 terrae.

498 3715 602 3798 qui
629 3725 766 3779 ante
799 3717 1280 3782 constitutionem
1324 3721 1532 3784 mundi
1564 3724 1839 3799 statuisti,
1877 3736 1937 3787 ut
1969 3747 2000 3787 e
2053 3728 2148 3788 ni-

497 3806 620 3868 hilo
648 3824 954 3896 nascerer,
973 3808 1196 3886 gratias
1212 3827 1322 3889 ago
1339 3809 1467 3885 tibi,
1486 3812 1792 3894 quoniam,
1807 3815 2150 3896 priusquam

498 3893 806 3984 adveniret
835 3895 963 3984 dies
994 3905 1050 3958 et
1080 3896 1244 3973 hora,
1282 3899 1339 3960 in
1375 3918 1489 3980 qua
1530 3893 1822 3962 mandasti
1854 3913 1916 3964 ut
1948 3893 2150 3984 prodi-

497 3991 626 4044 rem
659 3983 719 4044 in
752 3984 902 4045 hanc
935 3983 1153 4062 lucem,
1189 3986 1318 4066 ipse
1374 3987 1536 4048 solus
1580 3983 1957 4057 immortalis.
1994 3995 2156 4056 solus

501 4070 907 4151 omnipotens,
944 4072 1106 4134 solus
1137 4071 1327 4136 bonus
1388 4083 1446 4136 et
1501 4075 1817 4151 humanus,
1881 4097 2012 4144 cum
2046 4083 2151 4144 de-

499 4160 838 4223 scendisses
868 4161 943 4223 de
1001 4164 1234 4225 excelso
1290 4165 1626 4226 sanctuario
1685 4174 1811 4243 tuo,
1844 4188 1878 4230 a
1909 4181 2156 4250 paterno

503 4249 638 4312 sinu
670 4269 787 4311 non
819 4250 1164 4327 discedens,
1220 4260 1278 4314 et
1333 4272 1366 4315 e
1415 4262 1618 4316 sancta
1674 4249 1922 4337 Virgine
1979 4261 2160 4323 Maria

503 4339 846 4401 incarnatus
878 4346 936 4401 et
967 4340 1201 4420 genitus
1233 4360 1418 4418 esses,
1457 4343 1698 4426 tinxisti,
1741 4357 1800 4408 et
1831 4349 2156 4426 viviﬁcasti,

501 4437 558 4492 et
575 4451 605 4490 a
629 4429 806 4508 primi
832 4429 1096 4511 parentis
1119 4430 1284 4512 lapsu
1309 4431 1572 4495 liberasti
1596 4453 1712 4509 me,
1759 4445 1816 4497 et
1843 4456 2154 4501 ascensum

2237 3105 2333 3147 me
2361 3097 2572 3168 sponte
2603 3091 2898 3153 latronum
2921 3093 3156 3154 illorum
3193 3095 3564 3176 tyrannidem
3599 3092 3828 3173 perpeii
3871 3115 3882 3154 :

2169 3203 2207 3251 ρ
2235 3194 2435 3237 verum
2466 3181 2734 3258 quamvis
2765 3200 2872 3260 ego
2916 3182 3046 3245 sine
3103 3201 3284 3245 sensu
3340 3183 3628 3246 abductus
3658 3183 3730 3242 ab
3767 3182 3886 3243 illis

2239 3267 2543 3331 lzetarertu
2566 3278 2679 3329 tam
2705 3269 2857 3331 {inde
2884 3289 2976 3331 me
3012 3271 3336 3351 circumagi
3381 3283 3555 3353 atque
3582 3273 3732 3334 trahi
3767 3293 3886 3333 non

2232 3355 2449 3431 ferens,
2485 3357 2814 3421 visceribus
2841 3371 3193 3436 commotus,
3226 3372 3283 3424 et
3328 3363 3441 3423 mei
3472 3362 3891 3424 misericordia

2233 3453 2438 3526 captus
2468 3464 2570 3520 es;
2604 3466 2715 3508 nec
2734 3450 3466 3527 angelum,aulhominem
3489 3455 3558 3512 ad
3585 3471 3679 3512 me
3713 3452 3890 3511 mise-

2234 3552 2365 3594 rum
2390 3543 2759 3615 peccatorem
2781 3537 2994 3598 misisti
3023 3559 3036 3614 ;
3069 3540 3170 3599 sed
3205 3541 3524 3622 tumetipse
3546 3561 3577 3602 a
3607 3541 3891 3603 bonitatis

2235 3630 2350 3685 tua;
2371 3625 2714 3705 przecordiis
2737 3625 3031 3703 incitatus,
3063 3629 3119 3688 in
3146 3631 3889 3710 prol'umlissimumlaeum

2238 3720 2292 3773 te
2326 3712 2646 3787 immisisti,
2678 3723 2734 3774 et
2765 3715 2823 3776 in
2860 3716 3011 3776 ναπιί
3035 3718 3151 3777 alta
3169 3719 3889 3796 voragineiut'radefosso,

2237 3820 2304 3862 ac
2335 3802 2593 3882 sedenti,
2628 3803 2930 3865 dexteram
2963 3805 3372 3867 intaminatam
3406 3809 3732 3879 tetendisli,
3777 3827 3894 3868 me-

2239 3910 2354 3972 que
2388 3910 2504 3952 non
2539 3891 2836 3954 videntem
2874 3903 2930 3954 te
2963 3902 3079 3976 (qui
3118 3897 3278 3957 enim
3309 3905 3598 3974 poteram,
3625 3909 3720 3958 aut
3744 3919 3892 3978 quu-

2243 3981 2416 4041 modo
2449 3982 2876 4062 suspexissem,
2913 3985 3013 4065 qui
3035 3995 3189 4046 totus
3223 3986 3342 4046 luto
3378 4005 3607 4048 mersus
3639 3989 3864 4048 sutfoea

2242 4070 2405 4132 bar?
2469 4070 2682 4150 capillo
2741 4073 2950 4151 capitis
3007 4076 3478 4153 apprehensum,
3538 4075 3676 4136 inde
3707 4078 3758 4136 vi
3795 4098 3895 4137 ex-

2244 4158 2466 4220 traxisti
2499 4181 2512 4236 ;
2565 4179 2697 4220 cum
2733 4180 2840 4240 ego
2873 4163 3139 4223 dolorem
3173 4164 3438 4244 quidem,
3470 4173 3527 4225 et
3557 4165 3805 4228 crebros
3839 4167 3896 4225 iu

2242 4249 2550 4329 superiora
2611 4257 2913 4324 attractus,
2979 4271 3413 4333 ascensumque
3471 4255 3782 4326 sentirem,
3846 4267 3900 4315 at

2243 4357 2485 4418 prorsus
2519 4339 2838 4419 nescirem,
2875 4350 2910 4402 a'
2933 4361 3048 4421 quo
3081 4341 3139 4402 in
3171 4343 3426 4404 sublime
3459 4343 3772 4418 eilucerer,
3801 4355 3899 4404 aut

2244 4429 2375 4509 quis
2407 4437 2563 4490 esset
2597 4429 2855 4506 tandem,
2896 4431 2994 4511 qui
3031 4450 3123 4491 me
3175 4441 3484 4512 prensanct
3537 4440 3711 4512 atque
3745 4433 3895 4492 edu-

499 4518 563 4581 in
584 4518 797 4581 coelum
830 4520 1169 4602 praeparasti
1197 4521 1364 4583 mihi.
1393 4521 1622 4584 Deinde
1646 4534 1996 4605 prognatum
2036 4549 2152 4603 me,
2179 4523 2427 4580 Dceret.
2458 4519 2639 4579 I‘orro
2664 4537 2898 4579 sursum
2950 4520 3250 4596 eductum,
3281 4530 3336 4581 et
3370 4522 3428 4581 in
3458 4530 3562 4583 ter:
3583 4540 3615 4581 ει
3646 4522 3873 4582 colloca

503 4616 561 4670 et
593 4607 816 4670 sensim
851 4617 1246 4685 crescentem,
1307 4621 1366 4674 tu
1419 4631 1515 4674 me
1571 4623 1775 4675 sancto
1808 4614 2157 4698 baptismate

501 4706 600 4760 tuo
629 4698 942 4774 reﬁnxisti,
977 4708 1035 4761 et
1066 4704 1385 4774 renovasti,
1420 4709 1743 4782 sanctoque
1768 4702 1988 4784 Spiritu
2011 4725 2156 4768 cou—

500 4787 823 4850 decorasti.
841 4789 1132 4868 Angelum
1147 4789 1615 4854 luciseustOdem
1655 4793 1799 4853 mihi
1819 4795 2155 4868 attribuisti,

503 4876 649 4940 etab
681 4877 966 4957 operibus
997 4879 1190 4954 malis,
1226 4888 1284 4941 et
1312 4879 1540 4961 laqueis
1570 4881 1855 4957 inimicis,
1883 4887 2156 4966 usquead

503 4967 832 5048 perfectam
862 4976 922 5032 et
951 4968 1185 5050 plenam
1218 4977 1448 5031 aetatem
1502 4989 1594 5033 me
1625 4971 1876 5034 illaesum
1906 4975 2160 5036 Custodi-

499 5057 655 5120 visti.
693 5056 982 5130 Quoniam
1016 5075 1154 5119 vero
1187 5077 1303 5119 non
1337 5058 1413 5133 vi,
1469 5078 1536 5121 ac
1592 5061 1885 5138 nolentes,
1916 5064 2020 5124 sed
2053 5084 2156 5125 vo-

502 5145 750 5220 luntate,
785 5153 844 5208 et
866 5145 1151 5209 arbitratu
1181 5147 1253 5207 ad
1287 5148 1398 5210 hoc
1459 5150 1901 5230 propendentes
1932 5152 2160 5215 salvare

501 5253 608 5298 nos
636 5253 870 5316 aequum
895 5236 1240 5318 justumque
1271 5238 1579 5314 censuisti,
1615 5259 1709 5300 me
1734 5260 1970 5321 quoque
2001 5242 2151 5303 arbi.

502 5324 600 5387 trii
621 5323 896 5388 libertate
919 5325 1199 5388 honorari
1238 5326 1584 5406 permisisti,
1625 5336 1687 5389 ut
1718 5349 1783 5391 ex
1824 5330 2156 5392 voluntaria

502 5414 914 5478 mandatorum
947 5422 1179 5477 tuorum
1212 5413 1628 5478 observatione
1686 5437 1876 5481 meum
1933 5439 2070 5501 erga
2100 5429 2156 5482 te

501 5504 850 5567 charitatem
883 5504 1284 5567 ostenderem.
1350 5503 1474 5584 Ego
1505 5514 1698 5567 autem
1733 5507 2064 5588 improbus,
2099 5519 2158 5572 et

501 5593 787 5672 ingratus,
820 5601 998 5676 atque
1027 5601 1423 5675 contemptor,
1491 5594 1644 5657 velut
1691 5615 1877 5675 equus
1907 5597 2156 5660 vinculis

579 5753 644 5806 50
674 5755 696 5817 ῐ
725 5755 861 5818 Cor.
897 5773 992 5818 xv.
1025 5755 1124 5816 52.

2206 4636 2208 4638 τ
2246 4617 2392 4680 tum,
2427 4626 2597 4668 servo
2631 4625 2698 4668 ac
2729 4608 3021 4688 discipulo
3079 4620 3176 4671 tuo
3228 4629 3323 4671 me
3357 4610 3674 4685 tradidisti,
3709 4619 3896 4670 totum

2243 4697 2642 4779 inquinatum,
2677 4707 2734 4758 et
2763 4697 2884 4759 luto
2916 4700 3144 4780 oculos,
3173 4718 3372 4773 aures,
3407 4718 3471 4760 os
3502 4701 3897 4770 οὺειτιιςιυιη,

2245 4797 2302 4850 et
2331 4789 2411 4849 ita
2444 4806 2551 4848 nec
2586 4795 2706 4847 tum
2742 4796 2793 4848 te
2827 4787 3152 4866 videntem,
3187 4790 3320 4870 quis
3377 4807 3542 4850 esses
3577 4808 3591 4869 ;
3640 4788 3753 4848 nisi
3787 4789 3898 4848 huc

2245 4877 2434 4940 solum
2468 4877 2854 4951 indicantem,
2891 4878 3160 4959 quisquis
3193 4897 3378 4952 csses,
3415 4877 3656 4956 bonum,
3693 4887 3753 4938 et
3782 4879 3896 4938 liu-

2245 4987 2484 5029 manum
2521 4985 2673 5042 esse,
2725 4968 2826 5046 qui
2876 4985 2969 5028 me
3028 4988 3059 5029 e
3119 4968 3412 5046 profundo
3473 4967 3600 5028 lacu
3636 4975 3693 5027 et
3728 4986 3900 5027 caeno

2246 5057 2591 5138 eripuisses.
2618 5055 2787 5118 Dicto
2814 5055 2994 5134 igitur
3021 5057 3162 5117 mihi
3182 5056 3541 5130 confortare,
3579 5065 3637 5116 et
3669 5056 3900 5116 homini

2248 5149 2384 5209 huic
2413 5146 2776 5219 adhazresce,
2814 5164 3070 5225 eumque
3128 5164 3402 5226 sequere,
3467 5147 3562 5205 hic
3621 5145 3780 5205 enim
3844 5154 3900 5204 te

2240 5239 2556 5302 abductum
2586 5234 2825 5297 abluet:
2890 5243 2947 5294 et
2977 5240 3205 5296 tirmam
3244 5234 3385 5295 mihi
3424 5236 3481 5295 in
3517 5235 3680 5295 illum
3717 5235 3895 5294 ﬁ'lem

2241 5328 2506 5408 largitus,
2534 5323 2859 5385 recessisti.
2897 5324 3009 5385 Ubi
3038 5325 3215 5403 igitur
3245 5324 3428 5384 fueris
3469 5325 3674 5403 ignoro
3709 5341 3726 5396 ;
3791 5344 3900 5400 νει)

2243 5415 2657 5502 praescriptum
2692 5413 2837 5475 mihi
2872 5413 3084 5475 ducem
3117 5413 3222 5475 abs
3257 5423 3333 5491 te,
3371 5414 3750 5475 sanctissime
3786 5415 3899 5475 Do-

2241 5511 2423 5580 mine,
2461 5506 2607 5564 citra
2639 5502 3089 5564 conversionem
3148 5515 3386 5564 secutus
3430 5522 3559 5562 sum
3589 5519 3605 5575 ;
3641 5521 3898 5583 cumque

2241 5601 2340 5662 ille
2372 5596 2442 5657 ad
2478 5592 2898 5670 scaturigines,
2934 5602 2990 5652 et
3021 5593 3238 5672 fontes,
3286 5593 3346 5653 id
3383 5601 3491 5666 est,
3526 5592 3896 5672 Scrip‘uras,
