4120 6414
353 333 460 399 597
518 310 523 315 ’
1502 346 1945 409 DIVINORUM
1992 310 2320 410 iuononi
2366 349 2617 413 LIBER.
3518 370 3529 383 κ
3626 348 3748 413 598

340 472 688 536 etmandata
726 475 912 537 multa
929 494 1062 537 cum
1098 475 1449 539 lassitudine
1467 486 1525 538 et
1546 477 1749 540 labore
1771 497 1995 541 caecum
2018 489 2057 537 Α
2081 481 2409 542 ambulanti
2442 482 2612 558 mihi,
2648 491 2705 546 et
2735 482 2804 544 ad
2841 484 3064 547 fontem
3096 487 3379 553 currenti,
3410 491 3470 546 tu
3499 485 3599 566 qui
3635 503 3731 546 me

346 585 459 645 me,
486 575 543 628 et
565 576 732 647 tergo
761 587 869 629 suo
894 587 1069 630 manu
1113 569 1252 631 ﬁdei
1291 569 1404 631 abs
1430 578 1488 632 te
1511 570 1811 634 mihidata
1839 579 1998 635 trac-
2082 577 2257 632 antea
2287 570 2362 631 de
2388 590 2556 633 como
2589 582 2948 643 exlraxeras,
3000 591 3234 635 rursum
3287 574 3622 649 occurristi,
3676 586 3735 634 et

345 662 565 729 tum,ac
594 657 764 737 sequi
797 667 1066 720 coactum
1097 658 1466 733 abduxisset,
1498 662 1764 741 respexit
1794 680 1914 736 me,
1941 669 2000 723 et
2083 665 2223 720 tunc
2254 659 2510 740 primum
2545 662 2894 724 intaminato
2944 662 3138 724 vultus
3170 662 3253 724 tui
3283 662 3606 743 splendore
3637 662 3734 724 in-

349 744 561 823 pedum
591 748 748 807 vires
779 745 970 823 probe
999 746 1646 828 resumpsi.’l‘ransibat
1674 757 1871 810 autem
1895 768 2002 830 per
2083 748 2286 810 ﬁrmos
2314 750 2520 812 oculos
2568 770 2734 814 meos
2775 751 3149 826 illuminasti,
3184 752 3465 832 quodque
3496 750 3740 814 videbar

348 832 629 914 lapidosa,
668 853 773 915 per
803 835 1011 909 fossas,
1045 855 1153 917 per
1171 836 1549 900 offendicula.
1578 845 1635 899 et
1677 837 2000 921 superabat
2081 836 2301 900 habere
2325 839 2550 915 lumen,
2581 841 2638 903 id
2662 840 2854 922 ipsum
2880 840 3136 922 perdidi,
3163 860 3278 922 quo
3298 849 3354 902 te
3376 859 3737 920 cognoscere

346 924 564 986 omnia.
590 926 817 986 Astme
838 924 898 986 in
922 925 1049 987 haec
1070 925 1463 1006 impegere,et
1484 926 1810 990 offendere.
1839 927 1992 989 mul-
2080 944 2197 988 non
2225 929 2632 1007 potueramEt
2654 930 2954 1011 quomodo
2979 928 3513 1010 potuissem,cujus
3541 948 3736 1011 neque

345 1021 585 1094 tumque
633 1012 924 1091 laborem,
961 1015 1177 1076 multas
1228 1015 1592 1089 vexationes,
1625 1023 1685 1078 et
1714 1015 1991 1078 afﬂictio-
2075 1013 2246 1076 faciei
2278 1015 2566 1095 fulgorem
2600 1018 2801 1084 videre
2853 1037 3114 1099 possem,
3151 1036 3347 1099 neque
3398 1018 3735 1098 intelligere

341 1119 443 1162 nes
492 1101 781 1184 perferre,
816 1120 888 1165 ac
937 1103 1238 1166 sustinere
1286 1103 1689 1184 contingebat.
1746 1104 1817 1168 Et
1866 1105 1994 1187 ipse
2074 1111 2171 1163 aut
2204 1105 2565 1186 perspicere,
2595 1116 3077 1188 autcognoscere
3111 1107 3244 1189 quis
3273 1107 3513 1170 tandem
3535 1107 3736 1170 esses?

337 1190 573 1272 quidem
608 1191 667 1253 in
699 1193 862 1254 omni
886 1194 1071 1269 fonte,
1107 1201 1166 1255 et
1194 1194 1481 1275 scatebra,
1504 1212 1610 1276 per
1629 1212 1693 1256 se
1727 1195 1784 1255 in
1811 1195 1994 1257 horas
2076 1190 2156 1253 Ex
2188 1211 2258 1253 eo
2293 1213 2388 1255 me
2412 1194 2681 1257 crebrius
2714 1197 2784 1258 ad
2832 1196 3052 1259 fontem
3097 1196 3600 1278 consistente,qui
3630 1215 3731 1258 va-

336 1278 580 1352 lavabat,
608 1298 681 1343 ac
713 1300 781 1343 se
814 1281 1130 1346 abluebat:
1166 1301 1273 1362 ego
1304 1283 1462 1362 quod
1488 1301 1588 1344 eas
1621 1302 1738 1345 non
1778 1302 1993 1346 cerne-
2076 1300 2176 1343 cas
2208 1282 2371 1344 omni
2393 1284 2695 1359 superbia,
2735 1305 2849 1346 non
2872 1305 2937 1347 es
2962 1285 3305 1366 didignatus
3335 1285 3730 1361 descendere,

334 1384 484 1438 rem,
521 1368 738 1430 multas
790 1370 1195 1450 praeteribam.
1231 1370 1315 1433 Ac
1362 1370 1479 1432 nisi
1528 1370 1632 1434 ille
1682 1390 1859 1432 manu
1901 1390 1997 1432 me
2080 1369 2151 1429 ad
2181 1388 2274 1431 me
2307 1371 2625 1446 accedere,
2653 1372 3031 1453 prehendere
3053 1381 3230 1454 caput
3252 1391 3480 1447 meum,
3506 1381 3566 1434 et
3588 1373 3646 1435 id
3674 1372 3734 1435 in

336 1457 723 1535 prehensum,
759 1458 831 1520 ad
866 1460 1086 1521 fontem
1119 1461 1447 1533 statuisset,
1477 1468 1535 1522 et
1591 1459 1777 1540 pedes
1805 1458 1992 1521 animi
2078 1457 2238 1538 ipsas
2269 1477 2451 1540 aquas
2479 1459 2862 1540 immergere.
2899 1461 3280 1544 efﬁcereque,
3312 1470 3373 1523 ut
3394 1462 3594 1524 lumen
3615 1462 3735 1524 vul-

333 1544 451 1606 mei
479 1564 587 1626 pro
615 1545 769 1609 duce
798 1548 1074 1628 rexisset,
1105 1566 1397 1630 nusquam
1428 1555 1753 1610 scatentem
1777 1563 1993 1629 quam
2079 1554 2173 1607 tus
2203 1554 2282 1608 tui
2317 1548 2524 1629 purius
2555 1550 2911 1631 aspicerem.
2962 1551 3094 1613 Mox
3146 1561 3201 1611 te
3247 1550 3564 1625 abstulisti,
3596 1568 3731 1613 cum

327 1632 599 1697 invenire
622 1635 976 1715 potuissem.
997 1635 1153 1700 Uubi
1186 1646 1383 1699 autem
1416 1635 1564 1698 mihi
1594 1637 1994 1716 scaritugines
2078 1653 2197 1696 non
2229 1637 2502 1699 dedisses
2532 1643 2790 1718 cogitare
2812 1639 2946 1720 quis
2972 1658 3158 1713 esses,
3189 1638 3289 1720 qui
3321 1640 3445 1701 haec
3477 1639 3730 1715 faceres;

328 1721 461 1784 illas
512 1723 971 1800 demonstravit,
1036 1726 1427 1805 permisitque
1474 1734 1536 1787 ut
1583 1728 1801 1806 saepius
1844 1745 1993 1807 aqua
2020 1783 2050 1809 η
2077 1732 2176 1785 aut
2205 1725 2364 1787 unde
2397 1727 2689 1802 venisses;
2721 1738 2820 1790 aut
2854 1747 2970 1808 quo
2997 1727 3268 1799 abiisses,
3293 1747 3435 1809 non,
3464 1728 3731 1809 inquam,

330 1829 479 1891 pura
509 1831 603 1873 me
634 1813 962 1889 abluerem,
996 1814 1145 1877 forte
1181 1815 1503 1897 aliquando
1551 1814 1728 1877 etiam
1761 1815 1835 1876 de
1869 1815 1991 1877 luto
2018 1812 2053 1832 ”
2076 1812 2260 1876 dabas
2293 1815 2405 1876 hoc
2433 1815 2602 1897 mihi,
2639 1835 2833 1898 neque
2876 1836 3010 1878 cum
3068 1818 3142 1878 ad
3205 1825 3440 1898 tempus
3472 1818 3728 1898 venires,

325 1899 400 1959 ad
432 1902 764 1980 marginem
796 1903 972 1965 fontis
1007 1905 1248 1983 jacente
1293 1923 1469 1967 manu
1522 1903 1896 1980 hauriebam,
1934 1914 1992 1966 et
2075 1912 2133 1965 et
2163 1902 2361 1967 abires
2396 1905 2674 1984 paulatim
2712 1906 2897 1985 magis
2937 1923 3005 1967 ac
3048 1906 3237 1983 magis
3282 1905 3635 1987 apparebas,
3669 1916 3732 1969 et

325 1988 471 2051 inde
533 1990 746 2053 faciem
787 1994 986 2055 lavans
1018 1993 1482 2057 cotaminabam.
1523 1993 1678 2067 Quin
1709 2002 1768 2055 et
1795 2012 1989 2074 saepe-
2073 1992 2242 2072 aquis
2272 2013 2369 2055 me
2398 1993 2720 2069 irrorabas,
2751 2002 2893 2057 etut
2926 2005 2980 2057 te
3008 1994 3290 2076 liquidius
3322 2014 3455 2056 cum
3504 1995 3730 2076 majore

323 2097 580 2141 numero
603 2081 897 2162 patpando
923 2083 1198 2144 etvotens
1218 2083 1656 2163 scaturuginem
1690 2082 1983 2156 invenire,
2076 2080 2300 2142 lumine
2330 2081 2619 2163 intuerer,
2654 2084 3020 2163 largiebaris.
3081 2086 3233 2145 Dum
3283 2085 3397 2146 hoc
3428 2082 3529 2145 diu
3563 2083 3729 2156 facis,

322 2167 637 2231 trahebam
672 2189 788 2231 una
816 2171 1140 2251 pulverem,
1177 2179 1236 2233 et
1266 2190 1476 2252 aquam
1509 2173 1725 2233 iterum
1779 2170 1985 2231 turba-
2072 2170 2196 2230 visu
2220 2171 2485 2250 mysterii
2515 2172 2825 2250 cuiusdam
2848 2173 3207 2235 venerabilis
3235 2191 3330 2234 me
3356 2172 3728 2252 dignatuses.

331 2255 773 2340 bam;cumque
797 2259 1031 2340 penitus
1057 2259 1203 2322 nihil
1226 2260 1511 2324 viderem.
1543 2268 1791 2340 turpars
1816 2278 1986 2320 coeno
2072 2257 2156 2320 Te
2214 2259 2374 2320 enim
2426 2260 2803 2334 adveniente,
2858 2271 2937 2338 et,
2987 2270 3048 2323 ut
3100 2261 3382 2343 putatam,
3414 2261 3584 2343 aquis
3633 2281 3728 2324 me

326 2347 571 2419 faciem,
607 2366 749 2428 pura
782 2368 875 2410 me
905 2349 1140 2431 lympha
1177 2348 1452 2430 putabam
1485 2349 1644 2411 ablui
2069 2347 2369 2422 abluente,
2403 2358 2461 2410 et
2492 2351 2883 2429 immergente
2931 2351 3213 2431 saepuius,
3266 2350 3555 2429 fulgorem
3606 2350 3726 2412 cir-

408 2435 534 2510 Quo
557 2448 754 2500 autem
790 2448 958 2518 pacto
985 2439 1620 2520 commemoraboquaa
1645 2457 1741 2499 me
1764 2436 1984 2499 deinde
2069 2437 2446 2498 cumdantem
2510 2458 2627 2521 me,
2666 2447 2724 2499 et
2783 2439 2984 2501 radios
3035 2439 3229 2501 vultus
3279 2440 3364 2500 tui
3415 2439 3476 2500 in
3512 2439 3723 2501 mediis

325 2543 567 2586 rursum
618 2527 966 2600 necessitas,
1015 2535 1074 2589 et
1135 2528 1227 2589 vis
1284 2527 1635 2608 occuparit?
1682 2527 1980 2608 quomodo
2067 2525 2239 2606 aquis
2262 2526 3017 2609 conspicio.obstupuique
3048 2529 3599 2604 vehementer,cum
3628 2547 3721 2589 me

327 2626 619 2693 praeterea
648 2615 886 2696 quidam
924 2617 1268 2698 frequenter
1297 2625 1683 2696 testarentur,
1724 2624 1783 2677 et
1830 2635 1981 2694 quo-
2066 2633 2217 2695 aqua
2250 2615 2488 2677 tuciﬁua
2520 2617 2784 2679 viderem
2827 2616 3011 2692 ablui,
3053 2626 3114 2678 et
3152 2615 3251 2676 ubi
3282 2625 3467 2690 esset,
3503 2625 3561 2678 et
3592 2616 3728 2698 quis

316 2702 367 2763 ti
393 2703 472 2764 lie
506 2704 651 2764 mihi
681 2704 1035 2767 cantilenam
1062 2705 1236 2767 istam
1268 2707 1639 2787 occinerent,
1672 2704 1812 2786 quid
1847 2707 1979 2767 ina—
2066 2723 2222 2764 es~ei
2256 2706 2432 2784 hujus
2463 2707 2548 2765 rei
2574 2706 2876 2786 praebitor,
2909 2724 3025 2766 non
3056 2705 3490 2784 cognoscebam
3522 2725 3535 2766 :
3570 2725 3720 2783 gau-

311 2809 456 2852 nem
492 2791 756 2853 laborem
812 2794 991 2856 stulte
1030 2794 1315 2875 capessis,
1353 2808 1412 2856 et.
1442 2795 1749 2856 ittusorem
1799 2802 1977 2875 atque
2063 2792 2274 2853 debam
2309 2795 2501 2853 solum
2535 2814 2627 2853 me
2662 2795 2860 2860 lavari.
2896 2795 3014 2855 ﬁde
3038 2795 3266 2873 augeri,
3299 2813 3405 2874 spe
3436 2795 3594 2855 velut
3617 2795 3729 2855 alis

308 2880 704 2961 impostorem
740 2882 900 2943 hunc
927 2883 1221 2964 sequeris,
1259 2892 1316 2945 et
1368 2892 1425 2945 te
1455 2892 1760 2962 aspectum
1792 2901 1974 2944 recu-
2060 2882 2335 2956 subvehi;
2372 2893 2429 2945 et
2464 2883 2521 2944 in
2555 2884 2770 2945 coetum
2802 2903 2990 2969 usque
3019 2885 3372 2945 ascendere.
3421 2882 3715 2945 Seducto-

314 2979 658 3049 peraturum
694 2970 932 3048 frustra,
952 2980 1012 3034 et
1034 2972 1324 3035 inutiliter
1351 2971 1635 3034 conﬁdis?
1670 2989 1789 3034 non
1814 2972 1972 3034 enim
2058 2990 2154 3033 res
2188 2980 2383 3032 autem
2420 2973 2766 3052 illos,verba
2797 2972 3064 3041 fallaciae,
3087 2990 3146 3033 et
3174 2971 3549 3035 mendacium
3570 2973 3713 3034 mihi

314 3078 477 3118 nunc
511 3061 640 3120 ﬁeri
685 3068 895 3141 potest.
951 3061 1105 3134 Quid
1155 3063 1336 3142 pedes
1385 3062 1463 3123 ita
1511 3062 1878 3161 offendensn
1913 3061 2519 3161 etcsuadentes,.ac
2574 3072 2959 3142 suggerentes
3008 3062 3329 3143 plurimum
3383 3080 3616 3137 exosus,
3663 3079 3730 3130 et

316 3158 644 3208 cruentans
664 3150 956 3229 sequeris;
983 3170 1089 3212 cur
1111 3170 1228 3210 non
1255 3151 1455 3231 potius
1484 3150 1977 3212 misericordibus

310 3238 633 3315 auscultas,
673 3240 773 3318 qui
819 3239 1131 3301 hortantur
1163 3248 1240 3320 te,
1291 3248 1353 3300 ut
1400 3239 1587 3322 quieti
1637 3239 1971 3318 indulgeas,

315 3325 571 3407 ciboque
601 3335 659 3389 et
691 3328 926 3408 potione
956 3337 1014 3391 et
1044 3329 1273 3410 reliqua
1303 3347 1446 3390 cura
1475 3328 1713 3408 corpori
1740 3335 1839 3388 tuo
1853 3345 1976 3387 ser-

319 3413 481 3474 vias?
511 3413 638 3475 Non
672 3417 830 3476 enim
880 3425 1071 3497 potest
1114 3417 1187 3478 ab
1238 3419 1450 3478 animae
1491 3418 1658 3496 lepra
1692 3414 1971 3487 liberari;

318 3521 432 3563 nec
465 3523 725 3585 unquam
756 3505 886 3566 istis
920 3506 1290 3587 temporibus
1321 3505 1599 3587 aspicies.
1634 3503 1806 3568 Unde
1830 3504 1971 3565 illu-

311 3614 417 3654 sor
451 3594 586 3677 iste,
626 3596 1051 3659 miraculorum
1075 3598 1322 3659 effector
1358 3596 1532 3657 modo
1575 3595 1816 3676 exstitit,
1845 3592 1972 3675 qui,

307 3703 443 3767 quae
473 3688 627 3767 apud
663 3706 876 3749 omnes
924 3688 1196 3750 homines
1244 3688 1431 3749 aetatis
1477 3688 1657 3768 hujus
1684 3695 1824 3748 sunt
1852 3686 1973 3745 im-

310 3778 640 3858 possibilia,
700 3779 802 3839 tibi
857 3780 1224 3859 pollicetur?
1253 3782 1353 3842 Va;
1413 3778 1858 3860 tibi,qnoniam
1917 3784 1974 3838 et

311 3865 569 3928 oblatam
606 3887 640 3928 a
669 3868 912 3949 Christi,
947 3877 1005 3930 et
1034 3870 1280 3930 fratrum
1313 3868 1747 3941 amantibus,et
1775 3867 1971 3928 aliena

311 3957 491 4028 mata,
528 3966 805 4037 tanquam
842 3959 1101 4039 propria.
1146 3958 1549 4019 sentientibus
1601 3958 1968 4019 curationem

309 4045 573 4120 amittes,
600 4056 656 4107 et
691 4046 1070 4108 incommoda
1100 4048 1575 4129 aﬂlictéonesque
1606 4065 1752 4128 quas
1782 4045 1969 4107 susti-

313 4153 446 4203 nes,
495 4152 646 4197 vana
677 4154 780 4216 spe
814 4136 1137 4198 sustinebis
1170 4157 1184 4211 ;
1220 4147 1278 4200 et
1330 4136 1622 4216 promissa
1654 4135 1761 4196 tibi
1792 4154 1825 4197 a
1858 4136 1982 4199 de-'

2058 3159 2327 3213 errantes
2357 3150 2671 3227 miserans,
2709 3170 2915 3212 eorum
2948 3170 3358 3230 congressum,
3391 3160 3716 3214 consuetu-

2056 3238 2282 3312 dinem,
2318 3249 2829 3319 consliectumque
2871 3249 2931 3301 ut
2967 3240 3493 3302 noxiumdevitavi
3542 3241 3719 3322 peni—

2059 3337 2190 3389 tus:
2228 3329 2716 3390 contubernalem
2752 3337 2973 3401 autew,
3011 3339 3068 3390 et
3094 3330 3435 3408 adjutorem
3491 3348 3713 3404 meum,

2060 3426 2328 3478 sanctum
2385 3416 2686 3497 dispulum
2742 3435 2905 3477 tuum
2966 3418 3125 3497 dico,
3160 3429 3220 3479 et
3263 3416 3621 3498 apostolum,
3656 3428 3715 3479 et

2063 3504 2316 3582 teipsum
2363 3507 2628 3567 ﬁctorem
2685 3525 2882 3567 meum
2924 3505 3276 3582 venerabar,
3323 3505 3709 3579 honorabam,

2059 3593 2373 3672 diligebam
2429 3604 2547 3655 toto
2596 3603 2875 3675 pectore;
2912 3594 3188 3674 jacebam
3240 3594 3317 3656 ad
3371 3595 3554 3675 pedes
3585 3596 3717 3675 ejus

2062 3692 2266 3745 noctes
2296 3694 2357 3745 et
2386 3683 2539 3755 dies,
2589 3702 2791 3759 orans,
2831 3693 2893 3745 ut
2922 3684 2969 3744 si
3005 3683 3147 3764 quid
3203 3692 3422 3764 posset,
3458 3684 3709 3764 adjuva-

2056 3781 2148 3833 ret
2179 3779 2480 3843 me;certo
2517 3773 2662 3833 mihi
2695 3773 3086 3853 persuadens,
3116 3790 3485 3853 quaecunque
3508 3772 3704 3846 vellet,

2054 3859 2160 3921 abs
2213 3870 2269 3922 te
2316 3861 2727 3923 obtenturum.
2780 3860 2877 3923 Sic
2932 3861 3142 3941 perdiu
3195 3860 3381 3939 gratia
3430 3868 3529 3923 tua
3577 3880 3713 3923 cum

2055 3970 2257 4029 persei
2274 3969 2527 4021 erarem,
2557 3952 2770 4012 iterum
2789 3951 2947 4010 aliud
2972 3949 3241 4011 mirabile
3260 3968 3547 4011 arcanum
3571 3950 3712 4014 vidi.

2052 4040 2546 4120 Apprcuhensum
2567 4040 2789 4120 quippe
2822 4060 2988 4101 mem
3017 4060 3050 4101 a
3078 4049 3267 4102 tecum
3295 4040 3354 4100 in
3379 4041 3592 4102 emtum
3617 4059 3717 4102 as-

2053 4129 2316 4191 cendens
2340 4130 2558 4190 duxisti
2595 4130 2720 4191 sive
2754 4130 2812 4189 in
2839 4148 3115 4210 corpore,
3140 4130 3263 4190 sive
3294 4137 3457 4191 extra
3477 4148 3717 4212 corpus,

307 4231 553 4302 ceptore
585 4224 687 4284 illo
719 4243 787 4286 ac
808 4226 1169 4305 sycophanla
1204 4245 1309 4305 pro
1341 4234 1510 4286 certo
1565 4225 1716 4285 haud
1751 4243 1969 4286 conse-
2057 4217 2282 4290 nescio,
2331 4226 2386 4276 tu
2444 4218 2605 4277 solus
2658 4218 2833 4291 nosti,
2883 4219 2980 4299 qui
3036 4218 3092 4278 itt
3146 4218 3359 4279 fecisti.
3396 4221 3541 4281 Cum
3594 4218 3717 4280 iltic

307 4313 536 4392 queris.
588 4312 793 4384 Quid?
839 4304 963 4374 non
1005 4304 1405 4386 ratiocinaris,
1462 4332 1655 4394 neque
1706 4313 1859 4393 apud
1913 4324 1969 4376 te

2056 4306 2260 4366 horam
2298 4317 2492 4367 tecum
2527 4308 2887 4386 exegissem,
2942 4316 2997 4367 ct
3043 4325 3236 4368 essem
3285 4306 3493 4385 gloria)
3533 4314 3713 4388 (quae,

309 4401 536 4480 cogitas
557 4403 856 4482 quomodo
887 4404 1017 4464 sine
1046 4404 1217 4466 nobis
1242 4403 1386 4464 nihil
1418 4402 1643 4483 possis?
1664 4402 1846 4474 Quid?
1871 4423 1970 4465 an-
2052 4405 2153 4456 ἱωί
2183 4397 2353 4474 cuius
2385 4396 2561 4455 Ιύθΐίι
2595 4396 2823 4475 ηθεείυ)
2863 4396 3297 4473 "mgniludim‘.
3328 4404 3384 4455 οἱ
3408 4395 3721 4474 malvis“!te

310 4510 428 4551 non
458 4499 644 4552 ριηυε
686 4511 894 4554 omnes
925 4493 1276 4555 cemimus?
1315 4512 1413 4563 an,
1465 4493 1965 4571 quemadmodum
2055 4487 2382 4564 perculsus,
2418 4493 2475 4544 et
2506 4486 2800 4545 immensa
2841 4484 3158 4545 altitudine
3205 4483 3510 4559 attonitus,
3563 4492 3717 4548 totus

304 4579 588 4641 seductus
629 4580 731 4642 ille
782 4580 1036 4660 ipsemet
1087 4581 1188 4643 tibi
1246 4581 1499 4652 dictitat,
1539 4580 1680 4643 caeci
1709 4582 1969 4641 sumus?
2052 4574 2355 4634 ci'horrui.
2422 4576 2678 4636 ltiu'sum
2735 4594 2830 4635 me
2867 4575 3059 4635 Solum
3116 4573 3214 4634 ubi
3264 4573 3426 4653 prius
3486 4572 3711 4634 stabam

305 4667 622 4731 Cernimus
663 4671 926 4750 profectu
957 4690 1187 4744 omnes,
1239 4681 1295 4732 et
1343 4688 1417 4732 ne
1449 4670 1666 4731 frustra
1702 4669 1806 4746 sis,
1844 4689 1959 4731 non
2053 4664 2360 4730 dimisisti.
2398 4672 2452 4723 et
2479 4664 2754 4724 inventus
2778 4682 2907 4724 su'n
2932 4683 3067 4724 cum
3104 4673 3344 4742 stupore
3379 4663 3717 4723 lamentaus

309 4768 400 4819 est
425 4761 535 4819 hoc
562 4768 755 4820 nostra
779 4759 1009 4820 vivendi
1034 4759 1282 4821 facultas
1306 4760 1523 4820 minor.
1547 4757 1769 4821 Verum
1800 4762 1959 4820 enim

308 4868 451 4909 vero
481 4847 555 4908 ah
591 4848 680 4908 tzis
721 4849 997 4910 oumibus
1044 4850 1189 4910 citra
1239 4847 1706 4910 controversiam
1737 4848 1959 4910 seduc-

307 4936 562 5010 toribas,
605 4936 678 4997 ab
705 4937 1153 5018 impostoribus,
1185 4938 1282 5020 qui
1309 4938 1445 4999 dolo
1478 4938 1814 5019 proximum
1848 4938 1963 5000 cir-

304 5027 654 5088 cumvenire
703 5035 879 5108 atque
926 5027 1275 5089 subvertere
1324 5035 1636 5101 conantur,
1670 5034 1730 5087 tu
1776 5028 1959 5087 mise-

305 5115 499 5177 ricors
527 5122 587 5177 et
617 5114 872 5195 benigne
907 5117 1090 5177 libera
1123 5136 1240 5197 me,
1276 5134 1382 5197 per
1411 5134 1540 5177 eam
1595 5134 1770 5194 quam
1817 5115 1964 5176 mihi

307 5206 487 5267 ﬁdem
520 5215 580 5266 et
603 5224 769 5286 spem
805 5205 1057 5285 largi'us
1088 5225 1151 5267 es
1182 5226 1197 5281 ;
1233 5224 1339 5286 per
1368 5223 1543 5286 quam
1577 5212 1637 5265 et
1665 5205 1964 5285 qumtlixi,

2048 4752 2454 4826 infelicitatem
2490 4772 2680 4814 meum
2743 4751 2869 4812 Non
2908 4752 3092 4812 multo
3128 4759 3282 4831 post,
3335 4770 3468 4813 cum
3517 4770 3711 4813 essem

2048 4846 2221 4908 intra,
2262 4860 2446 4920 supra
2480 4843 2535 4901 in
2572 4842 2738 4902 cretis
2767 4849 3011 4920 apertis,
3069 4840 3283 4901 faciem
3330 4849 3487 4901 tuam
3518 4849 3578 4901 ut
3613 4859 3714 4902 so-

2048 4935 2160 4994 Ινιιι
2198 4931 2513 4991 informem
2548 4930 2822 5009 dignatus
2849 4950 2913 4990 es
2940 4928 3087 4990 mihi
3121 4929 3463 5011 ostendere,
3499 4931 3706 5011 etquis

2047 5042 2229 5099 esses,
2256 5039 2326 5081 ne
2355 5021 2443 5081 sic
2468 5020 2708 5100 quidem
2745 5019 2980 5081 voluisti
3015 5039 3107 5079 Inc
3138 5037 3526 5099 cognoscere.
3562 5018 3715 5092 Quid

2050 5111 2208 5170 enim
2233 5111 2263 5168 ’ἐ
2307 5129 2440 5170 cum
2477 5128 2596 5169 non
2647 5109 2971 5189 attoqueris
3022 5127 3142 5179 me,
3198 5110 3301 5170 sed
3352 5108 3512 5170 illico
3562 5110 3711 5170 abs—

2053 5198 2426 5260 CUIlllt‘l'Cl'iS.
2496 5207 2613 5277 tgo
2669 5216 2805 5257 vero
2865 5195 3255 5258 circumibam
3304 5214 3578 5277 quaerens
3631 5207 3708 5271 te,

302 5306 361 5358 et
391 5295 506 5357 alia
541 5284 709 5375 plura
737 5304 795 5355 ut
832 5284 1188 5375 perferrem,
1228 5284 1322 5356 me
1353 5284 1776 5356 corroborasti.
2053 5307 2234 5369 quem
2274 5307 2392 5348 non
2426 5286 2888 5367 cognoscebam,
2924 5296 2979 5347 ct
3013 5284 3497 5375 videreform‘am
3526 5293 3712 5375 tuam,

383 5373 673 5448 Caeterum
707 5373 844 5445 eum
876 5385 933 5446 in
966 5385 1248 5446 omnibus
1278 5384 1372 5446 his
1406 5384 1970 5465 perdurassemmec
2058 5388 2114 5438 et
2149 5377 2451 5438 noscendo
2481 5394 2726 5437 noscere
2758 5380 2890 5456 quis
2922 5373 3533 5448 essi‘s,desiderabam
3565 5373 3718 5448 Quo-

302 5474 753 5539 .lefec‘ssemet
779 5473 864 5534 sic
891 5474 1183 5554 palpando
1212 5473 1451 5534 turbida
1480 5491 1633 5554 aqua
1656 5491 1748 5534 me
1773 5473 1971 5535 ablue-
2058 5471 2214 5531 circa
2248 5489 2366 5550 [πω
2393 5467 2732 5530 incredibili
2762 5469 2977 5530 ardore
3007 5467 3316 5530 charitatis
3346 5485 3491 5547 erga
3519 5476 3577 5530 te
3604 5470 3717 5531 tle-

303 5582 459 5640 rem,
497 5573 556 5627 et
604 5563 837 5625 eluerer
868 5563 1158 5645 quotidie.
1193 5562 1478 5644 opinione
1507 5581 1639 5625 mea
1665 5581 1855 5643 proeo
1905 5581 1974 5624 ac
2060 5562 2191 5621 bam
2242 5561 2645 5637 continenter,
2678 5558 2836 5640 quod
2889 5557 3185 5619 nescirem
3246 5564 3304 5619 te
3351 5557 3486 5639 quis
3517 5576 3710 5633 esses,

303 5656 607 5735 apostolus
657 5652 1105 5734 rliscipu'usquc
1159 5662 1295 5712 tuus
1351 5651 1600 5713 dou-bat
1653 5651 1972 5732 aliquando
2057 5650 2155 5731 qui
2191 5670 2279 5709 ιη·
2316 5668 2380 5709 ex
2429 5648 2613 5709 nihilo
2650 5657 2710 5708 ut
2750 5666 2940 5709 essem
2990 5644 3344 5727 produxisti,
3381 5654 3438 5710 et
3473 5666 3507 5711 θ
3535 5666 3708 5712 θωηο
