4120 6378
493 398 608 462 599

1807 395 2187 460 SYMEONIS
2225 389 2575 459 JUNIORIS

3771 387 3888 452 600

493 525 774 606 eduxisti,
809 533 1019 606 etquae
1046 523 1205 587 dicta
1234 531 1372 586 sunt
1400 523 1602 585 omnia
1641 522 1788 584 mihi
1830 522 2017 586 factus
2047 544 2111 586 es
2159 533 2201 580 Α
2225 543 2359 586 mus
2387 546 2481 590 me
2515 528 2857 608 defecisset,
2909 527 3184 607 viresque
3223 525 3653 592 destituissent.
3689 531 3748 584 et
3774 541 3875 583 re-

493 613 804 696 Postquam
831 613 1008 694 igitur
1028 613 1184 675 hunc
1206 613 1267 674 in
1287 613 1527 674 modum
1551 631 1708 692 saepe
1743 611 1887 673 mihi
1909 631 2148 674 rursum

497 705 680 776 visus,
737 712 793 765 et
846 723 1006 785 sape
1048 721 1287 764 rursum
1333 721 1429 764 me
1474 702 1786 773 allocutus,
1830 703 2146 776 evanuisti,

497 812 610 855 nec
629 793 792 855 visus
823 811 887 854 es
909 811 945 854 a
973 811 1070 854 me
1103 792 1362 873 penitus,
1393 791 1686 867 fulgorem
1738 810 1806 852 ac
1859 792 2140 872 splendo-

496 901 628 946 rem
657 883 852 944 vultus
887 881 968 943 tui
997 899 1238 943 rursum
1273 881 1334 942 in
1364 880 1557 962 aquis,
1594 887 1657 941 ut
1694 880 1857 960 prius
1891 881 2150 942 circum-

497 970 844 1034 fundentem
898 989 995 1033 me
1037 969 1270 1045 videns,
1325 978 1380 1032 et
1428 989 1562 1031 eum
1614 987 1865 1050 prorsus
1905 988 2155 1032 cernere

502 1081 620 1123 non
653 1061 877 1134 valens,
909 1060 1258 1122 recordatus
1286 1079 1441 1133 sum,
1475 1058 1577 1121 ubi
1620 1059 1937 1140 aliquando
1990 1069 2046 1122 te
2093 1061 2155 1121 in

500 1149 778 1232 supernis
809 1149 1081 1211 viderim.
1113 1148 1185 1210 Et
1214 1149 1397 1210 alium
1447 1166 1580 1210 esse
1630 1147 1986 1228 insipienter
2017 1168 2153 1210 sus-

501 1239 752 1321 picatus,
782 1238 980 1300 denuo
1009 1258 1146 1301 cum
1179 1237 1452 1318 lacrymis
1486 1237 1692 1300 videre
1725 1247 1781 1299 te
1823 1239 2094 1318 quaesivi.

583 1327 728 1392 Cum
755 1327 956 1409 itaque
978 1327 1226 1390 multum
1265 1345 1361 1388 me
1391 1327 1720 1389 cruciarem
1741 1335 1798 1388 et
1823 1327 2151 1407 afﬂgerem,

502 1425 562 1480 et
593 1417 706 1480 mei
734 1416 933 1490 totius,
967 1435 1036 1479 ac
1069 1417 1247 1478 totius
1300 1415 1531 1492 mundi,
1580 1424 1640 1478 et
1687 1435 1894 1478 eorum
1937 1435 2067 1498 quae
2096 1417 2158 1479 in

502 1505 728 1569 mundo
759 1505 1170 1587 sunt,oblitus,
1191 1525 1388 1587 neque
1413 1506 1685 1569 umbram
1718 1506 2159 1586 saltem,neque

502 1595 662 1658 aliud
704 1594 1167 1676 quidquam,aut
1207 1594 1387 1656 etiam
1434 1595 1681 1657 omnino
1715 1605 1947 1658 exstare
1981 1596 2154 1676 quid-

505 1703 684 1765 quam
707 1702 914 1746 eorum
945 1683 1386 1766 quaevidentur,
1410 1685 1756 1764 cogitarem.
1791 1692 1852 1746 tu
1883 1684 2161 1746 omnibus

505 1773 969 1855 inaspectabilis,
1001 1771 1286 1835 intactilis
1307 1782 1366 1835 et
1388 1773 2018 1855 incomprehensibilis
2049 1793 2157 1854 ap-

2234 614 2500 676 tulissem
2527 624 2758 690 contra,
2795 623 2853 677 et
2880 615 3012 696 quis
3048 637 3155 694 ego
3201 615 3384 677 miser
3415 634 3567 685 sum,
3607 612 3881 681 Domine,

2232 711 2334 763 aut
2357 704 2496 784 quid
2533 705 2650 766 feci
2679 722 2790 784 ego
2829 705 3176 777 homuncio,
3231 714 3293 764 ut
3345 722 3438 764 me
3471 699 3884 782 hujuscemodi

2237 789 2409 852 bonis
2441 793 2779 871 dignarere,
2815 802 2873 855 et
2900 803 3075 854 tanta
3104 793 3307 872 gloriae
3335 792 3660 865 socium,ae
3691 791 3884 850 haere-

2237 877 2372 940 dem
2407 881 2754 944 institueres
2794 881 2819 944 ἲ
2865 891 3255 963 putaremque
3300 883 3453 942 hanc
3501 880 3773 960 gloriam,
3830 884 3890 939 et

2238 967 2351 1029 hoc
2377 969 2660 1049 gaudium
2688 979 2945 1032 mentem
2975 990 3164 1032 meam
3194 967 3886 1049 excedere.tu,Domine,

2240 1066 2573 1138 rursum,ut
2600 1058 2825 1119 amicus
2855 1078 2988 1120 cum
3021 1059 3212 1120 amico
3245 1059 3570 1132 disserens,
3621 1076 3725 1136 per
3747 1055 3886 1136 Spi-

2241 1145 2418 1207 ritum
2447 1156 2610 1208 tuum
2651 1147 2708 1208 in
2751 1168 2845 1209 me
2877 1149 3218 1229 loquentem
3261 1147 3778 1229 respondisti,th
3808 1143 3882 1204 ob

2241 1235 2432 1296 solum
2465 1255 2710 1316 scopum
2741 1236 3176 1310 etinstitutum,
3201 1245 3259 1300 ct
3281 1238 3458 1298 tidem
3495 1245 3649 1296 tuam
3675 1232 3891 1294 donavi

2241 1323 2373 1398 tibi,
2417 1333 2478 1385 et
2506 1325 2701 1387 adhuc
2732 1326 2992 1388 donabo.
3027 1325 3136 1398 Qui
3169 1327 3325 1387 enim
3351 1325 3509 1388 aliud
3553 1333 3652 1385 aut
3681 1322 3888 1400 habes,

2240 1420 2344 1474 aut
2366 1414 2621 1474 habuisti
2653 1415 2968 1495 aliquando
2999 1423 3162 1476 tuum
3202 1416 3474 1495 (nudusa
3495 1433 3587 1474 me
3607 1429 3889 1492 procrea-

2241 1511 2376 1578 tus,,
2413 1511 2476 1563 ut
2506 1503 2648 1565 illud
2681 1505 2994 1585 accipiam,
3032 1514 3088 1565 et
3120 1507 3242 1567 haec
3276 1504 3382 1566 tibi
3418 1499 3891 1584 rependam?Ac

2243 1590 2359 1652 nisi
2388 1591 2638 1655 vinculis
2662 1593 2931 1673 corporis
2962 1593 3137 1674 hujus
3169 1594 3418 1674 solvare,
3453 1592 3607 1673 quod
3653 1590 3887 1671 perfec-

2242 1679 2460 1741 fectum
2495 1691 2585 1743 est
2615 1701 2733 1742 non
2774 1681 3026 1763 videbis,
3082 1701 3276 1763 neque
3320 1700 3389 1743 eo
3443 1689 3560 1742 toto
3612 1681 3896 1760 praeclare

2247 1769 2470 1848 perfrui
2504 1771 2750 1850 poteris.
2803 1773 2949 1832 Cum
2994 1772 3374 1852 sulijicerem,
3410 1771 3548 1851 quid
3589 1787 3729 1830 vero
3783 1769 3897 1827 hoc

511 1863 781 1943 paruisti,
811 1870 869 1924 et
899 1863 1061 1923 visns
1090 1881 1155 1923 es
1188 1861 1334 1923 mihi
1366 1872 1626 1925 mentem
1664 1881 1854 1925 meam
1883 1882 2155 1942 purgare,
2182 1857 2220 1905 Β
2247 1859 2463 1939 majus,
2510 1868 2610 1920 aut
2651 1860 3074 1940 splendidius?
3128 1861 3274 1922 mihi
3330 1861 3567 1922 interim
3619 1859 3706 1918 sic
3765 1875 3900 1917 esse

511 1959 570 2014 et
597 1970 774 2030 agere
805 1951 920 2012 vim
950 1951 1237 2014 cernendi
1258 1951 1660 2027 animzemeae,
1689 1952 2064 2033 ampliusque
2095 1971 2162 2014 ac

513 2041 747 2123 plenius
776 2042 1158 2122 spectandam
1207 2039 1473 2121 praebere
1519 2041 1764 2119 gloriam
1813 2051 1994 2118 tuam,
2027 2043 2165 2124 quia

511 2129 827 2193 crescebas
859 2129 1065 2209 magis,
1087 2138 1146 2192 et
1168 2129 1490 2210 splendens
1515 2131 1770 2211 amplius
1798 2130 2158 2194 dilatabaris.

513 2219 699 2282 Etiam
734 2238 802 2280 ex
832 2236 1078 2280 receSsu
1113 2217 1494 2280 tenebrarum
1529 2228 1585 2282 te
1614 2219 1840 2296 venire,
1876 2228 1933 2282 et
1954 2239 2162 2302 appro-

514 2309 801 2390 pinquare
831 2307 1219 2370 animadverti
1247 2331 1263 2382 ;
1297 2308 1356 2370 id
1389 2311 1548 2390 quod
1592 2309 1766 2370 nobis
1826 2329 1944 2371 non
1976 2311 2161 2372 semel

514 2397 572 2459 in
623 2397 1009 2459 sensibilibus
1057 2397 1356 2462 usuvenit.
1412 2399 1576 2460 Luna
1622 2397 1918 2479 siquidem
1969 2417 2163 2480 appa-

511 2494 704 2567 rente,
738 2496 798 2549 et
828 2485 1087 2548 nubibus
1115 2487 1274 2548 velut
1307 2486 1773 2562 ambulantibus,
1803 2487 2036 2550 videtur
2066 2489 2167 2550 illa

514 2594 757 2640 currere
785 2575 1124 2657 celerrime,
1157 2595 1292 2637 cum
1327 2575 1477 2637 nihil
1508 2576 1580 2637 ad
1623 2595 1862 2638 cursum
1907 2597 2164 2640 consue-

517 2674 640 2727 tum
676 2663 890 2740 addat;
923 2671 1027 2726 aut
1068 2663 1404 2726 institutum
1453 2664 1526 2726 ab
1573 2665 1741 2726 initio
1791 2665 1906 2727 iter
1955 2674 2162 2729 mutet.

521 2755 809 2818 Similiter
862 2763 924 2817 tu
970 2754 1266 2816 videbaris
1314 2756 1539 2829 venire,
1587 2756 1685 2837 qui
1719 2776 1783 2818 es
1815 2756 2166 2838 immobilis,

521 2853 581 2908 et
608 2845 709 2926 qui
742 2863 806 2905 es
839 2843 1226 2905 immutabilis
1280 2863 1627 2924 augescere,
1663 2864 1729 2906 ac
1783 2845 1970 2924 major
2012 2847 2163 2918 fieri,

518 2943 578 2996 et
624 2934 873 2995 formam
935 2951 1171 3012 rapere,
1234 2934 1333 3013 qui
1392 2951 1574 3014 capax
1649 2935 1852 2996 forma:
1909 2954 2027 2997 non
2083 2956 2171 3000 es.

519 3021 1035 3096 Quemadmodum
1054 3021 1214 3082 enim
1240 3023 1299 3083 in
1325 3041 1483 3084 caeco
1507 3023 1788 3104 paulatim
1806 3023 2008 3086 videre
2023 3025 2174 3089 inci-

2247 1947 2423 2009 etiam
2461 1958 2589 2028 post
2616 1958 2862 2010 mortem
2895 1950 3136 2026 sufﬁcit,
3175 1959 3230 2010 tu
3265 1950 3526 2030 excipis;
3560 1965 3734 2028 quam
3781 1965 3898 2026 pu-

2247 2036 2380 2098 sillo
2403 2046 2462 2101 et
2494 2049 2740 2116 angusto
2781 2057 2845 2100 es
2871 2039 3092 2112 animo,
3134 2040 3233 2120 qui
3270 2038 3397 2099 istis
3430 2045 3742 2098 contentus
3765 2035 3846 2094 sis
3867 2037 3900 2093 ?

2247 2123 2383 2186 Haec
2443 2145 2578 2187 cum
2630 2126 2847 2188 futuris
2896 2128 3132 2203 eollata,
3184 2127 3401 2188 similia
3458 2135 3595 2187 sunt
3637 2125 3786 2186 caelo
3837 2123 3902 2182 in

2248 2215 2473 2290 charta,
2515 2235 2692 2296 quam
2727 2218 2860 2297 quis
2905 2237 3084 2278 manu
3129 2226 3346 2287 teneat,
3401 2216 3658 2296 depicto,
3715 2220 3771 2274 et
3822 2212 3897 2272 ad

2249 2306 2643 2384 spectandum
2695 2307 3020 2387 proposito.
3057 2306 3350 2379 Quantum
3405 2305 3562 2368 enim
3615 2305 3726 2364 hoc
3759 2320 3905 2385 vero

2250 2392 2399 2454 coelo
2431 2393 2681 2455 inferius
2731 2404 2840 2469 est,
2899 2405 3056 2458 tanto
3090 2396 3302 2475 major,
3337 2403 3393 2455 et
3415 2394 3544 2455 sine
3584 2409 3902 2470 compara-

2251 2481 2412 2543 tione
2445 2484 2635 2563 major
2672 2484 2783 2546 hac
2813 2504 2989 2565 quam
3041 2503 3198 2545 nunc
3237 2485 3426 2564 vides,
3477 2484 3670 2543 futura
3715 2478 3910 2559 gloria

2251 2570 2633 2636 revelabitur.

2331 2658 2730 2722 Haeclocutus
2773 2662 3135 2743 conticuisti,
3198 2670 3254 2725 et
3309 2663 3531 2722 sensim
3585 2659 3798 2728 bonus,
3837 2676 3908 2718 ac

2252 2747 2443 2810 dulcis
2469 2749 2756 2811 Dominus
2773 2750 2845 2811 ab
2867 2761 3110 2831 aspectu
3153 2769 3283 2811 meo
3309 2750 3536 2811 ablatus
3569 2768 3655 2809 es.
3694 2746 3907 2809 Utrum

2253 2837 2391 2918 quia
2423 2857 2530 2917 ego
2563 2840 2910 2902 recederem
2937 2859 2968 2901 a
2993 2849 3072 2913 te,
3117 2861 3189 2901 an
3220 2840 3359 2920 quia
3392 2853 3454 2901 tu
3485 2839 3843 2899 abscoderes
3876 2856 3912 2894 a

2260 2946 2379 3008 me,
2415 2927 2557 2989 mihi
2596 2949 2714 2990 non
2759 2930 2966 3011 liquet.
3027 2930 3191 2991 Tunc
3250 2947 3456 2990 rursus
3500 2928 3560 2988 in
3595 2946 3688 2986 me
3730 2925 3908 3004 plane

2258 3015 2366 3090 fui,
2398 3017 2672 3080 alicunde
2707 3037 2803 3081 me
2842 3019 3077 3082 venisse
3120 3029 3305 3094 ratus;
3340 3026 3395 3080 et
3425 3017 3728 3096 ingressus
3776 3033 3908 3073 sum

520 3112 812 3195 piente,et
841 3118 1066 3183 notam,
1097 3128 1202 3172 seu
1227 3102 1538 3174 inducium
1571 3115 1888 3191 tiguramve
1911 3114 2174 3177 hominis
2194 3178 2230 3195 η
2260 3106 2423 3186 Prius
2448 3105 3185 3195 tabernaclllllmtindeque
3207 3108 3266 3168 in
3293 3107 3639 3168 memoriam
3665 3102 3912 3164 rediens

417 3234 421 3236 -
519 3178 1062 3274 animadvertente,
1089 3209 1149 3263 et
1179 3199 1311 3281 quis
1349 3199 1445 3275 sit,
1479 3178 1702 3262 sensim
1751 3178 2232 3282 cognoscente,C
2261 3178 2720 3273 pulchritudinis
2750 3197 2953 3276 gloria:
2999 3178 3134 3276 tuae,
3179 3204 3235 3257 et
3281 3196 3602 3257 verborum
3648 3201 3912 3282 tuorum,

521 3310 641 3353 non
672 3298 833 3370 nota,
865 3307 970 3351 seu
992 3289 1182 3368 ﬁgura
1205 3299 1450 3371 propter
1478 3290 1766 3353 visionem
1797 3281 2171 3375 immoratur,
2257 3284 2592 3375 ambulans,
2629 3288 2872 3364 sedens,
2909 3287 3256 3375 comedens,
3294 3285 3551 3375 bibens,
3565 3299 3744 3375 orans
3795 3281 3912 3341 lle-

522 3391 624 3444 aut
657 3381 1148 3457 transformatur;
1181 3379 1284 3442 sed
1318 3380 1404 3442 vis
1437 3380 1664 3443 videnti
1704 3401 1834 3462 quae
1883 3383 1946 3444 in
1983 3371 2176 3447 oculis
2259 3373 2416 3453 bam,
2451 3383 2508 3467 et
2537 3373 2598 3436 in
2635 3376 2884 3467 gaudio,
2907 3374 3170 3437 vivebam
3216 3371 3627 3467 inenarrabili.
3660 3387 3806 3467 pum
3833 3376 3912 3467 _le

521 3472 653 3552 ejus
703 3479 792 3533 est
849 3476 1115 3552 purgata,
1178 3469 1425 3549 figuram
1479 3477 1537 3536 et
1597 3459 1846 3533 formam
1877 3472 2070 3553 qualis
2090 3482 2178 3535 est
2259 3462 2696 3553 cognovissem.
2743 3462 3031 3553 Opiﬁcem
3083 3464 3374 3526 omnium.
3406 3459 3714 3553 Quomodo
3749 3459 3912 3553 enim

521 3547 798 3643 percipit,
831 3547 952 3620 tota
981 3559 1110 3639 ejus
1142 3547 1538 3622 similitudine
1569 3559 1730 3622 velut
1759 3547 2051 3639 impressa
2088 3563 2141 3624 fa
2263 3570 2378 3612 non
2410 3551 2774 3643 gauderem?
2805 3552 2920 3616 Sed
2957 3571 3189 3616 rursum
3226 3560 3488 3643 mtestus,
3514 3559 3574 3643 et
3603 3549 3712 3643 isto
3736 3547 3921 3609 modo

519 3637 724 3712 cultati
755 3637 1027 3722 videndi,
1053 3646 1299 3710 etillam
1324 3654 1708 3728 penetrante,
1743 3637 1920 3730 atque
1953 3649 2013 3710 in
2041 3668 2174 3711 eam
2260 3658 2501 3702 rursum
2536 3649 2593 3702 te
2624 3642 2830 3704 videre
2855 3643 3310 3723 concupiscens,
3345 3650 3406 3702 ut
3434 3640 3552 3700 abii
3585 3637 3654 3730 ad
3693 3637 3915 3698 imma-

519 3737 809 3812 abstersa,
847 3741 905 3796 et
933 3735 1105 3816 quasi
1134 3734 1194 3795 in
1227 3727 1488 3797 tabulam
1529 3727 1916 3817 insculpta'in
1954 3738 2173 3813 anima,
2261 3730 2469 3823 (inlatae
2493 3731 2761 3792 Parentis
2801 3740 2915 3793 tua:
2957 3732 3302 3811 imaginem,
3346 3731 3534 3810 ipsam
3569 3727 3915 3823 salutatum,

522 3846 639 3908 qua
667 3834 834 3907 parte
863 3823 1168 3902 intelligit,
1203 3831 1262 3884 et
1292 3823 1606 3887 meminit:
1634 3825 1721 3887 sic
1752 3825 1928 3888 etiam
1962 3835 2019 3888 tu
2052 3827 2181 3907 ipse
2265 3827 2322 3908 et
2351 3819 2412 3879 in
2444 3838 2638 3898 genua
2686 3820 3000 3901 procubui,
3037 3831 3095 3880 tu
3127 3832 3444 3901 antequam
3483 3833 3816 3908 surgerem,
3853 3819 3914 3873 in

523 3905 750 3978 lumine
788 3913 980 3976 sancti
1004 3912 1262 3993 Spiritus
1297 3913 1612 3994 perspicue
1642 3915 1801 3976 visus
1832 3933 1918 3985 es,
1958 3923 2014 3976 et
2038 3905 2178 3995 pur-
2263 3905 2498 3986 abjecto
2550 3909 2731 3970 corde
2775 3929 2930 3984 meo,
2982 3919 3045 3970 ut
3103 3909 3302 3970 lumen
3351 3907 3671 3989 perﬁciens
3723 3905 3921 3995 ipsum

525 4003 672 4084 gasti
705 4011 966 4064 mentem
1001 4020 1194 4063 meam
1235 3993 1497 4081 integre:
1525 4022 1638 4084 qua
1661 4004 1880 4065 clarius
1901 4011 1959 4064 et
1979 3993 2181 4085 purius
2266 4014 2298 4055 a
2329 4014 2432 4056 me
2455 3996 2615 4085 visus
2638 4016 2726 4060 es.
2761 3997 2827 4059 Et
2861 4008 2985 4060 tum
3018 3999 3263 4078 cognovi
3297 4008 3351 4060 le
3391 4017 3495 4078 pro
3531 4001 3693 4057 certo
3727 3993 3784 4052 in
3823 4010 3924 4051 me

526 4092 790 4164 vidente,
826 4100 887 4152 tu
919 4089 1068 4152 mihi
1093 4090 1370 4153 alicunde
1403 4092 1630 4171 egredi,
1682 4102 1741 4154 et
1791 4084 2044 4156 lucidior
2072 4113 2180 4174 ap-
2270 4102 2421 4146 esse.
2457 4084 2539 4146 Ex
2571 4105 2641 4148 eo
2673 4106 2791 4148 non
2819 4088 2974 4168 quod
3008 4107 3239 4149 memor
3268 4105 3459 4148 essem
3495 4085 3599 4164 tui,
3628 4092 3682 4174 et
3709 4099 3919 4143 eorum

532 4199 746 4262 parere
779 4181 940 4242 visus
972 4186 1127 4255 es,et
1149 4181 1558 4242 characterem
1601 4181 1809 4243 formae
1838 4183 1967 4243 sine
1998 4173 2186 4245 forma
2270 4193 2384 4255 qua
2416 4184 2511 4236 tua
2539 4185 2697 4258 sunt,
2743 4184 2800 4239 te
2852 4177 3194 4256 diligebam,
3231 4179 3336 4238 sed
3389 4185 3444 4236 te
3492 4173 3917 4262 subsi;tentem

535 4259 597 4331 ut
654 4270 919 4332 viderem
970 4269 1320 4331 concessisti
1380 4269 1552 4345 mihi,
1595 4279 1654 4332 et
1707 4279 1829 4332 tum
1885 4291 1980 4333 me
2025 4275 2189 4334 extra
2273 4264 2616 4326 cbaritatem
2669 4267 2822 4328 intra
2875 4286 2969 4328 me
3018 4285 3155 4328 vere
3206 4266 3432 4328 habere
3470 4262 3722 4326 credidi.
3767 4259 3921 4320 Vere

533 4358 819 4421 mundum
877 4357 1198 4436 abduxisti,
1251 4367 1308 4420 et
1367 4359 1523 4440 quod
1574 4359 1692 4422 dici
1747 4361 1836 4421 fas
1884 4361 2182 4438 existimo,
2215 4351 2430 4440 nenim
2468 4362 2526 4415 tu
2551 4354 2710 4416 Deus
2737 4356 2993 4418 charitas
3023 4375 3106 4418 es.
3142 4355 3311 4416 Fidei
3336 4354 3512 4433 igitur
3553 4369 3688 4433 spes
3719 4349 3925 4420 insita,

529 4449 707 4512 etiam
733 4457 900 4512 extra
921 4467 1162 4529 corpus;
1197 4468 1331 4511 nam
1367 4457 1429 4510 ut
1457 4449 1612 4512 istud
1647 4459 1922 4513 accurate
1944 4451 2184 4525 scirem,
2214 4442 2332 4504 "et
2361 4442 2421 4504 in
2454 4443 2582 4524 ipsa
2612 4465 2645 4507 a
2689 4446 3037 4526 pcenitentia
3076 4455 3134 4507 et
3178 4445 3452 4526 lacrymis
3501 4443 3708 4522 rigata,
3753 4447 3919 4520 post-

531 4558 652 4600 non
682 4537 920 4602 dedisti.
958 4536 1152 4616 Supra
1177 4538 1398 4600 mundo
1431 4538 1613 4617 igitur
1665 4539 2014 4602 illuminasti
2069 4560 2186 4621 me,
2273 4551 2447 4613 quam
2482 4533 2658 4595 etiam
2686 4555 2718 4597 a
2743 4535 2962 4596 lumine
2991 4544 3086 4595 tuo
3109 4535 3400 4596 illustrala
3429 4532 3663 4621 radices
3698 4530 3839 4608 egit,
3868 4539 3928 4621 et

533 4635 612 4704 et,
652 4626 1067 4708 utvidebatur,
1093 4626 1270 4706 plane
1302 4628 1552 4708 pulchre
1583 4629 1803 4690 videnti
1857 4629 2001 4690 mihi
2032 4617 2191 4690 visus
2276 4621 2428 4682 bene
2478 4631 2649 4684 aucta
2694 4632 2804 4697 est,
2859 4634 2977 4685 tum
3031 4624 3251 4685 deinde
3291 4632 3349 4684 tu
3396 4623 3522 4702 ipse
3555 4619 3748 4680 bonus
3779 4617 3928 4708 urti-

532 4736 618 4778 es.
654 4715 725 4779 Et
753 4735 888 4778 cum
921 4725 977 4777 te
1009 4715 1466 4794 interrogarem,
1515 4719 1784 4794 Domine.
1839 4718 1970 4799 quis
2001 4738 2186 4792 esses,

535 4816 674 4868 tunc
704 4805 960 4888 primum
995 4824 1088 4867 me
1122 4805 1417 4887 perditum
1451 4826 1594 4869 voce
1643 4815 1738 4868 tua
1787 4808 2060 4887 dignatus
2102 4828 2186 4882 es,

536 4895 1004 4976 perculsumque
1055 4902 1393 4973 stupentem
1439 4915 1506 4958 ac
1537 4905 1914 4969 trementem,
1950 4906 2009 4958 et
2039 4900 2193 4977 apud

535 4985 802 5047 animum
861 4985 1071 5046 leviter
1130 4987 1512 5062 cogitantem,
1572 5004 1640 5047 ac
1685 4984 2008 5061 dicentem,
2051 4988 2190 5068 quid

537 5073 654 5136 sibi
681 5073 794 5136 ista
820 5073 1097 5154 gloria,et
1131 5074 1311 5153 hujus
1333 5074 1672 5152 splendoris
1697 5075 2035 5154 magnitudo
2049 5078 2198 5137 vult?

535 5161 836 5246 quomodo
859 5170 961 5224 aut
993 5161 1153 5223 unde
1181 5180 1289 5238 ego
1322 5163 1458 5223 talia
1490 5163 1646 5224 bona
1667 5165 1952 5226 mereor?
1981 5164 2200 5227 leniter

539 5271 609 5314 ac
639 5251 873 5334 placide
917 5251 1136 5314 affatus
1185 5269 1248 5312 es
1291 5249 1349 5314 in
1403 5252 1558 5313 hunc
1595 5253 1834 5313 modum
1870 5271 1883 5314 :
1918 5252 2039 5333 Ego
2067 5273 2195 5315 sum

542 5344 726 5417 Deus,
762 5348 862 5403 tua
892 5358 1068 5404 causa
1115 5340 1356 5402 bommo
1395 5340 1602 5402 factus.
1656 5344 1724 5404 Et
1773 5342 2049 5422 quoniam
2107 5363 2202 5404 me

545 5437 666 5492 tota
713 5430 916 5494 anima
973 5429 1318 5512 quaesivisti,
1383 5430 1456 5490 de
1508 5439 1746 5506 czetero,
1810 5450 1968 5505 ecce,
2025 5431 2204 5492 frater

549 5538 738 5595 meus,
771 5527 827 5582 et
854 5519 1145 5595 coheres,
1179 5525 1239 5580 et
1267 5519 1498 5580 amicus
1530 5521 1669 5581 eris.

628 5611 715 5674 A’d
760 5611 917 5676 hanc
946 5611 1275 5674 orationem
1310 5630 1443 5672 cum
1478 5611 1942 5694 obstupuissem,
1981 5622 2039 5676 et
2066 5613 2202 5676 ani-

631 5781 692 5831 57
724 5779 896 5844 Rom.
929 5797 1055 5862 VIII,
1088 5781 1189 5844 24.

2275 4711 2389 4787 fex,
2423 4720 2479 4771 et
2526 4722 2733 4774 auctor
2761 4714 3112 4787 adveniens,
3168 4732 3272 4794 per
3329 4711 3587 4790 gladium
3644 4707 3934 4770 tentatio-

2277 4818 2445 4881 nun,
2483 4821 2588 4882 per
2620 4802 3041 4878 humilitatem,
3091 4805 3356 4883 inquam,
3395 4801 3454 4860 in
3487 4817 3755 4876 magnam
3790 4795 3934 4855 alti-

2275 4889 2542 4952 tudinem
2581 4899 2785 4952 enatos
2818 4892 3055 4953 inutiles
3099 4890 3521 4970 cogitationum
3571 4906 3765 4948 ramos
3796 4903 3932 4944 am-

2281 4987 2514 5061 putans,
2551 4983 2682 5062 spei
2722 4983 2855 5064 soli,
2897 4991 2956 5043 ut
3002 4981 3104 5042 nui
3147 4980 3330 5042 radie-i
3379 4977 3609 5039 arboris
3661 4983 3930 5064 sanctam

2281 5069 2626 5131 cltaritatem
2686 5063 2848 5132 tuam
2895 5070 3182 5132 insevisti.
3231 5069 3395 5130 Hanc
3448 5067 3648 5146 itaque
3692 5063 3937 5124 assiduo

2285 5161 2652 5222 incremento
2683 5163 2997 5242 proficere,
3019 5169 3070 5221 et
3108 5167 3450 5221 consuetam
3479 5175 3547 5216 ac
3579 5151 3936 5242 familiarem

2285 5247 2454 5316 mihi,
2489 5251 2582 5311 vel
2616 5241 2815 5330 potius
2847 5259 2901 5311 te
2933 5269 3040 5330 per
3073 5253 3228 5310 hanc
3276 5248 3615 5320 docentem,
3659 5251 3717 5302 et
3767 5241 3940 5301 ilius-

2289 5349 2540 5401 trantem
2576 5360 2669 5402 me
2701 5359 2978 5421 cernens,
3013 5349 3076 5400 ut
3099 5341 3220 5419 jam
3258 5337 3420 5398 omni
3451 5335 3570 5395 lide
3605 5351 3671 5393 ac
3704 5349 3808 5412 spe
3835 5349 3943 5390 su-

2290 5435 2509 5514 perior,
2544 5434 2629 5496 sic
2653 5434 2903 5500 afﬁcior.
2939 5431 3440 5512 quemadmodum
3478 5426 3774 5491 cl'Paulus
3812 5428 3945 5486 cla-

2289 5543 2457 5586 mans
2479 5526 2558 5586 ait
2595 5544 2607 5583 :
2638 5524 2807 5598 Quod
2837 5524 2999 5586 enim
3033 5523 3166 5603 quis
3197 5521 3380 5594 ridet,
3415 5519 3564 5600 quid
3597 5523 3806 5596 sprral
3836 5515 3897 5564 b7
3924 5523 3950 5574 .¹

2288 5614 2349 5677 Si
2380 5614 2559 5694 igitur
2589 5633 2697 5692 ego
2731 5621 2785 5674 te
2811 5613 3025 5685 habeo,
3053 5612 3192 5693 quid
3229 5617 3514 5692 praeterea
3546 5625 3722 5687 spero
3743 5604 3773 5663 ξ’
