4120 6418
361 393 471 455 601

1492 388 1933 453 DIVINORUM
1979 383 2305 447 AMORUM
2354 386 2606 449 LIBER.

3627 386 3745 454 602

446 525 593 589 Audi
622 525 793 607 quid.
819 525 892 591 Ut
920 525 1110 590 solem
1139 526 1201 588 in
1224 543 1377 606 aqua
1407 522 1598 603 vides,
1621 521 1790 583 illum
1813 519 2006 602 ipsum
2030 530 2071 576 Α
2093 514 2252 576 stodi
2284 535 2380 607 me
2412 527 2814 607 peccatorem,
2872 530 2929 583 et
2979 521 3289 604 indignum
3324 524 3533 588 collata
3564 529 3623 589 in
3653 548 3750 590 me

359 623 558 677 autem
592 614 937 696 neutiquam
969 615 1156 692 vides,
1215 611 1481 695 quamvis
1512 609 2008 710 magis‘deorsum

364 712 426 766 te
455 704 731 778 inclines,
767 706 880 767 tale
911 706 1051 787 quin
1086 724 1218 768 esse
1245 703 1532 781 in‘tellige,
1560 699 1794 782 quodin
1822 708 1876 760 te
1901 698 1963 759 tit
1993 720 2007 767 ;

361 803 424 855 et
452 794 681 857 instrue
711 803 791 870 te,
853 804 910 858 et
958 795 1132 858 stude
1162 811 1447 890 semper,
1503 792 1746 890 intrate
1777 807 1924 890 pure
1956 794 2013 890 te

364 884 546 965 clare,
574 885 888 947 cousolem
908 886 968 946 in
990 904 1142 966 aqua
1162 882 1430 964 limpida,
1463 878 1816 942 meintueri.
1842 876 2013 950 Quod

363 972 591 1035 utinam
616 973 705 1035 sic
735 973 938 1036 videre
971 993 1088 1055 me,
1124 982 1188 1036 ut
1216 972 1361 1045 dixi,
1395 970 1575 1033 etiam
1608 976 1739 1049 post
1762 975 2011 1028 mortem

365 1081 657 1126 mereare.
692 1063 882 1125 Aliter
915 1072 1071 1125 totus
1098 1063 1210 1125 iste
1262 1061 1424 1156 orbis
1450 1077 1721 1156 operum
1753 1064 1812 1156 et
1841 1057 2015 1117 labo-

365 1168 521 1223 rum,
554 1159 614 1213 et
637 1152 951 1214 verborum
981 1161 1214 1214 tuorum
1240 1149 1388 1212 nihil
1422 1147 1529 1211 tibi
1549 1146 1853 1227 proderit:
1885 1162 2018 1224 pro-

362 1238 523 1301 derit
543 1241 793 1303 autem?
843 1245 959 1302 imo
1008 1241 1119 1303 ista
1164 1239 1349 1319 magis
1398 1232 2013 1334 te.condemna.b‘nnt,

366 1327 937 1412 tribulationemque
989 1332 1272 1408 majorem
1327 1325 1658 1407 parabunt:
1692 1322 2013 1403 siquidem,

361 1424 427 1505 ut
456 1419 650 1492 audis,
674 1428 946 1505 potentes
963 1425 1244 1500 potenter
1264 1422 1563 1480 tormenta
1579 1415 1902 1505 potientur
1920 1412 2015 1472 58.

360 1497 517 1560 Nam
540 1495 789 1581 pauperi
811 1500 883 1562 ab
906 1495 1037 1562 ortu
1087 1519 1193 1561 suo
1217 1517 1333 1560 non
1368 1505 1483 1559 tam
1514 1495 1730 1575 pudoz'i
1759 1501 1847 1554 est
1868 1511 2013 1573 pau-

363 1580 563 1664 pertas
594 1580 720 1661 sua,
758 1607 868 1651 nec
900 1589 1030 1669 ejus
1086 1606 1289 1651 comes
1341 1584 1601 1681 tristitia,
1637 1580 2016 1681 adeoipsum

361 1676 616 1753 cruciat,
649 1684 714 1738 ut
755 1696 917 1754 eum,
951 1677 1053 1759 qui
1085 1678 1145 1738 in
1189 1674 1432 1748 divitiis,
1488 1681 1546 1734 et
1576 1672 1636 1732 in
1668 1671 1874 1750 gloria,
1910 1688 2018 1730 ex-

2097 604 2509 668 misericordia
2569 616 2701 671 tua:
2764 619 2823 672 et
2882 613 3187 675 surculum
3240 615 3580 678 dilectionis
3611 627 3745 696 tuaz,

2096 711 2271 773 quem
2303 693 2364 754 in
2395 696 2672 758 arborem
2706 700 2831 778 Spei
2893 720 3039 762 meae
3095 702 3383 779 insevisti,
3409 704 3620 768 virtute
3653 693 3748 768 tua

2096 782 2441 860 corrobora,
2479 803 2555 847 ne
2585 804 2618 847 a
2640 795 2815 848 vento
2830 799 3283 871 conquassetur,
3313 813 3388 854 ne
3416 813 3450 856 a
3481 813 3625 874 proc
3671 796 3750 857 lla

2097 870 2526 951 confringatur,
2558 893 2633 936 ne
2663 878 2739 936 ab
2796 870 2995 959 aliquo
3054 879 3297 943 inimico
3328 870 3637 965 evellatur,
3672 904 3746 945 ne

2103 977 2226 1037 prae
2260 960 2617 1039 negligentia
2635 982 2765 1025 mea
2784 974 2926 1027 aestu
2943 979 3242 1051 exuratur,
3277 989 3354 1031 ne
3366 989 3488 1051 pra:
3519 960 3750 1052 pigritia

2103 1054 2164 1108 et
2194 1048 2478 1128 superbia
2511 1068 2641 1112 mea
2670 1064 3002 1135 cxarescat,
3067 1075 3140 1118 ne
3174 1048 3293 1138 prae
3318 1048 3751 1137 studio—gloria:

2101 1133 2296 1196 inanis
2328 1139 2572 1198 omnino
2608 1141 2843 1202 tandem
2869 1133 3092 1222 pereat.
3133 1133 3217 1207 T'u
3250 1148 3408 1207 enim
3436 1133 3611 1224 nosti,
3648 1148 3749 1230 qui

2100 1224 2213 1285 hoc
2248 1225 2394 1286 mihi
2428 1227 2685 1304 donasti,
2749 1238 2807 1291 et
2861 1231 2922 1292 in
2980 1251 3074 1294 me
3133 1245 3415 1314 operatus
3466 1255 3551 1303 es.
3589 1246 3643 1298 te
3666 1224 3747 1298 ob

2099 1312 2256 1373 istud
2274 1313 2454 1376 meab
2475 1316 2748 1378 omnibus
2768 1321 3132 1396 mortalibus,
3154 1312 3185 1383 εἰ
3207 1324 3424 1386 mundo
3444 1325 3747 1406 universo,

2098 1418 2409 1466 sevocasse
2444 1426 2459 1480 ;
2492 1425 2525 1466 a
2558 1425 2649 1467 me
2700 1426 2933 1490 quoque
2962 1410 3090 1491 ipso
3131 1412 3461 1492 adjumrem
3492 1422 3550 1475 et
3577 1414 3748 1475 ausi-

2100 1490 2336 1553 liarium
2394 1513 2613 1571 meum,
2666 1506 2829 1558 tuum
2871 1490 3006 1562 vero
3048 1490 3376 1582 apostolum
3413 1523 3518 1583 pro
3550 1505 3749 1565 volun-

2102 1585 2219 1641 tate
2252 1588 2350 1642 tua
2379 1585 2775 1665 corporaliter
2806 1606 3134 1668 separasse.
3167 1592 3250 1652 Tu
3292 1591 3410 1653 scis
3438 1592 3747 1654 inﬁrmita-

2102 1676 2220 1730 tem
2256 1689 2473 1747 meam,
2513 1681 2570 1734 tu
2604 1694 2720 1735 non
2753 1675 2992 1754 ignoras
3027 1679 3349 1755 miseriam,
3389 1683 3528 1743 etad
3551 1682 3752 1744 omnia

359 1766 649 1847 celsoque
669 1768 855 1847 gradu
877 1756 1045 1843 vixit,
1070 1783 1397 1846 regumque
1428 1761 1823 1824 familiaritate
1854 1778 2013 1849 usus.
2044 1788 2081 1835 Β
2106 1756 2584 1849 imbecillitatem
2621 1783 2836 1825 meam.
2872 1765 3129 1829 Proinde
3177 1771 3431 1849 amplius
3463 1770 3751 1832 miserere

359 1853 588 1919 deinde
617 1857 895 1919 omnibus
920 1856 1038 1919 illis
1068 1855 1303 1919 amissis
1333 1852 1406 1950 ad
1450 1868 1746 1950 summam
1783 1848 2020 1950 m‘en'dij

358 1943 607 2006 citatcm
631 1946 955 2027 depressus
978 1956 1088 2009 est.
1119 1943 1378 2038 Tametsi
1399 1961 1496 2004 res
1519 1959 1637 2038 non
1661 1939 1742 2001 ita
1761 1956 1825 2038 se
1841 1935 2022 2038 habet

359 2034 416 2094 in
453 2036 737 2110 terrenis,
799 2044 856 2097 et
904 2054 1036 2117 quae
1078 2034 1188 2097 sub
1240 2033 1443 2095 oculos
1494 2029 1736 2128 cadunt,
1772 2029 1927 2128 sicut
1957 2029 2019 2128 in

356 2122 732 2200 ccelestibus,
767 2133 826 2187 et
857 2144 988 2207 quae
1004 2125 1115 2187 sub
1142 2130 1446 2205 aspectum
1480 2119 1727 2218 minime
1750 2119 2015 2218 veniunt.

359 2211 481 2285 Qui
513 2215 677 2275 enim
699 2223 921 2276 certam
949 2213 1026 2275 ob
1048 2231 1283 2276 causam
1307 2207 1527 2272 terreni
1558 2207 1715 2286 regis
1734 2207 2016 2278 amicitia,

356 2309 415 2363 et
447 2301 745 2366 famulatu
784 2302 1012 2365 multati
1069 2311 1205 2364 sunt
1250 2301 1325 2362 iis
1376 2299 2018 2393 fortunarum‘suarum

264 2384 281 2409 ⁷
356 2390 650 2453 dominus
666 2410 824 2467 esse,
842 2392 1032 2474 iisque
1050 2392 1191 2472 frui,
1216 2399 1274 2453 et
1292 2380 2017 2483 vivere_non_prohibetu.r.

360 2486 466 2543 Ast
519 2499 661 2543 mea
705 2470 1011 2554 charitate,
1047 2488 1107 2543 et
1150 2470 1413 2542 amicitia
1463 2477 1513 2537 si
1543 2473 1676 2555 quis
1708 2470 2020 2542 exciderit,

359 2569 565 2632 vivere
598 2572 807 2653 nequit
833 2590 1111 2654 prorsus;
1181 2570 1294 2665 vita
1346 2567 1507 2629 enim
1541 2564 1670 2665 ejus
1699 2580 1806 2641 ego
1838 2578 1969 2659 sum
2006 2579 2019 2622 ε

358 2661 467 2722 sed
500 2658 671 2723 illico
703 2660 978 2735 nudatur,
1016 2668 1073 2722 et
1097 2658 1388 2740 Spoliatur
1411 2653 1714 2749 omnibus,
1735 2653 2024 2749 .meisque

359 2765 425 2807 ac
454 2746 587 2809 suis
618 2740 1750 2835 hostibuscapienduspermittitur.Cui
1786 2742 2022 2835 arrepto

357 2834 443 2897 illi
469 2856 586 2917 pro
617 2838 868 2918 pristino
888 2828 1017 2920 ejus
1048 2838 1220 2899 inme
1250 2851 1478 2905 amore,
1517 2838 1574 2892 et
1603 2828 2025 2928 benevo‘entia

358 2912 651 2987 furiosius
707 2912 1014 2990 insultant.
1072 2941 1388 3008 paenasque
1432 2938 1564 2982 cum
1614 2912 2018 2990 irrisionibus,

357 3022 413 3075 et
444 3015 733 3079 ludibriis
763 3016 1048 3097 irrogant.

2107 1848 2244 1920 mei,
2263 1849 2361 1930 qui
2375 1849 2642 1913 abundas
2661 1852 2828 1915 mise:
2849 1853 3092 1918 icordize
3105 1848 3452 1920 visceribus.
3466 1860 3752 1921 Advolvor

2105 1935 2212 1996 tibi
2235 1955 2308 1998 ex
2336 1941 2580 2016 animo;
2627 1960 2703 2002 ne
2753 1945 3059 2022 permittas
3120 1966 3213 2009 me
3261 1948 3545 2010 voluntati
3579 1968 3749 2029 meae,

2103 2024 2204 2105 qui
2237 2033 2355 2087 tam
2393 2029 2571 2090 multa
2603 2029 2955 2096 benet‘ecisti
2986 2034 3154 2116 mihi,
3213 2037 3316 2098 sed
3370 2037 3429 2098 in
3461 2024 3752 2099 cliarilate

2105 2122 2201 2175 tua
2230 2118 2604 2180 constabilxto
2653 2123 2913 2182 animam
2972 2142 3189 2200 meam,
3246 2133 3304 2187 et
3352 2126 3412 2188 in
3469 2128 3597 2207 ipsa
3621 2146 3750 2189 eam

2102 2202 2334 2265 radices
2363 2212 2485 2267 tuto
2507 2206 2596 2267 fac
2620 2227 2946 2289 propagare
2976 2230 2993 2273 :
3026 2222 3087 2273 ut
3109 2215 3440 2277 secundum
3474 2202 3751 2297 impollu-

2104 2300 2242 2372 tam,
2278 2303 2567 2367 sanctam,
2603 2315 2638 2357 a
2660 2300 2969 2362 mendacio
2999 2303 3254 2364 alienam
3293 2305 3751 2384 promissionem

2104 2388 2263 2442 tuam
2297 2401 2530 2444 mecum
2561 2384 2621 2446 in
2652 2405 2746 2448 me
2777 2387 2882 2463 sis,
2939 2398 2997 2451 et
3042 2410 3149 2471 ego
3201 2394 3458 2455 vicissim
3490 2396 3546 2455 in
3581 2404 3659 2468 te,
3695 2401 3753 2455 et

2107 2476 2270 2565 tegar
2301 2470 2556 2565 ab_ipsa,
2595 2483 2651 2565 et
2678 2495 2783 2565 ego
2839 2487 3054 2557 tegam,
3100 2490 3156 2542 et
3199 2484 3527 2546 custodiam
3560 2484 3747 2565 ipsam

2105 2559 2168 2619 in
2201 2577 2315 2620 me.
2352 2562 2427 2623 Et
2457 2571 2519 2623 tu
2552 2563 2792 2645 quidem
2844 2567 3044 2630 videas
3099 2590 3194 2634 me
3223 2573 3284 2633 in
3314 2573 3463 2653 ipsa.
3502 2559 3755 2638 Domine

2083 2665 2211 2726 .ego
2243 2656 2438 2710 autem
2473 2660 2527 2713 te
2552 2652 2753 2717 videre
2785 2673 2890 2735 per
2921 2656 3109 2737 ipsam
3152 2652 3402 2729 merear.
3438 2680 3594 2723 nunc
3627 2661 3757 2742 qui-

2106 2735 2241 2797 dem
2275 2746 2338 2799 ut
2386 2738 2447 2800 in
2486 2745 2733 2822 speculo
2782 2754 2838 2805 et
2890 2735 3312 2828 inirenigmate,
3347 2735 3746 2824 utdixisti-59,

2108 2833 2505 2920 tunc‘austem
2540 2831 2600 2892 in
2633 2841 2748 2893 tota
2771 2835 3057 2898 charitate
3084 2849 3162 2918 te,
3195 2840 3294 2920 qui
3324 2849 3483 2902 totus
3517 2858 3581 2902 es
3607 2842 3754 2902 cha-

2107 2915 2343 2988 ritas60,
2366 2926 2425 2981 et
2454 2919 2536 2982 ita
2557 2922 2750 2984 vocari
2773 2923 3044 3004 dignatus
3068 2915 3157 2991 es.
3184 2915 3479 3001 Quoniam
3503 2939 3562 2993 te
3582 2929 3759 2991 decet

2105 3006 2300 3067 omnis
2329 3009 2646 3086 gratiarum
2698 3013 2854 3076 actio
2901 3016 3109 3094 gloria,
3164 3019 3505 3100 imperium,
3536 3019 3751 3081 honor.

437 3103 600 3168 Sane
628 3105 711 3168 ita
740 3115 850 3185 est,
877 3092 1003 3171 Rex
1021 3103 1417 3167 sanctissime.
1441 3099 1599 3165 Sane
1622 3105 1679 3159 et
1706 3116 1812 3175 ego
1839 3092 2018 3156 credo
2039 3112 2079 3163 c
2105 3103 2163 3157 et
2191 3096 2479 3174 adoratio,
2513 3099 2775 3177 Patrem,
2805 3114 2862 3166 et
2907 3092 3152 3188 Filium,
3208 3092 3268 3169 et
3294 3092 3578 3190 Spiritum
3610 3128 3751 3171 san-

360 3197 460 3261 tibi
495 3197 625 3261 Deo
660 3216 814 3276 meo,
850 3210 910 3264 et
936 3200 1185 3282 supplex
1245 3216 1314 3258 ac
1372 3214 1594 3277 pronus
1628 3200 1681 3253 te
1714 3206 1877 3266 rogo,
1908 3204 2017 3247 cu-

2107 3191 2286 3259 ctum,
2324 3193 2381 3245 et
2411 3206 2674 3274 semper,
2711 3201 2770 3254 et
2799 3193 2857 3255 in
2892 3195 3121 3257 inﬁn-ta
3156 3198 3395 3273 saecula,
3430 3198 3644 3261 Arnen.

433 3379 503 3431 58
534 3379 673 3460 Sap.
709 3397 791 3456 vx,
830 3382 883 3443 7.
969 3382 1033 3436 59
1065 3381 1085 3443 ι
1119 3379 1254 3442 Cor.
1293 3392 1416 3450 xm,
1457 3377 1550 3435 t2.
1637 3369 1949 3433 601Joan.
1987 3382 2064 3438 ιν,
2104 3360 2162 3424 8.
