4120 6438
404 417 516 482 603

1552 420 1990 485 DIVINORUM
2036 421 2365 486 AMORUM
2410 424 2664 488 LIBER.

3664 419 3783 486 606

403 552 644 634 πρόξενον
700 556 843 614 εἶναι
901 556 1167 613 πιστεύειν
1199 571 1214 585 ⁶
1276 556 1375 624 τήν
1430 556 1727 637 πτωχείαν,
1774 559 1846 621 ὡς
1876 554 2037 615 πλοῦ-

2133 555 2401 618 scemodi
2431 557 2568 620 vitae
2613 559 3108 635 conciliatricem,
3169 579 3238 623 ac
3271 567 3574 644 parentem
3607 574 3781 632 esse;

406 664 491 700 τον
537 642 832 723 λογίζεσθαι
867 665 882 680 ο

942 645 1040 714 τὴν
1097 644 1361 703 εὐτέλειαν
1408 646 1499 703 καὶ
1554 643 1909 721 ὲξουδένωσιν,
1981 648 2056 709 ὡς

2141 653 2549 727 paupertatem
2580 647 2814 711 divitias
2836 650 3080 713 ducere.
3107 648 3409 713 Vilitatem
3435 655 3779 711 etcontem-

403 730 550 821 όόξαν
601 733 791 808 τῳόντι
869 735 959 791 καὶ
1038 735 1377 815 περιφάνειαν
1410 749 1424 763 ⁸
1485 735 1575 791 καὶ
1617 733 1671 791 ἐν
1754 741 1832 810 τῷ
1887 732 2037 810 μηόὲε

2140 741 2329 813 ptum,
2377 754 2579 798 veram
2630 737 2896 814 gloriam,
2955 738 3403 821 claritatemque
3425 736 3698 819 judicare
3725 743 3782 797 et

408 819 576 901 ἔχειν,
606 823 674 879 τὰ
702 824 876 882 πάντα
957 822 1207 904 κατέχειν
1288 823 1553 881 πιστεύειν
1584 840 1601 857 ⁶
1637 823 1841 900 μᾶλλον
1871 821 1927 880 δὲ
1955 845 2050 881 κε-

404 909 623 978 κτῆσθαι
677 912 771 968 τὸν
827 908 1222 992 ἀνεξιχνίαστον
1275 908 1504 968 πλοῦτον
1543 915 1644 979 τῆς
1714 910 2050 991 ἐπιγνώσεως

398 1005 486 1056 τοῦ
519 1006 771 1079 Χριστοῦ,
827 1001 915 1057 καὶ
971 998 1144 1068 πηλὸν
1202 1000 1239 1069 ἦ
1290 1002 1492 1059 καπνὸν
1547 1001 1754 1061 ἅπαντα
1807 1001 1875 1058 τὰ
1905 1000 2047 1081 ὁρώ-

396 1108 531 1167 μενα
560 1091 809 1167 καθορᾷν.

471 1165 549 1253 β’.
587 1167 649 1235 ’Β
680 1165 752 1242 είς
782 1179 1009 1258 Χριστὸν
1037 1179 1212 1241 πίστις
1264 1175 1395 1259 ἐστὶ,
1454 1180 1517 1236 τὸ
1575 1179 1653 1255 μὴ
1685 1177 1847 1255 μόνον
1877 1201 2047 1236 κατα-

390 1270 649 1343 ·ςιρονῆσαι
676 1272 783 1324 τῶν
813 1267 868 1323 ἐν
920 1268 998 1344 τῷ
1026 1269 1126 1345 βίῳ
1178 1274 1441 1349 τερπνῶν,
1487 1266 1624 1325 ἀλλά
1680 1269 1770 1326 καὶ
1823 1271 1886 1326 τὸ
1915 1291 2045 1349 καρ-

388 1359 608 1434 τερῆσαι
663 1356 752 1413 καὶ
805 1357 868 1413 τὸ
920 1358 1210 1433 ὑπομεῖναι
1292 1356 1467 1416 πάντα
1521 1358 1815 1437 πειρασμὸν
1885 1359 2046 1438 ἐπερ-

389 1443 626 1524 χόμενον
658 1444 714 1501 ἐν
762 1444 977 1525 λύπαις,
1014 1447 1104 1504 καὶ
1159 1444 1389 1522 θλίψεσι,
1446 1447 1534 1503 καὶ
1589 1460 1912 1528 συμφοραῖς,
1942 1446 2045 1512 ἕως

391 1534 455 1589 ἂν
482 1531 685 1611 θελήσῃ
726 1536 817 1593 καὶ
874 1533 1229 1611 ἐπισκέψηται
1284 1535 1428 1611 ἡμᾶς
1484 1537 1513 1592 ὃ
1570 1535 1724 1601 Θεός.
1763 1556 1789 1593 α
1824 1535 2044 1613 Υπομέ-

387 1643 492 1678 νων
520 1622 645 1704 γὰρ,
716 1625 900 1705 φησὶν,
951 1622 1208 1700 ὑπέμεινα
1257 1624 1351 1680 τὸν
1394 1624 1605 1704 Κύριον,
1659 1624 1748 1681 καὶ
1776 1624 2044 1706 προσέσχε

386 1733 505 1785 μοι.
542 1730 574 1772 ι

2136 822 2197 883 in
2229 823 2378 885 nihil
2408 824 2683 888 habendo
2707 827 2910 889 omnia
2941 827 3270 909 possidere,
3304 846 3368 888 se
3395 825 3775 889 existimare:

2134 916 2256 980 imo
2315 916 2509 992 potius
2573 939 2594 970 ι
2633 913 3075 995 investigabiles
3132 915 3349 980 Christi
3401 913 3687 977 divitias4
3750 935 3775 971 ι

2137 998 2472 1081 possidere,
2505 1008 2563 1063 et
2592 1003 2867 1066 universa
2897 1023 3032 1086 quae
3086 1004 3387 1086 videntur,
3435 1021 3556 1066 non
3585 1001 3776 1076 aliter,

2134 1103 2316 1166 quam
2347 1095 2413 1150 ut
2446 1086 2661 1170 lutum,
2698 1100 2757 1153 et
2788 1091 3014 1152 fumum
3047 1091 3338 1173 aspicere.

2211 1175 2272 1238 2.
2330 1175 2510 1240 Fides
2553 1179 2615 1240 in
2657 1181 2957 1244 Christum
2987 1193 3098 1260 est,
3135 1201 3252 1244 non
3285 1181 3476 1244 solum
3511 1180 3779 1243 oblecta-

2133 1272 2333 1327 menta
2364 1265 2544 1347 hujus
2573 1267 2704 1331 vitae
2722 1271 3051 1351 aspernari,
3085 1274 3189 1334 sed
3216 1288 3423 1332 omnes
3454 1288 3688 1351 quoque
3717 1268 3778 1330 in

2131 1372 2243 1441 nos
2270 1354 2619 1419 invadentes
2649 1359 3008 1421 tentationes
3038 1359 3329 1441 patienter
3357 1359 3516 1420 ferre
3546 1377 3613 1420 ac
3644 1376 3778 1419 sus-

2128 1440 2344 1525 tinere,
2377 1442 2439 1505 in
2470 1446 2782 1529 molestiis,
2841 1440 3285 1523 afﬂictionibus,
3318 1444 3774 1522 calamitatibus,

2126 1532 2319 1612 quoad
2345 1531 2503 1596 Deus
2531 1534 2803 1612 voluerit,
2839 1545 2896 1598 et
2927 1555 3035 1598 nos
3065 1536 3405 1600 visitaverit.

466 1790 541 1880 γ’.
575 1804 636 1860 Οἱ
663 1803 785 1867 τοὺς
814 1803 1014 1862 ἑαυτῶν
1044 1815 1225 1882 γονεῖς
1290 1802 1342 1860 ἕν
1401 1825 1504 1860 τινι
1526 1803 1916 1884 ’προτιμῶντες
1944 1800 2037 1874 τῆς

2205 1800 2265 1864 3.
2304 1800 2417 1874 Qui
2446 1800 2508 1862 in
2540 1819 2607 1864 re
2635 1803 2835 1884 aliqua
2865 1813 3142 1884 parentes
3193 1822 3331 1866 suos
3360 1803 3466 1866 Dei
3498 1805 3775 1867 mandato

383 1896 482 1948 τοῦ
509 1897 644 1952 Θεοῦ
699 1890 940 1969 ἐντολῆς,
989 1891 1164 1949 πίστιν
1218 1893 1278 1950 οὖ
1305 1891 1590 1960 κέκτηνται
1631 1894 1761 1973 πρὸς
1792 1895 2038 1974 Χριστόν.

385 1979 605 2045 Πάντως
650 1981 751 2061 γὰρ
798 1983 900 2039 ὑπὸ
969 1985 1071 2048 τῆς
1144 1979 1280 2048 ἰδίας
1337 1983 1603 2062 κρίνονται
1664 1981 2038 2054 συνειδήσεως

382 2067 504 2148 εἴγε
531 2071 620 2127 καὶ
687 2068 978 2138 συνείδησιν
1023 2076 1198 2142 ζῶσαν
1256 2069 1441 2150 ἔχουσι
1498 2072 1615 2151 περὶ
1670 2076 1767 2139 τῆς
1796 2071 2040 2137 ἀπιστίας

381 2160 584 2222 αὐτῶν.
617 2164 825 2216 Πιστῶν
884 2158 984 2240 γὰρ
1039 2165 1194 2216 τοῦτο
1223 2157 1356 2235 ἐστι,
1416 2160 1477 2216 τὸ
1531 2158 1585 2216 ἐν
1643 2158 1828 2236 μηδενὶ
1859 2158 2039 2236 μηδα-

382 2253 500 2321 μῶς
559 2247 654 2305 τοῦ
709 2245 945 2327 μεγάλου
999 2247 1131 2306 Θεοῦ
1184 2248 1277 2304 καὶ
1345 2249 1597 2328 Σωτῆρος
1650 2249 1803 2325 ἡμῶν
1861 2246 2039 2317 Ἰησοῦ

381 2344 618 2417 Χρϊστοῦ
643 2334 983 2417 παραϐαίνειν
1010 2336 1111 2405 τὴν
1143 2336 1388 2409 ἐντολήν,

456 2415 531 2489 δ’.
564 2415 809 2507 Πίστιςὴ
840 2427 913 2490 εἰς
971 2426 1197 2507 Χριστὸν
1254 2427 1346 2482 τὸν
1415 2425 1665 2494 ἀληθινὸν
1723 2427 1878 2499 Θεὸν,
1909 2427 2032 2484 ἐπι-

375 2516 567 2591 θυμίαν
622 2506 803 2571 καλῶν
868 2512 1075 2595 ἔτεκεν,
1133 2515 1221 2571 καὶ
1269 2512 1432 2595 φόϐον
1487 2512 1778 2592 κολάσεων,
1857 2509 1921 2573 Ἠ
1978 2513 2033 2571 δὲ

377 2610 482 2661 τῶν
544 2604 859 2684 κρειττόνων
917 2603 1188 2683 ἐπιθυμία,
1241 2604 1330 2661 καὶ
1392 2606 1421 2660 ὁ
1465 2601 1626 2685 φόϐος
1678 2610 1784 2662 τῶν
1864 2604 2035 2663 κολά-

378 2715 517 2751 σεων
589 2694 816 2773 τήρησιν
902 2689 1095 2772 ἀκριϐῆ
1137 2698 1244 2751 τῶν
1321 2690 1547 2750 ἐντολῶν
1623 2695 2032 2774 κατειργάσατο,

378 2775 438 2839 Ἠ
469 2780 530 2839 δὲ
559 2780 781 2863 ἀκριϐὴς
838 2782 944 2838 τῶν
1002 2779 1232 2839 ἐντολῶν
1289 2782 1538 2863 τήρησις,
1600 2780 1700 2849 τὴν
1757 2781 1885 2840 ἰδίαν
1913 2783 2035 2848 τοὺς

375 2861 682 2952 ἀνθρώπους
737 2868 1031 2929 ἐκδιδάσκει
1098 2869 1394 2934 ἀσθένειαν.
1457 2861 1521 2929 Ἦ
1601 2868 1657 2927 δὲ
1712 2872 2036 2940 κατανόησις

2125 1890 2488 1966 anteferunt,
2521 1890 2701 1953 ﬁdem
2733 1892 2794 1953 in
2827 1890 3124 1956 Christum
3156 1911 3277 1954 non
3312 1891 3559 1954 habent.
3593 1890 3775 1955 Plane

2125 1977 2287 2040 enim
2320 1998 2355 2042 a
2411 1998 2519 2043 sua
2577 1980 2842 2061 ipsorum
2902 1980 3269 2044 conscientia
3319 1981 3683 2061 judicantur,
3720 1980 3769 2042 si

2128 2066 2301 2128 modo
2317 2086 2519 2131 sanam
2546 2070 3140 2148 goruntinﬁdelitatis
3163 2088 3286 2132 suae
3314 2068 3768 2132 conscientiam.

2121 2153 2418 2218 Ftdelium
2468 2158 2688 2239 quippe
2738 2160 2851 2221 hoc
2911 2161 3216 2240 proprium
3274 2165 3365 2221 est
3394 2157 3679 2232 officium,
3714 2156 3777 2219 in

2121 2244 2287 2306 nulla
2315 2262 2383 2306 re
2413 2246 2615 2325 magni
2642 2246 2773 2322 Dei,
2808 2255 2867 2310 et
2898 2245 3218 2310 Salvatoris
3247 2247 3433 2310 nostri
3448 2247 3620 2328 jussa
3647 2245 3768 2309 ullo

2120 2332 2298 2395 modo
2330 2332 2573 2397 violare.
2887 2397 2895 2403 .

2199 2422 2257 2485 4.
2292 2421 2472 2485 Fides
2501 2421 2564 2485 in
2621 2421 2922 2487 Christum
2979 2423 3168 2487 Deum
3216 2442 3445 2498 verum,
3479 2421 3771 2484 bonorum

2118 2509 2513 2587 desiderium,
2548 2522 2606 2575 et
2632 2532 2943 2594 pinnarum
3007 2522 3227 2574 metum
3273 2511 3480 2592 gignit.
3514 2509 3771 2575 Deside-

2117 2601 2272 2661 rium
2291 2608 2491 2664 autem
2508 2601 2824 2679 bonorum,
2846 2602 3396 2684 suppliciorumque
3420 2600 3771 2679 timor,per-

2118 2689 2333 2751 fectam
2387 2691 2801 2753 mandatorum
2880 2690 3364 2754 obseavationem
3419 2697 3764 2770 operantur.

2118 2777 2351 2841 Deinde
2382 2781 2642 2861 perfecta
2687 2784 3101 2843 mandatorum
3132 2777 3466 2842 observatio
3497 2776 3772 2838 homines

2125 2886 2292 2931 suam
2322 2870 2587 2950 ipsorum
2619 2869 3087 2933 imbecillitatem
3120 2868 3312 2931 docet.
3345 2863 3773 2947 Perspicientia

375 2968 473 3031 τῆς
536 2960 763 3027 ἀληθοῦς
794 2960 1060 3024 ἀσθενείας
1101 2961 1282 3041 ἡμῶν,
1313 2961 1536 3018 θανάτου
1606 2962 1827 3037 μνήμην
1884 2962 2037 3040 ἐγέν-

2131 2975 2263 3020 vere
2291 2957 2718 3021 imbecillitatis
2766 2969 2984 3022 nostrae
3033 2958 3240 3020 mortis
3285 2955 3635 3019 memoriam
3661 2969 3771 3032 ge-

389 3072 575 3120 νησεν.
615 3041 673 3109 ιΟ
700 3048 756 3108 δὲ
797 3050 1033 3109 σύνοικον
1081 3050 1278 3118 ταύτην
1330 3049 1688 3130 κτησάμενος,
1743 3051 1898 3117 αύτὸς
1930 3075 2037 3128 μα-

2131 3055 2331 3109 nerat:
2366 3068 2541 3130 quam
2576 3054 2675 3131 pui
2709 3048 3198 3113 contubernalem
3242 3044 3531 3118 habuerit,
3556 3060 3773 3121 cogno-

386 3145 501 3201 θεῖν
561 3141 807 3217 ἐμπόνως
864 3141 1109 3219 ζητήσει,
1169 3141 1334 3197 ὁποῖα
1391 3137 1537 3197 ἔσται
1595 3143 1737 3241 αύτῷ
1780 3140 1917 3216 μετά
1944 3141 2037 3210 τὴν

2131 3154 2296 3200 scere
2324 3138 2634 3215 laborabit,
2669 3159 2801 3223 quae
2822 3139 2936 3201 sibi
2961 3147 3091 3221 post
3114 3136 3525 3217 migrationem
3558 3151 3630 3194 ex
3662 3131 3771 3233 hac

390 3230 563 3298 ἔξοδον
590 3232 685 3288 τοῦ
710 3230 823 3307 βίου
850 3229 1038 3287 τούτου
1084 3229 1174 3284 καὶ
1222 3227 1591 3308 ἀναχώρησιν,
1644 3220 1701 3286 Ὀ
1745 3226 1799 3285 δέ
1827 3251 1889 3309 γε
1924 3232 2037 3310 περῖ

2131 3226 2257 3290 luce
2299 3237 2584 3292 eventura
2615 3220 3050 3294 sint.Cteterum
3068 3230 3169 3311 qui
3195 3230 3523 3290 futurorum
3556 3222 3775 3285 certior

386 3326 491 3378 τῶν
566 3316 869 3396 μελλόντων
927 3322 1123 3396 γνῶναι
1197 3314 1524 3392 σπουδάζων,
1578 3322 1793 3400 Δπρῶτον
1855 3319 2037 3376 ἑαυτὸν

2131 3316 2256 3377 fieri
2286 3319 2509 3390 studet,
2541 3327 2676 3380 ante
2707 3319 2910 3381 omnia
2967 3317 3357 3400 praesentibus
3387 3334 3451 3377 se
3479 3312 3769 3395 privatum

383 3409 747 3489 ἀποστερῆσαι
811 3413 918 3465 τῶν
964 3408 1239 3487 παρόντων
1297 3406 1516 3488 ὀφείλει.
1573 3397 1630 3465 Ὀ
1687 3408 1787 3487 γὰρ
1841 3408 1895 3464 ἐν
1926 3409 2040 3465 τού-

382 3522 491 3566 τοις
551 3502 640 3557 καὶ
698 3497 893 3579 μέχρις
952 3496 1197 3561 εὐτελοῦς
1294 3518 1436 3561 τινος
1511 3497 1615 3553 ὑπὸ
1684 3498 2037 3576 προσπαθείας

381 3587 765 3669 κρατούμενος,
825 3586 1040 3645 ἒκείνων
1095 3586 1196 3654 τὴν
1253 3588 1449 3663 γνῶσιν
1503 3583 1705 3642 τελείαν
1749 3590 1808 3645 οὐ
1875 3583 2035 3644 δύνα-

378 3699 462 3735 ται
492 3678 814 3748 κτήσασθαι,
874 3677 934 3734 Εἰ
990 3673 1045 3731 δὲ
1112 3676 1201 3732 καὶ
1254 3674 1451 3742 ταύτης
1508 3676 1747 3752 γεύσεται
1802 3672 1922 3731 κατ’
1953 3676 2035 3733 oi-

382 3767 638 3844 κονομίαν
666 3766 766 3834 τὴν
814 3772 906 3822 τοῦ
949 3773 1103 3838 Θεοῦ,
1136 3766 1180 3821 εί
1227 3765 1306 3840 μὴ
1342 3764 1532 3844 τάχιον
1576 3763 1708 3842 ἐάσῃ
1758 3765 1825 3820 τὰ
1852 3761 1938 3844 ὑφ’
1965 3766 2041 3820 ὧν

380 3858 463 3914 καὶ
526 3855 582 3913 ὲν
642 3858 731 3920 οἷς
799 3867 1074 3933 κρατεῖται
1129 3854 1265 3911 κατά
1319 3852 1694 3932 προσπάθειαν,
1759 3854 1847 3909 καὶ
1898 3851 2038 3917 ὅλως

376 3950 472 4012 τῆς
538 3944 790 4012 τοιαύτης
849 3944 1070 4023 γένηται
1128 3943 1405 4022 γνώσεως,
1465 3938 1633 4017 μηδὲν
1690 3941 1887 4008 ταύτης
1917 3939 2035 3997 ἔτε-

373 4057 459 4113 ρον
492 4033 684 4100 ἔξωθεν
714 4032 916 4091 ἐννοεῖν
960 4031 1211 4097 ἑκουσίως
1268 4028 1722 4110 καταδεχόμενος,
1783 4030 1871 4086 καὶ
1902 4030 2033 4098 αὐτὴ

371 4123 432 4189 ἦν
460 4122 619 4204 δοκεῖ
647 4121 820 4204 ἔχειν,
855 4123 1140 4202 ἀρθήσεται
1171 4120 1267 4177 ἀπ’
1298 4124 1480 4180 αὐτοῦ.

446 4201 520 4274 ε’,
558 4202 621 4267 Ἡ
652 4201 905 4289 ἀποταγη
964 4216 1059 4267 τοῦ
1105 4231 1310 4284 κοσμου
1366 4209 1455 4264 καὶ
1511 4205 1777 4275 παντελὴς
1807 4207 2031 4287 ἀναχώ-

374 4322 545 4377 ρησις,
636 4298 883 4365 ξενιτείαν
941 4295 1313 4373 ἀναλαϐομένη
1382 4297 1592 4354 πάντων
1677 4300 1782 4353 τῶν
1839 4295 1893 4352 ἐν
1937 4296 2035 4374 βίῳ

2120 3404 2210 3467 ire
2240 3404 2439 3469 debet.
2476 3408 2624 3470 Nam
2655 3408 2755 3489 qui
2787 3409 2902 3482 his,
2936 3407 3115 3469 etiam
3149 3406 3312 3488 parvi
3345 3401 3637 3489 momenti
3662 3417 3767 3489 re-

2120 3492 2232 3555 bus
2260 3495 2539 3558 aﬂ‘ectum
2570 3488 2860 3573 submitit,
2897 3503 3162 3558 exactam
3209 3494 3443 3557 illorum
3474 3488 3767 3569 cognitio-

2118 3601 2255 3643 nem
2287 3601 2403 3647 non
2463 3586 2872 3666 eonsequitur.
2928 3584 3095 3658 Quod
3153 3584 3203 3646 si
3272 3584 3449 3656 hanc,
3512 3579 3634 3641 Deo
3690 3576 3772 3638 ita

2126 3672 2508 3752 permitente,
2541 3673 2822 3753 gustabit,
2856 3673 2970 3735 nisi
3005 3673 3196 3756 primo
3230 3689 3464 3754 quoque
3495 3679 3768 3749 tempore

2122 3760 2440 3836 dimiserit,
2472 3781 2726 3843 quorum
2751 3763 2807 3824 ei
2835 3765 3080 3825 affectus
3112 3771 3173 3824 et
3201 3780 3368 3823 amor
3393 3759 3764 3830 dominatur,

2121 3849 2478 3931 penitusque
2511 3852 2648 3912 huic
2680 3870 2813 3914 sese
2844 3852 3065 3914 notitiae
3126 3849 3584 3923 consecraverit,
3617 3845 3767 3908 nihil

2118 3938 2277 4000 aliud
2341 3949 2508 4004 extra
2566 3959 2697 4003 eam
2757 3950 2968 4023 sponte
3020 3941 3397 4022 cogitandum
3448 3948 3611 4002 ratus
3641 3938 3769 4020 ipsa

2118 4046 2355 4109 quoque
2429 4048 2606 4111 quam
2678 4030 2913 4093 videtur
2982 4031 3204 4094 habere
3257 4029 3541 4111 cognitio,
3594 4026 3667 4091 ab
3694 4045 3765 4093 eo

2118 4116 2443 4180 auferetur.

2200 4206 2238 4267 5
2324 4205 2707 4269 Renuntiatto
2764 4209 2992 4278 mundi,
3056 4209 3444 4289 absolutaque
3506 4206 3766 4269 secessio

2121 4296 2598 4375 peregrinitatem
2653 4300 2950 4377 quandam
2995 4299 3066 4359 ab
3113 4297 3393 4359 omnibus
3444 4295 3767 4358 vitmistnus

377 4388 532 4465 ὒλῶν,
569 4389 658 4446 καὶ
686 4390 848 4461 ἠθῶν,
881 4389 970 4445 καὶ
1025 4390 1275 4466 γνωμῶν,
1323 4387 1412 4443 καὶ
1466 4385 1784 4464 προσώπων,
1817 4388 1905 4442 καὶ
1936 4385 2032 4466 ἅρ-

2131 4384 2501 4457 vanitatibus,
2564 4394 2623 4447 et
2678 4386 3003 4461 illecebris,
3070 4386 3364 4460 monibus,
3427 4383 3762 4457 sententiis,

378 4501 523 4546 νησιν
585 4478 834 4553 σώματος
892 4478 980 4534 καὶ
1062 4475 1389 4551 θελήματος,
1473 4473 1711 4552 μεγάλης
1777 4474 2031 4554 ὠφελείας

381 4566 627 4647 πρόξενος
698 4568 899 4645 γίνεται
954 4573 1033 4640 τῷ
1090 4563 1227 4621 οὕτω
1282 4564 1489 4644 θερμῶς
1544 4562 1926 4639 ἀποταξαμένῳ
1981 4563 2035 4620 ἐν

376 4656 574 4737 βραχεῖ
601 4663 678 4731 τῷ
700 4662 893 4735 καιρῷ.

447 4823 550 4909 ς’.
591 4823 647 4891 Ὀ
678 4834 888 4913 φεύγων
917 4835 1010 4891 τὸν
1056 4834 1287 4914 κόσμον,
1345 4831 1442 4912 ὅρα
1476 4831 1553 4908 μὴ
1587 4828 1689 4906 δῷς
1719 4830 1819 4897 σὴν
1852 4832 2038 4911 ψοχῆν

373 4924 440 4985 εἰς
499 4920 833 5001 παράκλησιν
881 4921 1000 4980 κατ’
1059 4923 1257 5004 ἀρχὰς,
1320 4922 1376 4978 ἐν
1433 4925 1575 4996 αὖτῷ
1631 4920 1723 4983 τὰς
1796 4920 2031 4991 οἷκήσεις

371 5012 683 5088 ποιούμενος
721 5031 735 5047 ⁸
790 5013 834 5068 εί
882 5013 971 5068 καὶ
1030 5013 1224 5076 πάντες
1285 5032 1343 5067 σε
1399 5010 1553 5068 τοῦτο
1601 5022 1778 5066 ποιεῖν
1837 5031 2030 5088 συγγε-

377 5115 483 5165 νεῖς
512 5103 602 5158 καὶ
655 5097 794 5179 φίλοι
850 5103 1332 5179 καταναγκάζουσι.
1391 5108 1558 5159 Τοῦτο
1616 5100 1716 5178 γὰρ
1773 5099 1954 5162 αὐτοῖς
1985 5102 2031 5156 0i

377 5186 612 5263 δαίμονες
642 5189 1050 5263 ὑποϐάλλουσιν,
1104 5189 1251 5254 ὅπως
1311 5191 1408 5257 νὴν
1464 5191 1662 5268 θέρμην
1693 5183 2029 5245 ἀποσϐἑσωσι

456 5357 473 5401 ¹
510 5359 728 5441 Ephes.
765 5375 852 5432 ur,
898 5363 955 5422 8.

2116 4474 2409 4554 personis,
2442 4475 3017 4557 abnegatiouemque
3078 4477 3372 4555 corporis,
3426 4484 3481 4534 et
3514 4471 3767 4553 propriae

2114 4563 2430 4625 voluntatis
2459 4582 2798 4636 assumens,
2847 4566 3009 4627 brevi
3062 4584 3334 4644 magnam
3371 4564 3675 4623 utilitatem
3710 4562 3766 4622 ei

2118 4653 2330 4735 pariet,
2366 4653 2465 4731 qui
2501 4664 2613 4714 tam
2666 4657 2929 4714 studioso
2979 4655 3378 4734 ardenterque
3412 4652 3633 4713 mundo
3668 4670 3761 4711 re-

2120 4742 2423 4805 nuntiavit.

2199 4836 2251 4892 ti.
2296 4833 2406 4906 Qui
2435 4834 2721 4895 mundum
2784 4834 2956 4915 fugis,
3023 4854 3162 4895 cave
3225 4855 3294 4895 ne
3354 4836 3457 4894 des
3488 4831 3760 4892 solatium

2117 4922 2330 4983 ῖιηίηιεο
2363 4931 2497 4994 tuae,
2535 4931 2596 4983 ut
2630 4923 2687 4983 in
2720 4942 2789 4982 eo
2822 4941 3205 5002 nouunquam
3243 4932 3481 5000 rogatus
3506 4920 3760 4989 habites,

2117 5013 2383 5090 quamvis
2414 5012 2471 5072 id
2502 5031 2712 5073 omnes
2735 5021 2790 5073 te
2812 5023 3020 5090 rogent
3049 5032 3061 5071 :
3101 5014 3207 5072 hos
3255 5013 3411 5072 enim
3465 5011 3765 5071 daemones

2117 5101 2233 5162 illis
2261 5110 2601 5180 suggerunt,
2658 5122 2772 5182 quo
2829 5101 3118 5161 fervorem
3183 5102 3367 5162 animi
3428 5101 3507 5161 tui
3540 5101 3766 5161 castiu-

2116 5202 2314 5269 guunt.
2347 5192 2489 5252 Nam
2515 5203 2573 5253 ut
2603 5211 2717 5253 non
2763 5209 3005 5272 prorsus
3038 5195 3402 5270 propositum
3447 5202 3609 5251 tuum
3644 5190 3762 5250 im-

455 5544 480 5575 »
515 5519 726 5607 Omnia
747 5519 1056 5607 possibilia
1077 5527 1216 5582 sunt
1241 5519 1759 5607 credenti_(_Mar¢_:.
1784 5520 2021 5607 1_x,_2‘2_).
2107 5535 2222 5607 (at,
2255 5534 2317 5588 et
2349 5532 2850 5607 consummat_,,,ae
2886 5540 2991 5607 per
3025 5520 3297 5583 mandata
3320 5520 3620 5600 Evangelii
3652 5532 3764 5585 sta-

378 5597 520 5683 tides
545 5601 709 5683 enim
737 5597 810 5662 ad
839 5600 1131 5683 justitiam
1161 5606 1492 5683 reputatur.
1526 5597 1676 5683 Nam
1695 5600 1843 5683 finis
1856 5597 2016 5683 legis

2121 5602 2293 5668 bilita
2327 5614 2384 5667 et
2417 5602 2846 5683 demonslﬁita,
2880 5602 3089 5663 tidetes
3142 5610 3273 5665 vtae
3319 5611 3577 5685 aeternae,
3633 5623 3764 5685 quae

380 5678 648 5744 Christus
679 5678 877 5769 (Rcui.
906 5698 970 5756 κ,
1000 5681 1085 5753 4).
1116 5768 1119 5769 ν
1146 5678 1322 5745 Fides
1364 5689 1562 5769 autem
1609 5680 1673 5742 in
1696 5678 1999 5769 Christum
2102 5685 2161 5769 in
2193 5688 2326 5769 ipso
2359 5686 2593 5749 Christo
2629 5694 2742 5759 est,
2794 5678 2999 5746 censor
3022 5693 3110 5743 tes
3149 5702 3215 5743 ac
3268 5678 3588 5767 participes
3617 5678 3760 5749 red-

379 5774 479 5837 pro
507 5760 690 5843 opere
717 5761 864 5843 legis
889 5768 1222 5845 reputatur,
1276 5761 1742 5843 credentemque
1791 5760 2011 5841 iustiﬁ-
2108 5760 2281 5833 dit].
