4120 6430
322 408 432 474 609
482 360 490 370 .

1596 409 1982 476 CAPITULA
2026 373 2431 473 ρωπίας.

3595 405 3720 474 610

320 548 411 615 τὴν
441 548 661 604 sto-351v
707 547 760 602 ἐν
831 552 898 622 τῇ
946 545 1128 624 καρδία
1187 569 1278 604 σου
1336 547 1510 628 φλόγα
1568 547 1821 606 ἄσϐεστον
1851 545 1970 604 δια·-

2079 540 2227 618 lere,
2287 545 2710 626 propriamque
2756 545 3116 608 voluntatem
3172 547 3436 608 funditus
3483 547 3717 609 exuisse

323 639 567 718 τηρήσεις
643 639 743 704 τὴν
853 637 1063 694 πάντων

325 750 444 788 σαν,

468 985 479 1004 ⁹
539 978 585 1016 '1.
775 997 788 1016 I
1035 997 1049 1016 ι
1127 997 1140 1016 ‹
1261 1003 1283 1012 -ο
1409 1000 1422 1016 ν
1489 995 1565 1016 δ’
1846 994 1890 1016 μ’

405 995 502 1074 ιγ’.
539 995 688 1055 Ὀταν
720 997 891 1054 πάντα
947 997 1054 1074 παῤ
1124 997 1322 1055 ἑαυτῶν
1379 1000 1426 1052 οἱ
1483 995 1727 1072 δαίμονες
1759 995 1972 1075 πράξω-

329 1107 402 1164 σι,
431 1087 520 1141 καὶ
562 1089 654 1142 τὸν
708 1085 844 1142 κατᾶ
903 1086 1034 1142 Θεὸν
1089 1087 1244 1160 ἡμῶν
1301 1087 1498 1142 σκοπὸν
1569 1098 1888 1142 κατασεϊσαι
1920 1083 1978 1139 οὐ

327 1171 630 1242 δυνηθῶσιν,
691 1174 728 1241 ἦ
785 1171 1088 1250 ἐμποδίσαι,
1161 1173 1282 1230 τότε
1354 1187 1473 1237 τοῖς
1546 1174 1646 1242 τὴν
1703 1170 1977 1230 εὔλάϐειαν

327 1263 755 1342 ὑποκρινομένοις
783 1262 1211 1342 ὑπεισέρχονται,
1300 1264 1388 1320 καὶ
1471 1261 1544 1317 δι’
1624 1263 1797 1320 αὖε-ῶν
1854 1262 1976 1324 τοὺς

329 1351 742 1430 ἀγωνιζομένους
818 1350 1112 1428 ἐμποδίζειν
1211 1359 1519 1432 πειρῶνται’
1604 1354 1701 1410 Καὶ
1767 1357 1978 1431 πρῶτον

329 1443 424 1517 μὲν
447 1443 525 1505 ὡς.
579 1440 632 1507 ἐξ
696 1441 912 1519 ἀγάπης
968 1438 1121 1508 δῆθεν
1193 1443 1281 1498 καὶ
1345 1441 1668 1517 συμπαθείας
1723 1441 1976 1516 κινούμε-

329 1553 429 1609 νοι,
504 1532 578 1593 εἷς
635 1531 940 1606 σωματικὰς
996 1529 1315 1594 ἀναπαύσεις
1374 1543 1579 1610 χωρεῖν
1637 1535 1978 1610 παραινοῦσιν

330 1619 516 1683 αὐτούς
552 1639 568 1653 '
622 1619 716 1675 ’ἕνα
746 1619 824 1694 μὴ
874 1620 961 1675 καὶ
1012 1620 1076 1674 τὸ
1133 1621 1288 1708 σῶμα
1347 1616 1672 1696 ἀδυνατήσῃ,
1707 1621 1862 1699 φησὶ,
1892 1619 1980 1674 καὶ

327 1708 401 1771 εὶς
460 1705 686 1775 ἀκηδίαν
742 1707 1082 1782 ἐμπεσεῖται.
1147 1705 1360 1763 Ἐπειτα
1417 1709 1504 1764 καὶ
1573 1709 1646 1771 εἰς
1697 1705 1981 1785 συντυχίας

327 1794 624 1877 ἀνωφελεῖς
681 1795 1084 1876 ἐκκαλούμενοι,
1157 1796 1278 1875 τὰς,
1361 1796 1565 1875 ἡμέρας
1650 1795 1704 1852 ἐν
1767 1795 1982 1858 ταύταις

1175 653 1526 719 καταφρονεῖν
1618 661 1678 694 σε
1763 638 1974 715 βιάζου-

2087 631 2450 698 ndicaberis.
2483 635 2694 714 Neque
2724 633 2781 694 id
2816 634 3033 710 solum,
3075 633 3182 696 sed
3215 635 3460 718 insuper
3489 635 3714 698 arden-

2063 726 2178 781 tem
2209 721 2271 782 in
2304 730 2544 798 pectore
2577 732 2674 784 tuo
2707 723 3004 786 ﬂammam
3059 723 3442 786 inextinctam
3476 742 3716 786 censor-

2059 809 2246 884 vabis,
2280 831 2412 892 qum
2442 820 2498 874 te
2528 811 2602 873 ad
2654 819 2922 874 omnium
2977 831 3176 875 rerum
3213 809 3751 893 contemptionem.

2060 898 2264 976 adigit.

2151 989 2242 1052 13.
2277 993 2421 1054 Cum
2457 991 2846 1070 praestiterint
2891 991 3223 1066 daemones,
3247 1001 3308 1054 et
3337 993 3568 1074 experti
3592 993 3721 1056 fue-

2060 1075 2180 1138 rint
2211 1078 2432 1154 omnia,
2467 1099 2598 1160 qua}
2631 1081 2688 1141 in
2715 1100 2778 1142 se
2809 1081 3070 1148 fuerunt.
3135 1099 3246 1143 nec
3302 1092 3496 1144 tamen
3551 1103 3658 1145 nos
3685 1103 3720 1145 a

2059 1183 2240 1246 scopo
2273 1177 2472 1229 nostro
2498 1171 2828 1231 secundum
2863 1169 3050 1232 Deum
3091 1179 3360 1233 avertere
3388 1173 3710 1255 potuerint,

2061 1271 2174 1317 nec
2202 1257 2498 1318 remorari
2530 1269 2704 1340 atque
2728 1258 3044 1340 impedire,
3062 1267 3182 1321 tum
3199 1279 3262 1321 se
3292 1261 3350 1322 in
3372 1261 3708 1340 religiosam

2061 1343 2397 1405 cautionem
2431 1347 2782 1410 simulantes
2816 1347 3142 1422 insinuant,
3186 1367 3510 1430 eorumque
3532 1369 3714 1432 opera

2063 1451 2232 1492 sacro
2265 1435 2583 1498 certamini
2612 1437 2850 1510 deditis,
2883 1437 3312 1518 impedimenta
3327 1437 3592 1518 objicere
3612 1439 3713 1502 ad-

2063 1521 2355 1582 nituntur.
2393 1527 2480 1585 Ac
2507 1524 2758 1605 primum
2791 1525 3030 1606 quidem
3065 1527 3220 1588 velut
3250 1546 3475 1604 amore,
3499 1535 3557 1593 et
3582 1549 3710 1591 mu-

2066 1611 2414 1676 tuoillorum
2436 1618 2620 1675 miser
2644 1633 2695 1676 ω
2710 1633 2888 1676 sensu
2907 1616 3210 1690 commoti,
3237 1635 3337 1678 eos
3353 1619 3424 1678 ad
3459 1638 3710 1700 corpora

2065 1718 2266 1762 secum
2299 1703 2646 1777 recreanda,
2681 1722 2748 1765 ac
2763 1704 3014 1766 fovenda
3037 1705 3371 1767 concedere
3391 1708 3706 1770 cohortan-

2066 1797 2192 1853 tur:
2229 1809 2304 1852 ne
2355 1791 2762 1868 debilitentur,
2815 1811 2886 1855 ac
2944 1793 3268 1874 fragantur,
3320 1795 3618 1876 inquiunt,
3655 1807 3713 1858 et

328 1882 766 1963 προσαναλίσκειν
825 1886 1010 1949 αὐτοὺς
1060 1893 1324 1947 ποιοῦσιν.
1358 1885 1416 1941 Εἰ
1460 1883 1558 1960 μέν
1608 1905 1688 1948 τις
1745 1883 1980 1940 ὑπακού-

2079 1882 2124 1940 Ln
2160 1889 2458 1960 torporem
2489 1902 2556 1943 ac
2589 1883 2948 1958 socordiam,
2982 1883 3104 1946 sive
3141 1885 3406 1965 acediam
3432 1885 3710 1952 delaban-

325 1994 425 2038 σας
496 1978 600 2029 τῶν
651 1973 945 2030 σπουδαίων
988 1976 1229 2050 ὁμοιωθῇ
1284 1974 1490 2051 αὒτοῖς,
1556 1971 1864 2053 στρέφονται
1895 1973 1982 2028 καὶ

327 2061 615 2140 ἑπιγελῶσι
657 2062 756 2129 τὴν
817 2063 973 2120 αὖτοῦ
1032 2060 1326 2125 ἀπώλειαν.
1387 2063 1444 2118 Εἰ
1500 2059 1555 2117 δὲ
1616 2061 1694 2136 μὴ
1763 2062 1982 2140 ὑπαχθξ.

325 2163 445 2214 τοῖς
470 2153 644 2208 αὒτῶν
689 2149 896 2230 λόγοις,
941 2149 1080 2208 ἀλλᾶ
1133 2163 1292 2230 τηρεῖ
1348 2150 1530 2210 ἑαυτὸν
1584 2149 1725 2216 ξένον
1755 2149 1816 2206 ἐκ
1843 2150 1982 2205 πάνυ

325 2260 461 2320 των,
533 2241 622 2296 καὶ
691 2240 924 2310 σύννουν,
1015 2241 1104 2296 καὶ
1187 2237 1634 2317 ἀπαῤῥησίαστον,
1717 2244 1982 2295 κινοῦνται

327 2331 401 2392 εἷς
426 2329 642 2410 φθόνον,
700 2330 789 2386 καὶ
840 2329 1012 2386 πάντα
1069 2336 1278 2386 ποιοῦσι
1351 2330 1439 2384 καὶ
1493 2328 1806 2406 πράσσουσι,
1879 2327 1980 2390 ἕως

325 2421 384 2474 οὗ
425 2421 518 2475 καὶ
591 2423 688 2486 τῆς
760 2418 926 2494 μονῆς
977 2419 1135 2474 αὐτὸν
1191 2415 1475 2482 ὲκδιώξωσι
1510 2433 1524 2446 ‘
1569 2419 1629 2474 οὐ
1682 2415 1826 2494 φέρει
1883 2418 1982 2496 γὰρ

322 2504 589 2572 κενοδοξία
669 2506 880 2584 ἄτιμος,
983 2505 1364 2582 ἐπαινουμένην
1451 2507 1767 2563 ταπε’·ιωσιν
1858 2507 1980 2585 ὁρᾷν

326 2597 425 2653 ἀπε
435 2598 646 2662 ναντῖας
677 2598 840 2664 αὖτῆς
853 2643 866 2656 .

412 2856 504 2927 ιδ’,
545 2847 799 2944 νΑγχεται
857 2864 1150 2934 κενόδοξος,
1213 2867 1597 2944 ταπεινοφρόνα
1656 2865 1792 2944 ὁρῶν
1850 2886 1984 2943 προ·-

329 2955 534 3036 χέοντα
563 2951 779 3034 δάκρυα,
827 2957 916 3011 καὶ
943 2952 1135 3018 δισσῶς
1190 2952 1556 3035 ὠφελούμενον
1591 2971 1606 2986 ⁶
1661 2955 1790 3011 Θεὸν
1818 2953 1982 3011 ἵλεων

329 3042 394 3101 δι’
435 3046 630 3101 -α-δτῶν
686 3042 1057 3123 ἐργαζόμενον,
1116 3044 1204 3100 καὶ
1263 3043 1563 3123 ἀνθρώπους
1622 3046 1694 3109 εἷς
1773 3043 1983 3101 ἔπαινον

333 3133 707 3209 ἐπισπώμενον
738 3130 1031 3202 ἀϐούλητον
1043 3176 1056 3190 .

2065 1977 2181 2033 tur.
2217 1969 2352 2030 Post
2380 1972 2450 2031 ad
2487 1973 2780 2054 lelqtlia
2839 1973 3203 2036 infructuosa
3235 1994 3336 2037 eos
3369 1989 3710 2056 provocant,

2063 2057 2126 2148 in
2157 2057 2372 2138 quibus
2433 2060 2561 2148 dies
2623 2070 2774 2122 totos
2817 2070 3155 2124 conterunt.
3211 2063 3296 2126 Ac
3339 2064 3388 2124 si
3421 2067 3712 2148 quispiam

2065 2145 2279 2227 bonus,
2325 2157 2396 2236 iet
2442 2147 2686 2236 virtutis
2741 2151 3044 2212 studiosus
3101 2151 3222 2214 illis
3279 2171 3344 2214 se
3373 2145 3710 2236 aequaverit,

2065 2235 2360 2310 conversi,
2399 2235 2530 2316 ejus
2559 2237 2866 2300 interitum
2899 2239 3120 2303 rident.
3155 2239 3214 2303 Si
3247 2260 3453 2324 eorum
3476 2263 3711 2306 sermo—

2067 2323 2242 2386 nibus
2270 2343 2446 2387 aures
2475 2327 2858 2408 obstruxerit,
2892 2347 3074 2408 seque
3107 2328 3183 2391 ab
3215 2323 3492 2393 omnibus
3523 2341 3582 2394 et
3615 2353 3716 2414 pe-

2065 2411 2392 2490 regrinum,
2429 2422 2484 2474 et
2497 2433 2734 2493 gravem
2767 2436 2834 2478 ac
2864 2417 3108 2492 serium,
3143 2427 3202 2478 et
3231 2437 3264 2478 a
3293 2418 3532 2482 licentia
3559 2411 3712 2484 alie-

2069 2519 2208 2562 num
2233 2504 2574 2578 servaverit,
2607 2507 2676 2568 ad
2711 2505 2988 2567 invidiam
3017 2506 3413 2581 concitantur,
3450 2510 3715 2594 velisque

2071 2609 2138 2652 ac
2167 2591 2351 2652 remis
2380 2593 2768 2666 contendunt,
2793 2601 2868 2675 ut
2895 2613 3028 2657 eum
3077 2595 3256 2658 etiam
3289 2616 3322 2658 e
3357 2591 3714 2662 monasterio

2073 2681 2390 2760 expellant.
2425 2680 2588 2773 Vana
2617 2683 2836 2764 quippe
2866 2683 3051 2764 gloria
3088 2695 3447 2773 contempta,
3485 2688 3720 2750 humili-

2073 2778 2250 2830 tatem
2281 2790 2349 2832 cx
2379 2772 2624 2834 adverso
2658 2773 2952 2836 laudatam
3009 2775 3208 2838 videre
3239 2772 3356 2838 non
3389 2779 3662 2841 sustinet.

2153 2861 2252 2921 t4.
2286 2860 2538 2940 Angitur
2567 2879 2925 2945 magnopere
2955 2864 3372 2944 inanisgloriae
3402 2877 3712 2930 consecta-

2069 2954 2180 3039 tor,
2215 2968 2348 3010 cum
2383 2951 2668 3014 humilem
2691 2953 2980 3034 lacrymas
2998 2955 3478 3036 profundentem,
3513 2957 3712 3039 dupli-

2067 3035 2332 3118 citerque
2359 3039 2614 3118 ,sibimet
2643 3035 3122 3108 commodantem
3168 3046 3452 3108 intuetur.
3487 3035 3632 3108 Nam
3661 3057 3723 3110 et

2067 3124 2258 3190 Deum
2283 3128 2538 3208 perillas
2561 3130 2840 3212 propitiat
2873 3150 2886 3196 :
2919 3145 2979 3195 et
3011 3133 3283 3196 homines
3313 3133 3394 3195 ad-
3417 3133 3512 3196 sui
3544 3154 3715 3198 com-

2003 3264 2044 3314 ο
2072 3216 2508 3314 mendationem
2538 3221 2798 3296 (tametsi
2833 3221 2890 3282 id
2926 3221 3169 3314 minime
3216 3223 3448 3314 volens)
3478 3225 3716 3314 excitat.

415 3301 504 3370 ιε’.
580 3309 698 3393 Ἀφ’
771 3315 832 3370 οὗ
897 3314 1116 3373 σεαυτὸν
1181 3310 1304 3368 ὅλον
1359 3319 1437 3386 τῷ
1494 3319 1838 3387 πνευματικῷ
1893 3333 1986 3368 σου

2153 3307 2250 3381 15,
2286 3305 2602 3388 Ροδιίιυειηι
2633 3316 2692 3370 te
2724 3317 2911 3370 totum
2944 3311 3105 3374 Patri
3153 3301 3444 3392 spirituali
3477 3313 3722 3376 tradidi-

338 3400 616 3472 ἀναθήσεις
673 3404 851 3482 πατρὶ,
910 3401 1018 3458 ἴσθι
1075 3403 1148 3464 ὡς
1203 3400 1347 3467 ξένος
1405 3401 1471 3468 ἧς
1529 3400 1616 3457 ἐπὶ
1689 3407 1850 3458 πᾶσιν
1902 3404 1987 3466 οἷς

2079 3395 2168 3470 sti,
2199 3396 2322 3458 scio
2368 3405 2423 3461 te
2467 3403 2654 3466 instar
2703 3401 3000 3480 peregrini
3052 3419 3120 3462 ac
3177 3401 3429 3484 hospitis
3463 3421 3596 3466 esse
3655 3405 3719 3466 in

336 3488 523 3557 ἔξωθεν
551 3489 776 3572 ἐπιφέρῃ
811 3506 826 3522 ⁸
887 3491 1204 3572 ἀνθρώποις,
1265 3489 1430 3568 λέγω,
1489 3490 1768 3569 πραγμασί
1819 3511 1876 3548 τε
1905 3489 1987 3546 καὶ

2079 3485 2375 3547 extraneis
2394 3487 2696 3560 onimbus,
2725 3488 2938 3570 puibus
2977 3491 3300 3570 praeticeris
3323 3491 3718 3573 ;hominibus,

333 3581 633 3660 χρήμασιν.
657 3553 954 3662 Ὀξίχωρὶς,
982 3553 1172 3657 Ιμηδὲν
1191 3553 1275 3635 ’ἐν
1336 3553 1739 3646 αότοϊςιπριτιξαι
1773 3579 1810 3647 ἢ
1839 3581 1987 3646 ποιῆ-

2079 3573 2340 3656 inquam,
2381 3577 2633 3654 negotiis
2687 3553 2744 3638 et
2791 3553 3184 3657 facultatibus,
3233 3553 3384 3642 citra
3414 3580 3586 3660 cujus
3610 3553 3720 3644 au:

334 3691 422 3726 σαι
481 3668 736 3746 θελήσῃς.
796 3667 964 3726 Ἀλλὰ
1021 3667 1157 3744 μηδὲ
1215 3669 1402 3748 μικρὸν
1482 3668 1518 3734 ἦ
1575 3669 1712 3747 μέγα
1769 3689 1987 3748 πραγμα

2079 3663 2402 3725 ctoritatem
2436 3664 2581 3726 nihil
2605 3665 2802 3729 facere
2831 3668 2977 3729 velis
3038 3667 3158 3730 Sed
3188 3687 3383 3750 neque
3407 3671 3714 3750 exiguum,

333 3759 538 3835 αἰτήσῃ
566 3755 690 3838 παρ’
721 3763 876 3818 αὖτοῦ
913 3779 926 3796 ·
989 3761 1033 3816 εἰ
1090 3760 1219 3834 μήτι
1277 3759 1433 3820 αὐτὸς
1490 3763 1559 3834 τῇ
1606 3758 1772 3830 οἰκείᾳ
1800 3757 1987 3836 γνώμῃ

2079 3761 2171 3813 aut
2203 3771 2480 3832 magnum
2503 3755 2805 3835 quidpiam
2827 3756 2902 3818 ab
2924 3776 2995 3818 eo
3043 3757 3148 3820 tibi
3183 3758 3474 3820 committi
3510 3768 3716 3840 petas:

331 3849 366 3916 ἦ
397 3846 685 3928 προστάξει
714 3845 902 3907 λαϐεῖν
958 3870 1038 3923 σε,
1097 3848 1134 3914 ἢ
1192 3849 1350 3910 αὐτὸς
1405 3845 1609 3910 ἐκεῖνος
1669 3847 1987 3926 αὖτοχείρως

2079 3841 2190 3903 nisi
2219 3842 2268 3903 is
2294 3853 2500 3923 suopte
2549 3854 2696 3906 nutu
2739 3852 2840 3908 aut
2888 3846 2971 3908 illi
3032 3859 3091 3909 te
3141 3866 3350 3909 manus
3403 3848 3724 3912 admovere

339 3961 411 3994 πα
429 3936 562 4017 ρέξει
592 3957 675 3994 σοι
691 3983 706 4000 ,

2079 3931 2484 4010 iusserit;aut
2511 3932 2765 4014 ipsemet
2820 3953 2926 3997 sua
2985 3937 3150 3998 velut
3199 3956 3382 4000 manu
3441 3937 3584 4000 illud
3615 3939 3722 4000 tibi

2083 4019 2418 4082 tradiderit.

414 4105 543 4190 ις’.
577 4117 668 4183 Μὴ
697 4115 797 4191 δῷς
830 4116 950 4172 ἄνευ
973 4124 1070 4174 τοῦ
1097 4114 1238 4172 κατὰ
1297 4115 1428 4170 Θεὸν
1485 4137 1578 4172 σου
1609 4115 1807 4192 πατρὸς
1836 4111 1987 4179 ἐλεη-

2092 4199 2095 4200 ν
2167 4111 2265 4174 16.
2300 4111 2386 4172 De
2407 4110 2568 4200 illata
2593 4111 2700 4175 abs
2733 4120 2794 4176 te
2825 4113 3077 4194 pecunia
3107 4115 3269 4178 nede
3284 4117 3724 4200 eleemosynam

336 4207 598 4280 μοσύνην,
630 4203 684 4271 ἐξ
728 4207 802 4260 ὧν
855 4204 1160 4284 χρημάτων
1218 4204 1588 4282 προσήνεγκας
1623 4221 1636 4236 ⁸
1701 4201 1838 4259 ἀλλὰ
1869 4199 1987 4278 μηδὲ

2087 4199 2314 4280 injussu
2345 4199 2545 4290 ipatris
2595 4201 2685 4290 tui
2735 4203 3068 4266 secundum
3117 4203 3328 4268 Deum.
3386 4209 3502 4269 Sed
3537 4199 3732 4290 neque

1089 4293 1135 4314 Ῥ
1231 4293 1246 4314 9
1302 4294 1329 4304 ⁸⁵
1817 4290 1831 4311 9
1955 4293 1966 4314 Ι

338 4294 424 4354 διὰ
453 4295 671 4373 μεσίτου
699 4293 886 4354 λαϐεῖν
913 4317 1030 4352 τινα
1085 4316 1137 4360 ες
1192 4316 1364 4350 αυτ-ων
1421 4292 1652 4370 θελήσῃς
1706 4315 1812 4374 παρ
1862 4292 1987 4349 ἐκει-

2087 4289 2238 4350 velle
2268 4287 2474 4367 debes,
2505 4289 2724 4370 utquis
2759 4310 2864 4372 per
2892 4291 3199 4372 vicarium,
3244 4295 3368 4358 sive
3409 4287 3728 4374 internun—

341 4351 465 4448 νου.⁸
518 4393 772 4466 Κρεῖττον
829 4385 930 4464 γὰρ
983 4385 1210 4464 πτωχὸν
1262 4383 1350 4439 καὶ
1403 4380 1544 4448 ξένον
1599 4383 1741 4438 εἶναί
1797 4402 1854 4438 τε
1909 4383 1987 4438 καῖ

2083 4377 2228 4439 tium
2263 4351 2428 4440 tuum
2458 4351 2536 4442 'de
2554 4351 2736 4441 urg...
2759 4351 3727 4465 caueant};adpetitas.

342 4475 550 4532 ἀκούειν
581 4496 662 4547 σε,
723 4478 760 4542 ἦ
809 4473 1106 4554 σκορπίζειν
1161 4473 1420 4552 χρήματα
1477 4472 1564 4528 καὶ
1625 4469 1819 4528 διδόναι
1877 4483 1987 4534 τοῖς

2083 4467 2242 4530 enim
2275 4467 2636 4542 mendicum,
2673 4473 3126 4549 etperegrinum
3165 4491 3318 4547 esse,
3341 4483 3399 4535 et
3431 4475 3731 4537 nominari

341 4565 590 4644 πένησιν,
649 4540 988 4644 είσαθωγικὸν
1075 4540 1224 4622 ὄντα.
1283 4561 1514 4626 Πίστεως
1603 4558 1657 4616 δὲ
1713 4561 1987 4640 ἆκρεφνοῦς

2087 4563 2165 4632 te,
2200 4575 2374 4638 quam
2409 4540 2699 4638 dissipare
2722 4540 3026 4637 p'ccuriias.
3063 4569 3122 4621 et
3171 4540 3315 4623 dare
3347 4563 3730 4644 pauperibus,

340 4654 404 4709 τὰ
451 4653 652 4726 πάντα,
707 4655 780 4718 ὡς
838 4653 893 4710 ἐν
951 4654 1094 4733 χειρὶ
1151 4656 1304 4725 Θεοῦ,
1381 4655 1449 4726 τῇ
1501 4656 1590 4706 νοῦ
1647 4656 1987 4724 πνευματικοί

2086 4647 2302 4733 cumin
2355 4647 2468 4706 hoc
2513 4647 2642 4706 vitae
2700 4653 2858 4733 statu
2912 4648 3180 4711 novellus
3235 4649 3453 4732 adhuc,
3514 4659 3574 4712 et
3606 4659 3730 4733 tyro

339 4744 538 4822 πατρὸς
568 4742 841 4800 ἀναθέσθαι
870 4740 1158 4818 βουλήσει.

429 4999 522 5082 ιζ’.
556 5008 703 5078 Μηδέ
741 5008 927 5066 λαϐεῖν
956 5007 1142 5076 ὕδατος
1197 5010 1362 5067 ποτὸν
1421 5009 1638 5084 αἰτήσῃ.
1676 5009 1720 5062 εἰ
1748 5007 1836 5062 καὶ
1865 5029 2004 5082 συμ-

351 5097 420 5176 ϐνῃ
448 5120 509 5156 σε
537 5097 842 5180 φλέγεσθαι,
898 5098 1090 5179 μέχρις
1141 5099 1203 5154 ἃν
1260 5098 1468 5154 οἴκοθεν
1523 5097 1753 5162 κινηθεὶς
1783 5097 1812 5151 ὁ
1841 5117 2006 5152 πνευ-

355 5188 575 5264 ματικός
631 5209 726 5246 σου
777 5189 955 5268 πατὴρ
1011 5188 1285 5267 προ-τρέψῃ
1329 5207 1409 5246 σε.
1503 5194 1655 5265 Λγχε
1712 5184 1804 5264 γὲρ
1859 5205 2010 5241 σεαυ-

354 5279 464 5352 τὸν,
497 5279 588 5336 καὶ
635 5277 819 5354 βιάζου
878 5277 931 5334 ἐν
990 5283 1148 5350 πᾶσι,
1199 5276 1393 5332 πείθων
1448 5275 1537 5331 καὶ
1593 5272 1764 5351 λέγων
1818 5283 1897 5349 τῷ
1925 5273 2014 5330 λο-

355 5373 528 5445 γισμῷ
575 5381 589 5397 ⁸
627 5367 687 5424 Εἰ
713 5365 852 5424 θέλει
883 5369 911 5422 ὁ
955 5367 1108 5439 Θεὸς,
1139 5367 1227 5422 καὶ
1256 5367 1322 5442 ᾖς
1353 5361 1516 5429 ἅξιοις
1547 5369 1640 5419 τοῦ
1667 5375 1837 5436 πιεῖν,
1871 5362 2014 5420 ἀπο-

356 5455 605 5513 καλύπτει
636 5455 848 5520 πάντως
905 5462 981 5530 τῷ
1038 5453 1200 5534 Πατρί
1256 5475 1349 5509 σο)
1407 5453 1496 5508 καὶ
1553 5451 1696 5532 λέγει
1723 5473 1806 5510 σοι
1839 5469 1854 5484 ⁸
1890 5452 2007 5514 Πίε.

361 5545 456 5602 Καὶ
503 5543 796 5613 τηνικαῦτα
849 5545 1024 5601 πίεσαι
1087 5543 1222 5618 μετὰ
1289 5544 1516 5622 καθαροῦ
1596 5539 1914 5616 συνειδότος,
1967 5543 2010 5598 εἰ

361 5635 443 5691 καὶ
470 5635 610 5716 παρᾶ
638 5634 730 5692 τὸν
759 5634 939 5714 καιρὸν
969 5635 1005 5705 ἡ
1035 5632 1147 5714 ὥρα
1183 5631 1344 5695 ἐστὶν,

2087 4734 2190 4798 sis.
2229 4732 2492 4802 Sincera;
2523 4743 2720 4796 autem
2751 4732 2890 4796 fidei
2921 4744 3034 4817 est,
3086 4735 3286 4800 omnia
3309 4738 3592 4801 voluntati
3620 4732 3730 4810 [’a-

2089 4821 2195 4911 tris
2223 4821 2548 4904 spiritualis
2579 4819 2734 4884 haud
2765 4839 2941 4885 secus
2973 4843 3150 4906 quam
3171 4824 3276 4888 Dei
3309 4827 3584 4890 manibus
3605 4847 3737 4911 per-

2091 4910 2352 4975 mittere.

2173 5004 2271 5062 Π.
2305 5001 2658 5065 Potestatem
2721 5000 2967 5066 bibendi
3003 5022 3245 5086 aquam,
3282 5025 3358 5067 ne
3404 5023 3570 5086 roga,
3598 5006 3739 5072 licet

2091 5090 2188 5152 siti
2217 5090 2448 5167 ardens,
2483 5091 2673 5152 donec
2688 5101 2900 5170 suopte
2927 5091 3188 5174 impulsu
3213 5097 3388 5158 Pater
3412 5096 3738 5176 spiritualis

2096 5190 2152 5242 te
2176 5180 2248 5242 ad
2309 5179 2638 5244 bibendum
2692 5179 3046 5246 lmrtabitur.
3103 5184 3329 5247 Coerce
3369 5184 3644 5266 teipsum,
3680 5195 3742 5248 et

2096 5270 2312 5333 acriter
2344 5267 2577 5332 timibet
2615 5269 2842 5352 impera
2899 5271 2960 5333 in
3019 5272 3318 5348 omnibus,
3352 5274 3432 5335 ita
3463 5275 3733 5356 loquens,

2098 5369 2155 5422 et
2184 5359 2447 5422 suadens
2500 5357 2608 5422 tibi
2657 5360 2813 5442 apud
2871 5360 3163 5424 animum.
3222 5361 3287 5426 Si
3345 5363 3541 5443 placet
3588 5363 3734 5441 Deo,

2094 5457 2152 5512 et
2179 5449 2262 5512 sis
2319 5449 2534 5530 dignus
2565 5448 2799 5531 bibere,
2855 5451 3028 5532 plane
3083 5451 3370 5514 revelabit
3429 5452 3585 5514 Patri
3641 5462 3741 5514 tuo

2091 5537 2405 5620 spirituali,
2441 5547 2500 5600 et
2521 5537 2572 5601 is
2600 5539 2760 5601 dicet
2781 5539 2888 5602 tibi
2921 5558 2934 5602 :
2995 5539 3162 5602 Bibe.
3215 5539 3366 5602 Tum
3397 5537 3568 5602 bibes
3597 5557 3744 5620 pura

2093 5626 2481 5706 conscientia,
2541 5625 2808 5711 quamvis
2864 5637 3026 5692 extra
3084 5638 3343 5712 tempus,
3403 5641 3506 5692 aut
3532 5627 3740 5692 horam

2097 5715 2292 5785 bibas.
