4120 6410
398 359 515 429 615

1706 359 2011 427 SYMEON
2018 360 2088 421 IS
2128 352 2159 420 Ι
2168 358 2270 419 UN
2279 348 2477 418 IORIS

3655 346 3767 410 616

397 519 465 574 σῃ
525 498 613 553 καὶ
661 496 828 576 μάθῃ,
888 497 1007 573 περὶ
1065 499 1137 551 ὠν
1211 492 1396 552 οὔποτε
1474 484 1744 572 ἐθεάσατο,
1818 495 1906 549 καὶ
1966 490 2050 546 δι·-

2155 487 2354 549 -averit
2398 486 2675 567 ipsemet,
2732 490 2793 548 et.
2853 485 2995 565 ipsis
3054 484 3227 544 etiam
3291 481 3653 543 auditoribus
3682 487 3787 542 ne‘

395 572 669 665 ηγήσηται
698 572 881 649 ἄλλοις
923 572 1286 655 ἄπεράκήκοεν
1322 601 1335 613 ’
1373 582 1529 640 αὒτοῦ
1558 584 1646 638 καὶ
1674 588 1781 638 τῶν
1821 581 2049 638 ἀκουόν-

2155 575 2484 650 ιοίεηιὶὺυε,
2517 575 2733 658 quibus
2760 574 2837 635 de
2866 572 3046 634 rebus
3076 590 3274 634 sermo
3307 573 3401 633 sit.

398 697 526 749 των,
561 675 677 754 περὶ
705 674 871 731 ποίων
900 672 1226 753 πραγμάτων
1266 670 1523 741 ἀλλήλοις
1555 667 2047 751 προσδιαλέγονται,

399 765 477 840 μὴ
509 762 719 821 εἰδότων
729 813 742 826 ,

513 843 593 879 ρ’
639 854 654 876 ν
734 853 758 890 ,ι
1103 853 1115 871 κ
1319 874 1329 884 .
1440 858 1506 886 ..ν
1574 873 1585 883 .
1673 873 1682 884 .
1788 854 1803 864 ~

476 874 550 927 at,
600 902 613 915 .
658 851 918 910 Αδονατον
946 853 1034 909 καὶ
1062 874 1160 919 την
1220 852 1386 930 σάρκα
1452 875 1517 925 ,ῳ
1577 849 1714 927 κόρρ
1743 870 1849 904 των
1893 850 2041 929 βρω-

399 943 581 1018 μάτων
638 940 1032 1022 κατεμπιπλᾷν,
1116 942 1201 998 καὶ
1274 943 1640 1022 πνευματικιῖὲς
1700 939 1801 1005 τῆς
1864 945 2047 1016 νοερᾶς

397 1011 486 1088 καὶ
525 1032 665 1097 θείας
721 1011 1075 1087 ἐπαπολαύέιν
1131 1011 1524 1109 χρηστότητος.
1593 1011 1732 1102 ﬂ0:11p
1802 1028 1903 1106 γὰρ
1952 1011 2050 1094 τὴν

400 1121 629 1200 γαστέρα
697 1143 778 1184 τις
873 1119 1197 1197 θεραπεύσει,
1299 1119 1433 1173 κατὰ
1532 1125 1779 1175 τοσοῦτον
1850 1115 2054 1182 ἐκείνης

400 1211 581 1267 ἑαυτὸν
625 1209 998 1288 ἀποστερήσει.
1034 1205 1161 1264 Καθ’
1224 1206 1345 1263 ὅσον
1381 1206 1435 1262 δὲ
1495 1208 1555 1262 τὸ
1607 1208 1764 1281 σῶμα
1808 1204 2055 1261 ὑπωπιά-

401 1321 503 1379 σει,
565 1297 838 1377 ἀναλόγως
895 1297 1123 1363 καὶτῆς
1178 1300 1541 1370 πνευματικῆς
1606 1297 1804 1375 τροφῆς
1847 1316 1905 1350 τε
1973 1284 2059 1350 καὶ

401 1388 793 1468 παρακλήσεως
822 1385 1284 1462 ἐμπλησθήσεται,

477 1467 614 1551 ’.
677 1475 1093 1551 Καταλείψωμεν
1160 1475 1332 1534 πάντα
1381 1477 1446 1531 τα
1503 1475 1587 1531 ἐπί
1659 1475 1756 1542 τῆς
1809 1479 1911 1552 γῆς
1978 1473 2049 1548 μ-ὶκ

395 1565 623 1624 πλοῦτον
668 1566 851 1641 μόνον,
907 1566 996 1621 καὶ
1054 1565 1279 1644 χρυσόν,
1332 1566 1420 1621 καὶ
1462 1565 1555 1629 τὰς
1589 1562 1752 1627 ἄλλας
1795 1561 1923 1626 ὕλας
1966 1571 2058 1621 τοῦ

391 1652 525 1730 ϐίου,
585 1653 721 1711 ἀλλά
777 1656 865 1711 καὶ
918 1654 1019 1721 τὴν
1077 1654 1355 1729 ἐπιθυμίαν
1413 1654 1512 1721 τὴν
1555 1654 1687 1731 πρὸς
1762 1652 1917 1731 αὔτα,
1973 1650 2058 1708 τέ-

394 1744 523 1803 )’.μδ
590 1743 645 1793 r’x
676 1745 705 1800 :‘,
790 1748 906 1802 ἰντν
990 1749 1182 1823 ψυχῶν
1267 1744 1419 1818 ἡμῶν
1503 1740 1877 1817 ἂπελάσωμεν.

400 1835 652 1909 σήσωμεν
714 1833 792 1908 μὴ
851 1832 1013 1908 μόνον
1056 1834 1150 1896 τὰς
1202 1830 1397 1901 ἡδονάς
1446 1838 1538 1888 τοῦ
1593 1833 1864 1907 σώματος,
1924 1828 2059 1886 ἀλλὰ

399 1923 609 1983 καὶτὰς
651 1920 877 2000 ἀλόγους
937 1922 1173 1991 κινήσεις
1224 1921 1402 1993 αυτοῦ,
1450 1923 1538 1977 καὶ
1592 1921 1851 2001 νεκρῶσαι
1907 1928 2058 1978 τοῦτο

398 2008 482 2069 διὰ
540 2010 716 2066 πόνων
774 2007 1159 2086 σπουδάσωμεν
1196 2029 1210 2044 ·
1245 2007 1328 2065 διὰ
1384 2010 1570 2066 τούτου
1626 2010 1726 2087 γὰρ
1777 2009 2052 2087 ἐνεργοῦν-

400 2121 486 2156 ται
516 2099 584 2157 τὰ
632 2104 730 2166 τῆς
783 2099 1084 2175 ἐπιθυμίας,
1144 2101 1231 2156 καὶ
1286 2100 1359 2162 εἷς
1420 2097 1571 2178 ἔργον
1615 2098 1908 2177 ἐξάγονται,
1961 2097 2057 2154 Καὶ

404 2195 598 2260 ζῶντος
632 2189 807 2267 αὐτου,
854 2188 1061 2266 ἀνάγκη
1111 2195 1256 2245 πᾶσα
1299 2191 1397 2255 τὴν
1449 2189 1634 2268 ψυχὴν
1690 2190 1845 2263 ἡμῶν
1874 2186 2059 2264 νεκρὰν

402 2280 567 2356 εἶναι,
619 2280 706 2334 καὶ
766 2277 1073 2344 δυσκίνητον
1129 2278 1259 2357 πρὸς
1318 2283 1491 2333 πᾶσαν
1544 2278 1685 2334 θείαν
1729 2274 1971 2355 ἐντολὴν,
2022 2275 2058 2343 ἢ

402 2367 488 2423 καὶ
511 2365 785 2429 παντελῶς
815 2364 1087 2432 ἀκίνητον.

480 2445 591 2522 κη’.
625 2455 867 2533 Καθάπερ
904 2455 938 2522 ἡ
983 2452 1114 2535 φλὸξ
1143 2460 1235 2509 τοῦ
1305 2456 1467 2533 πυρὸς
1526 2456 1599 2518 εἷς
1644 2454 1777 2530 ὕψος
1822 2454 1902 2508 ἀεὶ
1962 2451 2058 2508 αἶ’-

403 2565 571 2622 ρεται,
614 2546 703 2599 καὶ
736 2541 940 2618 μᾶλλον
971 2541 1059 2601 ἐὰν
1092 2542 1325 2622 στρὲψῃς
1383 2543 1481 2609 τὴν
1538 2541 1672 2610 ὕλην
1704 2540 1793 2622 ἀφ’
1824 2544 1890 2609 ἧς
1923 2541 2057 2597 ἀνά·-

2214 843 2314 907 26.
2348 843 2508 905 Fieri
2535 843 2764 923 nequit,
2800 851 2865 906 ut
2914 860 3154 904 carnem
3187 858 3325 903 esca
3351 839 3686 913 fareiamus,
3720 844 3775 898 et

2134 933 2312 995 simul
2344 933 2734 1013 spiritualiter
2756 930 3259 994 intellectualibus
3275 948 3343 992 ac
3373 928 3587 990 divinis
3615 946 3777 989 com-

2138 1022 2523 1084 moditatibus
2593 1022 2987 1101 perfruamur.
3076 1020 3367 1093 Quantum
3443 1017 3599 1079 enim
3657 1017 3783 1097 quis

2140 1113 2329 1173 ventri
2367 1111 2661 1185 servierit,
2698 1122 2926 1173 tantum
2958 1111 3077 1172 illis
3107 1127 3240 1171 sese
3270 1104 3785 1179 t‘raudabit,Quan-

2142 1209 2265 1261 tum
2297 1208 2494 1261 autem
2524 1218 2742 1280 corpus
2771 1200 3091 1262 domuerit.
3122 1210 3297 1279 atque
3342 1193 3781 1277 compresserit,

2143 1298 2371 1350 tantum
2400 1289 2660 1351 vicissim
2721 1289 3025 1362 alimonia,
3069 1286 3590 1359 consolationeque
3619 1282 3782 1363 spiri-

2142 1384 2282 1445 tuali
2316 1382 2684 1463 implebitur.

2218 1473 2319 1535 Ξῖ.
2352 1472 2569 1536 Omnia
2598 1491 2729 1553 quae
2760 1472 2818 1533 in
2852 1473 3027 1534 terris
3058 1480 3217 1546 sunt,
3251 1470 3509 1542 divitias,
3543 1484 3783 1536 aurum,

2140 1570 2199 1623 et
2229 1561 2373 1623 alias
2433 1562 2563 1622 vita:
2617 1580 2736 1642 res,
2802 1581 2918 1622 non
2964 1561 3374 1640 relinquamus
3435 1559 3650 1632 solum,
3683 1555 3784 1618 sed

2139 1649 2318 1712 etiam
2353 1651 2588 1712 illorum
2624 1649 3011 1730 cupiditatem
3045 1652 3120 1711 ab
3152 1649 3368 1711 animis
3401 1647 3620 1709 nostris
3652 1663 3788 1727 per-

1966 1747 2059 1796 Μι-
2082 1746 2121 1794 Β
2145 1740 2295 1801 fecte
2307 1740 2689 1817 repellamus.
2716 1736 3038 1802 Oderimus
3064 1739 3397 1818 voluptates
3420 1736 3710 1817 corporis,
3732 1744 3787 1794 et

2144 1847 2355 1890 omnes
2388 1829 2678 1889 motiones
2710 1827 2836 1908 ejus
2865 1846 2898 1889 a
2928 1829 3158 1889 ratione
3188 1827 3434 1892 alienas.
3482 1825 3792 1906 ipsumque

2142 1916 2448 1979 laboribus
2493 1917 2853 1979 mortiﬁcare
2900 1916 3266 1979 studeamus.
3311 1915 3431 1980 Per
3476 1916 3588 1977 hoc
3637 1914 3791 1975 enim

2141 2007 2646 2089 concupiscentiae
2702 2007 2922 2087 vigent,
2984 2007 3132 2068 etin
3181 2025 3332 2086 opus
3391 2014 3651 2067 exeunt:
3685 2020 3796 2083 quo

2141 2096 2360 2170 vivido,
2395 2106 2455 2159 et
2482 2096 2742 2177 vigente,
2777 2096 3037 2157 animam
3080 2103 3339 2156 nostram
3383 2102 3567 2155 totam
3604 2090 3800 2153 exani-

2144 2204 2327 2259 mem,
2360 2187 2429 2246 ad
2463 2205 2641 2247 omne
2676 2186 2780 2247 Dei
2815 2186 3154 2247 mandatum
3191 2182 3643 2265 exsequendum
3678 2190 3795 2241 tar-

2142 2276 2302 2347 dam,
2337 2294 2403 2337 ac
2435 2275 2769 2348 difﬁcilem,
2803 2283 2900 2336 aut
2925 2274 3103 2337 etiam
3147 2274 3391 2335 omnino
3426 2270 3794 2334 immobilem

2144 2382 2275 2425 esse
2307 2382 2555 2425 necesse
2587 2374 2697 2425 εδει.

2357 2452 2666 2525 Quomodo
2700 2454 2941 2514 ﬂamma
2994 2452 3151 2531 ignis
3200 2451 3520 2532 superiora
3567 2466 3803 2530 semper

2142 2541 2387 2623 appetit,
2426 2541 2968 2622 quomodocunque
2993 2539 3210 2602 veteris
3263 2540 3579 2602 materiam
3611 2539 3802 2599 unde-

407 2652 592 2689 πτεται
629 2649 641 2662 ⁶
675 2631 811 2688 οὕτω
853 2633 942 2688 καὶ
988 2634 1023 2700 ἡ
1076 2637 1170 2687 τοῦ
1227 2629 1499 2697 κενοδόξου
1555 2628 1740 2711 καρδία
1793 2652 2058 2687 ταπεινω-

2155 2630 2496 2692 accenditur
2527 2649 2540 2690 :
2571 2630 2655 2691 sic
2674 2649 2777 2691 cor
2807 2649 2969 2691 vana;
3000 2629 3204 2708 gloriae
3225 2628 3482 2690 studiosi
3502 2627 3803 2691 humiliari

406 2725 559 2789 θῆναι
590 2723 652 2777 οὒ
699 2718 910 2777 δύναται
944 2738 963 2757 ⁸
1008 2718 1126 2775 ἀλλ’
1183 2722 1256 2783 ὡς
1318 2720 1379 2775 ἃν
1438 2720 1602 2797 εἴπῃς
1656 2723 1799 2794 αὖτῴ
1858 2720 1921 2775 τὰ
1963 2723 2058 2784 τῆς

2155 2718 2390 2800 nequit;
2424 2720 2526 2780 sed
2561 2728 2863 2797 utcunque
2893 2719 3058 2781 utilia
3082 2719 3138 2779 ei
3163 2717 3414 2791 dixeris,
3453 2718 3645 2797 magis
3677 2734 3807 2778 ma-

410 2808 667 2890 ὠφελείας
752 2811 934 2883 αὐτοῦ,
1037 2807 1240 2884 μᾶλλον
1336 2811 1425 2864 καὶ
1510 2807 1714 2884 μᾶλλον
1771 2807 2058 2887 ἐπαίρεται.

2155 2812 2355 2889 gisque
2386 2808 2679 2869 elexatur.
2714 2809 3135 2887 Reprehensus
3166 2808 3349 2883 enim,
3408 2816 3507 2868 aut
3539 2806 3806 2869 admoni-

409 2895 807 2975 Ἐλεγχόμενος
869 2897 992 2975 γὰρ,
1052 2895 1089 2962 ἢ
1144 2896 1233 2952 καὶ
1318 2897 1745 2973 νουθετούμενος,
1804 2893 2058 2973 ἀντιλέγει

2155 2906 2269 2972 tus,
2306 2897 2692 2957 vehementer
2720 2897 3092 2958 contradicit.
3117 2896 3419 2959 Laudatus
3449 2905 3676 2977 autem,
3710 2903 3809 2958 aut

408 2983 642 3065 σφοδρῶς
676 2999 690 3013 ⁸
757 2984 1130 3060 ἐπαινούμενος
1189 2982 1267 3064 δὲ,
1333 2985 1369 3051 ἣ
1441 2986 1528 3041 καὶ
1605 2982 2058 3063 παρακαλούμενος

2155 2995 2415 3067 rogatus,
2449 2984 2694 3066 spiritus
2719 2986 2874 3048 male
2905 2986 3077 3049 tollit.

410 3074 700 3148 ἀνυψοϋται
728 3080 908 3137 κακῶς
919 3121 932 3135 ,
1914 3073 1924 3081 ’
2081 3075 2120 3124 C

491 3142 595 3225 κθ’,
668 3142 985 3241 νΑνδρωπως
1072 3161 1456 3239 μεμελετηκὼς
1542 3162 1859 3242 ἀντιλέγειν,
1946 3165 2058 3219 ἐαυ-

2224 3163 2322 3228 ‘29.
2360 3162 2549 3225 Homo
2572 3163 2627 3224 in
2655 3164 3118 3226 contradicendo
3145 3163 3536 3241 exercitatus,
3572 3164 3812 3226 sibimet

411 3259 490 3328 τῷ
546 3250 792 3328 δίστομός
836 3251 945 3308 ἐστι
990 3253 1255 3333 μάχαιρα,
1329 3252 1556 3331 ἀναιρῶν
1611 3252 1896 3330 ἀγνώστως
1962 3253 2062 3320 τὴν

406 3340 538 3399 ἰδίαν
569 3342 777 3421 ψυχὴν,
833 3343 922 3397 καὶ
977 3346 1073 3409 τῆς
1130 3342 1340 3398 αἰωνίου
1399 3346 1542 3413 ζωῆς
1574 3340 1852 3422 ἀλλότριον
1898 3342 2063 3408 αὐτὴν

410 3434 770 3513 ἔργαζόκενος.

488 3512 562 3582 λ’.
614 3514 669 3581 Ὀ
699 3521 1012 3597 ἀντιλέγων,
1048 3522 1232 3598 ὅμυιός
1262 3522 1372 3578 ἐστι
1430 3530 1508 3599 τῷ
1557 3524 1808 3587 ἑκουσίως
1850 3521 2061 3580 ἔκδοτον

406 3613 593 3671 ἑαυτὸν
649 3621 883 3671 ποιοῦντι
940 3623 1058 3675 τοῖς
1112 3612 1441 3675 ὑπεναντίοις
1493 3619 1587 3670 τοῦ
1652 3611 1911 3688 βασιλέως
1968 3611 2063 3693 ἐχ-

406 3704 555 3780 θροῖς
588 3720 602 3735 '
636 3702 671 3769 ἡ
717 3701 817 3780 γὰρ
874 3698 1147 3777 ἀντιλογία
1209 3701 1463 3780 ἁρπάγιόν
1535 3700 1671 3774 ἐστι,
1721 3698 1906 3779 δέλεαρ
1936 3699 2066 3781 ἕχον

406 3791 506 3859 τὴν
562 3788 945 3867 δικαιολογίαν.
1006 3787 1086 3845 Δι’
1131 3792 1198 3856 ἧς
1242 3790 1611 3867 ἀπατώμενοι,
1670 3792 1730 3846 τὸ
1788 3789 2067 3870 ἄγκιστρον

408 3880 764 3954 καταπίνομεν
821 3878 918 3946 τῆς
962 3878 1221 3958 ἁμαρτίας
1257 3899 1271 3912 ·
1329 3877 1414 3958 ὑφ’
1480 3881 1540 3935 οὗ
1594 3880 1681 3934 καὶ
1749 3879 2065 3957 ἁρπάζεσθαι

410 3966 598 4039 ε’ἷγωθεν
640 3968 676 4034 ἡ
706 3966 858 4022 ἀθλία
889 3966 1068 4046 ψυχὴ,
1116 3966 1221 4022 ἀπὸ
1267 3972 1365 4035 τῆς
1416 3965 1663 4045 γλώττης
1704 3968 1914 4023 καὶτοῦ
1940 3964 2063 4023 λαι-

411 4064 513 4130 μοῦ
563 4056 665 4112 ὑπὸ
719 4062 823 4111 τῶν
874 4055 1189 4131 πνευμάτων
1243 4061 1344 4123 τῆς
1418 4055 1674 4136 πονηρίας
1711 4070 1724 4085 ⁸
1786 4057 1875 4112 καὶ
1931 4056 2063 4112 ποτὲ

411 4145 509 4219 μὲν
566 4146 637 4209 εἷς
690 4142 822 4219 ὕψος
866 4145 1222 4224 ὑπερηφανίας
1280 4143 1561 4223 ἀνάγεσθαι
1597 4161 1611 4176 °
1673 4143 1803 4201 ποτὲ
1860 4142 1916 4200 δὲ
1988 4146 2061 4208 εἷς

411 4233 545 4312 χάος
614 4228 839 4289 ἀϐύσσου
894 4233 1150 4312 ἁμαρτίας
1235 4230 1683 4308 καταϐυθίζεσθαι,
1767 4235 1854 4290 καὶ
1925 4235 2061 4308 μετὰ

408 4327 514 4378 τῶν
545 4319 597 4386 ἐξ
622 4322 838 4401 οὖρανοῦ
866 4320 1289 4378 ἐκπεπτωκότων
1315 4319 1772 4392 καταδικάζεσθαι.

488 4399 599 4470 λα’.
666 4399 721 4467 Ὀ
767 4409 1152 4485 ἀτιμαζόμενος
1210 4409 1245 4477 ἢ
1294 4406 1652 4487 ὑϐριζόμενος,
1727 4412 1816 4467 καὶ
1865 4408 2060 4490 σφόδρα

408 4498 588 4578 ἀλγῶν
644 4501 744 4566 τὴν
804 4497 1039 4579 καρδίαν,
1108 4497 1414 4577 γινωσκέτω
1467 4498 1527 4556 ἐκ
1581 4500 1768 4556 τούτσυ
1825 4498 1904 4556 ὅτι
1960 4522 2063 4556 πα-

408 4590 560 4647 λαιὸν
611 4589 726 4671 ὄφιν
773 4591 1038 4671 περιφέρει
1094 4588 1403 4668 ἐγκόλπιον.
1483 4592 1542 4647 Εἰ
1611 4592 1708 4666 μὲν
1769 4591 1857 4648 οὖν
1928 4592 2063 4666 μετὰ

408 4683 618 4746 σιωπῆς
670 4680 953 4759 ὑπομείνῃ,
1007 4678 1043 4746 ἢ
1107 4680 1243 4753 μετὰ
1284 4677 1489 4746 πολλῆς
1519 4681 1892 4743 ταπεινώσεως
1918 4679 2060 4736 ἀπο-

407 4770 735 4849 κριθήσεται,
810 4769 1004 4835 ἀσθενῆ
1059 4774 1245 4824 τοῦτον
1307 4768 1395 4823 καὶ
1475 4767 1824 4846 ἐκλελυμένον
1880 4770 2062 4848 εἰργά-

408 4878 539 4913 σατο
576 4875 593 4892 ο
652 4859 696 4913 εἰ
737 4855 793 4913 δὲ
850 4858 985 4933 μετὰ
1035 4859 1244 4936 πικρίας
1288 4856 1531 4934 ἀντείπῃ,
1603 4857 1638 4922 ἢ
1695 4860 1781 4914 καί
1838 4857 2061 4929 λαλήσει

409 4947 547 5023 μετὰ
597 4946 942 5026 θρασύτητος,
1008 4942 1230 5002 δέδωκεν
1312 4946 1469 5025 ἰσχὺν
1525 4952 1601 5021 τῷ
1655 4945 1793 5028 ὄφει,
1840 4949 1929 5004 τὸν
1984 4950 2062 5004 ἱὸν

408 5034 597 5116 ἐκχέαι
628 5035 680 5092 ἐν
719 5041 789 5112 τῇ
817 5032 1000 5113 καρδία
1059 5033 1237 5098 αυτοῦ,
1298 5035 1386 5090 καὶ
1440 5033 1720 5114 ἀνημέρως
1777 5036 2063 5092 κατεσθίειν

407 5126 475 5181 τὰ
518 5125 663 5188 ἐντὸς
719 5124 879 5181 αὐτοῦ
907 5143 922 5158 '
982 5125 1055 5187 ὡς
1111 5123 1340 5181 ἐντεῦθεν
1398 5121 1515 5180 καθ’
1573 5124 1800 5192 ἑκάστην
1858 5123 2061 5182 ἐνδυνα-

407 5214 671 5290 μούμενον
705 5214 887 5293 αὐτὸν,
944 5209 1270 5289 κατάϐρωμα
1330 5214 1597 5269 ποιεῖσθαι
1653 5213 1749 5281 τὴν
1807 5211 1890 5270 ἐπ’
1921 5213 2058 5291 ἀγα·-

407 5309 524 5368 θοϊς
554 5302 832 5378 διόρθωσεν
872 5304 958 5360 καὶ
1015 5302 1171 5381 ισχὺν
1226 5306 1325 5369 τῆς
1368 5299 1546 5365 ἀθλίας
1605 5302 1763 5362 αὐτοῦ
1819 5307 2002 5383 ψυχῆς
2040 5323 2052 5335 ·

407 5395 496 5448 καὶ
552 5398 650 5469 ζῇν
706 5392 802 5466 μὲν
844 5391 999 5448 αὐτὸν
1058 5389 1239 5447 ἔκτοτε
1296 5394 1365 5464 τῇ
1438 5389 1690 5469 ἁμαρτίᾳ,
1752 5393 1933 5471 νεκρὸν
2003 5389 2056 5447 δὲ

407 5480 671 5545 ταντελῶς
704 5481 846 5538 εἶναι
876 5486 946 5557 τῇ
987 5476 1315 5557 δικαιοσύνῃ.

489 5568 555 5645 λβ
568 5558 599 5630 ’,
629 5568 756 5626 Ἐὰν
808 5566 1162 5635 ἀποτάξασθαι
1217 5566 1512 5649 βουληθῆς,
1557 5570 1646 5625 καὶ
1700 5571 1797 5637 τὴν
1843 5568 2059 5649 εὐαγγε-

410 5655 566 5724 λικὴν
598 5655 869 5715 πολιτειαν
900 5654 1298 5737 ἐκδιδαχθῆναι,
1329 5658 1408 5735 μὴ
1440 5658 1662 5736 ἀπείρῷ,
1721 5656 1858 5735 μηδὲ
1889 5658 2060 5737 ἐμπα-

2145 3271 2366 3335 anceps
2394 3252 2624 3331 gladius
2677 3262 2786 3329 est,
2823 3254 3151 3317 inscienter
3204 3256 3468 3317 animam
3524 3272 3695 3317 suam
3725 3253 3811 3314 in.

2143 3342 2471 3417 terﬁciens,
2504 3349 2562 3404 et
2588 3360 2621 3403 a
2648 3342 2765 3404 vita
2796 3352 3017 3406 aeterna
3045 3344 3298 3408 alienam
3322 3343 3625 3407 efﬁciens.

2226 3521 2326 3585 30.
2360 3518 2470 3593 Qui
2498 3520 2868 3597 contradicit,
2903 3522 3115 3584 similis
3146 3521 3231 3583 illi
3264 3534 3380 3595 est,
3419 3523 3524 3603 qui
3558 3541 3625 3584 se
3657 3521 3815 3601 regis

2147 3608 2428 3691 inimicis,
2465 3616 2522 3671 et
2552 3608 2909 3672 adversariis
2938 3619 3151 3692 spente
3198 3611 3259 3672 in
3309 3620 3668 3675 servitutem
3702 3613 3814 3673 ad-

2152 3698 2317 3760 dicit.
2347 3698 2755 3762 Contradictio
2812 3700 2973 3762 enim
3007 3719 3143 3763 esca
3189 3707 3277 3761 est
3319 3718 3535 3782 rapax,
3587 3701 3823 3764 habens

2151 3787 2449 3867 quandam
2482 3806 2679 3849 causa;
2728 3807 2851 3851 suae
2898 3788 3333 3865 defensienem,
3391 3810 3512 3872 qua
3547 3791 3817 3873 decepti,

2151 3881 2390 3942 hamum
2424 3888 2806 3960 peccatorum
2838 3881 3210 3957 devoramus,
3257 3899 3291 3944 a
3340 3902 3465 3963 quo
3502 3892 3565 3945 et
3596 3884 3825 3946 misera

2149 3969 2368 4044 anima,
2403 3971 2568 4050 quasi
2603 3987 2709 4050 per
2765 3969 3027 4049 linguam
3077 3979 3135 4032 et
3177 3971 3370 4049 gulam
3427 3990 3464 4032 a
3497 3973 3822 4053 spiritibus

2149 4057 2433 4138 nequitiae
2461 4058 2589 4139 rapi
2619 4059 2967 4123 consuevit:
3004 4067 3062 4120 et
3089 4058 3412 4139 aliquando
3448 4061 3514 4123 in
3545 4062 3824 4125 altitudi-

2144 4165 2279 4209 nem
2304 4147 2601 4228 superbia
2629 4148 2871 4212 extolli:
2906 4149 3224 4230 aliquando
3283 4148 3345 4209 in
3377 4150 3575 4213 chaos
3612 4152 3815 4233 abyssi

2144 4244 2519 4317 peccatorum
2545 4237 2834 4317 demergi,
2869 4246 2927 4300 et
2955 4257 3089 4299 cum
3114 4237 3207 4299 his
3237 4238 3336 4319 qui
3370 4238 3448 4301 de
3481 4241 3636 4303 caelo
3661 4242 3825 4304 ceci-

2081 4325 2381 4409 Dderunt,
2426 4325 2579 4407 apud
2614 4325 2837 4388 inferos
2869 4326 3278 4389 condemnari.

2225 4415 2322 4478 31.
2358 4414 2469 4487 Qui
2501 4415 2846 4494 ignominia,
2875 4425 2934 4478 et
2952 4416 3192 4496 injuriis
3215 4416 3499 4494 afﬁcitur,
3529 4437 3607 4483 ex
3624 4439 3827 4503 eoque

2147 4522 2424 4582 magnum
2456 4504 2641 4565 animi
2687 4505 2955 4567 dolorem
3013 4507 3191 4586 capit,
3240 4506 3381 4567 inde
3438 4509 3719 4589 colligat,
3760 4530 3829 4573 se

2145 4592 2450 4673 antiquum
2484 4601 2824 4674 serpentem
2856 4594 2918 4656 in
2949 4595 3083 4656 sinu
3113 4594 3534 4662 circumferre.
3572 4599 3648 4663 Et
3680 4619 3828 4663 vero

2146 4681 2195 4742 si
2226 4700 2359 4743 cum
2413 4680 2651 4743 silentio
2674 4683 3047 4764 sustinuerit,
3069 4692 3170 4745 aut
3196 4701 3409 4763 magna
3438 4705 3590 4749 cum
3625 4690 3828 4751 humi-

2147 4769 2309 4832 litate
2337 4771 2737 4851 respondcrit,
2771 4773 2937 4834 illum
2999 4773 3346 4849 inﬁrmabit,
3383 4783 3442 4836 et
3475 4777 3831 4841 invalidum

2146 4858 2377 4921 reddet.
2414 4858 2518 4923 Sin
2550 4879 2685 4922 cum
2737 4861 3061 4924 acerbitate
3104 4862 3504 4941 contradicat,
3542 4877 3653 4929 aut
3685 4888 3828 4930 cum

2146 4947 2412 5025 audacia,
2448 4957 2507 5009 et
2556 4951 2885 5013 temeritate
2932 4951 3227 5034 loquatur,
3274 4954 3395 5030 jam
3424 4958 3724 5036 serpenti
3752 4958 3827 5019 ad

2147 5054 2440 5099 venenum
2467 5037 2528 5098 in
2560 5039 2741 5101 corde
2771 5058 2879 5101 suo
2909 5040 3390 5115 diti‘undendum,
3426 5051 3493 5104 et
3523 5047 3605 5106 ad
3658 5048 3829 5109 inte-

2146 5126 2303 5187 riora
2326 5127 2655 5190 crudeliter
2682 5128 3064 5209 depascenda
3094 5130 3246 5190 vires
3306 5129 3475 5191 addit
3503 5150 3519 5194 :
3578 5143 3651 5194 ut
3682 5136 3834 5196 hinc

2144 5215 2411 5295 quotidie
2440 5217 2750 5293 valentior,
2770 5219 2924 5299 quod
2949 5218 3102 5281 bene
3128 5219 3385 5282 correxit
3408 5218 3475 5280 in
3511 5225 3830 5297 moribus,

2143 5312 2202 5365 et
2229 5302 2414 5366 robur
2446 5306 2691 5368 misellae
2720 5308 2852 5387 ejus
2896 5308 3109 5371 animae
3158 5311 3443 5371 devoret:
3484 5318 3552 5372 et
3584 5311 3728 5394 ipse
3755 5314 3833 5375 de

2140 5402 2353 5455 caetero
2377 5395 2625 5474 jusdtim
2653 5397 2830 5477 plane
2863 5406 3151 5461 mortuus.
3189 5404 3431 5479 peccato
3458 5399 3653 5465 vivat.

2223 5570 2323 5636 32.
2358 5571 2421 5636 Si
2453 5574 2674 5638 mundo
2708 5577 2978 5639 nuntium
3028 5577 3360 5654 remittere,
3396 5584 3459 5639 et
3494 5582 3831 5660 evangeli-

2142 5678 2276 5726 cam
2306 5660 2541 5727 vivendi
2570 5683 2841 5729 normam
2863 5666 3066 5731 doceri
3093 5668 3203 5748 vis,
3228 5686 3371 5732 cave
3405 5677 3469 5731 te
3500 5667 3833 5753 imperito,
