4120 6364
271 369 386 437 617

1547 378 1929 443 CAPITULA
1971 375 2346 443 PRACTICA

3509 385 3631 450 618

249 522 328 576 θεῖ
353 516 650 608 διδασκάλῳ
676 521 859 581 ἑαυτὸν
887 520 1051 597 έκδῷς
1084 536 1099 552 ⁸
1158 520 1254 579 ’ίνα
1293 521 1371 598 μὴ
1428 521 1544 580 ἀντὶ
1598 519 1881 602 εὐαγγελι-

1978 527 2024 581 at
2044 521 2589 601 perturbationibus
2609 522 2823 602 agitato
2846 521 3126 603 magistro
3148 522 3211 585 in
3235 523 3623 608 disciplinam

248 614 346 676 κῆς
416 607 723 679 διαϐολικὴν
793 609 1059 669 πολιτείαν
1114 609 1458 692 ἐκδιδαχθῇς.
1514 609 1734 679 Ἐπειδὴ
1792 633 1889 671 κα-

249 695 353 754 λῶν
427 695 778 775 διδασκάλων,
835 700 971 758 κατὰ
1017 701 1084 757 τὰ
1154 702 1442 778 μαθήματα
1476 719 1495 738 ⁸
1554 708 1733 759 κακῶν
1806 699 1884 782 δὲ,

248 788 382 844 κακά
427 807 442 822 .

247 877 311 933 τὰ
339 876 591 958 γεώργια.

323 1046 436 1135 λγ’.
496 1054 704 1136 Εὐχαῖς
759 1057 846 1113 καὶ
900 1054 1112 1136 δάκρυσι
1155 1057 1246 1114 τὸν
1305 1058 1436 1115 Θεὸν
1491 1055 1882 1135 καθικέτευσαν,

244 1143 453 1221 πέμψαι
524 1166 607 1201 σοι
666 1142 860 1224 ὁδηγὸν
902 1144 1081 1214 ἅπαθῆ
1124 1167 1181 1203 τε
1212 1148 1300 1204 καὶ
1357 1146 1530 1225 ἅγιον,
1580 1145 1793 1226 Ἐρεόνα
1835 1143 1890 1199 δὲ

242 1236 331 1291 καὶ
384 1235 540 1299 αὐτὸς
597 1237 693 1299 τὰς
744 1236 884 1299 θείας
937 1236 1168 1316 Γραφὰς,
1215 1238 1304 1292 καὶ
1361 1234 1591 1312 μάλιστα
1647 1237 1743 1301 τὰς
1785 1239 1888 1290 τῶν

239 1323 402 1401 ἁγίων
446 1324 694 1405 Πατέρων
753 1326 1047 1404 πρακτικὰς
1099 1326 1404 1406 συγγραφάς
1439 1344 1454 1359 '
1525 1325 1619 1383 ἵνα
1675 1326 1889 1388 ταύταις

236 1412 657 1493 ἀντιπαρατιθεὶς
686 1415 752 1471 τὰ
779 1415 922 1493 παρὰ
964 1420 1055 1471 τοῦ
1111 1413 1426 1474 διδασκάλου
1470 1415 1558 1471 καὶ
1609 1419 1888 1494 προεστῶ-

235 1501 330 1564 τός
396 1525 479 1559 σοι
549 1500 899 1578 διδασκόμενοι
960 1504 1047 1559 καὶ
1098 1503 1459 1584 πραττόμενα,
1519 1504 1593 1567 ὡς
1641 1502 1695 1560 ἐν
1749 1524 1887 1559 κατ-

237 1590 419 1670 όπτρῳ
450 1589 664 1649 δύνασαι
710 1590 926 1669 βλέπειν
966 1601 1129 1651 ταῦτα
1172 1594 1258 1649 καὶ
1287 1592 1703 1669 καταμανθάνειν
1737 1607 1752 1623 ⁸
1799 1592 1887 1648 καὶ

232 1680 301 1739 τὰ
359 1681 458 1757 μὲν
517 1679 801 1754 συνᾴδοντα
872 1695 994 1745 ταῖς
1052 1687 1313 1762 Γραφαϊς,
1375 1680 1756 1760 ἐγκολποῦσθαι
1798 1682 1886 1737 καὶ

230 1768 491 1849 κατέχειν
532 1777 601 1848 τῇ
626 1767 827 1844 διανοίᾳ
861 1789 875 1805 ·
928 1771 995 1827 τὰ
1023 1768 1078 1826 δὲ
1126 1770 1249 1827 νόθα
1308 1772 1395 1827 καὶ
1451 1769 1724 1850 ἀλλότρια,
1776 1769 1886 1827 δια-

1969 610 2170 673 tradas
2220 634 2233 672 :
2294 631 2371 675 ne
2422 630 2529 693 pro
2583 612 2925 693 evangelica
2976 612 3208 676 ratione
3259 614 3624 683 diabolicam

1969 698 2185 765 discas.
2257 703 2420 765 Bona
2475 703 2770 783 siquidem
2830 702 3119 766 bonarum
3201 705 3619 784 magistrorum

531 790 620 846 καὶ
699 790 1017 871 σπερμάτων
1070 793 1341 873 πονηρῶν,
1399 790 1613 856 πάντως
1680 791 1883 868 πονηρὰ

1978 802 2280 873 praecepta,
2334 795 2622 856 malorum
2682 794 2879 856 mala:
2914 803 2972 855 et
3020 794 3366 857 vitiosorum
3427 802 3619 862 semi-

1967 899 2110 941 num
2155 882 2285 963 ipsa
2313 903 2551 965 quoque
2588 884 2825 946 cultura
2868 901 3109 965 prorsus
3161 883 3372 946 vitiosa
3407 894 3467 948 et
3495 887 3615 950 im-

1971 967 2158 1050 proba
2191 978 2301 1035 est.

2052 1059 2151 1121 33.
2198 1059 2480 1124 Precibus
2507 1068 2568 1123 et
2597 1061 2870 1142 lacrymis
2907 1059 3098 1125 Deum
3147 1060 3344 1140 fatiga,
3403 1070 3468 1125 ut
3515 1064 3625 1127 tibi

1974 1147 2181 1210 ducem
2239 1159 2528 1225 sanctum,
2564 1159 2623 1212 et
2651 1168 2687 1211 a
2717 1149 2982 1211 moribus
3028 1149 3249 1211 rationi
3296 1150 3623 1216 adversan-

1974 1235 2130 1298 tibus
2158 1238 2483 1311 sincerum,
2519 1239 2934 1319 integrumque
2985 1238 3194 1302 mittat.
3249 1238 3337 1300 Tu
3387 1260 3623 1324 quoque

1971 1333 2202 1387 sanctas
2233 1325 2588 1408 Scripturas,
2625 1335 2685 1389 et
2714 1326 3010 1408 praecipue
3041 1326 3332 1407 practicos
3373 1339 3620 1393 sancto-

1970 1430 2101 1474 rum
2152 1413 2388 1476 Patrum
2442 1414 2911 1478 Commentarios
2958 1421 3254 1491 scrutare,
3289 1423 3349 1478 et
3377 1435 3513 1478 cum
3545 1419 3622 1481 iis

1972 1521 2322 1583 comparans
2372 1522 2502 1584 quae
2529 1522 2563 1565 a
2595 1505 2872 1584 magistro
2918 1515 2980 1566 et
3021 1503 3302 1585 praefecto
3356 1507 3616 1587 deceris,

1972 1592 2126 1653 velut
2154 1591 2216 1653 in
2247 1593 2487 1674 speculo
2518 1593 2716 1674 qualia
2748 1593 2866 1654 sint
2892 1592 3095 1655 videre
3140 1599 3203 1655 et
3255 1611 3619 1672 pernoscere

1969 1699 2189 1761 queas:
2217 1689 2276 1742 et
2308 1700 2443 1743 cum
2498 1680 2820 1762 Scripturis
2849 1681 3088 1762 quidem
3112 1680 3327 1742 divinis
3356 1701 3617 1747 consen-

1969 1769 2176 1831 tientia
2221 1769 2285 1831 in
2334 1770 2531 1833 sinum
2582 1770 2927 1845 immittere,
2963 1776 3023 1830 et
3068 1770 3267 1831 animo
3316 1771 3612 1850 inﬁgere:

231 1861 426 1938 κρίνειν
486 1862 573 1915 καὶ
630 1859 1060 1936 ἀποπέμπεσθαι,
1123 1860 1216 1916 ἵνα
1263 1860 1341 1935 μὴ
1382 1858 1678 1936 πλανηθῇς.
1738 1857 1881 1916 Πολ·-

1978 1859 2170 1939 spuria
2213 1867 2434 1931 autem,
2488 1866 2546 1920 et
2590 1858 2787 1921 aliena
2815 1858 3183 1933 discernere,
3218 1866 3278 1919 et
3304 1858 3611 1939 detestari,

231 1946 318 2005 λοὶ
342 1958 465 2029 γὰρ,
494 1946 624 2025 ἴσθι,
674 1948 865 2006 πλάνοι
893 1951 983 2006 καὶ
1013 1947 1473 2025 ψευδοδιδάσκαλοι
1503 1948 1557 2005 ἐν
1587 1962 1709 2012 ταῖς
1737 1946 1881 2024 ἡμέ-

230 2059 352 2116 ραις
380 2038 599 2117 ταύταις
630 2039 934 2117 γεγόνασιν.

313 2116 421 2189 λδ’.
483 2133 593 2191 Πᾶς
648 2116 812 2204 ὁμὴ
867 2126 1101 2204 βλέπων,
1157 2125 1347 2192 ἄλλους
1404 2127 1459 2184 δὲ
1515 2127 1735 2207 ὁδηγεῖν
1776 2130 1882 2185 ὑπ-

229 2217 610 2297 ισχνούμενος,
645 2215 844 2282 πλάνος
897 2216 1027 2298 ἐστὶ,
1088 2219 1177 2275 καὶ
1217 2219 1336 2283 τοὺς
1400 2217 1687 2294 ἑπομένους
1740 2220 1881 2293 αὒτῷ

227 2308 302 2370 εἷς
364 2306 519 2382 βυθὸν
581 2304 852 2370 ἀπωλείας
895 2305 1181 2379 ἐντίθησιν,
1237 2308 1375 2364 κατὰ
1428 2308 1526 2375 τὴν
1570 2316 1664 2367 τοῦ
1694 2307 1880 2387 Κυρίου

224 2396 412 2475 φωνήν
448 2413 462 2427 ⁸
533 2414 564 2456 (
619 2394 824 2476 Τυφλὸς
880 2395 1074 2477 τυφλὸν
1115 2395 1204 2455 ἐὰν
1261 2395 1456 2477 ὁδηγῇ,
1490 2396 1776 2476 ἀμφότεροι
1808 2398 1882 2461 εἷς

222 2486 444 2562 βόθυνον
473 2484 850 2560 ἐμπεσοῦνται,
890 2509 914 2547 ι

303 2564 414 2632 λε’.
452 2565 510 2633 Ὀ
538 2573 733 2657 τυφλὸς
758 2576 890 2654 πρὸς
943 2576 1006 2632 τὸ
1049 2574 1129 2656 ἓν,
1191 2573 1385 2657 τυφλὸς
1414 2573 1540 2639 ὅλος
1568 2577 1699 2655 πρὸς
1741 2575 1883 2631 πάν-

221 2685 286 2720 τα
324 2663 490 2725 ἐστίν.
553 2655 624 2721 ’07
662 2661 717 2719 δὲ
789 2664 1001 2741 βλέπων
1060 2655 1121 2721 ἐν
1167 2669 1244 2740 τῷ
1271 2655 1395 2746 νένὶ,
1454 2665 1509 2721 ὲν
1562 2665 1750 2744 θεωρίᾳ
1779 2670 1885 2720 τῶν

221 2755 444 2811 πάντων
486 2753 596 2810 ἐστί
623 2769 637 2783 ⁸
684 2759 785 2821 τῆς
831 2754 1048 2834 θεωρίας
1096 2776 1155 2811 τε
1204 2760 1309 2812 τῶν
1339 2754 1553 2811 πάντων
1595 2752 1897 2834 ἀπέχεται,

220 2845 311 2901 καὶ
350 2843 405 2899 ἐν
434 2850 505 2921 τῇ
533 2845 721 2924 θεωρίᾳ
748 2851 856 2901 τῶν
911 2844 1125 2902 πάντων
1179 2845 1399 2924 γίνεται,
1456 2845 1546 2901 καὶ
1598 2849 1706 2900 τῶν
1747 2846 1886 2899 θεω-

222 2933 496 3013 ρουμένων
521 2931 621 2999 ἔξω
648 2933 811 2997 ἐστίν,
859 2932 951 2992 Ἐν
1006 2941 1085 3010 τῷ
1133 2934 1207 2989 ἐνὶ
1262 2933 1428 2997 οὕτως
1477 2932 1574 3009 ὢν,
1620 2933 1687 2991 τὰ
1714 2932 1886 3013 πάντα

1968 1965 2044 2009 ne
2073 1966 2276 2009 errore
2306 1948 2617 2011 auferaris.
2642 1946 2787 2009 Nam
2823 1947 2913 2008 his
2945 1946 3314 2027 temporibus
3343 1948 3615 2013 seducto-

1964 2054 2084 2113 res,
2099 2038 2489 2101 etmendaces
2502 2056 2621 2099 non
2636 2054 2892 2118 paucaus
2912 2036 3190 2113 reperiri,
3213 2037 3386 2113 scias,
3409 2039 3615 2101 velim.

2047 2124 2145 2189 34.
2180 2126 2531 2208 Quicunque
2583 2127 2713 2206 ipse
2772 2144 2892 2187 non
2947 2126 3124 2201 videt,
3178 2134 3236 2187 et
3282 2126 3415 2189 aliis
3459 2127 3612 2191 viam

1967 2213 2309 2294 praeiturum
2341 2214 2677 2296 pollicetur,
2711 2213 2995 2275 seductor
3043 2222 3155 2290 est,
3202 2224 3260 2276 et
3295 2228 3618 2296 sequentes

1966 2320 2032 2363 se
2079 2303 2141 2364 in
2186 2303 2411 2365 foveam
2445 2303 2797 2384 perditionis
2844 2302 3097 2377 inducit,
3147 2303 3317 2383 juxta
3366 2304 3610 2366 verbum

1965 2389 2204 2453 Domini
2237 2409 2251 2454 :
2294 2416 2321 2448 α
2349 2391 2552 2454 Caecus
2571 2391 2794 2453 sicaeco
2825 2390 3104 2453 ducatum
3133 2399 3394 2474 praestet,
3415 2412 3616 2457 nonne

1967 2479 2140 2541 ambo
2170 2482 2231 2542 in
2262 2481 2490 2543 foveam
2523 2480 2740 2543 cadent
2766 2478 2841 2539 3?
2875 2501 2899 2538 ν
3238 2544 3241 2545 ν

2048 2569 2147 2633 35.
2180 2570 2291 2642 Qui
2322 2570 2384 2632 in
2424 2588 2544 2632 uno
2586 2582 2777 2632 caecus
2821 2575 2937 2643 est,
2978 2574 3138 2629 totus
3181 2586 3379 2631 caecus
3430 2579 3520 2632 est
3549 2569 3615 2633 in

1968 2657 2245 2720 omnibus
2278 2679 2292 2720 :
2327 2667 2551 2727 contra.
2607 2657 2709 2739 qui
2739 2657 2895 2718 videt
2922 2656 2984 2717 in
3016 2676 3160 2733 uno,
3195 2656 3353 2719 videt
3381 2657 3446 2719 in
3475 2678 3609 2721 om-

1970 2748 2161 2810 nibus.
2201 2747 2344 2810 Cum
2363 2747 2544 2810 avisu
2571 2746 2839 2808 omnium
2869 2744 3186 2821 abstineat,
3222 2746 3615 2811 nihilominus

1969 2836 2172 2899 omnia
2191 2836 2370 2913 videt,
2396 2844 2454 2898 et
2478 2844 2643 2897 extra
2663 2835 2787 2896 visa
2806 2843 2918 2897 est.
2940 2834 3036 2897 Sic
3061 2852 3196 2895 cum
3222 2836 3282 2897 in
3304 2854 3422 2897 uno
3441 2838 3614 2913 (Deo)

1968 2926 2065 3002 sit,
2120 2927 2313 2988 cernit
2356 2925 2679 2988 universa:
2716 2933 2774 2986 et
2815 2924 2971 2985 inter
3025 2923 3300 2985 universa
3344 2943 3477 2986 cum
3509 2925 3609 3001 sit,

220 3011 322 3102 δρᾷ
357 3042 372 3055 ο
445 3025 537 3080 καὶ
593 3021 647 3078 ἒν
692 3028 855 3080 πᾶσιν
909 3024 1008 3098 ὢν,
1066 3022 1213 3081 οὐδὲν
1255 3030 1361 3082 τῶν
1391 3023 1603 3081 πάντων
1647 3024 1765 3099 ὁρᾷ,
1824 3011 1880 3078 ’0

1978 3014 2114 3077 nihil
2147 3034 2215 3076 ex
2258 3014 2535 3076 omnibus
2587 3013 2800 3076 cernit.
2853 3011 2965 3084 Qui
3015 3015 3075 3073 in
3128 3031 3244 3072 uno
3294 3031 3403 3093 per
3432 3032 3614 3074 unum

220 3097 437 3188 βλέπων
465 3112 521 3169 έν
562 3119 639 3189 τῷ
680 3113 775 3186 ἑνὶ,
809 3110 893 3170 διὰ
934 3097 1026 3173 τοῦ
1054 3114 1168 3178 ένος
1210 3115 1300 3171 καὶ
1329 3115 1536 3188 ἑαυτὸν,
1583 3097 1877 3168 καὶ-ἅπαν-

1978 3105 2140 3183 videt;
2171 3112 2229 3166 et
2256 3103 2541 3193 seipsum,
2571 3110 2629 3164 et
2649 3101 2849 3193 omnia
2870 3102 3053 3193 videt,
3081 3107 3138 3163 et
3165 3099 3229 3163 in
3260 3118 3331 3163 eo
3363 3100 3620 3165 abscon-

218 3223 313 3278 τα,
386 3204 474 3260 καὶ
546 3203 749 3267 πάντας
814 3206 1010 3282 καθορᾷ
1043 3220 1057 3233 ’
1120 3205 1207 3260 καὶ
1274 3200 1634 3283 κεκρυμμένος
1693 3198 1765 3257 ὢν
1824 3198 1879 3254 ἐν

222 3294 389 3366 αὖτῷ,
411 3290 581 3373 Δοὐδὲν
613 3298 717 3350 τῶν
747 3292 995 3351 ἁπάντων
1026 3295 1144 3373 ὁρᾷ.

299 3370 442 3457 λς’.
478 3373 537 3440 ιΟ
594 3383 672 3459 μὴ
713 3384 816 3451 τὴν
859 3370 1185 3439 εἰκόνα-τοῦ
1241 3381 1430 3461 Κυρίου
1485 3381 1640 3455 ἡμῶν
1702 3376 1881 3445 Ἰησοῦ

218 3477 469 3551 Χριστοῦ,
517 3478 610 3529 τοῦ
667 3472 977 3554 ἐπουρανίου
1033 3472 1305 3552 ἀνθρώπου
1356 3491 1414 3527 τε
1466 3470 1555 3526 καὶ
1611 3475 1766 3543 Θεοῦ,
1825 3465 1880 3523 ἐν

217 3569 296 3637 τῷ
356 3561 568 3640 λογικῷ
633 3566 723 3621 καὶ
806 3569 971 3642 νοερῷ
1048 3561 1308 3641 ἀνθρώπῳ
1390 3559 1712 3628 εὐαισθήτως
1793 3558 1880 3614 καὶ

216 3657 478 3731 γνωστῶς
537 3649 902 3727 ἐνδυσάμενος,
972 3655 1113 3728 αἷμα
1184 3650 1345 3726 μόνον
1409 3649 1517 3705 ἐστὶ
1571 3648 1660 3704 καὶ
1728 3644 1874 3725 σὰρξ,

217 3744 591 3817 πνευματικῆς
649 3737 802 3809 δόξης
862 3738 1115 3807 αἴσθησιν
1173 3740 1250 3814 μὴ
1306 3736 1588 3814 δυνάμενος
1648 3734 1733 3793 διὰ
1788 3742 1879 3791 τοῦ

216 3829 384 3910 λόγου
441 3828 629 3887 λαϐεῖν
661 3846 677 3862 '
737 3830 971 3907 καθάπερ
1026 3830 1114 3885 καὶ
1172 3830 1218 3884 οἱ
1275 3827 1335 3883 ἐκ
1389 3831 1610 3906 γενετῆς
1667 3823 1874 3905 τυφλοὶ,

216 3919 302 3977 διὰ
357 3927 458 3978 τοῦ
511 3918 671 4001 λόγου
729 3920 890 3998 μόνου
943 3920 1005 3976 τὸ
1056 3926 1148 3976 τοῦ
1202 3915 1355 3985 ἡλίου
1412 3922 1525 3996 φῶς
1565 3920 1761 3995 γνῶναι
1820 3913 1879 3970 οὒ

216 4007 488 4068 δύνανται.

289 4089 402 4172 λζ’.
439 4090 499 4158 Ὀ
530 4099 737 4157 ἀκούων
777 4099 868 4156 καὶ
896 4097 1064 4161 οὕτως
1092 4094 1303 4174 βλέπων
1351 4095 1440 4151 καὶ
1476 4092 1878 4173 αἰσθανόμενος⁷

211 4186 328 4246 οἶδε
358 4194 472 4245 τῶν
503 4186 808 4267 λεγομένων
863 4188 961 4255 τὴν
1013 4184 1253 4261 δύναμιν,
1303 4186 1376 4247 ὡς
1432 4180 1537 4250 ἤδη
1568 4183 1669 4250 τὴν
1702 4181 1881 4239 εἰκόνα

210 4278 447 4359 φορέσας
504 4283 598 4335 τοῦ
658 4278 988 4357 ἐπουρανίου,
1017 4289 1022 4294 ”
1047 4276 1137 4331 καὶ
1191 4275 1264 4337 εἷς
1323 4270 1481 4352 ἄνδρα
1538 4270 1739 4329 τέλειον
1798 4269 1882 4327 έλ-

207 4368 315 4424 θὼν
358 4377 456 4427 τοῦ
484 4366 848 4449 πληρώματος
899 4372 993 4423 τοῦ
1038 4369 1267 4445 Χριστοῦ
1302 4379 1318 4398 ⁸
1366 4363 1455 4420 καὶ
1510 4360 1676 4426 οὕτως
1706 4359 1876 4440 ἔχων,

1962 3194 2143 3271 ditus,
2176 3193 2326 3255 nihil
2356 3192 2622 3254 omnium
2652 3189 2832 3253 videt.

2043 3372 2141 3436 36.
2175 3370 2288 3444 Qui
2317 3370 2639 3449 imaginem
2671 3367 2909 3432 Domini
2953 3365 3146 3428 nostri
3180 3367 3324 3429 Jesu
3360 3365 3607 3445 Christi,

1963 3461 2221 3524 cmlestis
2269 3460 2530 3522 hominis
2574 3477 2644 3520 ac
2672 3452 2806 3520 'Dei
2856 3454 2919 3517 in
2947 3454 3190 3517 homine
3219 3453 3508 3518 interiore
3539 3474 3609 3517 ac

1960 3551 2236 3615 rationali
2287 3568 2671 3628 cognoscens,
2706 3556 2765 3610 et
2806 3546 3074 3610 sentiens
3102 3544 3357 3607 necdum
3391 3544 3607 3624 induit,

1964 3641 2293 3703 etiamnum
2321 3657 2456 3700 caro
2489 3646 2741 3712 tantum,
2771 3645 2828 3698 et
2857 3633 3094 3714 sanguis
3115 3640 3205 3696 est
3238 3654 3252 3698 :
3285 3651 3397 3695 nec
3414 3640 3611 3715 potest

1963 3729 2287 3812 spiritualis
2331 3729 2533 3807 gloriae
2582 3725 2850 3789 notitiam
2892 3742 3000 3806 per
3030 3722 3138 3787 Dei
3168 3721 3413 3812 verbum
3446 3721 3611 3784 acci-

1964 3838 2127 3900 pere,
2161 3816 2664 3899 quemadmodum
2705 3814 2894 3877 oculis
2948 3812 3022 3875 ab
3069 3811 3201 3893 ipsa
3240 3811 3471 3891 origine
3504 3829 3614 3875 sua

1964 3907 2178 3982 orbati,
2240 3906 2380 3969 solis
2427 3906 2629 3967 lumen
2679 3924 2785 3987 per
2824 3902 3068 3968 alterius
3123 3920 3465 3965 sermonem
3507 3919 3618 3962 ne-

1964 4004 2192 4079 queunt
2223 4013 2609 4075 cognoscere.

2041 4087 2142 4151 3'7.
2179 4084 2290 4159 Qui
2323 4085 2408 4146 sic
2436 4084 2625 4165 audit,
2658 4081 2852 4146 cernit
2878 4089 2940 4144 et
2968 4079 3268 4159 intelligit,
3299 4078 3455 4141 haud
3502 4096 3615 4140 ne-

1963 4176 2075 4238 scit
2104 4173 2247 4257 quid
2278 4174 2390 4236 sibi
2418 4173 2600 4235 verba
2621 4179 2826 4235 nostra
2859 4171 3084 4234 velint:
3113 4168 3293 4250 utqui
3316 4169 3441 4248 jam
3473 4167 3622 4229 ima-

1963 4265 2159 4345 ginem
2193 4263 2451 4327 cmlestis
2467 4271 2702 4343 portare
2732 4261 2980 4342 cmperit
3001 4260 3054 4334 4,
3082 4267 3140 4320 et
3170 4258 3232 4319 in
3261 4258 3452 4319 virum
3485 4273 3614 4337 per-

1963 4356 2179 4417 fectum
2229 4352 2622 4434 plenitudinis
2649 4350 2867 4415 Christi
2897 4348 3149 4411 evaserit
3175 4348 3227 4409 5.
3262 4345 3374 4418 Qui
3405 4346 3465 4407 in
3497 4346 3615 4434 hoc

209 4454 431 4514 δύναται
473 4458 562 4515 καὶ
587 4432 781 4522 ’καλῶς
827 4455 1046 4536 ὁδηγεῖν
1088 4432 1142 4512 έν
1194 4459 1272 4528 τῷ
1314 4450 1420 4527 ὁδῷ
1460 4455 1568 4509 τῶν
1609 4457 1702 4507 τοῦ
1738 4432 1880 4507 ’ὀεοῦ

1978 4452 2117 4508 statu
2148 4432 2257 4518 est,
2283 4443 2335 4504 is
2365 4442 2528 4524 gregi
2560 4441 2769 4504 christi
2817 4440 2880 4501 in
2926 4439 3018 4499 via
3052 4437 3467 4536 mandatorum
3505 4432 3617 4495 Dei

211 4545 451 4604 ἐντολῶν
480 4548 542 4605 τὸ
588 4547 832 4625 ποίμνιον
882 4523 974 4604 τοῦ
1031 4550 1186 4604 Θεοῦ.
1236 4523 1296 4601 i0
1351 4523 1407 4597 δέ
1462 4541 1541 4617 μὴ
1592 4537 1768 4616 εἰδὼς,
1797 4544 1883 4599 καὶ

1978 4552 2104 4625 cum
2133 4531 2308 4594 laude
2336 4549 2524 4613 praere
2556 4529 2793 4612 poterit.
2832 4528 2943 4625 Qui
2972 4527 3229 4625 ignorat,
3264 4531 3325 4586 et
3350 4523 3523 4585 aliter
3551 4540 3617 4584 se

212 4635 397 4702 ἄλλως
428 4635 597 4718 ἔχων,
642 4616 907 4718 πρόδηλός
964 4635 1130 4710 ἐστιν,
1184 4632 1266 4690 ὅτι
1326 4628 1442 4689 οὐδὲ
1466 4616 1538 4687 τὰ
1564 4631 1883 4718 αἰσθητήρια

1978 4622 2167 4695 habet,
2202 4639 2338 4684 eum
2370 4639 2483 4683 nec
2506 4637 2719 4681 sensus
2748 4617 2966 4680 animaa
2996 4616 3323 4677 illustratos
3353 4619 3414 4675 et
3429 4629 3616 4718 ‘sanos

210 4731 309 4794 τῆς
357 4700 550 4806 vituitth
581 4700 965 4806 ’τετρανωμένα
1018 4700 1129 4781 καὶ,
1161 4724 1289 4802 ὁγιῆ
1329 4718 1654 4800 ἐπιφέρεται.
1792 4700 1883 4773 καὶ

1978 4713 2193 4776 habere
2222 4721 2474 4773 constat.
2526 4706 2926 4781 Quamobrem
2957 4704 3046 4768 illi
3081 4703 3266 4782 magis
3295 4700 3614 4777 conducet,

210 4795 658 4890 pmév"mmc
687 4795 804 4882 ¹ἔξει
830 4795 921 4873 ’τὸ
964 4795 1219 4894 ἄγεσθαι,
1264 4810 1301 4880 ἢ
1356 4795 1608 4888 τδᾶγειν
1665 4795 1876 4865 ἐπικιν-

1978 4803 2021 4867 si
2047 4807 2311 4882 regatur,
2344 4817 2519 4879 quam
2551 4798 2603 4859 si
2629 4795 2968 4878 periculose
2996 4801 3183 4874 regat.

217 4901 416 4971 δύνως.

286 4982 411 5062 λη’.
449 4985 510 5053 Ὀ
556 5001 635 5070 τῷ
668 4992 968 5068 διδασκάλῳ
1017 4993 1107 5048 καὶ
1161 4989 1344 5069 ὁδηγῷ
1395 4991 1577 5064 αὐτοῦ,
1641 4989 1715 5052 ὡς
1762 4993 1879 5062 Θεῷ

2045 4978 2145 5044 38.
2181 4974 2292 5049 Qui
2323 4974 2675 5054 magistrum
2707 4993 2775 5037 ac
2807 4974 3023 5038 ducem
3068 4989 3241 5035 suum
3277 4988 3399 5032 non
3439 4987 3621 5032 secus

208 5081 484 5159 ἀτενίζων,
547 5062 846 5165 ἀντιλέγειν
903 5062 964 5142 οῦ
1018 5079 1254 5141 δύναται.
1276 5062 1288 5069 ”
1316 5062 1388 5136 *Εἰ
1448 5076 1504 5135 δὲ
1563 5062 1738 5165 οἴεται
1785 5076 1875 5133 καὶ

1978 5086 2139 5152 ιυιιιῐι
2182 5065 2370 5128 Deum
2404 5065 2715 5139 auscultat,
2753 5071 2814 5127 et
2856 5063 2915 5125 in
2949 5083 3019 5126 eo
3051 5062 3278 5165 deﬁxus
3302 5065 3437 5161 .est,
3469 5076 3619 5159 con-

207 5147 383 5251 léyat-
430 5147 704 5255 ἀμφότερα
749 5147 935 5254 ἒχειν,
994 5168 1156 5244 ἴστω,
1216 5166 1579 5236 πεπλάνηται.
1656 5156 1872 5224 εΟποίαν

1978 5147 2263 5222 indicere
2320 5172 2441 5215 non
2504 5163 2718 5235 poteSt.
2781 5153 2886 5217 Sin
2942 5160 3137 5215 autem
3189 5148 3539 5255 arbitratur;
3556 5147 3619 5209 in

356 5264 408 5319 οἱ
435 5235 535 5322 τὸῦ⁸
557 5235 689 5320 Θεοῦ
745 5235 877 5342 at:qu
917 5235 1025 5318 ’τὸν
1071 5235 1200 5317 Θεὸν
1254 5256 1442 5339 ’έχουσι
1499 5257 1598 5325 τὴν
1643 5252 1870 5313 διάθεσιν

1978 5255 2277 5326 utramque
2308 5249 2536 5342 partem
2580 5243 2701 5342 dici
2751 5261 2927 5324 posse
2957 5261 3023 5305 se
3053 5256 3262 5304 errare
3285 5236 3456 5342 sciat.
3492 5235 3621 5309 Quo

212 5325 352 5426 {[‘év
385 5348 512 5411 ἀλλ.
549 5370 578 5411 ι
627 5325 882 5431 διάνοίαν]
912 5347 1123 5429 ἀγνοεῖ.
1284 5325 1325 5339 n

1978 5336 2143 5400 nodo
2174 5325 2337 5397 enim
2367 5330 2469 5412 qui
2498 5330 2619 5431 Dei.
2635 5340 2773 5395 sunt
2820 5350 2965 5411 erga
3011 5332 3201 5395 Deum
3252 5325 3617 5404 afﬁciantur,

1951 5430 2334 5509 compertum
2370 5439 2493 5484 non
2524 5418 2727 5485 habet.

286 5615 321 5667 δ
358 5618 564 5684 Matth.
598 5637 697 5699 xv,
727 5620 828 5686 14.
914 5618 948 5670 4
975 5618 1000 5681 Ι
1027 5612 1163 5678 Cor.
1201 5628 1304 5691 xv,
1337 5613 1439 5678 49.
1521 5614 1556 5665 5
1580 5609 1804 5694 Ephes.
1838 5625 1920 5688 1v,
1954 5605 2055 5671 t3.

535 5804 807 5868 ΡΑτιιοι..
841 5798 1026 5870 CXX.
