4120 6380
489 370 610 436 619

1784 358 2167 431 SYMEONIS
2204 359 2561 426 JUNIORIS

3726 355 3842 421 620

554 506 656 569 39.
688 504 802 579 Qui
828 505 1009 569 vitam
1015 506 1185 588 juxta
1212 522 1282 567 ac
1306 503 1618 567 interitum
1644 517 1818 565 suum
1846 500 1911 561 in
1938 515 2119 561 manu

2281 485 2388 557 λθ’.
2425 487 2482 555 Ὀ
2514 495 2775 553 πιστεύων
2825 493 2881 551 ἓν
2922 499 2991 571 τῇ
3049 493 3191 574 χειρὶ
3249 498 3341 550 τοῦ
3387 490 3644 568 ποιμένος
3673 493 3847 588 αὑτοῦ,

475 594 728 678 pastoris
743 595 838 657 sui
862 597 1123 677 positum
1145 613 1279 659 esse
1310 594 1522 668 credit,
1558 610 1859 673 nunquam
1889 600 2120 652 contra-

475 683 656 747 dicet.
705 685 902 765 Atque
932 684 1108 765 hujus
1155 684 1245 747 rei
1288 682 1528 745 inscitia
1584 679 2117 743 contradictionem

475 782 769 853 generat:
803 768 1195 836 contradictio
1247 772 1456 835 mortis
1506 770 1616 834 sub
1667 767 2119 848 intelligentiam

477 862 770 939 cadentis,
800 881 869 925 ac
899 862 1282 943 sempiternae
1310 860 1574 924 effectrix
1607 867 1720 923 est.

558 950 661 1016 40.
681 949 1029 1033 Priusquam
1053 951 1269 1033 aliquis
1299 949 1700 1013 damnationis
1727 947 2025 1011 sententia
2044 944 2125 1006 fe-

478 1041 688 1116 riatur,
722 1040 897 1103 datur
924 1041 1091 1103 locus
1118 1040 1269 1103 facta
1300 1058 1407 1102 sua
1444 1037 1810 1102 defendendi
1839 1035 1995 1117 apud
2020 1034 2124 1113 ju-

481 1129 699 1192 dicem.
734 1132 931 1194 Factis
959 1138 1156 1193 autem
1205 1130 1378 1211 plane
1418 1130 1544 1209 jam
1593 1124 2019 1199 constantibus,
2070 1129 2129 1184 et

479 1219 833 1300 manifestis,
866 1227 929 1282 et
957 1220 1254 1282 sententia
1276 1216 1501 1301 judicis
1531 1218 1779 1299 prolata,
1804 1212 2127 1277 tortoribus

479 1325 593 1372 nec
621 1308 894 1387 multum,
942 1328 1055 1373 nec
1112 1327 1321 1393 parum
1375 1307 1787 1371 contradicere
1829 1324 1897 1368 ac
1939 1322 2124 1384 repu-

479 1415 661 1477 gnare
684 1398 771 1461 fas
799 1405 913 1462 est.

560 1487 662 1550 41.
707 1488 998 1569 Atequam
1048 1487 1123 1550 ad
1170 1486 1325 1550 istud
1355 1485 1612 1549 tribunal
1640 1484 1883 1548 accedat
1912 1500 2125 1544 mona-

482 1575 653 1650 chus,
687 1585 747 1639 et
776 1585 980 1659 aperta
1026 1577 1172 1639 fiant
1224 1595 1357 1659 quae
1408 1577 1603 1639 latent
1651 1574 1715 1636 in
1754 1573 1936 1636 corde
1968 1572 2123 1652 ejus,

482 1663 750 1727 fortassis
773 1664 830 1728 ei
849 1664 1264 1727 contradicere
1284 1664 1448 1738 licet,
1472 1662 1685 1744 partim
1711 1659 2130 1743 propterigno-

482 1752 780 1832 rantiam;
812 1754 1029 1834 partim
1067 1753 1207 1835 quia
1238 1771 1344 1815 sua
1377 1772 1441 1815 se
1472 1752 1771 1815 occultare
1801 1768 1975 1831 posse
2004 1749 2130 1829 opi-

2203 585 2302 653 τῆν
2333 586 2517 644 ἑαυτοῦ
2559 584 2820 665 ὑπάρχειν
2874 583 3017 654 ζωὴν
3063 584 3151 639 καὶ
3200 583 3291 639 τὸν
3320 582 3579 657 θάνατον,
3612 582 3706 638 οὒκ
3732 579 3851 635 ἀντ-

2205 675 2342 731 είποι
2384 673 2538 736 ποτέ,
2575 665 2639 729 Ἠ
2668 671 2723 728 δὲ
2764 672 2961 729 τούτων
2993 668 3181 750 ἄγνοια
3210 671 3517 750 ἀντιλογίαν
3546 674 3718 749 γεννᾷ,
3752 668 3844 735 τήν

2204 761 2450 843 πρόξενον
2478 769 2571 819 τοῦ
2597 772 2789 830 νοητοῦ
2828 763 2914 818 καὶ
2945 762 3155 818 αἰωνίου
3183 762 3428 823 θανάτου.

2289 931 2369 1018 μ’.
2404 942 2510 1021 Πρὸ
2556 946 2649 998 τοῦ
2689 936 2877 997 λαϐεῖν
2924 940 3024 1008 τὴν
3079 939 3344 1020 ἀπόφασιν
3399 940 3490 996 τὸν
3546 934 3840 1015 κατάδικον,

2206 1031 2368 1095 τόπος
2426 1028 2619 1086 δίδοται
2672 1027 2962 1108 ἀπολογίας
3000 1030 3196 1104 αὐτῷ,
3258 1035 3335 1103 τῷ
3391 1026 3612 1104 δικαστῇ
3666 1023 3844 1082 λαλεῖν

2207 1121 2325 1199 περὶ
2353 1120 2426 1177 ὧν
2458 1116 2645 1199 ἔπραξε
2672 1134 2686 1147 '
2724 1119 2858 1194 μετὰ
2888 1117 2943 1174 δὲ
2970 1118 3068 1187 τὴν
3096 1124 3202 1176 τῶν
3233 1116 3509 1198 πρακτέων
3541 1113 3844 1196 φανέρωσιν,

2209 1210 2298 1265 καὶ
2325 1209 2423 1276 τὴν
2451 1216 2544 1264 τοῦ
2573 1206 2821 1266 δικαστοῦ
2849 1207 3140 1288 ἀπόφασιν,
3174 1205 3319 1265 οὐδὲν
3347 1206 3382 1275 ἢ
3413 1206 3624 1285 μικρὸν,
3654 1206 3691 1273 ἢ
3718 1202 3851 1280 μέγα
3966 1262 3969 1265 .

2206 1310 2324 1360 τοῖς
2354 1296 2721 1375 βασανίζουσιν
2764 1294 3053 1376 ἀντιλέγει.

2290 1464 2405 1551 μα’.
2464 1475 2573 1553 Πρὸ
2628 1481 2719 1531 τοὺ
2775 1474 3031 1532 εἰσελθεῖν
3086 1475 3160 1539 εἷς
3203 1481 3360 1532 τοῦτο
3412 1475 3474 1530 τὸ
3517 1469 3846 1549 δικαστήριον

2206 1565 2298 1620 τὸν
2357 1565 2624 1643 μοναχὸν,
2687 1565 2773 1623 καὶ
2856 1570 3154 1644 φανερῶσαι
3229 1566 3388 1621 αὑτοῦ
3454 1563 3522 1619 τὰ
3591 1556 3852 1639 ἐγκάρδια,

2215 1652 2348 1717 ἴσως
2393 1652 2685 1732 ἀντιλέγειν
2716 1652 2912 1719 ἔξεστιν
2955 1653 3098 1729 αὒτῷ
3130 1670 3144 1685 ⁸
3190 1654 3258 1710 τὰ
3307 1654 3397 1710 τὶν
3451 1653 3590 1709 κατὰ
3619 1646 3853 1729 ἄγνοιαν,

2212 1743 2278 1799 τὰ
2307 1741 2478 1798 δὲκαὶ
2520 1731 2596 1805 ὡς
2638 1743 2861 1819 οἰομένῷ
2911 1743 3159 1823 κρύπτειν
3212 1742 3279 1799 τὰ
3334 1742 3549 1804 ἑαυτοῦ.
3607 1737 3752 1795 Μετὰ
3803 1731 3858 1789 δὲ

486 1848 683 1904 natur.
719 1824 837 1905 sed
870 1849 1003 1933 post
1048 1824 1480 1933 cogitationum
1492 1824 1962 1933 revelatio-nem,
2001 1824 2129 1900 sin-

2227 1833 2311 1900 τὴν
2341 1838 2444 1889 τῶν
2474 1830 2746 1933 λογισμῶν
2807 1832 3170 1910 ἀποκάλυψιν,
3229 1835 3316 1890 καὶ
3369 1831 3628 1910 εἰλικρινῆ
3675 1824 3860 1933 ἒξδαγό-

486 1947 809 2011 ceramque
838 1930 1284 1993 confessionem
1316 1950 1436 1992 non
1467 1928 1609 1992 licet
1637 1947 1920 2010 unquam,
1945 1945 2133 2009 usque

487 2017 561 2080 ad
593 2028 841 2081 mortem
860 2018 1053 2100 judici
1083 2019 1413 2083 secundum
1442 2018 1655 2093 Deum,
1678 2026 1737 2080 et
1758 2017 1975 2079 vicario
2004 2014 2135 2097 ejus

488 2125 625 2170 sese
655 2108 832 2171 dictis
861 2128 1193 2191 opponere.
1228 2109 1557 2173 Monachus
1586 2108 1807 2189 quippe
1849 2107 1923 2169 ab
1965 2105 2134 2167 initio

487 2195 562 2258 ad
585 2196 700 2260 hoc
720 2197 976 2260 tribunal
1006 2199 1334 2278 ingressus,
1361 2198 1559 2261 cordis
1588 2197 1681 2259 sui
1706 2197 1948 2259 retectis
1975 2214 2140 2258 arca-

487 2286 581 2349 nis
599 2287 726 2367 jam
756 2286 896 2350 inde
925 2288 1038 2351 sibi
1070 2287 1385 2369 persuasit,
1411 2288 1462 2349 si
1481 2289 1569 2348 vel
1608 2286 1903 2349 modicam
1936 2285 2136 2364 cogni-

487 2373 711 2438 tionem
741 2377 1104 2458 acquisierit,
1142 2376 1306 2438 mille
1330 2382 1553 2437 mortes
1582 2394 1648 2438 se
1668 2374 2127 2437 commeruisse:

488 2470 547 2527 et
575 2482 684 2546 per
711 2463 1138 2542 obedientiam,
1162 2465 1677 2546 humilitatemque
1704 2483 1869 2527 suam
1900 2464 1975 2545 (si
1995 2482 2135 2527 vere

486 2553 692 2634 utique
720 2555 985 2636 mysterii
1013 2556 1254 2617 modum
1287 2553 1420 2637 scit)
1455 2556 1618 2617 omni
1649 2553 1877 2616 ultione
1907 2553 2136 2635 suppli-

489 2642 704 2725 cioque
730 2644 1047 2708 liberatum
1077 2644 1288 2709 credit.

566 2821 670 2884 42.
705 2820 816 2895 Qui
846 2823 973 2885 hac
1000 2822 1354 2887 indelebilia
1380 2822 1443 2885 in
1472 2823 1671 2885 animo
1702 2840 1807 2884 suo
1847 2820 2132 2902 custodit,

490 2909 725 2986 doctus,
755 2910 1115 2989 admonitus,
1137 2912 1455 2990 castigatus
1473 2930 1774 2994 nunquam
1803 2910 1979 2972 corde
2004 2929 2135 2971 mo-

488 2998 751 3063 vebitur.
785 3000 1073 3073 Quoniam
1104 3002 1208 3083 qui
1236 3003 1298 3063 in
1321 3003 1447 3064 haec
1475 3002 1623 3064 mala
1655 3000 1886 3073 incidit,
1913 3000 1975 3061 in
1997 3019 2138 3062 con-

2216 1943 2411 2001 ρευσιν,
2472 1924 2567 1979 οὐκ
2609 1920 2808 1987 ἔξεστιν
2863 1921 3156 2002 ἀντιλέγειν
3201 1924 3278 1997 τῷ
3334 1922 3470 1999 μετὰ
3527 1921 3656 1977 θεὸν
3712 1914 3862 2002 δικα-

2216 1994 2342 2087 στῇ,
2392 2013 2481 2067 καὶ
2524 2009 2836 2088 ἐξουσιαστῇ
2880 1994 3070 2088 αὑτοῦ,
3122 1994 3286 2092 μέχρι
3326 1994 3553 2071 θανάτου
3609 2004 3758 2065 ποτέ.
3807 1994 3862 2059 ιΟ

2216 2100 2316 2179 γὰρ
2347 2101 2588 2180 μοναχὸς
2640 2100 2694 2156 ἒν
2739 2101 2912 2175 τούτῳ
2954 2098 3073 2158 κατ’
3131 2091 3306 2181 ἀρχὰς
3351 2099 3601 2157 εἰσελθὼν
3652 2100 3731 2171 τῷ
3782 2091 3866 2148 δι·

2216 2189 2508 2270 καστηρίῳ,
2544 2190 2632 2246 καὶ
2678 2190 3071 2269 ἀπογυμνώσας
3130 2192 3197 2247 τὰ
3249 2190 3457 2270 κρυπτά
3499 2194 3599 2257 τῆς
3656 2181 3865 2265 καρδίας

2215 2277 2395 2355 αὑτοῦ,
2458 2278 2737 2336 πέπεισται
2795 2279 2856 2336 ἐκ
2918 2283 3235 2361 προοιμίων,
3307 2280 3423 2357 εἴγε
3484 2281 3574 2336 καὶ
3629 2271 3868 2334 ὁπωσοῧν

2213 2372 2409 2445 γνῶσιν
2492 2367 2771 2443 κέκτηται,
2869 2366 2950 2425 ὅτι
3033 2369 3229 2448 μυρίων
3309 2370 3545 2449 ὑπάρχει
3637 2364 3869 2423 θανάτων

2216 2454 2359 2521 ἄξιος
2392 2472 2408 2488 ⁹
2462 2458 2548 2513 καὶ
2598 2455 2683 2512 διὰ
2725 2462 2824 2524 τῆς
2854 2458 3095 2526 ὑπακοῆς
3154 2460 3311 2517 αὐτοῦ
3352 2459 3442 2514 καὶ
3474 2454 3866 2525 ταπεινώσεως,

2215 2545 2392 2613 πάσης
2445 2546 2699 2625 τιμωρίας
2758 2548 2846 2603 καὶ
2917 2545 3189 2611 κολάσεως
3232 2545 3566 2627 λυτρωθῆναι
3610 2542 3863 2616 πιστεύει,

2217 2635 2261 2689 εἷ
2303 2636 2376 2698 ὡς
2420 2633 2631 2701 ἀληθῶς
2687 2633 2785 2714 ἄρα
2842 2637 2932 2695 τὸν
2988 2636 3182 2717 τρόπον
3239 2643 3332 2693 τοῦ
3389 2635 3688 2716 μυστηρίου
3751 2630 3868 2688 ἐπί-

2218 2744 2430 2782 σταται.

2300 2802 2415 2889 μβ’.
2456 2804 2512 2871 Ὀ
2557 2810 2904 2879 ἀνεξάλειπτα
2933 2822 3097 2872 ταῦτα
3135 2813 3410 2895 φυλάττων
3458 2814 3514 2871 ἐν
3569 2819 3640 2892 τῇ
3693 2812 3874 2869 ἑαυτοῦ

2220 2897 2439 2981 διανοίᾳ,
2522 2902 2623 2969 τῆν
2696 2900 2910 2982 καρδίαν
2990 2901 3239 2961 οὒδέποτε
3309 2906 3685 2983 κινηθήσεται,
3758 2921 3876 2957 παι·

2220 2987 2523 3067 δευόμενος,
2560 2991 2596 3059 ἢ
2640 2995 3066 3071 νουθετούμενος,
3117 2993 3154 3062 ἢ
3202 2992 3590 3073 ἐλεγχόμενος.
3657 2986 3873 3055 Ἐπειδῆ

490 3090 933 3167 tradictionem,
947 3079 1215 3173 inquam,
1234 3100 1293 3154 et
1310 3091 1723 3153 infidelitatem
1741 3106 1880 3170 erga
1903 3092 2134 3153 Patrem

2227 3081 2250 3135 ὁ
2281 3079 2557 3155 ἐμπίπτων
2617 3094 2735 3145 τοῖς
2779 3083 3036 3146 τοιούτοις
3093 3095 3310 3160 κακοῖς,
3342 3082 3490 3162 λέγω
3518 3081 3585 3151 δὴ
3631 3087 3701 3159 τῇ
3730 3080 3875 3137 ἀντι-

489 3179 862 3260 spiritualem
894 3187 953 3242 et
980 3167 1323 3261 magistrum
1350 3199 1546 3262 suum,
1578 3180 1640 3241 in
1666 3167 1864 3242 casses
1896 3186 1954 3241 et
1993 3196 2131 3260 pro-

2227 3167 2375 3262 λογίᾳ
2429 3170 2798 3262 καὶ-ἀπιστία,
2840 3176 2908 3249 τῇ
2947 3173 3078 3262 πρδς
3129 3175 3221 3229 τὸν
3263 3173 3630 3248 πνευματικὸν
3677 3169 3877 3262 πατέρα

488 3257 675 3332 funda
728 3269 1055 3332 inferorum
1083 3257 1305 3333 vadhuc
1350 3257 1556 3332 vivens
1615 3257 2018 3333 miserandum
2072 3267 2134 3329 in

2227 3258 2375 3314 αὐτοῦ
2403 3261 2492 3315 καὶ
2522 3257 2856 3340 διδάσκαλον,
2889 3262 2961 3324 εἰς
2988 3260 3247 3341 πέταυρον
3295 3262 3382 3318 καὶ
3433 3262 3596 3338 βυθὸν
3634 3260 3761 3336 ᾅδου
3804 3257 3878 3316 ἔτι

489 3359 734 3421 modum
766 3357 1112 3421 deturbatur
1142 3377 1156 3423 :
1193 3367 1254 3422 et
1275 3367 1340 3423 ut
1368 3358 1792 3421 inobedientiaa
1828 3376 1897 3420 ac
1928 3356 2134 3438 perdi-

2227 3352 2320 3419 ζῶν
2349 3345 2589 3414 ἐλεεινῶς
2621 3348 2997 3431 καταφέρεται,
3049 3352 3137 3407 καὶ
3179 3351 3334 3414 οἶκος
3379 3357 3477 3407 τοῦ
3535 3358 3754 3408 Σατανᾶ
3794 3349 3880 3406 καὶ

487 3446 669 3511 tionis
689 3447 869 3523 ﬁlius,
903 3448 1275 3510 domicilium
1321 3446 1552 3512 Satanae
1580 3448 1666 3523 fit,
1696 3456 1754 3511 et
1781 3437 1978 3511 omnis
2018 3448 2132 3509 im-

2227 3437 2393 3504 πάσης
2460 3437 2619 3494 αὑτοῦ
2673 3443 2771 3505 τῆς
2829 3438 3122 3519 ἀκαθάρτου
3179 3438 3452 3517 δυνάμεως
3522 3442 3749 3520 γίνεται,
3806 3440 3878 3502 ὣς

488 3537 727 3600 mundae
756 3536 1059 3618 potestatis
1091 3539 1247 3619 ejus.

567 3624 667 3689 43.
700 3624 1005 3688 Adhortor
1034 3632 1115 3701 te,
1149 3626 1234 3686 fili
1259 3624 1639 3701 obedientiaa,
1674 3631 1742 3686 ut
1771 3624 1898 3688 haec
1917 3623 1980 3685 in
2003 3642 2139 3705 pec-

488 3722 620 3777 tore
648 3726 751 3776 tuo
780 3715 1008 3776 volutes
1031 3714 1383 3788 identidem,
1409 3732 1771 3795 omnemque
1796 3715 2137 3777 contentio-

489 3821 627 3865 nem
655 3800 962 3878 adhibeas,
978 3821 1053 3864 ne
1069 3803 1127 3865 in
1148 3803 1303 3865 mala
1323 3803 1563 3877 inferni,
1580 3803 1656 3865 de
1676 3801 1893 3883 quibus
1913 3803 2138 3864 dictum

492 3898 584 3954 est
612 3909 647 3952 a
674 3890 874 3967 nobis,
902 3892 1261 3973 praecipites,
1291 3894 1391 3955 sed
1412 3891 1473 3951 in
1503 3891 1633 3952 dies
1657 3890 1920 3971 singulos
1950 3892 2137 3953 Deum

492 3980 574 4042 ita
604 3996 783 4061 roges
808 3987 865 4042 et
893 3980 1095 4042 dicas:
1134 3983 1314 4057 Deus,
1349 3988 1406 4043 et
1427 3979 1681 4042 Domine
1699 3980 2135 4056 universorum,

492 4087 668 4151 quem
702 4086 890 4149 penes
917 4077 1007 4130 est
1022 4070 1216 4131 omnis
1245 4069 1514 4151 spiritus,
1535 4078 1593 4131 et
1612 4068 1826 4131 animae
1855 4077 2135 4150 potestas,

496 4158 599 4240 qui
628 4159 790 4220 solus
820 4176 1034 4220 sanare
1057 4177 1152 4221 me
1181 4166 1369 4240 potes,
1406 4158 1618 4221 exaudi
1668 4176 1763 4219 me
1807 4157 2136 4235 infelicem,

494 4255 554 4310 et
579 4248 643 4309 in
674 4266 770 4309 me
790 4247 1240 4311 delitescentem
1263 4248 1584 4310 draconem
1614 4247 1976 4310 sanctissimi
1997 4246 2137 4330 Spi-

490 4336 641 4399 ritus
674 4336 757 4398 tui
795 4338 1049 4400 adventu
1078 4338 1497 4418 interemptum
1533 4336 1706 4411 dele;
1734 4354 1947 4418 meque
1962 4355 2137 4399 men-

496 4426 723 4509 dicum,
757 4435 817 4490 et
843 4428 916 4490 ab
949 4429 1111 4490 omni
1157 4429 1368 4490 virtute
1422 4426 1669 4501 nudum,
1722 4427 1909 4489 sancti
1948 4427 2142 4490 Patris

2218 3524 2440 3595 ἀπειθὴς
2466 3528 2557 3584 καὶ
2584 3525 2853 3592 ἀπωλείας
2896 3528 3032 3594 υἱός,

2301 3606 2418 3696 μγ’,
2452 3616 2751 3697 Παρακαλῶ
2780 3639 2840 3674 σε
2870 3619 2960 3675 τὸν
2991 3625 3090 3687 τῆς
3122 3621 3388 3693 ὑπακοῆς,
3410 3619 3510 3679 ἵνα
3539 3628 3710 3678 ταῦτα
3733 3617 3889 3700 στρέ-

2220 3730 2325 3786 φῃς
2371 3714 2610 3787 συνεχῶς
2667 3707 2720 3766 ἐν
2772 3713 2840 3785 τῇ
2882 3705 3082 3782 διανοίᾳ
3140 3698 3284 3767 σουέ
3344 3711 3432 3765 καὶ
3494 3712 3648 3787 πάσῃ
3681 3698 3882 3784 σπουδῇ

2221 3794 2594 3873 ἀγωνίσασθαι,
2656 3806 2748 3856 τοῦ
2800 3795 2879 3872 μὴ
2937 3796 3212 3855 κατελθεῖν
3273 3796 3326 3856 ἐν
3396 3811 3519 3863 τοῖς
3581 3799 3884 3879 εἰρημένοις

2220 3890 2311 3939 τοῦ
2338 3881 2462 3955 ᾅδου
2489 3897 2683 3949 κακοῖς
2716 3902 2732 3917 ’
2786 3882 2906 3941 ἀλλ’
2939 3885 3078 3943 οὕτω
3107 3884 3310 3943 δέεσθαι
3366 3890 3581 3966 θερμῶς
3612 3896 3708 3944 τοῦ
3755 3890 3885 3945 Θεοῦ

2220 3971 2620 4055 καθ’ἑκάστην,
2650 3975 2737 4031 καὶ
2781 3973 2956 4053 λέγειν
2990 3994 3006 4010 ο
3069 3976 3167 4057 Θεέ
3208 3976 3298 4032 καὶ
3346 3976 3506 4055 Κύριε
3550 3984 3660 4035 τῶν
3704 3977 3884 4034 ἀπάν-

2221 4082 2353 4137 των,
2385 4063 2413 4118 ὁ
2446 4062 2624 4129 πάσης
2667 4068 2836 4131 πνοῆς
2866 4065 2955 4121 καὶ
2986 4068 3169 4145 ψυχῆς
3219 4062 3363 4144 ἔχων
3408 4065 3512 4134 τὴν
3545 4065 3809 4142 ἐξουσίαν,
3858 4066 3886 4120 ὁ

2224 4151 2383 4226 μόνος
2447 4152 2689 4211 ἰάσασθαι
2761 4174 2828 4230 με
2897 4150 3204 4234 δυνάμενος,
3270 4153 3574 4212 ἐπάκουσόν
3628 4178 3735 4233 μου
3788 4158 3887 4222 τῆς

2221 4237 2452 4309 δεήσεως
2481 4248 2573 4297 τοῦ
2601 4241 2958 4322 ταλαιπώρου,
2994 4245 3082 4301 καὶ
3106 4245 3197 4299 τὸν
3227 4242 3282 4300 ἐν
3326 4243 3445 4319 ἐμοὶ
3504 4243 3891 4325 ἐμφωλεύοντα

2221 4327 2498 4408 δράκοντα,
2559 4336 2627 4408 τῇ
2679 4342 2774 4392 τοῦ
2841 4333 3100 4412 παναγίου
3153 4354 3246 4389 σου
3304 4332 3617 4410 Πνεύματος
3676 4334 3891 4415 ἐπιφοι-

2222 4419 2372 4488 τήσει
2431 4420 2738 4486 θανατώσας
2798 4422 3051 4503 ἀφάνισον
3087 4438 3102 4453 °
3163 4423 3302 4500 κάμὲ
3345 4426 3576 4505 πτωχὸν
3635 4427 3727 4482 καὶ
3785 4446 3888 4503 γυ-

492 4517 615 4579 mei
637 4508 890 4598 pedibus
923 4517 1237 4599 procidere
1265 4518 1440 4593 velis,
1469 4525 1527 4580 et
1550 4523 1814 4579 sanctam
1844 4518 1975 4597 ejus
2004 4516 2134 4579 ani-

2227 4509 2355 4583 μνὸν
2385 4508 2563 4576 πάσης
2613 4510 2808 4590 ἀρετῆς
2866 4512 3198 4592 ὑπάρχοντα,
3257 4524 3378 4575 τοῖς
3434 4523 3535 4572 τοῦ
3588 4515 3744 4594 ἁγίου
3790 4533 3892 4589 μου

492 4625 653 4669 mam
681 4608 757 4670 ad
787 4606 1107 4670 dolendam
1137 4606 1326 4669 vicem
1354 4624 1573 4688 meam,
1606 4613 1665 4667 et
1686 4605 1759 4667 ad
1791 4604 2139 4667 misericor-

491 4695 650 4758 diam
677 4695 827 4757 mihi
846 4696 987 4759 inde
1011 4696 1389 4760 tribuendam
1420 4695 1696 4758 adducito
1725 4714 1741 4771 ;
1774 4702 1832 4756 et
1852 4694 1928 4757 da
1943 4694 2141 4756 humi—

492 4783 726 4849 litatem
759 4784 927 4847 cordi
957 4805 1114 4863 meo,
1150 4794 1208 4847 et
1237 4784 1651 4867 cogitationes,
1677 4782 1963 4845 decentes
1992 4800 2140 4864 pec-

491 4874 700 4950 catori,
736 4874 838 4955 qui
873 4875 1097 4957 pepigit
1117 4883 1336 4951 tecum,
1365 4882 1430 4936 ut
1458 4872 1865 4955 paenitentiam
1895 4878 2095 4952 ageret
2121 4891 2134 4933 :

495 4969 554 5024 et
604 4982 681 5025 ne
733 4963 795 5025 in
824 4964 1004 5026 ﬁnem
1041 4965 1421 5045 derelinquas
1450 4962 1742 5038 animam,
1796 4979 1926 5042 quae
1956 4961 2142 5023 semel

496 5051 605 5114 tibi
630 5071 695 5116 se
714 5055 1070 5134 aggravevit,
1100 5063 1158 5117 et
1186 5063 1240 5116 te
1257 5053 1527 5116 confessa
1549 5061 1659 5127 est,
1680 5050 1904 5132 totique
1921 5050 2142 5112 mundo

492 5146 858 5224 praeoptavit,
883 5161 953 5208 ac
973 5138 1231 5225 praetulit
1257 5151 1333 5207 te.
1367 5142 1454 5204 Tu
1486 5140 1645 5204 enim
1670 5140 1847 5217 nosti,
1867 5138 2140 5217 Domine,

494 5232 647 5295 velle
669 5251 767 5295 me
794 5232 1028 5309 salvari,
1045 5232 1281 5297 tametsi
1308 5232 1463 5295 mala
1492 5229 1927 5293 consuetudine
1949 5236 2144 5291 retar-

496 5319 611 5383 dor
639 5328 697 5383 et
725 5321 1045 5403 impedior.
1077 5324 1508 5386 Verumtamen
1539 5320 1736 5382 omnia
1766 5318 1873 5380 tibi
1900 5317 2150 5399 possibi-

496 5405 577 5469 lia
605 5416 766 5486 sunt,
795 5428 927 5492 quae
945 5410 1103 5493 apud
1133 5410 1408 5474 homines
1438 5407 1855 5490 impossibilia.

575 5586 679 5651 44.
712 5587 825 5662 Qui
856 5590 1205 5671 praeclarum
1245 5589 1385 5654 fidei
1414 5608 1483 5652 ac
1512 5589 1639 5671 spei
1689 5585 2143 5649 fundamentum

498 5677 648 5741 aulae
675 5697 745 5742 ac
774 5680 974 5762 palatii
1000 5681 1240 5763 pietatis
1260 5687 1608 5764 posuerunt,
1633 5686 1692 5742 et
1711 5694 1889 5759 supra
1918 5684 2144 5757 petram

499 5766 859 5832 obedientia
880 5770 1148 5837 Patribus
1167 5770 1580 5854 spiritualibus
1597 5765 1948 5833 exhibendae
1961 5765 2145 5847 pedes

2225 4599 2429 4676 Πατρὸς
2504 4601 2627 4657 ποσὶ
2710 4602 2845 4678 μετὰ
2927 4600 3155 4682 δοκρύων
3230 4616 3562 4681 προσπεσεῖν
3638 4604 3892 4679 ἀξίωσον,

2223 4687 2311 4741 καὶ
2352 4686 2451 4753 τὴν
2510 4689 2663 4767 ἁγίαν
2694 4692 2854 4748 αὑτοῦ
2895 4692 3081 4772 ψυχὴν
3112 4693 3185 4755 εἷς
3216 4691 3546 4767 συμπάθειαν
3592 4700 3695 4750 ταῦ
3727 4692 3892 4759 ἐλεῆ-

2226 4776 2312 4831 σαί
2342 4796 2408 4851 με
2437 4775 2653 4835 ἕλκυσον
2690 4796 2704 4810 ⁸
2756 4782 2844 4837 καὶ
2900 4779 3009 4858 δὸς,
3070 4782 3248 4860 Κύριε,
3294 4781 3621 4838 ταπείνωσιν
3652 4789 3726 4860 τῇ
3754 4806 3894 4860 καρ-

2225 4861 2306 4937 δίᾳ
2371 4888 2493 4941 μου,
2567 4870 2655 4924 καὶ
2711 4868 2999 4949 λογισμοὺς
3048 4870 3345 4951 πρέποντας
3399 4869 3720 4950 ἅμαρτωλῷ
3778 4894 3898 4932 συν-

2224 4953 2428 5043 θεμένῳ
2482 4978 2563 5014 σοι
2623 4975 2904 5034 μετανοεῖν
2935 4980 2949 4997 ο
3020 4963 3107 5018 καὶ
3164 4961 3242 5037 μὴ
3313 4961 3384 5024 εἷς
3443 4959 3605 5027 τέλος
3664 4962 3898 5043 ἐγκατα-

2225 5041 2416 5120 λείψῃς
2498 5047 2684 5126 ψυχὴν
2768 5049 2908 5116 ἅπαξ
2980 5049 3393 5127 συνταξαμένην,
3453 5051 3547 5106 καὶ
3622 5041 3899 5133 ὁμολογή-

2227 5155 2417 5208 σασαν,
2464 5136 2552 5190 καὶ
2582 5136 2695 5193 ἀντὶ
2736 5141 2934 5203 παντὸς
2984 5146 3075 5196 τοῦ
3130 5138 3333 5214 κόσμου
3389 5135 3766 5217 ἐκλεξαμένην
3809 5142 3900 5198 καὶ

2226 5224 2707 5301 προτιμησαμένην
2741 5249 2822 5289 σε.
2856 5226 3024 5293 Οἶδας
3055 5229 3177 5309 γὰρ,
3227 5228 3404 5305 Κύριε,
3436 5224 3519 5282 ὅτι
3550 5229 3697 5287 θέλω
3720 5236 3899 5299 σωθῆ·

2228 5332 2339 5385 ναι,
2372 5312 2416 5367 εἰ
2445 5314 2532 5370 καὶ
2563 5315 2597 5381 ἡ
2633 5318 2841 5397 πονηρά
2883 5340 2984 5396 μου
3015 5320 3264 5389 συνήθεια
3293 5315 3549 5392 ἐμπόδιόν
3586 5342 3698 5396 μου
3742 5322 3899 5379 καθί-

2228 5421 2414 5457 σταται
2451 5419 2465 5433 ‘
2502 5402 2639 5460 ἀλλὰ
2667 5404 2859 5464 δυνατά
2915 5431 3020 5467 σοι.
3084 5406 3349 5487 Δέσποτα,
3407 5406 3587 5464 πάντα
3619 5408 3725 5466 ὅσα
3754 5412 3903 5491 παρὰ

2227 5488 2523 5569 ἀνθρώποις
2566 5491 2815 5559 ἀδύνατα.

2308 5569 2419 5655 μδ’.
2454 5585 2515 5640 Οἱ
2543 5582 2707 5641 καλὸν
2735 5588 2825 5644 τὸν
2883 5585 3127 5663 θεμέλιον
3174 5590 3273 5652 τῆς
3318 5585 3552 5649 πίστεως
3598 5589 3695 5645 καὶ
3738 5589 3900 5646 ἐλπί-

2227 5667 2339 5746 δος,
2387 5668 2441 5728 ἐν
2492 5677 2561 5749 τῇ
2621 5673 2757 5753 αὐλῇ
2807 5674 3193 5739 καταϐαλόντες
3246 5680 3348 5742 τῆς
3405 5670 3709 5755 εὐσεϐείας,
3765 5680 3905 5756 μετὰ

2227 5758 2392 5840 φόϐου
2441 5762 2527 5817 καὶ
2584 5765 2807 5845 τρόμου,
2851 5768 2940 5823 καὶ
2983 5766 3068 5823 ἐπὶ
3120 5766 3219 5834 τὴν
3264 5765 3461 5845 πέτραν
3502 5770 3611 5833 τῆς
3654 5770 3908 5838 ὑπακοῆς
