4120 6368
258 354 369 420 621

1544 355 1926 425 CAPITULA
1966 356 2290 432 PRACTIC
2295 372 2340 432 Α

3516 371 3633 437 622

257 506 364 556 τῶν
419 507 790 578 πνευματικῶν
860 499 1106 582 Πατέρων
1185 503 1307 566 τοὺς
1361 501 1526 568 πόδας
1582 503 1886 562 ἀσαλεύτουε

1985 501 2373 564 inconcussos
2402 503 2803 578 ﬁrmaverunt,
2824 521 3148 584 eorumque
3162 503 3334 583 jussa
3350 511 3630 587 tanquam

260 590 572 668 ἐρείσαντες,
605 592 693 647 καὶ
720 593 792 653 ὡς
837 591 896 647 ἐκ
939 599 1070 650 Θεοῦ
1115 592 1378 667 στόματος
1426 593 1493 649 τὰ
1534 592 1657 672 παρ’
1690 594 1886 649 ἐκείνωε

1988 611 2020 654 e
2051 591 2250 653 divino
2281 611 2384 654 ore
2411 592 2674 672 profecta
2702 592 3038 668 audientes,
3073 601 3130 654 et
3162 594 3303 656 huic
3332 595 3630 657 obedien-

258 679 607 755 ἐντελλόμενα
665 681 964 761 ἀκούοντες,
1023 683 1111 738 καὶ
1165 689 1243 756 τῷ
1298 681 1523 758 θεμελίῳ
1582 683 1751 756 τούτῳ
1803 687 1902 749 τῆς

1985 680 2080 742 tiae
2103 681 2489 743 fundamento
2511 685 2658 744 citra
2687 681 3121 743 dubitationem
3152 683 3633 764 superaediﬁcan-

259 771 497 837 ὑπακοῆς
542 769 867 834 ἆδιστάκτως
916 768 1384 846 ἐποικοδομοῦντες
1424 773 1555 831 αὒτὰ
1604 772 1658 828 ἐν
1714 793 1886 828 ταπει-

1989 776 2099 845 tes,
2128 789 2198 831 ea
2221 770 2280 831 in
2312 770 2641 832 humilitate
2671 771 2888 832 animae
2912 771 3180 850 protinus
3196 780 3358 832 recte
3383 772 3628 847 obeunt,

257 859 408 915 νώσει
481 865 688 939 ψυχῆς,
750 860 896 924 εύθὺς
953 863 1258 939 κατορθοῦσι
1292 879 1310 896 '
1393 863 1481 918 καὶ
1559 865 1899 940 κατορθοῦται

256 949 436 1011 αὺτοῖς
491 951 554 1005 τὸ
613 949 751 1028 μέγα
805 959 960 1008 τοῦτο
1015 951 1102 1006 καὶ
1164 956 1371 1028 πρῶτον
1429 949 1767 1028 κατόρθωμα,
1837 949 1897 1005 τὸ

256 1038 468 1102 ἑαυτοὺς
539 1038 936 1118 ἀπαρνήσασθαι
971 1054 985 1068 ⁹
1046 1040 1107 1095 τὸ
1162 1040 1262 1119 γὰρ
1331 1038 1567 1118 πληροῦν
1625 1038 1898 1118 ἀλλότριον

255 1125 482 1203 θέλημα,
515 1128 712 1199 καὶμὴ
740 1129 800 1184 τὸ
857 1129 1066 1187 ἑαυτοῦ.
1113 1131 1173 1186 οῦ
1231 1128 1393 1203 μόνον
1450 1127 1743 1201 ἀπάρνησιν
1795 1132 1898 1193 τῆς

255 1214 380 1279 ἰδίας
411 1222 621 1296 ψυχῆς,
653 1215 790 1273 ἀλλὰ
819 1218 905 1274 καὶ
951 1217 1204 1298 νέκρωσιν
1260 1218 1359 1285 τὴν
1416 1217 1547 1295 πρὸς
1578 1219 1668 1272 τὸν
1696 1216 1899 1291 κόσμον

255 1306 460 1362 ἅπαντα
487 1307 706 1380 ἐμποιεῖ
713 1354 727 1369 .

332 1417 399 1471 με
411 1385 443 1457 ⁸.
480 1403 567 1470 Τῷ
595 1399 672 1470 τῷ
724 1397 912 1454 ἑαυτοῦ
960 1397 1121 1476 Πατρὶ
1176 1395 1502 1475 ἀντιλέγοντι
1555 1395 1898 1474 συγχαίρουσι

253 1483 516 1561 δαίμονες,
569 1487 660 1541 τὸν
708 1483 760 1540 δὲ
818 1485 984 1566 μέχκι
1043 1487 1265 1542 θανάτου
1319 1486 1728 1560 ταπεινούμενον
1769 1488 1897 1541 θαυ-

251 1576 467 1650 μάζουσι
526 1571 742 1653 ἄγγελοι
775 1589 789 1605 ⁸
853 1574 1004 1654 ἔργον
1066 1576 1166 1655 γὰρ
1222 1584 1354 1634 Θεοῦ
1395 1578 1423 1632 6
1466 1574 1702 1639 τοιούτος
1747 1574 1898 1653 ἐργά-

251 1671 417 1743 ζεται,
450 1662 850 1739 ἐξομοιούμενος
893 1671 970 1738 τῷ
1021 1667 1125 1739 Υἱῷ
1167 1670 1261 1722 τοῦ
1315 1671 1470 1740 Θεοῦ,
1515 1670 1593 1738 τῷ
1647 1664 1747 1730 τὴν
1802 1668 1898 1722 ὐπ-

249 1753 417 1820 ακοὴν
487 1751 865 1832 πεπληρωκότι
926 1760 1002 1828 τῷ
1043 1751 1154 1827 ἰδίῳ
1204 1754 1367 1832 Πατρὶ
1427 1753 1589 1833 μέχρι
1645 1753 1889 1830 θανάτου,

249 1841 471 1921 θανάτου
501 1839 554 1896 δὲ
584 1847 830 1921 σταυροῦ.

443 1920 454 1938 .
510 1921 523 1942 ρ
705 1931 720 1962 _,
951 1929 976 1950 ,,
1586 1935 1612 1947 η
1788 1929 1810 1950 ,,
1872 1953 1892 1966 Α

327 1931 433 2006 μς
460 1979 473 1993 .
527 1940 567 1987 Ο
598 1928 762 1992 πολυς
814 1931 902 1986 καὶ
945 1951 1156 2008 ακαιρος
1188 1933 1507 2011 συντριμμὸς
1552 1953 1650 1998 της
1681 1932 1890 2010 καροίας

249 2019 474 2090 σκοτίζει
505 2021 594 2075 καὶ
621 2017 774 2076 θολοῖ
802 2019 901 2086 τὴν
959 2017 1215 2096 διάνοιαν,
1274 2021 1362 2077 καὶ
1417 2021 1514 2086 τὴν
1571 2021 1670 2095 μὲν
1723 2022 1892 2074 καθα-

248 2108 341 2185 ράν
410 2107 579 2186 εὐχὴν
641 2108 730 2163 καὶ
797 2105 1069 2171 κατάνυξιν
1122 2108 1228 2164 ἀπὸ
1271 2109 1369 2174 τῆς
1414 2112 1598 2186 ψυχῆς
1643 2104 1890 2185 ἐξαφανί-

243 2203 317 2267 ζει
352 2213 366 2226 ·
423 2196 586 2252 πόνον
629 2195 684 2250 δὲ
713 2194 992 2274 καρδιακὸν
1037 2195 1274 2271 ἐμποιεῖ.
1307 2195 1572 2254 Ἐντεῦθεν
1617 2194 1671 2251 δὲ
1716 2194 1888 2261 σκλη-

243 2285 442 2363 ρότητα
499 2285 588 2340 καὶ
645 2283 891 2363 πώρωσιν
949 2281 1162 2364 ἄπειρον
1197 2303 1214 2322 ο
1273 2284 1356 2344 διὰ
1425 2282 1479 2339 δὲ
1534 2285 1732 2339 τούτων
1774 2296 1890 2346 τοῖς

243 2388 626 2451 πνευματικοῖς
684 2379 731 2432 οἱ
785 2374 1027 2452 δαίμονες
1095 2378 1192 2445 τὴν
1273 2375 1576 2454 ἀπόγνωσιν
1647 2395 1894 2452 πραγμα-

241 2466 499 2524 τεύονται.

321 2545 436 2630 μζ..
511 2544 772 2621 Ὀπηνίκα
842 2577 925 2612 σοι
981 2561 1142 2612 ταῦτα
1207 2553 1618 2636 ὑπαντήσουσι,’
1653 2554 1884 2634 μοναχὲ,

242 2643 394 2723 εὕρῃς
447 2641 501 2698 δὲ
543 2642 706 2714 ζῆλον
761 2645 850 2700 καὶ
905 2645 1065 2702 πόθον
1115 2643 1452 2712 τελειότητος
1510 2643 1564 2700 ἐν
1619 2651 1688 2721 τῇ
1731 2648 1888 2722 ψυχῇ

238 2755 330 2790 σου
361 2731 551 2807 πολὺν,
597 2734 671 2796 ὡς
715 2732 1033 2810 ἐπιθυμῆσαι
1086 2739 1257 2793 πᾶσαν
1314 2733 1409 2808 μὲν
1470 2732 1693 2800 ἐντολὴν
1749 2731 1890 2800 πλη-

239 2829 400 2901 ρῶσαι
457 2829 614 2896 Θεοῦ,
672 2823 760 2878 καὶ
797 2821 934 2898 μηδὲ
989 2821 1182 2902 μέχρις
1227 2823 1387 2902 ἀργοῦ
1441 2821 1602 2900 λόγου
1650 2823 1888 2901 παραπίὲ-

238 2934 387 2968 πτειν
432 2913 520 2968 καὶ
578 2912 897 2987 ἁμαρτάνειν
931 2931 943 2944 ·
998 2911 1225 2988 μηδενὸς
1271 2911 1325 2968 δὲ
1369 2919 1475 2968 τῶν
1530 2912 1696 2973 πάλαι
1755 2912 1888 2968 ἀπο-

238 3000 513 3082 λειφθῆναι
548 3002 711 3079 ἁγίων
755 3002 892 3058 κατά
939 2999 1148 3081 πρᾶξιν,
1208 3003 1298 3058 καὶ
1357 3008 1574 3082 γνῶσιν,
1633 3002 1721 3056 καὶ
1749 3004 1888 3057 θεω-

237 3092 348 3168 ρίαν
382 3107 395 3122 ⁰

241 3181 539 3259 σπείροντπ
589 3181 655 3236 τὰ
707 3182 805 3247 τῆς
859 3181 1078 3256 ἀθυμίας
1134 3181 1358 3252 ζιζάνια,
1419 3182 1507 3236 καὶ
1563 3181 1641 3256 μὴ
1692 3179 1886 3243 ἐῶντός

245 3289 303 3324 σε
346 3271 414 3332 εἰς
444 3279 691 3328 τοσοῦτον
739 3269 873 3344 ὕψος
921 3270 1220 3348 ἁγιωσύνης
1277 3269 1483 3341 ἐλάσαι,
1547 3269 1601 3324 ἐν
1643 3271 1720 3343 τῷ
1747 3272 1885 3326 ὑπο-

241 3354 448 3416 ϐάλλειν
480 3360 636 3415 αὒτὸν
683 3357 970 3437 λογισμοὺς
1029 3359 1247 3434 ἀθυμίας
1303 3360 1390 3415 καὶ
1443 3357 1616 3436 λέγειν
1651 3375 1665 3388 ·
1726 3356 1882 3414 Ἀδύ-

239 3447 391 3503 νατόν
447 3469 529 3503 σοι
574 3447 738 3522 μέσον
791 3454 884 3504 τοῦ
939 3448 1142 3523 κόσμου
1194 3451 1474 3513 σωθῆναι·
1535 3449 1624 3503 καὶ
1666 3445 1884 3528 φυλάξαι

236 3535 409 3599 πάσας
439 3536 532 3598 τὰς
564 3535 778 3600 ἐντολὰς
828 3534 1124 3599 ἀνελλιπῶς
1183 3543 1276 3592 τοῦ
1315 3544 1446 3594 Θεοῦ
1478 3551 1491 3566 ⁸
1548 3536 1668 3592 τότε
1728 3537 1789 3591 σὺ
1833 3535 1886 3591 ἐν

238 3631 332 3700 μιᾷ
381 3624 598 3690 καθίσας
673 3626 976 3700 καταμόνας
1056 3626 1244 3705 γωνίᾳ,
1317 3625 1584 3682 σύστειλον
1643 3628 1881 3706 σεαυτὸν,

238 3717 322 3771 καὶ
377 3711 686 3779 ἐπισύναξόν
745 3736 836 3770 σου
909 3716 999 3770 τὸν
1071 3714 1328 3793 λογισμξν
1391 3717 1478 3772 καὶ
1535 3713 1621 3778 δὸς
1679 3716 1885 3792 ἀγαθὴν

237 3802 433 3880 βουλὴν
463 3809 532 3880 τῇ
557 3808 627 3878 σῇ
669 3807 844 3883 ψυχῇ,
893 3805 983 3884 καὶ
1009 3803 1122 3859 εἰπέ
1150 3787 1165 3839 ί
1208 3787 1239 3859 «Ἴ
1274 3787 1374 3862 (ἱνα
1403 3805 1452 3860 τί
1487 3787 1770 3882 περίλυπός
1804 3805 1882 3884 εἶ,

235 3895 268 3961 ἡ
298 3894 451 3973 ψυχή
487 3915 588 3968 μου
625 3912 640 3973 ;
679 3916 705 3947 n
741 3895 853 3974 καὶ,
893 3916 914 3948 ι
957 3876 1059 3951 "Iva
1088 3895 1138 3949 τί
1167 3895 1545 3973 συνταράσσεις
1578 3915 1644 3969 με
1674 3913 1687 3928 ’
1729 3918 1751 3952 ι)
1790 3892 1883 3950 ἕλ-

236 4005 387 4039 πισον
418 3981 504 4038 ἐπὶ
552 3985 643 4038 τὸν
700 3984 854 4058 Θεὸν,
914 3982 994 4038 ὅτι
1053 3982 1512 4062 ἐξομολογήσομαι
1571 3983 1733 4058 αὐτῷ,
1770 4005 1884 4038 σω-

237 4073 416 4151 τήριον
448 4081 542 4130 τοῦ
570 4073 856 4150 προσώπου
905 4095 1030 4152 μου,
1091 4073 1214 4152 οὐχὶ
1272 4074 1337 4128 τὰ
1381 4073 1506 4152 ἔργα
1539 4096 1662 4147 μου,
1696 4071 1814 4129 ἀλλ’
1859 4075 1886 4128 6

239 4161 365 4224 Θεός
412 4161 515 4237 μού
544 4161 654 4217 ἐστι
692 4181 705 4196 ⁸
766 4162 845 4225 τίς
898 4163 997 4240 γὰρ
1045 4164 1131 4218 καὶ
1179 4160 1230 4226 ἐξ
1274 4161 1441 4242 ἔργων
1472 4162 1632 4236 νόμου
1663 4160 1885 4218 δικαιω-

232 4251 500 4330 θήσεται;
574 4251 647 4310 Οὔ
719 4249 1121 4322 ἕικαιωθήσεται
1192 4253 1292 4331 γὰρ
1367 4252 1592 4308 ἐνώπιόν
1648 4274 1740 4308 σου
1783 4259 1888 4316 πᾶς

239 4300 448 4320 --,---..-
579 4300 643 4310 ν-
723 4300 1121 4322 --.-..-..-.,---..-
1231 4300 1262 4308 ..
1367 4300 1586 4308 -..νη-υ
1649 4300 1738 4308 η-
1791 4300 1884 4316 ..-τ

231 4345 335 4408 ζῶν
368 4356 381 4368 ·
453 4300 574 4396 ἀλλ’
644 4339 706 4395 ἐκ
758 4341 987 4404 πίστεως
1037 4345 1136 4407 τῆς
1185 4300 1448 4404 είςΓαῦτὸν
1477 4343 1568 4398 τὸν
1600 4341 1730 4398 Θεόν
1760 4363 1884 4416 μου,

1988 877 2320 940 magnoque
2365 860 2463 920 illo
2494 877 2562 920 ac
2589 859 2776 939 primo
2809 859 3026 934 ofﬁcio,
3055 861 3211 939 quod
3244 869 3334 922 est
3365 859 3630 940 seipsum

1983 946 2299 1026 abnegare,
2335 948 2488 1010 bene
2518 948 3014 1028 funguntur.Nam
3049 968 3115 1009 ex
3147 949 3365 1024 aliena,
3411 969 3528 1010 non
3560 969 3632 1017 ex

1981 1053 2087 1096 sua
2109 1039 2405 1099 voluntate
2437 1038 2722 1116 pendere,
2777 1057 2896 1098 non
2942 1037 3136 1097 solum
3168 1037 3628 1117 abnegationem

1982 1123 2193 1187 animae
2223 1145 2344 1187 suae
2374 1126 2638 1188 continet
2670 1145 2682 1189 :
2718 1127 2824 1188 sed
2856 1128 3029 1188 etiam
3066 1126 3174 1188 toti
3201 1126 3422 1188 mundo
3463 1144 3634 1188 mor-

1984 1219 2149 1276 tuum
2179 1233 2310 1278 esse
2339 1216 2495 1278 facit.

2063 1392 2162 1455 45.
2197 1392 2652 1456 Contradicente
2683 1396 2958 1476 quopiam
2994 1393 3150 1455 Patri
3183 1413 3310 1475 suo,
3344 1394 3625 1456 laetantur

1981 1478 2283 1544 damones
2313 1503 2325 1545 :
2357 1483 2768 1545 humiliantem
2819 1503 2955 1544 vero
3002 1502 3088 1556 se,
3123 1501 3312 1563 usque
3345 1483 3416 1546 ad
3452 1502 3624 1544 mor-

1981 1575 2125 1643 tem,
2157 1571 2524 1632 admirantur
2552 1571 2769 1651 angeli.
2803 1570 2963 1632 Talis
2993 1571 3150 1631 enim
3181 1590 3330 1652 opus
3355 1571 3462 1633 Dei
3487 1591 3626 1652 ope-

1979 1665 2182 1732 ratur;
2229 1659 2444 1720 similis
2491 1660 2638 1722 Filio
2687 1659 2814 1728 Dei,
2857 1659 2958 1740 qui
2989 1660 3178 1721 factus
3209 1667 3298 1721 est
3327 1660 3484 1720 Patri
3516 1679 3623 1722 suo

1977 1747 2340 1810 cumulate‘c
2375 1749 2666 1811 obediens
2713 1768 2900 1829 usque
2927 1749 3000 1809 ad
3033 1755 3283 1810 mortem
3319 1765 3332 1809 :
3370 1757 3618 1810 mortem

1913 1827 1954 1880 Β
1976 1843 2175 1898 autem
2207 1840 2400 1900 crucis
2439 1840 2466 1882 δ
2488 1840 2557 1898 10.
2588 1865 2616 1896 »

2053 1927 2153 1989 46.
2190 1929 2388 2005 Multa,
2410 1937 2468 1990 et
2489 1928 2907 2009 intempestiva
2937 1928 3135 1990 cordis
3154 1927 3428 1989 contritio
3453 1947 3618 1989 men-

1975 2025 2095 2076 tem
2133 2015 2427 2077 turbidam
2459 2017 2677 2094 reddit,
2726 2017 2903 2098 eique
2955 2018 3231 2079 tenebras
3257 2016 3532 2088 olfundit,
3567 2024 3627 2078 et

1975 2123 2181 2185 puram
2228 2107 2557 2169 orationem
2609 2115 2786 2187 atque
2839 2106 3230 2168 humilitatem
3291 2105 3363 2166 ab
3421 2109 3623 2167 anima

1974 2194 2130 2256 tollit
2160 2214 2172 2253 :
2211 2195 2477 2256 dolorem
2503 2204 2699 2257 autem
2731 2196 2928 2256 cordis
2949 2195 3260 2274 ingenerat
3295 2217 3306 2257 :
3346 2195 3486 2256 inde
3517 2195 3626 2256 du-

1974 2282 2169 2344 ritiem
2202 2293 2260 2344 et
2290 2285 2614 2346 caecitatem
2647 2285 3023 2360 immensam,
3078 2302 3185 2364 per
3231 2303 3360 2363 quae
3393 2285 3620 2346 daemo—

1974 2389 2081 2434 nes
2109 2371 2240 2434 vitae
2261 2373 2582 2454 spiritualis
2613 2373 3090 2454 desperationem
3123 2373 3472 2435 moliuntur.

2052 2551 2153 2614 47.
2177 2551 2422 2624 Quando
2446 2554 2573 2614 haec
2599 2551 2706 2614 tibi
2729 2549 3123 2636 occurrerint,
3141 2551 3457 2626 monache,
3484 2551 3620 2612 etin

1972 2641 2170 2703 anima
2200 2649 2297 2702 tua
2325 2641 2707 2722 perfectionis
2736 2641 2951 2713 zelum,
2979 2639 3466 2720 desideriumque
3497 2660 3616 2703 non

1971 2731 2212 2808 vulgare
2243 2730 2636 2810 perspexeris,
2661 2737 2724 2790 ut
2747 2727 3023 2790 omnibus
3057 2729 3159 2788 Dei
3194 2728 3486 2789 mandatis
3505 2729 3618 2790 ob-

1972 2826 2412 2900 temperare,ac
2432 2839 2506 2881 ne
2535 2819 2715 2882 verbo
2747 2819 2985 2899 quidem
3018 2817 3206 2879 otioso
3237 2817 3616 2898 delinquere,

1969 2909 2345 2990 actioneque,
2369 2908 2725 2988 cognitione,
2754 2907 3255 2988 contemplatione
3297 2908 3440 2967 nulli
3464 2916 3622 2969 vete-

1969 3015 2100 3058 rum
2127 3009 2472 3060 sanctorum
2499 2998 2714 3059 cedere
2746 2997 3152 3076 concupiscas,
3188 2996 3386 3056 cernis
3420 3004 3616 3057 autem

459 3093 584 3170 ὁρᾷς
654 3088 709 3146 δὲ
765 3090 1103 3166 κωλυόμενον
1160 3093 1348 3147 σαυτὸν
1405 3092 1546 3169 παρὰ
1602 3097 1695 3148 τοῦ
1749 3091 1885 3146 ὑπο-

1982 3085 2252 3168 impediri
2287 3096 2342 3149 te
2371 3087 2444 3149 ab
2472 3107 2542 3149 eo
2571 3086 2673 3167 qui
2705 3085 2926 3147 zizania
2956 3085 3395 3166 desperationis
3426 3085 3617 3146 inter-

1971 3177 2309 3254 seminatll,
2333 3196 2407 3238 ne
2429 3177 2500 3238 ad
2522 3185 2739 3238 tantam
2760 3174 3167 3236 sanctimoniae
3199 3173 3616 3236 celsitudinem

1971 3268 2304 3346 pervenias,
2325 3267 2465 3327 dum
2495 3265 2597 3326 tibi
2623 3263 3012 3341 cogitationes
3029 3264 3315 3343 suggerit,
3337 3282 3404 3324 ac
3429 3263 3573 3325 dicit
3600 3286 3612 3327 :

1967 3355 2096 3417 Non
2130 3363 2298 3436 potes
2328 3355 2448 3416 ullo
2482 3355 2656 3415 modo
2697 3354 2758 3414 in
2792 3355 2905 3414 hoc
2939 3353 3158 3413 mundo
3191 3353 3424 3423 salvari,
3454 3363 3514 3416 et
3543 3355 3616 3415 ad

1969 3463 2224 3523 unguem
2275 3443 2474 3505 omnia
2526 3443 2799 3504 mandata
2837 3441 2945 3502 Dei
2976 3459 3222 3501 servare
3257 3458 3270 3502 :
3309 3449 3428 3502 tum
3465 3451 3522 3502 tu
3555 3443 3617 3504 in

1968 3533 2165 3613 aliquo
2195 3533 2416 3613 angulo
2447 3531 2743 3593 solitarius
2793 3529 3112 3591 considens
3152 3537 3335 3590 temet
3380 3531 3613 3609 collige,

1969 3622 2160 3702 daque
2192 3621 2435 3695 bonum,
2465 3628 2522 3681 et
2545 3619 2856 3700 probatum
2890 3619 3104 3679 anima;
3137 3625 3250 3678 tuae
3271 3618 3612 3697 consilium,

1968 3711 2030 3772 in
2060 3713 2187 3772 haec
2217 3710 2396 3772 verba
2428 3727 2441 3772 :
2484 3735 2509 3765 ‹‹
2547 3708 2740 3780 Quare
2773 3706 2958 3768 tristis
2999 3725 3083 3781 es,
3139 3705 3340 3767 anima
3371 3725 3524 3782 mea,
3557 3720 3618 3771 et

1967 3820 2149 3882 quare
2180 3799 2498 3862 conturbas
2532 3798 2659 3858 me?
2682 3801 2867 3877 Spera
2892 3797 2951 3856 in
2973 3795 3096 3857 Deo
3119 3795 3399 3876 quoniam
3422 3797 3618 3858 adhuc

1968 3889 2297 3954 conlitebor
2325 3888 2467 3950 ei”.
2510 3913 2532 3945 ν
2573 3886 2844 3949 Salutare
2877 3885 3033 3945 enim
3083 3885 3277 3946 vultus
3328 3885 3444 3946 mei
3499 3905 3618 3948 non

1967 3980 2275 4042 benefacta
2304 3996 2462 4057 mea,
2499 3977 2602 4038 sed
2634 3975 2796 4037 Deus
2818 3982 2926 4036 est.
2963 3971 3107 4035 Nam
3140 3973 3274 4054 quis
3307 3993 3376 4036 ex
3409 3975 3619 4052 Operi-

1967 4067 2080 4130 bus
2111 4067 2257 4146 legis
2288 4065 2464 4127 etiam
2489 4061 2945 4144 justiﬁcabitur?
2989 4086 3016 4117 α
3041 4063 3169 4123 Non
3192 4061 3622 4141 justiﬁcabitur

1969 4159 2126 4220 enim
2160 4157 2222 4217 in
2252 4163 2576 4236 conspectu
2605 4162 2664 4214 tu
2692 4161 2790 4214 tuo
2813 4153 3005 4212 omnis
3037 4150 3234 4211 vivens
3255 4151 3327 4224 13,
3359 4172 3384 4209 ι
3419 4153 3520 4213 sed
3547 4170 3620 4212 ex

1972 4248 2090 4308 ﬁde
2109 4246 2382 4326 inipsum
2412 4247 2598 4306 Deum
2625 4260 2821 4304 meum
2841 4241 3124 4302 salvatum
3153 4259 3248 4301 me
3276 4241 3348 4300 iri
3379 4240 3616 4301 conﬁdo

1971 4337 2176 4416 gratis,
2231 4341 2473 4416 propter
2521 4330 2991 4394 misericordiam
3025 4329 3156 4408 ejus
3196 4328 3563 4390 ineffabilem
3597 4347 3614 4390 :

233 4426 429 4498 ἐλπίζω
486 4432 720 4522 σωθῆναι
789 4427 873 4489 διὰ
925 4431 1026 4495 τῆς
1082 4429 1284 4508 ἀφάτου
1350 4428 1743 4510 εὐσπλαγχνίας
1799 4433 1886 4488 αὖ·

1982 4451 2000 4483 ιι
2037 4425 2200 4488 Vade
2230 4432 2388 4484 retro
2422 4421 2795 4496 me,Satana,
2826 4418 3142 4480 Dominum
3178 4419 3613 4522 meumadoro,

232 4517 325 4572 τοῦ
352 4515 574 4594 δωρεάν.
629 4505 830 4596 ,Ὕπαγε
883 4518 1053 4574 ὀπίσω
1113 4540 1236 4599 μου,
1299 4526 1512 4575 Σατανᾶ
1547 4539 1560 4553 ⁸

232 4614 348 4682 Θεῷ
375 4630 478 4684 μου
525 4616 827 4687 προσκυνῶ,
882 4611 971 4665 καὶ
1015 4613 1157 4684 αὒτῷ
1213 4610 1274 4667 ἐκ
1329 4611 1580 4677 νεότητός
1639 4633 1740 4686 μου
1783 4609 1884 4666 λα-

231 4699 423 4777 τρεύῳ,
469 4705 547 4772 τῷ
576 4697 849 4773 δυναμένῳ
881 4720 946 4774 με
1005 4705 1173 4756 σῶσαι
1229 4699 1284 4755 ἐν
1341 4701 1489 4776 μόνῳ
1515 4707 1592 4774 τῷ
1620 4699 1754 4756 ἐλέει
1786 4701 1884 4756 αὖ·

229 4794 342 4849 τοῦ,
377 4783 672 4855 Ἀπόστηθι
703 4788 790 4844 οῦν
821 4786 914 4844 ἀπ’
964 4788 1115 4864 ἐμοῦ.
1176 4778 1235 4845 Ὀ
1294 4790 1423 4852 Θεὸς
1483 4791 1511 4845 6
1561 4791 1792 4860 ποιήσας
1819 4811 1886 4866 με

228 4873 346 4932 κατ’
394 4876 570 4958 εἰκόνα
598 4879 689 4933 καὶ
719 4877 836 4934 καθ’
869 4877 1120 4954 ὁμοίωσιν
1152 4877 1312 4934 αὐτοῦ
1341 4881 1664 4958 καταργήσει
1697 4900 1779 4940 σε.

310 4954 436 5040 μηδ’.
474 4957 530 5023 Ὀ
577 4968 708 5030 Θεὸς
737 4965 788 5032 ἐξ
842 4969 1000 5043 ἡμῶν
1059 4964 1204 5026 οῦδὲν
1262 4967 1438 5047 ἕτερον
1481 4954 1742 5039 ⁷ἐπιζτητεῖ
1782 4975 1888 5024 τῶν

1613 4505 1784 4597 Ῐίυρίῳ
1812 4525 1886 4594 τῷ

1982 4527 2030 4579 et
2060 4515 2116 4577 ei
2146 4513 2339 4576 servio
2371 4511 2421 4553 14
2457 4537 2479 4566 ι)
2516 4530 2549 4572 a
2573 4511 2884 4590 juventute
2918 4526 3069 4582 mea,
3114 4505 3214 4586 qui
3247 4525 3342 4568 me
3387 4506 3447 4568 in
3496 4506 3624 4568 sola

1975 4602 2387 4666 misericordia
2434 4619 2540 4662 sua
2585 4599 2810 4661 salvare
2868 4603 3073 4677 potest.
3126 4596 3326 4675 Apage
3378 4595 3614 4675 igitur:

1973 4698 2132 4759 Deus
2164 4691 2265 4772 qui
2291 4710 2385 4752 me
2407 4690 2481 4752 ad
2512 4687 2966 4750 similitudinem
3017 4692 3076 4746 et
3105 4682 3431 4765 imaginem
3455 4703 3620 4747 suam

1972 4784 2137 4860 fecit,
2170 4782 2301 4863 ipse
2335 4788 2391 4841 te
2413 4779 2704 4841 destruet.

2054 4965 2153 5028 48.
2186 4962 2312 5024 Hoc
2347 4958 2539 5022 solum
2558 4959 2715 5018 Deus
2742 4953 2816 5016 ab
2847 4950 3192 5014 hominibus
3223 4951 3397 5013 nobis
3426 4953 3625 5034 requi-

229 5055 540 5136 ἀνθρώπων,
590 5054 710 5112 ἀλλ’
766 5055 803 5124 ἢ
845 5041 907 5113 τδ
941 5057 1020 5132 μὴ
1052 5041 1374 5136 ἁμαρτάνειν
1407 5059 1494 5114 καὶ
1531 5058 1714 5134 μόνον,
1748 5064 1886 5115 Τοῦ-

1982 5058 2182 5132 Γίὶφῐιθ
2212 5066 2531 5133 peccemus
2562 5047 2646 5128 (α)
2679 5051 2967 5127 praeterea
3011 5042 3188 5103 nihil.
3241 5041 3405 5105 Istud
3448 5061 3626 5124 porro

2465 5211 2516 5254 43
2549 5208 2698 5272 l’sal.
2733 5223 2880 5283 ωειλ,
2915 5205 2974 5268 2.
3083 5204 3145 5253 14
3172 5202 3374 5264 Matth.
3412 5219 3490 5278 IV,
3525 5204 3622 5267 10.

316 5214 350 5264 ϐ
379 5215 437 5267 to
465 5215 732 5298 Philipp.
764 5233 831 5294 II,
865 5217 924 5281 8.
1010 5215 1060 5266 11
1096 5217 1302 5279 Matth.
1338 5234 1465 5296 xm,
1498 5218 1600 5282 25.
1708 5217 1761 5262 η
1789 5217 1886 5286 Ps:

1982 5236 2106 5293 xu,
2143 5217 2240 5296 15,
2279 5213 2378 5278 16.

313 5390 394 5459 (α)
431 5386 716 5472 Requirit
746 5406 781 5450 a
813 5386 989 5472 nobis
1018 5386 1202 5472 Deus,
1235 5395 1300 5450 ut
1328 5406 1646 5472 servemus
1669 5390 1950 5453 mandata
1979 5392 2133 5472 ejus.
2173 5385 2413 5468 (Matth.
2445 5401 2567 5455 x1x,
2604 5380 2696 5455 l7)
2730 5397 2743 5440 ε
2777 5404 2800 5434 α
2840 5376 2901 5440 Si
2933 5374 3021 5437 Vis
3048 5372 3119 5472 39
3153 5373 3334 5435 Vitam
3366 5371 3625 5472 ξηετεάί,

235 5453 413 5553 serva
441 5453 721 5530 mandata
751 5489 765 5528 :
805 5494 832 5524 »
869 5469 1068 5553 at_hoc
1099 5453 1298 5553 reipsa
1329 5489 1448 5531 non
1480 5477 1570 5532 est
1597 5469 1780 5547 aliud,
1814 5491 1992 5553 quam
2009 5453 2092 5532 ὀι
2125 5453 2242 5553 non
2273 5453 2592 5545 peccemus
2621 5479 2638 5522 :
2673 5453 2807 5553 nam
2841 5453 3143 5553 peccando
3176 5471 3294 5553 non
3325 5470 3632 5553 servamus

236 5547 517 5633 mandata
553 5568 566 5612 :
605 5557 665 5610 et
697 5548 988 5633 servando
1019 5535 1317 5633 mandata,
1357 5571 1477 5612 non
1508 5535 1850 5633 peccamus:
1878 5553 2084 5633 Itaque
2119 5550 2219 5631 qui
2255 5535 2495 5633 tantum
2531 5535 2930 5633 pracipit,'ut
2973 5552 3275 5597 servemus
3311 5535 3628 5633 mandata;

235 5625 289 5689 is
312 5628 492 5714 etiam
526 5637 756 5693 tantum
789 5629 1079 5712 praecipit,
1114 5639 1175 5714 u_t
1208 5649 1327 5692 non
1379 5622 1719 5713 peccemus.
1760 5631 1836 5696 Ut
1886 5622 2004 5714 qui.
2042 5622 2268 5693 tantum
2322 5622 2614 5710 praecipit,
2647 5631 2711 5684 ut
2757 5639 2878 5683 non
2923 5633 3278 5700 peccemus;
3312 5622 3364 5675 is
3398 5622 3630 5677 tantum

233 5709 528 5789 praecipit,
563 5719 628 5775 ut
656 5709 1294 5778 servemus'mandata.
