4120 6360
236 330 358 398 625

1513 334 1892 399 CAPITULA
1934 334 2314 400 PRACTICA

3498 331 3617 396 626

307 453 413 542 νγ’.
461 467 578 545 Οὐχ
607 466 636 521 ὁ
666 465 952 545 ἡσυχάζων
1008 466 1194 546 μόνος,
1255 467 1292 535 ἢ
1348 469 1377 523 ὁ
1420 465 1873 546 ὺποτχσσόμενος,

2037 465 2136 530 53.
2161 464 2293 528 Non
2321 465 2517 527 solum
2536 466 2877 545 quiescens,
2904 470 2963 525 et
2987 462 3481 543 contemplationi
3511 462 3619 524 de-

224 550 363 608 ἆλλὰ
401 554 490 609 καὶ
541 556 571 610 ὁ
621 552 1016 633 ἡγουμενεύων,
1061 556 1150 610 καὶ
1205 557 1233 612 ὁ
1275 553 1491 612 πολλῶν
1539 555 1811 635 προϊστάμ
1823 577 1884 611 ε-

222 684 406 760 cende
454 685 777 760 insurgere.
838 686 1064 760 Animus
1118 687 1401 760 siquidem
1445 687 1762 760 trementis,
1814 695 1870 760 et

223 755 888 831 tumultuosius'agitatte
943 759 1113 816 verba
1165 755 1282 817 rion
1336 758 1653 830 proﬁcient.
1685 757 1869 815 Missis

221 836 412 885 autem
440 828 554 891 his.
588 828 864 901 quantum
896 838 1061 900 potes
1119 828 1377 888 animum
1409 841 1567 888 tuum
1600 831 1867 901 humilia,

222 907 277 957 et
309 914 439 974 mox
469 900 837 974 timiditatem
860 901 1220 974 proﬂigatam
1248 916 1580 974 cognosces.

303 990 326 1020 ι
358 970 444 1027 Ab
490 972 684 1028 acadia
736 970 1056 1044 quispiam
1086 970 1418 1044 oppressus,
1475 982 1721 1031 mentem
1767 985 1870 1044 are-

223 1042 482 1113 missam,
515 1051 570 1100 et
598 1041 852 1101 tenebris
881 1041 1179 1113 ’oﬁusam,
1198 1052 1254 1102 et
1280 1048 1532 1101 animam
1555 1058 1718 1101 suam
1751 1041 1874 1099 dis-

222 1111 467 1187 solutam
496 1114 688 1187 habet,
748 1124 811 1172 ut
865 1117 1101 1187 exghoc
1148 1111 1564 1187 propemodum
1624 1115 1806 1187 luctus
1838 1128 1869 1170 a

220 1183 396 1241 corde
420 1185 546 1256 ejus
576 1185 820 1250 deﬁciat,
856 1194 909 1242 et
936 1183 1168 1243 ﬂamma
1190 1183 1430 1256 spiritus
1460 1187 1519 1243 in
1553 1202 1620 1243 eo
1648 1185 1871 1243 exstin-

221 1265 449 1329 guatur,
481 1265 713 1328 totaque
741 1257 945 1329 domus
997 1259 1258 1328 corporis
1285 1258 1594 1329 ejusfumo
1628 1257 1869 1329 implea-

221 1334 334 1382 tur.
367 1326 517 1407 Quin
545 1326 716 1407 etiam
749 1326 1152 1407 membrorum
1186 1326 1384 1399 torpor
1413 1328 1471 1384 in
1495 1328 1620 1399 ipso
1650 1326 1871 1407 excita-

221 1406 333 1478 tus,
365 1412 433 1454 ex
468 1399 692 1469 pigritia
719 1414 853 1478 eum
883 1400 940 1456 in
974 1399 1318 1457 altissimum
1346 1415 1614 1478 somnum
1646 1400 1871 1478 demer-

222 1470 321 1537 git,
354 1479 415 1526 ut
443 1470 770 1528 necessario
829 1486 859 1527 a
908 1479 1181 1528 con'ueta
1239 1471 1546 1539 acoluthia,
1579 1485 1681 1528 seu
1712 1470 1872 1527 ordi-

178 1598 179 1601 η
222 1547 353 1613 nata
381 1541 673 1599 functionc
717 1556 817 1598 sua
869 1550 1073 1600 cesset.
1124 1542 1225 1599 His
1282 1557 1384 1613 per
1434 1544 1868 1608 continentiam,

219 1619 274 1668 et
304 1611 527 1684 vigilias
555 1614 852 1681 resistens,
883 1615 1033 1671 victo
1091 1611 1301 1671 somnu
1323 1614 1511 1671 statim
1543 1613 1872 1684 arrogantia

1965 553 2146 637 ditus,
2175 563 2275 618 aut
2301 554 2627 636 subjectus,
2661 552 2767 616 sed
2797 553 2973 615 etiam
2997 551 3367 633 praepositus,
3401 551 3623 633 quique

1950 686 2228 746 devorare
2269 687 2606 746 nitentibus.
2665 686 2929 756 Dumque
2981 691 3202 749 aestuat,
3262 690 3316 740 et
3374 698 3490 756 quo
3551 699 3614 742 se

1952 768 2129 818 vertat
2158 760 2358 825 nescit,
2392 772 2501 815 nec
2554 757 2727 815 habet
2781 771 2896 828 quo
2948 756 3264 828 confugiat,
3307 762 3379 828 get
3435 770 3466 811 a
3500 770 3618 827 quo

1952 830 2217 898 salutem,
2277 825 2886 899 conservationemque
2950 825 3152 897 petat,‘
3181 825 3255 883 ad
3306 825 3615 885 Dominum

1952 902 2182 960 tandem
2216 901 2492 973 confugit,
2526 900 2625 971 qui
2656 915 2781 957 eam
2811 900 3035 973 salvare
3066 905 3269 973 potest.

2034 994 2057 1024 α
2091 972 2198 1042 Qui
2226 989 2257 1030 e
2288 967 2502 1030 mundo
2543 967 2675 1028 'toto
2706 986 2768 1028 se
2821 967 3084 1041 removit,
3139 967 3383 1042 velutin
3416 967 3618 1042 solitu-

1954 1041 2091 1100 dine
2115 1039 2296 1109 invia,
2328 1051 2382 1101 et
2412 1044 2661 1100 ferarum
2694 1042 2863 1113 plena
2894 1057 2956 1098 se
2985 1039 3112 1113 esse
3134 1039 3436 1113 perspicit:
3463 1039 3616 1097 unde

1952 1115 2160 1173 timore
2188 1114 2542 1184 incredibili,
2574 1122 2630 1172 et
2685 1111 2937 1171 tremore
2995 1111 3166 1184 longe
3196 1111 3451 1184 maximo
3483 1124 3615 1168 eum

1952 1187 2276 1244 incessente
2304 1182 2612 1243 clamat’ad
2641 1185 2973 1250 Dominum,
3022 1191 3087 1240 ut
3110 1182 3121 1183 “
3141 1182 3315 1238 Jonas
3346 1182 3495 1252 (Ion.
3545 1193 3612 1247 Il,

1954 1259 2197 1329 iseqq.)
2222 1257 2459 1329 quidem
2517 1272 2554 1313 θ
2605 1265 2750 1321 ceto,
2812 1265 2866 1311 et
2925 1254 3069 1329 mari
3128 1254 3258 1329 vitae
3289 1252 3510 1325 hujus:
3551 1264 3614 1312 ut

1952 1324 2154 1385 Daniel
2182 1324 2351 1393 '(D'an.
2382 1340 2463 1394 vn,
2497 1329 2522 1383 1
2557 1343 2759 1400 seqq;
2817 1337 2938 1390 Xtv,
2987 1324 3089 1400 28,
3145 1328 3165 1380 1
3204 1324 3386 1396 seqq.)
3420 1331 3611 1400 autem

1952 1414 1984 1455 e
2016 1400 2142 1457 lacu
2171 1401 2529 1470 passionum,
2562 1396 2891 1456 ut'leonum
2920 1397 3177 1470 scilicet;
3212 1405 3275 1453 ut
3299 1407 3414 1470 tres
3443 1396 3609 1470 pueri

1954 1485 2026 1527 ex
2057 1467 2286 1528 camino
2316 1471 2468 1542 ignis
2518 1470 2703 1527 insitae
2749 1470 2921 1531 tDan.
2983 1480 3068 1535 ιη,
3128 1469 3159 1542 1Δ
3214 1467 3488 1542 seqq.)_et
3519 1467 3613 1522 in-

1955 1551 2103 1599 nata
2135 1543 2301 1598 nobis
2335 1538 2838 1612 concupiscentiae,
2870 1549 2923 1597 et
2972 1538 3194 1596 urentis
3228 1554 3248 1612 :_
3294 1546 3358 1612 ut
3390 1538 3608 1612 Manas-

1956 1627 2047 1669 ses
2078 1612 2160 1683 (II
2184 1613 2363 1669 Paral
2413 1608 2616 1679 xxx'tn,
2651 1615 2675 1667 1
2711 1615 2896 1683 seqq.)
2944 1626 3010 1667 ex
3067 1609 3286 1665 catenis
3316 1608 3489 1683 h_ujus
3518 1609 3612 1666 lu-

219 1696 321 1754 cor
352 1680 675 1749 induratur,
708 1694 761 1741 et
807 1680 1108 1742 deﬁciente
1151 1686 1328 1749 luctu,
1359 1686 1660 1742 timiditate
1683 1680 1870 1741 Eorri-
1890 1689 1929 1738 B
1952 1685 2048 1749 tei,
2082 1680 2137 1741 et
2167 1685 2421 1741 interitui
2453 1684 2694 1754 subjecti
2725 1680 2988 1754 corporis
3011 1697 3024 1736 :
3056 1694 3228 1751 quem
3252 1688 3309 1754 et
3328 1680 3609 1754 Dominus

222 1753 395 1821 pitur.
448 1755 630 1826 Quam
660 1764 722 1812 ut
750 1769 952 1813 rursus
981 1756 1038 1812 in
1071 1771 1133 1813 se
1163 1757 1476 1826 experitur,
1510 1757 1694 1812 alieno
1725 1765 1868 1812 tem-

219 1840 361 1893 pore
382 1825 594 1899 _cel|am
626 1828 843 1899 exiens,
880 1836 934 1884 et
961 1828 1019 1883 in
1080 1825 1450 1899 caliginosum
1501 1843 1567 1882 ac
1598 1827 1868 1899 tenebro-

218 1911 348 1970 sum
382 1896 572 1970 locum
602 1912 663 1954 se
694 1898 1014 1967 conferens,
1037 1896 1306 1970 stansque
1328 1900 1385 1955 in
1419 1914 1487 1956 eo
1519 1897 1785 1955 manibus
1806 1898 1866 1953 in

218 1968 430 2026 ccelum
490 1968 708 2036 levatis,
765 1977 821 2027 et
874 1970 1041 2039 signo
1098 1968 1287 2027 crucis
1342 1971 1400 2026 in
1450 1986 1510 2025 se
1568 1983 1864 2039 expresso,

219 2039 465 2097 sublatis
491 2040 563 2097 ad
621 2040 803 2097 Deum
855 2041 1060 2107 oculis,
1121 2040 1218 2097 ubi
1279 2040 1512 2112 paulum
1548 2040 1867 2112 humiliavit

218 2112 500 2173 animum.
532 2113 718 2168 statim
747 2112 1066 2169 timiditatis
1121 2111 1343 2169 dtemOn
1404 2113 1474 2168 ah
1506 2126 1572 2169 ea)
1602 2111 1865 2181 aliquan-

217 2192 339 2239 tum
377 2182 608 2241 recedit.
662 2183 736 2240 Eo
772 2193 969 2254 autem
1026 2189 1330 2254 potentior,
1391 2193 1445 2241 et
1473 2182 1866 2254 formidandus

219 2255 319 2310 ille
353 2254 555 2320 hostis,
589 2255 687 2326 qui
720 2252 792 2310 ad
816 2252 1044 2326 avanam‘
1076 2254 1319 2326 gloriam
1363 2253 1647 2315 sollicitat.
1710 2254 1869 2323 cogi-

219 2326 502 2382 tationem
534 2325 703 2382 istam
734 2325 1038 2386 suﬁurans.
1066 2325 1347 2383 dilaniare
1367 2341 1520 2390 eum,
1547 2327 1868 2395 iterumque

219 2396 733 2468 pusillanimitatis.
796 2412 897 2468 seu
950 2395 1272 2454 timiditatis
1344 2396 1588 2454 ἀέξωοηὶ
1644 2396 1870 2468 tradere

219 2467 363 2524 vult.
396 2468 557 2535 Quod
591 2469 690 2525 ubi
720 2467 1003 2540 intelligit,
1038 2468 1619 2540 miratur,Deumque
1649 2467 1869 2540 ferven-

220 2547 307 2597 ter
335 2548 481 2609 orat,
513 2540 592 2597 uti
623 2540 872 2597 animam
904 2538 1067 2597 Suam
1098 2539 1171 2596 ab
1218 2538 1616 2611 hujuscemodi
1649 2538 1869 2610 laqueis

221 2611 435 2668 diaboli
462 2618 706 2669 tueatur.

294 2700 319 2734 ι
359 2681 563 2749 Mult‘s,
620 2691 676 2741 et
731 2691 793 2740 ut
846 2697 951 2754 ego
1010 2680 1241 2753 quidem
1295 2680 1519 2752 opinor,
1572 2679 1870 2745 omnibus,

219 2753 431 2810 horum
462 2754 785 2811 dmmonum
817 2753 1138 2824 conﬂictus,
1184 2754 1556 2824 nequitiaque
1586 2762 1639 2808 et
1661 2755 1770 2824 via,
1804 2765 1872 2808 ac

218 2826 392 2894 ratio,
422 2839 533 2895 qua
567 2834 823 2889 utuntur,
876 2825 948 2881 ad
1003 2823 1438 2895 intelligendum
1487 2823 1733 2879 diﬁlcilis
1763 2829 1869 2895 est.

219 2893 457 2967 Norunt
478 2897 630 2952 enim
653 2896 1138 2967 pusillanimitatis
1160 2893 1478 2953 daemonem
1501 2910 1640 2967 cum,
1659 2893 1871 2967 acediae

218 2965 731 3061 95909139“sz
760 2969 1304 3061 Ἧξδὲδέίῗέἓεέἑί
1324 2965 1871 3061 εξξὲἓὲθηῖῧῖἐὲίῖἷ
1890 3012 1929 3061 c

222 3036 369 3095 lium
422 3038 592 3095 ferre.
652 3040 734 3096 Ac
775 3036 1021 3110 priorem
1054 3038 1282 3108 quidem
1324 3037 1485 3094 illum
1520 3039 1784 3110 timorem
1814 3050 1870 3092 in

220 3112 416 3166 anima
450 3125 580 3167 cum
610 3110 1007 3168 obfirmatione
1038 3111 1274 3179 gignere
1310 3125 1322 3166 :
1386 3109 1758 3179 posteriorem
1786 3116 1874 3164 te-

221 3182 450 3243 nebras,
486 3188 539 3239 et
570 3182 990 3245 remissionem,
1016 3189 1289 3250 praeterea
1313 3182 1619 3237 caecitatem
1644 3182 1869 3250 animae,

225 3262 279 3308 et
306 3252 648 3325 intellectus,
683 3261 737 3311 et
794 3248 1247 3325 desperationem
1308 3252 1694 3325 introducere.
1738 3248 1874 3306 Cer-

228 3324 480 3379 tantihus
509 3333 697 3382 autem
728 3321 920 3382 acedia
956 3323 1230 3393 probatio,
1280 3331 1336 3380 et
1370 3321 1686 3391 exploratio
1716 3336 1872 3391 quae-

229 3394 361 3452 dam
381 3404 476 3467 est
498 3395 990 3467 humilitatemque
1019 3395 1220 3451 iisdem
1252 3394 1520 3450 conciliat

307 3465 470 3538 «Qui
503 3468 561 3523 in
594 3469 853 3525 oratione
897 3464 1250 3538 progressus
1309 3467 1538 3538 habent.
1597 3472 1697 3538 aut
1751 3464 1875 3534 ejus

227 3536 418 3594 studio
451 3539 761 3604 ducuntur,
794 3553 891 3595 eos
913 3535 1131 3595 'acefiiae
1161 3536 1382 3593 daemon
1416 3535 1877 3606 frequentisSIme

228 3607 526 3681 lacessere.
561 3618 617 3667 et
645 3623 976 3681 oppugnare
1006 3609 1315 3681 consuevit:
1347 3607 1487 3665 Nam
1522 3606 1875 3681 reliquorum

226 3678 553 3750 daemonum
585 3678 782 3738 nullus
808 3678 1007 3738 contra
1051 3682 1153 3737 hos
1184 3679 1496 3750 quidquam
1531 3678 1672 3733 Valet
1710 3699 1721 3732 :
1757 3678 1875 3732 sive

226 3749 321 3806 ille
377 3752 525 3809 alius
580 3751 926 3809 oeconomica
1014 3749 1259 3822 quadam
1334 3751 1436 3808 Dei
1497 3752 1739 3819 [‘el‘mlSS
1765 3763 1876 3822 one

228 3829 426 3878 contra
456 3823 610 3893 ipsos
640 3824 787 3881 valet
812 3842 823 3879 :
868 3825 985 3879 sive
1015 3820 1187 3894 (quod
1225 3838 1331 3893 ego
1382 3823 1650 3878 libentius
1680 3820 1874 3894 credo)

227 3907 296 3949 ex
366 3892 767 3966 inaequalitate,
833 3904 887 3951 et
949 3892 1374 3964 perturbatiOne
1429 3892 1873 3966 temperamenti

226 3963 810 4035 corporis—adversum
844 3963 958 4022 nos
978 3967 1125 4022 vires
1183 3966 1377 4022 sumit.
1410 3965 1573 4032 Quod
1604 3963 1754 4029 dico,
1785 3972 1870 4019 est

229 4035 573 4107 hujusmodi.
609 4037 662 4093 Si
712 4037 889 4094 multo
945 4038 1073 4094 cibo
1130 4037 1487 4093 stomachum
1537 4040 1785 4104 gravavi,
1816 4042 1872 4093 et

227 4121 296 4162 ex
327 4109 625 4166 saturitate
677 4112 851 4166 nimia
911 4122 1242 4165 somnosum
1301 4108 1650 4176 consepitus,
1683 4107 1862 4163 domi-

226 4188 357 4235 nata
388 4188 474 4236 est
502 4182 677 4237 menti
705 4195 843 4237 meae
897 4179 1267 4249 vituperanda
1325 4178 1567 4240 aﬁ'ectio,
1602 4192 1655 4233 et.
1686 4181 1867 4234 victus

225 4264 379 4305 sum.
411 4250 630 4308 Deinde
660 4266 881 4317 rursus,
914 4252 959 4306 si
1022 4250 1392 4307 immoderate
1423 4251 1566 4306 cibis
1597 4250 1865 4313 abstinui,

227 4330 475 4378 mentem
506 4337 690 4379 meam
720 4323 792 4380 ob
827 4321 1042 4387 curavi,
1076 4333 1130 4378 et
1188 4337 1329 4392 pene
1352 4322 1574 4378 immoti
1601 4322 1708 4376 Ictu
1742 4320 1871 4375 red-

227 4392 369 4457 didi,
397 4393 720 4464 iterumque
750 4405 938 4463 postea
996 4394 1053 4450 in
1115 4394 1373 4449 eamdem
1402 4393 1757 4449 attentionem
1793 4393 1874 4464 in-

227 4464 359 4518 ridi.
403 4463 694 4522 Interdum
726 4480 795 4522 ex
852 4465 977 4522 caeli
1041 4465 1313 4534 temperie
1340 4466 1533 4520 nescio
1566 4463 1872 4533 quomodo,

228 4544 283 4591 et
308 4535 585 4593 nebulosa
618 4537 873 4595 crassitie
925 4538 1073 4593 venti
1125 4536 1345 4593 humidi
1379 4537 1503 4593 talia
1535 4534 1878 4592 certantibus

226 4608 521 4663 eveniunt.

303 4696 329 4729 ‹
366 4679 574 4734 Acedia
639 4678 841 4737 mentis
887 4689 942 4736 et
991 4680 1197 4738 animae
1228 4693 1382 4736 mors
1440 4686 1567 4735 est;
1627 4691 1799 4747 quam
1830 4677 1877 4734 si

228 4746 377 4805 Divus
406 4750 761 4819 permisisset
792 4755 846 4808 in
880 4766 984 4806 nos
1035 4752 1303 4823 grassari,
1359 4746 1877 4821 quantmnpotest,

226 4833 399 4893 nemo
455 4836 713 4893 unquam
794 4824 1091 4891 spirituaie
1162 4834 1449 4880 certamen
1536 4823 1877 4893 certantium

228 4891 472 4949 salutem
506 4891 706 4950 fuisset
735 4905 1095 4951 consecutus.
1156 4895 1423 4953 Mumeris
1479 4900 1669 4948 autem
1702 4892 1879 4947 nostri

228 4972 337 5031 est,
371 4978 474 5033 pro
504 4965 653 5021 virili
687 4975 845 5035 parte
876 4967 1059 5023 eidem
1117 4967 1402 5030 resistere,
1450 4964 1567 5023 Dm,
1605 4978 1756 5027 vero,
1792 4978 1883 5019 ar-

229 5048 370 5091 eana
403 5036 650 5106 quadam
685 5039 905 5095 ratione
936 5052 1039 5093 nos
1091 5040 1361 5102 excitare,
1387 5037 1688 5104 palamque
1713 5038 1881 5091 victo-

228 5120 319 5162 res
378 5117 667 5177 praestare.
720 5106 815 5165 Est
871 5123 1041 5179 porro
1097 5108 1476 5178 impossibile,
1534 5121 1879 5177 queinquam

230 5188 520 5260 mortuum
554 5179 720 5235 vitale
753 5179 944 5260 lumen
1006 5185 1259 5260 recipere
1294 5183 1442 5260 _sine
1471 5179 1589 5250 t'jtts
1623 5194 1749 5247 ope,
1784 5179 1880 5248 qui

226 5252 661 5318 semetipsum;
696 5252 938 5307 mortuis
965 5254 1351 5309 resuscitavit.
1720 5276 1727 5281 λ

231 5390 244 5402 υ
305 5341 328 5372 ε
364 5322 421 5379 Si
454 5324 610 5402 lurto.
634 5323 904 5391 quodam,
954 5338 1209 5402 soumper
1262 5323 1883 5402 subrepticnem'mens

228 5394 286 5466 in
318 5395 731 5465 arrogantiam,
789 5403 842 5450 et
888 5394 1250 5466 magnificam
1307 5395 1377 5449 do
1432 5409 1494 5449 se
1551 5394 1881 5466 capionem

227 5464 546 5529 devenerit,
602 5475 659 5522 et
712 5466 766 5522 in
796 5482 857 5521 ea
916 5464 1145 5537 longius
1204 5466 1569 5537 processerit,
1623 5472 1686 5520 ut
1732 5465 1881 5520 sein

228 5537 542 5609 certamine
598 5537 884 5608 spirituali
935 5537 1152 5609 aliquid
1211 5553 1338 5594 esse
1395 5539 1700 5596 existimet.
1760 5544 1881 5592 tum

226 5608 435 5677 gratia,
468 5623 594 5735 Eua:
662 5610 846 5679 ipsam
905 5608 1287 5671 illuminabat,
1352 5623 1459 5664 nec
1515 5611 1879 5673 cernebatur,

226 5680 427 5735 avolat.
509 5689 687 5735 tcum
718 5694 844 5735 eam
895 5681 1044 5735 brevi
1103 5681 1333 5735 inanem
1394 5679 1731 5735 deseruerit.
1766 5687 1879 5735 sta-

225 5680 427 5736 avotat.
468 5679 687 5737 Etcum
718 5694 844 5736 eam
895 5681 1044 5738 brevi
1103 5681 1333 5737 inanem
1394 5679 1731 5741 deseruerit,
1766 5687 1884 5736 sta-

227 5751 333 5832 tim
367 5751 422 5807 in
453 5761 651 5832 aperto
716 5759 801 5832 est
823 5752 1007 5832 __ejus_
1034 5752 1422 5817 imbecillius,
1450 5750 1886 5832 incursantibus

228 5821 389 5879 illam
418 5821 950 5897 perturbationibus
991 5824 1174 5883 instar
1229 5837 1441 5883 canum
1490 5824 1792 5892 atrocium,
1820 5837 1885 5880 ac

1951 1755 2268 1812 exaudiens
2298 1756 2487 1826 ipsum
2547 1752 2590 1826 e
2633 1755 2919 1824 profundo
2976 1752 3336 1826 ignorantiae,
3377 1758 3432 1807 et
3460 1752 3606 1826 ami—

1950 1826 2081 1883 citia
2114 1826 2286 1898 hujus
2323 1821 2526 1882 mundi
2556 1821 2780 1898 liberat,
2841 1821 3326 1898 quemadmodum
3358 1822 3609 1898 prephe-

1947 1906 2064 1954 tam
2096 1893 2260 1954 illum
2290 1913 2321 1954 a
2355 1907 2503 1961 ceto,
2528 1907 2589 1954 ut
2622 1896 2694 1953 ad
2714 1897 2836 1954 haec
2859 1893 2976 1953 non
3002 1893 3349 1951 revolvatur.
3383 1893 3609 1951 Liberat

1949 1968 2095 2026 sicut
2123 1968 2418 2026 Danielem
2451 1984 2481 2025 a
2531 1969 2656 2025 lacu
2710 1968 2992 2026 malarum
3023 1964 3433 2036 cogitationum
3465 1978 3610 2021 con-

1948 2040 2334 2109 cupiscentiae,
2401 2040 2770 2109 rapientium,
2823 2050 2877 2096 et
2934 2036 3333 2109 devorantium
3386 2036 3610 2109 animas

1947 2108 2269 2168 hominum.
2304 2110 2390 2168 Ab
2422 2108 2585 2167 antea
2618 2111 2907 2180 conceptis
2934 2108 3328 2180 opinionibus,
3366 2108 3608 2180 vitioso-

1947 2196 2076 2239 rum
2110 2181 2416 2239 aﬁ‘ectuum
2448 2181 2653 2251 plenis,
2688 2178 2848 2238 illius
2881 2178 3056 2251 ignis,
3106 2179 3205 2249 qui
3238 2178 3534 2251 comburit
3557 2192 3589 2237 e

1946 2254 2312 2325 vastatejus
2357 2250 2628 2318 animam,
2690 2262 2862 2324 atque
2914 2250 2985 2307 ad
3045 2252 3315 2325 actiones
3357 2250 3613 2325 nefarias

1947 2320 2238 2395 compellit
2267 2334 2320 2382 et
2350 2325 2543 2388 trahit,
2606 2320 3037 2380 incombustum
3097 2320 3363 2395 custodit,
3401 2329 3455 2378 et
3482 2321 3613 2395 Spi-

1948 2397 2064 2453 ritu
2081 2390 2291 2454 sancto
2322 2395 2580 2452 irrorans
2608 2395 2732 2467 ejus
2767 2395 3042 2456 animam,
3079 2400 3139 2450 ut
3167 2390 3453 2467 lsraelitas
3480 2390 3610 2449 illos

1953 2482 2181 2538 pueros,
2211 2476 2267 2525 et
2320 2483 2378 2538 ab
2409 2464 2652 2523 terrena'
2689 2466 2797 2522 hac
2830 2466 3146 2538 gravique,
3206 2470 3266 2520 et
3294 2464 3547 2538 motibus
3580 2479 3611 2519 a

1950 2536 2172 2595 ratione
2202 2537 2416 2596 aversis
2448 2538 2762 2608 plurimum
2791 2537 3038 2594 obnoxia
3063 2536 3605 2608 carneneutiquam

1952 2609 2336 2681 humiliatam,
2369 2605 2576 2681 etsine
2606 2612 2770 2681 iapsu
2801 2622 3176 2681 conservans,
3209 2605 3393 2681 ﬁlium
3434 2605 3610 2681 locis,

1954 2690 2008 2737 et
2057 2680 2166 2737 diei
2200 2677 2390 2751 ipsum
2424 2680 2576 2747 facit,
2608 2677 2827 2739 et'binc
2853 2680 2973 2752 jam
3005 2688 3233 2750 gustum
3267 2677 3609 2735 immortali-

1954 2751 2085 2810 tatis
2116 2752 2167 2808 ei
2200 2753 2435 2822 praebat.

2035 2844 2057 2874 ι
2091 2821 2295 2880 Anima
2327 2823 2410 2879 sic
2439 2822 2704 2880 habitans
2732 2824 2792 2880 in
2841 2824 2950 2880 isto
3000 2821 3222 2894 abjecto
3252 2833 3516 2894 corpore.
3547 2827 3611 2878 ut

1956 2909 2024 2951 eo
2048 2903 2242 2952 utatur
2272 2894 2645 2956 familiariter,
2697 2902 2749 2950 et
2804 2892 3123 2965 voluptates
3154 2892 3278 2962 ejus
3310 2892 3605 2965 aﬁectans,

1957 2966 2283 3037 gloriaequae
2313 2968 2579 3023 humanae
2609 2966 2795 3023 dedita
2821 2988 2833 3022 :
2870 2961 2969 3023 aut
2991 2961 3196 3022 horum
3216 2961 3453 3037 quidem
3476 2965 3614 3037 nul-

1957 3035 2066 3094 lam
2100 3035 2379 3094 rationem
2412 3036 2648 3103 ducens,
2699 3037 2846 3094 lucis
2898 3045 3110 3095 autem.
3146 3050 3247 3092 seu
3280 3037 3407 3091 vitae
3437 3035 3616 3108 hujus

1952 3108 2372 3179 jucunditatem
2402 3108 2676 3173 sentiens,
2699 3109 2772 3166 ad
2793 3124 3023 3166 omnem
3052 3111 3345 3179 virtutem,
3370 3115 3424 3162 et
3447 3122 3615 3164 man-

1956 3177 2149 3236 ditum
2184 3179 2281 3235 Dei
2314 3188 2502 3249 torpet
2543 3179 2730 3248 plane,
2795 3181 3147 3250 minimeque
3205 3177 3415 3234 alacris
3438 3187 3547 3250 est,
3579 3195 3609 3237 a

1958 3252 2123 3323 malis
2151 3250 2270 3322 jam
2318 3250 2484 3307 dictis
2514 3252 2675 3323 quasi
2706 3258 2876 3307 arctis
2925 3249 3156 3323 gravata
3214 3249 3608 3323 compedibus.

1957 3321 2097 3378 Cum
2124 3319 2314 3379 autem
2347 3319 2584 3378 excitata
2621 3319 3305 3393 laboribus'aﬁlictionis,
3339 3319 3611 3393 etlacry-

1958 3395 2067 3449 mis
2099 3394 2469 3462 poenitentiae,
2503 3392 2727 3463 pondus
2770 3395 2962 3450 carnis
2993 3409 3022 3448 a
3082 3408 3144 3449 se
3191 3392 3459 3463 excussit,
3495 3392 3612 3449 sal-

1958 3461 2220 3535 suginem
2244 3465 2455 3521 terreni
2489 3461 2694 3520 sensus
2724 3463 2951 3522 ﬂetibus
2975 3463 3197 3535 magnis
3228 3461 3386 3527 eluit,
3418 3463 3611 3519 humi-

1960 3536 2291 3607 litatemque
2344 3549 2540 3592 rerum
2602 3550 2729 3607 quae
2787 3536 3071 3600 videntur,
3132 3535 3504 3607 transcendit,
3557 3544 3613 3593 et

1961 3622 2105 3690 puro
2122 3604 2356 3690 lumine
2382 3604 2687 3675 fruiturjet
2708 3624 2736 3688 a
2761 3607 3152 3690 dominatione
3185 3604 3609 3690 tyrannicarum

1959 3676 2134 3734 animi
2165 3679 2495 3749 passionum
2552 3679 2728 3735 asseri
2787 3680 3017 3744 meruit,
3078 3692 3208 3734 mox
3241 3685 3295 3732 et
3323 3676 3445 3746 ipsa
3478 3691 3610 3735 cum

1956 3749 2235 3820 Propheta
2271 3750 2603 3807 exclamat:
2667 3770 2691 3803 ι
2749 3749 3090 3807 Conscidisti
3147 3763 3388 3820 saccum
3418 3762 3611 3805 meum

1960 3829 2015 3879 et
2043 3819 2467 3879 circumdedisti
2520 3836 2610 3877 me
2667 3821 2869 3885 laetitia.
2937 3831 2997 3878 ut
3055 3827 3240 3892 cantet
3293 3819 3396 3876 tibi
3427 3820 3613 3892 gloria

1958 3908 2103 3957 mea,
2140 3903 2194 3950 et
2225 3909 2337 3950 non
2373 3907 2730 3965 compungar
2762 3893 2938 3963 (Paul.
2969 3905 3130 3965 xm,
3167 3890 3271 3961 1‘2).
3312 3961 3322 3965 _
3438 3890 3451 3892 '
3486 3896 3517 3965 ρ

2037 3984 2061 4017 α
2093 3966 2232 4022 Tres
2270 3966 2423 4022 locos
2480 3961 2656 4023 sacra'
2700 3961 2985 4035 scriptura
3035 3963 3271 4035 indit-at,
3309 3961 3367 4017 in
3401 3961 3614 4035 quibus

1952 4050 2115 4093 mens
2146 4036 2390 4093 libenter
2438 4037 2698 4094 habitare
2749 4034 3067 4094 consuevit.
3124 4034 3239 4106 Ego
3298 4048 3434 4092 vero
3464 4034 3611 4092 duos

1953 4110 2142 4177 potius
2180 4123 2306 4165 esse
2336 4109 2447 4173 aio,
2481 4122 2599 4165 non
2651 4118 2711 4166 ut
2761 4109 2996 4165 doceam
3046 4107 3357 4177 Seripturze
3386 4114 3611 4163 contra-

1956 4180 2058 4250 ria.
2092 4180 2247 4250 quod
2275 4179 2424 4236 absit
2456 4179 2468 4235 l
2522 4181 2623 4236 sed
2680 4181 2930 4238 medium
2991 4180 3138 4234 inter
3172 4179 3612 4250 principiumaet

1955 4248 2129 4307 ﬁnem
2164 4252 2315 4307 haud
2346 4265 2677 4308 numerans.
2712 4250 2974 4323 Exempli
3006 4265 3197 4323 causa,
3231 4248 3329 4320 qui
3362 4264 3429 4305 ex
3464 4248 3611 4323 urbe

1958 4324 2015 4377 in
2049 4324 2274 4390 urbem,
2305 4332 2360 4378 et
2391 4338 2420 4378 e
2451 4324 2686 4394 regione
2716 4323 2774 4379 in
2826 4321 2997 4378 altam
3031 4322 3322 4391 regionem
3354 4321 3610 4394 transiit,

1957 4407 2079 4477 non
2107 4396 2277 4451 etiam
2306 4397 2413 4451 iter
2436 4392 2629 4477 ipfum
2662 4410 2776 4466 quo
2809 4394 3097 4477 profectus
3140 4392 3612 4477 est,‘urb-_-m‘attt

1898 4461 2611 4550 Dregio.nem_appel'l;abit,
2643 4461 2905 4547 quamvis
2935 4466 2994 4521 in
3038 4480 3118 4550 eo
3152 4462 3324 4550 multa
3347 4472 3413 4550 et
3436 4461 3613 4550 admi-

1963 4538 2164 4594 rabilia
2194 4534 2413 4611 viderit.
2446 4534 2678 4611 Etenim
2726 4538 2821 4611 qui
2886 4550 2960 4593 ex
3015 4538 3258 4607 Egypto
3308 4534 3367 4590 in
3400 4543 3609 4611 terram

1965 4609 2360 4677 promissionis
2394 4607 2677 4680 migravit,
2728 4607 2782 4666 et
2813 4610 2867 4664 in
2903 4624 2966 4664 ea
3015 4616 3207 4664 sedem
3234 4607 3464 4680 posuit,
3496 4620 3614 4663 om-

1961 4681 2123 4736 nium
2153 4680 2381 4751 quidem
2417 4678 2527 4736 reci
2553 4680 2771 4747 rdatur,
2812 4694 2950 4751 quae
3002 4680 3059 4735 in
3121 4678 3310 4734 modio
3342 4691 3616 4751 occurre-

1961 4762 2115 4812 runt,
2150 4749 2327 4822 eaque
2358 4760 2555 4808 narrat
2586 4749 2855 4808 omnibus
2890 4767 2902 4807 :
2963 4766 3078 4808 non
3125 4758 3313 4822 tamen
3339 4765 3375 4822 aa
3426 4749 3610 4820 prima

1963 4823 2033 4878 ad
2061 4821 2393 4887 secundam,
2428 4831 2483 4879 et
2513 4838 2544 4880 a
2601 4824 2850 4880 secunda
2898 4823 2960 4879 in
3008 4821 3234 4880 tertiam
3264 4821 3489 4886 urbem,
3521 4829 3621 4877 aut

1966 4896 2259 4964 regionem
2291 4909 2351 4949 se
2383 4895 2710 4952 ambulasse
2738 4895 2873 4951 dicit
2907 4910 2921 4950 :
2977 4898 3077 4950 sed
3108 4892 3397 4964 quomodo
3426 4908 3457 4949 a
3487 4906 3616 4964 ser-

1968 4963 2142 5022 vitute
2173 4966 2242 5022 ad
2276 4965 2618 5032 libertatem,
2650 4982 2680 5021 a
2713 4967 2966 5024 tenebris
3014 4965 3087 5024 ad
3117 4963 3324 5030 lucem,
3356 4981 3387 5021 a
3414 4963 3621 5021 condi-

1965 5038 2116 5108 tione
2150 5037 2349 5107 captivi
2381 5037 2452 5094 ad
2509 5038 2751 5108 patriam
2786 5054 2798 5095 :
2858 5039 2941 5094 sic
2997 5038 3167 5096 etiam
3198 5037 3269 5095 ab
3301 5034 3618 5108 aﬁectionij

1968 5107 2073 5165 bus
2103 5108 2173 5166 ad
2204 5106 2398 5166 earum
2434 5106 2799 5175 vacuitatem,
2858 5109 2924 5165 ab
2982 5122 3180 5166 earum
3239 5110 3513 5165 servitute
3543 5106 3615 5163 ad

1967 5178 2287 5237 libertatem
2341 5182 2578 5252 spiritus
2614 5204 2625 5237 :
2682 5190 2737 5240 et
2763 5182 2835 5240 ab
2863 5181 3190 5252 anticipatis
3219 5189 3413 5237 contra
3446 5188 3618 5237 natu-

1966 5266 2091 5308 ram
2121 5250 2721 5325 animiopinionibus
2779 5256 2974 5325 (quam
3033 5250 3189 5309 velut
3234 5253 3621 5322 captivitatem

1967 5324 2283 5396 spiritualis
2315 5323 2408 5381 lex
2438 5326 2718 5395 nominat)
2747 5323 3094 5384 adﬁreditum
3111 5337 3285 5396 supra
3314 5330 3616 5381 naturam:

1967 5413 1997 5451 ει
2029 5399 2155 5452 vitae
2186 5394 2358 5467 hujus
2389 5397 2612 5467 pelago,
2644 5394 2703 5455 et
2750 5396 3021 5455 ﬂuctibus
3078 5398 3150 5454 ad
3188 5394 3417 5452 “statum
3461 5402 3623 5451 tran-

1967 5466 2273 5541 quil‘litatis’
2293 5466 2490 5525 eorum
2523 5470 2735 5541 quibus
2763 5484 2891 5526 cum
2954 5468 3169 5526 mundo
3224 5467 3490 5541 nihilost
3517 5480 3621 5541 ne-

1966 5537 2104 5608 gotii
2143 5560 2153 5593 :
2214 5540 2286 5596 ab
2320 5537 2701 5598 amaritudine
2731 5541 3186 5600 sollicitudinum
3219 5548 3273 5597 et
3304 5537 3623 5598 tribulatio-

1965 5624 2105 5666 num
2137 5620 2371 5682 propter
2418 5627 2511 5671 res
2568 5615 2813 5671 caducas
2870 5613 2942 5671 ad
2997 5611 3346 5683 ineffabilem
3382 5612 3626 5670 suavita-

1966 5689 2099 5746 tem.
2135 5689 2198 5764 et
2209 5685 2408 5764 .otium
2440 5700 2482 5764 a_
2502 5685 2668 5764 euris
2690 5699 2883 5764 rerum
2914 5695 3279 5764 terrenarum
3301 5685 3582 5764 universe
3605 5698 3620 5740 :

1965 5752 2338 5828 a_cupiditate
2367 5755 2693 5828 multiplici,
2726 5766 2782 5816 et
2812 5757 3202 5821 distractione,
3262 5762 3317 5814 et
3373 5754 3623 5815 tumultu

1967 5826 2041 5884 ad
2092 5837 2276 5884 unum
2332 5826 2555 5895 solum;
2609 5835 2666 5887 et
2720 5828 3108 5888 univorsalem
3162 5828 3624 5889 convenientiam
