4120 6376
1756 314 2141 387 SYMEONIS
2179 316 2532 382 JUNIORIS
3725 316 3846 381 628

456 325 574 390 627

456 458 661 522 multis
683 463 919 540 praeest,
945 456 1148 537 etipse
1172 454 1468 526 minister,
1494 469 1639 515 cura
1653 469 1861 514 vacare
1887 450 2103 514 debet:

2195 473 2304 527 νος,
2337 452 2426 507 καὶ
2455 450 2612 515 αὗτὸς
2669 452 2699 507 ὁ
2753 448 3034 525 διακονῶν,
3092 449 3377 531 ἆμὲριμνος
3423 450 3615 531 ὀφείδει
3673 453 3846 527 εἶναι,

454 548 570 610 hoc
602 538 712 624 est,
744 547 823 608 ab
849 545 1128 608 omnibus
1154 543 1285 606 vitm
1316 541 1571 621 negotiis
1599 541 1750 603 citra
1778 540 2100 602 dubitatio-

2195 538 2353 619 ἤγουν
2386 539 2650 620 ἐλεύθερος
2713 539 2819 597 ἀπὸ
2860 540 3073 597 πάντων
3126 545 3233 598 τῶν
3288 542 3553 599 ϐιωτικῶν
3584 542 3845 622 πραγμά-

455 655 595 699 nem
627 635 803 712 liber,
837 642 896 698 et
925 632 1239 715 expeditus
1260 650 1416 694 esse.
1438 630 1585 691 Nam
1611 629 1661 691 si
1689 627 2103 692 sollicitudini-

2195 651 2293 685 των
2367 626 2768 710 ἀναμφιϐόλως.
2848 630 2908 686 Et
2963 629 3063 709 γὰρ
3121 635 3486 709 μεριμνῶμεν,
3544 629 3846 710 παραϐάται

455 726 568 789 bus
584 724 895 805 agitamur,
913 714 1393 804 praevaricatores
1413 718 1923 781 invenimurillius
1943 736 2102 779 man-

2195 723 2282 786 τῆς
2338 726 2431 777 τοῦ
2491 724 2623 775 Θεοῦ
2678 716 2897 785 ἐντολῆς
2954 719 3324 798 εὑρισκόμεθα,
3383 725 3482 788 τῆς
3554 718 3843 799 λεγούσης,

457 811 1122 877 ἀειίεαΝθεοηίοἰιίεἰῑίε
1150 810 1366 871 animae
1381 807 1748 889 vestraequid
1772 808 2101 869 manduce-

2195 829 2215 861 κ
2276 807 2365 875 Μὴ
2413 808 2777 888 μεριμνήσητε
2831 812 2901 883 τῇ
2943 811 3099 887 ψυχῇ
3141 809 3288 883 ὑμῶν
3339 808 3389 865 τί
3445 808 3676 890 φάγητε,
3722 808 3761 877 ἢ
3789 809 3846 865 τί

457 903 557 985 tis,
580 909 681 965 aut
708 901 848 983 quid
868 900 1110 975 bibatis;
1134 917 1329 979 neque
1364 898 1601 979 corpori
1621 905 1817 959 vestro
1837 896 1980 985 quid
2001 896 2099 985 in-

2195 895 2363 985 ιτίητε,
2422 896 2459 965 ἢ
2517 896 2568 952 τί
2623 894 2903 985 ἐνδύσησθε
2942 914 2955 928 ·
3019 903 3183 985 ταῦτα
3226 896 3326 976 γὰρ
3369 897 3543 958 πάντα
3597 898 3663 955 τὰ
3714 896 3842 965 ’έθνη

458 982 754 1055 ἀυὲιιηίιιίξ
770 990 898 1052 haec
911 990 1068 1051 enim
1082 988 1283 1050 omnia
1301 996 1509 1067 gentes
1527 984 2103 1067 inquirunt‘3.Etite-

2195 983 2430 1056 ἐπιζητεῖ
2462 1000 2476 1015 ⁸
2515 1007 2546 1041 ι
2578 986 2667 1042 καὶ
2709 982 2870 1040 πάλιν
2902 1001 2915 1016 ⁸
2958 1006 2986 1039 α
3016 983 3247 1041 Βλέπετε
3280 986 3491 1060 μήποτε
3521 987 3846 1065 βαρυνθῶσιν

456 1099 613 1143 rum:
628 1079 895 1156 «Cavete,
911 1076 1225 1158 nequando
1247 1084 1563 1155 graventur
1575 1075 1757 1137 corda
1772 1080 1961 1136 vestra
1980 1092 2104 1136 cra-

456 1167 1077 1250 pula,etebrietate,ac
1090 1162 2097 1244 sollicitudinihushujusszeculi".n

539 1257 636 1319 54.
670 1255 859 1328 Quem
889 1273 988 1317 res
1016 1254 1147 1316 vita;
1190 1254 1364 1334 hujus
1412 1253 1729 1316 sollicitum
1769 1252 2013 1326 habent,
2046 1258 2107 1313 et

456 1353 698 1425 angunt,
732 1363 852 1406 non
883 1350 972 1405 est
1000 1342 1173 1406 liber.
1202 1342 1450 1423 Propter
1480 1342 1693 1403 harum
1726 1341 1947 1422 quippe
1976 1341 2101 1403 sol—

454 1433 855 1510 licitudinem,
910 1440 971 1495 et
1010 1450 1216 1495 curam
1277 1431 1510 1493 anxiam
1554 1449 1686 1492 sese
1735 1428 2013 1506 demittit,
2047 1437 2107 1490 et

456 1522 757 1585 servitutis
799 1522 945 1601 jugo
995 1520 1311 1593 submittit,
1363 1520 1486 1581 sive
1540 1538 1666 1594 sua,
1703 1519 1826 1580 sive
1852 1518 2102 1581 aliorum

457 1630 636 1674 causa
664 1609 957 1672 sollicitus
987 1609 1083 1671 sit.
1109 1608 1160 1671 A
1188 1609 1403 1689 quibus
1433 1607 1607 1690 liber,
1643 1626 1751 1669 nec
1781 1607 1856 1669 de
1885 1626 1974 1679 se,
1993 1625 2105 1669 nec

2186 1076 2237 1130 αἱ
2261 1072 2465 1154 καρδίαι
2508 1075 2663 1150 ἡμῶν
2693 1073 2753 1131 ἐκ
2796 1071 3093 1153 κραιπάλῃ,
3124 1075 3213 1131 καὶ
3244 1073 3402 1155 μέθῃ,
3435 1077 3524 1132 καὶ
3566 1078 3846 1156 μερίμναις

2185 1164 2493 1240 βιωτικαῖς.
2529 1186 2558 1219 ι

2266 1251 2323 1307 νδ
2334 1241 2364 1310 ’.
2404 1242 2460 1309 εΟ
2504 1252 2558 1310 ἐν
2601 1266 2719 1317 τοϊς
2767 1253 3044 1329 βιωτικοῖς
3103 1251 3378 1331 πράγμασι
3433 1254 3523 1309 τὸν
3581 1252 3843 1333 λογισμὸν

2185 1340 2332 1422 ἔχων
2364 1347 2725 1419 μεριμνῶντα,
2757 1340 2852 1398 οὐκ
2882 1339 3022 1397 ’ἐστιν
3066 1338 3333 1420 ἐλεύθερος
3369 1359 3384 1375 ⁶
3445 1343 3547 1397 ὑπὸ
3601 1343 3701 1422 γὰρ
3742 1348 3843 1409 τῆς

2186 1431 2384 1487 τούτων
2444 1431 2703 1511 μερίμνης
2746 1429 3038 1509 κατέχεται
3097 1430 3187 1486 καὶ
3242 1427 3541 1504 δουλοῦται,
3588 1430 3685 1487 κᾶν
3715 1432 3850 1511 ὑπὲρ

2187 1519 2374 1575 ἑαυτοῦ
2432 1526 2661 1598 μεριμνᾷ
2700 1526 2888 1594 ταῦτα,
2953 1517 3051 1575 κᾶν
3107 1515 3176 1574 δι’
3235 1519 3467 1599 ἐτέρους.
3529 1512 3586 1579 Ὀ
3647 1519 3702 1577 δὲ
3743 1523 3852 1577 ὑπὸ

2185 1608 2387 1664 τούτων
2430 1606 2719 1689 ἐλεύθερος,
2781 1608 2897 1664 οὔτε
2939 1605 3006 1663 δι’
3058 1607 3266 1683 ἑαυτὸν,
3334 1607 3453 1666 οὔτε
3509 1607 3577 1666 δι’
3637 1608 3855 1689 ἐτέρους

458 1700 536 1763 de
564 1699 696 1761 aliis
719 1697 935 1779 (quoad
964 1697 1146 1761 vitam
1177 1699 1334 1759 hanc
1365 1696 1598 1776 attinet)
1649 1696 1938 1785 sollicitus
1968 1696 2100 1772 erit,

2195 1697 2501 1775 μεριμνήσει
2544 1698 2836 1777 βιωτικῶς,
2894 1694 2992 1753 κᾶν
3050 1694 3360 1771 ἐπίσκοπος,
3420 1696 3519 1755 κᾶν
3571 1696 3848 1771 διάκονος,

459 1807 566 1851 seu
598 1789 933 1868 episcopus,
971 1804 1080 1850 seu
1110 1786 1481 1866 praepositus,
1517 1803 1625 1848 seu
1656 1784 1942 1847 diaconus
1971 1785 2103 1847 fue-

2195 1784 2289 1843 κέὶν
2317 1786 2610 1864 ἡγούμενος
2642 1787 2785 1843 εἶναι
2831 1786 2976 1866 τύχῃ
3011 1804 3026 1819 ⁸
3072 1782 3193 1842 ἀλλ’
3248 1784 3364 1843 οὐδὲ
3420 1788 3642 1867 ἀργήσει
3689 1788 3846 1865 ποτὲ,

457 1878 560 1939 rit.
610 1876 730 1941 Sed
776 1894 977 1957 neque
1030 1874 1341 1937 feriabitur
1386 1873 1742 1954 aliquando;
1785 1882 1886 1935 aut
1928 1873 2103 1956 quid-

2195 1875 2226 1944 ’ή
2269 1898 2319 1932 τι
2334 1898 2411 1942 θος
2467 1879 2855 1958 καταφρονήσει
2911 1881 3017 1935 τῶν
3075 1875 3462 1935 εὐτελεστάτων
3516 1881 3605 1936 καὶ
3660 1900 3850 1953 μικρο-

459 1984 662 2048 quam,
710 1964 885 2027 etiam
934 1964 1343 2038 minimorum,
1376 1962 1917 2044 vilissimorumque
1963 1982 2103 2025 con-

2195 1966 2361 2023 τάτων
2395 1982 2409 1996 ’
2477 1967 2770 2047 θεαρέστως
2821 1964 2876 2021 δὲ
2947 1964 3156 2022 ἅπαντα
3216 1973 3384 2024 ποιῶν
3439 1969 3528 2025 καὶ
3568 1966 3841 2047 πράττων,

459 2062 708 2117 temnet.
735 2053 844 2115 Dei
874 2061 1070 2115 autem
1101 2052 1474 2133 beneplacito
1504 2070 1713 2113 omnes
1742 2051 2030 2124 actiones,
2052 2057 2112 2113 et

458 2162 639 2224 opera
681 2163 787 2205 sua
838 2143 1113 2218 metiens,
1165 2142 1228 2203 in
1280 2142 1444 2204 omni
1490 2160 1579 2218 re,
1616 2149 1675 2203 et
1707 2145 1765 2203 in
1801 2141 1966 2203 omni
1997 2141 2112 2203 vita

458 2232 865 2295 sollicitudine
895 2229 1118 2293 carebit
1142 2231 1255 2311 (4).

543 2324 642 2386 55.
691 2324 844 2382 Dum
895 2320 1148 2402 proximi
1210 2320 1430 2382 bonum
1493 2318 1793 2382 aediﬁcare
1851 2321 2103 2400 cogitas,

461 2429 600 2474 cave
652 2429 729 2473 ne
786 2417 946 2471 tuam
1004 2409 1206 2485 diruas
1240 2459 1254 2473 .
1328 2408 1630 2490 Perpinde
1705 2410 1867 2472 enim
1927 2428 2106 2492 qttam

458 2500 821 2564 laboriosum
856 2518 924 2561 ac
953 2498 1197 2560 difﬁcile
1228 2517 1376 2580 opus
1404 2498 1503 2573 sit,
1538 2500 1854 2579 nequando
1910 2500 2023 2561 hoc
2053 2508 2109 2560 te

456 2589 764 2669 moliente,
800 2607 869 2650 ac
898 2587 1289 2649 deliberatum
1324 2587 1603 2662 habente,
1640 2596 1698 2649 et
1745 2596 1903 2649 tuam
1940 2588 2105 2669 deji-

456 2679 602 2759 cias,
640 2687 700 2739 et
728 2678 891 2740 illius
922 2676 1269 2757 neutiquam
1308 2676 1641 2738 instaurare
1673 2696 1881 2757 queas.

541 2768 639 2831 56.
671 2766 796 2828 Nisi
826 2767 908 2827 ita
938 2773 1313 2845 comparatus
1365 2765 1468 2839 sis,
1520 2773 1585 2827 ut
1623 2765 1899 2845 negotiis,
1937 2774 1994 2828 et
2021 2766 2107 2828 fa-

2192 2054 2480 2134 ἆμέριμνος
2509 2056 2563 2113 ἐν
2588 2062 2717 2113 πᾶσι
2749 2052 3060 2130 διατελέσει,
3093 2054 3181 2111 καὶ
3211 2053 3265 2110 ἐν
3309 2063 3385 2131 τῷ
3413 2058 3511 2134 βίῳ
3537 2078 3718 2120 παντι,

2274 2311 2372 2382 νε”.
2406 2321 2494 2389 Μὴ
2522 2320 2823 2399 καταλύσῃς
2853 2343 2946 2379 σου
2973 2323 3070 2391 τὴν
3130 2323 3322 2397 οἰκίαν,
3376 2322 3431 2378 ἐν
3459 2329 3537 2398 τῷ
3566 2321 3854 2400 βούλεσθαί

2192 2431 2249 2465 σε
2278 2409 2378 2476 τὴν
2419 2418 2513 2469 τοῦ
2552 2408 2777 2477 πλησίον
2808 2408 3154 2487 οἰκοδομῆσαι
3188 2427 3202 2441 ⁶
3238 2410 3332 2491 ὅρα
3361 2412 3461 2491 γὰρ
3490 2412 3563 2474 ὡς
3595 2408 3845 2491 χαλεπὸν

2190 2498 2252 2553 τὸ
2296 2496 2444 2577 ἔργον
2474 2499 2561 2555 καὶ
2614 2496 2867 2555 δύσκολον
2904 2517 2915 2529 ·
2972 2500 3183 2575 μήποτε
3236 2500 3652 2580 προαιρούμενος
3710 2505 3844 2555 τοῦ-

2190 2608 2276 2655 το,
2320 2588 2408 2643 καὶ
2436 2586 2534 2653 τ“.ν
2589 2587 2691 2655 σὴν
2745 2590 3097 2667 καθαιρήσῃς,
3161 2590 3249 2645 καὶ
3297 2587 3710 2665 ἀνοικοδομῆσαι
3741 2588 3846 2656 τὴν

2192 2675 2389 2731 ἐκείνου
2417 2675 2647 2755 ίσχύσῃς
2678 2673 2907 2741 ούδόλως
2919 2720 2933 2736 .

2274 2754 2406 2847 νς’,
2439 2754 2565 2822 Ἐὰν
2595 2765 2672 2841 μὴ
2724 2764 2926 2823 τελείαν
2983 2767 3372 2848 ἆπροσπάθειαν
3430 2768 3536 2825 τῶν
3578 2768 3840 2847 πραγμά-

460 2855 776 2919 cultatibus
822 2873 1025 2917 rerum
1069 2854 1218 2915 nihil
1269 2872 1566 2934 moveare,
1601 2873 1677 2916 ne
1707 2854 1814 2916 tibi
1844 2854 2103 2918 admini-

2195 2854 2296 2911 των
2324 2856 2411 2911 καὶ
2441 2859 2545 2911 τῶν
2577 2855 2875 2935 χρημάτων
2918 2858 3096 2933 κτήσῃ
3151 2868 3243 2917 τοῦ
3289 2858 3426 2935 βίον),
3474 2858 3552 2933 μὴ
3610 2854 3848 2932 θελήσῃς

459 2945 813 3007 strationem
843 2942 1136 3005 committi
1165 2942 1349 3018 velis;
1379 2961 1456 3004 ne
1477 2942 1537 3002 in
1570 2942 1663 3004 his
1693 2951 1919 3022 captus,
1957 2963 2103 3024 pro-

2195 2945 2493 3020 οἰκονομίαν
2525 2943 2922 3026 ἐγχειρισθῆναι
2954 2950 3303 3027 πραγμάτων,
3336 2948 3430 3006 ’ίνα
3474 2950 3551 3024 μὴ
3596 2947 3755 3011 ἁλοὺς
3789 2947 3848 3004 ἐν

461 3032 744 3095 mercede
774 3031 1115 3109 ministerii,
1148 3030 1314 3107 furis,
1353 3040 1412 3092 et
1436 3031 1731 3110 sacrilegii
1764 3032 2103 3095 damnatio-

2195 3035 2422 3105 τούτοις,
2469 3034 2582 3091 ἀντὶ
2611 3041 2703 3090 τοῦ
2732 3033 2993 3111 λήψεσθαι
3048 3038 3231 3112 μισθὸν
3279 3034 3567 3110 διακονίας,
3613 3036 3852 3095 κλέπτου

460 3141 600 3185 nem
632 3122 872 3185 subeas.
908 3122 1012 3185 Sin
1043 3102 1237 3184 autem
1263 3102 1310 3183 a7
1330 3102 1734 3203 praepositoad
1757 3122 1869 3183 hoc
1895 3141 2103 3185 munus

2195 3125 2281 3179 καὶ
2350 3102 2618 3202 ἱεροσύλου
2678 3102 2968 3192 καταδίκην
3040 3102 3251 3207 ύφέξῃς.
3324 3128 3383 3183 Εἰ
3453 3124 3508 3183 δὲ
3547 3102 3678 3183 ’ὑπὸ
3750 3131 3852 3182 τοῦ

459 3230 735 3294 urgeare,
784 3211 1035 3291 perinde
1066 3219 1124 3274 te
1156 3210 1391 3286 habeto,
1427 3218 1487 3272 ut
1520 3214 1567 3272 si
1606 3210 1879 3272 manibus
1909 3211 2103 3291 ignem

2195 3213 2523 3291 προεστῶτος
2575 3212 2706 3291 πρὸς
2748 3220 2901 3269 τοῦτο
2940 3210 3241 3292 ἐκϐιασθῇς,
3301 3215 3374 3277 ὡς
3418 3221 3519 3294 πῦρ
3575 3236 3851 3294 μεταχει-

456 3310 731 3364 urentem
786 3309 1093 3365 tractares.
1139 3301 1213 3363 Et
1263 3299 1723 3381 applicationem
1778 3300 1963 3362 animi
2004 3321 2103 3383 per

2195 3300 2465 3379 ριζόμενος
2495 3298 2703 3380 φλέγων
2751 3299 2984 3359 διάκεισο
3019 3319 3033 3333 ⁸
3092 3304 3181 3360 καὶ
3235 3302 3335 3370 τῆν
3391 3302 3694 3383 προσϐολὴν
3749 3310 3852 3360 τοῦ

455 3391 919 3466 confessionem,
957 3398 1015 3453 et
1061 3390 1464 3471 paenitentiam
1519 3389 1836 3465 cohibens,
1880 3408 1949 3452 ex
1999 3391 2103 3454 ista

2195 3388 2474 3468 λογισμοῦ,
2526 3388 2595 3446 δι’
2654 3389 3038 3471 ἐξαγορεύσεως
3098 3394 3185 3448 καὶ
3240 3393 3521 3468 μετανοίας
3549 3393 3845 3472 ἆπείργων,

456 3480 716 3563 przel'ecti
747 3480 1045 3543 voluntate
1078 3479 1224 3541 nihil
1255 3478 1597 3541 detrimenti
1627 3478 1913 3560 accipies.

2195 3477 2433 3563 ἀϐλαβὴς
2462 3485 2530 3557 τῇ
2559 3488 2653 3538 τοῦ
2680 3488 3013 3560 προεστῶτος
3045 3481 3184 3562 εὐχῇ
3216 3479 3608 3560 διατηρηθήσῃ.

533 3571 633 3634 57.
669 3570 781 3643 Qui
828 3569 1094 3631 nondum
1126 3577 1217 3631 est
1243 3570 1472 3644 ἀπαθὴς,
1520 3586 1717 3649 neque
1763 3558 1916 3630 vnum
1960 3572 2103 3628 ἀπά-

2270 3558 2369 3640 νζ’.
2408 3560 2465 3627 εΟ
2514 3569 2591 3644 μὴ
2642 3558 2876 3649 γεγονὼς
2927 3558 3167 3645 ἀπαθὴς-,ν
3209 3568 3324 3628 ούδὲ
3378 3558 3464 3627 θὸτι
3510 3558 3648 3629 ἔστιν
3693 3572 3849 3630 ἀπα-

451 3665 564 3718 θεια
594 3659 691 3734 sit,
726 3659 920 3721 novit:
957 3676 1156 3739 neque
1187 3658 1363 3719 talem
1396 3658 1699 3719 hominem
1735 3675 1867 3720 esse
1899 3660 1958 3721 in
1991 3669 2103 3724 ter-

2195 3661 2301 3715 θεια
2346 3655 2515 3731 οἶδεν,
2550 3655 2670 3714 ἀλλ’
2700 3656 2817 3715 οὐδὲ
2854 3661 3087 3717 πιστεύει
3135 3661 3277 3716 εἶναί
3330 3682 3449 3715 τινα
3490 3667 3727 3718 τοιούτον
3755 3660 3852 3719 ἐπὶ

449 3748 536 3811 ris
563 3748 693 3829 (qui
722 3748 951 3810 scilicet
984 3747 1149 3809 omni
1181 3746 1413 3808 turbido
1447 3754 1608 3807 motu
1637 3750 1822 3829 vacet)
1859 3751 2103 3815 credere

2195 3753 2288 3814 τῆς
2319 3750 2443 3827 γῆς.
2481 3753 2601 3812 Πῶς
2645 3749 2746 3828 γὰρ
2785 3752 2813 3806 ὁ
2852 3751 2929 3826 μὴ
2975 3751 3159 3807 ἑαυτὸν
3210 3750 3574 3830 ἀρνησάμενος
3604 3759 3845 3831 πρῶτον,

455 3845 670 3920 potest.
720 3836 987 3910 Quonam
1038 3835 1197 3898 enim
1258 3835 1457 3911 modo,
1513 3834 1615 3919 qui
1663 3854 1729 3898 se
1759 3835 1954 3916 ipsum
1987 3859 2103 3904 non

2195 3839 2276 3894 καὶ
2309 3840 2369 3894 τὸ
2410 3841 2551 3914 αἷμα
2596 3838 2831 3903 κενώσας
2889 3841 3171 3921 προθύμως
3230 3844 3386 3900 αὐτοῦ
3438 3842 3568 3921 ὑπὲρ
3596 3847 3695 3910 τῆς
3724 3865 3845 3918 μα-

534 4026 592 4077 ίϐ
619 4026 828 4090 Matth.
860 4043 942 4104 v1,
973 4026 1083 4091 25.
1167 4024 1223 4075 i7
1253 4024 1399 4089 Luc.
1432 4041 1560 4100 ιιι,
1592 4025 1695 4087 34.

3224 4084 3255 4117 \

451 4210 638 4325 aulam,
697 4195 1149 4269 charitatemque
1223 4208 1386 4252 mens
1442 4193 1695 4252 humana
1753 4204 2102 4257 transmeare
2182 4195 2633 4325 gustexpressit
2687 4196 2778 4255 his
2852 4196 3086 4267 verbis;

451 4284 616 4325 soe.
2229 4285 2306 4325 ιιι
2369 4286 2381 4325 :

451 4271 871 4397 solqtet'llransitio
902 4339 1109 4397 mentis
1164 4338 1237 4415 ab
1270 4337 1372 4415 _bis
1410 4351 1538 4408 quae
1568 4347 1905 4415 cernuntur,
1936 4340 2008 4397 ad
2038 4355 2100 4415 ea
2124 4330 2168 4379 D
2189 4271 2491 4399 dlx«up-ater
2520 4353 2682 4397 meus
2712 4354 2908 4415 _u_sque_
2926 4341 3097 4398 modo
3152 4349 3446 4415 operatur.
3476 4351 3533 4402 ot
3562 4358 3667 4415 ego
3697 4357 3845 4414 ope-

451 4426 581 4483 quae
610 4426 725 4469 non
759 4421 1093 4477 cernuntur,
1128 4409 1502 4485 ejusdemque
1531 4425 1577 4485 a_
1611 4411 2003 4485 sensibilibus,
2032 4413 2102 4469 ad
2186 4428 2285 4471 ror
2319 4435 2337 4463 ο
2396 4414 2663 4485 (Ιοαηην,
2701 4409 2817 4485 ιυῖ
2873 4411 2941 4485 Et
2984 4409 3214 4470 rursum
3243 4437 3255 4469 :
3322 4436 3342 4465 ι
3402 4409 3842 4485 Operamini'ci-

3177 4197 3336 4258 illam
3411 4199 3643 4274 quidem
3701 4214 3839 4259 cum

446 4480 513 4541 ea
545 4499 673 4555 quae
703 4498 875 4553 supra
907 4480 1310 4541 sensum‘sunt
1358 4480 1641 4552 migratio,
1675 4490 1729 4538 et
1752 4482 2007 4553 jucunda
2040 4485 2097 4540 in

448 4555 568 4612 illis
598 4557 1087 4620 commemoratio,
1122 4556 1381 4611 omnium
1429 4567 1556 4623 qua:
1588 4561 1738 4610 retro
1769 4563 1922 4619 sunt,
1958 4556 2101 4612 obli-

448 4626 679 4685 vionem
712 4626 914 4697 gignit.
949 4627 1109 4684 Hanc
1155 4626 1332 4696 igitur
1382 4639 1487 4695 ego
1519 4638 1712 4697 veram
1744 4627 2015 4695 quietem,
2047 4635 2102 4684 et

448 4700 660 4771 quietis
689 4694 985 4769 regionem
1016 4712 1079 4754 ac
1129 4694 1315 4771 locum
1372 4694 1598 4766 appello
1619 4715 1644 4771 _:
1706 4694 1773 4771 in;
1798 4712 1966 4771 quem
2000 4698 2098 4769 qui

445 4766 1021 4839 a‘soendere‘meruit,
1055 4785 1173 4827 non
1206 4769 1359 4828 inde,
1392 4766 1873 4839 quemadmodum
1900 4766 2099 4834 Moses,

448 4842 824 4913 quadraginta
857 4842 1059 4899 diebus
1090 4853 1142 4897 et
1175 4839 1367 4897 noctib
1394 4856 1439 4895 zs
1469 4839 1557 4913 Ain
1587 4848 1809 4913 Amonte
1865 4840 2100 4913 exactis.

445 4910 799 4970 descendet:
852 4912 954 4970 sed
1010 4913 1107 4970 ubi
1163 4911 1528 4980 compererit,
1587 4910 1804 4966 bonum
1836 4925 1957 4967 esse
1989 4912 2105 4968 illic

447 4999 596 5053 esse,
627 4984 699 5040 de
727 4993 935 5061 cgatero
986 4984 1059 5041 ad
1116 4984 1384 5061 inferiora
1444 4980 1604 5061 haud.
1643 4996 1941 5061 quaquam
1964 4996 2103 5061 con-

446 5065 719 5114 vertetur.
759 5056 976 5113 Domus
1005 5065 1194 5113 autem
1226 5055 1519 5111 Trinitatis
1551 5054 1641 5109 hic
1672 5054 1869 5116 factus,
1895 5060 1951 5110 et
1983 5056 2103 5123 ipse

447 5128 508 5184 in
539 5127 817 5185 Trinitate
849 5127 1003 5184 velut
1031 5128 1091 5183 in
1141 5142 1322 5198 regno
1374 5125 1654 5183 cmlorum
1712 5123 2053 5183 inhabitabit
2083 5145 2102 5184 :

446 5199 723 5256 charitate
754 5198 1032 5256 nimirum
1082 5197 1230 5256 eum
1271 5205 1647 5262 sustentante,
1697 5209 1804 5252 nec
1849 5204 1911 5252 ut
1941 5197 2104 5256 cadat

445 5272 831 5342 permittente.
867 5291 889 5322 ι

519 5344 593 5410 tt)
650 5341 939 5400 Pontanus
995 5340 1153 5399 addit
1208 5341 1522 5413 capitulum
1598 5352 1826 5413 unum;
1918 5358 1939 5389 ι
2003 5340 2103 5397 Est

448 5407 776 5485 sollicitudo
805 5413 1070 5485 quaedam
1099 5407 1307 5471 vacans
1349 5407 1601 5477 actione,
1634 5420 1688 5467 et
1717 5411 1873 5485 actio,
1896 5426 2102 5485 expers

449 5481 903 5543 sollicitudinis:
979 5493 1043 5543 ut
1098 5496 1319 5551 contra,
1382 5486 1636 5542 vacuitas
1692 5481 2100 5541 sollicitudinis

448 5561 703 5621 actuosa,
759 5564 815 5614 et
889 5556 1146 5616 otiositas
1223 5558 1489 5635 sollicita,
1570 5568 1713 5628 quas
1797 5563 1852 5611 et
1907 5554 2101 5613 Domi-

2186 4486 2320 4541 bum
2353 4498 2468 4541 non
2501 4482 2599 4554 qui
2630 4482 2793 4555 petit,
2847 4482 2946 4538 sed
3002 4487 3099 4555 qui
3142 4495 3332 4543 manet
3388 4482 3650 4545 in'vitam
3678 4495 3844 4544 aeter-

2185 4571 2317 4613 nam
2357 4578 2377 4606 ι
2414 4556 2601 4625 (Joan.
2648 4565 2729 4628 vt,
2757 4554 2870 4624 27),
2937 4554 3054 4628 non
3083 4627 3088 4628 ί
3115 4557 3428 4628 prohibens
3458 4558 3705 4627 operari,
3738 4559 3841 4616 sed

2184 4628 2397 4685 docens
2454 4641 2560 4684 nos
2614 4625 3299 4699 Aabsque_sollicit‘udine
3356 4625 3630 4699 operari;
3690 4630 3841 4687 hanc

2183 4713 2337 4771 vero,
2391 4697 2697 4771 dumait:
2761 4717 2785 4749 ‹
2848 4697 2987 4764 Quis
3040 4708 3289 4757 vestrum
3344 4697 3604 4771 cogitans
3655 4709 3840 4771 potest

2184 4770 2432 4829 adiicere
2490 4769 2561 4826 ad
2619 4775 2892 4825 staturam
2951 4784 3115 4826 suam
3188 4769 3447 4829 cubitum
3506 4769 3746 4829 unum?
3809 4792 3833 4827 ι

2185 4839 2430 4913 (Malm,
2463 4853 2543 4906 vr,
2574 4839 2666 4909 27)
2700 4840 2907 4913 tollens
2962 4841 3226 4913 videlicet
3284 4843 3523 4913 otiosam
3555 4844 3840 4901 sollicitu-

2187 4911 2402 4978 dinem,
2436 4913 2526 4987 cui
2558 4911 3083 4987 actio_deest.AQuz—.e
3136 4922 3324 4987 autem
3387 4911 3556 4987 habet
3583 4915 3835 4987 conjun-

2188 4994 2336 5041 ctam
2368 4985 2670 5045 actionem,
2706 4982 2775 5038 de
2805 4997 2868 5038 ea
2900 4984 2982 5038 sic
3041 4986 3294 5054 loquitur
3326 5002 3339 5043 :
3406 5006 3427 5035 ι
3490 4985 3549 5041 Ει
3584 4987 3653 5043 de
3676 4982 3840 5044 vesti-

2188 5068 2382 5112 mento
2411 5064 2509 5112 aut
2538 5055 2809 5111 alimento
2838 5054 2975 5124 quid
3026 5056 3253 5113 solliciti
3316 5056 3503 5113 estis?
3558 5056 3838 5115 Conside-

2186 5136 2306 5185 rate
2367 5127 2485 5183 lilia
2549 5141 2695 5197 agn,
2754 5133 2809 5181 et
2875 5126 3125 5185 volatilia
3183 5127 3334 5192 coeli,
3394 5130 3681 5199 quomodo
3738 5130 3838 5190 illa

2185 5208 2471 5263 crescunt,
2503 5207 2558 5255 et
2585 5199 2705 5253 haec
2735 5205 3041 5268 pascuntur
3100 5217 3125 5251 ι
3180 5199 3341 5265 (Ibid.
3374 5198 3487 5261 28).
3532 5201 3624 5258 Sic
3658 5216 3838 5262 unam

2185 5271 2414 5343 quidem
2466 5283 2785 5332 removens,
2824 5268 3078 5343 _alteram
3136 5272 3487 5343 conﬁrmans
3541 5272 3835 5342 Dominus,

2185 5338 2373 5401 erudit
2420 5356 2546 5406 nos,
2596 5338 2905 5415 quomodo
2941 5354 3062 5415 non
3076 5342 3384 5415 sollicitos
3438 5344 3678 5402 sollicite
3706 5338 3842 5415 ope-

2185 5416 2320 5477 rari.
2352 5421 2411 5487 et
2440 5410 3166 5487 quomodo__sollicitudine
3218 5422 3503 5480 vacantes,
3540 5410 3839 5487 operibus,

2184 5498 2239 5544 et
2293 5486 2586 5543 laboribus
2638 5484 2782 5542 nihil
2862 5485 3238 5544 attinentibus
3319 5484 3611 5546 abstinere
3667 5484 3842 5560 oporé

2183 5567 2320 5617 teat.
2416 5612 2421 5619 .
