4120 6364
280 313 400 379 629

1564 315 1946 379 CAPITULA
1989 312 2366 375 PRACTICA

3545 314 3666 380 630

280 450 462 530 καρίας
513 452 710 518 ταύτης
754 458 830 526 τῷ
860 450 968 508 ὄντι
1012 457 1180 525 ζωῆς,
1233 450 1392 508 ἄλλον
1439 452 1714 526 ὑπονοήσῃ
1757 455 1920 507 ταῦτα

2024 448 2315 530 ibnegavit
2345 451 2628 531 primum,
2663 457 2724 514 et
2753 451 2976 514 deinde
3025 471 3130 533 pro
3177 455 3290 516 hac
3320 471 3464 517 vere
3495 453 3670 517 beata

286 539 632 606 πεποιηκέναι
677 542 748 604 εἷς
777 541 839 596 τὸ
884 541 1176 610 κτήσασθαι
1226 540 1325 607 τὴν
1358 541 1612 596 ἀπάθειαν
1647 559 1663 619 ;
1699 538 1849 596 Οὕτω
1879 537 1934 594 δὲ

286 631 374 685 καὶ
403 632 431 685 ὁ
459 627 627 686 δοκῶν
658 636 869 705 Πνεῦμα
898 628 1045 709 ’ἐχειν
1087 628 1262 706 ἅγιον,
1325 627 1490 705 μηδὲν
1519 627 1686 709 ἔχων,
1742 629 1802 685 οὔ
1835 651 1930 684 πι-

289 717 456 774 στεύει
511 717 730 775 πώποτε
799 719 894 781 τὰς
973 717 1235 796 ἐνεργείας
1313 718 1468 774 αὐτοῦ
1539 716 1930 795 γινωσκομένοις

288 807 516 883 ἀκούων,
583 807 637 862 ἐν
692 821 809 872 τοΐς
867 809 926 864 τὸ
985 814 1194 884 Πνεῦμα
1250 809 1312 863 τὸ
1367 807 1517 884 ἅγιον
1577 805 1777 886 ἔχουσι.
1833 805 1932 863 Καὶ

289 895 368 952 ὅτι
401 895 509 952 ἔστι
541 918 621 959 τις
645 897 782 953 κατὰ
824 897 920 962 τὴν
965 897 1148 974 γενεὰν
1177 897 1374 962 ταύτην
1406 895 1592 962 ἐπίσης
1635 908 1755 958 τοῖς
1788 894 1929 950 ἀπο-

293 985 500 1048 στόλοις
551 993 794 1066 Χριστοῦ,
855 987 941 1042 καὶ
996 999 1114 1049 τοῖς
1174 983 1266 1041 ἀπ’
1327 987 1514 1050 αἰῶνος
1571 983 1932 1074 ἁγίοις,“θείῳ

289 1074 685 1155 ἐνεργούμενος,
784 1077 870 1132 καὶ
980 1075 1284 1150 κινούμενος
1383 1077 1666 1151 Πνεύματι.
1781 1071 1835 1131 Ἠ
1879 1071 1932 1128 ὲν

286 1163 510 1236 ὀπτασίᾳ
538 1165 739 1232 τούτοὴ
784 1169 1035 1244 γνωστῶς
1087 1165 1175 1220 καὶ
1226 1163 1280 1219 ἐν
1323 1165 1558 1234 αἰσθήσει
1602 1165 1882 1242 γινόμενος
1913 1183 1926 1198 ·

287 1251 508 1315 ἕκαστος
537 1255 636 1333 γὰρ
667 1254 728 1310 ἐκ
756 1259 854 1320 τῆς
883 1252 1075 1316 οἰκείας
1124 1253 1520 1326 καταστάσεως,
1582 1256 1670 1310 καὶ
1719 1254 1784 1309 τὰ
1826 1261 1928 1310 τῶν

289 1339 528 1407 πλησίων
583 1343 767 1421 κρίνει,
830 1345 902 1405 ὡς
961 1340 1103 1422 ἔχει,
1162 1341 1274 1397 εἴτε
1317 1342 1510 1421 ἀρετῆς
1572 1344 1771 1416 εἰπεῖν,
1817 1342 1931 1401 εἴτε

290 1430 500 1494 κακίας.

366 1599 476 1677 νηί
512 1586 673 1669 ’,Αλλο
725 1611 948 1668 ἀπάθεια
997 1616 1202 1692 ψυχῆς,
1255 1613 1344 1668 καὶ
1387 1609 1516 1668 ἄλλο
1553 1610 1776 1666 ἀπάθεια
1818 1610 1931 1666 σώ-

285 1722 474 1775 ματος.
523 1691 585 1757 Ἠ
630 1701 726 1776 μὲν
757 1702 856 1779 γὰρ
884 1702 972 1756 καὶ
1028 1691 1289 1776 τὸγσῶμα
1342 1701 1668 1779 καθαγιάζει,
1729 1706 1797 1776 τῇ
1849 1702 1932 1756 οἰ-

283 1787 400 1859 κείᾳ
450 1786 786 1866 λαμπρότητι
841 1789 930 1844 καὶ
979 1794 1046 1865 τῇ
1102 1789 1412 1870 φωτοχυσίᾳ
1448 1795 1540 1844 τοῦ
1586 1789 1885 1864 Πνεύματος
1915 1805 1931 1822 ⁸

283 1878 318 1944 ἡ
351 1874 404 1932 δὲ
450 1878 582 1944 mihi;
634 1878 773 1953 μόνη
821 1874 936 1934 καθ’
989 1877 1204 1953 ἑαυτὴν,
1257 1880 1329 1942 εἷς
1360 1876 1504 1936 οὒδέν
1535 1879 1627 1934 τὸν
1656 1877 1934 1954 κτησάμε-

285 1985 374 2020 νον
403 1963 631 2045 ὠφελεϊν
665 1964 875 2022 δύναται
887 2012 900 2027 ,

359 2142 434 2212 (5)
465 2141 768 2214 Sequentia
801 2143 1048 2212 capitula
1100 2145 1390 2203 interserit
1437 2143 1610 2201 editio
1637 2143 1753 2200 Jac.
1788 2143 1932 2199 Pon-

286 2214 405 2270 tani
427 2231 448 2270 :
513 2234 534 2264 ι
558 2213 566 2214 “
593 2213 753 2270 Aliud
782 2223 866 2270 est
895 2215 1285 2283 immobilitas,
1320 2231 1420 2273 seu
1451 2216 1613 2285 quies
1643 2215 1934 2271 membro-

281 2298 415 2357 rum
446 2285 650 2357 animae
680 2293 734 2342 et
760 2289 1036 2355 corporis,
1094 2289 1251 2346 aliud
1298 2288 1576 2344 virtutum
1608 2286 1927 2357 acquisitio.

285 2355 387 2412 Illa
420 2356 704 2426 siquidem
734 2365 934 2414 natura
993 2361 1144 2417 inest
1174 2376 1187 2416 :
1247 2360 1368 2416 haec
1401 2372 1533 2418 vero
1565 2355 1732 2415 etiam
1763 2368 1934 2414 natu-

283 2428 436 2484 rales
450 2428 747 2500 motiones
776 2431 1083 2500 componit.

361 2499 560 2574 {Non
601 2497 1008 2574 concupiscere
1064 2501 1313 2573 aliquem
1369 2499 1640 2574 jucunda,
1701 2507 1757 2556 et
1784 2497 1934 2555 dele-

285 2571 514 2627 rtabilia
549 2571 722 2641 hujus
772 2572 990 2628 mundi.
1057 2571 1175 2630 non
1229 2581 1314 2630 est
1344 2571 1530 2630 simile
1558 2581 1926 2628 aeternorum.

284 2649 342 2698 et
371 2642 478 2698 sub
510 2643 694 2699 visum
742 2657 858 2699 non
915 2643 1243 2701 cadentium
1279 2645 1567 2702 bonorum
1597 2642 1881 2699 desiderio
1913 2657 1926 2698 :

283 2712 442 2769 aliud
470 2715 624 2770 enim
655 2714 764 2770 hoc
794 2715 864 2770 ab
896 2714 1012 2772 illo.
1049 2715 1190 2772 Nam
1231 2716 1416 2784 priora
1456 2716 1552 2771 illa
1594 2713 1760 2770 multi
1798 2713 1930 2770 des-

281 2793 606 2856 pexerunt:
639 2785 761 2842 haec
791 2787 988 2856 paucis
1019 2787 1351 2844 mortalibus
1381 2786 1538 2844 cordi
1571 2786 1818 2842 fuerunt.

365 2876 388 2906 ι
419 2856 542 2928 Non
573 2857 619 2912 si
649 2856 787 2928 quid
818 2866 903 2914 est
928 2859 1198 2923 aversari,
1260 2866 1316 2914 et
1373 2872 1490 2914 non
1523 2871 1779 2927 quaerere
1805 2855 1929 2928 glo-

283 2925 430 2982 riam
462 2925 785 2996 hominum,
835 2927 986 2984 idem
1039 2939 1123 2986 est
1178 2930 1348 2986 etiam
1405 2946 1435 2986 a
1494 2925 1685 2984 divina
1744 2925 1925 2999 gloria

284 3011 419 3054 suas
474 2999 726 3056 rationes
783 3008 944 3069 aptas
1002 3009 1057 3058 et
1110 3015 1419 3070 suspensas
1477 3001 1734 3056 habere:
1814 3013 1926 3055 ma-

2013 538 2128 599 vita
2170 539 2518 618 sanguinem
2564 559 2738 602 suum
2784 559 2902 602 non
2933 541 3084 604 fudit
3123 543 3422 617 alacriter,
3475 543 3664 606 alium

2011 627 2140 689 haec
2165 629 2240 690 ad
2273 631 2528 687 ἀπάθειαν
2571 630 3054 711 consequendam
3088 631 3430 712 prastitisse
3461 632 3667 713 suspi-

2013 716 2291 779 cabitur?
2323 717 2411 780 sic
2441 717 2643 801 etiam,
2695 719 2799 799 qui
2842 719 3127 800 Spiritum
3161 727 3427 783 sanctum
3460 739 3525 783 se
3553 722 3665 783 ha-

2013 804 2157 867 bere
2206 814 2388 886 putat,
2438 825 2550 870 nec
2605 806 2805 884 habet,
2870 827 3175 889 nunquam
3228 809 3440 885 credit,
3495 809 3663 887 dum,

2014 894 2155 974 quid
2203 890 2305 956 ille
2351 896 2413 956 in
2458 896 2700 970 sanctis,
2752 896 2949 975 ipsum
2980 897 3338 960 habentibus
3370 898 3667 975 eﬂ‘ecerit,

2014 983 2198 1046 audit.
2251 982 2478 1066 Nempe
2519 993 2748 1046 exstare
2793 986 3132 1066 quempiam
3167 987 3278 1048 hac
3337 993 3528 1062 aetate,
3565 984 3670 1069 qui

2013 1071 2263 1151 perinde
2313 1080 2490 1154 atque
2531 1073 2782 1154 apostoli
2813 1073 3055 1147 Christi,
3092 1082 3152 1139 et
3183 1075 3370 1137 sancti
3402 1075 3502 1157 qui
3537 1082 3671 1156 post

2011 1160 2286 1224 homines
2318 1173 2487 1224 natos
2517 1162 2889 1235 exstiterunt,
2921 1163 3118 1224 divino
3151 1163 3374 1245 Spiritu
3406 1164 3670 1227 concite-

2012 1256 2110 1310 tur
2130 1259 2188 1310 et
2216 1250 2609 1332 gubernetur,
2631 1260 2730 1312 aut
2759 1270 2896 1312 eum
2923 1253 3361 1331 cognoscendo,
3398 1253 3665 1316 efﬁcaci-

2011 1345 2221 1420 terque
2267 1340 2581 1402 sentiendo
2619 1340 3009 1422 perspexerit.
3043 1340 3466 1424 Unusquisque
3506 1342 3667 1404 enim

2019 1444 2090 1488 ex
2145 1445 2254 1488 sua
2301 1429 2720 1492 constitutione
2769 1429 2845 1492 de
2895 1429 3143 1493 alterius
3173 1449 3280 1493 seu
3309 1431 3542 1510 virtute,
3565 1449 3672 1494 seu

2017 1514 2156 1576 vitio
2185 1534 2428 1598 semper
2449 1518 2696 1597 judicat.

2095 1603 2194 1666 58.
2232 1605 2406 1667 Aliud
2437 1614 2524 1668 est
2552 1605 2788 1688 apathia
2817 1606 3052 1683 animm,
3084 1607 3244 1669 aliud
3278 1608 3512 1689 apathia
3534 1628 3670 1672 cor-

1956 1734 1994 1783 Β
2018 1693 2203 1783 poris.
2240 1695 2345 1757 Illa
2378 1698 2536 1756 enim
2588 1695 2876 1758 charitate
2920 1715 3049 1770 sua,
3086 1702 3146 1756 et
3195 1696 3407 1760 diﬂ‘uso
3440 1699 3670 1761 lumine

2018 1781 2276 1862 Spiritus
2317 1799 2538 1865 corpus
2576 1803 2814 1866 quoque
2844 1784 3173 1846 sanctiﬁcat
3205 1803 3218 1847 :
3253 1786 3378 1848 haec
3407 1787 3533 1850 sola
3561 1806 3671 1870 per

2016 1889 2086 1934 se
2116 1871 2264 1934 nihil
2295 1871 2351 1935 ei
2379 1873 2441 1934 in
2466 1892 2582 1955 quo
2615 1879 2704 1937 est
2738 1873 3024 1956 prodesse
3055 1880 3252 1953 potest
3285 1875 3395 1956 (5).

2015 2139 2163 2212 Quin
2197 2141 2366 2198 etiam
2399 2155 2533 2210 erga
2565 2154 2663 2197 eos
2691 2141 2790 2212 qui
2839 2155 2902 2199 se
2955 2142 3094 2200 foris
3125 2144 3343 2201 amicos
3372 2142 3669 2208 simulant,

2014 2211 2162 2268 clam
2194 2213 2391 2269 eadem
2421 2214 2654 2276 faciunt,
2711 2211 2822 2268 nec
2880 2212 3076 2272 latent.
3136 2214 3672 2273 Caeterumincom-

2013 2283 2254 2359 parabili
2313 2284 2482 2359 _modo
2541 2282 2920 2359 excellentius
2979 2295 3085 2351 est,
3134 2301 3268 2359 meo
3317 2287 3560 2359 judicio,
3621 2286 3668 2343 si

2013 2355 2364 2481 quis‘omnia
2395 2369 2523 2426 quae
2555 2368 2756 2424 passus
2814 2356 2904 2417 sit,
2965 2355 3333 2427 sempiterna
3374 2357 3668 2415 oblivione

2054 2425 2305 2481 eleverit.
2339 2435 2395 2481 et
2423 2440 2610 2481 neuue
2663 2425 3019 2481 absentibus.
3066 2443 3252 2481 neque
3307 2429 3668 2481 nrmsidenti-

2054 2425 2305 2500 eleverit,
2339 2435 2395 2484 et
2423 2425 2610 2500 neque
2663 2425 3019 2500 absentibus,
3066 2425 3252 2500 neque
3307 2429 3670 2500 praesidenti-

2013 2496 2122 2552 bus
2155 2499 2264 2569 his,
2297 2514 2326 2552 a
2355 2496 2568 2569 quibus
2617 2505 2852 2554 vexatus
2910 2499 3097 2563 fuerit,
3157 2496 3337 2556 ullius
3395 2499 3666 2556 maleﬁcii

2013 2568 2327 2626 neminisse
2354 2568 2612 2641 :eosque
2642 2569 2781 2641 citra
2840 2583 3069 2626 omnem
3127 2570 3536 2641 cogitationem
3565 2585 3664 2628 eo-

2013 2653 2142 2713 rum
2171 2655 2300 2711 qum
2347 2639 2698 2713 acciderunt,
2757 2639 2816 2696 in
2863 2639 3305 2713 congressibus,
3355 2651 3411 2700 et
3465 2643 3666 2700 convi-

2012 2710 2234 2768 viorum
2266 2712 2698 2770 invitationibus
2726 2710 3014 2780 amplecti:

2093 2802 2116 2832 α
2143 2783 2266 2840 Non
2297 2783 2466 2854 quale
2497 2792 2584 2841 est
2638 2783 2969 2841 meminisse
3023 2783 3148 2852 Dei,
3206 2784 3318 2841 tale
3374 2783 3546 2842 etiam
3578 2793 3665 2842 est

2011 2854 2444 2936 amareobeum:
2478 2868 2585 2936 nec
2637 2854 2808 2936 quale
2837 2855 3065 2936 _tiuiere
3101 2856 3323 2936 ipsum,
3369 2855 3481 2913 tale
3530 2857 3668 2913 item

2009 2925 2298 2982 custodire
2330 2926 2590 2984 mandata
2625 2925 2772 2998 ejus.
2833 2925 3118 2984 Diii'erunt
3140 2925 3307 2984 inter
3364 2942 3446 2992 se,
3479 2941 3668 2998 quan-

2008 3008 2182 3070 quam
2232 3005 2474 3069 utraque
2521 2996 2903 3068 perlectorum
2951 3006 3007 3056 et
3061 3013 3093 3056 a
3137 2996 3668 3070 perturbationibus

285 3081 464 3150 gnum
493 3071 707 3142 quippe
735 3065 884 3150 inter
943 3072 1065 3127 haec
1117 3065 1424 3150 discrimen
1483 3079 1603 3150 est_.._
1645 3070 1747 3150 Ilia
1775 3071 1925 3126 enim
1947 3070 1986 3119 C
2014 3065 2431 3150 vindicatorum
2462 3065 2614 3126 sunt.

286 3143 379 3214 alii
410 3157 640 3213 quoque
695 3143 890 3198 multis
943 3151 1211 3213 praeterea
1272 3144 1422 3200 vitiis
1478 3142 1720 3214 subjecti
1769 3155 1936 3214 repu-

289 3209 723 3270 leruntz’hanc
762 3209 1029 3283 perpauci
1091 3214 1306 3280 labore,
1370 3223 1424 3273 et
1481 3209 1691 3271 sudore
1753 3209 1933 3270 multo

287 3285 545 3354 accipere
574 3293 926 3342 meruerunt.

363 3375 386 3406 α
423 3355 581 3413 Veste
611 3354 705 3411 vili
739 3365 1069 3414 contentum
1121 3372 1267 3424 esse,
1314 3371 1422 3414 nec
1477 3355 1804 3412 desiderare
1841 3362 1931 3412 tu-

288 3425 476 3483 nicam
511 3426 888 3496 splendidam,
941 3443 1056 3484 non
1113 3438 1196 3485 est
1253 3430 1423 3486 etiam
1482 3428 1582 3484 Dei
1618 3427 1804 3483 lumen
1837 3427 1932 3482 in-

288 3496 499 3555 duisse.
532 3498 704 3555 Aliud
735 3499 863 3567 hoc,
894 3499 1050 3557 aliud
1079 3499 1243 3556 illud.
1303 3499 1437 3556 Nam
1469 3499 1712 3556 vestium
1743 3497 1931 3567 splen-

289 3541 499 3641 EBi-EE
522 3541 704 3641 ἱιῖἰῐῐὲῗ
727 3541 1449 3641 i‘iﬁﬁiiéiii‘"ch'bi5iiaMSS;
1505 3541 1929 3638 ῐέὁῖἵῖερῖενθ-

2095 3161 2118 3211 ᾳ
2148 3139 2320 3196 Aliud
2351 3149 2436 3198 est
2464 3155 2579 3196 non
2613 3153 2872 3211 peccare,
2904 3140 3060 3198 aliud
3091 3141 3188 3199 Dei
3218 3140 3485 3199 mandata
3509 3155 3672 3200 exse-

2015 3210 2133 3283 qui.
2154 3211 2270 3268 Hoc
2287 3210 2644 3275 certantium,
2664 3219 2719 3268 et
2736 3226 2804 3268 ex
2824 3211 3131 3284 Evangelia
3147 3213 3488 3270 viventium:
3523 3213 3670 3272 illud

2016 3295 2412 3365 tantummodo
2435 3291 2781 3365 principium
2809 3284 3060 3365 ἀπαθείας
3089 3293 3429 3365 adeptorum
3459 3302 3565 3352 est.

2097 3383 2117 3412 ι
2149 3361 2266 3420 Non
2298 3363 2346 3419 si
2378 3361 2511 3434 quid
2542 3361 2782 3434 vacatio.
2836 3371 2892 3420 et
2947 3363 3146 3427 otium,
3200 3361 3359 3421 idem
3391 3366 3668 3424 continuo

2016 3436 2178 3505 quies
2208 3443 2340 3492 est:
2394 3432 2504 3491 nec
2551 3435 2598 3490 si
2649 3432 2788 3505 quid
2839 3434 3020 3504 quies,
3083 3435 3209 3492 ideo
3265 3444 3320 3492 ει
3349 3435 3668 3495 silentium.

2013 3504 2256 3577 I_nterest
2309 3507 2458 3563 inter
2515 3504 2678 3570 haec,
2719 3513 2773 3561 et
2827 3506 3007 3568 aliud,
3061 3514 3233 3577 atque
3289 3507 3447 3563 aliud
3503 3517 3658 3566 sunt.

2016 3575 2215 3648 Otium,
2265 3585 2320 3634 et
2374 3577 2838 3648 inertiaieorum
2892 3583 3047 3640 sunt.
3105 3575 3204 3648 qui
3261 3579 3409 3634 scire
3464 3579 3668 3637 volunt

288 3639 594 3722 runtiboc
613 3639 720 3698 soli
743 3639 1239 3722 amici_untur,'qui
1274 3657 1570 3722 perpmne
1592 3655 1772 3713 genus
1791 3655 1935 3697 mor-
2015 3662 2144 3722 qua:
2176 3647 2248 3705 sit
2276 3649 2562 3722 bonorum
2592 3647 2693 3704 Dei
2751 3639 3194 3722 sommuuicat'io
3229 3665 3243 3706 :
3280 3661 3410 3722 _nec
3445 3649 3668 3722 aliquid

287 3711 609 3769 tiﬁcationis
639 3726 752 3768 non
777 3713 1016 3791 remisse
1043 3728 1109 3770 ac
1163 3711 1937 3791 languideipsum‘cunsec-
2020 3711 2156 3791 boni
2187 3721 2376 3788 operis
2436 3721 2622 3777 facere
2672 3722 2977 3776 sustinent.
3035 3719 3168 3776 Haec
3232 3719 3303 3776 ad
3349 3711 3667 3791 parandam

289 3791 501 3863 taniur,
531 3792 591 3863 et
620 3797 720 3852 per
749 3783 1147 3842 mandatorum
1175 3783 1631 3843 observationem
1655 3783 1758 3839 ﬁlii
1793 3783 1938 3840 lucis
2021 3789 2122 3846 Dei
2146 3783 2528 3862 cognitionem
2558 3805 2792 3863 semper
2814 3791 3160 3860 vacantium,
3185 3783 3552 3863 sermonique
3576 3796 3668 3851 in-

287 3869 356 3911 ac
382 3854 493 3910 diei
525 3853 691 3912 ﬂunt.
2023 3863 2147 3934 sitae
2175 3853 2471 3932 sapientiae
2493 3853 2841 3934 ausculando
2862 3853 3274 3934 assidentimm,
3297 3872 3353 3920 et
3383 3853 3666 3934 profunda

365 3954 388 3986 α
422 3933 708 4007 Aliudest
729 3934 1024 4007 humiliter
1056 3935 1234 4007 loqui,
1294 3935 1450 3993 aliud
1481 3934 1778 3992 humiliter
1807 3949 1941 3992 sen-
2023 3933 2288 4002 Spiritus,
2322 3948 2582 4007 novaque
2615 3933 2904 4007 mysteria.
2933 3933 3067 3990 dum
3095 3950 3125 3990 a
3150 3934 3260 4007 Deo
3281 3933 3666 4001 initiarentur,

290 4006 398 4062 tire
429 4025 443 4070 ς
477 4014 532 4062 ει
558 4005 712 4062 aliud
747 4006 1058 4071 humilitas,
1090 4005 1246 4064 aliud
1278 4007 1384 4064 ﬂos
1438 4007 1774 4064 humilitatis
1808 4026 1821 4066 :
1882 4008 1938 4064 ει
2018 4013 2238 4076 patrata
2271 4005 2977 4073 scrutantium.'Tertium,
3004 4016 3137 4076 puta
3169 4005 3481 4069 silentium,
3509 4007 3670 4063 intel-

290 4077 443 4150 aliud
475 4076 695 4150 fructus
727 4077 873 4150 ejus,
921 4086 976 4150 et
1022 4079 1251 4150 fructus
1307 4079 1479 4150 hujus
1536 4077 1925 4150 pulchritudo,
2015 4075 2194 4150 lectus
2221 4077 2592 4150 iunctionem,
2625 4091 2756 4150 cum
2782 4075 3025 4150 sollicita
3057 4077 3467 4150 cogitationum
3488 4093 3554 4136 ac
3582 4093 3672 4136 ra-

289 4156 346 4204 et
373 4148 495 4219 ejus
525 4147 969 4217 pulchritudinis
1014 4149 1362 4220 iucunditas,
1386 4147 1399 4150 ⁷
1424 4159 1479 4206 ει
1509 4147 1679 4219 insup
1701 4163 1746 4204 ir
1776 4149 1931 4206 aliud
2014 4148 2447 4220 tiocinationum
2479 4147 2810 4212 attentione,
2843 4147 3178 4205 obeuntium
3209 4158 3312 4206 est.

291 4233 364 4275 ex
391 4221 500 4276 hoc
529 4220 714 4276 fructu
777 4219 1159 4288 operatidncs.
1215 4222 1430 4279 Horum
1492 4221 1598 4277 alia
1646 4224 1703 4276 in
1736 4229 1930 4277 nostra
2090 4237 2115 4270 ‹
2147 4219 2268 4276 Νοη
2316 4220 2467 4276 idem
2522 4230 2608 4277 est
2657 4220 2924 4281 secessio.
2960 4221 3016 4276 id
3064 4229 3168 4284 est,
3231 4221 3301 4276 de
3333 4219 3460 4278 loco
3492 4221 3554 4278 in
3584 4220 3677 4278 lo-

291 4299 564 4364 potestate
589 4299 744 4358 sunt,
775 4291 882 4347 alia
914 4307 1030 4348 non
1062 4301 1212 4350 sunt.
1267 4293 1330 4349 In
1361 4292 1530 4350 nobis
1555 4301 1706 4356 sunt,
1733 4292 1932 4364 omnia
2013 4304 2146 4346 cum
2177 4290 2458 4364 transitio,
2488 4301 2545 4364 et
2591 4292 2713 4362 ipsa
2771 4290 3066 4364 verissima
3122 4292 3538 4364 peregrinatio.
3572 4307 3675 4350 seu

289 4363 558 4434 cogitare,
590 4365 779 4418 omnia
839 4365 1070 4426 Sentire,
1132 4379 1322 4421 omna
1374 4372 1658 4434 reputare,
1717 4362 1929 4429 dicere,
2016 4363 2415 4433 peregrinitas.
2479 4363 2580 4420 Illa
2639 4375 2844 4432 nempe
2902 4362 3090 4434 adhuc
3171 4362 3448 4434 pugillatu
3505 4365 3674 4434 quasi

289 4433 491 4529 [ῗξζίῖἱῗθ
522 4447 812 4529 ἓξὲἶέτέῗὲ
869 4435 944 4529 3.".
997 4432 1660 4529 '19.?1‘_'_‘13“3'I'_.‘.‘_92‘39.‘:
1719 4435 1924 4529 .3393!“
1949 4435 2378 4529 oﬁ‘fr‘aﬂifi‘lﬂ’
2413 4432 3213 4529 ἳξεὲυἱΡῗῖἒῗὲἾὲἒὲἓῗίω.
3241 4432 3675 4529 έΡΕΡίῬΡὲΞὲΡζ

286 4513 474 4579 autem
522 4504 836 4564 humilitas.
893 4515 963 4579 et,
1002 4507 1236 4579 reliquae
1294 4507 1663 4578 proprietates
1719 4504 2101 4579 ipsius,”tia,
2163 4507 2370 4579 mentis
2412 4505 2644 4579 aliose
2699 4507 3215 4579 tra_ust_ere_ntium_;
3277 4515 3376 4561 aut
3434 4513 3671 4575 propter

285 4576 625 4650 charismata
679 4583 735 4632 et
789 4576 1143 4650 sanctiones’
1176 4576 1321 4650 ejus,
1382 4592 1495 4634 non
1553 4584 1767 4641 nostra,
1828 4577 1927 4650 sed
2009 4576 2728 4650 fervorismaguitudinem
2781 4576 3098 4650 insigniora
3129 4577 3316 4633 adhuc
3349 4579 3665 4650 certamina

287 4648 394 4720 Dei
421 4647 568 4703 dona
603 4656 756 4714 sunt,
787 4648 997 4717 quibus
1027 4646 1220 4706 nemo'
1251 4650 1460 4720 dignus
1493 4663 1743 4720 unquam
1773 4649 1927 4703 aesti-
2011 4646 2483 4720 cupientium—est
2509 4665 2521 4704 ε
2581 4650 2701 4704 haec
2733 4661 2866 4703 vero
2895 4646 3312 4720 crucifixorum
3343 4647 3582 4717 mundo,
3610 4659 3676 4720 et

285 4719 552 4793 inabitur,
597 4719 710 4793 nisi
745 4723 918 4793 prius,
969 4731 1246 4792 quantum
1301 4718 1358 4778 in
1417 4723 1541 4791 ipso
1571 4718 1676 4787 est,
1709 4719 1927 4777 semina
2011 4732 2140 4789 (ιω
2170 4718 2226 4774 in
2263 4719 2475 4776 mundo
2505 4728 2659 4793 sunt,
2719 4727 2775 4775 et
2823 4733 2960 4793 _cum
3014 4719 3159 4793 so|o_
3189 4719 3309 4775 Deo
3369 4728 3424 4777 et
3451 4719 3678 4793 angelis

288 4790 433 4847 bene
447 4789 668 4860 jecerit.
745 4789 759 4793 “
987 4789 1002 4792 ⁷
1442 4789 1454 4791 ἡ
2012 4803 2239 4860 semper
2291 4806 2416 4862 esse
2491 4790 2959 4855 desiderantium,
3039 4789 3318 4862 nulloque
3370 4789 3558 4848 modo'
3597 4791 3671 4848 ad

370 4892 392 4920 ε
424 4869 596 4945 Aliud
652 4877 736 4928 est
788 4885 905 4945 non
966 4872 1310 4930 stomachari
1363 4873 1456 4945 in
1488 4869 1930 4945 contemptibus,

2024 4862 2268 4945 humana
2307 4861 2511 4945 pedem
2539 4861 2932 4945 referentium.

291 4942 542 5018 injuriis,
605 4943 1058 5018 tentatiouibus,
1097 4954 1152 5018 et
1208 4943 1672 5018 tribulationibus
1705 4931 1736 5010 ;’
1773 4931 1936 5018 _aiiud
2057 4953 2121 5018 με
2150 4931 2352 5018 ³Αιὶυϐ
2408 4945 2537 5018 (θξῐοΔ
2568 4934 2836 5018 ι’θξὶεξίθζρ
2876 4941 2954 5018 γβῑ
3012 4945 3371 5018 ,ορρρειιπθ
3431 4931 3673 5018 Ῑξοδῑθεῇ

291 5002 928 5088 in'_ipsi_s'acquiescere,
986 5002 1147 5088 aliud
1194 5030 1358 5088 orare
1412 5028 1544 5088 pro_
1574 5002 1785 5088 bisqui
1816 5014 1930 5069 haec

2024 5002 2176 5088 aliud
2205 5018 2303 5088 eos
2335 5004 2584 5088 perfecte.
2634 5003 2922 5088 debellare
2975 5012 3032 5061 et
3079 5002 3373 5088 subigere
3415 5014 3473 5062 et
3527 5006 3676 5062 occi-

292 5074 460 5159 nobis
493 5074 790 5159 infer'unt;
830 5074 1004 5159 _aliud
1062 5101 1132 5142 ex
1191 5087 1382 5144 animo
1413 5074 1641 5159 eosdem
1668 5074 1934 5159 diligere,
2020 5074 2174 5159 dare,
2206 5075 2463 5132 Alterum
2495 5077 2648 5133 enim
2688 5076 3056 5159 athletarum.
3105 5074 3680 5159 et_re.l_igio§a,9xer_-

291 5166 345 5230 et
373 5153 530 5230 aliud
557 5164 768 5230 praeter
827 5157 970 5230 haec,
1031 5159 1224 5215 animo
1281 5147 1812 5230 insculptamferré
1836 5147 1938 5230 cu;
2021 5147 2793 5230 citatione_generosorum:_
2839 5147 3082 5230 alterum
3141 5147 3212 5204 ab
3255 5147 3560 5230 ‘illaudatis
3590 5148 3681 5206 af-

285 5227 524 5298 juslibet
557 5217 762 5300 horum
818 5217 1033 5293 faciem,
1069 5238 1122 5287 et
1155 5239 1215 5286 ut
1245 5217 1515 5300 germane
1545 5229 1779 5292 amicos,
1813 5227 1930 5284 sine

2024 5218 2262 5300 lactibus
2293 5217 2630 5285 liberorum,
2664 5219 3161 5300 perfectorumque
3190 5223 3291 5275 est.

295 5291 557 5370 rancore,
618 5298 677 5352 in
733 5291 1288 5370 lacrymis'sincerae
1345 5300 1634 5356 charitatis
1692 5313 1790 5356 eos
1821 5313 1944 5355 am-
2104 5321 2125 5352 ι
2162 5299 2288 5355 Haec
2335 5299 2622 5357 omniain
2668 5291 2890 5357 lumine
2947 5291 3198 5354 ἀπαθείας
3255 5297 3681 5358 ambulantium

296 5368 514 5440 plexari
547 5389 560 5434 ;
623 5377 686 5425 ut
729 5368 1004 5427 nimirum
1060 5372 1284 5428 nuilum
1334 5379 1472 5428 tunc
1528 5385 1730 5426 sensus
1760 5373 1947 5427 insua-
2027 5379 2352 5428 sanctorum
2384 5372 2636 5429 actiones
2666 5379 2818 5429 sunt.
2869 5370 2976 5438 Qui
3007 5378 3197 5428 autem
3227 5385 3290 5428 se
3317 5372 3389 5428 ab
3419 5371 3510 5429 his
3540 5371 3683 5429 alie-

295 5442 530 5514 vis,aut
559 5440 834 5514 molestia:
887 5440 1132 5514 alicujus
1190 5442 1490 5514 vestigium
1548 5443 1606 5500 in
1642 5442 1832 5499 anima
1863 5457 1944 5514 re-
2024 5456 2132 5500 nos
2163 5457 2288 5499 esse
2343 5443 3023 5514 animadverterunt,une
3070 5441 3426 5514 seducantur
3475 5443 3546 5501 ab
3575 5443 3684 5500 ali-

295 5513 568 5586 periatur.
602 5511 776 5586 Majus
835 5528 1005 5584 porro
1042 5511 1515 5586 ’omnibus’quae
1569 5514 1842 5585 diximus,
1893 5513 1940 5570 si
2025 5528 2155 5585 quo,
2191 5528 2264 5572 ne
2300 5515 2408 5586 ipsi
2439 5529 2573 5572 suas
2625 5517 2847 5573 animas
2897 5513 3207 5586 decipiant.
3266 5513 3368 5573 sed
3397 5529 3460 5573 se
3488 5515 3684 5573 incas-

291 5584 421 5656 quis
478 5582 647 5640 etiam
685 5582 850 5656 ξὶρεο
880 5595 1133 5656 tempore
1192 5582 1566 5644 tentationum
1622 5599 1785 5656 teque
1824 5582 1941 5656 isto
2024 5582 2152 5644 sum
2189 5587 2247 5642 in
2277 5582 2529 5644 tenebris
2561 5587 2857 5645 ambulare
2881 5582 3085 5644 scian't.

295 5655 492 5730 modo,
541 5662 596 5730 ει
618 5725 629 5730 _
652 5655 935 5730 similiter,
997 5655 1135 5716 citra
1195 5657 1656 5730 immutationem
1692 5655 1867 5730 erga
1882 5655 1944 5713 in
2070 5678 2128 5730 ηε
2161 5656 2316 5730 Multi
2349 5672 2508 5726 sane,
2541 5659 2688 5716 alius
2720 5659 2793 5716 ob
2825 5659 3000 5726 aliud,
3043 5664 3118 5730 iet
3168 5657 3316 5730 alter
3345 5671 3580 5718 rursum
3609 5660 3684 5718 ob

291 5727 495 5808 _taciem
522 5725 1085 5808 sibimaledicentes,
1147 5739 1202 5787 et
1250 5728 1687 5808 calumniantes,
1743 5725 1812 5789 et'
1854 5727 1942 5808 in-
2027 5728 2184 5787 aliud
2213 5729 2309 5808 _ad
2338 5730 2457 5786 haec
2487 5730 2717 5808 adducti
2750 5739 2930 5788 sunt:
2989 5725 3300 5808 admodum
3346 5731 3682 5808 panci_vero

283 5797 501 5871 juriam
557 5797 884 5867 inferentes,
960 5807 1014 5859 et
1087 5809 1471 5873 conspuentes
1548 5798 1784 5859 eth-ctus
1838 5807 1940 5859 est.
2028 5814 2161 5860 cum
2211 5800 2437 5862 interno
2465 5803 2672 5864 timore
2701 5810 2757 5862 et
2782 5816 2982 5863 amore
3039 5801 3138 5862 Dei
3167 5801 3242 5862 ad
3267 5797 3590 5876 ea'agcnda
3617 5816 3679 5862 se
