4120 6360
268 294 389 362 633

1569 298 1951 366 CAPITULA
1996 296 2375 362 PRAGTIGA

3557 293 3679 361 634

349 420 420 498 ξ’.
453 430 647 489 Πολλοὶ
699 433 796 507 μὲν
851 432 1271 511 ἂνκγινώσκολσι
1330 437 1424 501 τὰς
1469 437 1608 501 θείας
1664 435 1873 516 Γραφάς
1909 449 1923 464 ⁶

2095 432 2195 496 60.
2229 429 2583 511 Complures
2627 431 2863 495 divinas
2905 432 3244 514 Scripturas
3293 430 3525 511 legunt,
3571 429 3677 492 alii

384 520 431 554 Κλ
1001 521 1011 538 ο
1183 525 1196 544 9
1286 525 1300 546 Ι
1574 528 1586 546 ς
1637 530 1640 534 ί
1791 523 1834 544 ﬁ‘

272 525 323 578 οἱ
379 537 433 578 Οτ.
475 523 566 578 καὶ
614 521 1109 600 ἀναγινωσκομενας
1173 545 1449 583 ακουουσιν
1484 543 1498 558 ⁸
1561 525 1730 606 ολίγοι
1786 543 1841 581 οε
1885 529 1931 582 οἱ

271 617 378 668 τῶν
436 610 948 690 ἀναγινωσκομένων
1009 613 1108 680 τὴν
1168 610 1382 690 δύναμιν
1443 616 1531 672 καὶ
1587 615 1686 682 τὴν
1729 613 1930 670 ’ἐννοιαν

272 701 437 779 ὀρθῶς
467 698 656 757 εἰδέναι
689 699 963 778 δυνάμενοι
997 706 1013 734 ‘
1076 704 1129 760 οἳ
1192 705 1322 760 σιτοπτέ⁹
1380 707 1480 782 μὲν
1525 704 1749 762 ἀδύνατα
1791 705 1932 761 εἶναι

272 790 340 846 τὰ
397 790 500 846 ὑπὸ
560 793 663 847 τῶν
721 790 871 847 θείων
933 798 1155 872 Γραφῶν
1220 793 1602 876 ἀποφαίνονται
1631 811 1644 824 '
1706 794 1836 851 ποτὲ
1878 791 1932 849 δὲ

271 879 360 934 καὶ
406 875 604 934 ἄπιστα
651 878 925 944 παντελῶς
983 883 1237 958 ἡγοῦνται
1275 898 1288 912 ⁸
1433 885 1522 940 καὶ
1577 883 1929 962 ἀλληγοροῦσι

267 975 432 1026 ταῦτα
458 972 639 1032 κακῶς
676 987 688 1000 ⁸
722 969 902 1024 καὶτὰ
954 970 1052 1045 μὲν
1103 972 1240 1028 κατὰ
1291 973 1380 1029 τὸν
1426 971 1686 1030 ἐνεστῶτα
1737 972 1929 1053 χρόνον

266 1054 555 1134 λεγόμενα,
619 1057 693 1120 ὡς
753 1059 884 1137 πρὸς
946 1057 1208 1133 μέλλοντα
1271 1059 1490 1128 ἐκϐῆναι
1546 1063 1800 1142 κρίνουσι,
1863 1061 1929 1118 τὰ

259 1143 317 1200 δὲ
347 1147 465 1224 περὶ
520 1152 627 1202 τῶν
685 1145 990 1220 μελλόντων
1037 1150 1312 1228 εἰρημέναι,
1373 1153 1446 1216 ὡς
1506 1150 1607 1219 ἤδη
1638 1151 1922 1231 γεγονότα,

258 1235 348 1290 καὶ
376 1231 493 1290 καθ’
525 1235 758 1303 ἑκάστην
802 1237 1056 1314 γινόμενα
1101 1237 1522 1314 ἐκλαμϐάνονται
1562 1261 1578 1277 ⁸
1636 1243 1725 1298 καὶ
1755 1239 1924 1304 οὕτως

267 1327 362 1382 οὐκ
388 1321 498 1379 ἔστι
528 1326 699 1403 κρίσις
753 1326 880 1406 ὀρθη
935 1326 989 1382 ἒν
1048 1329 1256 1398 αἰποϊς,
1316 1327 1431 1386 οὐδὲ
1481 1327 1761 1410 διάγνωσις
1791 1328 1924 1397 ἀλη-

266 1412 362 1479 θὴς
393 1411 447 1468 ἐν
475 1414 632 1477 θείοις
663 1416 751 1471 καὶ
797 1415 1140 1494 ἀνθρωπίνοις
1170 1417 1498 1497 πράγμασιν.

354 1592 375 1622 σ
427 1571 533 1640 Qui
586 1586 766 1643 prope
822 1574 999 1630 maris
1080 1575 1238 1633 littus
1291 1583 1419 1642 stat,
1477 1577 1926 1637 immensttatem

275 1657 554 1713 aquarum
583 1643 772 1715 pelagi
808 1645 1107 1719 _conspicit
1161 1647 1258 1703 ille
1316 1648 1547 1719 quidem
1595 1665 1787 1708 earum
1821 1666 1930 1707 au-

275 1707 385 1792 tem
417 1707 746 1792 extremum
768 1715 894 1773 visu
920 1707 1034 1792 non
1069 1726 1252 1792 potest
1281 1707 1541 1792 dt'ﬂnire,
1568 1722 1668 1792 sed
1705 1707 1924 1792 partem
1951 1707 1990 1755 Β

276 1785 545 1866 aliquam
579 1785 863 1866 duntaxat
910 1785 1104 1846 videt':
1168 1790 1251 1845 sic
1301 1791 1398 1866 qui
1429 1791 1491 1866 in
1521 1785 1805 1850 infinitum
1838 1793 1924 1850 di-

271 1855 419 1938 vinae
492 1855 691 1938 gloriae
729 1859 1014 1938 “pelagus
1076 1855 1532 1938 contemplanda
1616 1867 1922 1934 respicere,

274 1928 577 1998 ipsumque
608 1928 987 2001 intelligentia
1037 1931 1251 1996 videre,
1299 1928 1364 1989 ac
1418 1933 1662 1991 lustrare
1691 1928 1922 2000 meruit,

273 2011 387 2080 non
418 2011 591 2082 quam
623 1999 823 2082 latum:
844 2010 900 2058 et
931 2010 1152 2082 vastum
1186 2009 1270 2082 est
1300 2023 1313 2057 :
1377 2005 1477 2060 sed
1523 2019 1703 2082 quam
1731 1999 1921 2080 longe,

277 2071 483 2142 animae
507 2071 810 2142 ejusioculi
841 2081 1210 2142 conspectum
1242 2075 1450 2140 ferunt,
1484 2071 1651 2133 videt.

353 2141 909 2215 sQuemadmodum
968 2141 1148 2215 prope
1201 2160 1358 2203 mare
1415 2149 1755 2212 consistens.
1807 2163 1926 2206 non

277 2211 463 2268 solum
493 2212 682 2282 ipsum
713 2211 991 2291 aspicere;
1020 2211 1119 2272 sed
1176 2217 1347 2274 etiam
1396 2217 1453 2291 in
1483 2234 1659 2290 aquas
1687 2211 1810 2291 ejus
1837 2221 1929 2276 in-

277 2291 429 2366 trare
475 2292 754 2366 quantum
789 2285 1260 2366 li_buerit,_pote_st
1293 2304 1306 2344 :
1369 2290 1453 2366 sic
1483 2285 1553 2346 in'
1581 2285 1796 2366 lumine
1826 2292 1928 2348 Dei

277 2354 902 2430 hominesspirituales
959 2354 1336 2428 qui'volunt,
1389 2360 1514 2430 ejus
1571 2362 1800 2418 videndi
1832 2378 1930 2419 co-

279 2425 712 2553 ggsggpgli'que
742 2425 1098 2500 copiam‘pro
1155 2431 1325 2488 modo
1382 2425 1649 2490 desiderii
1679 2433 1768 2490 sui
1799 2449 1932 2492 con-

380 2513 414 2553 u
608 2541 620 2551 .

276 2511 620 2568 sequuntur.

347 2567 373 2619 ἆ
409 2567 709 2635 Quomodo
737 2569 799 2644 in
833 2570 1039 2644 littore,
1069 2573 1244 2629 maris
1275 2579 1454 2638 stans,
1488 2574 1738 2644 quandiu
1768 2586 1927 2635 extra

277 2653 482 2720 aquam
509 2648 666 2720 est,“
693 2639 851 2720 videt
888 2643 1098 2720 omnia,
1164 2639 1717 2720 profunditatemque
1745 2651 1930 2720 pelagi

278 2710 708 2792 intelligit-Ubi
739 2722 925 2792 autem
954 2715 1012 2772 in
1063 2710 1216 2784 ipsas
1271 2715 1451 2792 undas
1476 2710 1764 2792 _ingt‘edi,'
1787 2730 1842 2792 et
1872 2710 1931 2777 in

278 2783 349 2837 iis
406 2783 588 2858 mergi
650 2787 904 2853 coeperit,
965 2783 1099 2855 quo
1159 2786 1406 2856 amplius
1463 2783 1777 2858 descendit,
1825 2791 1935 2848 hoc

280 2853 564 2934 magisab
593 2865 826 2979 aspectu
859 2853 1058 2912 eorum
1091 2872 1220 2927 quae
1252 2853 1387 2914 foris
1416 2867 1550 2916 sunt
1601 2853 1796 2918 abest:
1859 2865 1934 2920 ita

283 2937 381 2979 uut
439 2923 620 2979 dtvmi
693 2927 906 2979 uminis
964 2927 1092 2979 facti
1151 2939 1286 2979 sunt
1346 2931 1688 2979 narticines:
1752 2947 1934 2979 nitan-

283 2923 395 2994 qui
439 2923 620 3002 divini
663 2923 906 3002 luminis
964 2923 1286 3002 facti'sunt
1345 2931 1690 3002 participes;
1752 2947 1935 3002 quan-

278 3004 398 3052 tum
458 2997 536 3076 in.
576 2998 932 3076 cognitione_
967 2999 1279 3076 divinitatis
1317 2997 1663 3076 proﬁciunt,
1715 2997 1934 3062 tantum

280 3069 655 3140 proportione
677 3077 886 3140 caetera
918 3069 1189 3140 ignorare
1219 3069 1517 3140 incipiunt.

2017 539 2118 583 eas
2146 520 2263 600 legi
2286 539 2353 582 ac
2383 520 2624 583 recitari
2647 519 2932 584 audiunt:
2963 521 3135 602 pauci
3165 529 3366 583 autem
3403 519 3676 601 sunt,qui

2015 610 2137 671 vim
2166 618 2225 671 et
2257 609 2589 686 notionem,
2642 629 2748 671 seu
2800 610 3257 690 intelligentiam
3287 609 3673 671 recitatorum

2020 697 2207 780 probe
2237 708 2656 780 assequantur.
2689 699 2806 762 Alii
2840 699 3082 781 quidem
3101 699 3174 760 de
3201 699 3320 761 illis
3343 698 3528 760 multa
3546 698 3676 759 ﬁeri

2016 807 2136 849 non
2157 807 2330 868 posse
2355 787 2764 868 pronuntiant,
2790 808 2922 868 quae
2943 789 3063 850 illis
3092 787 3301 850 litteris
3334 787 3674 863 traduntur,

2015 877 2119 940 alii
2140 896 2245 958 pro
2269 877 2917 959 planeincredibilibus
2935 879 3162 941 ducunt
3179 885 3299 957 aut,
3317 895 3386 938 ea
3411 876 3677 956 aliegorii

2015 972 2456 1047 pervertunt.Et
2475 986 2606 1048 quae
2630 967 2786 1029 dicta
2814 975 2950 1028 sunt
2972 968 3047 1028 de
3075 967 3354 1048 praesenti
3378 973 3670 1046 tempore,

2011 1055 2073 1116 in
2102 1055 2302 1117 futuro
2329 1066 2614 1118 eventura
2638 1057 2975 1137 accipiunt:
3002 1057 3078 1118 de
3108 1056 3322 1117 tuturis
3363 1073 3541 1135 porro
3573 1054 3671 1116 di-

2010 1151 2125 1220 cta,
2162 1145 2250 1204 sic
2282 1145 2778 1226 interpretantur,
2812 1144 2980 1226 quasi
3012 1164 3078 1207 ea
3102 1147 3228 1224 jam
3268 1146 3418 1206 facta
3443 1143 3583 1215 sint,
3617 1151 3676 1204 et

2009 1232 2278 1314 quotidie
2311 1235 2476 1296 ﬁant.
2503 1234 2588 1296 Ita
2611 1242 2816 1296 carent
2839 1253 3002 1305 vero,
3037 1234 3395 1313 sinceroque
3414 1231 3668 1313 judicio;

2008 1341 2120 1384 nec
2148 1321 2308 1384 inter
2345 1323 2575 1385 divinas
2623 1325 3034 1406 humanasque
3085 1342 3183 1385 res
3231 1324 3667 1395 internoscere,

2007 1430 2076 1474 ac
2103 1410 2472 1494 distinguere
2502 1413 2808 1496 sapienter
2839 1422 3094 1496 possunt
3117 1416 3226 1494 (7).

2013 1575 2275 1647 mittitur.
2310 1575 2382 1632 Et
2413 1576 2520 1632 hoc
2549 1582 2654 1641 est,
2687 1573 2840 1647 quod
2891 1575 3120 1647 dicitur,
3169 1574 3316 1631 Deus
3347 1573 3445 1647 lux
3478 1581 3583 1640 est,
3617 1581 3674 1631 et

2013 1646 2109 1703 lux
2138 1662 2406 1718 suprema
2441 1665 2457 1701 :
2490 1657 2542 1703 et
2572 1647 2662 1702 his
2693 1644 2790 1716 Qui
2825 1644 2996 1717 hujus
3027 1655 3319 1718 compotes
3350 1646 3476 1703 facti
3511 1654 3666 1710 sunt,

2015 1719 2086 1775 ab
2119 1717 2275 1775 omni
2310 1719 2530 1775 visione
2561 1720 2814 1790 quieset
2843 1717 3108 1774 cessatio.

2088 1809 2109 1840 ι
2170 1790 2312 1846 Tum
2364 1786 2880 1855 mensﬁcontinuo
2939 1795 3094 1845 motu
3137 1787 3274 1844 cieri
3343 1786 3536 1854 solita,
3597 1787 3671 1844 sit

2006 1859 2343 1932 immobilis,
2407 1868 2460 1918 et
2517 1861 2674 1932 omni
2733 1860 3066 1932 cogitationi
3120 1873 3355 1932 pausam
3387 1859 3502 1923 dat,
3537 1872 3670 1914 cum

2007 1931 2285 1988 nimirum
2316 1939 2428 1990 tota
2484 1947 2512 1988 a
2544 1930 2760 2002 divina
2812 1930 3090 2002 caligine,
3147 1930 3482 2000 lumiuequo
3530 1943 3674 2002 con-

2008 2011 2154 2073 tecta
2189 2004 2376 2060 fuerit.
2411 2001 2794 2059 Nihilominus
2842 2001 3072 2073 speriat,
3135 2003 3325 2066 sentit,
3377 2010 3432 2058 et
3465 2001 3673 2073 fruitur

2007 2071 2200 2138 bonis,
2235 2075 2293 2130 in
2318 2075 2529 2143 quibus
2559 2083 2838 2130 versatur.
2876 2071 3008 2131 'Nec
3065 2075 3222 2129 enim
3278 2080 3340 2129 ut
3369 2072 3672 2142 profundi-

2007 2152 2092 2216 tas
2122 2145 2410 2202 undarum
2441 2144 2641 2206 maris.
2693 2145 2774 2200 sic
2830 2155 2884 2202 et
2941 2145 3303 2216 profunditas
3334 2145 3517 2216 sancti
3548 2143 3670 2213 Spl-

2009 2215 2199 2287 ritus;
2235 2217 2337 2274 sed
2395 2226 2482 2272 est
2537 2230 2694 2287 aqua
2745 2215 2866 2271 viva
2927 2215 3346 2287 vitae_zeternze
3379 2215 3558 2281 (Joan.
3589 2225 3667 2280 tv,

2012 2286 2121 2354 10).
2154 2286 2351 2344 Omnia
2387 2301 2558 2356 porro
2592 2285 2737 2342 ‘illic
2794 2301 2901 2342 nec
2958 2285 3219 2356 intelligi.
3268 2299 3376 2343 nec
3405 2300 3669 2356 compre-

2011 2356 2204 2424 hendi,
2237 2373 2344 2414 nec
2375 2358 2650 2428 explicari
2683 2366 2919 2428 queunt,
2956 2358 3012 2413 in
3045 2358 3256 2428 quibus
3278 2370 3440 2412 mens
3473 2356 3664 2413 omnia

2012 2430 2402 2498 aspectabilia,
2439 2439 2493 2486 et
2521 2429 2629 2484 sub
2679 2428 3033 2485 intellectum
3065 2428 3322 2484 cadentia
3355 2429 3662 2492 transiens,

2013 2509 2290 2567 moratur,
2323 2509 2377 2558 et
2407 2501 2464 2557 in
2497 2501 2635 2557 solis
2694 2499 2808 2556 illis
2865 2499 3236 2556 immobiliter
3292 2508 3552 2556 movetur
3599 2512 3668 2555 ac

2014 2573 2273 2637 vertitur,
2307 2575 2504 2628 vivens
2563 2573 2619 2628 in
2681 2574 2790 2628 vita
2854 2586 3022 2639 supra
3080 2573 3275 2634 vitam,
3321 2570 3438 2640 ipsa
3473 2570 3667 2627 lumen

2017 2643 2077 2698 in
2111 2642 2349 2712 lumine,
2385 2643 2576 2700 lumen
2611 2657 2725 2699 non
2759 2657 2860 2712 per
2889 2657 2949 2699 se
2983 2662 2995 2695 :
3046 2655 3162 2698 non
3195 2642 3349 2698 enim
3383 2653 3517 2697 tunc
3576 2656 3668 2698 se-

2018 2713 2218 2785 ipsam,
2255 2716 2352 2772 sed
2385 2716 2474 2784 qui
2507 2730 2680 2785 super
2709 2717 2891 2785 ipsam
2950 2721 3034 2770 est
3090 2713 3261 2785 videt,
3321 2721 3376 2770 et
3440 2727 3511 2768 ex
3570 2712 3669 2769 illa

2020 2783 2200 2858 glotia
2234 2783 2676 2858 cogitationibus
2735 2783 3069 2848 immutatis,
3131 2784 3376 2854 seipsam
3424 2793 3664 2855 ignorat.

2027 2876 2050 2906 ε
2085 2857 2356 2922 Mortuus,
2420 2871 2529 2914 nec
2586 2866 2846 2914 mortuus
2901 2865 3008 2926 est,
3061 2857 3161 2926 qui
3218 2870 3349 2911 cum
3405 2859 3476 2912 ad
3507 2869 3670 2912 men-

2020 2941 2212 2983 suram
2244 2929 2610 3000 perfectionis
2642 2928 2960 3000 pertigerit,
3016 2928 3154 2984 vivit
3207 2927 3265 3000 in
3299 2926 3431 2989 Deo,
3463 2927 3518 2981 in
3551 2941 3666 3000 quo

2017 2996 2314 3070 est,quasi
2366 3003 2419 3056 in
2476 2996 2941 3069 semetipso—non
3001 3002 3186 3070 vivat.
3227 2996 3442 3070 caecus,
3501 2996 3665 3068 quasi

2017 3077 2244 3140 natura,
2277 3086 2407 3128 cum
2441 3071 2598 3128 omni
2655 3079 2888 3142 aspectu
2946 3069 3192 3126 naturali
3253 3069 3434 3125 factus
3478 3071 3669 3142 sitsu.

358 3156 380 3188 α
441 3137 1085 3216 Quemadmodum'qui
1144 3141 1201 3196 in
1261 3137 1404 3213 aqua
1442 3144 1640 3216 maris
1696 3152 1783 3202 est
1841 3161 1908 3216 ge
1953 3137 2252 3216 Cperior':
2304 3151 2499 3212 utpote
2542 3143 2638 3216 qui
2689 3137 2868 3199 n'ovos
2926 3143 3147 3216 oculos,
3205 3148 3260 3197 et
3315 3139 3671 3216 naturalibus

281 3221 478 3291 nuunt,
513 3218 612 3265 aut
652 3209 1246 3292 lumborum—tenus,
1300 3209 1488 3292 omnia
1541 3223 1725 3292 extra
1757 3209 1933 3288 aquas

281 3281 583 3356 perspicue
613 3280 783 3356 videt.
842 3281 898 3338 Si
930 3291 1141 3356 autem
1196 3285 1259 3356 in,
1315 3288 1661 3356 profundum
1695 3280 1934 3344 descen-

279 3349 394 3415 dat,
420 3349 482 3408 et
511 3359 664 3408 totus
694 3352 802 3409 sub
831 3353 1125 3429 unda__sit,
1181 3349 1332 3412 nibil'
1371 3357 1489 3428 jam
1548 3373 1746 3415 eorum
1803 3373 1931 3429 quae

280 3430 436 3504 extra
471 3436 696 3504 aquam,
729 3433 877 3480 sunt.
941 3425 1133 3504 videre
1196 3425 1418 3496 potest:
1479 3430 1698 3504 ethoc
1743 3425 1926 3504 solum

277 3501 453 3574 novit,
507 3511 568 3548 se
621 3501 1107 3576 totuquuantus
1158 3509 1406 3576 quantus
1437 3508 1522 3556 est
1551 3501 1609 3576 in
1644 3502 1926 3570 profundo

279 3568 454 3645 maris
486 3579 612 3645 esse
645 3581 660 3619 :
714 3568 799 3621 sic
825 3568 895 3624 iis
920 3569 1255 3645 contingere
1287 3571 1450 3645 solet,
1492 3571 1588 3642 qui
1617 3568 1926 3642 progressu

279 3636 564 3720 spiritua‘li
597 3649 886 3720 crescunt,
935 3636 1232 3720 atqluefad
1291 3636 1695 3713 perfectionem
1728 3636 1926 3714 Eogui-

280 3712 452 3762 tionis
483 3714 538 3763 et
569 3712 800 3764 visionis
829 3712 1164 3767 ascendunt.

353 3777 826 3860 «Quando,_qui
885 3783 950 3860 in
1003 3781 1292 3860 spirituali
1351 3784 1694 3853 perfectione
1724 3799 1926 3854 proce-

279 3846 440 3930 dunt,
475 3846 858 3930 particulatim
893 3846 1324 3930 il!uniinantur._
1351 3846 1489 3930 'sive
1523 3846 1772 3930 mrntet'n
1807 3867 1919 3913 tan-

277 3921 572 3996 tummodo
634 3921 1019 3996 illustrantur.
1077 3933 1216 3980 tunc
1273 3926 1512 3996 gloriant
1577 3927 1691 3992 Uei,
1751 3937 1813 3984 ut
1867 3930 1924 3984 in

275 3991 508 4069 specqu
539 4006 642 4063 per
673 3995 766 4069 int
794 3994 1110 4065 lligentiam
1143 3991 1462 4069 intuentur,
1485 4000 1928 4069 cognitioncque

273 4065 453 4133 magis
485 4079 552 4120 ac
580 4063 781 4144 magis,
815 4063 1328 4144 “mysteriorum
1387 4063 1733 4144 revelatione
1771 4088 1808 4144 ag
1834 4063 1928 4126 su-

273 4147 448 4203 perna
510 4138 690 4205 gratia
747 4140 986 4210 mystice
1034 4138 1392 4199 imbuuntur.
1455 4155 1484 4196 a
1542 4141 1927 4210 Speculatione

276 4219 474 4260 eorum
529 4220 657 4283 quae
708 4217 860 4271 sunt,
919 4208 992 4264 ad
1047 4212 1428 4283 cognitionem
1487 4208 1664 4280 illius,
1709 4214 1805 4283 qui
1839 4222 1924 4269 est

275 4290 446 4345 super
476 4278 666 4332 omnia
699 4293 826 4348 quae
858 4291 1009 4339 sunt,
1045 4281 1249 4338 sublati
1285 4281 1559 4338 Videlicet.

357 4369 377 4398 ι
411 4347 518 4415 Qui
553 4347 883 4429 perfectioni
915 4353 1398 4429 appropinquant,
1433 4361 1487 4409 et
1534 4353 1746 4429 adhuc
1774 4352 1920 4429 velut

2016 3211 2232 3282 absque
2289 3211 2710 3284 comparatione
2798 3213 3219 3284 priestantiores
3280 3211 3562 3284 acceperit
3617 3221 3671 3268 et

2016 3297 2186 3350 supra
2220 3282 2439 3341 natura?
2471 3285 2581 3340 vim
2614 3293 2828 3340 cernat.
2859 3283 3058 3352 Operis
3087 3296 3344 3352 exspers,
3377 3291 3433 3338 et
3460 3282 3670 3338 immo-

2014 3353 2169 3421 bilis,
2202 3357 2388 3426 utqui
2447 3370 2674 3412 omnem
2728 3355 3080 3411 functionem
3134 3368 3296 3410 suam
3328 3353 3668 3426 expleverit,

2013 3432 2068 3480 et
2099 3425 2426 3484 absolverit.
2486 3427 2620 3484 Sine
2677 3427 3039 3496 cogitatione,
3085 3433 3146 3481 ut
3205 3426 3478 3480 unionem
3509 3425 3668 3480 omni

2013 3496 2358 3568 cogitatione
2411 3499 2768 3568 superiorem
2829 3497 3087 3566 adeptus,
3165 3503 3220 3568 et
3273 3499 3664 3568 requiescens,

2012 3567 2109 3622 ubi
2141 3566 2298 3624 nulla
2331 3578 2416 3625 est
2467 3565 2672 3626 mentis
2723 3567 2894 3637 actio,
2942 3565 3069 3623 sive
3125 3565 3275 3622 ullus
3305 3565 3376 3622 ad
3404 3568 3667 3636 cogitan-

2011 3637 2166 3703 dum,
2219 3648 2318 3696 aut
2374 3639 2856 3702 ratiocinandum,
2915 3647 3014 3694 aut
3070 3637 3509 3705 concipiendum
3544 3651 3668 3693 mo-

2011 3716 2143 3780 tus.
2185 3710 2324 3777 Quae
2388 3713 2541 3767 enim
2602 3713 2892 3767 inteliectu
2949 3708 3322 3780 impossibilia
3388 3717 3543 3765 sunt.
3603 3724 3668 3764 ea

2013 3779 2360 3855 intelligere,
2419 3791 2518 3855 aut
2575 3796 2918 3855 pernoscere
2965 3779 3078 3855 non
3141 3788 3370 3855 potest:
3412 3788 3669 3855 etquo-

2011 3851 2316 3923 dammodo
2348 3854 2406 3910 in
2441 3854 2549 3923 bis,
2577 3851 2808 3923 'requie
2865 3851 2981 3916 illa,
3044 3851 3458 3923 immobilitatis
3491 3851 3666 3906 beatae

2011 3921 2473 3996 insensibilitatis
2521 3921 2850 3996 requiescit.
2926 3937 3112 3996 sensu
3153 3922 3455 3996 constact't
3503 3923 3668 3978 inex-

2011 3993 2371 4120 pgcabilium
2402 3993 2688 4054 bonorum
2749 3993 2987 4062 delaciis,
3039 3995 3221 4066 posita
3252 3993 3579 4050 curiositate
3609 4008 3670 4049 sa

2011 4080 2044 4120 ο
2092 4081 2176 4120 tec
2204 4080 2328 4120 ans.

2010 4074 2328 4136 umectans.

2087 4135 2108 4208 ὲ
2143 4137 2250 4204 Qui
2282 4138 2352 4193 ad
2386 4137 2540 4192 hunc
2572 4137 2804 4195 modum
2868 4135 3232 4208 perfectionis
3259 4135 3578 4208 pervenire.
3609 4142 3666 4191 et

2008 4207 2340 4278 huiusmodi
2400 4208 2546 4266 bona
2607 4207 2881 4267 obtinere
2943 4223 3058 4264 non
3121 4209 3350 4274 meruit,
3411 4207 3665 4276 seipsum

2008 4281 2193 4335 solum
2227 4279 2594 4348 condemnet,
2653 4291 2706 4338 et
2767 4295 2838 4337 ne
2903 4283 3332 4336 excusationem
3367 4285 3667 4346 praetexat,

2006 4364 2131 4404 esse
2189 4365 2308 4406 rem
2368 4353 2828 4421 impossibilcm:
2882 4362 2978 4408 aut
3039 4352 3374 4420 contingere
3430 4348 3667 4421 quidem

279 4431 350 4500 ex
381 4429 537 4488 parte
569 4419 779 4483 vident,
841 4419 1303 4500 itnperitiamfet
1331 4425 1922 4500 comprehensibilita-
1945 4427 1988 4476 D
2011 4419 2569 4500 pt'rfecntiortem.__sel
2605 4427 2706 4500 ira,
2738 4432 2803 4500 ut
2855 4436 2968 4478 non
3014 4419 3365 4500 cognoshas,
3399 4422 3498 4474 sed
3525 4434 3554 4473 θ
3586 4419 3665 4500 di»

278 4497 393 4546 tem
469 4504 669 4565 eorum
729 4506 872 4565 quae
955 4493 1150 4565 vident
1222 4495 1608 4564 intelligentes
1663 4497 1925 4565 obstupe-

277 4573 462 4637 scunt.
494 4562 617 4629 Quo
647 4563 800 4637 enim
834 4565 959 4632 plus
1009 4564 1062 4620 in
1117 4565 1306 4621 lttmcn
1341 4562 1550 4637 divinae
1579 4562 1924 4637 cognitionis

280 4635 516 4709 intrant,
549 4649 615 4689 eo
647 4631 1023 4709 ignorantiam
1054 4651 1215 4709 suam
1253 4636 1500 4706 amplius
1536 4631 1915 4709 cognoscunt.

277 4703 518 4779 Quando
548 4715 737 4779 autem
769 4705 820 4760 id
852 4706 1003 4777 quod
1038 4703 1414 4778 intelligentia
1455 4703 1635 4778 capit;
1659 4711 1925 4779 quodque

275 4777 580 4851 obscurius
633 4777 773 4844 ipsis
827 4789 1081 4851 apparet,
1138 4789 1191 4836 et
1241 4777 1535 4850 tanquam
1573 4783 1629 4835 in
1678 4777 1926 4851 speculo

273 4848 597 4920 ostenditur
626 4855 680 4904 et
708 4861 780 4920 ex
810 4859 970 4915 parte
1019 4849 1327 4918 illuminat,
1361 4848 1736 4920 expressius.
1767 4861 1822 4909 et
1850 4853 1930 4908 in-

274 4918 604 4992 dulgentius
636 4917 812 4974 videri
845 4920 1103 4992 voluerit,
1137 4931 1192 4978 et
1222 4917 1567 4978 illuminatio
1623 4938 1722 4992 per
1769 4939 1926 4980 com-

277 4991 729 5063 municationem
775 4991 950 5056 uuiri,
1011 5000 1308 5062 totumque
1358 4994 1416 5048 in
1474 5009 1536 5050 se
1595 4993 1718 5063 ipso
1773 5009 1930 5051 com-

280 5059 472 5133 plecti,
504 5070 557 5116 et
586 5062 680 5133 ille
713 5063 833 5130 ipse
882 5077 937 5118 1u
998 5059 1282 5132 profundo
1339 5064 1596 5133 spiritus,
1617 5059 1690 5120 'ut
1723 5066 1776 5120 in
1811 5081 1927 5121 me-

281 5132 376 5206 dio
405 5133 613 5203 abysso
661 5132 997 5206 fulgantium
1059 5149 1340 5206 aquarum
1375 5132 1810 5192 immensarum
1841 5138 1932 5193 in-

279 5204 497 5285 clusus,
557 5210 619 5285 _et
673 5204 1037 5285 interceptus
1078 5204 1266 5269 fuerit,
1333 5217 1452 5262 tum
1509 5211 1567 5285 in
1628 5211 1932 5277 perfectam

282 5276 687 5348 ignorantiam,
723 5276 1040 5348 utpoteiqui
1073 5292 1302 5333 omnem
1358 5276 1742 5348 cognitionem
1775 5290 1930 5336 tran-

277 5347 586 5420 scenderit,
621 5348 788 5420 modo
818 5347 1096 5420 ineffabili
1124 5349 1384 5420 emergit.

357 5419 872 5492 ¢.lens_simplex,‘
916 5419 1001 5475 vel
1065 5422 1254 5490 potius
1296 5419 1463 5476 omni
1513 5422 1765 5476 motione
1820 5436 1930 5477 nu-

278 5489 427 5555 data,
481 5500 535 5547 et
583 5490 641 5547 in
699 5489 1079 5560 simplicitate
1117 5491 1374 5548 divinum
1431 5493 1621 5548 lumen
1681 5501 1790 5548 tota
1846 5496 1927 5547 in-

279 5576 494 5634 gressa.
558 5563 740 5634 etab
819 5564 939 5633 ipso
1011 5575 1298 5632 cooperta.
1366 5577 1476 5620 non
1551 5563 1717 5620 habet
1775 5563 1930 5618 aliud

279 5632 574 5704 quidpiam
606 5632 884 5699 invenire,
919 5637 974 5689 in
1036 5649 1150 5704 quo
1207 5637 1296 5698 sit,
1358 5646 1419 5691 ut
1478 5635 1647 5690 etiam
1679 5635 1746 5691 ad
1776 5635 1930 5690 illius

281 5705 714 5776 intelligentiam
751 5714 1043 5762 moveatur
1075 5723 1088 5769 ;
1140 5705 1239 5761 sed
1290 5707 1347 5761 in
1383 5706 1664 5776 profundo
1700 5707 1930 5763 luminis

280 5775 764 5844 divini’maneus,
820 5777 972 5835 foras
1027 5777 1314 5849 respicere
1370 5775 1608 5836 Omnino
1653 5792 1770 5836 non
1801 5793 1932 5850 per-

2009 4493 2155 4563 vinis
2184 4491 2492 4563 Scripturis
2522 4497 2846 4550 certissime
2900 4497 3074 4553 norit,
3135 4507 3255 4547 rem
3306 4504 3432 4546 esse
3485 4491 3668 4563 possi-

2009 4562 2180 4619 bilem
2213 4578 2279 4620 ac
2307 4561 2520 4627 veram,
2555 4575 2608 4621 et
2641 4580 2811 4634 opere
2847 4567 2968 4633 ipso
3003 4564 3242 4625 ﬁ:ri,,et
3299 4563 3373 4617 ita
3406 4561 3661 4631 quidem,

2006 4643 2068 4706 ut
2099 4645 2482 4706 cognoscatur
2514 4637 2656 4692 lteri.
2692 4637 3018 4693 Otnissione
3075 4644 3287 4695 autem,
3347 4643 3402 4688 ct
3465 4635 3666 4706 inertia

2009 4705 2066 4760 in
2106 4704 2387 4762 mandatis
2421 4708 2726 4772 obeundis,
2760 4706 3160 4776 unusquisque
3216 4709 3421 4760 horum
3455 4719 3515 4758 se
3545 4704 3668 4772 ipse

2011 4779 2383 4846 proportione
2415 4778 2583 4834 bonis
2617 4782 2738 4836 istis
2772 4779 2971 4848 privat.

2083 4850 2160 4917 (7)
2194 4849 2482 4905 Pontanus
2511 4849 2665 4905 addit
2695 4872 2708 4906 :
2752 4844 2784 4899 ι’
2827 4850 2976 4905 Deus
3019 4847 3090 4902 ab
3123 4847 3286 4902 initio
3321 4844 3466 4901 duos
3502 4858 3670 4901 mun—

2013 4919 2114 4976 dos
2144 4920 2456 4984 fabricavit,
2494 4921 2774 4977 visibilem
2808 4931 2858 4977 et
2896 4917 3242 4974 invisibilem
3279 4933 3292 4972 :
3354 4931 3534 4972 unum
3567 4931 3671 4972 au-

2013 5001 2123 5047 tem
2163 5005 2356 5064 regem
2417 5007 2615 5048 eorum
2673 5007 2800 5064 qum
2859 4992 3154 5048 oculorum
3207 5002 3379 5045 sensu
3412 4989 3668 5057 percipe-

2014 5072 2213 5117 rentur
2245 5082 2258 5127 ;
2294 5063 2657 5134 duorumque
2717 5065 3063 5120 mundorum
3123 5064 3535 5134 characterem.
3568 5074 3668 5114 seu

2015 5143 2207 5189 notam
2245 5135 2300 5189 in
2332 5149 2392 5189 se
2449 5131 2578 5204 ipso
2632 5137 2925 5199 ferentem,
2983 5131 3340 5204 aspectabilis
3368 5131 3666 5193 nimirum,

2017 5215 2071 5260 et
2099 5205 2171 5260 ad
2219 5203 2654 5276 intelligentiam
2709 5205 3068 5276 pertinentis.
3131 5203 3223 5257 HIS
3266 5210 3669 5276 congruenter

2016 5291 2246 5346 quoque
2277 5282 2392 5332 duo
2414 5273 2573 5332 soles
2607 5273 2822 5345 lucL-nt,
2853 5291 3002 5333 unus
3061 5275 3376 5339 sensibilis,
3407 5273 3551 5329 alter
3582 5275 3673 5328 in-

2018 5348 2335 5419 telligibilis
2365 5368 2377 5400 :
2413 5349 2681 5419 quodque
2712 5359 2801 5406 est
2827 5351 2895 5416 in
2948 5346 3293 5410 visibilibus,
3327 5356 3380 5401 et
3409 5347 3514 5419 sub
3548 5359 3672 5419 sen-

2017 5415 2531 5483 sum'cadenlilius,
2563 5415 2672 5483 sol,
2710 5422 2818 5477 hoc
2851 5422 2905 5476 in
2941 5421 3012 5475 iis
3063 5432 3189 5488 quae
3246 5426 3466 5474 tantum
3503 5415 3670 5471 intel-

2015 5490 2292 5562 liguntur,
2329 5491 2499 5547 Deus.
2532 5493 2773 5550 Justit‘ze
2803 5493 2955 5548 enim
3015 5491 3108 5548 Sol
3169 5497 3271 5550 cst,
3305 5503 3370 5543 ac
3403 5489 3668 5562 nomina-

2014 5559 2399 5631 tu'r(MatacIt.
2463 5575 2540 5625 tv.
2598 5564 2670 5632 2).
2736 5564 2921 5620 [labes
2981 5562 3151 5633 igi'ur
3207 5559 3516 5616 secundum
3551 5559 3673 5633 hinc

2013 5633 2164 5690 soles
2195 5636 2360 5701 duos)
2391 5647 2574 5691 unum
2607 5637 2928 5706 subjectum
2977 5632 3178 5706 oculis,
3213 5632 3671 5706 alterummenti

2013 5714 2072 5762 et
2097 5705 2306 5763 rationi
2340 5725 2353 5772 ;
2388 5702 2872 5777 quemadmodum
2929 5707 3062 5762 item
3118 5703 3232 5760 duo
3279 5702 3479 5777 utrundi
3512 5712 3666 5777 sunt,

2013 5784 2077 5836 ut
2099 5777 2369 5837 diximus.
2404 5773 2503 5837 'Et
2557 5778 2704 5838 alter
2753 5778 2985 5853 quidem
3037 5777 3265 5842 borum,
3327 5775 3384 5832 id
3430 5783 3536 5836 est,
3569 5773 3669 5846 qui
