4120 6380
403 297 526 364 635

1696 302 2082 368 SYMEONIS
2118 301 2472 367 IUNIOBIS

3662 295 3786 366 636

468 433 570 496 61.
603 433 725 497 Nos
756 433 858 516 qui
886 433 1095 497 ﬁdeles
1126 452 1354 511 sumus,
1375 435 1687 499 universos
1716 435 2038 499 ﬁdelesve-

2205 424 2309 500 ξα’.
2344 434 2551 499 Πάντας
2576 435 2697 499 τοὺς
2755 434 2974 498 πιστοὺς
3032 436 3106 499 ὡς
3155 435 3247 492 ἕνα
3301 433 3514 513 βλέπειν
3571 433 3781 514 ὀφείλο-

389 523 477 584 lut
504 542 690 585 unum
710 522 930 585 intueri
961 521 1272 599 debemus,
1301 532 1358 586 et
1383 526 1724 588 existimare
1753 526 1813 587 in
1845 525 2043 586 omni-

384 611 498 674 bus
545 613 845 676 Christum
900 631 1034 676 esse
1069 632 1084 676 :
1121 632 1376 695 eamque
1413 633 1553 694 ergo
1601 615 1798 696 ipsum
1832 633 2042 692 gerere

387 702 758 777 charitatem,
795 714 861 762 ut
891 722 998 783 pro
1029 721 1098 764 eo
1134 702 1364 764 animas
1395 712 1630 766 nostras
1678 723 1901 785 ponere
1933 723 2041 785 pa-

386 790 500 854 rati
529 791 737 852 simus.
772 792 1006 854 Etenim
1054 792 1331 853 universe
1363 793 1662 856 neminem
1702 793 2040 874 improbum

389 879 592 941 dicere
623 889 721 942 aut
745 881 1020 961 judicare
1050 880 1364 955 debemus,
1398 883 1501 944 sed
1537 901 1746 944 omnes
1788 902 1892 962 pro
1928 882 2040 943 bo-

388 968 484 1029 nis
513 969 754 1042 ducere,
790 977 853 1030 ut
879 969 1246 1033 dicebamus.
1280 971 1531 1033 Etiamsi
1579 971 1916 1052 quempiam
1951 971 2043 1031 vi-

391 1056 560 1120 tiosis
589 1057 845 1119 motibus
876 1058 1328 1121 tumultuantem
1361 1059 1601 1141 videris,
1629 1080 1746 1122 non
1771 1060 2040 1135 fratrem,

392 1146 497 1208 sed
533 1165 741 1226 pravas
790 1146 1215 1210 concitationes
1266 1149 1488 1222 oderis,
1525 1169 1558 1211 a
1587 1150 1802 1231 quibus
1846 1169 2040 1230 oppu-

390 1237 737 1312 gnatur.Sin
768 1255 801 1297 a
826 1235 1269 1316 cupiditatibus,
1307 1247 1366 1299 et
1389 1239 1546 1300 curis
1569 1238 1905 1318 anticipatis
1932 1237 2043 1298 mi-

395 1342 528 1386 sere
559 1325 933 1404 exagitatum,
970 1327 1198 1406 majore
1241 1327 1408 1387 illum
1457 1327 1864 1390 misericordia
1896 1346 2041 1407 pro-

393 1431 667 1493 sequere,
703 1433 778 1476 ne
809 1423 868 1476 et
895 1423 956 1476 tu
993 1415 1242 1478 tenteris
1269 1436 1285 1497 ;
1315 1424 1379 1476 ut
1411 1424 1548 1492 pote
1591 1424 1803 1478 natura
1846 1424 2042 1476 muta-

389 1499 496 1563 bili
526 1502 828 1582 praeditus,
862 1523 1158 1586 quamque
1205 1505 1459 1567 adversa
1519 1505 1825 1568 incursare
1873 1503 2046 1567 facile

392 1599 643 1672 possunt
676 1593 787 1672 (8).

473 1680 572 1741 6‘2.
607 1679 666 1742 Si
699 1681 832 1761 quis
864 1689 926 1742 ut
955 1681 1262 1762 hypocrita
1325 1682 1588 1758 fucatus,
1635 1690 1736 1744 aut
1764 1682 1838 1744 ob
1894 1682 2045 1745 facta

2126 546 2222 601 μεν
2265 527 2312 581 οἰ
2366 526 2566 596 πιστοὶ,
2612 525 2699 582 καὶ
2750 525 2834 581 ἐπὶ
2890 526 2964 580 ἐνὶ
3021 525 3228 600 ἑκάστῳ
3272 528 3443 582 αὒτῶν
3487 525 3628 581 εἶναι
3675 522 3777 579 λο-

2125 615 2351 693 γίζεσθαι
2383 617 2473 670 τὸν
2503 615 2730 694 Χριστόν
2767 631 2782 645 ·
2827 617 2914 670 καὶ
2958 612 3096 670 οὕτω
3123 621 3191 692 τῇ
3235 617 3364 693 πρὸς
3418 614 3574 670 αὺτὸν
3631 613 3775 690 ἀγά-

2123 727 2202 779 πῃ
2244 703 2562 776 διακεῖσθαι,
2596 705 2670 767 ὡς
2719 705 2960 778 ἑτοίμους
3009 704 3151 760 εἶναι
3209 703 3336 783 ὑπὲρ
3394 705 3554 762 αὖτοῦ
3576 701 3773 759 τιθέναι

2124 794 2217 856 τὰς
2247 791 2376 856 ἰδίας
2409 795 2590 873 ψυχάς
2637 810 2650 823 ⁸
2717 791 2833 851 οὒδὲ
2859 794 2958 872 γὰρ
3015 793 3076 849 τὸ
3126 791 3350 849 καθόλου
3393 790 3590 870 λέγειν³
3623 791 3661 859 ἢ
3689 813 3774 846 νο-

2126 883 2288 958 μίζειν
2360 881 2641 962 ὀφείλομέν
2709 904 2828 938 τινα
2909 883 3164 961 πονηρὸν,
3243 880 3378 938 ἀλλὰ
3439 882 3641 943 πάντας
3699 881 3774 942 ὡς

2126 972 2350 1049 ἀγαθοὺς
2407 974 2554 1050 ὁρᾷν,
2639 971 2817 1050 ὥσπερ
2888 969 3114 1045 εἴπομεν
3150 989 3164 1006 ·
3235 969 3328 1026 κᾶν
3411 971 3511 1026 ὑπὸ
3595 971 3776 1024 παθῶν

2127 1060 2452 1139 ὀχλούμενον
2506 1059 2599 1136 ἴδῃ
2657 1060 2794 1134 τινὰ,
2851 1059 2927 1134 μὴ
2953 1062 3042 1115 τὸν
3087 1057 3330 1139 ἀδελφὸν,
3367 1057 3504 1114 ἀλλὰ
3533 1057 3600 1114 τὰ
3627 1058 3774 1123 πάθη

2125 1152 2352 1224 μίσησον
2408 1150 2472 1205 τὰ
2542 1148 2875 1223 πολεμοῦντα
2929 1148 3107 1224 αὒτὸν,
3169 1147 3268 1204 κᾶν
3324 1149 3425 1204 ὑπὸ
3485 1147 3774 1221 ἐπιθυμιῶν

2124 1239 2211 1294 καὶ
2247 1236 2568 1317 προλήψεων
2611 1238 3044 1319 τυραννούμενον,
3103 1239 3188 1294 ἐπὶ
3233 1237 3423 1294 πλεῖον
3483 1235 3780 1316 σπλαγχνί-

2126 1331 2277 1394 σθητι
2310 1342 2323 1356 ·
2375 1329 2450 1403 μή
2480 1349 2609 1383 ποτε
2653 1329 2740 1382 καὶ
2771 1329 2925 1391 αὐτὸς
2957 1331 3265 1406 πειρασθῇς,
3315 1329 3387 1390 ὡς
3434 1327 3535 1383 ὑπὸ
3570 1326 3775 1404 τροπὴν

2127 1416 2200 1474 ὣν
2229 1415 2360 1483 ὕλης
2393 1415 2794 1495 εὒπεριστάτου.

2208 1669 2308 1758 ξβ’.
2360 1681 2427 1738 Εἴ
2476 1703 2557 1745 τις
2612 1679 2858 1750 κίϐδηλος
2913 1679 2964 1748 ἐξ
3015 1671 3360 1762 ὑποκρίσεως,
3417 1681 3452 1749 ἢ
3512 1679 3563 1747 ἐξ
3606 1679 3777 1760 ἔργων

393 1788 500 1831 sua
530 1771 1002 1850 reprehensione
1048 1772 1283 1852 dignus,
1331 1781 1430 1835 aut
1471 1773 1543 1834 ad
1594 1771 1770 1834 breve
1815 1781 2046 1850 tempus

2140 1771 2428 1846 ἓπίμωμος,
2475 1770 2510 1838 ἢ
2562 1772 2690 1850 πρὸς
2747 1772 2920 1851 βραχὺ
2962 1771 3338 1851 τεθραυσμένος
3394 1771 3446 1836 ἐξ
3503 1772 3618 1834 ἐνὸς
3661 1770 3777 1826 πά-

396 1858 641 1938 fractus,
678 1866 738 1919 et
765 1859 1035 1938 abjectus
1081 1870 1191 1936 est,
1226 1869 1328 1924 aut
1357 1862 1724 1943 aliquantum
1753 1879 1822 1922 ex
1851 1861 2045 1940 negli-

2128 1864 2269 1933 θους,
2303 1859 2338 1926 ἢ
2371 1860 2556 1936 μικρὸν
2600 1859 2823 1927 ἐλλιπὴς
2865 1858 2918 1925 ἐξ
2975 1859 3223 1935 ἀμελεὶας
3282 1860 3349 1936 ἐμ
3395 1859 3540 1939 μέρει
3571 1859 3779 1940 τυγχά-

324 1983 328 1986 ~
395 1946 596 2028 gentia
627 1947 688 2008 in
720 1949 918 2030 aliqua
942 1958 1106 2030 parte
1129 1950 1309 2013 ofﬁcii
1334 1951 1424 2012 sui
1443 1947 1758 2024 claudicat,
1787 1950 2047 2032 perfecte

2140 1970 2226 2022 νει,
2275 1952 2334 2007 οὒ
2402 1953 2908 2028 συγκαταριθμετται
2979 1963 3096 2014 τοῖς
3141 1949 3482 2030 ὁλόκλήροις,
3541 1947 3659 2004 ἀλλ’
3703 1950 3779 2012 ὡς

394 2038 556 2098 sanis
587 2056 706 2098 non
729 2037 1161 2102 adnumeratur
1195 2062 1208 2101 :
1242 2041 1348 2103 sed
1387 2051 1663 2121 tanquam
1708 2039 1960 2120 inutilis,
1993 2046 2047 2100 et

2140 2039 2404 2119 Ξέχρηστος
2446 2041 2535 2095 καὶ
2579 2038 2830 2116 ἀδόκιμος
2875 2036 3257 2112 ἆποϐάλλεται,
3306 2039 3400 2096 ἵνα
3444 2039 3520 2114 μὴ
3567 2038 3620 2094 ἐν
3663 2061 3782 2094 και-

396 2124 690 2205 reprobus
733 2125 1034 2206 abjicitur,
1092 2147 1188 2206 ne,
1240 2130 1378 2190 dum
1439 2138 1646 2191 catena
1692 2127 2046 2202 intenditur,

2140 2136 2207 2207 ρῴ
2270 2128 2496 2201 τάσεως,
2569 2126 2910 2207 διαῤῥαγῆναι
2968 2130 3172 2204 ποιήσῃ
3215 2130 3306 2185 τὸν
3349 2127 3636 2204 σύνδεσμον
3677 2133 3782 2195 τῆς

397 2215 526 2295 ipse
559 2213 730 2275 faciat
761 2224 823 2276 ut
852 2217 982 2296 ejus
1023 2218 1371 2298 conjunctio
1422 2219 1796 2299 dirumpatur
1845 2223 1902 2278 et
1949 2217 2047 2277 in-

2140 2215 2391 2291 ἁλύσεως,
2449 2218 2537 2272 καὶ
2610 2215 2876 2276 διάστασιν
2935 2215 2988 2272 ἐν
3057 2215 3412 2297 ἀδιαστάτοις,
3473 2217 3560 2272 καὶ
3610 2215 3782 2279 λύπας

397 2303 706 2364 tervallum
741 2303 914 2366 detur
943 2307 1002 2367 in
1026 2307 1137 2381 his,
1177 2327 1307 2388 qua:
1337 2307 1638 2389 proxime,
1679 2305 2047 2368 arctissime-

396 2411 512 2473 que
541 2392 671 2456 sine
715 2395 1026 2458 intervallo
1072 2398 1454 2461 cuhmrebant
1488 2416 1500 2460 :
1533 2406 1592 2460 et
1621 2397 1888 2478 utrisque
1915 2414 2048 2456 mo-

395 2481 653 2555 lestiarn,
685 2483 1076 2567 doloremque
1109 2487 1316 2568 pariat,
1353 2488 1494 2550 dum
1537 2487 1766 2568 priores
1810 2492 2052 2567 propter

395 2573 797 2653 sequentium,
833 2583 890 2637 et
921 2575 981 2637 hi
1015 2584 1259 2658 propter
1287 2576 1756 2659 praecedentium
1801 2592 2051 2656 separa-

399 2659 623 2724 tionem
655 2664 998 2727 cruciantur
1032 2665 1142 2748 (9).

399 2855 632 2914 sensum
665 2849 869 2906 movet,
934 2857 1063 2900 cum
1126 2843 1411 2909 omnibus,
1473 2858 1600 2914 quae
1628 2840 2050 2911 complectitur,

400 2913 472 2968 ab
503 2913 611 2969 hoc
640 2914 902 2970 sensibili
935 2923 988 2971 et
1020 2915 1353 2983 aspectabili
1403 2913 1524 2972 sole
1554 2914 1934 2970 illuminatur.
1968 2914 2055 2970 ΑΙ-

398 2991 486 3057 ter
506 2999 673 3057 _vere,
708 2985 1257 3057 siveintelligibilis,
1293 2987 1435 3056 ipse,
1472 2995 1526 3042 et
1554 2999 1681 3054 qua
1713 2985 1771 3040 in
1801 2999 1868 3041 eo
1898 2994 2050 3052 sunt,

397 3054 470 3111 ab
501 3054 1069 3130 intellectualiﬂsele'
1100 3054 1336 3130 justitiae
1389 3057 1596 3130 lucem,
1631 3057 2056 3130 claritatemque

2132 2306 2185 2362 ἐν
2219 2304 2534 2387 ἀμφοτέροις
2581 2307 2870 2384 ἐργάσηται
2906 2323 2925 2342 ⁸
2976 2313 3082 2362 τῶν
3139 2308 3234 2382 μὲν
3291 2306 3606 2385 ἔμπροσθεν,
3652 2305 3784 2384 ὑπὲρ

2131 2401 2238 2453 τῶν
2264 2395 2515 2474 ὑστέρων³
2551 2397 2655 2453 τῶν
2687 2394 2762 2471 δὲ,
2794 2395 2924 2474 ὑπὲρ
2953 2403 3046 2452 τοῦ
3077 2403 3353 2476 χωρισμοῦ
3373 2401 3479 2452 τῶν
3507 2393 3782 2474 προαγόν-

2133 2508 2238 2542 των
2283 2484 2692 2565 ἀλγεινομὲνων.

2137 2840 2293 2898 velut
2337 2840 2587 2913 irrigatae
2642 2840 2852 2913 plantae
2905 2842 3180 2900 virtutum
3234 2837 3448 2896 sensim
3501 2837 3562 2895 in
3609 2850 3782 2896 auras

2135 2910 2660 2992 prodeuntfatque'
2678 2910 3028 2992 adolescunt.
3187 2982 3203 2992 _
3455 2980 3466 2992 .

2212 3003 2236 3036 ι
2270 2984 2364 3042 Sol
2396 2978 2684 3041 sensibilis
2717 2983 2990 3049 exoritur,
3029 2982 3423 3052 mundumque
3451 2978 3786 3052 istumluce

2139 3070 2239 3112 sua
2272 3057 2458 3120 vestit,
2491 3065 2544 3112 et
2573 3057 2762 3113 omnia
2794 3056 3045 3124 quasillo
3075 3051 3458 3117 continentur,
3494 3051 3780 3124 homines,

400 3126 713 3224 ae‘cipiunt.
747 3121 1286 3224 Sensipilieqigictulr
1332 3127 1701 3224 arsensibili,
1759 3137 1812 3224 et
1842 3121 2112 3224 intelli-C
2140 3127 2606 3224 EeIAasJumenta,
2639 3135 2694 3184 et
2721 3121 2830 3183 alia
2886 3141 3062 3224 super.
3113 3141 3242 3224 qua:
3271 3125 3369 3181 lux
3399 3137 3458 3180 se
3489 3121 3786 3224 aequaliter

399 3193 597 3270 gihilia
639 3199 710 3254 ab
769 3193 1307 3270 intelligibili'Sole
1364 3201 1609 3255 divisum
1644 3199 2004 3255 illustrantur
2037 3193 2112 3255 z“
2139 3193 2404 3254 diffundit
2435 3214 2449 3254 :
2499 3213 2610 3268 qua
2641 3211 2872 3270 rursum
2903 3193 3193 3270 occidens,
3229 3196 3616 3270 locumquem
3646 3193 3786 3270 illu-

400 3269 622 3342 nullam
655 3271 884 3340 penitus
933 3269 1081 3328 inter
1136 3287 1198 3327 se
1254 3271 1741 3342 conjunctionem,
1776 3280 1874 3326 aut
1902 3272 2054 3342 noti-

399 3340 559 3406 tiam,
587 3352 682 3398 aut
713 3342 1178 3399 communionem
1213 3340 1573 3407 habentibus,
1617 3355 1806 3410 neque
1837 3341 2053 3398 intelli-

399 3411 673 3486 gibiiibus
703 3427 833 3486 eum
866 3414 1260 3485 sensibilibus,
1302 3428 1487 3486 neque
1518 3412 1891 3470 sensibilibus
1922 3427 2054 3471 cum

399 3481 882 3555 intelligtbilibus.

479 3574 501 3604 σ
551 3554 720 3612 salus
779 3558 950 3613 homo
1011 3570 1081 3612 ex
1138 3556 1410 3614 omnibus
1468 3569 1712 3628 quaeque
1764 3554 2052 3626 videntur,

397 3639 641 3698 qumque
671 3635 891 3684 tantum
923 3628 1116 3684 animo
1160 3627 1501 3685 cernuntur;
1556 3627 1789 3696 duplex,
1823 3642 1922 3683 seu
1957 3642 2056 3697 ge-

396 3698 590 3754 minus
619 3714 649 3754 a
683 3699 799 3754 Deo
829 3709 1056 3755 creatus
1085 3708 1190 3763 est,
1235 3714 1442 3768 corpus
1462 3698 1693 3768 quidem
1718 3713 1787 3753 ex
1810 3706 2056 3767 quatuor

399 3768 603 3892 primis
660 3771 1024 3838 corporibus,
1083 3785 1185 3827 seu
1239 3769 1536 3826 elementis
1596 3779 2056 3840 coagmentatum

439 3840 636 3892 abens.
674 3855 1022 3892 sensumque
1054 3857 1120 3892 ac
1169 3841 1456 3892 sniritum.
1516 3854 1616 3892 nor
1648 3855 1816 3892 auem
1851 3842 2055 3892 horum

439 3840 636 3912 abens,
674 3855 1022 3912 sensumque
1054 3857 1120 3897 ac
1169 3841 1456 3910 spiritum,
1491 3854 1616 3912 per
1648 3855 1816 3910 quem
1851 3842 2056 3912 borum

397 3911 816 3983 principiorum
851 3911 943 3968 est
966 3914 1244 3983 particeps
1273 3920 1328 3968 et
1358 3914 1414 3967 in
1440 3911 1555 3967 illis
1582 3912 1718 3967 vivit
1752 3953 1762 3963 .
1797 3911 2050 3968 animam

399 3989 588 4037 autem
623 3982 1030 4053 intelligentiae,
1079 3992 1133 4040 et
1190 3983 1417 4039 consilii
1466 3991 1807 4051 compotem,
1866 3999 1896 4038 a
1926 3998 2046 4039 ma-

399 4053 562 4124 teria,
597 4062 652 4110 et
679 4068 919 4124 corpore
953 4055 1209 4119 liberam,
1245 4069 1345 4110 seu
1396 4055 1632 4110 minime
1689 4062 2048 4122 corporatam

400 4121 557 4196 hisce
589 4121 1067 4195 imperscrutabili
1129 4135 1184 4183 et
1231 4124 1624 4196 inexplicabili
1660 4121 1898 4196 rratibne
1951 4140 2049 4183 co-

398 4195 969 4269 pulatamLcitraque
996 4197 1323 4254 mistionem
1353 4195 1407 4254 et
1449 4195 1854 4269 confusionem
1889 4211 2047 4253 com-

401 4265 647 4337 mistam.
685 4268 809 4324 Haec
839 4265 1008 4337 porro
1039 4283 1192 4324 unus
1223 4270 1395 4324 homo
1454 4276 1606 4331 sunt,
1648 4267 1858 4324 animal
1891 4283 2046 4324 mor-

398 4336 508 4392 tale
531 4345 590 4411 et
619 4336 960 4403 immortale,
1019 4341 1172 4411 quod
1228 4338 1407 4395 videri
1467 4353 1574 4395 nec
1623 4339 1799 4411 videri
1833 4347 2043 4410 potest,

396 4409 707 4483 s:ntiri,_et
742 4411 982 4483 intelligi
1020 4409 1053 4467 ;“
1092 4411 1151 4466 in
1210 4426 1324 4482 quo
1373 4410 1666 4480 spectandi
1725 4409 2046 4483 creaturam

2136 3271 2371 3347 strabat,
2431 3265 2694 3347 tenebris
2741 3268 3031 3347 oppletum
3090 3266 3380 3338 relinquit.
3423 3265 3786 3347 So|_intelli-

2137 3340 2270 3420 bilis
2295 3341 2492 3412 fulget,
2526 3350 2580 3420 et
2619 3341 2890 3412 fulgebat.
2951 3349 3103 3398 totus
3154 3355 3190 3420 ea
3241 3348 3356 3420 toto
3386 3340 3542 3420 omni
3573 3340 3656 3417 sic
3684 3349 3784 3393 ca-

2137 3419 2291 3481 ptus,
2325 3422 2387 3469 ut
2415 3413 2541 3483 capi
2581 3420 2870 3483 nequeat:
2926 3427 2954 3468 a
3012 3413 3289 3483 creaturis
3317 3417 3512 3483 autem
3538 3413 3658 3483 suis
3687 3421 3782 3463 se-

2137 3478 2413 3561 cernitur,
2443 3478 2504 3540 et
2528 3478 2780 3561 totus'ab
2811 3482 2881 3540 iis
2910 3483 3125 3555 absque
3145 3481 3409 3538 distantia
3437 3478 3785 3561 sejupgitur.

2135 3563 2334 3625 estque
2365 3555 2422 3611 in
2453 3562 2571 3611 toto
2605 3554 2762 3611 omni
2797 3563 2967 3623 totus,
3000 3550 3054 3612 ei
3100 3565 3384 3622 nusquam
3417 3559 3520 3607 est.
3555 3550 3618 3605 In
3650 3552 3782 3625 totis

2137 3622 2416 3702 creaturis
2473 3622 3023 3702 vis_ibilib_us___totus,
3084 3634 3138 3682 et
3184 3637 3414 3702 rursum
3461 3622 3782 3702 extrahas

2137 3705 2306 3753 totus.
2329 3698 2520 3754 'Totus
2551 3698 2608 3753 in
2631 3695 2975 3763 visibilibus,
3009 3691 3064 3754 et
3101 3704 3252 3752 totus
3284 3694 3342 3750 in
3374 3691 3781 3758 invisibilibus,

2137 3776 2193 3824 et
2223 3768 2432 3839 ubique
2461 3776 2612 3826 totus
2649 3767 2828 3836 adest,
2861 3778 2916 3824 et
2962 3775 3110 3826 totus
3141 3765 3495 3839 neutiquam,
3528 3768 3780 3839 uspiam.

2216 3860 2238 3889 α
2289 3835 2547 3916 Christus
2596 3835 2968 3916 principium,
3027 3835 3430 3916 medium,‘et_
3462 3835 3636 3916 tinis,_
3676 3848 3782 3916 seu

2139 3907 2672 3988 consummatioest
2702 3910 2762 3966 in
2788 3907 3082 3988 omnibus,
3105 3912 3318 3988 quippe
3337 3907 3434 3978 qui
3466 3907 3522 3988 in
3556 3907 3780 3988 primis,

2132 3981 2300 4038 etiam
2335 3983 2392 4058 i_n
2427 3982 2648 4058 mediis,
2699 3988 2791 4058 _et_
2820 3979 3141 4058 extremis.‘
3177 3979 3353 4058 utin
3411 3979 3613 4058 primis
3643 3986 3729 4058 est
3763 4001 3775 4033 :

2130 4067 2238 4108 nec
2267 4055 2420 4109 enim
2451 4054 2604 4123 quod
2634 4049 2720 4109 'ad
2776 4052 2900 4108 haec
2955 4053 3175 4119 attinet,
3232 4051 3434 4123 ullum
3474 4051 3631 4123 ineo
3660 4049 3781 4104 dis-

2131 4124 2347 4180 crimen
2379 4121 2510 4180 est‘:
2545 4125 2692 4180 sicut
2747 4137 2855 4179 nec
2911 4124 3216 4188 Barbarus,
3278 4121 3784 4194 necAScythaLnec

2132 4195 2360 4251 Graec-us
2403 4195 2460 4250 in
2521 4195 2646 4264 ipso
2693 4202 2798 4255 est,
2855 4196 2956 4252 sed
3011 4195 3226 4258 omnia,
3285 4201 3341 4250 et
3391 4192 3450 4248 in
3495 4190 3780 4250 omnibus

2129 4266 2386 4323 Christus
2415 4268 2614 4333 (Gatat.
2649 4277 2729 4328 nt,
2761 4265 2869 4333 28).

2211 4358 2232 4387 σ
2264 4339 2467 4394 Sancta
2495 4339 2745 4395 Trinitas
2793 4335 3057 4393 habitans
3113 4350 3216 4406 per
3264 4349 3484 4400 omnes,
3516 4348 3546 4406 a
3578 4333 3783 4406 primis

2131 4409 2202 4465 ad
2232 4410 2483 4474 ultimos,
2517 4418 2578 4466 ut
2635 4411 2705 4464 ab
2763 4407 2956 4479 aliquo
3015 4405 3199 4478 capite
3257 4421 3443 4479 usque
3473 4405 3544 4462 ad
3576 4405 3772 4479 pedes,

396 4481 823 4554 aspectabilem,
854 4492 909 4539 et
933 4477 1320 4554 'intelligendi
1378 4477 1844 4554 inaspectabilem
1878 4482 2049 4538 fat-.ul-
2071 4495 2111 4544 1)
2131 4489 2501 4554 coagmentat,
2531 4477 3253 4554 compopitfconglutinat,
3305 4477 3538 4539 adnuat,
3569 4487 3624 4554 e_t
3653 4477 3784 4534 col-

398 4559 483 4625 tas
516 4552 680 4625 inest.
739 4554 813 4611 Ut
865 4555 1038 4625 igitur
1093 4552 1177 4610 in'
1211 4553 1436 4610 duobus
1488 4553 1717 4609 mundis
1747 4553 2045 4625 efficientia

398 4620 513 4701 duo
569 4623 719 4701 seles
775 4620 1045 4701 differunt
1120 4639 1185 4681 ac
1261 4634 1621 4701 separantur,
1697 4627 1818 4694 pari
1877 4624 2047 4701 medo

397 4695 567 4750 etiam
607 4696 662 4751 in
698 4710 812 4753 uno
870 4698 1121 4761 homine,
1173 4695 1343 4752 unus‘
1378 4696 1608 4767 quidem
1643 4710 1874 4764 corpus.
1905 4695 2049 4752 alter

397 4766 646 4838 animam
679 4767 803 4838 ejus
831 4768 1128 4825 collustrat
1164 4784 1176 4824 :
1227 4778 1282 4825 et
1330 4766 1568 4838 uterque
1599 4767 1668 4822 de
1698 4782 1802 4822 suo
1833 4767 2047 4824 lumine

397 4836 740 4903 illuminato,
800 4854 901 4910 pro
930 4841 1053 4912 ejus
1087 4846 1252 4910 captu
1275 4836 1680 4902 abundantius,
1701 4848 1797 4895 aut
1820 4851 1938 4908 par.
1959 4840 2046 4895 ius

399 4912 806 4967 communicat.

473 5002 494 5032 α
528 4981 829 5037 Sensibilis
886 4982 969 5037 sol
1003 4980 1246 5046 videtur,
1272 4996 1383 5038 nen
1409 4981 1560 5039 videt
1590 5003 1601 5034 :
1636 4980 2047 5040 intellectualis

399 5053 620 5110 videtur
651 5053 720 5109 ab
753 5055 841 5109 his
871 5053 970 5124 qui
1012 5054 1169 5122 digni
1202 5063 1353 5117 sunt,
1388 5065 1442 5109 et
1471 5067 1671 5109 omnes
1701 5051 1851 5124 videt
1884 5073 1896 5117 -,
1933 5068 2047 5108 ma-

399 5127 486 5194 gis
516 5131 706 5181 autem
738 5140 834 5180 eos
890 5123 986 5194 qui
1048 5126 1236 5194 ipsum
1296 5126 1506 5180 vident.
1567 5123 1868 5181 Sensibilis
1928 5139 2044 5182 non

401 5195 674 5266 loquitur,
706 5210 812 5251 nec
852 5199 1118 5267 cuiquam
1171 5196 1321 5266 loqui
1377 5198 1582 5253 donat:
1647 5195 2046 5252 intellectualis

399 5277 456 5323 et
487 5269 736 5338 loquitur
766 5283 894 5323 cum
931 5268 1130 5323 amicis
1189 5270 1330 5337 suis,
1383 5281 1437 5324 et
1489 5275 1552 5324 ut
1596 5267 1920 5337 loquantur,
1954 5268 2050 5323 dat

399 5339 687 5394 omnibus.
720 5339 1017 5395 Sensibitis
1050 5341 1104 5393 in
1166 5339 1330 5396 horto
1389 5339 1646 5396 sensibili
1681 5340 1919 5404 micans,
1955 5354 2046 5396 ra-

399 5409 626 5466 diorum
657 5425 892 5467 suorum
942 5411 1162 5467 fervore
1222 5410 1521 5468 humorem
1579 5411 1853 5466 duntaxat
1882 5418 2049 5467 tetras

399 5483 668 5552 exsiccet,
702 5496 815 5538 non
865 5483 1032 5538 etiam
1092 5482 1334 5551 plantas.
1395 5493 1449 5539 et
1506 5482 1719 5538 semina
1763 5481 2051 5552 pinguefa-

401 5551 931 5624 cit:_intel|igibilis
979 5556 1034 5609 in
1096 5554 1282 5609 anima
1345 5554 1706 5617 illucescens,
1742 5551 2051 5624 utrumque

404 5622 862 5692 conﬁcitnempe
892 5624 1191 5681 humorem
1241 5626 1510 5683 vitiorum
1565 5625 1818 5692 arefacit,
1868 5636 1920 5681 et
1949 5622 2050 5682 fce-

399 5691 628 5778 ditatem
661 5708 731 5751 ex
760 5691 876 5751 illis
893 5704 1095 5778 natam
1125 5705 1424 5767 expurgat,
1457 5696 1777 5778 animaeque
1803 5691 2048 5778 pingue-

399 5762 614 5830 dinem,
653 5779 829 5836 quam
889 5762 1218 5839 intelligere
1266 5762 1596 5840 possumus,
1655 5762 1878 5831 inserit,
1911 5762 2050 5840 'qua

2132 4547 2270 4622 ligat
2295 4552 2424 4615 sibi,
2459 4547 2514 4609 et
2545 4553 2616 4608 ita
2665 4547 3018 4622 collligatos,
3065 4559 3121 4607 et
3174 4556 3550 4622 congregatos
3580 4547 3782 4606 firmos

2107 4638 2248 4687 eos,
2281 4632 2336 4679 et
2364 4622 2638 4680 infractos
2681 4623 2888 4693 reddit,
2940 4629 2992 4679 et
3034 4622 3094 4677 in
3131 4622 3408 4693 quolibet
3437 4633 3635 4676 eorum
3661 4634 3781 4693 una

2129 4693 2447 4770 eademque
2470 4696 2694 4770 cognita
2728 4691 2897 4770 patet,
2947 4708 3074 4770 quae
3129 4691 3276 4749 Deus
3301 4693 3507 4770 estin.
3540 4691 3781 4770 q_u_o_u_l-

2129 4761 2450 4892 ξὲηἱμέςίωἰ
2483 4761 2646 4831 ﬁtint,
2681 4761 2744 4823 et
2793 4761 2982 4836 pri'mi'
3020 4773 3292 4834 tanquam
3325 4762 3512 4819 ultimi
3542 4761 3770 4832 (Matth.

2214 4879 2224 4892 .
2358 4880 2365 4889 .
2406 4857 2428 4887 Ι

2126 4849 2224 4900 XX,
2256 4841 2365 4900 16).
2406 4857 2428 4887 ι

2202 4908 2275 4978 (8)
2306 4905 2596 4965 Pontanus
2626 4907 2779 4965 addit
2809 4905 3121 4977 capitulum
3141 4920 3324 4963 unum
3355 4920 3368 4962 :
3407 4924 3430 4956 α
3465 4906 3590 4978 Quo
3611 4911 3779 4974 pacto

2129 4976 2351 5057 ratione
2385 4979 2636 5057 Veientes
2689 4979 2771 5057 i_l_l_i
2819 4976 3050 5036 ordines
3097 4991 3480 5057 supernarum
3505 4976 3780 5057 virtutum

2131 5067 2161 5107 a
2197 5051 2307 5107 Deo
2339 5052 2645 5107 ordinatim
2697 5051 3078 5114 illustrantur,
3141 5065 3172 5106 a
3205 5048 3463 5118 principe
3495 5063 3561 5104 ac
3591 5048 3777 5117 primo

2130 5123 2384 5179 omnium
2417 5122 2620 5178 ordine
2651 5137 2834 5192 usque
2889 5121 2960 5177 ad
3003 5122 3340 5192 secundum,
3373 5129 3428 5176 et
3456 5120 3540 5192 ab_
3557 5120 3667 5175 hoc
3705 5119 3780 5174 ad

2130 5195 2383 5262 tertium,
2413 5204 2468 5250 et
2497 5190 2768 5262 deinceps
2801 5193 2872 5248 ab
2902 5193 3012 5248 hoc
3059 5194 3130 5249 ad
3157 5191 3358 5260 alium,
3389 5201 3444 5262 et
3475 5190 3547 5246 ad
3577 5203 3780 5247 omnes

2128 5261 2375 5336 denique
2405 5265 2621 5321 lumine
2651 5261 2843 5336 divino
2901 5272 3233 5336 penetrante
3271 5279 3283 5319 :
3335 5261 3534 5336 eodem
3561 5270 3778 5336 et_s_an-

2129 5339 2203 5396 cti
2233 5355 2261 5393 a
2285 5333 2501 5392 'divinis
2539 5335 2758 5406 angelis
2789 5333 3118 5398 illuminati,
3169 5335 3512 5405 vincu‘oque
3541 5333 3780 5406 spiritus

2130 5409 2403 5481 colligati,
2454 5416 2510 5466 et
2555 5403 2721 5479 uniti,
2775 5408 2992 5464 honore
3037 5407 3152 5463 illis
3195 5420 3378 5478 pares.
3418 5403 3486 5464 'et
3529 5403 3781 5532 agites:qu

3655 5483 3776 5532 unt.

2204 5697 2280 5766 (9)
2337 5695 2668 5768 Sequuntur
2725 5694 2880 5768 apud
2933 5694 3253 5755 Pontanum
3305 5689 3778 5775 octoeapitula:

3303 5784 3330 5821 ι
3363 5764 3472 5834 Qui
3503 5764 3781 5822 unionem
