4120 6414
373 336 488 404 637

1658 341 2038 408 CAPITULA
2078 342 2478 408 PRACTICA.

3648 347 3766 416 838

455 464 559 564 Ej'.
589 458 684 534 "0v
720 476 914 556 τρόπον
943 477 995 534 ἐν
1044 478 1200 559 φλογὶ
1257 479 1548 556 καιομένης
1593 479 1836 556 καμίνου,
1885 486 2009 560 χοῦ“ι

2185 473 2286 564 63.
2322 475 2838 548 Quemadmodum
2860 479 3114 542 flammae
3136 481 3355 543 camini
3376 481 3606 563 injecta
3627 483 3729 564 pul
3745 519 3770 530 -

374 561 638 620 ἒπιϐάλών
685 589 767 630 τις
809 567 1008 634 ταύτην
1051 565 1306 649 σϐεννύει,
1351 571 1442 626 τὸν
1488 571 1642 628 αὐτὸν
1686 569 1876 644 τρόπον
1932 569 2018 625 καὶ

379 657 429 710 αἱ
472 656 713 732 βιωτικαὶ
769 656 1042 736 μέριμναι,
1102 660 1188 715 καὶ
1247 666 1350 723 πᾶς
1409 660 1764 740 προσπαθείας
1824 660 2018 739 τρόπος

378 743 617 810 εὐτελοῦς
663 751 751 803 καὶ
807 748 1158 826 σμικροτάτου
1218 750 1555 828 πράγματος,
1614 750 1711 816 τὴν
1761 750 2020 830 ἀναφθεῖ-

376 854 470 889 σαν
492 835 547 920 ἐν
576 836 776 917 ἀρχαῖς
801 836 999 915 θέρμην
1029 839 1128 904 τῆς
1161 837 1373 918 καρδίας
1403 837 1716 920 ἐξαφανέζει.

456 913 551 988 ξδ’.
613 913 793 988 licitam
850 913 1066 1004 βρῶσιν,
1113 930 1200 984 καὶ
1255 929 1433 998 πόσιν,
1494 929 1582 985 καὶ
1640 927 2020 1001 καλλωπισμὸν

375 1010 696 1088 ἐνδυμάτων,
731 1016 759 1070 ὁ
809 1016 900 1071 τὸν
945 1013 1104 1095 φόϐον
1162 1015 1466 1096 ἐγκυμονῶν
1508 1017 1596 1073 καὶ
1638 1017 1863 1074 θανάτου
1893 1013 2018 1091 βδε-

375 1098 601 1182 λύξεται,
670 1103 758 1159 καὶ
802 1101 1062 1170 ἐνηδόνως
1108 1105 1166 1160 οὔ
1226 1106 1448 1186 φάγεται
1510 1104 1690 1185 ἄρτον,
1737 1109 1797 1164 οὗ
1844 1105 2019 1161 πίεται

371 1187 528 1268 ὕδωρ.
565 1190 781 1270 Παρὲξει
812 1190 868 1247 δὲ
920 1193 1082 1268 μόνον
1127 1195 1224 1261 τὴν
1285 1197 1470 1274 χρείαν
1522 1201 1599 1268 τῷ
1629 1195 1860 1270 σώματι,
1896 1192 2018 1249 ὅσον

372 1279 531 1355 μόνον
585 1279 838 1360 αὔταρκες
895 1283 1027 1359 πρὸς
1096 1285 1156 1339 τὸ
1211 1290 1330 1360 ζῇν,
1395 1290 1505 1340 Πᾶν
1563 1283 1772 1360 θέλημα
1833 1285 2019 1342 ἑαυτοῦ

372 1367 755 1448 ἀπαρνήσεται.
813 1371 913 1428 Καὶ
967 1369 1148 1436 δοῦλος
1208 1373 1418 1431 πάντων
1491 1373 1545 1429 ἐν
1602 1371 1852 1452 διακρίσει
1913 1374 2019 1429 τῶν

371 1456 796 1533 ἐπιταττομένων
824 1461 1125 1536 γενήσεται.

451 1535 545 1610 ξε’.
583 1538 640 1604 Ὀ
670 1535 852 1605 δοῦλον
895 1549 1081 1604 ἑαυτὸν
1110 1547 1228 1612 δοὺς
1283 1563 1401 1614 τοτς
1444 1550 1580 1606 κατὰ
1626 1551 1756 1607 Θεὸν
1807 1549 2018 1629 πατρά-

2102 563 2258 624 veris
2280 564 2738 654 exstinguuntur
2773 584 2786 628 :
2823 567 2903 629 ita
2931 569 3368 632 sollicitudines
3399 571 3577 651 hujus
3597 563 3753 654 vitae,

2103 660 2160 713 et
2189 653 2436 714 affectus
2467 653 2526 714 in
2558 672 2684 715 rem
2711 655 2917 731 vilem,
2953 668 3015 720 et
3068 659 3401 731 minimam,
3437 653 3756 724 accensum

2102 740 2164 802 in
2197 741 2475 822 precibus
2505 745 2799 806 fervorem
2823 746 3020 808 cordis
3045 748 3260 809 tollunt
3294 750 3431 828 (10).

2186 919 2285 981 64.
2313 917 2535 982 Omnes
2559 920 2852 997 ciborum,
2881 931 3078 1006 potus,
3096 924 3464 1007 vestiumque
3487 926 3756 1002 delicias,

2104 1014 2162 1069 et
2185 1017 2453 1070 ornatum
2487 1010 2896 1086 detestabitur,
2931 1013 3031 1094 qui
3064 1015 3338 1076 timorem
3375 1016 3580 1077 mortis
3611 1036 3757 1078 con-

2103 1096 2297 1176 cepit:
2327 1116 2438 1160 nec
2469 1117 2605 1160 cum
2636 1119 2816 1162 sensu
2850 1102 3164 1184 voluptatis
3195 1112 3294 1166 aut
3325 1122 3538 1184 panem
3561 1125 3758 1168 come-

2101 1185 2224 1260 det,
2259 1198 2360 1248 aut
2387 1205 2599 1268 aquam
2643 1189 2844 1252 bibet:
2873 1193 3282 1254 tantummodo
3321 1213 3449 1274 quae
3487 1195 3756 1258 necessi-

2106 1281 2191 1335 tas
2220 1275 2424 1356 exigit,
2450 1277 2691 1357 corpori
2710 1297 2817 1339 suo
2839 1280 3158 1359 praestabit,
3190 1290 3250 1342 ut
3282 1281 3342 1342 in
3371 1281 3485 1344 vita
3505 1302 3753 1348 manere

2103 1365 2686 1443 queat.Voluntatem
2702 1387 2868 1429 suam
2891 1369 3162 1430 funditus
3193 1369 3532 1450 abnegabit,
3551 1380 3757 1435 etcum

2102 1451 2465 1542 discretione
2497 1457 2697 1518 omnia
2731 1457 3019 1537 imperata
3041 1467 3102 1518 ut
3132 1478 3336 1522 servus
3368 1470 3751 1542 exsequetur.

2185 1541 2284 1604 65.
2321 1541 2431 1615 Qui
2461 1562 2525 1606 se
2557 1543 2824 1624 patribus
2874 1546 2997 1607 suis
3045 1548 3376 1609 secundum
3424 1541 3608 1611 Deum
3647 1570 3752 1631 pro

371 1655 450 1690 σιν
481 1638 660 1714 αὖτοῦ,
713 1633 796 1691 διὰ
837 1637 926 1692 τὸν
971 1635 1133 1718 φόϐον
1191 1644 1287 1706 τῆς
1347 1637 1641 1717 κολάσεως,
1703 1639 1762 1694 οὒ
1791 1639 1856 1694 τὰ
1884 1661 2009 1695 κου-

2104 1650 2268 1694 servo
2287 1632 2670 1713 mancipavit,
2686 1643 2928 1715 propter
2953 1643 3174 1696 metum
3209 1635 3426 1698 inferni
3449 1639 3752 1720 supplicii,

367 1722 578 1801 φίζοντα
619 1724 710 1779 τὸν
761 1728 858 1790 τῆς
902 1723 1116 1804 καρδίας
1175 1729 1334 1786 αὐτοῦ
1389 1727 1574 1806 πόνον,
1624 1727 2016 1804 ἐπιτασσόμενα

366 1809 563 1891 ἕλοιτο,
599 1813 658 1868 οὒ
687 1813 752 1868 τὰ
781 1812 970 1870 λύοντα
1000 1817 1092 1870 τὸν
1124 1823 1219 1872 ταῦ
1266 1815 1428 1896 φόϐου
1490 1814 1707 1891 δεσμὸν,
1753 1815 1869 1873 οὐδὲ
1898 1829 2015 1880 τοῖς

367 1898 452 1956 ἐπὶ
493 1902 560 1958 τὰ
590 1911 806 1960 τοιαῦτα
849 1909 1096 1982 φιλικῶς,
1153 1905 1189 1973 ἢ
1245 1905 1660 1985 κολακευτικῶς,
1708 1905 1744 1974 ἢ
1775 1929 2014 1985 προστα-

368 2076 680 2156 ῧ-ιωῑηρυὶ
720 2080 1053 2156 enim_iude
1098 2097 1281 2154 usque
1326 2097 1356 2140 a
1405 2083 1610 2156 priscis
1665 2085 1878 2143 sanctis
1915 2098 2019 2156 per

369 2148 628 2220 singulas
656 2157 848 2207 aetates
885 2148 1211 2211 incedentes
1242 2157 1299 2211 in
1331 2148 1613 2213 mandatis
1641 2156 1868 2212 Domini
1891 2148 2017 2213 san-

368 2220 1097 2298 ctimoniam_vitae_colunt,
1148 2225 1376 2298 illisque
1418 2227 1834 2291 adhaerescunt,
1885 2241 2016 2297 per-

367 2290 501 2347 inde
531 2299 592 2348 ut
621 2292 883 2365 ip,si,7Dei
914 2297 1089 2365 gratia
1122 2290 1317 2354 secum
1356 2299 1768 2355 communicata
1801 2290 2014 2355 illumi-

366 2372 578 2419 nantur
602 2363 866 2441 :_s_lmiles
895 2363 1107 2441 catenae
1137 2384 1344 2434 aureae,
1377 2371 1433 2425 in
1458 2385 1566 2440 qua
1590 2369 2016 2441 singuliansam

366 2447 545 2512 unam
581 2434 877 2512 eﬂliciunt,
908 2437 1043 2494 dum
1092 2434 1491 2512 unusquisque
1515 2434 1854 2511 praecedenti
1884 2441 2013 2507 ﬁde,

369 2506 658 2579 operibus,
674 2507 1058 2579 charitateque
1071 2506 1444 2570 connectitur.
1473 2506 1613 2579 Quia
1637 2506 2011 2575 connexione.

367 2584 436 2659 ut
459 2576 729 2659 diximus,
762 2593 877 2635 une
907 2576 1167 2650 quaedam
1206 2592 1403 2641 catena
1448 2576 1513 2640 in
1537 2583 1654 2640 Deo
1686 2583 1852 2656 ﬁunt,
1886 2599 2016 2657 quae

366 2651 478 2705 cito
507 2651 696 2720 rumpi
728 2663 842 2707 non
876 2660 1078 2722 potest.
1105 2673 1126 2703 ι

445 2811 467 2840 α
499 2790 605 2859 Qui
637 2791 910 2850 unionem
957 2809 1088 2851 cum
1131 2795 1333 2854 ultimo
1380 2797 1636 2854 omnium
1685 2807 2013 2858 sanctorum

364 2875 493 2939 cum
543 2863 841 2933 charitate,
895 2874 951 2939 et
994 2864 1332 2939 humilitate,
1380 2867 1814 2939 vehementique
1862 2871 2014 2928 desi-

362 2931 521 3010 derio
559 2948 702 3010 _n9n
738 2931 1019 3010 __expetit:
1075 2938 1176 2995 sed
1232 2931 1402 3009 prava
1439 2941 1684 3010 quadam
1721 2931 2010 3000 adversus

2100 1721 2369 1803 quamvis
2409 1721 2639 1801 jussus,
2675 1741 2794 1783 non
2835 1724 3035 1803 eliget,
3079 1742 3209 1805 quae
3245 1725 3510 1787 dolorem
3554 1729 3751 1790 cordis

2101 1813 2231 1892 ejus
2282 1808 2588 1888 mitigent;
2641 1831 2754 1873 nec
2795 1831 2927 1890 quae
2977 1813 3277 1874 vinculum
3339 1815 3568 1876 timoris
3620 1818 3750 1897 ejus

2099 1898 2464 1976 dissolvant;
2499 1918 2611 1962 nec
2647 1900 2718 1962 ad
2771 1901 2889 1965 ista
2917 1903 3011 1964 vel
3043 1902 3255 1976 amice,
3294 1905 3381 1964 vel
3416 1913 3748 1968 assentato—

2101 2079 2252 2137 circa
2271 2079 2426 2153 tales
2464 2079 2548 2153 ira
2598 2078 2764 2153 facile
2809 2080 3216 2146 accenduntur,
3252 2081 3666 2153 mundumque,
3696 2091 3752 2142 et

2101 2165 2229 2222 qum
2267 2151 2326 2206 in
2373 2149 2588 2223 mundo
2626 2151 2912 2220 visuntur,
2962 2154 3207 2223 perfecte
3244 2149 3609 2211 contemnere
3647 2169 3749 2211 ne-

2142 2231 2336 2278 ueunt.
2379 2221 2676 2279 Enimvero
2705 2223 2804 2292 qui
2853 2221 2977 2279 haec
3023 2224 3290 2280 omnibus
3337 2226 3593 2281 numeris
3629 2239 3749 2284 non

2142 2237 2336 2278 ueunt.
2379 2237 2676 2279 cntmvero
2705 2237 2804 2292 qui
2854 2237 2974 2279 nzec
3023 2237 3290 2280 omnibus
3337 2238 3593 2281 numeris
3629 2239 3749 2284 non

2101 2237 2445 2363 gespexerit,
2476 2305 2694 2365 necex
2723 2295 2915 2350 animo
2945 2294 3145 2355 oderit.
3179 2308 3365 2365 neque
3404 2295 3602 2353 salutis
3632 2313 3750 2354 suae

2100 2364 2338 2438 ﬁrmam
2364 2372 2418 2421 et
2457 2363 2831 2438 indubitatam
2861 2379 3020 2435 spem
3059 2363 3288 2422 habere
3306 2381 3556 2438 unquam
3589 2377 3749 2437 pote-

2101 2436 2210 2510 rit;
2244 2435 2342 2510 sed
2382 2451 2512 2510 cum
2553 2434 3462 2510 fundamentum_supra_petrain
3503 2434 3618 2495 non
3653 2438 3747 2510 je-

2099 2508 2261 2574 cerit,
2291 2507 2403 2563 huc
2442 2506 2578 2564 illuc
2597 2508 2857 2579 incertus
2875 2521 2950 2579 ac
2988 2506 3194 2564 dubius
3219 2508 3544 2579 jactabitur.

2180 2599 2199 2628 ι
2233 2579 2444 2650 Luctus
2475 2578 2686 2650 duplex
2717 2587 2800 2634 est
2829 2577 3082 2635 affectus.
3114 2577 3252 2650 Nam
3294 2589 3346 2635 et
3375 2594 3538 2650 aquae
3569 2581 3748 2638 instar

2097 2662 2201 2718 per
2232 2649 2506 2720 lacrymas
2548 2649 2838 2706 ﬂammam
2885 2662 3115 2707 omnem
3154 2649 3461 2708 affectuum
3508 2653 3744 2709 vitioso-

2097 2734 2226 2792 rum
2255 2722 2580 2792 restinguit,
2625 2720 2993 2791 animamque
3030 2737 3060 2778 a
3106 2721 3364 2786 maculis,
3399 2730 3455 2778 et
3481 2723 3748 2781 sordibus

2096 2790 2229 2848 inde
2259 2792 2408 2864 natis
2446 2790 2762 2864 expurgat:
2795 2799 2847 2848 et
2870 2790 3056 2864 instar
3076 2793 3226 2862 ignis
3256 2807 3357 2864 per
3387 2794 3750 2863 praesentiam

2096 2863 2276 2934 sancti
2335 2862 2579 2933 Spiritus
2627 2862 2726 2919 cor
2770 2863 3037 2934 viviﬁcat,
3083 2862 3357 2925 incendit,
3389 2862 3738 2932 inﬂammat,

2095 2933 2371 2997 calefacit,
2394 2943 2572 3006 atque
2599 2935 2670 2992 ad
2700 2935 2881 2991 Deum
2919 2933 3251 3005 amandum,
3275 2935 3748 2994 desiderandum-

361 3003 527 3083 illum
556 3003 891 3065 infidelitate
939 3017 1180 3075 tenetur,
1233 3003 1530 3082 nunquam
1573 3015 1800 3083 penitus
1827 3014 2009 3071 eidem
2032 3015 2070 3063 C
2097 3020 2210 3076 ψιθ
2233 3003 2497 3083 impellit?

361 3076 619 3150 unietur,
655 3091 842 3148 neque
898 3094 1028 3136 cum
1077 3095 1143 3138 eo
1191 3076 1394 3150 primis
1443 3091 1497 3139 et
1545 3076 2015 3142 antecedentibus

363 3148 582 3225 sanctis
603 3151 764 3225 quasi
797 3150 858 3225 in
897 3151 1097 3225 ordine
1128 3148 1357 3210 militari
1387 3155 1724 3225 ascribetnr,
1757 3158 1859 3213 etsi
1900 3172 2016 3214 om-

362 3230 490 3297 nem
548 3217 714 3297 ﬁdem
770 3221 1218 3297 charitatemque
1265 3239 1412 3297 erga
1449 3225 1628 3281 Deum
1676 3217 1732 3284 et
1788 3237 2014 3285 sanctos

362 3289 659 3368 universos
699 3291 909 3368 habere
954 3289 1224 3368 videatur.
1276 3289 1552 3368 Ejitzietur
1590 3299 1742 3354 enim
1772 3299 1843 3354 ab
1874 3300 2013 3368 ipsis

359 3359 533 3430 foras,
563 3368 626 3418 ut
654 3363 752 3432 qui
785 3362 973 3420 locum
1031 3367 1139 3422 sibi
1186 3359 1578 3434 constitutum,
1619 3378 1674 3424 et
1710 3377 1774 3426 ut
1812 3370 1864 3426 ei
1896 3359 1983 3426 hae

361 3439 510 3489 reret
537 3441 666 3489 ante
699 3435 908 3516 saecula
939 3452 967 3493 a
1003 3437 1117 3494 Deo
1147 3437 1467 3507 deﬁnitum,
1499 3453 1600 3509 per
1633 3440 2013 3498 humilitatem

364 3517 476 3559 non
517 3513 852 3574 susceperit.

437 3594 460 3627 ι
493 3575 733 3653 Luctum
787 3578 1119 3653 secundum
1156 3580 1334 3653 Deum
1383 3581 1676 3638 humilitas
1726 3581 2008 3653 praecedit,

363 3646 621 3723 sequitur
657 3647 948 3723 gaudium,
1001 3659 1054 3708 et
1109 3650 1298 3708 laetitia
1343 3660 1553 3723 quanta
1594 3646 1867 3710 dici'non
1909 3646 2008 3723 pol

361 3723 482 3773 test.
527 3718 839 3795 Humilitati
873 3735 1044 3790 porro
1073 3718 1388 3780 secundum
1430 3724 1609 3779 Deum
1651 3739 1780 3795 spes
1810 3718 2008 3782 salutis

361 3789 706 3865 agnoscitur.
741 3789 1039 3865 Quo’enim
1074 3795 1255 3864 magis
1295 3795 1576 3865 quispiam
1609 3789 1777 3852 se'ex
1815 3797 2007 3854 animo

361 3860 626 3934 omnibus
657 3864 1046 3930 peccatoribus
1092 3860 1514 3922 scéleraiiorem
1564 3866 1739 3934 ducit,
1786 3882 1853 3924 eo
1885 3883 2009 3924 ma-

363 3930 447 4008 gis
486 3945 616 4008 spes
646 3945 917 4008 una‘cum
952 3935 1269 4008 humilitate
1317 3937 1593 4008 augescit,
1633 3946 1688 3994 et
1726 3930 1792 3993 in
1836 3938 2008 3996 corde

362 4000 483 4080 ejus
511 4002 704 4080 floret,
747 4003 1031 4076 ﬁdemque
1069 4007 1219 4077 facit,
1259 4022 1362 4078 per
1395 4000 1836 4066 hanc'salutem
1874 4025 2007 4080 par-

361 4079 479 4130 tum
507 4073 599 4130 iri.

432 4164 456 4196 ε
499 4145 625 4221 Quo
663 4146 1002 4221 profundius
1040 4147 1098 4204 in
1149 4148 1528 4207 humilitatem
1583 4150 1864 4221 quispiam
1907 4151 2007 4209 de-

358 4216 592 4293 scendit,
643 4231 842 4293 seque
867 4218 1250 4293 indigniorem
1287 4221 1525 4292 judicat,
1551 4216 1675 4293 qui
1716 4216 2002 4293 'salvetur,

356 4285 471 4365 hoc
509 4285 772 4344 acerbius
829 4285 1019 4365 luget,
1063 4300 1117 4347 et
1163 4285 1430 4365 lacrimis
1471 4285 1726 4365 indtilget
1782 4285 2000 4365 magis}

356 4359 562 4435 quibus
595 4373 702 4435 pro
727 4359 993 4435 portione
1021 4359 1347 4435 respondet,
1395 4379 1522 4435 quae
1574 4359 1840 4421 in'corde
1879 4359 2003 4435 ejus

356 4430 592 4507 scaturit
619 4431 931 4500 spiritualis
964 4433 1245 4507 voluptas,
1285 4430 1574 4505 qua'cum
1613 4450 1743 4505 spes
1773 4430 2003 4507 quoque

2179 3098 2202 3128 α
2233 3075 2488 3149 Videat
2516 3091 2793 3148 pernosce
2843 3075 2979 3149 quid
3027 3077 3086 3134 in
3128 3083 3180 3134 te
3220 3078 3534 3149 humilitas,
3570 3087 3624 3137 et
3657 3079 3750 3137 lu-

2099 3154 2224 3203 ctus
2279 3147 2548 3215 eﬂlciant’,
2605 3158 2658 3206 et
2697 3147 2942 3218 inquire,
2985 3163 3154 3218 quem
3197 3164 3270 3206 ex
3310 3150 3424 3206 illis
3470 3147 3526 3206 in
3578 3153 3748 3209 horas

2098 3219 2358 3291 utilitatis
2408 3219 2655 3275 fructum
2713 3220 3022 3290 percipias:
3083 3221 3179 3291 qui
3236 3229 3320 3278 est
3375 3223 3624 3291 novitiis,
3681 3238 3748 3280 ac

2097 3290 2381 3346 tironibus
2419 3292 2607 3346 omnis
2636 3306 2789 3347 curae
2836 3300 3075 3366 terrena:
3103 3290 3380 3366 ’abjecuo,
3423 3293 3579 3349 nulla
3609 3290 3744 3366 erga

2097 3369 2383 3436 parentes,
2432 3371 2705 3436 cognatos
2761 3362 3094 3436 et___amico_s,
3148 3362 3390 3436 atfectio,
3431 3362 3747 3436 eorumque

2097 3431 2396 3502 abnegatio
2429 3452 2440 3484 :
2477 3431 2622 3488 liber
2669 3449 2698 3489 a
2739 3431 3124 3489 sollicitudine
3152 3435 3408 3490 omnium
3459 3431 3667 3492 rerum'
3690 3444 3746 3494 et

2095 3501 2428 3560 facultatum
2458 3505 2704 3571 animus,
2737 3517 2936 3559 earum
2967 3503 3343 3573 dispicientia,
3393 3519 3509 3562 non
3550 3507 3742 3564 solum

2093 3587 2277 3643 usque
2331 3574 2404 3632 ad
2460 3588 2646 3636 acum,
2707 3589 2903 3632 verum
2965 3577 3134 3630 etiam
3191 3590 3373 3646 usque
3425 3577 3498 3634 ad
3553 3577 3743 3648 ipsum

2093 3658 2301 3713 corpus

2163 3717 2278 3783 (10)
2334 3716 2634 3787 Sequentia
2691 3716 2973 3774 interserit
3030 3717 3363 3776 Pontanus:
3420 3741 3440 3771 α
3494 3719 3599 3787 Qui
3647 3733 3741 3778 res

2091 3789 2424 3861 exteriores,
2464 3796 2519 3845 et
2558 3789 2837 3861 homines,
2871 3799 2926 3846 et
2955 3791 3144 3845 omnia
3200 3790 3427 3848 demum
3462 3790 3632 3861 hujus
3663 3793 3740 3847 vi-

2089 3864 2178 3922 tae,
2215 3859 2433 3934 integro
2462 3859 2876 3934 cordis_sen_su,
2919 3869 2973 3916 et
3009 3875 3137 3917 cum
3170 3862 3376 3932 gaudio
3415 3859 3735 3934 abnegavit,

2090 3934 2145 4003 et
2183 3928 2392 4003 oblitus
2449 3940 2554 3994 est,
2587 3931 3073 4003 affectionemque
3117 3928 3197 3989 ut'
3217 3947 3444 3990 murum
3493 3928 3734 4000 tra'nsiit,

2090 3998 2148 4054 in
2191 4001 2425 4075 mundo,
2475 4009 2529 4056 et
2560 4002 2628 4057 iis
2667 4017 2794 4075 quae
2842 4003 2899 4058 in
2947 3998 3162 4060 mundo
3201 4014 3352 4069 sunt,
3395 4006 3622 4075 hospes.
3673 3998 3742 4062 ac

2089 4073 2427 4143 peregrinus
2457 4081 2562 4136 est,
2596 4073 2872 4142 colliZens
2904 4075 2961 4130 in
2992 4088 3054 4130 se
3083 4075 3340 4132 animum
3371 4073 3562 4142 suum,
3595 4085 3647 4133 et
3680 4078 3740 4133 in

2091 4156 2203 4218 una
2253 4146 2475 4218 mortis
2547 4148 2841 4218 memoria,
2900 4148 3354 4218 cogitationeque
3408 4155 3740 4218 occupatus.

2088 4213 2366 4278 Quocirca
2406 4215 2575 4289 etiam
2609 4216 2678 4289 de
2711 4213 3238 4289 extremo'judicio,
3261 4213 3337 4276 'et
3367 4213 3741 4276 retributione

2087 4299 2314 4361 semper
2370 4295 2424 4343 et
2471 4287 2772 4361 sollicitus.
2820 4298 2874 4346 et
2927 4287 3116 4344 in'his
3168 4289 3335 4358 plane
3376 4299 3437 4347 ut
3483 4293 3740 4361 captivus

2088 4355 2389 4430 detinetur,
2422 4373 2492 4430 ex
2525 4359 2844 4430 talibusque
2873 4355 3332 4430 cogitationibus,
3366 4371 3420 4418 et
3442 4355 3741 4417 conimen-

2086 4428 2396 4504 tation_i_bus
2425 4429 2652 4500 timore,
2699 4428 2870 4502 supra
2913 4428 3084 4500 quam
3135 4431 3246 4487 dici
3296 4441 3480 4503 potest
3517 4433 3738 4504 ingenti

355 4502 580 4577 ut__fons
621 4498 922 4577 scatet,_et
959 4498 1128 4561 simul
1181 4498 1405 4569 crescit.
1458 4498 2002 4577 persuasion'emque
2085 4498 2436 4577 percslliutr.

356 4570 736 4642 adipiscenda:
766 4573 968 4631 salutis
1007 4589 1077 4631 ex
1125 4586 1273 4632 certa
1315 4587 1369 4635 et
1416 4570 1749 4634 conﬁrmata
1797 4570 1996 4636 cert-io-

355 4657 474 4699 rem
503 4645 1103 4717 gonﬁrmatioremque
1133 4648 1332 4704 reddit.
1949 4687 1961 4698 -

436 4715 863 4791 rConsiderare
896 4715 1156 4791 seip‘sum
1191 4734 1379 4791 unusq
1424 4719 1587 4788 isque
1618 4719 1782 4776 debet
1832 4726 1892 4791 et
1913 4717 2003 4775 in-

355 4785 649 4862 t_elligere:
691 4785 1010 4862 neque‘soli
1042 4790 1162 4860 spei
1212 4785 1427 4862 absque
1476 4785 1631 4846 luctu
1685 4790 2002 4862 secundum

356 4856 561 4932 Deum,
603 4867 667 4932 et
713 4856 1032 4917 humilitate
1075 4856 1396 4930 spirituali:
1447 4875 1632 4932 neque
1673 4861 2002 4930 humilitati,

357 4938 411 4984 et
440 4929 949 5004 lacrymisabsque
967 4946 1086 5002 spe,
1113 4929 1172 4990 et
1203 4933 1430 5004 gaudio,
1454 4929 1734 5004 spirituali
1767 4929 2004 4990 istarum

357 5001 662 5058 comitibus
703 5001 1011 5058 ﬁdendum’
1032 5017 1174 5060 esse.

433 5094 455 5124 σ
502 5073 600 5146 Est
629 5089 757 5144 quae
790 5083 1017 5143 putatur
1064 5075 1378 5143 humilitas,
1428 5091 1497 5132 ex
1536 5075 1905 5146 negligentia,
1953 5083 2007 5132 rt

358 5144 615 5214 segnitie,
690 5145 1125 5216 vehementique
1190 5147 1553 5205 damnatione
1617 5144 2003 5209 conscientias,

357 5218 672 5289 progenita.
707 5217 913 5273 Verum
944 5217 1101 5273 nulla
1132 5226 1235 5283 est,
1269 5221 1538 5289 quoniam
1572 5220 1787 5276 luctum
1828 5219 2005 5276 laetiﬁ-

356 5299 483 5341 cum
516 5288 848 5358 adjunctum
881 5303 996 5344 non
1038 5289 1225 5345 habet.

432 5379 454 5408 ι
491 5358 587 5432 Est
614 5359 846 5430 quidam
883 5359 1068 5416 luctus
1101 5360 1421 5418 humilitate
1465 5361 1747 5432 spirituali
1779 5375 2004 5430 carens,

2166 4591 2187 4620 ι
2220 4570 2436 4645 Similis
2466 4579 2551 4630 est
2597 4572 2864 4630 damnato
2905 4573 3174 4645 cuipiam,
3225 4582 3278 4631 et
3322 4574 3571 4631 vinculls
3603 4588 3742 4630 one-

2085 4649 2214 4718 rato
2242 4643 2298 4697 in
2339 4643 2526 4718 hujus
2553 4645 2678 4718 vitae
2718 4643 3106 4718 theatro,_qui
3158 4646 3361 4702 timore
3403 4647 3601 4718 judicii
3647 4645 3740 4718 ad-

2087 4712 2316 4787 modum
2372 4712 2728 4787 gravidatus,
2773 4716 2844 4772 ab
2894 4712 3093 4772 eodem
3140 4712 3420 4787 tanquam
3470 4717 3740 4774 carniﬁce

2085 4783 2276 4853 aliquo
2305 4786 2541 4854 raptari.
2574 4796 2628 4842 et
2666 4785 2737 4841 ad
2788 4799 3027 4843 mortem
3078 4788 3207 4843 duri
3258 4783 3530 4845 videtur:
3593 4789 3738 4844 nihil

2087 4853 2242 4911 aliud
2271 4853 2462 4912 secum
2496 4857 2746 4913 volvens.
2784 4873 2952 4925 quam
2979 4859 3232 4915 dolorem
3255 4867 3309 4915 et
3328 4860 3736 4924 cruciamenta,

2087 4940 2214 4998 qum
2242 4941 2311 4982 ex
2349 4935 2561 4984 aeterno
2602 4927 2885 4998 supplicio
2907 4931 3205 4986 subiturus
3245 4945 3336 4986 sn.
3379 4932 3514 4987 Cum
3545 4939 3736 4989 autem

2088 4997 2243 5072 hunc
2284 5001 2544 5072 timorem
2575 5015 2645 5055 ex
2675 4997 2866 5058 animo
2894 5001 3177 5072 deponere
3209 5016 3501 5072 nunquam
3537 5003 3737 5072 possit,

2088 5068 2150 5125 ﬁt
2181 5077 2241 5125 ut
2281 5070 2411 5145 inde
2443 5082 2853 5141 progeneretur
2879 5068 3024 5128 alius
3058 5075 3244 5137 timor,
3279 5068 3376 5145 qui
3415 5068 3552 5130 enni
3579 5068 3736 5130 nulla

2087 5155 2280 5215 rerum
2323 5142 2700 5202 humanarum
2742 5159 2875 5200 cura
2934 5146 3085 5214 tangi
3152 5142 3378 5215 patitur.
3439 5146 3532 5201 Sic
3583 5145 3737 5201 enim

2089 5211 2220 5267 vivit
2251 5225 2544 5282 perpetuo,
2577 5229 2640 5268 ac
2673 5215 2718 5270 si
2751 5216 2899 5271 cruci
2949 5211 3124 5271 clavis
3152 5211 3389 5281 afﬁxus,
3442 5217 3736 5274 doloribus

2088 5285 2158 5342 ad
2209 5293 2448 5358 mortem
2506 5286 2868 5358 vehementer
2915 5302 2949 5342 u
2987 5299 3252 5358 geretur:
3299 5303 3403 5344 nec
3447 5291 3501 5342 in
3543 5290 3736 5358 cujus-

2088 5369 2251 5427 quam
2285 5355 2500 5412 vultum
2543 5357 2740 5413 oculos
2769 5355 3065 5414 intendere
3085 5360 3403 5425 sineretur;
3438 5374 3543 5416 nec
3571 5355 3734 5427 igno-

353 5442 464 5500 quo
495 5430 590 5498 qui
625 5425 837 5502 lugent.
889 5439 1222 5512 peccata_e_o
1272 5425 1513 5502 purgari
1545 5434 1912 5512 arbitrantur,
1947 5425 2004 5488 in
2090 5425 2284 5512 {nmiae
2307 5427 2376 5508 ab
2401 5429 2729 5509 hominibus
2752 5438 2955 5511 creatae
2979 5430 3454 5512 ullamrationem
3487 5425 3732 5487 duceret.

352 5499 462 5584 quo
492 5499 711 5585 frustra
729 5499 899 5585 sunt:
933 5517 1066 5585 nam
1105 5499 1708 5585 dulcedine'_spiri:us,
1734 5499 2006 5585 quae_my-
2089 5499 2394 5585 lftamuquia
2433 5513 2494 5554 se
2543 5503 2662 5581 ipse
2702 5507 2855 5556 omni
2886 5501 3736 5585 ignominia,”contemptuque

349 5573 486 5630 stice
525 5575 584 5629 in
643 5574 1012 5655 intellectuaii
1074 5578 1297 5655 aninlte
1340 5572 1607 5655 cubiculo
1663 5572 2002 5655 innascitur2
2088 5574 2327 5655 dignum
2380 5585 2448 5627 ex
2493 5572 2688 5655 animo
2737 5581 2988 5655 reputat,
3020 5587 3165 5644 quas
3213 5572 3296 5629 illi
3337 5574 3580 5647 injurias
3625 5573 3735 5630 sibi

347 5648 659 5717 privantur,
724 5653 779 5702 et
833 5645 1143 5704 bonitatem
1200 5647 1300 5704 Dei
1355 5647 1591 5705 minime
1637 5655 1886 5720 gustant.
1942 5645 2007 5702 Id
2090 5643 2418 5712 moliantur,
2448 5643 2594 5699 nihil
2633 5645 2796 5715 pensi
2827 5645 3014 5703 habet.
3040 5643 3069 5694 ’-
