  <div class='ocr_page' id='page_1' title='image "/cluster/home/n/w/nwhite01/storage/ocr_20150623/120/coo.31924054870245/327.png"; bbox 0 0 4120 6382; ppageno 0'>
   <div class='ocr_carea' id='block_1_1' title="bbox 312 302 3701 391">
    <p class='ocr_par' dir='ltr' id='par_1_1' title="bbox 312 302 3701 391">
     <span class='ocr_line' id='line_1_1' title="bbox 312 302 3701 391; baseline 0.002 -16"><span class='ocrx_word' id='word_1_1' title='bbox 312 302 435 377; x_wconf 84' lang='lat'><strong>639</strong></span> <span class='ocrx_word' id='word_1_2' title='bbox 1616 305 1923 377; x_wconf 85' lang='lat' dir='ltr'><strong>SYMEON</strong></span> <span class='ocrx_word' id='word_1_3' title='bbox 1929 306 1999 376; x_wconf 88' lang='lat' dir='ltr'><strong>IS</strong></span> <span class='ocrx_word' id='word_1_4' title='bbox 2037 310 2391 379; x_wconf 75' lang='lat' dir='ltr'><strong>JUNIOBIS</strong></span> <span class='ocrx_word' id='word_1_5' title='bbox 3576 318 3701 391; x_wconf 74' lang='grc'><strong>640</strong></span> 
     </span>
    </p>
   </div>
   <div class='ocr_carea' id='block_1_2' title="bbox 310 445 1958 532">
    <p class='ocr_par' dir='ltr' id='par_1_2' title="bbox 310 445 1957 531">
     <span class='ocr_line' id='line_1_2' title="bbox 310 445 1957 531; baseline -0.001 -22"><span class='ocrx_word' id='word_1_6' title='bbox 310 445 425 522; x_wconf 88' lang='lat' dir='ltr'><strong>rie,</strong></span> <span class='ocrx_word' id='word_1_7' title='bbox 457 447 549 510; x_wconf 85' lang='lat' dir='ltr'><strong>vel</strong></span> <span class='ocrx_word' id='word_1_8' title='bbox 579 465 712 509; x_wconf 88' lang='lat' dir='ltr'><strong>cum</strong></span> <span class='ocrx_word' id='word_1_9' title='bbox 741 447 996 530; x_wconf 88' lang='lat' dir='ltr'><strong>imperio</strong></span> <span class='ocrx_word' id='word_1_10' title='bbox 1038 446 1460 513; x_wconf 80' lang='lat' dir='ltr'><strong>inducentibus</strong></span> <span class='ocrx_word' id='word_1_11' title='bbox 1501 445 1957 531; x_wconf 87' lang='lat' dir='ltr'><strong>obtemperabit,</strong></span> 
     </span>
    </p>
   </div>
   <div class='ocr_carea' id='block_1_3' title="bbox 2048 445 3705 532">
    <p class='ocr_par' dir='ltr' id='par_1_3' title="bbox 2048 449 3705 532">
     <span class='ocr_line' id='line_1_3' title="bbox 2048 449 3705 532; baseline 0.006 -26"><span class='ocrx_word' id='word_1_12' title='bbox 2048 455 2240 515; x_wconf 83' lang='grc' dir='ltr'><strong>κτικῶς</strong></span> <span class='ocrx_word' id='word_1_13' title='bbox 2283 449 2555 531; x_wconf 83' lang='grc' dir='ltr'><strong>ἐνάγουσιν</strong></span> <span class='ocrx_word' id='word_1_14' title='bbox 2611 452 2991 529; x_wconf 79' lang='grc' dir='ltr'><strong>ὑπακούσεται,</strong></span> <span class='ocrx_word' id='word_1_15' title='bbox 3048 452 3186 513; x_wconf 78' lang='grc' dir='ltr'><strong>ἀλλὰ</strong></span> <span class='ocrx_word' id='word_1_16' title='bbox 3242 452 3453 532; x_wconf 80' lang='grc' dir='ltr'><strong>μᾶλλον</strong></span> <span class='ocrx_word' id='word_1_17' title='bbox 3507 456 3575 515; x_wconf 77' lang='grc' dir='ltr'><strong>τὰ</strong></span> <span class='ocrx_word' id='word_1_18' title='bbox 3602 460 3705 517; x_wconf 80' lang='grc' dir='ltr'><strong>αὒ-</strong></span> 
     </span>
    </p>
   </div>
   <div class='ocr_carea' id='block_1_4' title="bbox 313 535 1958 625">
    <p class='ocr_par' dir='ltr' id='par_1_4' title="bbox 313 535 1958 618">
     <span class='ocr_line' id='line_1_4' title="bbox 313 535 1958 618; baseline 0.001 -21"><span class='ocrx_word' id='word_1_19' title='bbox 313 535 416 598; x_wconf 91' lang='lat' dir='ltr'><strong>sed</strong></span> <span class='ocrx_word' id='word_1_20' title='bbox 448 554 581 616; x_wconf 83' lang='lat' dir='ltr'><strong>quae</strong></span> <span class='ocrx_word' id='word_1_21' title='bbox 610 536 804 616; x_wconf 91' lang='lat' dir='ltr'><strong>ipsum</strong></span> <span class='ocrx_word' id='word_1_22' title='bbox 830 538 992 600; x_wconf 91' lang='lat' dir='ltr'><strong>hunc</strong></span> <span class='ocrx_word' id='word_1_23' title='bbox 1023 539 1296 601; x_wconf 90' lang='lat' dir='ltr'><strong>timorem</strong></span> <span class='ocrx_word' id='word_1_24' title='bbox 1329 545 1604 618; x_wconf 79' lang='lat' dir='ltr'><strong>augeant,</strong></span> <span class='ocrx_word' id='word_1_25' title='bbox 1637 555 1708 599; x_wconf 88' lang='lat' dir='ltr'><strong>ea</strong></span> <span class='ocrx_word' id='word_1_26' title='bbox 1737 537 1958 618; x_wconf 80' lang='lat' dir='ltr'><strong>potiora</strong></span> 
     </span>
    </p>
   </div>
   <div class='ocr_carea' id='block_1_5' title="bbox 2048 535 3703 625">
    <p class='ocr_par' dir='ltr' id='par_1_5' title="bbox 2048 538 3703 625">
     <span class='ocr_line' id='line_1_5' title="bbox 2048 538 3703 625; baseline 0.005 -29"><span class='ocrx_word' id='word_1_27' title='bbox 2048 538 2270 606; x_wconf 81' lang='grc' dir='ltr'><strong>ξάνοντα</strong></span> <span class='ocrx_word' id='word_1_28' title='bbox 2311 545 2468 602; x_wconf 69' lang='grc' dir='ltr'><strong>αὑτὸν</strong></span> <span class='ocrx_word' id='word_1_29' title='bbox 2520 544 2864 625; x_wconf 74' lang='grc' dir='ltr'><strong>προτιμήσει,</strong></span> <span class='ocrx_word' id='word_1_30' title='bbox 2922 545 3010 602; x_wconf 81' lang='grc' dir='ltr'><strong>καὶ</strong></span> <span class='ocrx_word' id='word_1_31' title='bbox 3073 547 3139 602; x_wconf 83' lang='grc' dir='ltr'><strong>τὰ</strong></span> <span class='ocrx_word' id='word_1_32' title='bbox 3194 547 3286 603; x_wconf 82' lang='grc' dir='ltr'><strong>τὸν</strong></span> <span class='ocrx_word' id='word_1_33' title='bbox 3343 546 3535 624; x_wconf 81' lang='grc' dir='ltr'><strong>δεσμὸν</strong></span> <span class='ocrx_word' id='word_1_34' title='bbox 3579 546 3703 605; x_wconf 83' lang='grc' dir='ltr'><strong>ἐπι-</strong></span> 
     </span>
    </p>
   </div>
   <div class='ocr_carea' id='block_1_6' title="bbox 313 624 1958 716">
    <p class='ocr_par' dir='ltr' id='par_1_6' title="bbox 313 624 1958 716">
     <span class='ocr_line' id='line_1_6' title="bbox 313 624 1958 716; baseline -0.001 -29"><span class='ocrx_word' id='word_1_35' title='bbox 313 624 605 716; x_wconf 87' lang='lat' dir='ltr'><strong>censebit;</strong></span> <span class='ocrx_word' id='word_1_36' title='bbox 636 633 696 688; x_wconf 92' lang='lat' dir='ltr'><strong>et</strong></span> <span class='ocrx_word' id='word_1_37' title='bbox 714 644 846 707; x_wconf 71' lang='lat' dir='ltr'><strong>quae</strong></span> <span class='ocrx_word' id='word_1_38' title='bbox 864 626 1018 688; x_wconf 93' lang='lat' dir='ltr'><strong>istud</strong></span> <span class='ocrx_word' id='word_1_39' title='bbox 1038 627 1342 716; x_wconf 82' lang='lat' dir='ltr'><strong>vinculum</strong></span> <span class='ocrx_word' id='word_1_40' title='bbox 1360 626 1583 690; x_wconf 90' lang='lat' dir='ltr'><strong>arctius</strong></span> <span class='ocrx_word' id='word_1_41' title='bbox 1603 625 1958 705; x_wconf 86' lang='lat' dir='ltr'><strong>astringunt,</strong></span> 
     </span>
    </p>
   </div>
   <div class='ocr_carea' id='block_1_7' title="bbox 2048 624 3701 716">
    <p class='ocr_par' dir='ltr' id='par_1_7' title="bbox 2048 631 3701 716">
     <span class='ocr_line' id='line_1_7' title="bbox 2048 631 3701 716; baseline 0.005 -30"><span class='ocrx_word' id='word_1_42' title='bbox 2048 631 2335 710; x_wconf 85' lang='grc' dir='ltr'><strong>σφίγγοντα</strong></span> <span class='ocrx_word' id='word_1_43' title='bbox 2363 631 2599 707; x_wconf 80' lang='grc' dir='ltr'><strong>θελήσει,</strong></span> <span class='ocrx_word' id='word_1_44' title='bbox 2630 632 2719 689; x_wconf 83' lang='grc' dir='ltr'><strong>καὶ</strong></span> <span class='ocrx_word' id='word_1_45' title='bbox 2748 633 2813 689; x_wconf 81' lang='grc' dir='ltr'><strong>τὰ</strong></span> <span class='ocrx_word' id='word_1_46' title='bbox 2861 634 2950 689; x_wconf 84' lang='grc' dir='ltr'><strong>τὸν</strong></span> <span class='ocrx_word' id='word_1_47' title='bbox 2981 631 3170 710; x_wconf 79' lang='grc' dir='ltr'><strong>δήμιον</strong></span> <span class='ocrx_word' id='word_1_48' title='bbox 3216 636 3531 716; x_wconf 85' lang='grc' dir='ltr'><strong>ἐνισχύοντα</strong></span> <span class='ocrx_word' id='word_1_49' title='bbox 3560 637 3701 716; x_wconf 83' lang='grc' dir='ltr'><strong>ἀγα-</strong></span> 
     </span>
    </p>
   </div>
   <div class='ocr_carea' id='block_1_8' title="bbox 314 714 1958 806">
    <p class='ocr_par' dir='ltr' id='par_1_8' title="bbox 314 714 1958 806">
     <span class='ocr_line' id='line_1_8' title="bbox 314 714 1958 806; baseline -0.001 -30"><span class='ocrx_word' id='word_1_50' title='bbox 314 732 385 776; x_wconf 86' lang='lat' dir='ltr'><strong>ea</strong></span> <span class='ocrx_word' id='word_1_51' title='bbox 426 714 621 793; x_wconf 91' lang='lat' dir='ltr'><strong>volet;</strong></span> <span class='ocrx_word' id='word_1_52' title='bbox 669 724 728 777; x_wconf 90' lang='lat' dir='ltr'><strong>et</strong></span> <span class='ocrx_word' id='word_1_53' title='bbox 771 734 906 796; x_wconf 82' lang='lat' dir='ltr'><strong>quae</strong></span> <span class='ocrx_word' id='word_1_54' title='bbox 956 716 1117 777; x_wconf 90' lang='lat' dir='ltr'><strong>hunc</strong></span> <span class='ocrx_word' id='word_1_55' title='bbox 1164 715 1508 779; x_wconf 80' lang='lat' dir='ltr'><strong>carnificem</strong></span> <span class='ocrx_word' id='word_1_56' title='bbox 1539 716 1958 806; x_wconf 84' lang='lat' dir='ltr'><strong>corroborent,</strong></span> 
     </span>
    </p>
   </div>
   <div class='ocr_carea' id='block_1_9' title="bbox 2048 714 3701 806">
    <p class='ocr_par' dir='ltr' id='par_1_9' title="bbox 2048 714 3701 806">
     <span class='ocr_line' id='line_1_9' title="bbox 2048 714 3701 806; baseline 0.004 -31"><span class='ocrx_word' id='word_1_57' title='bbox 2048 721 2230 801; x_wconf 87' lang='grc' dir='ltr'><strong>πήσει,</strong></span> <span class='ocrx_word' id='word_1_58' title='bbox 2278 723 2367 778; x_wconf 84' lang='grc' dir='ltr'><strong>καὶ</strong></span> <span class='ocrx_word' id='word_1_59' title='bbox 2431 722 2486 779; x_wconf 88' lang='grc' dir='ltr'><strong>ἐν</strong></span> <span class='ocrx_word' id='word_1_60' title='bbox 2540 722 2747 787; x_wconf 83' lang='grc' dir='ltr'><strong>τούτοις</strong></span> <span class='ocrx_word' id='word_1_61' title='bbox 2802 722 3062 800; x_wconf 82' lang='grc' dir='ltr'><strong>ἐμμείνει,</strong></span> <span class='ocrx_word' id='word_1_62' title='bbox 3131 726 3205 790; x_wconf 84' lang='grc' dir='ltr'><strong>ὡς</strong></span> <span class='ocrx_word' id='word_1_63' title='bbox 3262 714 3370 801; x_wconf 18' lang='grc' dir='ltr'>μῆή</span> <span class='ocrx_word' id='word_1_64' title='bbox 3392 714 3701 806; x_wconf 78' lang='grc' dir='ltr'><strong>προσδοκῶν</strong></span> 
     </span>
    </p>
   </div>
   <div class='ocr_carea' id='block_1_10' title="bbox 312 802 1958 896">
    <p class='ocr_par' dir='ltr' id='par_1_10' title="bbox 312 802 1958 896">
     <span class='ocr_line' id='line_1_10' title="bbox 312 802 1958 896; baseline 0.001 -32"><span class='ocrx_word' id='word_1_65' title='bbox 312 802 563 896; x_wconf 72' lang='lat' dir='ltr'><strong>amabit.</strong></span> <span class='ocrx_word' id='word_1_66' title='bbox 613 804 907 896; x_wconf 62' lang='lat' dir='ltr'><strong>Atquein</strong></span> <span class='ocrx_word' id='word_1_67' title='bbox 952 805 1048 896; x_wconf 82' lang='lat' dir='ltr'><strong>his</strong></span> <span class='ocrx_word' id='word_1_68' title='bbox 1076 805 1157 867; x_wconf 90' lang='lat' dir='ltr'><strong>ita</strong></span> <span class='ocrx_word' id='word_1_69' title='bbox 1187 803 1555 896; x_wconf 71' lang='lat' dir='ltr'><strong>per-durabit,</strong></span> <span class='ocrx_word' id='word_1_70' title='bbox 1602 811 1663 865; x_wconf 86' lang='lat' dir='ltr'><strong>at</strong></span> <span class='ocrx_word' id='word_1_71' title='bbox 1690 802 1791 884; x_wconf 88' lang='lat' dir='ltr'><strong>qui</strong></span> <span class='ocrx_word' id='word_1_72' title='bbox 1820 803 1958 896; x_wconf 77' lang='lat' dir='ltr'><strong>nul-</strong></span> 
     </span>
    </p>
   </div>
   <div class='ocr_carea' id='block_1_11' title="bbox 2048 802 3700 896">
    <p class='ocr_par' dir='ltr' id='par_1_11' title="bbox 2048 802 3700 896">
     <span class='ocr_line' id='line_1_11' title="bbox 2048 802 3700 896; baseline 0.004 -31"><span class='ocrx_word' id='word_1_73' title='bbox 2048 831 2175 866; x_wconf 90' lang='grc' dir='ltr'><strong>ποτε</strong></span> <span class='ocrx_word' id='word_1_74' title='bbox 2233 809 2525 891; x_wconf 73' lang='grc' dir='ltr'><strong>ἐλευθερίαν</strong></span> <span class='ocrx_word' id='word_1_75' title='bbox 2595 810 2860 888; x_wconf 82' lang='grc' dir='ltr'><strong>λήψεσθαι</strong></span> <span class='ocrx_word' id='word_1_76' title='bbox 2914 809 3054 876; x_wconf 85' lang='grc' dir='ltr'>ὅλως</span> <span class='ocrx_word' id='word_1_77' title='bbox 3116 811 3170 880; x_wconf 81' lang='grc' dir='ltr'><strong>ἐξ</strong></span> <span class='ocrx_word' id='word_1_78' title='bbox 3226 802 3447 874; x_wconf 35' lang='grc' dir='ltr'><strong>αὐτῶν.-</strong></span> <span class='ocrx_word' id='word_1_79' title='bbox 3485 806 3547 872; x_wconf 76' lang='grc' dir='ltr'><strong><em>Ἡ</em></strong></span> <span class='ocrx_word' id='word_1_80' title='bbox 3598 815 3700 896; x_wconf 78' lang='grc' dir='ltr'><strong>γὰρ</strong></span> 
     </span>
    </p>
   </div>
   <div class='ocr_carea' id='block_1_12' title="bbox 313 891 1958 982">
    <p class='ocr_par' dir='ltr' id='par_1_12' title="bbox 313 891 1958 982">
     <span class='ocr_line' id='line_1_12' title="bbox 313 891 1958 982; baseline 0 -28"><span class='ocrx_word' id='word_1_81' title='bbox 313 891 432 982; x_wconf 89' lang='lat' dir='ltr'><strong>lam</strong></span> <span class='ocrx_word' id='word_1_82' title='bbox 483 892 727 982; x_wconf 84' lang='lat' dir='ltr'><strong>omnino</strong></span> <span class='ocrx_word' id='word_1_83' title='bbox 772 892 1184 982; x_wconf 81' lang='lat' dir='ltr'><strong>liberationem</strong></span> <span class='ocrx_word' id='word_1_84' title='bbox 1236 893 1351 955; x_wconf 90' lang='lat' dir='ltr'><strong>sibi</strong></span> <span class='ocrx_word' id='word_1_85' title='bbox 1395 893 1764 974; x_wconf 84' lang='lat' dir='ltr'><strong>polliceatur.</strong></span> <span class='ocrx_word' id='word_1_86' title='bbox 1815 891 1958 973; x_wconf 84' lang='lat' dir='ltr'><strong>Spes</strong></span> 
     </span>
    </p>
   </div>
   <div class='ocr_carea' id='block_1_13' title="bbox 2048 891 3696 982">
    <p class='ocr_par' dir='ltr' id='par_1_13' title="bbox 2048 891 3696 982">
     <span class='ocr_line' id='line_1_13' title="bbox 2048 891 3696 982; baseline 0.004 -29"><span class='ocrx_word' id='word_1_87' title='bbox 2048 896 2195 961; x_wconf 83' lang='grc' dir='ltr'><strong>ἐλπὶς</strong></span> <span class='ocrx_word' id='word_1_88' title='bbox 2249 903 2350 967; x_wconf 79' lang='grc' dir='ltr'><strong>τῆς</strong></span> <span class='ocrx_word' id='word_1_89' title='bbox 2394 898 2714 979; x_wconf 72' lang='grc' dir='ltr'><strong>ἀπαλλαγῆς</strong></span> <span class='ocrx_word' id='word_1_90' title='bbox 2759 900 3078 980; x_wconf 88' lang='grc' dir='ltr'><strong>κουφότερον</strong></span> <span class='ocrx_word' id='word_1_91' title='bbox 3120 902 3215 957; x_wconf 81' lang='grc' dir='ltr'><strong>τὸν</strong></span> <span class='ocrx_word' id='word_1_92' title='bbox 3272 902 3434 960; x_wconf 81' lang='grc' dir='ltr'>πόνον</span> <span class='ocrx_word' id='word_1_93' title='bbox 3484 891 3696 982; x_wconf 55' lang='grc' dir='ltr'><strong>ἐργάζεῖ-</strong></span> 
     </span>
    </p>
   </div>
   <div class='ocr_carea' id='block_1_14' title="bbox 314 980 1958 1072">
    <p class='ocr_par' dir='ltr' id='par_1_14' title="bbox 314 980 1958 1072">
     <span class='ocr_line' id='line_1_14' title="bbox 314 980 1958 1072; baseline 0.001 -30"><span class='ocrx_word' id='word_1_94' title='bbox 314 980 835 1072; x_wconf 79' lang='lat' dir='ltr'><strong>enim_libertatis,</strong></span> <span class='ocrx_word' id='word_1_95' title='bbox 861 980 1110 1072; x_wconf 85' lang='lat' dir='ltr'><strong>doloris</strong></span> <span class='ocrx_word' id='word_1_96' title='bbox 1154 982 1556 1072; x_wconf 64' lang='lat' dir='ltr'><strong>levamentum</strong></span> <span class='ocrx_word' id='word_1_97' title='bbox 1605 991 1733 1058; x_wconf 86' lang='lat' dir='ltr'><strong>est;</strong></span> <span class='ocrx_word' id='word_1_98' title='bbox 1773 1000 1958 1064; x_wconf 88' lang='lat' dir='ltr'><strong>eaque</strong></span> 
     </span>
    </p>
   </div>
   <div class='ocr_carea' id='block_1_15' title="bbox 2048 980 3695 1072">
    <p class='ocr_par' dir='ltr' id='par_1_15' title="bbox 2048 980 3695 1072">
     <span class='ocr_line' id='line_1_15' title="bbox 2048 980 3695 1072; baseline 0.005 -30"><span class='ocrx_word' id='word_1_99' title='bbox 2048 1008 2154 1063; x_wconf 85' lang='grc' dir='ltr'><strong>ται,</strong></span> <span class='ocrx_word' id='word_1_100' title='bbox 2228 985 2359 1068; x_wconf 81' lang='grc' dir='ltr'><strong>ὅπερ</strong></span> <span class='ocrx_word' id='word_1_101' title='bbox 2415 987 2552 1045; x_wconf 84' lang='grc' dir='ltr'><strong>ἐστὶν</strong></span> <span class='ocrx_word' id='word_1_102' title='bbox 2635 987 2939 1053; x_wconf 80' lang='grc' dir='ltr'><strong>ἀλυσιτελὲς</strong></span> <span class='ocrx_word' id='word_1_103' title='bbox 3020 996 3097 1065; x_wconf 86' lang='grc' dir='ltr'><strong>τῷ</strong></span> <span class='ocrx_word' id='word_1_104' title='bbox 3175 998 3516 1067; x_wconf 79' lang='grc' dir='ltr'><strong>μετανοοῦντι</strong></span> <span class='ocrx_word' id='word_1_105' title='bbox 3559 980 3695 1072; x_wconf 84' lang='grc' dir='ltr'><strong>θερ-</strong></span> 
     </span>
    </p>
   </div>
   <div class='ocr_carea' id='block_1_16' title="bbox 313 1066 2190 1154">
    <p class='ocr_par' dir='ltr' id='par_1_16' title="bbox 313 1066 2190 1154">
     <span class='ocr_line' id='line_1_16' title="bbox 313 1066 2190 1154; baseline 0.007 -26"><span class='ocrx_word' id='word_1_106' title='bbox 313 1066 541 1130; x_wconf 85' lang='lat' dir='ltr'><strong>fervide</strong></span> <span class='ocrx_word' id='word_1_107' title='bbox 568 1069 876 1149; x_wconf 75' lang='lat' dir='ltr'><strong>ptenitenti</strong></span> <span class='ocrx_word' id='word_1_108' title='bbox 907 1089 1027 1132; x_wconf 93' lang='lat' dir='ltr'><strong>non</strong></span> <span class='ocrx_word' id='word_1_109' title='bbox 1057 1068 1359 1133; x_wconf 74' lang='lat' dir='ltr'><strong>conducit.</strong></span> <span class='ocrx_word' id='word_1_110' title='bbox 2046 1085 2190 1154; x_wconf 81' lang='grc' dir='ltr'><strong>μῶς.</strong></span> 
     </span>
    </p>
   </div>
   <div class='ocr_carea' id='block_1_17' title="bbox 403 1157 1958 1254">
    <p class='ocr_par' dir='ltr' id='par_1_17' title="bbox 403 1157 1958 1240">
     <span class='ocr_line' id='line_1_17' title="bbox 403 1157 1958 1240; baseline -0.001 -18"><span class='ocrx_word' id='word_1_111' title='bbox 403 1159 503 1224; x_wconf 84' lang='lat'>66.</span> <span class='ocrx_word' id='word_1_112' title='bbox 536 1157 868 1240; x_wconf 88' lang='lat' dir='ltr'><strong>Unicuique</strong></span> <span class='ocrx_word' id='word_1_113' title='bbox 887 1158 1065 1220; x_wconf 89' lang='lat' dir='ltr'><strong>vitam</strong></span> <span class='ocrx_word' id='word_1_114' title='bbox 1089 1177 1255 1221; x_wconf 90' lang='lat' dir='ltr'><strong>suam</strong></span> <span class='ocrx_word' id='word_1_115' title='bbox 1272 1159 1492 1222; x_wconf 67' lang='lat' dir='ltr'><strong>divina:</strong></span> <span class='ocrx_word' id='word_1_116' title='bbox 1514 1159 1803 1224; x_wconf 85' lang='lat' dir='ltr'><strong>voluntati</strong></span> <span class='ocrx_word' id='word_1_117' title='bbox 1823 1178 1958 1222; x_wconf 91' lang='lat' dir='ltr'><strong>con-</strong></span> 
     </span>
    </p>
   </div>
   <div class='ocr_carea' id='block_1_18' title="bbox 2048 1157 3696 1254">
    <p class='ocr_par' dir='ltr' id='par_1_18' title="bbox 2126 1157 3696 1254">
     <span class='ocr_line' id='line_1_18' title="bbox 2126 1157 3696 1254; baseline 0.001 -26"><span class='ocrx_word' id='word_1_118' title='bbox 2126 1157 2254 1243; x_wconf 64' lang='lat' dir='ltr'><strong>Eg&quot;.</strong></span> <span class='ocrx_word' id='word_1_119' title='bbox 2289 1171 2452 1226; x_wconf 82' lang='grc' dir='ltr'><strong>Παντὶ</strong></span> <span class='ocrx_word' id='word_1_120' title='bbox 2479 1173 2557 1245; x_wconf 79' lang='grc' dir='ltr'><strong>τῷ</strong></span> <span class='ocrx_word' id='word_1_121' title='bbox 2581 1171 2719 1228; x_wconf 81' lang='grc' dir='ltr'><strong>κατὰ</strong></span> <span class='ocrx_word' id='word_1_122' title='bbox 2776 1172 2907 1230; x_wconf 78' lang='grc' dir='ltr'><strong>Θεὸν</strong></span> <span class='ocrx_word' id='word_1_123' title='bbox 2965 1174 3112 1251; x_wconf 80' lang='grc' dir='ltr'><strong>βιοῦν</strong></span> <span class='ocrx_word' id='word_1_124' title='bbox 3142 1171 3453 1253; x_wconf 84' lang='grc' dir='ltr'><strong>ἀρχομένῳ,</strong></span> <span class='ocrx_word' id='word_1_125' title='bbox 3486 1172 3696 1254; x_wconf 86' lang='grc' dir='ltr'><strong>ἐπωφε-</strong></span> 
     </span>
    </p>
   </div>
   <div class='ocr_carea' id='block_1_19' title="bbox 312 1248 1958 1342">
    <p class='ocr_par' dir='ltr' id='par_1_19' title="bbox 312 1248 1958 1331">
     <span class='ocr_line' id='line_1_19' title="bbox 312 1248 1958 1331; baseline 0 -20"><span class='ocrx_word' id='word_1_126' title='bbox 312 1248 620 1311; x_wconf 87' lang='lat' dir='ltr'><strong>venienter</strong></span> <span class='ocrx_word' id='word_1_127' title='bbox 648 1248 998 1330; x_wconf 86' lang='lat' dir='ltr'><strong>auspicanti,</strong></span> <span class='ocrx_word' id='word_1_128' title='bbox 1033 1249 1211 1310; x_wconf 91' lang='lat' dir='ltr'><strong>timor</strong></span> <span class='ocrx_word' id='word_1_129' title='bbox 1240 1249 1542 1331; x_wconf 88' lang='lat' dir='ltr'><strong>supplicii,</strong></span> <span class='ocrx_word' id='word_1_130' title='bbox 1575 1259 1633 1311; x_wconf 90' lang='lat' dir='ltr'><strong>et</strong></span> <span class='ocrx_word' id='word_1_131' title='bbox 1665 1268 1732 1311; x_wconf 86' lang='lat' dir='ltr'><strong>ex</strong></span> <span class='ocrx_word' id='word_1_132' title='bbox 1759 1267 1828 1311; x_wconf 84' lang='lat' dir='ltr'><strong>eo</strong></span> <span class='ocrx_word' id='word_1_133' title='bbox 1850 1266 1958 1311; x_wconf 87' lang='lat' dir='ltr'><strong>na-</strong></span> 
     </span>
    </p>
   </div>
   <div class='ocr_carea' id='block_1_20' title="bbox 2048 1248 3699 1342">
    <p class='ocr_par' dir='ltr' id='par_1_20' title="bbox 2048 1248 3699 1342">
     <span class='ocr_line' id='line_1_20' title="bbox 2048 1248 3699 1342; baseline 0.004 -29"><span class='ocrx_word' id='word_1_134' title='bbox 2048 1256 2146 1325; x_wconf 74' lang='grc' dir='ltr'><strong>λης</strong></span> <span class='ocrx_word' id='word_1_135' title='bbox 2176 1260 2204 1314; x_wconf 99' lang='lat'><strong>6</strong></span> <span class='ocrx_word' id='word_1_136' title='bbox 2231 1263 2330 1325; x_wconf 80' lang='grc' dir='ltr'><strong>τῆς</strong></span> <span class='ocrx_word' id='word_1_137' title='bbox 2359 1257 2632 1324; x_wconf 83' lang='grc' dir='ltr'><strong>κολάσεως</strong></span> <span class='ocrx_word' id='word_1_138' title='bbox 2685 1259 2871 1342; x_wconf 84' lang='grc' dir='ltr'><strong>φόϐος,</strong></span> <span class='ocrx_word' id='word_1_139' title='bbox 2929 1248 3018 1319; x_wconf 81' lang='grc' dir='ltr'><strong>καὶ</strong></span> <span class='ocrx_word' id='word_1_140' title='bbox 3077 1264 3106 1319; x_wconf 93' lang='lat'><strong>6</strong></span> <span class='ocrx_word' id='word_1_141' title='bbox 3135 1248 3296 1325; x_wconf 75' lang='grc' dir='ltr'><strong>πόνος</strong></span> <span class='ocrx_word' id='word_1_142' title='bbox 3327 1264 3356 1318; x_wconf 93' lang='lat'><strong>6</strong></span> <span class='ocrx_word' id='word_1_143' title='bbox 3386 1248 3699 1338; x_wconf 77' lang='grc' dir='ltr'><strong>τικτόμενος</strong></span> 
     </span>
    </p>
   </div>
   <div class='ocr_carea' id='block_1_21' title="bbox 312 1337 1958 1431">
    <p class='ocr_par' dir='ltr' id='par_1_21' title="bbox 312 1337 1957 1414">
     <span class='ocr_line' id='line_1_21' title="bbox 312 1337 1957 1414; baseline 0 -15"><span class='ocrx_word' id='word_1_144' title='bbox 312 1344 407 1399; x_wconf 93' lang='lat' dir='ltr'><strong>tus</strong></span> <span class='ocrx_word' id='word_1_145' title='bbox 428 1337 602 1399; x_wconf 89' lang='lat' dir='ltr'><strong>dolor</strong></span> <span class='ocrx_word' id='word_1_146' title='bbox 617 1337 800 1399; x_wconf 90' lang='lat' dir='ltr'><strong>utilis.</strong></span> <span class='ocrx_word' id='word_1_147' title='bbox 825 1346 934 1401; x_wconf 89' lang='lat' dir='ltr'><strong>est.</strong></span> <span class='ocrx_word' id='word_1_148' title='bbox 957 1337 1068 1411; x_wconf 87' lang='lat' dir='ltr'><strong>Qui</strong></span> <span class='ocrx_word' id='word_1_149' title='bbox 1087 1347 1284 1401; x_wconf 88' lang='lat' dir='ltr'><strong>autem</strong></span> <span class='ocrx_word' id='word_1_150' title='bbox 1309 1340 1456 1401; x_wconf 87' lang='lat' dir='ltr'><strong>citra</strong></span> <span class='ocrx_word' id='word_1_151' title='bbox 1482 1340 1641 1400; x_wconf 91' lang='lat' dir='ltr'><strong>hunc</strong></span> <span class='ocrx_word' id='word_1_152' title='bbox 1665 1338 1957 1414; x_wconf 87' lang='lat' dir='ltr'><strong>dolorem,</strong></span> 
     </span>
    </p>
   </div>
   <div class='ocr_carea' id='block_1_22' title="bbox 2048 1337 3699 1431">
    <p class='ocr_par' dir='ltr' id='par_1_22' title="bbox 2048 1337 3699 1431">
     <span class='ocr_line' id='line_1_22' title="bbox 2048 1337 3699 1431; baseline 0.002 -28"><span class='ocrx_word' id='word_1_153' title='bbox 2048 1344 2282 1413; x_wconf 77' lang='grc' dir='ltr'><strong>ἐξαῦτοῦ</strong></span> <span class='ocrx_word' id='word_1_154' title='bbox 2312 1366 2326 1381; x_wconf 83' lang='grc'>⁶</span> <span class='ocrx_word' id='word_1_155' title='bbox 2378 1350 2407 1404; x_wconf 95' lang='lat'><strong>6</strong></span> <span class='ocrx_word' id='word_1_156' title='bbox 2437 1346 2492 1404; x_wconf 73' lang='grc' dir='ltr'><strong>δὲ</strong></span> <span class='ocrx_word' id='word_1_157' title='bbox 2535 1354 2626 1405; x_wconf 80' lang='grc' dir='ltr'><strong>τοῦ</strong></span> <span class='ocrx_word' id='word_1_158' title='bbox 2684 1337 2924 1408; x_wconf 75' lang='grc' dir='ltr'><strong>τοιούτου</strong></span> <span class='ocrx_word' id='word_1_159' title='bbox 2970 1350 3133 1408; x_wconf 88' lang='grc' dir='ltr'><strong>πόνου</strong></span> <span class='ocrx_word' id='word_1_160' title='bbox 3187 1350 3276 1406; x_wconf 85' lang='grc' dir='ltr'><strong>καὶ</strong></span> <span class='ocrx_word' id='word_1_161' title='bbox 3325 1347 3520 1426; x_wconf 85' lang='grc' dir='ltr'><strong>δεσμοῦ</strong></span> <span class='ocrx_word' id='word_1_162' title='bbox 3543 1337 3548 1338; x_wconf 14' lang='grc' dir='ltr'><strong>ί</strong></span> <span class='ocrx_word' id='word_1_163' title='bbox 3571 1372 3699 1431; x_wconf 86' lang='grc' dir='ltr'><strong>χω-</strong></span> 
     </span>
    </p>
   </div>
   <div class='ocr_carea' id='block_1_23' title="bbox 311 1426 1958 1517">
    <p class='ocr_par' dir='ltr' id='par_1_23' title="bbox 311 1426 1958 1517">
     <span class='ocr_line' id='line_1_23' title="bbox 311 1426 1958 1517; baseline -0.001 -28"><span class='ocrx_word' id='word_1_164' title='bbox 311 1428 462 1490; x_wconf 89' lang='lat' dir='ltr'><strong>citra</strong></span> <span class='ocrx_word' id='word_1_165' title='bbox 489 1426 817 1508; x_wconf 88' lang='lat' dir='ltr'><strong>vinculum,</strong></span> <span class='ocrx_word' id='word_1_166' title='bbox 865 1435 925 1489; x_wconf 89' lang='lat' dir='ltr'><strong>et</strong></span> <span class='ocrx_word' id='word_1_167' title='bbox 953 1435 1245 1491; x_wconf 91' lang='lat' dir='ltr'><strong>tortorem</strong></span> <span class='ocrx_word' id='word_1_168' title='bbox 1282 1429 1441 1490; x_wconf 93' lang='lat' dir='ltr'><strong>hunc</strong></span> <span class='ocrx_word' id='word_1_169' title='bbox 1476 1428 1853 1517; x_wconf 87' lang='lat' dir='ltr'><strong>incepturum</strong></span> <span class='ocrx_word' id='word_1_170' title='bbox 1897 1445 1958 1488; x_wconf 89' lang='lat' dir='ltr'><strong>se</strong></span> 
     </span>
    </p>
   </div>
   <div class='ocr_carea' id='block_1_24' title="bbox 2048 1426 3700 1517">
    <p class='ocr_par' dir='ltr' id='par_1_24' title="bbox 2048 1426 3700 1517">
     <span class='ocr_line' id='line_1_24' title="bbox 2048 1426 3700 1517; baseline 0.002 -25"><span class='ocrx_word' id='word_1_171' title='bbox 2048 1437 2144 1516; x_wconf 75' lang='grc' dir='ltr'><strong>ρῖς,</strong></span> <span class='ocrx_word' id='word_1_172' title='bbox 2220 1436 2397 1517; x_wconf 84' lang='grc' dir='ltr'><strong>ἀρχὴν</strong></span> <span class='ocrx_word' id='word_1_173' title='bbox 2454 1436 2643 1513; x_wconf 81' lang='grc' dir='ltr'><strong>βαλεῖν</strong></span> <span class='ocrx_word' id='word_1_174' title='bbox 2713 1442 3131 1517; x_wconf 75' lang='grc' dir='ltr'><strong>φανταζόμενος,</strong></span> <span class='ocrx_word' id='word_1_175' title='bbox 3198 1438 3293 1496; x_wconf 70' lang='grc' dir='ltr'><strong>οὒκ</strong></span> <span class='ocrx_word' id='word_1_176' title='bbox 3347 1438 3433 1496; x_wconf 77' lang='grc' dir='ltr'><strong>ἐπὶ</strong></span> <span class='ocrx_word' id='word_1_177' title='bbox 3474 1426 3700 1516; x_wconf 78' lang='grc' dir='ltr'><strong>ψάμμω</strong></span> 
     </span>
    </p>
   </div>
   <div class='ocr_carea' id='block_1_25' title="bbox 308 1515 1958 1606">
    <p class='ocr_par' dir='ltr' id='par_1_25' title="bbox 308 1515 1958 1596">
     <span class='ocr_line' id='line_1_25' title="bbox 308 1515 1958 1596; baseline 0 -18"><span class='ocrx_word' id='word_1_178' title='bbox 308 1515 693 1596; x_wconf 85' lang='lat' dir='ltr'><strong>imaginatur,</strong></span> <span class='ocrx_word' id='word_1_179' title='bbox 741 1535 863 1578; x_wconf 92' lang='lat' dir='ltr'><strong>non</strong></span> <span class='ocrx_word' id='word_1_180' title='bbox 922 1516 1099 1578; x_wconf 90' lang='lat' dir='ltr'><strong>modo</strong></span> <span class='ocrx_word' id='word_1_181' title='bbox 1159 1517 1610 1579; x_wconf 87' lang='lat' dir='ltr'><strong>fundamentum</strong></span> <span class='ocrx_word' id='word_1_182' title='bbox 1660 1516 1958 1578; x_wconf 88' lang='lat' dir='ltr'><strong>actionum</strong></span> 
     </span>
    </p>
   </div>
   <div class='ocr_carea' id='block_1_26' title="bbox 2048 1515 3699 1606">
    <p class='ocr_par' dir='ltr' id='par_1_26' title="bbox 2048 1515 3699 1606">
     <span class='ocr_line' id='line_1_26' title="bbox 2048 1515 3699 1606; baseline 0.002 -25"><span class='ocrx_word' id='word_1_183' title='bbox 2048 1515 2229 1600; x_wconf 85' lang='grc' dir='ltr'><strong>μόνον,</strong></span> <span class='ocrx_word' id='word_1_184' title='bbox 2260 1515 2392 1581; x_wconf 70' lang='grc' dir='ltr'><strong>τῶν</strong></span> <span class='ocrx_word' id='word_1_185' title='bbox 2441 1526 2629 1583; x_wconf 77' lang='grc' dir='ltr'><strong>ἑαυτοῦ</strong></span> <span class='ocrx_word' id='word_1_186' title='bbox 2682 1515 2920 1606; x_wconf 74' lang='grc' dir='ltr'><strong>πράξεων</strong></span> <span class='ocrx_word' id='word_1_187' title='bbox 2973 1530 3063 1585; x_wconf 83' lang='grc' dir='ltr'><strong>τὸν</strong></span> <span class='ocrx_word' id='word_1_188' title='bbox 3119 1526 3363 1603; x_wconf 82' lang='grc' dir='ltr'><strong>θεμέλιον</strong></span> <span class='ocrx_word' id='word_1_189' title='bbox 3421 1526 3699 1586; x_wconf 80' lang='grc' dir='ltr'><strong>καταϐάλ-</strong></span> 
     </span>
    </p>
   </div>
   <div class='ocr_carea' id='block_1_27' title="bbox 309 1605 1958 1698">
    <p class='ocr_par' dir='ltr' id='par_1_27' title="bbox 309 1605 1958 1686">
     <span class='ocr_line' id='line_1_27' title="bbox 309 1605 1958 1686; baseline 0 -20"><span class='ocrx_word' id='word_1_190' title='bbox 309 1623 552 1667; x_wconf 91' lang='lat' dir='ltr'><strong>suarum</strong></span> <span class='ocrx_word' id='word_1_191' title='bbox 587 1624 770 1686; x_wconf 89' lang='lat' dir='ltr'><strong>super</strong></span> <span class='ocrx_word' id='word_1_192' title='bbox 798 1623 1038 1669; x_wconf 91' lang='lat' dir='ltr'><strong>arenam</strong></span> <span class='ocrx_word' id='word_1_193' title='bbox 1070 1605 1359 1669; x_wconf 90' lang='lat' dir='ltr'><strong>collocat:</strong></span> <span class='ocrx_word' id='word_1_194' title='bbox 1387 1607 1494 1668; x_wconf 90' lang='lat' dir='ltr'><strong>sed</strong></span> <span class='ocrx_word' id='word_1_195' title='bbox 1515 1607 1690 1668; x_wconf 90' lang='lat' dir='ltr'><strong>etiam</strong></span> <span class='ocrx_word' id='word_1_196' title='bbox 1719 1605 1958 1668; x_wconf 92' lang='lat' dir='ltr'><strong>domum</strong></span> 
     </span>
    </p>
   </div>
   <div class='ocr_carea' id='block_1_28' title="bbox 2048 1605 3698 1698">
    <p class='ocr_par' dir='ltr' id='par_1_28' title="bbox 2048 1605 3698 1698">
     <span class='ocr_line' id='line_1_28' title="bbox 2048 1605 3698 1698; baseline 0.002 -29"><span class='ocrx_word' id='word_1_197' title='bbox 2048 1612 2213 1688; x_wconf 88' lang='grc' dir='ltr'><strong>λεται,</strong></span> <span class='ocrx_word' id='word_1_198' title='bbox 2262 1613 2401 1671; x_wconf 82' lang='grc' dir='ltr'><strong>ἀλλὰ</strong></span> <span class='ocrx_word' id='word_1_199' title='bbox 2448 1616 2537 1672; x_wconf 83' lang='grc' dir='ltr'><strong>καὶ</strong></span> <span class='ocrx_word' id='word_1_200' title='bbox 2586 1617 2659 1679; x_wconf 80' lang='grc' dir='ltr'><strong>εἰς</strong></span> <span class='ocrx_word' id='word_1_201' title='bbox 2703 1605 2831 1697; x_wconf 83' lang='grc' dir='ltr'><strong>ἀέρα</strong></span> <span class='ocrx_word' id='word_1_202' title='bbox 2886 1615 3059 1674; x_wconf 67' lang='grc' dir='ltr'><strong>οἴεται</strong></span> <span class='ocrx_word' id='word_1_203' title='bbox 3104 1615 3231 1698; x_wconf 86' lang='grc' dir='ltr'><strong>δίχα</strong></span> <span class='ocrx_word' id='word_1_204' title='bbox 3270 1616 3525 1693; x_wconf 78' lang='grc' dir='ltr'><strong>θεμελίων</strong></span> <span class='ocrx_word' id='word_1_205' title='bbox 3569 1640 3698 1677; x_wconf 89' lang='grc' dir='ltr'><strong>συν-</strong></span> 
     </span>
    </p>
   </div>
   <div class='ocr_carea' id='block_1_29' title="bbox 308 1693 1958 1785">
    <p class='ocr_par' dir='ltr' id='par_1_29' title="bbox 308 1693 1958 1776">
     <span class='ocr_line' id='line_1_29' title="bbox 308 1693 1958 1776; baseline -0.001 -19"><span class='ocrx_word' id='word_1_206' title='bbox 308 1712 477 1757; x_wconf 90' lang='lat' dir='ltr'><strong>suam</strong></span> <span class='ocrx_word' id='word_1_207' title='bbox 506 1694 569 1755; x_wconf 91' lang='lat' dir='ltr'><strong>in</strong></span> <span class='ocrx_word' id='word_1_208' title='bbox 600 1713 741 1757; x_wconf 86' lang='lat' dir='ltr'><strong>aere</strong></span> <span class='ocrx_word' id='word_1_209' title='bbox 768 1693 992 1776; x_wconf 89' lang='lat' dir='ltr'><strong>absque</strong></span> <span class='ocrx_word' id='word_1_210' title='bbox 1037 1695 1424 1758; x_wconf 90' lang='lat' dir='ltr'><strong>fundamento</strong></span> <span class='ocrx_word' id='word_1_211' title='bbox 1475 1714 1540 1757; x_wconf 92' lang='lat' dir='ltr'><strong>se</strong></span> <span class='ocrx_word' id='word_1_212' title='bbox 1584 1703 1958 1757; x_wconf 89' lang='lat' dir='ltr'><strong>constructu-</strong></span> 
     </span>
    </p>
   </div>
   <div class='ocr_carea' id='block_1_30' title="bbox 2048 1693 3699 1785">
    <p class='ocr_par' dir='ltr' id='par_1_30' title="bbox 2048 1693 3699 1785">
     <span class='ocr_line' id='line_1_30' title="bbox 2048 1693 3699 1785; baseline 0.003 -27"><span class='ocrx_word' id='word_1_213' title='bbox 2048 1703 2276 1759; x_wconf 89' lang='grc' dir='ltr'><strong>ιστάνειν</strong></span> <span class='ocrx_word' id='word_1_214' title='bbox 2319 1705 2484 1761; x_wconf 74' lang='grc' dir='ltr'><strong>οἰκίαν</strong></span> <span class='ocrx_word' id='word_1_215' title='bbox 2518 1723 2534 1739; x_wconf 76' lang='grc'><strong>⁸</strong></span> <span class='ocrx_word' id='word_1_216' title='bbox 2583 1703 2712 1784; x_wconf 83' lang='grc' dir='ltr'><strong>ὅπερ</strong></span> <span class='ocrx_word' id='word_1_217' title='bbox 2765 1693 2944 1773; x_wconf 78' lang='grc' dir='ltr'><strong>πάντη</strong></span> <span class='ocrx_word' id='word_1_218' title='bbox 2988 1693 3239 1764; x_wconf 75' lang='grc' dir='ltr'><strong>ἀδύνατον</strong></span> <span class='ocrx_word' id='word_1_219' title='bbox 3274 1724 3288 1739; x_wconf 80' lang='grc'><strong>⁸</strong></span> <span class='ocrx_word' id='word_1_220' title='bbox 3323 1708 3351 1762; x_wconf 89' lang='lat'><strong>6</strong></span> <span class='ocrx_word' id='word_1_221' title='bbox 3406 1706 3509 1785; x_wconf 80' lang='grc' dir='ltr'><strong>γὰρ</strong></span> <span class='ocrx_word' id='word_1_222' title='bbox 3535 1706 3699 1770; x_wconf 82' lang='grc' dir='ltr'><strong>πόνος</strong></span> 
     </span>
    </p>
   </div>
   <div class='ocr_carea' id='block_1_31' title="bbox 309 1783 1958 1875">
    <p class='ocr_par' dir='ltr' id='par_1_31' title="bbox 309 1783 1958 1875">
     <span class='ocr_line' id='line_1_31' title="bbox 309 1783 1958 1875; baseline 0.001 -30"><span class='ocrx_word' id='word_1_223' title='bbox 309 1801 441 1875; x_wconf 84' lang='lat' dir='ltr'><strong>rum</strong></span> <span class='ocrx_word' id='word_1_224' title='bbox 475 1785 776 1875; x_wconf 74' lang='lat' dir='ltr'><strong>opinatur,</strong></span> <span class='ocrx_word' id='word_1_225' title='bbox 811 1804 942 1865; x_wconf 86' lang='lat' dir='ltr'><strong>quae</strong></span> <span class='ocrx_word' id='word_1_226' title='bbox 983 1785 1112 1846; x_wconf 81' lang='lat' dir='ltr'><strong>fieri</strong></span> <span class='ocrx_word' id='word_1_227' title='bbox 1147 1785 1746 1875; x_wconf 77' lang='lat' dir='ltr'><strong>neutiquampotest.</strong></span> <span class='ocrx_word' id='word_1_228' title='bbox 1781 1783 1958 1875; x_wconf 84' lang='lat' dir='ltr'><strong>Dolor</strong></span> 
     </span>
    </p>
   </div>
   <div class='ocr_carea' id='block_1_32' title="bbox 2048 1783 3700 1875">
    <p class='ocr_par' dir='ltr' id='par_1_32' title="bbox 2048 1783 3700 1875">
     <span class='ocr_line' id='line_1_32' title="bbox 2048 1783 3700 1875; baseline 0.002 -28"><span class='ocrx_word' id='word_1_229' title='bbox 2048 1793 2222 1867; x_wconf 75' lang='grc' dir='ltr'><strong>οὗτος,</strong></span> <span class='ocrx_word' id='word_1_230' title='bbox 2258 1790 2384 1849; x_wconf 83' lang='grc' dir='ltr'><strong>ὅσον</strong></span> <span class='ocrx_word' id='word_1_231' title='bbox 2413 1793 2558 1850; x_wconf 77' lang='grc' dir='ltr'><strong>οὔπω</strong></span> <span class='ocrx_word' id='word_1_232' title='bbox 2587 1783 2761 1850; x_wconf 82' lang='grc' dir='ltr'><strong>πᾶσαν</strong></span> <span class='ocrx_word' id='word_1_233' title='bbox 2793 1795 2967 1873; x_wconf 82' lang='grc' dir='ltr'><strong>χαρὰν</strong></span> <span class='ocrx_word' id='word_1_234' title='bbox 2997 1795 3298 1875; x_wconf 70' lang='grc' dir='ltr'><strong>ἀποτίκτει,</strong></span> <span class='ocrx_word' id='word_1_235' title='bbox 3328 1783 3430 1851; x_wconf 14' lang='grc' dir='ltr'><strong>καὶγ</strong></span> <span class='ocrx_word' id='word_1_236' title='bbox 3448 1783 3700 1871; x_wconf 31' lang='grc' dir='ltr'><strong>ὁ-δεσμὸς</strong></span> 
     </span>
    </p>
   </div>
   <div class='ocr_carea' id='block_1_33' title="bbox 311 1872 1958 1961">
    <p class='ocr_par' dir='ltr' id='par_1_33' title="bbox 311 1872 1958 1955">
     <span class='ocr_line' id='line_1_33' title="bbox 311 1872 1958 1955; baseline 0.001 -22"><span class='ocrx_word' id='word_1_237' title='bbox 311 1872 471 1934; x_wconf 91' lang='lat' dir='ltr'><strong>enim</strong></span> <span class='ocrx_word' id='word_1_238' title='bbox 499 1872 613 1934; x_wconf 89' lang='lat' dir='ltr'><strong>iste</strong></span> <span class='ocrx_word' id='word_1_239' title='bbox 645 1872 843 1934; x_wconf 88' lang='lat' dir='ltr'><strong>statim</strong></span> <span class='ocrx_word' id='word_1_240' title='bbox 870 1892 1047 1935; x_wconf 91' lang='lat' dir='ltr'><strong>omne</strong></span> <span class='ocrx_word' id='word_1_241' title='bbox 1078 1872 1359 1954; x_wconf 85' lang='lat' dir='ltr'><strong>gaudium</strong></span> <span class='ocrx_word' id='word_1_242' title='bbox 1397 1873 1549 1955; x_wconf 88' lang='lat' dir='ltr'><strong>parit</strong></span> <span class='ocrx_word' id='word_1_243' title='bbox 1582 1894 1598 1935; x_wconf 93' lang='lat'><strong>:</strong></span> <span class='ocrx_word' id='word_1_244' title='bbox 1629 1874 1821 1935; x_wconf 89' lang='lat' dir='ltr'><strong>ethoc</strong></span> <span class='ocrx_word' id='word_1_245' title='bbox 1842 1873 1958 1935; x_wconf 85' lang='lat' dir='ltr'><strong>vin-</strong></span> 
     </span>
    </p>
   </div>
   <div class='ocr_carea' id='block_1_34' title="bbox 2048 1872 3702 1961">
    <p class='ocr_par' dir='ltr' id='par_1_34' title="bbox 2048 1872 3702 1961">
     <span class='ocr_line' id='line_1_34' title="bbox 2048 1872 3702 1961; baseline 0.003 -23"><span class='ocrx_word' id='word_1_246' title='bbox 2048 1882 2222 1953; x_wconf 82' lang='grc' dir='ltr'><strong>οὗτος,</strong></span> <span class='ocrx_word' id='word_1_247' title='bbox 2297 1881 2511 1939; x_wconf 86' lang='grc' dir='ltr'><strong>πάντων</strong></span> <span class='ocrx_word' id='word_1_248' title='bbox 2572 1872 2973 1961; x_wconf 74' lang='grc' dir='ltr'><strong>ἁμαρτημάτων</strong></span> <span class='ocrx_word' id='word_1_249' title='bbox 3030 1885 3119 1941; x_wconf 83' lang='grc' dir='ltr'><strong>καὶ</strong></span> <span class='ocrx_word' id='word_1_250' title='bbox 3186 1872 3366 1940; x_wconf 82' lang='grc' dir='ltr'><strong>παθῶν</strong></span> <span class='ocrx_word' id='word_1_251' title='bbox 3423 1883 3489 1942; x_wconf 76' lang='grc' dir='ltr'><strong>τὰ</strong></span> <span class='ocrx_word' id='word_1_252' title='bbox 3531 1880 3702 1959; x_wconf 80' lang='grc' dir='ltr'><strong>δεσμὰ</strong></span> 
     </span>
    </p>
   </div>
   <div class='ocr_carea' id='block_1_35' title="bbox 309 1961 1958 2052">
    <p class='ocr_par' dir='ltr' id='par_1_35' title="bbox 309 1961 1958 2044">
     <span class='ocr_line' id='line_1_35' title="bbox 309 1961 1958 2044; baseline 0.001 -22"><span class='ocrx_word' id='word_1_253' title='bbox 309 1961 534 2036; x_wconf 92' lang='lat' dir='ltr'><strong>culum,</strong></span> <span class='ocrx_word' id='word_1_254' title='bbox 590 1961 857 2023; x_wconf 89' lang='lat' dir='ltr'><strong>omnium</strong></span> <span class='ocrx_word' id='word_1_255' title='bbox 901 1971 1304 2042; x_wconf 80' lang='lat' dir='ltr'><strong>peccatorum,</strong></span> <span class='ocrx_word' id='word_1_256' title='bbox 1339 1963 1751 2044; x_wconf 90' lang='lat' dir='ltr'><strong>malorumque</strong></span> <span class='ocrx_word' id='word_1_257' title='bbox 1779 1963 1958 2024; x_wconf 79' lang='lat' dir='ltr'><strong>affec-</strong></span> 
     </span>
    </p>
   </div>
   <div class='ocr_carea' id='block_1_36' title="bbox 2048 1961 3701 2052">
    <p class='ocr_par' dir='ltr' id='par_1_36' title="bbox 2048 1966 3701 2052">
     <span class='ocr_line' id='line_1_36' title="bbox 2048 1966 3701 2052; baseline 0.003 -28"><span class='ocrx_word' id='word_1_258' title='bbox 2048 1966 2346 2047; x_wconf 83' lang='grc' dir='ltr'><strong>διαῤῥήσσει</strong></span> <span class='ocrx_word' id='word_1_259' title='bbox 2382 1986 2396 2000; x_wconf 86' lang='lat'><strong>&#39;</strong></span> <span class='ocrx_word' id='word_1_260' title='bbox 2443 1971 2531 2029; x_wconf 82' lang='grc' dir='ltr'><strong>καὶ</strong></span> <span class='ocrx_word' id='word_1_261' title='bbox 2574 1974 2603 2028; x_wconf 93' lang='lat'><strong>6</strong></span> <span class='ocrx_word' id='word_1_262' title='bbox 2650 1970 2841 2046; x_wconf 85' lang='grc' dir='ltr'><strong>δήμιος</strong></span> <span class='ocrx_word' id='word_1_263' title='bbox 2885 1973 3036 2037; x_wconf 77' lang='grc' dir='ltr'><strong>οὗτος</strong></span> <span class='ocrx_word' id='word_1_264' title='bbox 3093 1972 3217 2052; x_wconf 68' lang='grc' dir='ltr'>οὐχὶ</span> <span class='ocrx_word' id='word_1_265' title='bbox 3264 1972 3513 2046; x_wconf 89' lang='grc' dir='ltr'><strong>θάνατον,</strong></span> <span class='ocrx_word' id='word_1_266' title='bbox 3562 1969 3701 2029; x_wconf 82' lang='grc' dir='ltr'><strong>ἀλλὰ</strong></span> 
     </span>
    </p>
   </div>
   <div class='ocr_carea' id='block_1_37' title="bbox 308 2049 1961 2133">
    <p class='ocr_par' dir='ltr' id='par_1_37' title="bbox 308 2049 1961 2133">
     <span class='ocr_line' id='line_1_37' title="bbox 308 2049 1961 2133; baseline 0.001 -21"><span class='ocrx_word' id='word_1_267' title='bbox 308 2049 537 2113; x_wconf 88' lang='lat' dir='ltr'><strong>tionum</strong></span> <span class='ocrx_word' id='word_1_268' title='bbox 563 2050 796 2112; x_wconf 85' lang='lat' dir='ltr'><strong>vincula</strong></span> <span class='ocrx_word' id='word_1_269' title='bbox 824 2051 1141 2133; x_wconf 89' lang='lat' dir='ltr'><strong>dirumpit:</strong></span> <span class='ocrx_word' id='word_1_270' title='bbox 1169 2059 1229 2113; x_wconf 90' lang='lat' dir='ltr'><strong>et</strong></span> <span class='ocrx_word' id='word_1_271' title='bbox 1249 2051 1511 2116; x_wconf 78' lang='lat' dir='ltr'><strong>carnifex</strong></span> <span class='ocrx_word' id='word_1_272' title='bbox 1560 2053 1672 2114; x_wconf 92' lang='lat' dir='ltr'><strong>iste</strong></span> <span class='ocrx_word' id='word_1_273' title='bbox 1704 2071 1822 2114; x_wconf 92' lang='lat' dir='ltr'><strong>non</strong></span> <span class='ocrx_word' id='word_1_274' title='bbox 1848 2071 1961 2114; x_wconf 87' lang='lat' dir='ltr'><strong>ne-</strong></span> 
     </span>
    </p>
   </div>
   <div class='ocr_carea' id='block_1_38' title="bbox 307 2138 1795 2221">
    <p class='ocr_par' dir='ltr' id='par_1_38' title="bbox 307 2138 1795 2221">
     <span class='ocr_line' id='line_1_38' title="bbox 307 2138 1795 2221; baseline 0 -20"><span class='ocrx_word' id='word_1_275' title='bbox 307 2156 439 2201; x_wconf 91' lang='lat' dir='ltr'><strong>cem</strong></span> <span class='ocrx_word' id='word_1_276' title='bbox 465 2138 656 2215; x_wconf 82' lang='lat' dir='ltr'><strong>affet‘t,</strong></span> <span class='ocrx_word' id='word_1_277' title='bbox 690 2138 794 2201; x_wconf 89' lang='lat' dir='ltr'><strong>sed</strong></span> <span class='ocrx_word' id='word_1_278' title='bbox 824 2144 1001 2201; x_wconf 74' lang='lat' dir='ltr'><strong>vitam</strong></span> <span class='ocrx_word' id='word_1_279' title='bbox 1034 2141 1460 2221; x_wconf 86' lang='lat' dir='ltr'><strong>sempiternam</strong></span> <span class='ocrx_word' id='word_1_280' title='bbox 1489 2140 1795 2203; x_wconf 87' lang='lat' dir='ltr'><strong>conciliat.</strong></span> 
     </span>
    </p>
   </div>
   <div class='ocr_carea' id='block_1_39' title="bbox 383 2226 1957 2310">
    <p class='ocr_par' dir='ltr' id='par_1_39' title="bbox 383 2226 1957 2310">
     <span class='ocr_line' id='line_1_39' title="bbox 383 2226 1957 2310; baseline 0.003 -22"><span class='ocrx_word' id='word_1_281' title='bbox 383 2229 486 2292; x_wconf 90' lang='lat'><strong>6&#39;7.</strong></span> <span class='ocrx_word' id='word_1_282' title='bbox 519 2226 631 2301; x_wconf 86' lang='lat' dir='ltr'><strong>Qui</strong></span> <span class='ocrx_word' id='word_1_283' title='bbox 657 2247 692 2290; x_wconf 89' lang='lat' dir='ltr'><strong>a</strong></span> <span class='ocrx_word' id='word_1_284' title='bbox 721 2227 951 2304; x_wconf 91' lang='lat' dir='ltr'><strong>dolore,</strong></span> <span class='ocrx_word' id='word_1_285' title='bbox 972 2248 1148 2308; x_wconf 89' lang='lat' dir='ltr'><strong>quem</strong></span> <span class='ocrx_word' id='word_1_286' title='bbox 1163 2228 1371 2291; x_wconf 70' lang='lat' dir='ltr'><strong>aeterni</strong></span> <span class='ocrx_word' id='word_1_287' title='bbox 1392 2228 1671 2310; x_wconf 91' lang='lat' dir='ltr'><strong>supplicii</strong></span> <span class='ocrx_word' id='word_1_288' title='bbox 1700 2229 1957 2292; x_wconf 91' lang='lat' dir='ltr'><strong>formido</strong></span> 
     </span>
    </p>
   </div>
   <div class='ocr_carea' id='block_1_40' title="bbox 300 2317 1953 2399">
    <p class='ocr_par' dir='ltr' id='par_1_40' title="bbox 300 2317 1953 2399">
     <span class='ocr_line' id='line_1_40' title="bbox 300 2317 1953 2399; baseline 0.001 -20"><span class='ocrx_word' id='word_1_289' title='bbox 300 2318 631 2398; x_wconf 82' lang='lat' dir='ltr'><strong>ingenerat,</strong></span> <span class='ocrx_word' id='word_1_290' title='bbox 682 2317 950 2395; x_wconf 89' lang='lat' dir='ltr'><strong>resilire;</strong></span> <span class='ocrx_word' id='word_1_291' title='bbox 1008 2337 1265 2399; x_wconf 91' lang='lat' dir='ltr'><strong>eumque</strong></span> <span class='ocrx_word' id='word_1_292' title='bbox 1315 2318 1583 2397; x_wconf 75' lang='lat' dir='ltr'><strong>effugere</strong></span> <span class='ocrx_word' id='word_1_293' title='bbox 1636 2320 1897 2381; x_wconf 89' lang='lat' dir='ltr'><strong>noluerit</strong></span> <span class='ocrx_word' id='word_1_294' title='bbox 1939 2341 1953 2381; x_wconf 90' lang='lat'><strong>:</strong></span> 
     </span>
    </p>
   </div>
   <div class='ocr_carea' id='block_1_41' title="bbox 302 2406 1954 2489">
    <p class='ocr_par' dir='ltr' id='par_1_41' title="bbox 302 2406 1954 2489">
     <span class='ocr_line' id='line_1_41' title="bbox 302 2406 1954 2489; baseline 0.002 -20"><span class='ocrx_word' id='word_1_295' title='bbox 302 2407 408 2469; x_wconf 92' lang='lat' dir='ltr'><strong>sed</strong></span> <span class='ocrx_word' id='word_1_296' title='bbox 437 2406 702 2470; x_wconf 88' lang='lat' dir='ltr'><strong>animum</strong></span> <span class='ocrx_word' id='word_1_297' title='bbox 744 2407 818 2470; x_wconf 90' lang='lat' dir='ltr'><strong>ad</strong></span> <span class='ocrx_word' id='word_1_298' title='bbox 849 2426 986 2469; x_wconf 90' lang='lat' dir='ltr'><strong>eum</strong></span> <span class='ocrx_word' id='word_1_299' title='bbox 1035 2407 1382 2489; x_wconf 88' lang='lat' dir='ltr'><strong>applicabit,</strong></span> <span class='ocrx_word' id='word_1_300' title='bbox 1416 2417 1476 2470; x_wconf 90' lang='lat' dir='ltr'><strong>et</strong></span> <span class='ocrx_word' id='word_1_301' title='bbox 1517 2409 1649 2488; x_wconf 90' lang='lat' dir='ltr'><strong>ejus</strong></span> <span class='ocrx_word' id='word_1_302' title='bbox 1678 2409 1794 2472; x_wconf 91' lang='lat' dir='ltr'><strong>sibi</strong></span> <span class='ocrx_word' id='word_1_303' title='bbox 1822 2412 1954 2472; x_wconf 91' lang='lat' dir='ltr'><strong>vin-</strong></span> 
     </span>
    </p>
   </div>
   <div class='ocr_carea' id='block_1_42' title="bbox 301 2493 1956 2574">
    <p class='ocr_par' dir='ltr' id='par_1_42' title="bbox 301 2493 1956 2574">
     <span class='ocr_line' id='line_1_42' title="bbox 301 2493 1956 2574; baseline 0.001 -16"><span class='ocrx_word' id='word_1_304' title='bbox 301 2494 435 2558; x_wconf 92' lang='lat' dir='ltr'><strong>cula</strong></span> <span class='ocrx_word' id='word_1_305' title='bbox 482 2493 668 2571; x_wconf 85' lang='lat' dir='ltr'><strong>magis</strong></span> <span class='ocrx_word' id='word_1_306' title='bbox 714 2496 1022 2574; x_wconf 88' lang='lat' dir='ltr'><strong>astringet,</strong></span> <span class='ocrx_word' id='word_1_307' title='bbox 1078 2497 1239 2559; x_wconf 91' lang='lat' dir='ltr'><strong>hunc</strong></span> <span class='ocrx_word' id='word_1_308' title='bbox 1270 2496 1374 2558; x_wconf 91' lang='lat' dir='ltr'><strong>ille</strong></span> <span class='ocrx_word' id='word_1_309' title='bbox 1408 2495 1683 2559; x_wconf 91' lang='lat' dir='ltr'><strong>breviore</strong></span> <span class='ocrx_word' id='word_1_310' title='bbox 1715 2498 1808 2559; x_wconf 81' lang='lat' dir='ltr'><strong>via</strong></span> <span class='ocrx_word' id='word_1_311' title='bbox 1840 2498 1956 2560; x_wconf 93' lang='lat' dir='ltr'><strong>du-</strong></span> 
     </span>
    </p>
   </div>
   <div class='ocr_carea' id='block_1_43' title="bbox 303 2583 1958 2666">
    <p class='ocr_par' dir='ltr' id='par_1_43' title="bbox 303 2583 1958 2666">
     <span class='ocr_line' id='line_1_43' title="bbox 303 2583 1958 2666; baseline 0 -18"><span class='ocrx_word' id='word_1_312' title='bbox 303 2594 486 2663; x_wconf 90' lang='lat' dir='ltr'><strong>ctum,</strong></span> <span class='ocrx_word' id='word_1_313' title='bbox 520 2583 677 2666; x_wconf 91' lang='lat' dir='ltr'><strong>quod</strong></span> <span class='ocrx_word' id='word_1_314' title='bbox 704 2585 997 2665; x_wconf 87' lang='lat' dir='ltr'><strong>sequitur,</strong></span> <span class='ocrx_word' id='word_1_315' title='bbox 1031 2592 1171 2647; x_wconf 89' lang='lat' dir='ltr'><strong>ante</strong></span> <span class='ocrx_word' id='word_1_316' title='bbox 1218 2593 1604 2665; x_wconf 88' lang='lat' dir='ltr'><strong>conspectum</strong></span> <span class='ocrx_word' id='word_1_317' title='bbox 1646 2585 1825 2666; x_wconf 80' lang='lat' dir='ltr'><strong>Regis</strong></span> <span class='ocrx_word' id='word_1_318' title='bbox 1856 2605 1958 2649; x_wconf 89' lang='lat' dir='ltr'><strong>re-</strong></span> 
     </span>
    </p>
   </div>
   <div class='ocr_carea' id='block_1_44' title="bbox 303 2673 1959 2755">
    <p class='ocr_par' dir='ltr' id='par_1_44' title="bbox 303 2673 1959 2755">
     <span class='ocr_line' id='line_1_44' title="bbox 303 2673 1959 2755; baseline 0 -19"><span class='ocrx_word' id='word_1_319' title='bbox 303 2693 441 2755; x_wconf 86' lang='lat' dir='ltr'><strong>gum</strong></span> <span class='ocrx_word' id='word_1_320' title='bbox 474 2682 723 2737; x_wconf 86' lang='lat' dir='ltr'><strong>statuet.</strong></span> <span class='ocrx_word' id='word_1_321' title='bbox 751 2673 920 2747; x_wconf 85' lang='lat' dir='ltr'><strong>Quod</strong></span> <span class='ocrx_word' id='word_1_322' title='bbox 952 2694 1087 2737; x_wconf 90' lang='lat' dir='ltr'><strong>cum</strong></span> <span class='ocrx_word' id='word_1_323' title='bbox 1113 2675 1335 2737; x_wconf 84' lang='lat' dir='ltr'><strong>factum</strong></span> <span class='ocrx_word' id='word_1_324' title='bbox 1367 2674 1563 2749; x_wconf 88' lang='lat' dir='ltr'><strong>fuerit,</strong></span> <span class='ocrx_word' id='word_1_325' title='bbox 1598 2675 1777 2738; x_wconf 90' lang='lat' dir='ltr'><strong>simul</strong></span> <span class='ocrx_word' id='word_1_326' title='bbox 1828 2676 1959 2755; x_wconf 90' lang='lat' dir='ltr'><strong>ejus</strong></span> 
     </span>
    </p>
   </div>
   <div class='ocr_carea' id='block_1_45' title="bbox 305 2762 1959 2844">
    <p class='ocr_par' dir='ltr' id='par_1_45' title="bbox 305 2762 1959 2844">
     <span class='ocr_line' id='line_1_45' title="bbox 305 2762 1959 2844; baseline 0 -19"><span class='ocrx_word' id='word_1_327' title='bbox 305 2763 561 2843; x_wconf 81' lang='lat' dir='ltr'><strong>gloriam</strong></span> <span class='ocrx_word' id='word_1_328' title='bbox 597 2763 763 2825; x_wconf 86' lang='lat' dir='ltr'><strong>clare</strong></span> <span class='ocrx_word' id='word_1_329' title='bbox 809 2762 1210 2844; x_wconf 83' lang='lat' dir='ltr'><strong>conspexerit,</strong></span> <span class='ocrx_word' id='word_1_330' title='bbox 1245 2762 1442 2824; x_wconf 92' lang='lat' dir='ltr'><strong>subito</strong></span> <span class='ocrx_word' id='word_1_331' title='bbox 1473 2763 1709 2825; x_wconf 91' lang='lat' dir='ltr'><strong>vincula</strong></span> <span class='ocrx_word' id='word_1_332' title='bbox 1738 2762 1959 2825; x_wconf 90' lang='lat' dir='ltr'><strong>dissol-</strong></span> 
     </span>
    </p>
   </div>
   <div class='ocr_carea' id='block_1_46' title="bbox 2043 2052 2750 2140">
    <p class='ocr_par' dir='ltr' id='par_1_46' title="bbox 2043 2052 2750 2140">
     <span class='ocr_line' id='line_1_46' title="bbox 2043 2052 2750 2140; baseline 0.007 -27"><span class='ocrx_word' id='word_1_333' title='bbox 2043 2058 2188 2130; x_wconf 77' lang='grc' dir='ltr'><strong>ζωὴν</strong></span> <span class='ocrx_word' id='word_1_334' title='bbox 2233 2058 2443 2117; x_wconf 78' lang='grc' dir='ltr'><strong>αἰώνιον</strong></span> <span class='ocrx_word' id='word_1_335' title='bbox 2484 2052 2750 2140; x_wconf 74' lang='grc' dir='ltr'><strong>προξενεῇ</strong></span> 
     </span>
    </p>
   </div>
   <div class='ocr_carea' id='block_1_47' title="bbox 2123 2220 3699 2319">
    <p class='ocr_par' dir='ltr' id='par_1_47' title="bbox 2123 2220 3699 2319">
     <span class='ocr_line' id='line_1_47' title="bbox 2123 2220 3699 2319; baseline 0 -21"><span class='ocrx_word' id='word_1_336' title='bbox 2123 2224 2221 2307; x_wconf 74' lang='grc' dir='ltr'><strong>ξζ’.</strong></span> <span class='ocrx_word' id='word_1_337' title='bbox 2252 2220 2346 2300; x_wconf 59' lang='grc' dir='ltr'><strong>σιΟς</strong></span> <span class='ocrx_word' id='word_1_338' title='bbox 2377 2236 2440 2293; x_wconf 76' lang='grc' dir='ltr'><strong>ἂν</strong></span> <span class='ocrx_word' id='word_1_339' title='bbox 2470 2238 2549 2315; x_wconf 78' lang='grc' dir='ltr'><strong>μὴ</strong></span> <span class='ocrx_word' id='word_1_340' title='bbox 2602 2236 2803 2317; x_wconf 74' lang='grc' dir='ltr'><strong>θελήσῃ</strong></span> <span class='ocrx_word' id='word_1_341' title='bbox 2863 2238 3253 2319; x_wconf 78' lang='grc' dir='ltr'><strong>ἀποσκιρτῆσαι</strong></span> <span class='ocrx_word' id='word_1_342' title='bbox 3313 2239 3403 2295; x_wconf 87' lang='grc' dir='ltr'><strong>καὶ</strong></span> <span class='ocrx_word' id='word_1_343' title='bbox 3446 2237 3699 2319; x_wconf 72' lang='grc' dir='ltr'><strong>ἐκφυγεῖν</strong></span> 
     </span>
    </p>
   </div>
   <div class='ocr_carea' id='block_1_48' title="bbox 2038 2324 3700 2409">
    <p class='ocr_par' dir='ltr' id='par_1_48' title="bbox 2038 2324 3700 2409">
     <span class='ocr_line' id='line_1_48' title="bbox 2038 2324 3700 2409; baseline 0.005 -28"><span class='ocrx_word' id='word_1_344' title='bbox 2038 2324 2129 2381; x_wconf 84' lang='grc' dir='ltr'><strong>τὸν</strong></span> <span class='ocrx_word' id='word_1_345' title='bbox 2187 2327 2500 2403; x_wconf 84' lang='grc' dir='ltr'><strong>τικτόμενον</strong></span> <span class='ocrx_word' id='word_1_346' title='bbox 2555 2329 2741 2401; x_wconf 88' lang='grc' dir='ltr'><strong>πόνον,</strong></span> <span class='ocrx_word' id='word_1_347' title='bbox 2800 2328 2908 2386; x_wconf 82' lang='grc' dir='ltr'><strong>ἀπὸ</strong></span> <span class='ocrx_word' id='word_1_348' title='bbox 2973 2335 3067 2387; x_wconf 80' lang='grc' dir='ltr'><strong>του</strong></span> <span class='ocrx_word' id='word_1_349' title='bbox 3122 2325 3288 2409; x_wconf 78' lang='grc' dir='ltr'><strong>φόϐου</strong></span> <span class='ocrx_word' id='word_1_350' title='bbox 3331 2332 3431 2395; x_wconf 80' lang='grc' dir='ltr'><strong>τῆς</strong></span> <span class='ocrx_word' id='word_1_351' title='bbox 3487 2329 3700 2390; x_wconf 68' lang='grc' dir='ltr'><strong>αἰωνίου</strong></span> 
     </span>
    </p>
   </div>
   <div class='ocr_carea' id='block_1_49' title="bbox 2036 2411 3690 2497">
    <p class='ocr_par' dir='ltr' id='par_1_49' title="bbox 2036 2411 3690 2497">
     <span class='ocr_line' id='line_1_49' title="bbox 2036 2411 3690 2497; baseline 0.004 -27"><span class='ocrx_word' id='word_1_352' title='bbox 2036 2411 2336 2490; x_wconf 85' lang='grc' dir='ltr'><strong>κολάσεως,</strong></span> <span class='ocrx_word' id='word_1_353' title='bbox 2395 2414 2531 2473; x_wconf 81' lang='grc' dir='ltr'><strong>ἀλλὰ</strong></span> <span class='ocrx_word' id='word_1_354' title='bbox 2570 2417 2810 2496; x_wconf 79' lang='grc' dir='ltr'><strong>προθέσει</strong></span> <span class='ocrx_word' id='word_1_355' title='bbox 2867 2415 3079 2497; x_wconf 80' lang='grc' dir='ltr'><strong>καρδίας</strong></span> <span class='ocrx_word' id='word_1_356' title='bbox 3136 2415 3470 2494; x_wconf 82' lang='grc' dir='ltr'><strong>ἀκολουθήσῃ</strong></span> <span class='ocrx_word' id='word_1_357' title='bbox 3522 2421 3690 2494; x_wconf 75' lang='grc' dir='ltr'><strong>αὗτῷ,</strong></span> 
     </span>
    </p>
   </div>
   <div class='ocr_carea' id='block_1_50' title="bbox 2039 2503 3693 2586">
    <p class='ocr_par' dir='ltr' id='par_1_50' title="bbox 2039 2503 3693 2586">
     <span class='ocr_line' id='line_1_50' title="bbox 2039 2503 3693 2586; baseline 0.002 -25"><span class='ocrx_word' id='word_1_358' title='bbox 2039 2504 2129 2561; x_wconf 85' lang='grc' dir='ltr'><strong>καὶ</strong></span> <span class='ocrx_word' id='word_1_359' title='bbox 2160 2503 2444 2586; x_wconf 81' lang='grc' dir='ltr'><strong>ἐπισφίγξῃ</strong></span> <span class='ocrx_word' id='word_1_360' title='bbox 2496 2504 2660 2563; x_wconf 80' lang='grc' dir='ltr'><strong>πλέον</strong></span> <span class='ocrx_word' id='word_1_361' title='bbox 2724 2508 2791 2567; x_wconf 80' lang='grc' dir='ltr'><strong>τὰ</strong></span> <span class='ocrx_word' id='word_1_362' title='bbox 2844 2508 3029 2564; x_wconf 88' lang='grc' dir='ltr'><strong>τούτου</strong></span> <span class='ocrx_word' id='word_1_363' title='bbox 3083 2504 3251 2582; x_wconf 77' lang='grc' dir='ltr'><strong>δεσμὰ</strong></span> <span class='ocrx_word' id='word_1_364' title='bbox 3292 2507 3464 2580; x_wconf 76' lang='grc' dir='ltr'><strong>ἑαυτῷ</strong></span> <span class='ocrx_word' id='word_1_365' title='bbox 3492 2506 3693 2582; x_wconf 56' lang='grc' dir='ltr'><strong>ἀναλότ</strong></span> 
     </span>
    </p>
   </div>
   <div class='ocr_carea' id='block_1_51' title="bbox 2039 2594 3694 2675">
    <p class='ocr_par' dir='ltr' id='par_1_51' title="bbox 2039 2594 3694 2675">
     <span class='ocr_line' id='line_1_51' title="bbox 2039 2594 3694 2675; baseline 0.005 -27"><span class='ocrx_word' id='word_1_366' title='bbox 2039 2599 2150 2671; x_wconf 83' lang='grc' dir='ltr'><strong>γῶς</strong></span> <span class='ocrx_word' id='word_1_367' title='bbox 2206 2594 2615 2675; x_wconf 81' lang='grc' dir='ltr'><strong>συντομωτέρως</strong></span> <span class='ocrx_word' id='word_1_368' title='bbox 2687 2594 2907 2671; x_wconf 79' lang='grc' dir='ltr'><strong>ὁδεύσει,</strong></span> <span class='ocrx_word' id='word_1_369' title='bbox 2970 2597 3060 2653; x_wconf 82' lang='grc' dir='ltr'><strong>καὶ</strong></span> <span class='ocrx_word' id='word_1_370' title='bbox 3115 2597 3217 2675; x_wconf 81' lang='grc' dir='ltr'><strong>πρὸ</strong></span> <span class='ocrx_word' id='word_1_371' title='bbox 3260 2596 3547 2675; x_wconf 85' lang='grc' dir='ltr'><strong>προσώπου</strong></span> <span class='ocrx_word' id='word_1_372' title='bbox 3602 2602 3694 2657; x_wconf 73' lang='grc' dir='ltr'><strong>τοῦ</strong></span> 
     </span>
    </p>
   </div>
   <div class='ocr_carea' id='block_1_52' title="bbox 2041 2679 3695 2764">
    <p class='ocr_par' dir='ltr' id='par_1_52' title="bbox 2041 2679 3695 2764">
     <span class='ocr_line' id='line_1_52' title="bbox 2041 2679 3695 2764; baseline 0.002 -25"><span class='ocrx_word' id='word_1_373' title='bbox 2041 2679 2309 2746; x_wconf 87' lang='grc' dir='ltr'><strong>Βασιλέως</strong></span> <span class='ocrx_word' id='word_1_374' title='bbox 2354 2689 2447 2740; x_wconf 85' lang='grc' dir='ltr'><strong>τοῦ</strong></span> <span class='ocrx_word' id='word_1_375' title='bbox 2489 2682 2873 2760; x_wconf 85' lang='grc' dir='ltr'><strong>βασιλευόντων</strong></span> <span class='ocrx_word' id='word_1_376' title='bbox 2923 2685 3254 2764; x_wconf 85' lang='grc' dir='ltr'><strong>παραστήσει</strong></span> <span class='ocrx_word' id='word_1_377' title='bbox 3309 2684 3463 2742; x_wconf 78' lang='grc' dir='ltr'><strong>αὑτόν</strong></span> <span class='ocrx_word' id='word_1_378' title='bbox 3496 2700 3511 2714; x_wconf 92' lang='grc'><strong>·</strong></span> <span class='ocrx_word' id='word_1_379' title='bbox 3563 2686 3695 2742; x_wconf 85' lang='grc' dir='ltr'><strong>τού-</strong></span> 
     </span>
    </p>
   </div>
   <div class='ocr_carea' id='block_1_53' title="bbox 2043 2766 3693 2852">
    <p class='ocr_par' dir='ltr' id='par_1_53' title="bbox 2043 2766 3693 2852">
     <span class='ocr_line' id='line_1_53' title="bbox 2043 2766 3693 2852; baseline 0.002 -26"><span class='ocrx_word' id='word_1_380' title='bbox 2043 2791 2137 2828; x_wconf 85' lang='grc' dir='ltr'><strong>του</strong></span> <span class='ocrx_word' id='word_1_381' title='bbox 2166 2766 2221 2826; x_wconf 77' lang='grc' dir='ltr'><strong>δέ</strong></span> <span class='ocrx_word' id='word_1_382' title='bbox 2264 2772 2571 2850; x_wconf 84' lang='grc' dir='ltr'><strong>γεγονότος,</strong></span> <span class='ocrx_word' id='word_1_383' title='bbox 2617 2772 2728 2848; x_wconf 78' lang='grc' dir='ltr'><strong>ἅμα</strong></span> <span class='ocrx_word' id='word_1_384' title='bbox 2769 2780 2847 2848; x_wconf 83' lang='grc' dir='ltr'><strong>τῷ</strong></span> <span class='ocrx_word' id='word_1_385' title='bbox 2900 2774 3181 2831; x_wconf 84' lang='grc' dir='ltr'><strong>θεάσασθαι</strong></span> <span class='ocrx_word' id='word_1_386' title='bbox 3233 2774 3391 2830; x_wconf 72' lang='grc' dir='ltr'><strong>αὐτὸν</strong></span> <span class='ocrx_word' id='word_1_387' title='bbox 3448 2772 3693 2852; x_wconf 81' lang='grc' dir='ltr'><strong>ἀμυδρῶς</strong></span> 
     </span>
    </p>
   </div>
   <div class='ocr_carea' id='block_1_54' title="bbox 302 2851 1958 2941">
    <p class='ocr_par' dir='ltr' id='par_1_54' title="bbox 302 2851 1958 2941">
     <span class='ocr_line' id='line_1_54' title="bbox 302 2851 1958 2941; baseline 0.001 -28"><span class='ocrx_word' id='word_1_388' title='bbox 302 2861 534 2934; x_wconf 87' lang='lat' dir='ltr'><strong>ventur,</strong></span> <span class='ocrx_word' id='word_1_389' title='bbox 567 2860 624 2914; x_wconf 89' lang='lat' dir='ltr'><strong>et</strong></span> <span class='ocrx_word' id='word_1_390' title='bbox 646 2852 824 2914; x_wconf 91' lang='lat' dir='ltr'><strong>timor</strong></span> <span class='ocrx_word' id='word_1_391' title='bbox 853 2851 1120 2941; x_wconf 84' lang='lat' dir='ltr'><strong>carnifex</strong></span> <span class='ocrx_word' id='word_1_392' title='bbox 1150 2852 1357 2933; x_wconf 88' lang='lat' dir='ltr'><strong>procul</strong></span> <span class='ocrx_word' id='word_1_393' title='bbox 1388 2852 1670 2932; x_wconf 70' lang='lat' dir='ltr'><strong>aufugfet,</strong></span> <span class='ocrx_word' id='word_1_394' title='bbox 1705 2860 1763 2914; x_wconf 90' lang='lat' dir='ltr'><strong>et</strong></span> <span class='ocrx_word' id='word_1_395' title='bbox 1794 2852 1958 2915; x_wconf 91' lang='lat' dir='ltr'><strong>dolor</strong></span> 
     </span>
    </p>
   </div>
   <div class='ocr_carea' id='block_1_55' title="bbox 2048 2851 3696 2941">
    <p class='ocr_par' dir='ltr' id='par_1_55' title="bbox 2048 2860 3696 2941">
     <span class='ocr_line' id='line_1_55' title="bbox 2048 2860 3696 2941; baseline 0.004 -24"><span class='ocrx_word' id='word_1_396' title='bbox 2048 2862 2178 2939; x_wconf 81' lang='grc' dir='ltr'><strong>πρὸς</strong></span> <span class='ocrx_word' id='word_1_397' title='bbox 2230 2862 2331 2929; x_wconf 76' lang='grc' dir='ltr'><strong>τὴν</strong></span> <span class='ocrx_word' id='word_1_398' title='bbox 2388 2860 2540 2929; x_wconf 78' lang='grc' dir='ltr'><strong>δόξαν</strong></span> <span class='ocrx_word' id='word_1_399' title='bbox 2601 2864 2780 2941; x_wconf 71' lang='grc' dir='ltr'><strong>αὒτοῦ,</strong></span> <span class='ocrx_word' id='word_1_400' title='bbox 2842 2865 3030 2928; x_wconf 73' lang='grc' dir='ltr'><strong>εὐθέως</strong></span> <span class='ocrx_word' id='word_1_401' title='bbox 3087 2862 3399 2935; x_wconf 84' lang='grc' dir='ltr'><strong>λυθήσονται</strong></span> <span class='ocrx_word' id='word_1_402' title='bbox 3474 2864 3572 2941; x_wconf 79' lang='grc' dir='ltr'><strong>μὲν</strong></span> <span class='ocrx_word' id='word_1_403' title='bbox 3627 2868 3696 2924; x_wconf 81' lang='grc' dir='ltr'><strong>τὰ</strong></span> 
     </span>
    </p>
   </div>
   <div class='ocr_carea' id='block_1_56' title="bbox 302 2940 1958 3035">
    <p class='ocr_par' dir='ltr' id='par_1_56' title="bbox 302 2940 1958 3023">
     <span class='ocr_line' id='line_1_56' title="bbox 302 2940 1958 3023; baseline 0 -19"><span class='ocrx_word' id='word_1_404' title='bbox 302 2940 506 3004; x_wconf 89' lang='lat' dir='ltr'><strong>cordis</strong></span> <span class='ocrx_word' id='word_1_405' title='bbox 536 2943 668 3022; x_wconf 86' lang='lat' dir='ltr'><strong>ejus</strong></span> <span class='ocrx_word' id='word_1_406' title='bbox 696 2941 756 3001; x_wconf 92' lang='lat' dir='ltr'><strong>in</strong></span> <span class='ocrx_word' id='word_1_407' title='bbox 786 2940 1067 3020; x_wconf 79' lang='lat' dir='ltr'><strong>gaudium</strong></span> <span class='ocrx_word' id='word_1_408' title='bbox 1122 2948 1521 3015; x_wconf 87' lang='lat' dir='ltr'><strong>convertetur,</strong></span> <span class='ocrx_word' id='word_1_409' title='bbox 1571 2950 1958 3023; x_wconf 83' lang='lat' dir='ltr'><strong>erumpetque</strong></span> 
     </span>
    </p>
   </div>
   <div class='ocr_carea' id='block_1_57' title="bbox 2048 2940 3696 3035">
    <p class='ocr_par' dir='ltr' id='par_1_57' title="bbox 2048 2940 3696 3035">
     <span class='ocr_line' id='line_1_57' title="bbox 2048 2940 3696 3035; baseline 0.004 -29"><span class='ocrx_word' id='word_1_410' title='bbox 2048 2948 2236 3026; x_wconf 80' lang='grc' dir='ltr'><strong>δεσμά.</strong></span> <span class='ocrx_word' id='word_1_411' title='bbox 2304 2943 2361 3009; x_wconf 53' lang='grc' dir='ltr'><strong>Ὀ</strong></span> <span class='ocrx_word' id='word_1_412' title='bbox 2434 2950 2489 3008; x_wconf 82' lang='grc' dir='ltr'><em>δὲ</em></span> <span class='ocrx_word' id='word_1_413' title='bbox 2547 2940 2765 3030; x_wconf 82' lang='grc' dir='ltr'><strong>δήμιος</strong></span> <span class='ocrx_word' id='word_1_414' title='bbox 2809 2950 2971 3035; x_wconf 83' lang='grc' dir='ltr'><strong>φόϐος</strong></span> <span class='ocrx_word' id='word_1_415' title='bbox 3023 2952 3265 3034; x_wconf 83' lang='grc' dir='ltr'><strong>φεύξεται</strong></span> <span class='ocrx_word' id='word_1_416' title='bbox 3329 2955 3535 3033; x_wconf 83' lang='grc' dir='ltr'><strong>μακρὰν</strong></span> <span class='ocrx_word' id='word_1_417' title='bbox 3603 2954 3696 3012; x_wconf 84' lang='grc' dir='ltr'><strong>ἀπ’</strong></span> 
     </span>
    </p>
   </div>
   <div class='ocr_carea' id='block_1_58' title="bbox 301 3029 1958 3122">
    <p class='ocr_par' dir='ltr' id='par_1_58' title="bbox 301 3029 1958 3112">
     <span class='ocr_line' id='line_1_58' title="bbox 301 3029 1958 3112; baseline 0 -19"><span class='ocrx_word' id='word_1_418' title='bbox 301 3031 457 3105; x_wconf 89' lang='lat' dir='ltr'><strong>fons,</strong></span> <span class='ocrx_word' id='word_1_419' title='bbox 486 3048 734 3092; x_wconf 91' lang='lat' dir='ltr'><strong>manans</strong></span> <span class='ocrx_word' id='word_1_420' title='bbox 762 3031 833 3092; x_wconf 90' lang='lat' dir='ltr'><strong>ad</strong></span> <span class='ocrx_word' id='word_1_421' title='bbox 868 3046 1111 3091; x_wconf 87' lang='lat' dir='ltr'><strong>sensum</strong></span> <span class='ocrx_word' id='word_1_422' title='bbox 1142 3029 1385 3111; x_wconf 83' lang='lat' dir='ltr'><strong>quidem</strong></span> <span class='ocrx_word' id='word_1_423' title='bbox 1426 3029 1726 3112; x_wconf 79' lang='lat' dir='ltr'><strong>lacrymis,</strong></span> <span class='ocrx_word' id='word_1_424' title='bbox 1773 3032 1958 3093; x_wconf 89' lang='lat' dir='ltr'><strong>instar</strong></span> 
     </span>
    </p>
   </div>
   <div class='ocr_carea' id='block_1_59' title="bbox 2048 3029 3699 3122">
    <p class='ocr_par' dir='ltr' id='par_1_59' title="bbox 2048 3029 3699 3122">
     <span class='ocr_line' id='line_1_59' title="bbox 2048 3029 3699 3122; baseline 0.003 -26"><span class='ocrx_word' id='word_1_425' title='bbox 2048 3044 2203 3098; x_wconf 78' lang='grc' dir='ltr'><strong>αὐτοῦ</strong></span> <span class='ocrx_word' id='word_1_426' title='bbox 2236 3059 2253 3078; x_wconf 78' lang='grc'><strong><em>⁸</em></strong></span> <span class='ocrx_word' id='word_1_427' title='bbox 2310 3042 2398 3097; x_wconf 88' lang='grc' dir='ltr'><strong>καὶ</strong></span> <span class='ocrx_word' id='word_1_428' title='bbox 2443 3044 2471 3097; x_wconf 93' lang='lat'><strong>6</strong></span> <span class='ocrx_word' id='word_1_429' title='bbox 2526 3040 2582 3097; x_wconf 90' lang='grc' dir='ltr'><strong>ἐν</strong></span> <span class='ocrx_word' id='word_1_430' title='bbox 2622 3029 2697 3120; x_wconf 80' lang='grc' dir='ltr'><strong>τῇ</strong></span> <span class='ocrx_word' id='word_1_431' title='bbox 2753 3029 2936 3122; x_wconf 75' lang='grc' dir='ltr'><strong>καρδίᾳ</strong></span> <span class='ocrx_word' id='word_1_432' title='bbox 2966 3029 3126 3099; x_wconf 69' lang='grc' dir='ltr'><strong>αὐτοῦ</strong></span> <span class='ocrx_word' id='word_1_433' title='bbox 3155 3041 3317 3105; x_wconf 90' lang='grc' dir='ltr'><strong>πόνος</strong></span> <span class='ocrx_word' id='word_1_434' title='bbox 3370 3029 3699 3121; x_wconf 80' lang='grc' dir='ltr'><strong>τραπήσεται</strong></span> 
     </span>
    </p>
   </div>
   <div class='ocr_carea' id='block_1_60' title="bbox 303 3118 1958 3211">
    <p class='ocr_par' dir='ltr' id='par_1_60' title="bbox 303 3118 1958 3201">
     <span class='ocr_line' id='line_1_60' title="bbox 303 3118 1958 3201; baseline -0.002 -19"><span class='ocrx_word' id='word_1_435' title='bbox 303 3118 613 3182; x_wconf 87' lang='lat' dir='ltr'><strong>ﬂuminis:</strong></span> <span class='ocrx_word' id='word_1_436' title='bbox 651 3120 723 3181; x_wconf 90' lang='lat' dir='ltr'><strong>ad</strong></span> <span class='ocrx_word' id='word_1_437' title='bbox 752 3119 1123 3181; x_wconf 88' lang='lat' dir='ltr'><strong>intellectum</strong></span> <span class='ocrx_word' id='word_1_438' title='bbox 1154 3137 1290 3180; x_wconf 84' lang='lat' dir='ltr'><strong>vero</strong></span> <span class='ocrx_word' id='word_1_439' title='bbox 1326 3119 1772 3201; x_wconf 90' lang='lat' dir='ltr'><strong>tranquillitate,</strong></span> <span class='ocrx_word' id='word_1_440' title='bbox 1796 3139 1958 3182; x_wconf 92' lang='lat' dir='ltr'><strong>man.</strong></span> 
     </span>
    </p>
   </div>
   <div class='ocr_carea' id='block_1_61' title="bbox 2048 3118 3702 3211">
    <p class='ocr_par' dir='ltr' id='par_1_61' title="bbox 2051 3118 3702 3211">
     <span class='ocr_line' id='line_1_61' title="bbox 2051 3118 3702 3211; baseline 0.002 -27"><span class='ocrx_word' id='word_1_441' title='bbox 2051 3130 2124 3193; x_wconf 84' lang='grc' dir='ltr'><strong>εἰς</strong></span> <span class='ocrx_word' id='word_1_442' title='bbox 2174 3130 2369 3210; x_wconf 83' lang='grc' dir='ltr'><strong>χαρὰν,</strong></span> <span class='ocrx_word' id='word_1_443' title='bbox 2427 3132 2516 3187; x_wconf 85' lang='grc' dir='ltr'><strong>καὶ</strong></span> <span class='ocrx_word' id='word_1_444' title='bbox 2576 3118 2729 3210; x_wconf 76' lang='grc' dir='ltr'><strong>πηγὴ</strong></span> <span class='ocrx_word' id='word_1_445' title='bbox 2794 3118 3073 3211; x_wconf 83' lang='grc' dir='ltr'><strong>γενήσεται</strong></span> <span class='ocrx_word' id='word_1_446' title='bbox 3128 3131 3376 3210; x_wconf 78' lang='grc' dir='ltr'><strong>βρύουσα,</strong></span> <span class='ocrx_word' id='word_1_447' title='bbox 3404 3118 3413 3121; x_wconf 19' lang='grc' dir='ltr'><strong>Ἴ</strong></span> <span class='ocrx_word' id='word_1_448' title='bbox 3440 3133 3702 3199; x_wconf 75' lang='grc' dir='ltr'><strong>αἰσθητῶς</strong></span> 
     </span>
    </p>
   </div>
   <div class='ocr_carea' id='block_1_62' title="bbox 309 3207 1958 3298">
    <p class='ocr_par' dir='ltr' id='par_1_62' title="bbox 309 3207 1958 3298">
     <span class='ocr_line' id='line_1_62' title="bbox 309 3207 1958 3298; baseline 0.003 -28"><span class='ocrx_word' id='word_1_449' title='bbox 309 3208 647 3290; x_wconf 88' lang='lat' dir='ltr'><strong>suetudine,</strong></span> <span class='ocrx_word' id='word_1_450' title='bbox 675 3217 736 3271; x_wconf 92' lang='lat' dir='ltr'><strong>et</strong></span> <span class='ocrx_word' id='word_1_451' title='bbox 763 3208 1084 3298; x_wconf 85' lang='lat' dir='ltr'><strong>dulcedine</strong></span> <span class='ocrx_word' id='word_1_452' title='bbox 1114 3207 1425 3272; x_wconf 80' lang='lat' dir='ltr'><strong>ineffabili.</strong></span> <span class='ocrx_word' id='word_1_453' title='bbox 1458 3208 1713 3290; x_wconf 86' lang='lat' dir='ltr'><strong>Insuper</strong></span> <span class='ocrx_word' id='word_1_454' title='bbox 1739 3211 1958 3275; x_wconf 51' lang='lat' dir='ltr'><strong>fortitu.</strong></span> 
     </span>
    </p>
   </div>
   <div class='ocr_carea' id='block_1_63' title="bbox 2048 3207 3696 3298">
    <p class='ocr_par' dir='ltr' id='par_1_63' title="bbox 2049 3207 3696 3298">
     <span class='ocr_line' id='line_1_63' title="bbox 2049 3207 3696 3298; baseline 0.002 -25"><span class='ocrx_word' id='word_1_455' title='bbox 2049 3218 2148 3293; x_wconf 83' lang='grc' dir='ltr'><strong>μὲν</strong></span> <span class='ocrx_word' id='word_1_456' title='bbox 2179 3207 2381 3298; x_wconf 60' lang='grc' dir='ltr'><strong>δάκρυα</strong></span> <span class='ocrx_word' id='word_1_457' title='bbox 2431 3207 2742 3296; x_wconf 63' lang='grc' dir='ltr'><strong>ποταμηδὸν</strong></span> <span class='ocrx_word' id='word_1_458' title='bbox 2786 3207 3043 3297; x_wconf 84' lang='grc' dir='ltr'><strong>ἀεννάως,</strong></span> <span class='ocrx_word' id='word_1_459' title='bbox 3090 3207 3295 3287; x_wconf 86' lang='grc' dir='ltr'><strong>νοητῶς</strong></span> <span class='ocrx_word' id='word_1_460' title='bbox 3347 3217 3402 3275; x_wconf 79' lang='grc' dir='ltr'><strong>δὲ</strong></span> <span class='ocrx_word' id='word_1_461' title='bbox 3432 3218 3696 3298; x_wconf 83' lang='grc' dir='ltr'><strong>γαλήνην,</strong></span> 
     </span>
    </p>
   </div>
   <div class='ocr_carea' id='block_1_64' title="bbox 303 3297 1958 3388">
    <p class='ocr_par' dir='ltr' id='par_1_64' title="bbox 303 3297 1958 3388">
     <span class='ocr_line' id='line_1_64' title="bbox 303 3297 1958 3388; baseline 0.002 -28"><span class='ocrx_word' id='word_1_462' title='bbox 303 3298 469 3380; x_wconf 88' lang='lat' dir='ltr'><strong>dine,</strong></span> <span class='ocrx_word' id='word_1_463' title='bbox 489 3307 547 3361; x_wconf 91' lang='lat' dir='ltr'><strong>et</strong></span> <span class='ocrx_word' id='word_1_464' title='bbox 567 3298 639 3360; x_wconf 89' lang='lat' dir='ltr'><strong>ad</strong></span> <span class='ocrx_word' id='word_1_465' title='bbox 664 3314 904 3361; x_wconf 90' lang='lat' dir='ltr'><strong>omnem</strong></span> <span class='ocrx_word' id='word_1_466' title='bbox 917 3297 1323 3388; x_wconf 85' lang='lat' dir='ltr'><strong>obedientiam</strong></span> <span class='ocrx_word' id='word_1_467' title='bbox 1340 3299 1618 3388; x_wconf 85' lang='lat' dir='ltr'><strong>expedita</strong></span> <span class='ocrx_word' id='word_1_468' title='bbox 1641 3299 1958 3388; x_wconf 78' lang='lat' dir='ltr'><strong>voluntate,</strong></span> 
     </span>
    </p>
   </div>
   <div class='ocr_carea' id='block_1_65' title="bbox 2048 3297 3703 3388">
    <p class='ocr_par' dir='ltr' id='par_1_65' title="bbox 2048 3297 3703 3388">
     <span class='ocr_line' id='line_1_65' title="bbox 2048 3297 3703 3388; baseline 0.002 -27"><span class='ocrx_word' id='word_1_469' title='bbox 2048 3297 2343 3387; x_wconf 84' lang='grc' dir='ltr'><strong>πραότητα,</strong></span> <span class='ocrx_word' id='word_1_470' title='bbox 2378 3309 2465 3364; x_wconf 88' lang='grc' dir='ltr'><strong>καὶ</strong></span> <span class='ocrx_word' id='word_1_471' title='bbox 2514 3306 2779 3387; x_wconf 76' lang='grc' dir='ltr'><strong>ἄφραστον</strong></span> <span class='ocrx_word' id='word_1_472' title='bbox 2820 3308 3124 3388; x_wconf 87' lang='grc' dir='ltr'><strong>γλυκασμόν</strong></span> <span class='ocrx_word' id='word_1_473' title='bbox 3157 3326 3174 3341; x_wconf 87' lang='grc'>⁶</span> <span class='ocrx_word' id='word_1_474' title='bbox 3233 3306 3308 3364; x_wconf 71' lang='grc' dir='ltr'><strong>ἔτι</strong></span> <span class='ocrx_word' id='word_1_475' title='bbox 3340 3305 3395 3364; x_wconf 82' lang='grc' dir='ltr'><strong>δέ</strong></span> <span class='ocrx_word' id='word_1_476' title='bbox 3438 3306 3703 3388; x_wconf 72' lang='grc' dir='ltr'><strong>ἀνδρείαν,</strong></span> 
     </span>
    </p>
   </div>
   <div class='ocr_carea' id='block_1_66' title="bbox 304 3387 1958 3477">
    <p class='ocr_par' dir='ltr' id='par_1_66' title="bbox 304 3387 1958 3477">
     <span class='ocr_line' id='line_1_66' title="bbox 304 3387 1958 3477; baseline 0.001 -27"><span class='ocrx_word' id='word_1_477' title='bbox 304 3396 365 3450; x_wconf 88' lang='lat' dir='ltr'><strong>et</strong></span> <span class='ocrx_word' id='word_1_478' title='bbox 392 3405 569 3449; x_wconf 88' lang='lat' dir='ltr'><strong>cursu</strong></span> <span class='ocrx_word' id='word_1_479' title='bbox 584 3389 645 3448; x_wconf 92' lang='lat' dir='ltr'><strong>in</strong></span> <span class='ocrx_word' id='word_1_480' title='bbox 657 3389 747 3449; x_wconf 91' lang='lat' dir='ltr'><strong>via</strong></span> <span class='ocrx_word' id='word_1_481' title='bbox 761 3388 1168 3477; x_wconf 86' lang='lat' dir='ltr'><strong>mandatorum</strong></span> <span class='ocrx_word' id='word_1_482' title='bbox 1192 3387 1406 3462; x_wconf 87' lang='lat' dir='ltr'><strong>libero;</strong></span> <span class='ocrx_word' id='word_1_483' title='bbox 1426 3387 1583 3468; x_wconf 88' lang='lat' dir='ltr'><strong>quod</strong></span> <span class='ocrx_word' id='word_1_484' title='bbox 1599 3387 1668 3477; x_wconf 88' lang='lat' dir='ltr'><strong>ad</strong></span> <span class='ocrx_word' id='word_1_485' title='bbox 1678 3388 1792 3451; x_wconf 92' lang='lat' dir='ltr'><strong>huc</strong></span> <span class='ocrx_word' id='word_1_486' title='bbox 1810 3389 1958 3450; x_wconf 90' lang='lat' dir='ltr'><strong>tiro-</strong></span> 
     </span>
    </p>
   </div>
   <div class='ocr_carea' id='block_1_67' title="bbox 2048 3387 3699 3477">
    <p class='ocr_par' dir='ltr' id='par_1_67' title="bbox 2048 3387 3699 3477">
     <span class='ocr_line' id='line_1_67' title="bbox 2048 3387 3699 3477; baseline 0.002 -26"><span class='ocrx_word' id='word_1_487' title='bbox 2048 3397 2133 3452; x_wconf 85' lang='grc' dir='ltr'><strong>καὶ</strong></span> <span class='ocrx_word' id='word_1_488' title='bbox 2194 3397 2256 3452; x_wconf 82' lang='grc' dir='ltr'><strong>τὸ</strong></span> <span class='ocrx_word' id='word_1_489' title='bbox 2315 3398 2448 3476; x_wconf 84' lang='grc' dir='ltr'><strong>πρὸς</strong></span> <span class='ocrx_word' id='word_1_490' title='bbox 2505 3404 2681 3454; x_wconf 83' lang='grc' dir='ltr'><strong>πᾶσαν</strong></span> <span class='ocrx_word' id='word_1_491' title='bbox 2742 3387 2982 3466; x_wconf 70' lang='grc' dir='ltr'><strong>ὑπακοὴν</strong></span> <span class='ocrx_word' id='word_1_492' title='bbox 3026 3397 3327 3477; x_wconf 80' lang='grc' dir='ltr'><strong>ἐλευθερίως</strong></span> <span class='ocrx_word' id='word_1_493' title='bbox 3380 3418 3470 3453; x_wconf 87' lang='grc' dir='ltr'><strong>και</strong></span> <span class='ocrx_word' id='word_1_494' title='bbox 3526 3387 3699 3474; x_wconf 87' lang='grc' dir='ltr'><strong>ἀνεμ-</strong></span> 
     </span>
    </p>
   </div>
   <div class='ocr_carea' id='block_1_68' title="bbox 305 3475 1960 3558">
    <p class='ocr_par' dir='ltr' id='par_1_68' title="bbox 305 3475 1960 3558">
     <span class='ocr_line' id='line_1_68' title="bbox 305 3475 1960 3558; baseline 0.002 -20"><span class='ocrx_word' id='word_1_495' title='bbox 305 3475 502 3553; x_wconf 90' lang='lat' dir='ltr'><strong>nibus,</strong></span> <span class='ocrx_word' id='word_1_496' title='bbox 524 3477 690 3557; x_wconf 90' lang='lat' dir='ltr'><strong>etqui</strong></span> <span class='ocrx_word' id='word_1_497' title='bbox 704 3476 960 3558; x_wconf 91' lang='lat' dir='ltr'><strong>primum</strong></span> <span class='ocrx_word' id='word_1_498' title='bbox 974 3476 1044 3537; x_wconf 89' lang='lat' dir='ltr'><strong>ad</strong></span> <span class='ocrx_word' id='word_1_499' title='bbox 1060 3476 1403 3555; x_wconf 91' lang='lat' dir='ltr'><strong>religiosum</strong></span> <span class='ocrx_word' id='word_1_500' title='bbox 1425 3476 1657 3537; x_wconf 77' lang='lat' dir='ltr'><strong>vivendi</strong></span> <span class='ocrx_word' id='word_1_501' title='bbox 1673 3479 1960 3556; x_wconf 82' lang='lat' dir='ltr'><strong>genusin-</strong></span> 
     </span>
    </p>
   </div>
   <div class='ocr_carea' id='block_1_69' title="bbox 304 3565 1957 3648">
    <p class='ocr_par' dir='ltr' id='par_1_69' title="bbox 304 3565 1957 3648">
     <span class='ocr_line' id='line_1_69' title="bbox 304 3565 1957 3648; baseline 0.002 -21"><span class='ocrx_word' id='word_1_502' title='bbox 304 3565 861 3641; x_wconf 89' lang='lat' dir='ltr'><strong>troducuntur,non</strong></span> <span class='ocrx_word' id='word_1_503' title='bbox 881 3566 1245 3628; x_wconf 90' lang='lat' dir='ltr'><strong>conciditur:</strong></span> <span class='ocrx_word' id='word_1_504' title='bbox 1268 3584 1474 3627; x_wconf 91' lang='lat' dir='ltr'><strong>eorum</strong></span> <span class='ocrx_word' id='word_1_505' title='bbox 1501 3573 1725 3647; x_wconf 90' lang='lat' dir='ltr'><strong>autem,</strong></span> <span class='ocrx_word' id='word_1_506' title='bbox 1748 3568 1849 3648; x_wconf 93' lang='lat' dir='ltr'><strong>qui</strong></span> <span class='ocrx_word' id='word_1_507' title='bbox 1885 3569 1957 3631; x_wconf 87' lang='lat' dir='ltr'><strong>ad</strong></span> 
     </span>
    </p>
   </div>
   <div class='ocr_carea' id='block_1_70' title="bbox 304 3654 1957 3735">
    <p class='ocr_par' dir='ltr' id='par_1_70' title="bbox 304 3654 1957 3735">
     <span class='ocr_line' id='line_1_70' title="bbox 304 3654 1957 3735; baseline 0.002 -20"><span class='ocrx_word' id='word_1_508' title='bbox 304 3654 565 3716; x_wconf 90' lang='lat' dir='ltr'><strong>medium</strong></span> <span class='ocrx_word' id='word_1_509' title='bbox 598 3654 775 3733; x_wconf 83' lang='lat' dir='ltr'><strong>hujus</strong></span> <span class='ocrx_word' id='word_1_510' title='bbox 791 3654 968 3735; x_wconf 86' lang='lat' dir='ltr'><strong>spatii</strong></span> <span class='ocrx_word' id='word_1_511' title='bbox 992 3654 1359 3735; x_wconf 79' lang='lat' dir='ltr'><strong>proficiendo</strong></span> <span class='ocrx_word' id='word_1_512' title='bbox 1377 3654 1501 3734; x_wconf 90' lang='lat' dir='ltr'><strong>jam</strong></span> <span class='ocrx_word' id='word_1_513' title='bbox 1525 3655 1957 3735; x_wconf 87' lang='lat' dir='ltr'><strong>ascenderunt,</strong></span> 
     </span>
    </p>
   </div>
   <div class='ocr_carea' id='block_1_71' title="bbox 303 3742 1960 3824">
    <p class='ocr_par' dir='ltr' id='par_1_71' title="bbox 303 3742 1960 3824">
     <span class='ocr_line' id='line_1_71' title="bbox 303 3742 1960 3824; baseline 0.002 -20"><span class='ocrx_word' id='word_1_514' title='bbox 303 3742 609 3824; x_wconf 89' lang='lat' dir='ltr'><strong>proprium</strong></span> <span class='ocrx_word' id='word_1_515' title='bbox 626 3750 739 3805; x_wconf 90' lang='lat' dir='ltr'><strong>est:</strong></span> <span class='ocrx_word' id='word_1_516' title='bbox 756 3742 1180 3804; x_wconf 84' lang='lat' dir='ltr'><strong>consummatis</strong></span> <span class='ocrx_word' id='word_1_517' title='bbox 1202 3761 1341 3805; x_wconf 89' lang='lat' dir='ltr'><strong>vero</strong></span> <span class='ocrx_word' id='word_1_518' title='bbox 1366 3755 1547 3823; x_wconf 85' lang='lat' dir='ltr'><strong>atque</strong></span> <span class='ocrx_word' id='word_1_519' title='bbox 1562 3744 1844 3824; x_wconf 82' lang='lat' dir='ltr'><strong>perfectis</strong></span> <span class='ocrx_word' id='word_1_520' title='bbox 1862 3745 1960 3807; x_wconf 92' lang='lat' dir='ltr'><strong>hic</strong></span> 
     </span>
    </p>
   </div>
   <div class='ocr_carea' id='block_1_72' title="bbox 303 3830 1955 3911">
    <p class='ocr_par' dir='ltr' id='par_1_72' title="bbox 303 3830 1955 3911">
     <span class='ocr_line' id='line_1_72' title="bbox 303 3830 1955 3911; baseline -0.001 -17"><span class='ocrx_word' id='word_1_521' title='bbox 303 3831 653 3911; x_wconf 85' lang='lat' dir='ltr'><strong>fons,corde</strong></span> <span class='ocrx_word' id='word_1_522' title='bbox 692 3830 889 3892; x_wconf 88' lang='lat' dir='ltr'><strong>subito</strong></span> <span class='ocrx_word' id='word_1_523' title='bbox 912 3831 1159 3905; x_wconf 89' lang='lat' dir='ltr'><strong>variato,</strong></span> <span class='ocrx_word' id='word_1_524' title='bbox 1187 3841 1250 3894; x_wconf 87' lang='lat' dir='ltr'><strong>et</strong></span> <span class='ocrx_word' id='word_1_525' title='bbox 1280 3830 1596 3894; x_wconf 89' lang='lat' dir='ltr'><strong>immutato</strong></span> <span class='ocrx_word' id='word_1_526' title='bbox 1629 3833 1834 3895; x_wconf 91' lang='lat' dir='ltr'><strong>lumen</strong></span> <span class='ocrx_word' id='word_1_527' title='bbox 1867 3834 1955 3895; x_wconf 81' lang='lat' dir='ltr'><strong>fit.</strong></span> 
     </span>
    </p>
   </div>
   <div class='ocr_carea' id='block_1_73' title="bbox 384 3918 1960 4001">
    <p class='ocr_par' dir='ltr' id='par_1_73' title="bbox 384 3918 1960 4001">
     <span class='ocr_line' id='line_1_73' title="bbox 384 3918 1960 4001; baseline 0.002 -21"><span class='ocrx_word' id='word_1_528' title='bbox 384 3920 482 3981; x_wconf 86' lang='lat'><strong>68.</strong></span> <span class='ocrx_word' id='word_1_529' title='bbox 519 3918 628 3992; x_wconf 91' lang='lat' dir='ltr'><strong>Qui</strong></span> <span class='ocrx_word' id='word_1_530' title='bbox 660 3920 815 3987; x_wconf 88' lang='lat' dir='ltr'><strong>intra</strong></span> <span class='ocrx_word' id='word_1_531' title='bbox 860 3937 925 3981; x_wconf 90' lang='lat' dir='ltr'><strong>se</strong></span> <span class='ocrx_word' id='word_1_532' title='bbox 966 3918 1221 4001; x_wconf 87' lang='lat' dir='ltr'><strong>Spiritus</strong></span> <span class='ocrx_word' id='word_1_533' title='bbox 1265 3920 1457 3981; x_wconf 89' lang='lat' dir='ltr'><strong>sancti</strong></span> <span class='ocrx_word' id='word_1_534' title='bbox 1510 3920 1960 3998; x_wconf 36' lang='lat' dir='ltr'><strong>lumen&#39;habet,</strong></span> 
     </span>
    </p>
   </div>
   <div class='ocr_carea' id='block_1_74' title="bbox 306 4006 1960 4088">
    <p class='ocr_par' dir='ltr' id='par_1_74' title="bbox 306 4006 1960 4088">
     <span class='ocr_line' id='line_1_74' title="bbox 306 4006 1960 4088; baseline 0 -17"><span class='ocrx_word' id='word_1_535' title='bbox 306 4008 437 4088; x_wconf 90' lang='lat' dir='ltr'><strong>ejus</strong></span> <span class='ocrx_word' id='word_1_536' title='bbox 466 4006 666 4070; x_wconf 83' lang='lat' dir='ltr'><strong>radios</strong></span> <span class='ocrx_word' id='word_1_537' title='bbox 696 4026 816 4069; x_wconf 92' lang='lat' dir='ltr'><strong>non</strong></span> <span class='ocrx_word' id='word_1_538' title='bbox 849 4007 1070 4086; x_wconf 89' lang='lat' dir='ltr'><strong>ferens,</strong></span> <span class='ocrx_word' id='word_1_539' title='bbox 1107 4027 1334 4088; x_wconf 90' lang='lat' dir='ltr'><strong>pronus</strong></span> <span class='ocrx_word' id='word_1_540' title='bbox 1364 4009 1545 4079; x_wconf 89' lang='lat' dir='ltr'><strong>cadit,</strong></span> <span class='ocrx_word' id='word_1_541' title='bbox 1583 4010 1960 4087; x_wconf 86' lang='lat' dir='ltr'><strong>vociferatur,</strong></span> 
     </span>
    </p>
   </div>
   <div class='ocr_carea' id='block_1_75' title="bbox 305 4096 1965 4180">
    <p class='ocr_par' dir='ltr' id='par_1_75' title="bbox 305 4096 1965 4180">
     <span class='ocr_line' id='line_1_75' title="bbox 305 4096 1965 4180; baseline -0.001 -20"><span class='ocrx_word' id='word_1_542' title='bbox 305 4106 364 4160; x_wconf 89' lang='lat' dir='ltr'><strong>et</strong></span> <span class='ocrx_word' id='word_1_543' title='bbox 394 4096 608 4158; x_wconf 87' lang='lat' dir='ltr'><strong>clamat</strong></span> <span class='ocrx_word' id='word_1_544' title='bbox 638 4112 771 4161; x_wconf 86' lang='lat' dir='ltr'><strong>cum</strong></span> <span class='ocrx_word' id='word_1_545' title='bbox 797 4105 1042 4175; x_wconf 85' lang='lat' dir='ltr'><strong>stupore</strong></span> <span class='ocrx_word' id='word_1_546' title='bbox 1070 4116 1139 4160; x_wconf 89' lang='lat' dir='ltr'><strong>ac</strong></span> <span class='ocrx_word' id='word_1_547' title='bbox 1166 4098 1376 4159; x_wconf 89' lang='lat' dir='ltr'><strong>timore</strong></span> <span class='ocrx_word' id='word_1_548' title='bbox 1410 4098 1619 4174; x_wconf 92' lang='lat' dir='ltr'><strong>multo,</strong></span> <span class='ocrx_word' id='word_1_549' title='bbox 1643 4107 1708 4160; x_wconf 92' lang='lat' dir='ltr'><strong>ut</strong></span> <span class='ocrx_word' id='word_1_550' title='bbox 1731 4099 1832 4180; x_wconf 91' lang='lat' dir='ltr'><strong>qui</strong></span> <span class='ocrx_word' id='word_1_551' title='bbox 1868 4119 1965 4161; x_wconf 84' lang='lat' dir='ltr'><strong>su-</strong></span> 
     </span>
    </p>
   </div>
   <div class='ocr_carea' id='block_1_76' title="bbox 306 4186 1960 4269">
    <p class='ocr_par' dir='ltr' id='par_1_76' title="bbox 306 4186 1960 4269">
     <span class='ocr_line' id='line_1_76' title="bbox 306 4186 1960 4269; baseline 0.001 -22"><span class='ocrx_word' id='word_1_552' title='bbox 306 4203 413 4267; x_wconf 88' lang='lat' dir='ltr'><strong>pra</strong></span> <span class='ocrx_word' id='word_1_553' title='bbox 445 4192 672 4247; x_wconf 75' lang='lat' dir='ltr'><strong>naturae</strong></span> <span class='ocrx_word' id='word_1_554' title='bbox 697 4193 935 4267; x_wconf 90' lang='lat' dir='ltr'><strong>captum</strong></span> <span class='ocrx_word' id='word_1_555' title='bbox 968 4186 1298 4269; x_wconf 88' lang='lat' dir='ltr'><strong>quidpiam,</strong></span> <span class='ocrx_word' id='word_1_556' title='bbox 1352 4205 1465 4249; x_wconf 93' lang='lat' dir='ltr'><strong>nec</strong></span> <span class='ocrx_word' id='word_1_557' title='bbox 1497 4187 1557 4248; x_wconf 90' lang='lat' dir='ltr'><strong>in</strong></span> <span class='ocrx_word' id='word_1_558' title='bbox 1589 4206 1960 4265; x_wconf 89' lang='lat' dir='ltr'><strong>sermonem,</strong></span> 
     </span>
    </p>
   </div>
   <div class='ocr_carea' id='block_1_77' title="bbox 2041 3481 3700 3567">
    <p class='ocr_par' dir='ltr' id='par_1_77' title="bbox 2041 3481 3700 3567">
     <span class='ocr_line' id='line_1_77' title="bbox 2041 3481 3700 3567; baseline 0.003 -27"><span class='ocrx_word' id='word_1_559' title='bbox 2041 3481 2300 3549; x_wconf 84' lang='grc' dir='ltr'><strong>ποδίστως</strong></span> <span class='ocrx_word' id='word_1_560' title='bbox 2340 3485 2554 3567; x_wconf 83' lang='grc' dir='ltr'><strong>τρέχειν</strong></span> <span class='ocrx_word' id='word_1_561' title='bbox 2597 3493 2701 3545; x_wconf 82' lang='grc' dir='ltr'><strong>τῶν</strong></span> <span class='ocrx_word' id='word_1_562' title='bbox 2746 3486 2973 3545; x_wconf 81' lang='grc' dir='ltr'><strong>ἐντολῶν</strong></span> <span class='ocrx_word' id='word_1_563' title='bbox 3016 3494 3109 3544; x_wconf 78' lang='grc' dir='ltr'><strong>τοῦ</strong></span> <span class='ocrx_word' id='word_1_564' title='bbox 3141 3495 3275 3545; x_wconf 80' lang='grc' dir='ltr'><strong>Θεοῦ</strong></span> <span class='ocrx_word' id='word_1_565' title='bbox 3307 3505 3321 3518; x_wconf 82' lang='grc'><strong>⁹</strong></span> <span class='ocrx_word' id='word_1_566' title='bbox 3358 3486 3387 3541; x_wconf 81' lang='grc' dir='ltr'>ὃ</span> <span class='ocrx_word' id='word_1_567' title='bbox 3416 3485 3549 3551; x_wconf 84' lang='grc' dir='ltr'><strong>τέως</strong></span> <span class='ocrx_word' id='word_1_568' title='bbox 3579 3501 3700 3552; x_wconf 83' lang='grc' dir='ltr'><strong>τοῖς</strong></span> 
     </span>
    </p>
   </div>
   <div class='ocr_carea' id='block_1_78' title="bbox 2042 3572 3703 3656">
    <p class='ocr_par' dir='ltr' id='par_1_78' title="bbox 2042 3572 3703 3656">
     <span class='ocr_line' id='line_1_78' title="bbox 2042 3572 3703 3656; baseline 0.002 -27"><span class='ocrx_word' id='word_1_569' title='bbox 2042 3574 2415 3653; x_wconf 79' lang='grc' dir='ltr'><strong>εἷσαγωγικοῖς</strong></span> <span class='ocrx_word' id='word_1_570' title='bbox 2445 3572 2719 3656; x_wconf 85' lang='grc' dir='ltr'><strong>ἀδύνατον,</strong></span> <span class='ocrx_word' id='word_1_571' title='bbox 2775 3583 2882 3634; x_wconf 83' lang='grc' dir='ltr'><strong>τῶν</strong></span> <span class='ocrx_word' id='word_1_572' title='bbox 2936 3574 2990 3632; x_wconf 77' lang='grc' dir='ltr'><strong>δὲ</strong></span> <span class='ocrx_word' id='word_1_573' title='bbox 3044 3577 3175 3656; x_wconf 81' lang='grc' dir='ltr'><strong>πρὸς</strong></span> <span class='ocrx_word' id='word_1_574' title='bbox 3234 3577 3296 3631; x_wconf 82' lang='grc' dir='ltr'><strong>τὸ</strong></span> <span class='ocrx_word' id='word_1_575' title='bbox 3347 3573 3509 3651; x_wconf 87' lang='grc' dir='ltr'><strong>μέσον</strong></span> <span class='ocrx_word' id='word_1_576' title='bbox 3564 3578 3703 3633; x_wconf 77' lang='grc' dir='ltr'><strong>κατὰ</strong></span> 
     </span>
    </p>
   </div>
   <div class='ocr_carea' id='block_1_79' title="bbox 2043 3662 3700 3743">
    <p class='ocr_par' dir='ltr' id='par_1_79' title="bbox 2043 3662 3700 3743">
     <span class='ocr_line' id='line_1_79' title="bbox 2043 3662 3700 3743; baseline 0.002 -24"><span class='ocrx_word' id='word_1_577' title='bbox 2043 3663 2320 3741; x_wconf 80' lang='grc' dir='ltr'><strong>προκοπὴν</strong></span> <span class='ocrx_word' id='word_1_578' title='bbox 2351 3663 2675 3722; x_wconf 85' lang='grc' dir='ltr'><strong>ἀνελθόντων</strong></span> <span class='ocrx_word' id='word_1_579' title='bbox 2706 3667 2792 3722; x_wconf 86' lang='grc' dir='ltr'><strong>καὶ</strong></span> <span class='ocrx_word' id='word_1_580' title='bbox 2834 3664 2995 3725; x_wconf 72' lang='grc' dir='ltr'><strong>ἴδιον.</strong></span> <span class='ocrx_word' id='word_1_581' title='bbox 3049 3675 3176 3729; x_wconf 88' lang='grc' dir='ltr'><strong>Τοῖς</strong></span> <span class='ocrx_word' id='word_1_582' title='bbox 3233 3662 3288 3721; x_wconf 84' lang='grc' dir='ltr'><strong>δέ</strong></span> <span class='ocrx_word' id='word_1_583' title='bbox 3344 3684 3406 3743; x_wconf 88' lang='grc' dir='ltr'><strong>γε</strong></span> <span class='ocrx_word' id='word_1_584' title='bbox 3456 3666 3700 3723; x_wconf 86' lang='grc' dir='ltr'><strong>τελειου-</strong></span> 
     </span>
    </p>
   </div>
   <div class='ocr_carea' id='block_1_80' title="bbox 2045 3750 3703 3833">
    <p class='ocr_par' dir='ltr' id='par_1_80' title="bbox 2045 3750 3703 3833">
     <span class='ocr_line' id='line_1_80' title="bbox 2045 3750 3703 3833; baseline 0.002 -27"><span class='ocrx_word' id='word_1_585' title='bbox 2045 3750 2248 3826; x_wconf 81' lang='grc' dir='ltr'><strong>μένοις,</strong></span> <span class='ocrx_word' id='word_1_586' title='bbox 2283 3758 2394 3832; x_wconf 85' lang='grc' dir='ltr'><strong>φῶς</strong></span> <span class='ocrx_word' id='word_1_587' title='bbox 2423 3754 2458 3820; x_wconf 79' lang='grc' dir='ltr'>ἡ</span> <span class='ocrx_word' id='word_1_588' title='bbox 2491 3754 2645 3832; x_wconf 83' lang='grc' dir='ltr'><strong>πηγή</strong></span> <span class='ocrx_word' id='word_1_589' title='bbox 2677 3754 2836 3829; x_wconf 77' lang='grc' dir='ltr'><strong>αὕτη,</strong></span> <span class='ocrx_word' id='word_1_590' title='bbox 2881 3759 2981 3821; x_wconf 80' lang='grc' dir='ltr'><strong>τῆς</strong></span> <span class='ocrx_word' id='word_1_591' title='bbox 3037 3751 3261 3833; x_wconf 84' lang='grc' dir='ltr'><strong>καρδίας</strong></span> <span class='ocrx_word' id='word_1_592' title='bbox 3278 3752 3478 3833; x_wconf 74' lang='grc' dir='ltr'><strong>αἴφνης</strong></span> <span class='ocrx_word' id='word_1_593' title='bbox 3509 3752 3703 3810; x_wconf 83' lang='grc' dir='ltr'><strong>ἀλλοι-</strong></span> 
     </span>
    </p>
   </div>
   <div class='ocr_carea' id='block_1_81' title="bbox 2045 3838 3152 3923">
    <p class='ocr_par' dir='ltr' id='par_1_81' title="bbox 2045 3838 3152 3923">
     <span class='ocr_line' id='line_1_81' title="bbox 2045 3838 3152 3923; baseline 0.003 -28"><span class='ocrx_word' id='word_1_594' title='bbox 2045 3838 2287 3923; x_wconf 23' lang='grc' dir='ltr'><strong>ουμένης*</strong></span> <span class='ocrx_word' id='word_1_595' title='bbox 2307 3842 2393 3897; x_wconf 87' lang='grc' dir='ltr'><strong>καὶ</strong></span> <span class='ocrx_word' id='word_1_596' title='bbox 2423 3840 2899 3919; x_wconf 80' lang='grc' dir='ltr'><strong>μεταϐαλλομένης</strong></span> <span class='ocrx_word' id='word_1_597' title='bbox 2928 3846 3152 3923; x_wconf 83' lang='grc' dir='ltr'><strong>γίνεται.</strong></span> 
     </span>
    </p>
   </div>
   <div class='ocr_carea' id='block_1_82' title="bbox 2128 3918 3707 4013">
    <p class='ocr_par' dir='ltr' id='par_1_82' title="bbox 2128 3918 3707 4013">
     <span class='ocr_line' id='line_1_82' title="bbox 2128 3918 3707 4013; baseline 0.001 -24"><span class='ocrx_word' id='word_1_598' title='bbox 2128 3918 2235 3995; x_wconf 71' lang='grc' dir='ltr'><strong>ξη’.</strong></span> <span class='ocrx_word' id='word_1_599' title='bbox 2272 3920 2329 3987; x_wconf 59' lang='grc' dir='ltr'><strong>ιΟ</strong></span> <span class='ocrx_word' id='word_1_600' title='bbox 2360 3928 2503 3987; x_wconf 73' lang='grc' dir='ltr'><strong>ἔνδον</strong></span> <span class='ocrx_word' id='word_1_601' title='bbox 2560 3918 2738 3991; x_wconf 65' lang='grc' dir='ltr'><strong>αὐτοῦ</strong></span> <span class='ocrx_word' id='word_1_602' title='bbox 2771 3933 2831 3989; x_wconf 84' lang='grc' dir='ltr'><strong>τὸ</strong></span> <span class='ocrx_word' id='word_1_603' title='bbox 2889 3918 3004 4013; x_wconf 71' lang='grc' dir='ltr'><strong>φῶς</strong></span> <span class='ocrx_word' id='word_1_604' title='bbox 3032 3939 3124 3989; x_wconf 79' lang='grc' dir='ltr'><strong>τοῦ</strong></span> <span class='ocrx_word' id='word_1_605' title='bbox 3150 3934 3411 4012; x_wconf 87' lang='grc' dir='ltr'><strong>παναγίου</strong></span> <span class='ocrx_word' id='word_1_606' title='bbox 3466 3934 3707 4008; x_wconf 83' lang='grc' dir='ltr'><strong>Πνεύμα-</strong></span> 
     </span>
    </p>
   </div>
   <div class='ocr_carea' id='block_1_83' title="bbox 2047 4016 3703 4103">
    <p class='ocr_par' dir='ltr' id='par_1_83' title="bbox 2047 4016 3703 4103">
     <span class='ocr_line' id='line_1_83' title="bbox 2047 4016 3703 4103; baseline 0.004 -30"><span class='ocrx_word' id='word_1_607' title='bbox 2047 4039 2137 4083; x_wconf 86' lang='grc' dir='ltr'><strong>τος</strong></span> <span class='ocrx_word' id='word_1_608' title='bbox 2183 4016 2349 4098; x_wconf 77' lang='grc' dir='ltr'><strong>ἔχων,</strong></span> <span class='ocrx_word' id='word_1_609' title='bbox 2397 4020 2476 4095; x_wconf 79' lang='grc' dir='ltr'><strong>μὴ</strong></span> <span class='ocrx_word' id='word_1_610' title='bbox 2506 4021 2678 4101; x_wconf 87' lang='grc' dir='ltr'><strong>φέρων</strong></span> <span class='ocrx_word' id='word_1_611' title='bbox 2721 4031 2877 4081; x_wconf 80' lang='grc' dir='ltr'><strong>τοῦτο</strong></span> <span class='ocrx_word' id='word_1_612' title='bbox 2927 4025 3077 4103; x_wconf 80' lang='grc' dir='ltr'><strong>ὁρᾷν,</strong></span> <span class='ocrx_word' id='word_1_613' title='bbox 3125 4025 3198 4087; x_wconf 74' lang='grc' dir='ltr'><strong>εἷς</strong></span> <span class='ocrx_word' id='word_1_614' title='bbox 3243 4029 3346 4103; x_wconf 79' lang='grc' dir='ltr'><strong>γῆν</strong></span> <span class='ocrx_word' id='word_1_615' title='bbox 3375 4023 3587 4103; x_wconf 75' lang='grc' dir='ltr'><strong>πρηνὴς</strong></span> <span class='ocrx_word' id='word_1_616' title='bbox 3618 4024 3703 4079; x_wconf 88' lang='grc' dir='ltr'><strong>πί-</strong></span> 
     </span>
    </p>
   </div>
   <div class='ocr_carea' id='block_1_84' title="bbox 2045 4106 3704 4191">
    <p class='ocr_par' dir='ltr' id='par_1_84' title="bbox 2045 4106 3704 4191">
     <span class='ocr_line' id='line_1_84' title="bbox 2045 4106 3704 4191; baseline 0.004 -29"><span class='ocrx_word' id='word_1_617' title='bbox 2045 4128 2190 4180; x_wconf 89' lang='grc' dir='ltr'><strong>πτει,</strong></span> <span class='ocrx_word' id='word_1_618' title='bbox 2263 4106 2440 4186; x_wconf 82' lang='grc' dir='ltr'><strong>κράξει</strong></span> <span class='ocrx_word' id='word_1_619' title='bbox 2483 4130 2541 4165; x_wconf 89' lang='grc' dir='ltr'><strong>τε</strong></span> <span class='ocrx_word' id='word_1_620' title='bbox 2598 4111 2687 4166; x_wconf 84' lang='grc' dir='ltr'><strong>καὶ</strong></span> <span class='ocrx_word' id='word_1_621' title='bbox 2743 4112 2843 4187; x_wconf 80' lang='grc' dir='ltr'><strong>βοᾷ</strong></span> <span class='ocrx_word' id='word_1_622' title='bbox 2886 4110 2940 4167; x_wconf 90' lang='grc' dir='ltr'><strong>ἐν</strong></span> <span class='ocrx_word' id='word_1_623' title='bbox 2982 4109 3234 4181; x_wconf 80' lang='grc' dir='ltr'><strong>ἐκπλήξει</strong></span> <span class='ocrx_word' id='word_1_624' title='bbox 3259 4122 3262 4127; x_wconf 86' lang='grc'><strong>’</strong></span> <span class='ocrx_word' id='word_1_625' title='bbox 3290 4134 3347 4168; x_wconf 88' lang='grc' dir='ltr'><strong>τε</strong></span> <span class='ocrx_word' id='word_1_626' title='bbox 3412 4113 3501 4168; x_wconf 89' lang='grc' dir='ltr'><strong>καὶ</strong></span> <span class='ocrx_word' id='word_1_627' title='bbox 3555 4112 3704 4191; x_wconf 87' lang='grc' dir='ltr'><strong>φόβῳ</strong></span> 
     </span>
    </p>
   </div>
   <div class='ocr_carea' id='block_1_85' title="bbox 2048 4194 3703 4281">
    <p class='ocr_par' dir='ltr' id='par_1_85' title="bbox 2048 4194 3703 4281">
     <span class='ocr_line' id='line_1_85' title="bbox 2048 4194 3703 4281; baseline 0.002 -29"><span class='ocrx_word' id='word_1_628' title='bbox 2048 4194 2259 4276; x_wconf 85' lang='grc' dir='ltr'><strong>πολλῷ,</strong></span> <span class='ocrx_word' id='word_1_629' title='bbox 2330 4200 2405 4260; x_wconf 86' lang='grc' dir='ltr'><strong>ὡς</strong></span> <span class='ocrx_word' id='word_1_630' title='bbox 2475 4199 2603 4279; x_wconf 69' lang='grc' dir='ltr'><strong>ὑπέρ</strong></span> <span class='ocrx_word' id='word_1_631' title='bbox 2657 4201 2834 4280; x_wconf 83' lang='grc' dir='ltr'><strong>φύσιν,</strong></span> <span class='ocrx_word' id='word_1_632' title='bbox 2894 4201 3022 4279; x_wconf 80' lang='grc' dir='ltr'><strong>ὑπὲρ</strong></span> <span class='ocrx_word' id='word_1_633' title='bbox 3078 4199 3263 4280; x_wconf 88' lang='grc' dir='ltr'><strong>λόγον,</strong></span> <span class='ocrx_word' id='word_1_634' title='bbox 3325 4201 3455 4281; x_wconf 78' lang='grc' dir='ltr'><strong>ὑπὲρ</strong></span> <span class='ocrx_word' id='word_1_635' title='bbox 3499 4200 3703 4257; x_wconf 80' lang='grc' dir='ltr'><strong>’έννοιαν</strong></span> 
     </span>
    </p>
   </div>
   <div class='ocr_carea' id='block_1_86' title="bbox 304 4273 1958 4370">
    <p class='ocr_par' dir='ltr' id='par_1_86' title="bbox 304 4273 1958 4356">
     <span class='ocr_line' id='line_1_86' title="bbox 304 4273 1958 4356; baseline 0.001 -19"><span class='ocrx_word' id='word_1_636' title='bbox 304 4273 856 4356; x_wconf 88' lang='lat' dir='ltr'><strong>cogitationemque</strong></span> <span class='ocrx_word' id='word_1_637' title='bbox 880 4279 1104 4339; x_wconf 88' lang='lat' dir='ltr'><strong>cadens</strong></span> <span class='ocrx_word' id='word_1_638' title='bbox 1127 4275 1365 4354; x_wconf 76' lang='lat' dir='ltr'><strong>viderit,</strong></span> <span class='ocrx_word' id='word_1_639' title='bbox 1386 4280 1709 4340; x_wconf 83' lang='lat' dir='ltr'><strong>assenserit</strong></span> <span class='ocrx_word' id='word_1_640' title='bbox 1736 4295 1749 4339; x_wconf 93' lang='lat'><strong>:</strong></span> <span class='ocrx_word' id='word_1_641' title='bbox 1775 4277 1958 4339; x_wconf 88' lang='lat' dir='ltr'><strong>imita-</strong></span> 
     </span>
    </p>
   </div>
   <div class='ocr_carea' id='block_1_87' title="bbox 2048 4273 3707 4370">
    <p class='ocr_par' dir='ltr' id='par_1_87' title="bbox 2051 4273 3707 4370">
     <span class='ocr_line' id='line_1_87' title="bbox 2051 4273 3707 4370; baseline 0.004 -29"><span class='ocrx_word' id='word_1_642' title='bbox 2051 4273 2274 4365; x_wconf 79' lang='grc' dir='ltr'><strong>πρᾶγμα</strong></span> <span class='ocrx_word' id='word_1_643' title='bbox 2315 4284 2437 4343; x_wconf 85' lang='grc' dir='ltr'>ἰδὼν</span> <span class='ocrx_word' id='word_1_644' title='bbox 2476 4273 2585 4345; x_wconf 41' lang='grc' dir='ltr'><strong>καὶ.</strong></span> <span class='ocrx_word' id='word_1_645' title='bbox 2611 4273 2813 4350; x_wconf 72' lang='grc' dir='ltr'><strong>παθών.</strong></span> <span class='ocrx_word' id='word_1_646' title='bbox 2878 4273 3005 4348; x_wconf 32' lang='grc' dir='ltr'><strong>Καὶ.</strong></span> <span class='ocrx_word' id='word_1_647' title='bbox 3037 4273 3257 4370; x_wconf 23' lang='grc' dir='ltr'><strong>γίνεταιγ</strong></span> <span class='ocrx_word' id='word_1_648' title='bbox 3294 4273 3480 4367; x_wconf 80' lang='grc' dir='ltr'><strong>ὅμοιος</strong></span> <span class='ocrx_word' id='word_1_649' title='bbox 3509 4290 3707 4370; x_wconf 81' lang='grc' dir='ltr'><strong>ἀνθρώ-</strong></span> 
     </span>
    </p>
   </div>
   <div class='ocr_carea' id='block_1_88' title="bbox 312 4351 1958 4461">
    <p class='ocr_par' dir='ltr' id='par_1_88' title="bbox 312 4351 1958 4447">
     <span class='ocr_line' id='line_1_88' title="bbox 312 4351 1958 4447; baseline 0.002 -23"><span class='ocrx_word' id='word_1_650' title='bbox 312 4351 526 4444; x_wconf 59' lang='lat' dir='ltr'><strong>tuique</strong></span> <span class='ocrx_word' id='word_1_651' title='bbox 553 4351 884 4437; x_wconf 77' lang='lat' dir='ltr'><strong>hominem,</strong></span> <span class='ocrx_word' id='word_1_652' title='bbox 925 4364 1027 4445; x_wconf 87' lang='lat' dir='ltr'><strong>qui</strong></span> <span class='ocrx_word' id='word_1_653' title='bbox 1073 4351 1357 4427; x_wconf 85' lang='lat' dir='ltr'><strong>alicunde</strong></span> <span class='ocrx_word' id='word_1_654' title='bbox 1395 4364 1660 4428; x_wconf 91' lang='lat' dir='ltr'><strong>accensis</strong></span> <span class='ocrx_word' id='word_1_655' title='bbox 1709 4366 1782 4428; x_wconf 92' lang='lat' dir='ltr'><strong>ab</strong></span> <span class='ocrx_word' id='word_1_656' title='bbox 1832 4368 1958 4447; x_wconf 78' lang='lat' dir='ltr'><strong>igne</strong></span> 
     </span>
    </p>
   </div>
   <div class='ocr_carea' id='block_1_89' title="bbox 2048 4351 3705 4461">
    <p class='ocr_par' dir='ltr' id='par_1_89' title="bbox 2051 4351 3705 4461">
     <span class='ocr_line' id='line_1_89' title="bbox 2051 4351 3705 4461; baseline 0.003 -30"><span class='ocrx_word' id='word_1_657' title='bbox 2051 4351 2139 4449; x_wconf 60' lang='grc' dir='ltr'><strong>πιρ</strong></span> <span class='ocrx_word' id='word_1_658' title='bbox 2174 4351 2338 4433; x_wconf 62' lang='grc' dir='ltr'><strong>ἰποθὲν</strong></span> <span class='ocrx_word' id='word_1_659' title='bbox 2368 4376 2644 4456; x_wconf 87' lang='grc' dir='ltr'><strong>ἀναφθέντι</strong></span> <span class='ocrx_word' id='word_1_660' title='bbox 2699 4380 2765 4435; x_wconf 81' lang='grc' dir='ltr'><strong>τὰ</strong></span> <span class='ocrx_word' id='word_1_661' title='bbox 2819 4351 3108 4460; x_wconf 71' lang='grc' dir='ltr'><strong>σπλάγχνα</strong></span> <span class='ocrx_word' id='word_1_662' title='bbox 3137 4381 3235 4436; x_wconf 88' lang='lat'>61:6</span> <span class='ocrx_word' id='word_1_663' title='bbox 3278 4351 3476 4460; x_wconf 67' lang='grc' dir='ltr'><strong>πυρὸς,</strong></span> <span class='ocrx_word' id='word_1_664' title='bbox 3498 4351 3614 4461; x_wconf 62' lang='grc' dir='ltr'><strong>ὑφ’ι</strong></span> <span class='ocrx_word' id='word_1_665' title='bbox 3644 4383 3705 4437; x_wconf 83' lang='lat'><strong>06</strong></span> 
     </span>
    </p>
   </div>
   <div class='ocr_carea' id='block_1_90' title="bbox 305 4451 1966 4536">
    <p class='ocr_par' dir='ltr' id='par_1_90' title="bbox 305 4451 1966 4536">
     <span class='ocr_line' id='line_1_90' title="bbox 305 4451 1966 4536; baseline 0.004 -24"><span class='ocrx_word' id='word_1_666' title='bbox 305 4451 635 4515; x_wconf 87' lang='lat' dir='ltr'><strong>visceribus</strong></span> <span class='ocrx_word' id='word_1_667' title='bbox 664 4453 910 4528; x_wconf 87' lang='lat' dir='ltr'><strong>ardens,</strong></span> <span class='ocrx_word' id='word_1_668' title='bbox 938 4473 1050 4517; x_wconf 89' lang='lat' dir='ltr'><strong>nec</strong></span> <span class='ocrx_word' id='word_1_669' title='bbox 1082 4454 1381 4517; x_wconf 89' lang='lat' dir='ltr'><strong>ustionem</strong></span> <span class='ocrx_word' id='word_1_670' title='bbox 1415 4455 1670 4517; x_wconf 83' lang='lat' dir='ltr'><strong>ﬂammae</strong></span> <span class='ocrx_word' id='word_1_671' title='bbox 1698 4456 1966 4536; x_wconf 87' lang='lat' dir='ltr'><strong>perferre</strong></span> 
     </span>
    </p>
   </div>
   <div class='ocr_carea' id='block_1_91' title="bbox 304 4540 1965 4626">
    <p class='ocr_par' dir='ltr' id='par_1_91' title="bbox 304 4540 1965 4626">
     <span class='ocr_line' id='line_1_91' title="bbox 304 4540 1965 4626; baseline 0.003 -24"><span class='ocrx_word' id='word_1_672' title='bbox 304 4540 479 4624; x_wconf 89' lang='lat' dir='ltr'><strong>potis,</strong></span> <span class='ocrx_word' id='word_1_673' title='bbox 516 4550 717 4604; x_wconf 91' lang='lat' dir='ltr'><strong>mente</strong></span> <span class='ocrx_word' id='word_1_674' title='bbox 748 4542 906 4603; x_wconf 91' lang='lat' dir='ltr'><strong>velut</strong></span> <span class='ocrx_word' id='word_1_675' title='bbox 938 4543 1230 4606; x_wconf 80' lang='lat' dir='ltr'><strong>alienatus</strong></span> <span class='ocrx_word' id='word_1_676' title='bbox 1269 4553 1382 4620; x_wconf 90' lang='lat' dir='ltr'><strong>est,</strong></span> <span class='ocrx_word' id='word_1_677' title='bbox 1429 4563 1541 4606; x_wconf 91' lang='lat' dir='ltr'><strong>nec</strong></span> <span class='ocrx_word' id='word_1_678' title='bbox 1571 4545 1632 4606; x_wconf 91' lang='lat' dir='ltr'><strong>in</strong></span> <span class='ocrx_word' id='word_1_679' title='bbox 1675 4552 1965 4626; x_wconf 81' lang='lat' dir='ltr'><strong>potestate</strong></span> 
     </span>
    </p>
   </div>
   <div class='ocr_carea' id='block_1_92' title="bbox 301 4629 1960 4715">
    <p class='ocr_par' dir='ltr' id='par_1_92' title="bbox 301 4629 1960 4715">
     <span class='ocr_line' id='line_1_92' title="bbox 301 4629 1960 4715; baseline 0.004 -24"><span class='ocrx_word' id='word_1_680' title='bbox 301 4629 424 4691; x_wconf 91' lang='lat' dir='ltr'><strong>ullo</strong></span> <span class='ocrx_word' id='word_1_681' title='bbox 458 4629 632 4692; x_wconf 92' lang='lat' dir='ltr'><strong>modo</strong></span> <span class='ocrx_word' id='word_1_682' title='bbox 665 4649 797 4693; x_wconf 92' lang='lat' dir='ltr'><strong>esse</strong></span> <span class='ocrx_word' id='word_1_683' title='bbox 830 4640 1046 4712; x_wconf 83' lang='lat' dir='ltr'><strong>potest.</strong></span> <span class='ocrx_word' id='word_1_684' title='bbox 1089 4633 1385 4713; x_wconf 79' lang='lat' dir='ltr'><strong>Lacrymis</strong></span> <span class='ocrx_word' id='word_1_685' title='bbox 1429 4640 1629 4695; x_wconf 90' lang='lat' dir='ltr'><strong>autem</strong></span> <span class='ocrx_word' id='word_1_686' title='bbox 1673 4636 1960 4715; x_wconf 88' lang='lat' dir='ltr'><strong>perenni-</strong></span> 
     </span>
    </p>
   </div>
   <div class='ocr_carea' id='block_1_93' title="bbox 302 4718 1964 4804">
    <p class='ocr_par' dir='ltr' id='par_1_93' title="bbox 302 4718 1964 4804">
     <span class='ocr_line' id='line_1_93' title="bbox 302 4718 1964 4804; baseline 0.004 -24"><span class='ocrx_word' id='word_1_687' title='bbox 302 4718 414 4781; x_wconf 91' lang='lat' dir='ltr'><strong>bus</strong></span> <span class='ocrx_word' id='word_1_688' title='bbox 437 4720 784 4796; x_wconf 81' lang='lat' dir='ltr'><strong>exhaustus,</strong></span> <span class='ocrx_word' id='word_1_689' title='bbox 824 4730 882 4783; x_wconf 90' lang='lat' dir='ltr'><strong>et</strong></span> <span class='ocrx_word' id='word_1_690' title='bbox 907 4721 980 4783; x_wconf 89' lang='lat' dir='ltr'><strong>ab</strong></span> <span class='ocrx_word' id='word_1_691' title='bbox 1013 4721 1106 4783; x_wconf 94' lang='lat' dir='ltr'><strong>his</strong></span> <span class='ocrx_word' id='word_1_692' title='bbox 1137 4722 1547 4804; x_wconf 83' lang='lat' dir='ltr'><strong>refrigeratus,</strong></span> <span class='ocrx_word' id='word_1_693' title='bbox 1573 4722 1772 4804; x_wconf 87' lang='lat' dir='ltr'><strong>ignem</strong></span> <span class='ocrx_word' id='word_1_694' title='bbox 1803 4724 1964 4786; x_wconf 87' lang='lat' dir='ltr'><strong>desi-</strong></span> 
     </span>
    </p>
   </div>
   <div class='ocr_carea' id='block_1_94' title="bbox 302 4808 1960 4896">
    <p class='ocr_par' dir='ltr' id='par_1_94' title="bbox 302 4808 1960 4896">
     <span class='ocr_line' id='line_1_94' title="bbox 302 4808 1960 4896; baseline 0.002 -25"><span class='ocrx_word' id='word_1_695' title='bbox 302 4808 458 4871; x_wconf 89' lang='lat' dir='ltr'><strong>derii</strong></span> <span class='ocrx_word' id='word_1_696' title='bbox 486 4809 899 4872; x_wconf 86' lang='lat' dir='ltr'><strong>vehementius</strong></span> <span class='ocrx_word' id='word_1_697' title='bbox 942 4812 1240 4874; x_wconf 84' lang='lat' dir='ltr'><strong>accendit.</strong></span> <span class='ocrx_word' id='word_1_698' title='bbox 1275 4813 1431 4874; x_wconf 89' lang='lat' dir='ltr'><strong>Hinc</strong></span> <span class='ocrx_word' id='word_1_699' title='bbox 1462 4831 1639 4893; x_wconf 91' lang='lat' dir='ltr'><strong>porro</strong></span> <span class='ocrx_word' id='word_1_700' title='bbox 1669 4814 1960 4896; x_wconf 78' lang='lat' dir='ltr'><strong>lacrymas</strong></span> 
     </span>
    </p>
   </div>
   <div class='ocr_carea' id='block_1_95' title="bbox 307 4897 1956 4984">
    <p class='ocr_par' dir='ltr' id='par_1_95' title="bbox 307 4897 1956 4984">
     <span class='ocr_line' id='line_1_95' title="bbox 307 4897 1956 4984; baseline 0.004 -26"><span class='ocrx_word' id='word_1_701' title='bbox 307 4897 609 4979; x_wconf 86' lang='lat' dir='ltr'><strong>profundit</strong></span> <span class='ocrx_word' id='word_1_702' title='bbox 654 4897 925 4982; x_wconf 87' lang='lat' dir='ltr'><strong>uberius,</strong></span> <span class='ocrx_word' id='word_1_703' title='bbox 962 4910 1019 4962; x_wconf 89' lang='lat' dir='ltr'><strong>et</strong></span> <span class='ocrx_word' id='word_1_704' title='bbox 1050 4920 1119 4963; x_wconf 90' lang='lat' dir='ltr'><strong>ea</strong></span> <span class='ocrx_word' id='word_1_705' title='bbox 1153 4902 1495 4981; x_wconf 82' lang='lat' dir='ltr'><strong>profusione</strong></span> <span class='ocrx_word' id='word_1_706' title='bbox 1545 4901 1801 4984; x_wconf 88' lang='lat' dir='ltr'><strong>ablutus,</strong></span> <span class='ocrx_word' id='word_1_707' title='bbox 1855 4922 1956 4965; x_wconf 82' lang='lat' dir='ltr'><strong>co-</strong></span> 
     </span>
    </p>
   </div>
   <div class='ocr_carea' id='block_1_96' title="bbox 304 4988 1954 5071">
    <p class='ocr_par' dir='ltr' id='par_1_96' title="bbox 304 4988 1954 5071">
     <span class='ocr_line' id='line_1_96' title="bbox 304 4988 1954 5071; baseline 0.004 -23"><span class='ocrx_word' id='word_1_708' title='bbox 304 4994 507 5049; x_wconf 90' lang='lat' dir='ltr'><strong>ruscat</strong></span> <span class='ocrx_word' id='word_1_709' title='bbox 530 4988 927 5068; x_wconf 90' lang='lat' dir='ltr'><strong>splendidius.</strong></span> <span class='ocrx_word' id='word_1_710' title='bbox 961 4990 1076 5054; x_wconf 89' lang='lat' dir='ltr'><strong>Ubi</strong></span> <span class='ocrx_word' id='word_1_711' title='bbox 1107 4992 1349 5054; x_wconf 75' lang='lat' dir='ltr'><strong>demum</strong></span> <span class='ocrx_word' id='word_1_712' title='bbox 1376 5000 1528 5053; x_wconf 90' lang='lat' dir='ltr'><strong>totus</strong></span> <span class='ocrx_word' id='word_1_713' title='bbox 1560 4991 1805 5071; x_wconf 88' lang='lat' dir='ltr'><strong>ignitus,</strong></span> <span class='ocrx_word' id='word_1_714' title='bbox 1856 4991 1954 5054; x_wconf 90' lang='lat' dir='ltr'><strong>in-</strong></span> 
     </span>
    </p>
   </div>
   <div class='ocr_carea' id='block_1_97' title="bbox 304 5076 1954 5164">
    <p class='ocr_par' dir='ltr' id='par_1_97' title="bbox 304 5076 1954 5164">
     <span class='ocr_line' id='line_1_97' title="bbox 304 5076 1954 5164; baseline 0.004 -26"><span class='ocrx_word' id='word_1_715' title='bbox 304 5084 425 5138; x_wconf 90' lang='lat' dir='ltr'><strong>star</strong></span> <span class='ocrx_word' id='word_1_716' title='bbox 474 5076 720 5139; x_wconf 91' lang='lat' dir='ltr'><strong>luminis</strong></span> <span class='ocrx_word' id='word_1_717' title='bbox 771 5079 903 5154; x_wconf 87' lang='lat' dir='ltr'><strong>erit,</strong></span> <span class='ocrx_word' id='word_1_718' title='bbox 965 5088 1103 5143; x_wconf 91' lang='lat' dir='ltr'><strong>tunc</strong></span> <span class='ocrx_word' id='word_1_719' title='bbox 1158 5080 1441 5161; x_wconf 89' lang='lat' dir='ltr'><strong>impletur</strong></span> <span class='ocrx_word' id='word_1_720' title='bbox 1496 5081 1652 5162; x_wconf 91' lang='lat' dir='ltr'><strong>quod</strong></span> <span class='ocrx_word' id='word_1_721' title='bbox 1712 5081 1954 5164; x_wconf 86' lang='lat' dir='ltr'><strong>dicitur,</strong></span> 
     </span>
    </p>
   </div>
   <div class='ocr_carea' id='block_1_98' title="bbox 308 5165 1955 5250">
    <p class='ocr_par' dir='ltr' id='par_1_98' title="bbox 308 5165 1955 5250">
     <span class='ocr_line' id='line_1_98' title="bbox 308 5165 1955 5250; baseline 0.006 -28"><span class='ocrx_word' id='word_1_722' title='bbox 308 5190 335 5222; x_wconf 80' lang='grc'><strong>«</strong></span> <span class='ocrx_word' id='word_1_723' title='bbox 371 5165 531 5228; x_wconf 91' lang='lat' dir='ltr'><strong>Deus</strong></span> <span class='ocrx_word' id='word_1_724' title='bbox 562 5166 676 5228; x_wconf 88' lang='lat' dir='ltr'><strong>diis</strong></span> <span class='ocrx_word' id='word_1_725' title='bbox 713 5167 913 5229; x_wconf 91' lang='lat' dir='ltr'><strong>unitus</strong></span> <span class='ocrx_word' id='word_1_726' title='bbox 961 5178 1020 5230; x_wconf 90' lang='lat' dir='ltr'><strong>et</strong></span> <span class='ocrx_word' id='word_1_727' title='bbox 1063 5171 1376 5250; x_wconf 82' lang='lat' dir='ltr'><strong>cognitus;</strong></span> <span class='ocrx_word' id='word_1_728' title='bbox 1413 5201 1440 5226; x_wconf 69' lang='grc' dir='ltr'><strong><em>ι</em></strong></span> <span class='ocrx_word' id='word_1_729' title='bbox 1475 5179 1535 5231; x_wconf 89' lang='lat' dir='ltr'><strong>et</strong></span> <span class='ocrx_word' id='word_1_730' title='bbox 1563 5177 1790 5231; x_wconf 89' lang='lat' dir='ltr'><strong>tantum</strong></span> <span class='ocrx_word' id='word_1_731' title='bbox 1832 5170 1955 5232; x_wconf 90' lang='lat' dir='ltr'><strong>for-</strong></span> 
     </span>
    </p>
   </div>
   <div class='ocr_carea' id='block_1_99' title="bbox 306 5258 1960 5339">
    <p class='ocr_par' dir='ltr' id='par_1_99' title="bbox 306 5258 1960 5339">
     <span class='ocr_line' id='line_1_99' title="bbox 306 5258 1960 5339; baseline 0.004 -23"><span class='ocrx_word' id='word_1_732' title='bbox 306 5264 483 5328; x_wconf 89' lang='lat' dir='ltr'><strong>tasse,</strong></span> <span class='ocrx_word' id='word_1_733' title='bbox 517 5264 806 5336; x_wconf 87' lang='lat' dir='ltr'><strong>quantum</strong></span> <span class='ocrx_word' id='word_1_734' title='bbox 845 5258 970 5337; x_wconf 88' lang='lat' dir='ltr'><strong>jam</strong></span> <span class='ocrx_word' id='word_1_735' title='bbox 1020 5258 1133 5319; x_wconf 86' lang='lat' dir='ltr'><strong>sibi</strong></span> <span class='ocrx_word' id='word_1_736' title='bbox 1179 5258 1470 5339; x_wconf 88' lang='lat' dir='ltr'><strong>copulatis</strong></span> <span class='ocrx_word' id='word_1_737' title='bbox 1517 5259 1742 5338; x_wconf 84' lang='lat' dir='ltr'><strong>uuitus,</strong></span> <span class='ocrx_word' id='word_1_738' title='bbox 1778 5269 1836 5322; x_wconf 91' lang='lat' dir='ltr'><strong>et</strong></span> <span class='ocrx_word' id='word_1_739' title='bbox 1865 5261 1960 5322; x_wconf 91' lang='lat' dir='ltr'><strong>his</strong></span> 
     </span>
    </p>
   </div>
   <div class='ocr_carea' id='block_1_100' title="bbox 304 5344 1449 5427">
    <p class='ocr_par' dir='ltr' id='par_1_100' title="bbox 304 5344 1449 5427">
     <span class='ocr_line' id='line_1_100' title="bbox 304 5344 1449 5427; baseline 0.006 -23"><span class='ocrx_word' id='word_1_740' title='bbox 304 5344 404 5425; x_wconf 91' lang='lat' dir='ltr'><strong>qui</strong></span> <span class='ocrx_word' id='word_1_741' title='bbox 435 5355 839 5425; x_wconf 87' lang='lat' dir='ltr'><strong>cognoverunt</strong></span> <span class='ocrx_word' id='word_1_742' title='bbox 868 5348 1164 5411; x_wconf 84' lang='lat' dir='ltr'><strong>revelatus</strong></span> <span class='ocrx_word' id='word_1_743' title='bbox 1192 5359 1280 5411; x_wconf 91' lang='lat' dir='ltr'><strong>est</strong></span> <span class='ocrx_word' id='word_1_744' title='bbox 1311 5351 1449 5427; x_wconf 69' lang='lat' dir='ltr'><strong>(lli.</strong></span> 
     </span>
    </p>
   </div>
   <div class='ocr_carea' id='block_1_101' title="bbox 380 5514 1957 5586">
    <p class='ocr_par' dir='ltr' id='par_1_101' title="bbox 380 5514 1957 5586">
     <span class='ocr_line' id='line_1_101' title="bbox 380 5514 1957 5586; baseline 0.008 -19"><span class='ocrx_word' id='word_1_745' title='bbox 380 5514 492 5582; x_wconf 89' lang='grc'><strong>(11)</strong></span> <span class='ocrx_word' id='word_1_746' title='bbox 531 5515 828 5586; x_wconf 89' lang='lat' dir='ltr'><strong>Pontanus</strong></span> <span class='ocrx_word' id='word_1_747' title='bbox 868 5516 1072 5575; x_wconf 87' lang='lat' dir='ltr'><strong>addit:</strong></span> <span class='ocrx_word' id='word_1_748' title='bbox 1142 5540 1165 5569; x_wconf 72' lang='grc' dir='ltr'><strong><em>α</em></strong></span> <span class='ocrx_word' id='word_1_749' title='bbox 1222 5518 1509 5586; x_wconf 89' lang='lat' dir='ltr'><strong>Quantum</strong></span> <span class='ocrx_word' id='word_1_750' title='bbox 1566 5535 1596 5577; x_wconf 90' lang='lat' dir='ltr'><strong>a</strong></span> <span class='ocrx_word' id='word_1_751' title='bbox 1655 5520 1822 5578; x_wconf 91' lang='lat' dir='ltr'><strong>nobis</strong></span> <span class='ocrx_word' id='word_1_752' title='bbox 1860 5536 1957 5579; x_wconf 88' lang='lat' dir='ltr'><strong>co-</strong></span> 
     </span>
    </p>
   </div>
   <div class='ocr_carea' id='block_1_102' title="bbox 307 5585 1953 5655">
    <p class='ocr_par' dir='ltr' id='par_1_102' title="bbox 307 5585 1953 5655">
     <span class='ocr_line' id='line_1_102' title="bbox 307 5585 1953 5655; baseline 0.005 -15"><span class='ocrx_word' id='word_1_753' title='bbox 307 5587 505 5654; x_wconf 79' lang='lat' dir='ltr'><strong>gnosci</strong></span> <span class='ocrx_word' id='word_1_754' title='bbox 574 5585 820 5644; x_wconf 86' lang='lat' dir='ltr'><strong>voluerit</strong></span> <span class='ocrx_word' id='word_1_755' title='bbox 876 5588 1052 5655; x_wconf 79' lang='lat' dir='ltr'><strong>Deus,</strong></span> <span class='ocrx_word' id='word_1_756' title='bbox 1119 5585 1339 5647; x_wconf 85' lang='lat' dir='ltr'><strong>tantum</strong></span> <span class='ocrx_word' id='word_1_757' title='bbox 1410 5597 1580 5649; x_wconf 84' lang='lat' dir='ltr'><strong>etiam</strong></span> <span class='ocrx_word' id='word_1_758' title='bbox 1653 5592 1953 5652; x_wconf 72' lang='lat' dir='ltr'><strong>reveletur:</strong></span> 
     </span>
    </p>
   </div>
   <div class='ocr_carea' id='block_1_103' title="bbox 2048 4463 3702 4548">
    <p class='ocr_par' dir='ltr' id='par_1_103' title="bbox 2048 4463 3702 4548">
     <span class='ocr_line' id='line_1_103' title="bbox 2048 4463 3702 4548; baseline 0.004 -28"><span class='ocrx_word' id='word_1_759' title='bbox 2048 4463 2404 4545; x_wconf 87' lang='grc' dir='ltr'><strong>φλεγόμενος,</strong></span> <span class='ocrx_word' id='word_1_760' title='bbox 2436 4468 2648 4535; x_wconf 79' lang='grc' dir='ltr'><strong>καὶτῆς</strong></span> <span class='ocrx_word' id='word_1_761' title='bbox 2704 4465 2903 4548; x_wconf 81' lang='grc' dir='ltr'><strong>φλογὸς</strong></span> <span class='ocrx_word' id='word_1_762' title='bbox 2960 4468 3053 4524; x_wconf 86' lang='grc' dir='ltr'><strong>τὸν</strong></span> <span class='ocrx_word' id='word_1_763' title='bbox 3108 4468 3427 4548; x_wconf 79' lang='grc' dir='ltr'><strong>ἐμπρησμὸν</strong></span> <span class='ocrx_word' id='word_1_764' title='bbox 3473 4469 3551 4545; x_wconf 81' lang='grc' dir='ltr'><strong>μὴ</strong></span> <span class='ocrx_word' id='word_1_765' title='bbox 3607 4466 3702 4527; x_wconf 86' lang='grc' dir='ltr'><strong>δυ·-</strong></span> 
     </span>
    </p>
   </div>
   <div class='ocr_carea' id='block_1_104' title="bbox 2047 4554 3703 4637">
    <p class='ocr_par' dir='ltr' id='par_1_104' title="bbox 2047 4554 3703 4637">
     <span class='ocr_line' id='line_1_104' title="bbox 2047 4554 3703 4637; baseline 0.001 -28"><span class='ocrx_word' id='word_1_766' title='bbox 2047 4555 2271 4630; x_wconf 87' lang='grc' dir='ltr'><strong>νάμενος</strong></span> <span class='ocrx_word' id='word_1_767' title='bbox 2309 4554 2506 4637; x_wconf 83' lang='grc' dir='ltr'><strong>φέρειν,</strong></span> <span class='ocrx_word' id='word_1_768' title='bbox 2552 4558 2781 4637; x_wconf 81' lang='grc' dir='ltr'><strong>ὑπάρχει</strong></span> <span class='ocrx_word' id='word_1_769' title='bbox 2827 4557 3005 4637; x_wconf 81' lang='grc' dir='ltr'><strong>ὥσπερ</strong></span> <span class='ocrx_word' id='word_1_770' title='bbox 3035 4555 3332 4624; x_wconf 76' lang='grc' dir='ltr'><strong>ἐξεστηκὼς</strong></span> <span class='ocrx_word' id='word_1_771' title='bbox 3376 4576 3389 4592; x_wconf 83' lang='grc'><strong><em>⁸</em></strong></span> <span class='ocrx_word' id='word_1_772' title='bbox 3432 4559 3521 4613; x_wconf 88' lang='grc' dir='ltr'><strong>καὶ</strong></span> <span class='ocrx_word' id='word_1_773' title='bbox 3565 4554 3703 4633; x_wconf 81' lang='grc' dir='ltr'><strong>μηδέ</strong></span> 
     </span>
    </p>
   </div>
   <div class='ocr_carea' id='block_1_105' title="bbox 2043 4644 3707 4727">
    <p class='ocr_par' dir='ltr' id='par_1_105' title="bbox 2043 4644 3707 4727">
     <span class='ocr_line' id='line_1_105' title="bbox 2043 4644 3707 4727; baseline 0.001 -27"><span class='ocrx_word' id='word_1_774' title='bbox 2043 4646 2233 4701; x_wconf 78' lang='grc' dir='ltr'><strong>ἑαυτοῦ</strong></span> <span class='ocrx_word' id='word_1_775' title='bbox 2262 4644 2502 4723; x_wconf 84' lang='grc' dir='ltr'><strong>γενέσθαι</strong></span> <span class='ocrx_word' id='word_1_776' title='bbox 2534 4644 2671 4711; x_wconf 83' lang='grc' dir='ltr'><strong>ὅλως</strong></span> <span class='ocrx_word' id='word_1_777' title='bbox 2727 4648 2956 4727; x_wconf 82' lang='grc' dir='ltr'><strong>ἰσχύων.</strong></span> <span class='ocrx_word' id='word_1_778' title='bbox 3003 4657 3130 4709; x_wconf 83' lang='grc' dir='ltr'><strong>Τοῖς</strong></span> <span class='ocrx_word' id='word_1_779' title='bbox 3190 4644 3403 4727; x_wconf 86' lang='grc' dir='ltr'><strong>δάκρυσι</strong></span> <span class='ocrx_word' id='word_1_780' title='bbox 3461 4644 3516 4702; x_wconf 78' lang='grc' dir='ltr'><strong>δὲ</strong></span> <span class='ocrx_word' id='word_1_781' title='bbox 3569 4667 3707 4702; x_wconf 84' lang='grc' dir='ltr'><strong>κατ-</strong></span> 
     </span>
    </p>
   </div>
   <div class='ocr_carea' id='block_1_106' title="bbox 2045 4731 3704 4813">
    <p class='ocr_par' dir='ltr' id='par_1_106' title="bbox 2045 4731 3704 4813">
     <span class='ocr_line' id='line_1_106' title="bbox 2045 4731 3704 4813; baseline 0.001 -24"><span class='ocrx_word' id='word_1_782' title='bbox 2045 4731 2395 4808; x_wconf 85' lang='grc' dir='ltr'><strong>αντλούμενος</strong></span> <span class='ocrx_word' id='word_1_783' title='bbox 2471 4734 2730 4812; x_wconf 88' lang='grc' dir='ltr'><strong>ἀεννάως,</strong></span> <span class='ocrx_word' id='word_1_784' title='bbox 2801 4736 2889 4791; x_wconf 82' lang='grc' dir='ltr'><strong>καὶ</strong></span> <span class='ocrx_word' id='word_1_785' title='bbox 2956 4736 3058 4791; x_wconf 80' lang='grc' dir='ltr'><strong>ὑπὸ</strong></span> <span class='ocrx_word' id='word_1_786' title='bbox 3118 4735 3319 4792; x_wconf 86' lang='grc' dir='ltr'><strong>τούτων</strong></span> <span class='ocrx_word' id='word_1_787' title='bbox 3389 4734 3704 4813; x_wconf 78' lang='grc' dir='ltr'><strong>καταψυχό-</strong></span> 
     </span>
    </p>
   </div>
   <div class='ocr_carea' id='block_1_107' title="bbox 2044 4820 3703 4905">
    <p class='ocr_par' dir='ltr' id='par_1_107' title="bbox 2044 4820 3703 4905">
     <span class='ocr_line' id='line_1_107' title="bbox 2044 4820 3703 4905; baseline 0 -27"><span class='ocrx_word' id='word_1_788' title='bbox 2044 4843 2227 4897; x_wconf 87' lang='grc' dir='ltr'><strong>μενος,</strong></span> <span class='ocrx_word' id='word_1_789' title='bbox 2273 4825 2334 4880; x_wconf 85' lang='grc' dir='ltr'><strong>τὸ</strong></span> <span class='ocrx_word' id='word_1_790' title='bbox 2378 4833 2478 4903; x_wconf 77' lang='grc' dir='ltr'><strong>πῦρ</strong></span> <span class='ocrx_word' id='word_1_791' title='bbox 2534 4822 2743 4890; x_wconf 82' lang='grc' dir='ltr'><strong>ἐξάπτει</strong></span> <span class='ocrx_word' id='word_1_792' title='bbox 2787 4831 2882 4881; x_wconf 78' lang='grc' dir='ltr'><strong>τοῦ</strong></span> <span class='ocrx_word' id='word_1_793' title='bbox 2932 4825 3092 4881; x_wconf 79' lang='grc' dir='ltr'><strong>πόθου</strong></span> <span class='ocrx_word' id='word_1_794' title='bbox 3143 4820 3513 4905; x_wconf 81' lang='grc' dir='ltr'><strong>σφοδρότερον.</strong></span> <span class='ocrx_word' id='word_1_795' title='bbox 3575 4823 3703 4881; x_wconf 91' lang='grc' dir='ltr'><strong>Ἐν-</strong></span> 
     </span>
    </p>
   </div>
   <div class='ocr_carea' id='block_1_108' title="bbox 2042 4909 3705 4993">
    <p class='ocr_par' dir='ltr' id='par_1_108' title="bbox 2042 4909 3705 4993">
     <span class='ocr_line' id='line_1_108' title="bbox 2042 4909 3705 4993; baseline 0.001 -27"><span class='ocrx_word' id='word_1_796' title='bbox 2042 4913 2216 4969; x_wconf 80' lang='grc' dir='ltr'><strong>τεῦθεν</strong></span> <span class='ocrx_word' id='word_1_797' title='bbox 2247 4909 2301 4967; x_wconf 73' lang='grc' dir='ltr'><strong>δὲ</strong></span> <span class='ocrx_word' id='word_1_798' title='bbox 2344 4914 2411 4968; x_wconf 80' lang='grc' dir='ltr'><strong>τὰ</strong></span> <span class='ocrx_word' id='word_1_799' title='bbox 2467 4910 2663 4993; x_wconf 81' lang='grc' dir='ltr'><strong>δάκρυα</strong></span> <span class='ocrx_word' id='word_1_800' title='bbox 2716 4913 2941 4993; x_wconf 80' lang='grc' dir='ltr'><strong>προχέει</strong></span> <span class='ocrx_word' id='word_1_801' title='bbox 2998 4912 3283 4989; x_wconf 88' lang='grc' dir='ltr'><strong>πλειόνως,</strong></span> <span class='ocrx_word' id='word_1_802' title='bbox 3330 4914 3418 4969; x_wconf 86' lang='grc' dir='ltr'><strong>καὶ</strong></span> <span class='ocrx_word' id='word_1_803' title='bbox 3472 4918 3543 4989; x_wconf 78' lang='grc' dir='ltr'><strong>τῇ</strong></span> <span class='ocrx_word' id='word_1_804' title='bbox 3576 4912 3705 4967; x_wconf 90' lang='grc' dir='ltr'><strong>τού-</strong></span> 
     </span>
    </p>
   </div>
   <div class='ocr_carea' id='block_1_109' title="bbox 2040 5000 3697 5082">
    <p class='ocr_par' dir='ltr' id='par_1_109' title="bbox 2040 5000 3697 5082">
     <span class='ocr_line' id='line_1_109' title="bbox 2040 5000 3697 5082; baseline 0 -26"><span class='ocrx_word' id='word_1_805' title='bbox 2040 5022 2147 5056; x_wconf 92' lang='grc' dir='ltr'><strong>των</strong></span> <span class='ocrx_word' id='word_1_806' title='bbox 2180 5000 2396 5082; x_wconf 86' lang='grc' dir='ltr'><strong>ἐκχύσει</strong></span> <span class='ocrx_word' id='word_1_807' title='bbox 2451 5001 2803 5079; x_wconf 84' lang='grc' dir='ltr'><strong>πλυνόμενος,</strong></span> <span class='ocrx_word' id='word_1_808' title='bbox 2863 5002 3228 5082; x_wconf 83' lang='grc' dir='ltr'><strong>λαμπρότερον</strong></span> <span class='ocrx_word' id='word_1_809' title='bbox 3286 5002 3645 5081; x_wconf 80' lang='grc' dir='ltr'><strong>ἀναστράπτει</strong></span> <span class='ocrx_word' id='word_1_810' title='bbox 3679 5019 3697 5036; x_wconf 86' lang='grc'><strong>·</strong></span> 
     </span>
    </p>
   </div>
   <div class='ocr_carea' id='block_1_110' title="bbox 2039 5087 3699 5173">
    <p class='ocr_par' dir='ltr' id='par_1_110' title="bbox 2039 5087 3699 5173">
     <span class='ocr_line' id='line_1_110' title="bbox 2039 5087 3699 5173; baseline 0.002 -28"><span class='ocrx_word' id='word_1_811' title='bbox 2039 5087 2126 5146; x_wconf 82' lang='grc' dir='ltr'><strong>ὅτε</strong></span> <span class='ocrx_word' id='word_1_812' title='bbox 2169 5087 2224 5146; x_wconf 78' lang='grc' dir='ltr'><strong>δὲ</strong></span> <span class='ocrx_word' id='word_1_813' title='bbox 2254 5089 2392 5156; x_wconf 82' lang='grc' dir='ltr'><strong>ὅλως</strong></span> <span class='ocrx_word' id='word_1_814' title='bbox 2437 5092 2774 5171; x_wconf 88' lang='grc' dir='ltr'><strong>ἐκπυρωθεὶς,</strong></span> <span class='ocrx_word' id='word_1_815' title='bbox 2831 5094 2905 5155; x_wconf 85' lang='grc' dir='ltr'><strong>ὡς</strong></span> <span class='ocrx_word' id='word_1_816' title='bbox 2951 5097 3062 5173; x_wconf 83' lang='grc' dir='ltr'><strong>φῶς</strong></span> <span class='ocrx_word' id='word_1_817' title='bbox 3115 5091 3362 5171; x_wconf 85' lang='grc' dir='ltr'><strong>γένηται,</strong></span> <span class='ocrx_word' id='word_1_818' title='bbox 3395 5091 3517 5148; x_wconf 75' lang='grc' dir='ltr'><strong>τότε</strong></span> <span class='ocrx_word' id='word_1_819' title='bbox 3548 5089 3699 5159; x_wconf 87' lang='grc' dir='ltr'><strong>πλη-</strong></span> 
     </span>
    </p>
   </div>
   <div class='ocr_carea' id='block_1_111' title="bbox 2040 5181 3696 5262">
    <p class='ocr_par' dir='ltr' id='par_1_111' title="bbox 2040 5181 3696 5262">
     <span class='ocr_line' id='line_1_111' title="bbox 2040 5181 3696 5262; baseline 0.002 -28"><span class='ocrx_word' id='word_1_820' title='bbox 2040 5185 2216 5257; x_wconf 80' lang='grc' dir='ltr'><strong>ροῦται</strong></span> <span class='ocrx_word' id='word_1_821' title='bbox 2277 5181 2338 5237; x_wconf 85' lang='grc' dir='ltr'><strong>τὸ</strong></span> <span class='ocrx_word' id='word_1_822' title='bbox 2383 5182 2604 5262; x_wconf 78' lang='grc' dir='ltr'><strong>φάσκον,</strong></span> <span class='ocrx_word' id='word_1_823' title='bbox 2648 5183 2778 5246; x_wconf 83' lang='grc' dir='ltr'><strong>Θεὸς</strong></span> <span class='ocrx_word' id='word_1_824' title='bbox 2808 5185 2952 5245; x_wconf 88' lang='grc' dir='ltr'><strong>θεοῖς</strong></span> <span class='ocrx_word' id='word_1_825' title='bbox 2996 5181 3275 5257; x_wconf 82' lang='grc' dir='ltr'><strong>ένούμενός</strong></span> <span class='ocrx_word' id='word_1_826' title='bbox 3333 5202 3392 5237; x_wconf 90' lang='grc' dir='ltr'><strong>τε</strong></span> <span class='ocrx_word' id='word_1_827' title='bbox 3435 5182 3526 5237; x_wconf 84' lang='grc' dir='ltr'><strong>καὶ</strong></span> <span class='ocrx_word' id='word_1_828' title='bbox 3554 5201 3696 5258; x_wconf 87' lang='grc' dir='ltr'><strong>γνω-</strong></span> 
     </span>
    </p>
   </div>
   <div class='ocr_carea' id='block_1_112' title="bbox 2042 5269 3696 5352">
    <p class='ocr_par' dir='ltr' id='par_1_112' title="bbox 2042 5269 3696 5352">
     <span class='ocr_line' id='line_1_112' title="bbox 2042 5269 3696 5352; baseline 0.002 -29"><span class='ocrx_word' id='word_1_829' title='bbox 2042 5269 2341 5347; x_wconf 78' lang='grc' dir='ltr'><strong>ριζόμενος,</strong></span> <span class='ocrx_word' id='word_1_830' title='bbox 2391 5272 2480 5328; x_wconf 85' lang='grc' dir='ltr'><strong>καὶ</strong></span> <span class='ocrx_word' id='word_1_831' title='bbox 2527 5278 2777 5328; x_wconf 83' lang='grc' dir='ltr'><strong>τοσοῦτον</strong></span> <span class='ocrx_word' id='word_1_832' title='bbox 2836 5270 2997 5352; x_wconf 70' lang='grc' dir='ltr'><strong>ἴσως,</strong></span> <span class='ocrx_word' id='word_1_833' title='bbox 3052 5269 3177 5328; x_wconf 83' lang='grc' dir='ltr'><strong>ὅσον</strong></span> <span class='ocrx_word' id='word_1_834' title='bbox 3233 5269 3336 5339; x_wconf 71' lang='grc' dir='ltr'><strong>ἤδη</strong></span> <span class='ocrx_word' id='word_1_835' title='bbox 3366 5284 3486 5334; x_wconf 86' lang='grc' dir='ltr'><strong>τοῖς</strong></span> <span class='ocrx_word' id='word_1_836' title='bbox 3530 5292 3696 5330; x_wconf 82' lang='grc' dir='ltr'><strong>συνα-</strong></span> 
     </span>
    </p>
   </div>
   <div class='ocr_carea' id='block_1_113' title="bbox 2041 5358 3512 5442">
    <p class='ocr_par' dir='ltr' id='par_1_113' title="bbox 2041 5358 3512 5442">
     <span class='ocr_line' id='line_1_113' title="bbox 2041 5358 3512 5442; baseline 0.005 -30"><span class='ocrx_word' id='word_1_837' title='bbox 2041 5359 2221 5436; x_wconf 79' lang='grc' dir='ltr'><strong>φθῖσιν</strong></span> <span class='ocrx_word' id='word_1_838' title='bbox 2250 5358 2458 5436; x_wconf 77' lang='grc' dir='ltr'><strong>ἡνώθη,</strong></span> <span class='ocrx_word' id='word_1_839' title='bbox 2494 5362 2593 5417; x_wconf 77' lang='grc' dir='ltr'><strong>καὶ</strong></span> <span class='ocrx_word' id='word_1_840' title='bbox 2619 5373 2739 5425; x_wconf 85' lang='grc' dir='ltr'><strong>τοῖς</strong></span> <span class='ocrx_word' id='word_1_841' title='bbox 2771 5360 3098 5440; x_wconf 86' lang='grc' dir='ltr'><strong>ἐγνωσκόσιν</strong></span> <span class='ocrx_word' id='word_1_842' title='bbox 3130 5360 3512 5442; x_wconf 84' lang='grc' dir='ltr'><strong>ἀπεκαλύφθη.</strong></span> 
     </span>
    </p>
   </div>
   <div class='ocr_carea' id='block_1_114' title="bbox 2032 5524 3704 5603">
    <p class='ocr_par' dir='ltr' id='par_1_114' title="bbox 2032 5524 3704 5603">
     <span class='ocr_line' id='line_1_114' title="bbox 2032 5524 3704 5603; baseline 0.002 -21"><span class='ocrx_word' id='word_1_843' title='bbox 2032 5524 2329 5593; x_wconf 83' lang='lat' dir='ltr'><strong>Quantum</strong></span> <span class='ocrx_word' id='word_1_844' title='bbox 2372 5527 2542 5603; x_wconf 81' lang='lat' dir='ltr'><strong>fuerit</strong></span> <span class='ocrx_word' id='word_1_845' title='bbox 2577 5527 2882 5603; x_wconf 86' lang='lat' dir='ltr'><strong>revel_at_us.</strong></span> <span class='ocrx_word' id='word_1_846' title='bbox 2931 5537 3154 5603; x_wconf 82' lang='lat' dir='ltr'><strong>tantum</strong></span> <span class='ocrx_word' id='word_1_847' title='bbox 3194 5545 3247 5603; x_wconf 9' lang='lat' dir='ltr'><strong>ar</strong></span> <span class='ocrx_word' id='word_1_848' title='bbox 3274 5528 3464 5603; x_wconf 82' lang='lat' dir='ltr'><strong>dignis</strong></span> <span class='ocrx_word' id='word_1_849' title='bbox 3513 5527 3704 5603; x_wconf 66' lang='lat' dir='ltr'><strong>cerni-</strong></span> 
     </span>
    </p>
   </div>
   <div class='ocr_carea' id='block_1_115' title="bbox 2042 5599 3704 5674">
    <p class='ocr_par' dir='ltr' id='par_1_115' title="bbox 2042 5599 3704 5674">
     <span class='ocr_line' id='line_1_115' title="bbox 2042 5599 3704 5674; baseline 0.001 -19"><span class='ocrx_word' id='word_1_850' title='bbox 2042 5604 2157 5663; x_wconf 87' lang='lat' dir='ltr'><strong>tur,</strong></span> <span class='ocrx_word' id='word_1_851' title='bbox 2189 5606 2245 5657; x_wconf 81' lang='grc' dir='ltr'><strong>ει</strong></span> <span class='ocrx_word' id='word_1_852' title='bbox 2276 5600 2662 5673; x_wconf 84' lang='lat' dir='ltr'><strong>cognoscitur.</strong></span> <span class='ocrx_word' id='word_1_853' title='bbox 2706 5600 2838 5658; x_wconf 87' lang='lat' dir='ltr'><strong>Tale</strong></span> <span class='ocrx_word' id='word_1_854' title='bbox 2874 5601 3015 5674; x_wconf 87' lang='lat' dir='ltr'><strong>quid</strong></span> <span class='ocrx_word' id='word_1_855' title='bbox 3058 5599 3471 5674; x_wconf 57' lang='lat' dir='ltr'><strong>experirifaut</strong></span> <span class='ocrx_word' id='word_1_856' title='bbox 3509 5599 3704 5658; x_wconf 89' lang='lat' dir='ltr'><strong>videre</strong></span> 
     </span>
    </p>
   </div>
  </div>
