4120 6374
359 355 472 421 641

1632 357 2017 425 CAPITULA
2059 354 2465 429 FRACTIGA.

3600 364 3731 443 642

415 479 514 557 ξθ’.
573 491 683 570 Πρὸ
734 490 830 549 τοῦ
882 491 1101 556 πένθους
1171 512 1263 550 και
1319 512 1426 549 των
1479 490 1740 572 δακρύων,
1799 488 1972 568 μηδεὶς

2148 492 2250 558 69.
2280 495 2439 558 Ante
2464 493 2691 558 luctum
2727 501 2786 559 et
2811 494 3104 578 lacrymas
3148 496 3355 577 (nemo
3385 517 3492 563 vos
3520 498 3722 565 inani-

335 582 479 656 ἡμᾶς
534 593 714 646 κενοῖς
772 582 1028 639 ἀπατάτω
1096 580 1301 662 λόγοις,
1350 579 1486 659 μηδὲ
1526 580 1814 661 πλανῶμεν
1856 582 1985 638 ἐαυ-

336 672 481 735 τούς.
513 673 623 730 Οὐκ
676 670 816 730 ἔστιν
872 672 924 731 ἐν
979 676 1117 750 ἡμῖν
1159 675 1438 755 μετάνοια,
1489 671 1605 731 οὐδὲ
1662 671 1868 740 ἀληθὴς
1895 694 1988 749 με·

338 759 617 841 ταμέλεια,
663 759 781 819 οὐδὲ
824 759 986 843 φόϐος
1043 771 1175 820 Θεοῦ
1232 763 1287 820 ἐν
1339 763 1467 827 ταῖς
1524 760 1757 843 καρδίαις
1804 763 1982 838 ἡμῶν,

339 848 452 906 οὐδε
481 850 1239 929 x11éyvmpevéauréi’w,\o§3é
1297 853 1353 909 ἐν
1406 854 1643 924 αἰσθήσει
1699 857 1799 920 τῆς
1844 849 1982 927 μελ-

336 935 531 1006 λούσης
558 940 781 1018 κρίσεως
824 941 913 998 καὶ
952 947 1058 998 τῶν
1111 942 1333 999 αἰωνίων
1390 942 1668 1018 βσασάνων
1696 940 1905 1020 ἐγένετο
1945 941 1980 1008 ἡ

335 1029 488 1108 ψυχὴ
514 1030 673 1105 ἡμῶν
704 1048 722 1065 ·
777 1032 822 1087 εἱ
874 1031 976 1110 γὰρ
1022 1030 1361 1110 κατέγνωμεν
1391 1032 1614 1105 ἑαυτῶν,
1670 1031 1761 1088 καὶ
1811 1030 1979 1097 ἐκτη-

334 1118 538 1193 σάμεθα
596 1125 784 1200 ταῦτα,
842 1122 931 1177 καὶ
985 1120 1040 1178 ἐν
1093 1121 1296 1187 τούτοις
1356 1121 1661 1200 ἐγενόμεθα,
1718 1121 1862 1183 εὐθὺς
1894 1120 1982 1176 καὶ

334 1203 527 1285 δάκρυα
553 1210 948 1288 κατηγάγῶιιεν
1004 1208 1064 1267 ἅν
1099 1229 1114 1245 ⁸
1160 1212 1362 1269 τούτων
1403 1213 1502 1290 γὰρ
1559 1212 1750 1291 χωρὶς,
1785 1210 1902 1267 οὔτε
1944 1210 1979 1276 ἡ

333 1294 718 1377 σκληροκαρδία
774 1300 928 1375 ἡμῶν
984 1298 1344 1368 ἀπαλυνθῆναί
1395 1321 1525 1357 ποτε
1581 1298 1850 1377 δύναται,ζ
1862 1299 1981 1356 οὔτε

330 1385 365 1453 ἦ
431 1386 588 1467 ψυχὴ
659 1388 815 1463 ἡμῶν
882 1391 1247 1464 πνευματικὴν
1315 1391 1629 1447 ταπείνωσιν
1698 1390 1975 1465 κτήσεται,

333 1474 448 1532 οὔτε
505 1478 742 1534 ταπεινοὶ
812 1477 1051 1556 γενέσθαι
1104 1480 1431 1560 ἰσχύσωμεν,
1493 1470 1552 1537 Ὀ
1606 1476 1662 1535 δὲ
1718 1478 1796 1555 μὴ
1845 1477 1981 1536 οὕτω

330 1564 643 1643 γενόμενος,
704 1567 960 1634 ἐνωθῆναι
1004 1574 1082 1644 τῷ
1142 1570 1405 1645 Πνεύματι
1461 1575 1538 1644 τῷ
1590 1568 1724 1647 ἁγίῳ
1766 1572 1826 1628 οὒ
1896 1566 1983 1625 δύο

330 1675 507 1718 ναται,
547 1646 605 1712 (Ο
634 1653 690 1711 δὲ
722 1655 800 1731 μὴ
850 1657 1019 1730 τούτῳ
1060 1657 1123 1714 ἐκ
1175 1658 1476 1737 καθάρσεως
1521 1646 1752 1731 ἑνωθεὶς,
1785 1657 1900 1714 οὔτε
1925 1657 1979 1715 ἐν

328 1745 515 1823 θεωρίᾳ
544 1746 631 1802 καὶ
658 1746 851 1824 γνώσει
899 1752 1031 1804 Θεοῦ
1087 1746 1327 1826 γενέσθαι
1369 1745 1604 1826 δύναται,
1667 1745 1784 1804 οὔτε
1838 1744 1979 1813 ἄξιός

326 1829 439 1888 ἐστι
481 1834 578 1897 τὰς
626 1839 726 1902 τῆς
776 1825 1147 1900 ταπεινώσεως
1203 1836 1391 1918 ἀρετὰς
1450 1842 1714 1912 μυστικῶς
1771 1833 1977 1893 ἑνδιδά-
2000 1825 2040 1874 Β

332 1924 571 1986 σκεσθαι.

404 1999 480 2074 α’.
533 2013 664 2078 Τοὺς
713 2014 1154 2096 ὑποκρινομένους
1195 2016 1296 2085 τὴν
1336 2015 1554 2096 ἀρετὴν,
1600 2016 1690 2073 καὶ
1745 2023 1822 2092 τῷ
1878 2016 1978 2092 μὲν

321 2097 498 2173 κωδίῳ
524 2111 619 2161 τοῦ
645 2105 957 2185 σχήματος,
998 2104 1129 2163 ἄλλο
1186 2104 1558 2186 φαινομένους,
1612 2103 1744 2169 ἄλλο
1787 2102 1842 2161 δὲ
1884 2103 1978 2161 ὄν-

324 2208 420 2253 τας
453 2190 592 2247 κατὰ
618 2193 712 2248 τὸν
741 2190 846 2250 ’έσω
887 2193 1159 2274 ἄνθρωπον
1194 2211 1208 2225 '
1268 2194 1445 2261 πάσης
1476 2195 1624 2275 τάχα
1677 2192 1975 2275 πεπληρω-

324 2280 514 2356 μένους
585 2282 811 2361 ἀδικίας,
886 2288 1111 2363 μεστοὺς
1183 2285 1369 2361 ζήλου,
1427 2287 1536 2357 (καὶ
1590 2286 1833 2366 ἐριθείας,
1889 2287 1977 2342 καὶ

318 2368 525 2438 ἡδονῶν
595 2371 869 2451 δυσωδίας,
952 2378 1025 2442 ὡς
1110 2377 1334 2441 ἀπαθεῖς
1392 2379 1440 2433 οἱ
1490 2375 1699 2440 πλειους
1754 2377 1843 2433 καὶ
1900 2377 1975 2440 ὥς

323 2460 505 2539 ἁγίους
557 2469 778 2541 τιμῶσι,
852 2466 930 2543 μὴ
1012 2465 1400 2546 κεκαθαρμένον
1459 2464 1677 2546 ἔχοντες
1732 2467 1825 2522 τὸν
1874 2470 1973 2533 τῆς

321 2555 511 2631 ψυχῆς
566 2552 861 2634 ὀφθαλμὸν,
921 2553 1058 2631 μηδὲ
1115 2555 1399 2633 ἐπιγνῶναι
1451 2556 1638 2619 αὐτοὺς
1698 2551 1973 2632 δυνάμενοι

322 2638 386 2695 ἐκ
452 2646 560 2697 τῶν
617 2648 834 2722 καρπῶν
894 2645 1087 2707 αὐτῶν.
1150 2646 1281 2708 Τοὺς
1338 2643 1393 2700 δὲ
1456 2642 1509 2699 ὲν
1566 2641 1830 2719 εῦλαϐείᾳ,
1888 2645 1974 2701 καὶ

326 2727 513 2807 ἀρετῇ,
574 2732 662 2787 καὶ
703 2731 993 2813 ἀφελότητι
1037 2731 1252 2812 καρδίας
1305 2731 1603 2811 διάγοντας,
1651 2736 1741 2791 καὶ
1794 2735 1973 2813 ἁγίους

318 2814 478 2882 ὄντας
509 2825 586 2895 τῷ
615 2818 749 2896 ὄντι,
782 2822 856 2887 ὡς
912 2824 1034 2888 τοὺς
1076 2822 1295 2887 λοιποὺς
1352 2823 1458 2879 τῶν
1514 2822 1801 2903 ἀνθρώπων
1859 2845 1973 2879 πα-

311 2903 704 2985 ραλογίζονται,
782 2913 872 2967 καὶ
942 2918 1389 2991 καταφρονοῦντες
1465 2911 1636 2971 αὐτῶν
1711 2911 1973 2992 παρατρέ-

317 3016 504 3079 χουσι,
534 2998 623 3053 καὶ
652 2999 727 3062 ὡς
762 2997 911 3059 οὐδὲν
939 2999 1260 3079 λογίζονται.

2069 580 2181 644 bus
2210 582 2408 645 verbis
2444 582 2709 665 seducet,
2736 603 2887 648 neve
2912 584 3027 666 ipsi
3055 603 3166 648 nos
3195 586 3571 668 seducamus)
3603 611 3726 656 non

2069 680 2160 732 est
2184 671 2246 733 in
2277 672 2452 734 nobis
2482 673 2767 754 potentia,
2812 692 2925 736 nec
2965 693 3105 737 vera
3145 678 3474 760 poenitudo,
3505 699 3617 743 nec
3643 682 3722 744 ti-

2072 778 2202 822 mor
2244 762 2354 825 Dei
2408 762 2469 824 in
2526 762 2809 824 cordibus
2864 764 3106 839 nostris,
3166 783 3280 827 nec
3332 770 3724 846 cognovimus
3798 836 3808 846 ,

2067 849 2288 933 ipsum,
2316 870 2428 914 nec
2480 851 2663 915 sentit
2717 852 2979 914 futurum
3020 853 3342 934 judicium,
3395 867 3454 918 et
3500 866 3726 925 aeterna

2070 947 2363 1030 tormenta
2390 941 2587 1030 anima
2615 949 2838 1006 nostra.
2871 941 3106 1005 Etenim
3129 943 3182 1005 si
3213 944 3340 1006 haec
3368 945 3479 1008 sibi
3514 967 3723 1030 paras-

2065 1036 2176 1104 set,
2224 1037 2282 1091 et
2309 1029 2373 1091 in
2397 1029 2493 1092 his
2522 1029 2755 1107 fuisset,
2793 1050 2927 1093 mox
2957 1033 3133 1094 etiam
3164 1032 3453 1115 lacrymas
3482 1029 3722 1103 emisis-

2063 1124 2174 1180 set.
2201 1116 2343 1181 Sine
2363 1118 2456 1180 his
2474 1118 2694 1200 quippe
2715 1138 2828 1182 nec
2849 1120 3063 1183 durum
3077 1139 3180 1185 cor
3202 1132 3473 1187 nostrum
3499 1129 3722 1192 molliri

2065 1225 2323 1287 unquam
2356 1216 2568 1288 potest,
2604 1226 2715 1271 nec
2744 1208 2943 1271 anima
2999 1219 3199 1274 nostra
3242 1212 3485 1293 spiritus
3516 1217 3719 1281 humi-

2061 1294 2288 1358 litatem
2319 1296 2642 1378 consequi:
2695 1318 2806 1361 nec
2854 1318 2964 1362 nos
3013 1300 3271 1363 humiles
3319 1302 3593 1370 evadere.
3638 1306 3720 1369 At

2063 1383 2224 1446 enim
2274 1385 2375 1467 qui
2423 1386 2557 1448 talis
2601 1388 2725 1449 noti
2771 1387 2968 1465 fuerit,
3012 1388 3262 1470 Spiritui
3304 1401 3509 1454 sancto
3560 1395 3722 1458 uniri

2064 1474 2310 1554 nequit:
2348 1475 2444 1537 cui
2496 1474 2598 1556 qui
2651 1485 2929 1557 purgatus
2970 1487 3130 1554 ante,
3166 1488 3225 1540 et
3251 1479 3338 1541 sic
3369 1482 3568 1543 unitus
3596 1502 3716 1546 non

2062 1561 2260 1637 fuerit,
2298 1582 2409 1626 nec
2440 1572 2713 1645 spectare
2742 1579 2801 1627 et
2831 1585 3190 1647 cognoscere
3232 1567 3420 1632 Deum
3451 1571 3668 1637 valebit
3695 1593 3710 1635 :

2063 1673 2176 1716 nec
2205 1655 2420 1734 dignus
2449 1664 2560 1734 est,
2601 1656 2703 1737 qui
2761 1658 3044 1739 mj'sticas
3087 1659 3438 1723 humilitatis
3468 1663 3715 1728 virtutes

2063 1742 2349 1807 doceatur
2373 1748 2518 1824 (12).

2151 2011 2245 2076 70.
2288 2012 2552 2077 Virtutes
2586 2014 2957 2094 simulantes,
2992 2023 3051 2079 et
3080 2015 3300 2080 vellere
3327 2018 3570 2099 quidem
3599 2021 3713 2085 ha-

2059 2100 2217 2165 bitus
2238 2101 2396 2165 aliud
2418 2103 2562 2165 foris
2594 2114 2971 2186 apparentes,
2999 2124 3133 2168 cum
3158 2107 3317 2169 aliud
3342 2108 3464 2171 sint
3492 2128 3713 2175 secun-

2058 2192 2200 2255 dum
2230 2191 2576 2255 interiorem
2597 2194 2925 2270 hominem,
2959 2194 3123 2275 pleni
3148 2195 3393 2259 forsitan
3413 2202 3574 2260 omni
3595 2200 3710 2263 ini-

2056 2281 2302 2362 quitate,
2368 2281 2531 2361 pleni
2584 2283 2733 2355 zelo,
2811 2291 2872 2346 et
2925 2284 3329 2362 contentione,
3388 2296 3448 2349 et
3502 2288 3707 2352 faetore

2058 2370 2451 2434 obscenarum
2476 2371 2871 2452 voluptatum:
2896 2372 3088 2451 multi,
3107 2376 3209 2455 qui
3240 2375 3477 2438 oculum
3502 2397 3716 2459 purga-

2061 2468 2185 2522 tum
2207 2479 2324 2522 non
2338 2459 2583 2535 habent,
2596 2480 2707 2524 nec
2721 2480 2790 2523 ex
2813 2461 3105 2524 fructibus
3123 2481 3329 2525 eorum
3353 2464 3489 2527 illos
3500 2486 3718 2547 cogno-

2056 2567 2225 2612 scere
2256 2556 2523 2631 possunt,
2556 2556 2834 2631 tanquam
2880 2550 3028 2612 nulli
3075 2551 3218 2614 vitio
3271 2553 3622 2632 servientes,
3659 2566 3719 2620 et

2055 2647 2290 2701 sanctos
2319 2638 2522 2700 colunt
2551 2640 2988 2721 bonorantque.
3013 2639 3188 2702 Viros
3232 2652 3437 2706 contra
3467 2644 3715 2726 pietate,

2053 2728 2291 2810 virtute,
2337 2727 2716 2809 simplicitate
2765 2729 2964 2791 cordis
3018 2739 3389 2812 praestantes,
3448 2752 3518 2796 ac
3574 2753 3717 2799 vere

2056 2825 2316 2895 sanctos,
2348 2826 2413 2879 ut
2444 2817 2711 2899 vulgares
2727 2818 3129 2895 ludiﬁcantur,
3148 2819 3385 2902 illisque
3415 2822 3716 2905 despectis

2059 2915 2446 2989 prmtereunt.

397 3074 503 3144 oat'.
535 3087 638 3144 Τὸν
683 3085 850 3146 λάλον
906 3091 995 3146 καὶ
1019 3074 1417 3164 ⁷ἐπιδεικτικὸν,
1474 3087 1768 3149 διδακτικὸν
1825 3089 1968 3167 μᾶλ-

2137 3089 2238 3150 7l.
2272 3085 2461 3167 Hujus
2501 3084 2705 3149 mundi
2753 3085 3028 3148 homines
3055 3087 3384 3170 garrulum,
3416 3096 3475 3150 et
3504 3097 3709 3154 osten-

314 3169 430 3259 λον,
465 3176 553 3231 καὶ
581 3172 934 3253 πνευματικὶν
993 3182 1041 3236 οἱ
1096 3189 1326 3239 τοιοῦτοι
1357 3180 1498 3237 εἶναι
1529 3177 1845 3259 λογίζονται,
1880 3182 1973 3237 τὸν

316 3258 373 3317 δὲ
400 3263 675 3334 σιωπηλὸν
703 3270 790 3326 καὶ
816 3270 933 3349 περὶ
962 3268 1281 3350 ἀργολογίαν
1320 3258 1755 3350 ἀκριϐαζόμενον,
1788 3269 1975 3350 ἀγροῖ-

314 3371 410 3408 κον
439 3355 528 3411 καὶ
558 3352 765 3435 ἄφωνον
795 3358 1198 3439 ἀποφαίνονται.

394 3520 501 3608 οβ’.
552 3536 653 3591 Τὸν
705 3535 761 3593 ἐν
820 3538 1081 3614 Πνεύματι
1141 3538 1277 3617 ἁγίῳ
1330 3536 1710 3619 φθεγγόμενον,
1762 3539 1809 3593 οἱ
1839 3512 1980 3613 ἰ)ψηί

311 3616 600 3708 λόφρονες,
655 3628 744 3682 καὶ
798 3628 898 3696 τὴν
952 3616 1313 3708 ὑπερηφανίαν
1346 3616 1355 3619 ⁷
1391 3636 1665 3691 νοσοῦντες
1695 3616 1814 3683 *τοῦ
1871 3625 1981 3682 δια-

307 3704 496 3787 ϐόλου,
551 3714 627 3777 ὡς
684 3714 1028 3797 ὑψηλόφρονα
1054 3704 1171 3773 ⁷καὶ
1217 3718 1554 3797 ὑπερηφανον
1608 3714 1971 3795 ἀποστρέφον-

308 3819 399 3854 ται
431 3813 553 3865 τοῖς
582 3800 764 3881 λόγοις
811 3807 970 3863 αὐτοῦ
1024 3805 1388 3883 πληττόμενοι
1448 3804 1651 3881 μᾶλλον
1708 3804 1744 3872 ἢ
1796 3825 1969 3860 κατα-

301 3889 670 3965 νυσσόμενοι·
745 3897 838 3952 τὸν
923 3894 977 3953 δὲ
1056 3897 1163 3954 ἀπὸ
1248 3894 1474 3975 κοιλίας,
1544 3894 1581 3963 ἢ
1637 3894 1970 3970 μαθημάτων

301 3977 761 4059 πορνολογοῦντα,
826 3987 917 4043 καὶ
970 3980 1068 4054 τῆς
1127 3989 1288 4045 αὐτοῦ
1355 3983 1619 4063 σωτηρίας
1689 3987 1967 4058 καταψευ-

306 4064 558 4143 δόμενον,
620 4073 1024 4154 ὑπερεπαινοῦσι
1081 4077 1172 4133 καὶ
1240 4072 1624 4154 ἀποδέχονται,
1669 4074 1759 4129 καὶ
1799 4071 1966 4136 οὕτως

309 4154 475 4221 οὒδεὶς
506 4158 561 4215 ἐν
590 4176 709 4227 τοῖς
738 4165 994 4229 τοιούτοις
1025 4164 1162 4222 ἐστὶν
1227 4167 1255 4221 ὁ
1300 4162 1479 4226 καλῶς
1522 4164 1611 4220 καὶ
1638 4164 1712 4227 ὡς
1743 4161 1861 4243 ἔχει
1904 4164 1966 4218 τὸ

308 4252 532 4334 πρᾶγμα
561 4248 829 4334 διακρῖναι
873 4256 962 4311 καὶ
990 4253 1122 4312 ἰδεῖν
1152 4252 1460 4330 δυνάμενος.

391 4329 498 4417 ογ’.
539 4364 568 4397 α
601 4329 887 4423 Μακάριοι,
931 4346 1089 4425 φησὶν
1126 4346 1154 4400 ὁ
1206 4329 1360 4420 Θεδς,
1408 4346 1454 4399 οἱ
1483 4342 1699 4421 καθαροὶ
1727 4346 1796 4417 τῇ
1826 4362 1962 4420 καρ-

304 4424 413 4507 δίᾳ,
460 4429 540 4487 ὅτι
570 4433 717 4489 αὐτοὶ
745 4435 837 4490 τὸν
897 4436 1027 4491 Θεὸν
1088 4432 1308 4509 ὄψονται
1340 4449 1354 4465 ⁶
1419 4456 1447 4489 ιι
1494 4431 1724 4510 καθαρὰν
1754 4427 1808 4486 δὲ
1836 4451 1962 4510 καρ-

387 4562 447 4614 ¹8
474 4563 684 4631 Matth.
719 4583 778 4643 v,
813 4568 873 4631 8.
1932 4566 1985 4605 κ

2055 3181 2306 3238 tatorem
2337 3176 2531 3258 potius
2558 3183 2758 3257 aptum
2771 3174 2844 3237 ad
2870 3174 3230 3254 docendum,
3259 3185 3316 3239 et
3339 3178 3709 3260 spiritualem

2055 3283 2187 3328 esse
2216 3266 2596 3329 decernunt:
2637 3263 2862 3327 silentii
2916 3273 3111 3327 autem
3166 3274 3486 3344 amantem,
3549 3269 3710 3331 etab

2056 3353 2245 3417 otioso
2257 3373 2534 3418 sermone
2556 3353 2671 3416 sibi
2692 3352 3014 3434 diligenter
3033 3362 3364 3437 caventem,
3386 3365 3708 3440 agrestem,

2061 3450 2121 3506 et
2146 3452 2378 3507 mutum
2409 3444 2734 3527 appellant.

2147 3535 2245 3597 72.
2280 3538 2640 3616 Loquentem
2670 3532 2732 3595 in
2786 3532 3009 3612 Spiritu
3065 3540 3291 3609 sancto,
3325 3533 3443 3596 alta
3466 3533 3709 3614 sapien-

2064 3629 2175 3701 tes,
2210 3631 2271 3686 et
2295 3624 2589 3686 diabolica
2616 3621 2897 3703 superbia
2941 3622 3300 3704 laborantes,
3352 3630 3417 3684 ut
3467 3622 3584 3684 alta
3607 3640 3707 3684 sa-

2059 3712 2344 3792 pientem,
2371 3721 2429 3775 et
2450 3710 2773 3794 superbum
2797 3719 3161 3785 aversantur,
3189 3709 3385 3773 verbis
3404 3711 3532 3792 ejus
3561 3717 3711 3773 atto.

2052 3801 2161 3864 niti
2201 3803 2410 3882 magis,
2471 3821 2646 3883 quam
2698 3800 3062 3881 compuncti.
3121 3800 3211 3862 Ab
3272 3809 3441 3863 utero
3498 3800 3707 3863 matris

2051 3899 2271 3967 autem,
2307 3900 2409 3954 aut
2440 3910 2511 3954 ex
2538 3889 2876 3973 disciplina,
2909 3897 2967 3951 et
3022 3889 3392 3952 institutione
3452 3891 3707 3953 rotunde

2049 3999 2119 4043 ac
2143 3982 2368 4044 diserte
2425 3982 2794 4062 loquentem,
2856 3987 2916 4041 et
2969 3979 3031 4041 in
3064 3979 3393 4061 perniciem
3440 3979 3706 4060 ipsorum

2050 4071 2464 4152 mentientem,
2497 4069 2748 4131 miriﬁce
2781 4068 3055 4150 probant,
3089 4078 3147 4131 et
3166 4068 3443 4131 laudibus
3465 4075 3704 4130 ornant.

2047 4161 2246 4241 Atque
2276 4163 2353 4223 ita
2382 4156 2592 4222 horum
2647 4158 2843 4220 nullus
2895 4166 3007 4240 est,
3058 4158 3161 4239 qui
3210 4166 3396 4234 recte,
3431 4165 3584 4221 etut
3614 4157 3708 4221 rei

2048 4260 2260 4313 natura
2287 4248 2561 4330 requirit,
2596 4248 2802 4310 videre
2832 4266 2900 4310 ac
2935 4247 3284 4309 discernere
3306 4247 3522 4329 possit.

2124 4338 2226 4402 73.
2256 4363 2283 4395 α
2308 4338 2474 4401 Beati
2495 4337 2716 4400 mundo
2737 4337 2943 4412 corde,
2986 4336 3180 4418 inquit
3218 4336 3526 4412 Dominus,
3550 4353 3701 4417 quo-

2043 4426 2332 4508 niamipsi
2352 4426 2542 4490 Deum
2561 4425 2849 4488 videbunt
2868 4425 2945 4485 18.
2978 4450 3006 4485 n
3033 4427 3141 4488 Ast
3157 4425 3446 4487 mundum
3469 4439 3705 4489 cornon

294 4693 349 4772 is
371 4693 529 4772 colus
550 4704 753 4768 potest,
782 4700 877 4771 qui
918 4699 1083 4772 prius
1119 4697 1357 4772 Spiritui
1397 4703 1598 4772 sancto
1632 4694 1828 4772 unitos
1858 4711 1959 4755 cor
1979 4704 2320 4772 Dtemnent,
2348 4704 2404 4755 et
2438 4696 2497 4772 in
2531 4695 2930 4772 desperatione
2959 4694 3445 4772 absorbehuntur.

298 4765 818 4849 humilefpurum,‘
839 4765 1087 4849 si‘mplex
1123 4765 1432 4849 contritum
1480 4766 1799 4839 laboribus,
1857 4784 1959 4827 su-

298 4836 802 4915 doribusgiiesujs
826 4844 936 4899 sibi
951 4836 1408 4915 "comparaverit.
1444 4860 1466 4891 ι

373 4908 707 4987 (12)_Ed_itio
738 4913 985 4987 Hontani
1024 4908 1271 4987 capitula
1303 4913 1417 4971 duo
1466 4909 1795 4987 interserit:
1834 4911 1962 4987 _Sic-

299 4982 1114 5063 ut_quihdicet_ll_i.syllabas—
1148 4987 1447 5063 colligere,
1505 4983 1577 5038 de
1632 4982 1959 5063 rhetoricis,

300 5059 405 5109 aut
444 5055 856 5131 phiéosophicis
882 5055 1216 5131 'dogmatis.
1266 5055 1437 5131 atque
1474 5055 1774 5131 ρτωρθριέε
1823 5067 1963 5131 μεν-

301 5134 415 5206 rat,
445 5124 784 5206 non_s_ol‘um
831 5124 1288 5203 nihil'prodest:
1340 5124 1441 5184 sed
1471 5124 1682 5206 potius
1721 5124 1963 5206 inchoa-

302 5203 420 5273 tam
450 5198 802 5257 auditionem
843 5194 1150 5273 perpai'um
1178 5214 1401 5273 curare,
1420 5194 1512 5273 _et‘
1531 5210 1598 5254 ea
1644 5194 1962 5273 desciscere

295 5267 470 5354 iacit:
529 5266 1019 5354 propterea'quod
1047 5272 1346 5354 ingenium
1384 5269 1553 5354 eius,
1578 5280 1741 5354 quae
1756 5266 1962 5354 dicun-

292 5347 418 5417 tur,
447 5341 935 5417 _minime_capii_:
984 5345 1060 5403 ita
1116 5341 1225 5417 qui
1275 5341 1579 5417 tironibus,
1632 5348 1687 5395 et
1715 5352 1961 5409 praeser-

290 5412 403 5492 tim
443 5411 839 5492 ignavioribus
880 5415 951 5473 de
995 5411 1345 5492 perfectione
1376 5416 1800 5492 concionem},
1841 5425 1958 5492 non

291 5480 494 5540 solum
514 5498 631 5542 non
664 5485 782 5544 illis
824 5480 1246 5546 commodabit:
1297 5485 1398 5544 sed
1436 5484 1608 5543 etiam
1657 5480 1863 5540 efﬁciet
1901 5491 1963 5542 ut

294 5564 456 5612 retro
511 5561 738 5636 abeant.
797 5558 941 5616 Nam
998 5559 1262 5636 cum_ad_
1310 5555 1547 5636 virtutis
1602 5551 1963 5636 altitudinem

295 5630 682 5702 respexerint,
714 5637 772 5687 et
801 5638 1080 5702 quantum
1110 5632 1183 5689 ab
1212 5629 1338 5702 ejus
1368 5625 1588 5699 fastigio
1603 5625 1792 5682 absint
1812 5627 1964 5698 cogi-

294 5699 571 5774 taverint,
604 5709 661 5758 et
698 5715 760 5759 se
788 5699 861 5759 ad
890 5702 1017 5774 ejus
1045 5699 1620 5774 culmenascendere
1648 5710 1766 5756 non
1793 5710 1963 5768 posse

208 5834 217 5837 ν
292 5771 606 5829 statuerint
638 5787 653 5828 :
696 5780 753 5832 et
802 5771 935 5846 quae
977 5773 1365 5847 particulatim
1395 5777 1707 5843 coeperant,
1735 5783 1800 5827 ea
1828 5782 1962 5828 con-

2111 4771 2255 4827 Cum
2283 4766 2347 4838 ii,
2380 4767 2587 4840 quibus
2616 4766 2817 4840 adhuc
2865 4776 3054 4825 motus
3101 4766 3288 4824 vitiosi
3321 4768 3606 4840 i_mpera_nt
3634 4779 3703 4822 ac

2042 4835 2433 4905 dominantur,
2494 4839 2738 4897 audiunt
2793 4836 3083 4896 hominem
3135 4835 3454 4895 secundum
3514 4835 3702 4893 Deum

2084 4913 2360 4969 ertectum
2424 4910 2630 4982 quovis
2706 4908 2960 4982 homine,
3024 4909 3231 4982 quavis
3279 4907 3573 4982 animapte
3634 4921 3704 4965 ac

2084 4926 2360 4969 enectum
2424 4926 2630 4982 quoius
2706 4926 2960 4975 nomine,
3024 4926 3226 4981 quavrs
3279 4926 3573 4964 animante
3634 4926 3703 4965 ac

2044 4926 2236 5060 Bellua
2267 4998 2330 5040 se
2358 4982 2802 5060 immundiorem
2825 4980 3110 5060 judicare,
3128 4979 3410 5037 dedecore
3425 4976 3703 5060 _aﬁ‘ectum

2046 5055 2327 5132 gaudere,
2355 5053 2622 5132 maledtct
2645 5069 2673 5110 s
2693 5055 3016 5132 appetitum
3047 5054 3193 5132 bene
3220 5053 3461 5132 precari,
3504 5063 3705 5132 perse-

2045 5120 2335 5184 cutionem
2382 5127 2630 5197 perpeti,
2660 5120 3051 5196 pro‘inimicis
3078 5120 3369 5197 suisjcum
3405 5120 3699 5197 lacrymis,

2043 5207 2117 5274 et
2136 5198 2334 5255 dolore
2360 5193 2552 5255 cordis
2588 5193 2772 5274 Deum
2800 5210 3014 5274 rogare
3048 5193 3407 5274 suppliciter,
3449 5195 3700 5274 primum

2042 5268 2215 5326 ﬁdem
2262 5283 2415 5347 non_
2428 5263 3027 5347 accommodant'sibi
3063 5263 3194 5347 illos
3244 5263 3463 5347 similes
3489 5263 3701 5347 lacere

2043 5350 2337 5399 conantes.
2377 5340 2595 5397 Deinde
2648 5357 2678 5397 a
2737 5340 2948 5397 divinis
2993 5339 3304 5409 Scripturis
3356 5336 3607 5402 refutati,
3646 5344 3704 5394 et

2042 5426 2075 5469 a
2114 5413 2349 5492 sanctis,
2380 5412 2479 5483 qui
2520 5413 2866 5492 haecopere,
2898 5411 3060 5469 factis
3087 5408 3209 5467 suis
3237 5408 3704 5492 demonstrarunt

2043 5484 2228 5542 eversi
2282 5499 2371 5555 ac,
2398 5480 2856 5555 prostratifnon
2897 5496 3166 5555 posse_se
3203 5480 3292 5555 ad
3322 5481 3427 5555 ista
3484 5480 3704 5551 pertin-

2047 5569 2181 5627 gere
2233 5552 2597 5613 conﬁtentur.
2639 5556 2750 5614 Sed
2796 5552 2930 5627 cum
2977 5553 3239 5627 audiunt,
3280 5552 3372 5609 his
3405 5564 3527 5627 non
3556 5564 3707 5621 prae-

2045 5622 2217 5699 stitis,
2249 5642 2312 5684 se
2358 5640 2726 5699 nequaquam
2775 5624 3191 5699 satvatumiri,
3236 5633 3358 5683 tum
3406 5622 3578 5699 plane
3604 5635 3707 5679 no-

2043 5696 2228 5757 lentes
2256 5696 2616 5759 vitiositatem
2651 5712 2818 5756 suam
2860 5696 3220 5761 exscindere,
3269 5705 3326 5753 et
3371 5696 3447 5752 ob
3474 5701 3704 5765 peccata

2044 5770 2350 5829 commissa
2403 5768 2808 5842 pmnitentlam
2843 5783 3035 5842 agere,
3075 5782 3140 5827 se
3174 5768 3333 5840 ipsos
3378 5765 3699 5837 desperant.
