4120 6390
406 365 527 431 643

1696 362 2082 430 SYMEONIS
2120 363 2348 429 IUNIO
2360 365 2488 428 RIS

3670 360 3793 424 644

370 515 489 560 una
517 497 722 571 virtus,
777 515 899 559 non
957 495 1110 572 duae,
1171 513 1287 557 non
1348 495 1561 558 decem
1591 505 2023 560 consueverunt

2113 497 2247 575 δεῖν,
2281 500 2404 579 οὖχὶ
2447 498 2542 573 μία
2595 496 2782 579 ἀρετὴ,
2843 497 2957 558 οὐδὲ
3011 496 3136 573 δύω,
3191 496 3310 555 οὒδὲ
3367 495 3493 555 δέκα
3544 497 3783 578 πεφύκα-

371 587 702 667 absolvere,
735 588 840 649 sed
871 604 1101 661 omnes,
1165 592 1228 646 ut
1273 584 1530 646 breviter
1587 585 1809 659 dicam,
1864 588 2023 649 velut

373 696 512 751 una,
573 695 760 757 eaque
817 675 893 736 ad
949 693 1240 737 summam
1289 675 1715 755 perfectionem
1765 678 2017 741 exculta.

375 769 791 828 Verumtamen
823 783 897 826 ne
925 766 1010 826 sic
1039 765 1279 843 quidem
1332 782 1437 843 per
1468 782 1554 837 se,
1590 783 1656 824 ac
1689 764 1837 837 sola,
1875 765 2022 826 citra

373 853 772 935 praesentiam,
808 863 866 914 et
894 853 1187 915 actionem
1249 851 1505 932 Spiritus
1567 853 1756 914 sancti
1785 853 1842 914 id
1878 874 2022 934 pos-

369 952 526 1006 sunt.
551 942 1061 1016 Quemadmodum
1081 960 1334 1022 namque
1361 941 1526 1003 faber
1546 942 1806 1020 .‘terarius
1837 951 2020 1006 artem

369 1051 539 1094 suam
573 1050 678 1112 per
709 1036 1097 1093 instrumenta
1144 1031 1422 1104 ostendit,
1479 1031 1626 1092 citra
1674 1033 1790 1093 vim
1825 1041 2019 1095 autem

374 1130 432 1183 et
463 1122 759 1183 actionem
793 1120 942 1199 ignis
974 1139 1120 1200 opus
1155 1120 1382 1181 nullum
1437 1119 1657 1182 efficit:
1714 1121 1792 1182 ita
1844 1122 2020 1183 etiam

370 1213 550 1274 homo
602 1211 737 1271 facit
783 1210 1004 1286 omnia,
1040 1216 1099 1270 et
1126 1209 1441 1270 virtutibus
1481 1216 1759 1290 tanquam
1793 1210 2018 1271 instru-

372 1299 587 1361 mentis
602 1299 804 1362 utitur.
826 1297 1226 1359 Nihilominus
1249 1299 1362 1359 nisi
1388 1297 1539 1377 ignis
1562 1298 1884 1378 spiritualis
1908 1300 2019 1361 atl-

369 1388 467 1469 sit,
499 1389 892 1450 instrumenta
921 1387 1001 1449 illi
1039 1387 1188 1448 nihil
1246 1387 1609 1450 efﬁcacitatis
1641 1396 1714 1449 et'
1755 1388 2018 1451 utilitatis

371 1477 628 1540 habent:
663 1476 1146 1558 quandoquidem
1176 1477 1392 1538 animm
1438 1479 1673 1552 sordes,
1709 1484 1767 1539 et
1796 1478 2026 1540 saniem

376 1585 497 1628 non
530 1566 880 1647 abstergunt
913 1565 1065 1647 (13).

2105 611 2183 645 σιν
2217 587 2476 666 ἐκπλεῖν⁷
2511 585 2647 643 ἀλλᾶ
2702 594 2865 643 πᾶςκι
2903 591 3035 663 δε).οό
3081 589 3154 652 ὡς
3217 590 3418 670 εἰπεῖν,
3477 589 3633 644 οἱονεὶ
3675 587 3772 661 μία

2103 699 2182 741 τις
2254 677 2406 755 οὖσι,
2479 677 2566 732 καὶ
2625 678 2698 739 εἷς
2755 673 2913 755 ἄκρον
2972 681 3365 757 κκτορθωθεϊσκ
3405 697 3418 711 ·
3501 679 3589 733 καὶ
3657 672 3773 732 οὒδὲ

2103 764 2240 821 ὤεα)
2298 766 2527 844 κκθκρὲν
2581 764 2679 831 τὴν
2733 763 2948 844 κιρδίαν
3008 765 3165 840 μόναι
3235 771 3458 835 ποιῆσαι
3502 763 3769 842 δύνκνται,

2105 853 2230 935 δῖχχ
2288 860 2386 922 τῆς
2446 855 2708 934 ἐνεργείας
2752 857 2840 911 καὶ
2898 857 3191 934 πχρουσίπς
3251 862 3344 912 τοῦ
3402 855 3551 933 ἁγίου
3595 853 3768 909 Πνεύ-

2107 966 2296 1018 μχτος.
2336 945 2576 1023 Κκθέπερ
2620 945 2720 1023 γὰρ
2750 946 2778 1000 ὁ
2809 943 3066 1024 χαλκεὺς,
3121 945 3222 1012 τὴν
3290 944 3388 1020 μὲν
3432 943 3634 1023 τέχνην
3689 939 3775 996 διὰ

2105 1039 2209 1088 τῶν
2262 1032 2545 1111 ἐργκλείων
2602 1035 2759 1090 αὒτοῦ
2812 1031 3189 1113 ἐπιδείκνυτεςλιι²
3243 1031 3372 1112 δίχα
3430 1030 3485 1088 δὲ
3539 1037 3638 1098 τῆς
3681 1035 3773 1085 τοῦ

2108 1121 2266 1198 mpii;
2336 1120 2598 1199 ἐνεργείας
2659 1119 2805 1177 οὒδέν
2860 1119 3000 1184 ὅλως
3059 1122 3465 1178 κατασκευάσαι
3537 1121 3609 1182 εἷς
3682 1117 3774 1198 ἔρ-

2103 1231 2196 1285 γον
2239 1206 2474 1280 δύνχτκι,
2550 1209 2688 1267 οῗτω
2744 1208 2808 1277 δὴ
2873 1212 2962 1266 καὶ
3017 1213 3045 1266 ὁ
3107 1209 3386 1290 ἅνθρωπος
3443 1209 3614 1266 πάντκ
3675 1208 3771 1284 μὲν

2102 1310 2274 1369 ποιεῖ,
2317 1300 2406 1354 xxi
2461 1300 2534 1362 ὡς
2596 1297 2849 1378 ἐργαλεῖα
2909 1304 3110 1379 χρῆται
3176 1313 3301 1364 ταῖς
3361 1299 3603 1378 ἀρεταῖς,
3648 1295 3770 1352 ἄνευ

2101 1383 2156 1440 δὲ
2199 1395 2296 1452 τῆς
2337 1393 2429 1443 τοῦ
2479 1395 2834 1462 πνευματικοῦ
2893 1391 3056 1468 πυρὸς
3113 1387 3400 1465 παρουσίας
3445 1387 3767 1466 ἀνενέργητα

2110 1474 2254 1548 μένει
2286 1477 2369 1531 καὶ
2402 1475 2672 1556 ἀνωιρελῆ,
2706 1478 2797 1532 τὸν
2840 1477 3001 1554 ῥύπον
3045 1479 3132 1533 xvi
3164 1479 3255 1534 τὸν
3285 1478 3458 1557 ἰχῶρα
3484 1478 3562 1552 μὴ
3591 1475 3772 1533 καθαί-

2113 1585 2277 1642 ροντα
2309 1570 2406 1631 τῆς
2440 1569 2654 1645 ψυχῆς.

452 1743 564 1814 (13)
599 1725 907 1816 Sequentia
946 1745 1183 1816 insuper
1211 1743 1482 1816 leguntur
1514 1745 1569 1800 in
1601 1743 1849 1803 editione
1889 1743 2287 1816 Pen-Erebus
2350 1743 2496 1800 afﬁci
2521 1758 2534 1798 :
2562 1815 2570 1816 ί
2594 1742 2964 1815 quantumvis
3029 1743 3286 1814 corporis
3334 1740 3771 1800 necessitatibus

379 1818 526 1872 lani:
563 1835 588 1868 ‹
632 1815 740 1872 Ubi
769 1815 1050 1886 profunda
1103 1815 1416 1886 humilitas,
1463 1815 1541 1872 ibi
1572 1826 1626 1872 et
1654 1815 2032 1886 lacrymarum

378 1887 725 1944 abundantia
754 1885 1061 1952 :iubibaec,
1094 1885 1172 1941 ibi
1197 1897 1253 1942 et
1290 1887 1586 1957 praesentia
1631 1885 1809 1944 sancti
1850 1896 1904 1944 et
1943 1888 2036 1944 ad-

380 1959 580 2016 orandi
613 1957 875 2027 Spiritus,
911 1958 1063 2014 unde
1095 1959 1308 2026 puritas
1329 1959 1535 2022 omnis.
1571 1965 1625 2015 et
1657 1960 2033 2016 sanctimonia

377 2028 717 2102 conciliatur
766 2029 815 2084 ei
873 2029 932 2085 in
962 2039 1104 2102 _quo
1151 2028 1199 2085 is
1247 2038 1540 2102 operatur,
1591 2029 1927 2102 videturque
1965 2031 2036 2086 ab

379 2101 580 2172 eodem
611 2100 780 2164 Deus,
815 2109 869 2157 et
893 2100 1037 2156 videt
1068 2101 1256 2171 ipsum
1290 2103 1440 2158 Deus
1466 2117 1480 2156 :
1512 2101 1688 2172 Super
1714 2100 1872 2172 quem
1889 2103 2036 2158 enim

375 2171 688 2243 respiciam,
728 2173 932 2242 inquit.
965 2173 1076 2228 nisi
1103 2171 1944 2246 superihumilem,’et_rjuietum
1985 2178 2035 2230 et

380 2247 698 2298 trementem
721 2258 994 2299 sermones
1024 2243 1226 2300 meos?
1257 2245 1394 2308 (Isa.
1433 2255 1590 2311 LXVI,
1622 2244 1700 2311 2.)

459 2335 482 2364 ¢
523 2314 989 2388 Perturbationes
1046 2314 1384 2388 etiafi‘ectus
1441 2329 1574 2371 cum
1623 2314 1756 2388 vitio
1796 2315 2034 2388 conjun-

378 2393 501 2441 ctos
531 2385 817 2456 debellare
847 2385 1076 2456 quidem
1119 2387 1292 2444 homo
1339 2393 1541 2456 potest,
1597 2385 1935 2456 exstirpare,
1967 2395 2021 2444 et

375 2455 644 2513 radicitus
699 2455 942 2514 evellere
997 2471 1108 2513 non
1159 2455 1358 2527 potest:
1422 2457 1490 2514 Et
1538 2471 1668 2514 cum
1721 2455 1852 2513 mali
1902 2473 2016 2515 non

379 2528 767 2601 committendi
816 2537 1143 2601 potestatem
1191 2529 1488 2600 acceperit.
1536 2538 1725 2601 tamen
1773 2529 2017 2601 ejusdem

378 2599 547 2655 etiam
604 2600 1050 2671 nonicogitandi
1100 2601 1252 2657 haud
1287 2599 1523 2670 accepit.
1573 2599 1814 2656 Pietatis
1849 2615 2018 2671 porro

379 2677 464 2726 est
509 2683 626 2726 non
670 2670 858 2726 solum
896 2671 1043 2727 bona
1093 2671 1294 2731 facere.
1355 2673 1456 2727 sed
1495 2671 1662 2728 etiam
1710 2670 1858 2728 mala
1904 2685 2018 2728 non

375 2741 646 2810 cogitare.
695 2740 800 2806 Qui
837 2741 1011 2811 igitur
1061 2741 1207 2797 mala
1256 2744 1484 2812 cogitat,
1525 2756 1623 2798 cor
1663 2755 1869 2811 purum
1899 2757 2026 2812 pos-

376 2812 562 2893 sidere
608 2814 827 2893 nequit,
869 2827 1001 2868 cum
1051 2813 1110 2868 id
1160 2814 1292 2870 inde
1337 2828 1440 2870 ceu
1498 2814 1793 2884 speculum
1846 2830 1877 2871 ει
1909 2813 2025 2871 Ιιιῑο

375 2891 731 2954 inquinetur.

460 2951 482 3002 ἒ
522 2951 716 3009 Cordis
745 2955 1046 3022 puritatem
1078 2955 1226 3011 hanc
1272 2969 1398 3011 esse
1448 2953 1732 3016 existimo.
1789 2969 1904 3013 non
1936 2971 2032 3012 so-

377 3022 498 3079 lum
555 3040 583 3080 a
641 3025 802 3081 nullo
862 3025 1065 3084 affectu
1121 3026 1440 3083 concitari:
1498 3025 1598 3082 sed
1664 3028 1832 3083 etiam
1885 3027 2029 3083 nihil

379 3095 728 3168 improbum,
775 3105 873 3155 aut
927 3097 998 3155 ad
1052 3098 1226 3154 vitam
1286 3099 1433 3154 hanc
1491 3097 1781 3168 pertinens
1835 3101 2087 3166 animoc

377 3165 624 3236 volvere,
692 3168 910 3238 quoties
959 3168 1281 3240 placuerit:
1358 3165 1651 3239 solamque
1717 3169 1820 3226 Dei
1892 3183 2025 3226 cum

377 3251 572 3294 amore
630 3240 910 3297 immenso
967 3254 1308 3297 conversare
1360 3241 1695 3296 memoriam
1767 3241 1907 3298 Nam
1967 3243 2023 3298 in

376 3323 521 3378 puro
577 3308 793 3367 lumine
840 3325 980 3382 pure
1038 3312 1217 3368 Deum
1273 3311 1474 3368 oculus
1534 3311 1698 3379 videt,
1748 3327 1879 3368 cum
1935 3313 2025 3369 in-

376 3389 460 3437 ter
488 3391 781 3451 aspectum
825 3383 1012 3452 illum,
1045 3391 1100 3440 et
1129 3383 1306 3441 Deum
1335 3382 1478 3439 nihil
1508 3382 1666 3440 aliud
1692 3398 1816 3441 sese
1845 3384 2024 3442 inter-

371 3460 571 3522 ponat.

449 3552 473 3583 ε
506 3532 625 3590 Hoc
655 3547 759 3605 ego
788 3525 1040 3583 ἀπάθειαν
1089 3549 1213 3593 esse
1264 3534 1506 3601 afﬁrmo,
1558 3548 1667 3592 non
1720 3534 1889 3591 modo
1919 3535 2020 3592 ab-

373 3603 608 3679 horrere
664 3603 713 3662 θ’
734 3605 936 3679 factis,
999 3605 1070 3663 ad
1125 3622 1251 3679 quae
1309 3605 1603 3679 affectibus
1642 3605 2010 3679 impellimur,

373 3675 472 3730 sed
503 3677 668 3748 etiam
700 3676 770 3732 ab
805 3692 1001 3733 eorum
1033 3675 1491 3748 coni-.upiscentia
1536 3675 1795 3739 alienari.
1837 3687 1892 3734 et
1930 3679 2016 3734 in-

373 3760 546 3814 super
576 3747 646 3803 ab
677 3748 1008 3820 eorumdem
1038 3747 1378 3820 cogitatione
1397 3763 1625 3820 quoque
1655 3748 1857 3804 nudari
1890 3751 2015 3805 ani-

375 3831 532 3890 mum
569 3833 581 3873 :
634 3827 691 3874 ut
725 3833 854 3874 cum
895 3818 1180 3888 volumus,
1211 3834 1382 3890 supra
1415 3818 1589 3875 caelos
1623 3820 1822 3880 simus.
1856 3830 2014 3877 extra

375 3889 566 3961 omnia
643 3903 769 3959 quae
841 3891 1226 3960 aspiciuntur,
1290 3889 1765 3961 ’sentienturque,
1843 3891 2016 3949 veluti

377 3958 588 4015 clausis
643 3958 853 4016 nostris
908 3958 1218 4030 sensibus,‘
1251 3969 1305 4018 et
1375 3962 1567 4018 animo
1638 3958 1836 4018 adea
1893 3977 2020 4033 quae

375 4043 611 4086 sensum
639 4038 930 4105 superant,
961 4033 1338 4105 ingrediente,
1381 4035 1645 4105 virtutem
1692 4047 1793 4105 seu
1845 4033 2016 4089 facul-

371 4107 552 4226 ftatetzn
585 4103 867 4159 sentiendi
897 4103 1379 4175 quemadmodum
1428 4103 1548 4160 alas
1601 4103 1788 4175 aquila
1825 4119 2020 4162 secum

392 4185 526 4226 eren
557 4187 605 4226 e.

392 4182 605 4229 erente.

455 4263 479 4294 α
517 4243 673 4301 Mens
721 4245 936 4316 absque
983 4247 1248 4304 sensibus
1305 4246 1556 4304 actiones
1603 4253 1660 4303 et
1701 4247 2021 4305 functiones

375 4329 652 4390 sriztsnon
683 4318 863 4374 exerit
889 4337 900 4369 :
953 4332 1061 4374 nec
1089 4319 1206 4376 ullo
1237 4319 1406 4376 modo
1437 4318 1653 4390 absque
1682 4328 1872 4376 mente
1900 4319 2020 4376 suis

375 4385 576 4458 oﬁiciis
607 4387 922 4458 funguntur
951 4404 1173 4446 sensus.

452 4457 655 4532 q-Illud
687 4457 790 4524 est,
823 4477 884 4517 ac
931 4461 1138 4518 dicitur
1187 4476 1287 4519 cor
1323 4461 1626 4524 mundum,
1675 4459 1828 4532 quod
1867 4461 1926 4517 in
1959 4475 2020 4518 se

371 4529 594 4604 nullam
619 4545 815 4604 rerum
865 4533 1262 4602 temporalium
1317 4526 1738 4604 cogitationem,
1779 4541 1875 4588 aut
1921 4526 2084 4590 rav-D

375 4601 804 4676 tiocinationem
863 4601 1075 4676 cernit:
1135 4601 1411 4676 quodque
1447 4605 1565 4661 Deo
1614 4605 1694 4676 sic
1747 4605 2018 4674 adhaeret,

374 4673 541 4747 et_sic
569 4687 700 4729 cum
731 4689 797 4730 eo
837 4675 1061 4747 unitum
1086 4673 1189 4741 est,
1223 4685 1285 4733 ut
1310 4673 1498 4747 neque
1532 4673 2022 4747 molostorum,gac

375 4742 635 4819 tristium,
688 4760 883 4819 neque
949 4746 1232 4817 lmtorum,
1285 4742 1794 4819 jucundorumque
1850 4745 2021 4819 hujns

372 4814 502 4887 vitae
531 4814 854 4887 meminerit
889 4833 901 4874 :
954 4832 1151 4875 verum
1195 4814 1268 4876 ita
1287 4814 1455 4881 'vivit,
1490 4829 1550 4876 ut
1579 4814 2021 4887 contemplando

372 4884 432 4960 in
463 4886 703 4960 tertium,
739 4888 968 4955 ccelum,
1016 4905 1079 4946 ac
1124 4890 1452 4960 paradisum
1498 4889 1773 4958 rapiatur,
1811 4884 1882 4945 iet
1929 4904 2022 4945 ar-

371 4953 663 5038 rhabonas
693 4953 976 5038 bonerum
1007 4953 1216 5038 sanctis
1261 4953 1679 5038 promissorum
1709 4961 2018 5027 intueatur,

372 5032 611 5104 ipsaque
666 5032 1008 5104 sempiterna
1060 5033 1208 5090 bona
1257 5033 1390 5089 inde
1439 5049 1542 5104 pro
1590 5040 1761 5104 captu
1803 5040 2024 5088 natura;

374 5099 643 5182 humanm
663 5099 949 5182 conjiciat.
981 5104 1162 5175 Atque
1193 5104 1345 5161 istud
1376 5099 1796 5182 mundicordis
1827 5117 2022 5182 verum

375 5174 624 5243 signum.
660 5186 728 5230 ac
759 5174 1166 5232 documentum
1197 5187 1417 5233 certum
1445 5185 1548 5242 est,
1579 5177 1637 5233 in
1667 5189 1782 5245 quo
1811 5174 1940 5245 quis
1970 5185 2026 5245 et

375 5257 704 5321 mensuram
737 5247 1377 5321 munditieigcognoscit,
1411 5259 1464 5306 et
1492 5249 1656 5321 quasi
1686 5243 1744 5303 in
1792 5243 2024 5316 speculo

377 5317 746 5389 semetipsum
777 5317 1212 5389 contemplatur.

449 5406 474 5439 ‹
509 5387 616 5454 Qui
657 5396 816 5445 extra
848 5387 1080 5447 domum
1126 5399 1227 5454 est.
1277 5393 1432 5450 intus
1487 5390 1738 5449 inclusos
1788 5403 1907 5447 non
1937 5389 2021 5445 vi-

371 5455 464 5513 det
497 5460 918 5533 :__sic__mundo
952 5462 1281 5529 crucifixus,
1331 5472 1428 5522 aut
1483 5472 1766 5533 mortuus,
1826 5475 2020 5520 rerum

372 5528 570 5585 mundi
601 5531 746 5586 nihil
779 5532 967 5590 sentit.

453 5621 474 5649 ι
527 5601 596 5682 fit
643 5615 853 5672 corpus
911 5604 1167 5682 exanime
1208 5620 1316 5682 nec
1357 5605 1430 5664 ad
1474 5606 1750 5682 viventia,
1787 5621 1897 5664 nec
1950 5607 2022 5682 ad

373 5676 876 5755 exanimasecum
918 5676 1164 5755 iacentia
1214 5679 1332 5755 ullo
1381 5693 1554 5734 sensu
1595 5678 1888 5755 iungitur:
1936 5681 2022 5736 sic

374 5747 474 5812 qui
503 5747 710 5814 spiritu
737 5759 769 5802 e
798 5747 1014 5804 mundo
1043 5749 1305 5810 excessit.
1341 5757 1396 5806 et
1436 5763 1571 5806 cum
1601 5747 1727 5808 Deo
1757 5758 1859 5815 est,
1901 5764 2021 5808 non

373 5819 559 5884 potest
609 5827 846 5874 sensum
898 5817 1148 5889 aliquem
1201 5820 1401 5880 mundi
1456 5821 1687 5886 habere,
1748 5828 1850 5881 aut
1895 5821 2021 5892 ejus

2120 1815 2257 1872 satis
2287 1824 2522 1897 cogatur
2551 1815 2754 1897 facere.

2194 1905 2218 1939 ‹
2279 1886 2485 1943 Anima
2541 1895 2671 1944 ante
2719 1893 2957 1943 mortem
3009 1886 3273 1956 moritur,
3315 1892 3370 1942 et
3406 1891 3536 1941 ante
3572 1896 3769 1940 resur-

2118 1956 2428 2037 rectionem
2459 1971 2764 2037 c_orporu_r_n
2792 1957 3062 2037 resurgit,
3113 1971 3305 2028 opere,
3335 1957 3563 2037 virtnte,
3594 1968 3769 2024 expe-

2118 2029 2346 2098 rientia,
2386 2026 2639 2086 veritate.
2689 2027 2908 2088 Mortali
2959 2026 3169 2099 quippe
3215 2026 3389 2085 sensu
3435 2026 3506 2083 ab
3539 2026 3768 2099 immor-

2118 2099 2214 2172 tali
2248 2096 2436 2157 mente
2466 2099 2784 2172 proﬂigato,
2816 2107 2870 2157 et
2900 2096 3240 2157 mortalitate
3276 2100 3459 2172 avita
3505 2096 3763 2167 expulsa.

2116 2171 2307 2229 anima
2357 2172 2509 2229 velut
2554 2187 2586 2228 θ
2633 2171 2869 2230 mortuis
2915 2174 3214 2237 exsistens,
3265 2171 3512 2240 seipsam
3559 2182 3770 2225 conve-

2115 2242 2341 2320 nienter
2370 2243 2519 2320 videt
2547 2246 2752 2315 (utqui
2798 2258 2830 2300 e
2872 2256 3074 2320 somno
3119 2249 3516 2320 surrexerunt,
3549 2253 3768 2320 seipsos

2114 2314 2328 2383 vident)
2359 2317 2573 2386 quique
2611 2314 2736 2372 eam
2790 2316 3156 2386 exsuscitavit
3203 2314 3386 2370 Deum
3431 2314 3763 2386 cognoscit:

2113 2399 2284 2457 quem
2315 2385 2680 2457 perspiciens,
2721 2395 2778 2442 et
2804 2385 2959 2457 velut
3003 2385 3211 2456 gratias
3249 2398 3447 2456 agens,
3496 2399 3529 2440 a
3575 2385 3768 2457 sensi-

2103 2453 2242 2537 bus;
2274 2453 2539 2537 _to_toque_
2585 2453 2799 2537 mundo
2851 2453 3191 2537 alienatur,‘
3221 2453 3506 2526 voluptate
3547 2453 3766 2537 repleta

2101 2526 2394 2599 ineffabili,
2432 2523 2488 2585 et
2526 2528 2584 2584 in
2612 2529 2736 2598 ipso
2783 2542 3014 2586 omnem
3059 2523 3374 2586 motionem
3393 2539 3558 2584 suam
3585 2525 3704 2584 inte
3725 2523 3768 2580 l-

2106 2596 2416 2657 lectualem
2457 2596 2768 2671 componit.

2187 2727 2209 2758 ι
2246 2707 2521 2774 Quaedam
2567 2723 2597 2764 a
2645 2707 2809 2764 nobis
2847 2705 3240 2774 conferuntur,
3291 2703 3552 2775 quaedam
3596 2703 3767 2760 nobis

2109 2777 2334 2835 cmlitus
2389 2795 2419 2836 a
2461 2779 2578 2835 Deo
2625 2777 3079 2849 suppeditantur.
3130 2776 3420 2844 Quantum
3468 2775 3622 2832 enim
3663 2788 3767 2844 per

2110 2863 2303 2920 sacros
2343 2849 2569 2907 labores
2608 2865 2674 2905 ac
2720 2849 2957 2906 sudores
3012 2861 3344 2920 purgamur,
3393 2854 3612 2904 tantum
3665 2859 3767 2916 per

2112 2919 2307 2976 lumen
2345 2922 2803 2991 compunctionis
2832 2919 3287 2991 splendescitmus
3314 2933 3330 2986 ;
3357 2990 3361 2991 ν
3385 2927 3439 2974 et
3483 2925 3764 2988 quantum

2114 2991 2333 3048 lumine
2361 2990 2840 3063 splendescimus,
2865 2990 3101 3049 tantum
3131 2990 3399 3061 lacrymis
3425 3002 3764 3063 purgamur,

2113 3077 2359 3132 quorum
2390 3060 2533 3121 illud
2563 3071 2785 3134 sponte,
2818 3060 2885 3120 ac
2928 3078 3031 3133 per
3067 3077 3174 3119 nos
3214 3060 3621 3131 impendimus,
3653 3060 3765 3117 hoc

2114 3135 2364 3206 vicissim
2396 3134 2640 3206 desuper
2668 3135 2860 3192 datum
2891 3135 3220 3206 recipimus.

2185 3225 2208 3255 «
2255 3205 2411 3264 Multi
2468 3205 2570 3264 sua
2616 3205 3020 3276 conferentes,
3048 3205 3239 3262 divina
3282 3216 3450 3276 morg
3489 3209 3761 3259 consueto

2108 3290 2224 3354 non
2255 3278 2558 3354 recipiunt,
2607 3278 2761 3354 quod
2806 3274 3083 3354 exemplis
3124 3277 3259 3334 Cain
3309 3283 3364 3332 et
3408 3274 3564 3354 Esan
3590 3281 3760 3354 patet.

2105 3347 2224 3405 Nisi
2258 3345 2411 3405 enim
2468 3345 2596 3421 quis
2625 3345 2993 3421 'cogitatione'
3021 3356 3199 3421 recta,
3228 3362 3330 3404 seu
3368 3345 3609 3403 consilio
3639 3347 3766 3401 sin-

2105 3430 2355 3500 cero,__et
2384 3418 2741 3500 pio—affectu;
2767 3430 2827 3500 et
2863 3420 3082 3500 arﬁdenti
3127 3418 3259 3488 ﬁde,
3291 3425 3364 3500 _et
3392 3431 3599 3487 magna
3628 3428 3763 3473 cum

2104 3491 2428 3549 humilitate
2456 3507 2559 3549 sua
2588 3491 2878 3560 obtulerit,
2911 3491 3058 3548 Deus
3085 3504 3259 3561 super
3287 3491 3479 3561 ipsum
3507 3501 3765 3561 nonres-

2105 3562 2291 3632 piciet,
2324 3577 2433 3621 nec
2461 3563 2646 3620 oblata
2680 3558 2972 3633 suscipiet.
3016 3562 3135 3620 Hoc
3158 3558 3276 3618 nisi
3315 3560 3435 3631 fiat,
3468 3573 3575 3617 nec
3604 3558 3760 3616 Deus

2103 3636 2359 3692 vicissim
2388 3649 2492 3692 sua
2524 3634 2607 3690 sic
2636 3633 2894 3692 offerenti
2925 3634 3267 3691 contribuet.

2173 3724 2198 3759 ‹
2227 3707 2476 3764 Mortuus
2506 3714 2592 3764 est
2622 3704 2892 3776 mundus,
2940 3715 2995 3762 et
3041 3704 3140 3776 qui
3191 3702 3388 3762 mundi
3437 3710 3589 3773 sunt,
3623 3715 3759 3776 san-

2099 3776 2207 3847 ctis
2261 3777 2656 3834 adversantur.
2727 3774 2882 3833 Hinc
2929 3774 3184 3847 ipsorum
3231 3776 3372 3832 bona
3440 3789 3626 3847 opera
3673 3774 3762 3829 vi-

2099 3845 2298 3905 dentes
2343 3863 2459 3905 non
2515 3847 2742 3912 vident;
2797 3857 2854 3904 et
2899 3844 2968 3904 in
3010 3849 3228 3917 Spiritu
3278 3844 3762 3915 sancto’prolatos

2100 3933 2298 3976 eorum
2349 3934 2644 3998 sermones
2699 3919 2924 3998 divinos
2981 3919 3298 3998 audientes,
3360 3931 3762 3998 prorsushne-

2105 3999 2322 4062 queunt
2349 3992 2686 4062 intelligere.
2735 3990 2961 4054 Contra,
3012 4005 3118 4047 nec
3159 3991 3254 4062 qui
3302 3997 3438 4046 sunt
3483 3990 3759 4058 spiritua-

2107 4060 2211 4126 les,
2268 4063 2484 4118 mundo
2524 4060 2867 4132 deditorum,
2917 4060 3428 4133 improborumque
3488 4073 3758 4133 perversa

2107 4147 2279 4202 opera
2315 4133 2505 4190 videre
2534 4131 2856 4197 sustinent,
2879 4131 3233 4191 nec'eorum
3282 4131 3450 4189 verba
3481 4145 3552 4188 ex
3582 4131 3763 4187 animi

2106 4204 2471 4276 passionibus
2501 4204 2843 4274 profluentia
2901 4207 3176 4276 capiunt:
3229 4203 3332 4276 sed
3368 4203 3475 4273 ipsi
3533 4216 3767 4273 quoque

2106 4274 2359 4348 videntes
2389 4291 2517 4348 quae
2547 4277 2605 4332 in
2635 4277 2850 4334 mundo
2902 4274 3058 4343 sunt,
3097 4290 3223 4348 non
3247 4275 3460 4345 vident,
3502 4283 3555 4331 et
3585 4287 3758 4330 mun-

2103 4345 2606 4426 denorum'voces
2663 4349 2961 4426 audientes
3017 4351 3100 4426 sic
3148 4345 3332 4426 allecti
3379 4354 3516 4402 sunt
3543 4359 3762 4426 “sensti,

2102 4419 2438 4490 quasiieas
2510 4433 2630 4476 non
2706 4419 2993 4484 audirent.
3069 4424 3247 4490 Atque
3310 4418 3388 4475 ita
3457 4415 3616 4490 nulla
3673 4415 3764 4490 bis

2103 4503 2235 4545 cum
2281 4489 2536 4568 illorum,
2585 4490 2700 4548 illis
2747 4505 2880 4568 cum
2937 4488 3631 4568 horum,_spiritualium,
3677 4488 3763 4568 in-

2103 4562 2647 4689 ?uamd'thominum
2695 4563 2869 4620 rebus
2917 4562 3249 4620 communio
3289 4569 3344 4618 et
3388 4561 3628 4618 societas
3678 4561 3765 4616 in-

2127 4647 2258 4689 erce
2303 4649 2364 4688 ι.

2103 4633 2364 4690 tercedit.

2180 4768 2202 4798 α
2236 4748 2730 4817 Quemadmodum
2760 4749 2906 4807 lucis
2945 4759 3000 4808 et
3049 4749 3421 4808 tenebrarum
3462 4745 3766 4806 manifesta

2103 4827 2190 4893 est
2253 4819 2559 4893 distinctio.
2621 4829 2676 4879 et
2733 4836 2934 4880 eorum
2992 4823 3210 4893 nequit;
3252 4819 3372 4893 fieri
3419 4817 3764 4893 coniunctio

2104 4889 2252 4962 (Qum
2279 4892 2428 4947 enim
2465 4893 2748 4949 conventio
2797 4893 2932 4951 lucis
2963 4894 3036 4950 ad
3067 4889 3360 4950 tenebras?
3415 4891 3623 4962 inquit,
3663 4896 3765 4947 aut

2102 4961 2223 5033 qum
2242 4978 2382 5034 pars
2408 4963 2577 5038 ﬁdeli
2603 4979 2728 5038 cum
2782 4967 2995 5038 inﬁdeli
3033 4965 3098 5035 (ll
3156 4964 3279 5038 Cor.
3339 4973 3420 5027 Vl,
3481 4961 3628 5038 15)?
3680 4965 3764 5019 sic

2107 5033 2262 5090 inter
2284 5050 2380 5091 eos
2410 5033 2507 5105 qui
2543 5035 2823 5108 Spiritum
2845 5033 3105 5108 habent,
3136 5035 3349 5108 quique
3379 5047 3496 5108 non
3520 5033 3758 5108 habent,

2105 5117 2327 5162 summa
2386 5117 2470 5162 est
2525 5105 2814 5180 distantia,
2894 5105 3096 5180 atque'
3135 5105 3460 5178 disjunctio.
3519 5105 3762 5180 Iliorum

2106 5191 2353 5248 namque
2406 5179 2762 5236 conversatio
2801 5181 2859 5236 in
2908 5176 3068 5237 coélis
3111 5176 3232 5248 est,
3265 5191 3396 5232 cum
3425 5176 3617 5248 angeli
3641 5177 3764 5247 jam

2107 5262 2179 5304 ex
2217 5247 2548 5305 hominibus
2586 5249 2715 5307 facti
2765 5252 2919 5308 sint:
2972 5251 3064 5308 isti
3105 5251 3164 5307 in
3211 5248 3375 5306 avitis
3403 5247 3676 5316 tenebris,
3709 5259 3766 5307 et

2106 5321 2164 5376 in
2217 5320 2418 5376 umbra
2469 5323 2669 5378 mortis
2717 5322 2906 5379 adhuc
2953 5321 3169 5388 sedent,
3217 5329 3406 5383 terrm,
3464 5333 3531 5376 ac
3589 5321 3766 5377 rebus

2106 5393 2349 5448 terrenis
2396 5391 2570 5448 afﬁxi.
2621 5392 2709 5448 Illi
2759 5394 2975 5450 lumine
3027 5395 3134 5451 sub
3185 5389 3621 5462 intelligentiam
3674 5407 3766 5448 ca-

2104 5462 2292 5529 dente,
2326 5471 2381 5520 et
2412 5478 2678 5520 occasum
2726 5468 3015 5523 nesviente
3048 5487 3061 5521 :
3109 5465 3168 5521 hi
3223 5473 3443 5520 tantim
3493 5463 3599 5518 hac
3627 5478 3766 5519 sen-

2104 5534 2254 5591 sibili
2315 5535 2443 5592 luce
2498 5535 2879 5594 illustrantur.
2931 5536 3021 5594 Illi
3079 5537 3298 5606 seipsos
3363 5543 3419 5591 et
3476 5534 3766 5605 proximos

2103 5607 2299 5679 vident
2351 5607 2569 5679 emori:
2631 5607 2690 5662 hi
2747 5610 3002 5666 videntes
3059 5609 3301 5679 seipsos,
3361 5614 3417 5662 et
3473 5610 3767 5679 proximos

2102 5678 2327 5757 animas
2357 5677 2612 5757 efﬂantes
2642 5679 2699 5734 in
2726 5679 2856 5757 dies
2889 5675 3170 5757 singulos,
3231 5692 3293 5757 se
3321 5675 3760 5757 esse_homines,

2101 5759 2158 5808 et
2185 5757 2248 5806 ut
2276 5750 2538 5824 homines
2567 5752 2740 5808 morti
2771 5747 3302 5824 deberi'ignorant,
3351 5758 3407 5807 et
3453 5747 3562 5824 hoc
3592 5747 3760 5821 igno-

2099 5828 2316 5893 rantes,
2345 5834 2454 5879 nec
2481 5820 2734 5881 futurum
2775 5820 3064 5895 judicium
3109 5836 3219 5882 nec
3245 5820 3753 5889 resurrectionem,
