4120 6394
442 377 560 443 647

1756 368 2151 443 'SYMEONIS
2187 372 2545 443 JUNIORIS

3713 371 3836 444 648

437 512 762 595 exsecutio,
796 520 856 575 et
883 511 1152 576 virtutes.
1187 512 1334 574 Nam
1385 528 1493 592 per
1520 511 1648 573 hac
1676 510 2073 592 unusquisqut

2178 504 2357 587 ἀρεταὶ
2385 512 2743 582 καθεστήκασι
2776 528 2791 544 ⁸
2849 511 3055 570 τελείαν
3084 511 3186 591 γὰρ
3215 508 3301 572 διὰ
3323 511 3526 569 τούτων
3567 508 3832 587 λαμϐάνει

433 601 855 666 salvandorum
891 603 1218 684 perfectum
1249 599 1649 663 arrhabonem
1680 599 1929 662 obtinet.

515 780 615 842 78.
650 781 916 844 Primum
949 799 1056 861 per
1070 780 1479 843 mandatorum
1502 778 1908 841 obedientiam
1922 777 2092 857 quasi

433 878 726 933 conventa
757 870 1151 934 scribuntur:
1209 868 1429 930 deinde
1477 886 1587 948 per
1635 867 1882 930 virtutes
1942 866 2091 929 sub-

431 958 735 1040 scribitur,
770 967 828 1021 et
860 959 1094 1038 signum
1122 958 1379 1021 additur.
1441 956 1611 1019 Tunc
1641 974 1897 1038 sponsus
1926 955 2095 1018 Chri-

430 1054 558 1110 stus
587 1048 801 1109 animm
845 1065 1079 1128 sponsas
1133 1047 1444 1123 annulum,
1511 1048 1636 1108 sive
1686 1045 2087 1108 arrhabonem

430 1134 686 1218 Spiritus
716 1137 986 1215 largitur.

510 1226 607 1289 79.
643 1223 1156 1297 Quemadmodum
1189 1243 1414 1305 sponsa
1454 1232 1591 1286 ante
1622 1222 1859 1305 nuptias
1889 1222 2091 1284 arrha-

426 1314 643 1378 bonem
700 1313 981 1376 duntaxat
1031 1331 1067 1374 a
1123 1332 1347 1394 sponso
1379 1313 1616 1394 accipit,
1682 1321 1911 1393 pactam
1946 1330 2084 1374 vero

425 1403 652 1477 dotem,
714 1410 774 1464 et
825 1402 1126 1483 promissa
1183 1402 1359 1465 simul
1431 1402 1589 1463 dona
1658 1409 1788 1481 post
1848 1400 2084 1482 nuptias

425 1491 897 1574 exspectatzsic
954 1498 1014 1552 et
1075 1509 1295 1571 sponsa
1347 1491 1611 1554 ﬁdelium
1669 1490 1960 1564 Ecclesia,
2025 1497 2084 1551 et

2178 597 2279 664 τὴν
2307 608 2400 658 τοῦ
2440 597 2737 679 ἀρῥαϐῶνος
2766 601 3093 682 κατάσχεσιν
3124 600 3347 666 ἕκαστος
3388 600 3496 658 τῶν
3527 598 3834 678 μελλόντων

2179 688 2389 758 σωθήσε
2395 690 2510 746 σθαῐ
2521 738 2534 751 ,

2260 765 2371 842 οη’.
2400 782 2617 857 Πρῶτον
2647 778 2803 834 οἱονεὶ
2848 779 2915 838 τὰ
2970 779 3224 859 σύμφωνα
3266 779 3556 860 γράφονται
3598 776 3683 836 διὰ
3728 784 3832 847 τῆς

2177 861 2421 943 ἐργασίας
2478 872 2584 924 τῶν
2640 865 2893 947 ἐντολῶν,
2954 868 3079 925 εἶτα
3136 870 3239 926 ὑπὸ
3299 875 3405 925 τῶν
3448 869 3647 949 ἀρετῶν
3703 868 3832 925 ἐπι-

2175 954 2546 1032 σφραγίζονται
2576 957 2663 1012 καὶ
2715 957 3130 1038 ὑπογράφονται.
3180 960 3277 1017 Καὶ
3318 965 3608 1026 τηνικαῦτα
3655 955 3831 1015 ἐπιδί-

2174 1038 2302 1097 δωσι
2331 1044 2422 1099 τὸν
2452 1041 2726 1101 δακτύλιον
2757 1048 2785 1101 ὁ
2815 1048 3039 1127 νυμφίος
3072 1048 3298 1126 Χριστὸς
3338 1052 3409 1124 τῇ
3436 1048 3615 1127 νύμφῃ
3645 1050 3829 1127 ψυχῇ,

2173 1130 2335 1215 ἤγουν
2378 1136 2467 1215 τρν
2512 1133 2789 1215 ἀῤῥαϐὦνα
2817 1137 2910 1194 τοῦ
2940 1139 3269 1214 Πνεύματος.

2254 1213 2356 1285 09'.
2390 1205 2587 1303 Ὥσπερ
2612 1227 2647 1293 ἡ
2692 1226 2871 1307 νύμφη
2925 1229 3027 1302 πρὸ
3069 1205 3163 1287 τοῦ
3214 1228 3388 1307 γάμου
3430 1228 3521 1285 τὸν
3552 1225 3827 1307 ἀῤῥαϐῶνα

2172 1310 2333 1385 μόνον
2382 1313 2526 1392 παρὰ
2578 1322 2673 1373 τοῦ
2728 1316 2951 1396 νυμφίου
3005 1313 3287 1397 λαμϐάνει,
3345 1317 3445 1384 τὴν
3486 1314 3543 1372 δὲ
3598 1338 3828 1396 συμφω-

2166 1403 2417 1467 νηθετσαν
2473 1414 2697 1483 προῖκα,
2744 1405 2833 1460 καὶ
2872 1405 2968 1469 τὰς
3025 1405 3080 1462 ἐν
3141 1404 3275 1482 αῦτῇ
3300 1404 3685 1485 ὑποσχεθείσας
3728 1403 3829 1460 δω.

2165 1488 2308 1566 ρεάς,
2339 1489 2475 1564 μετά
2517 1492 2609 1546 τὸν
2665 1490 2837 1569 γάμον
2896 1490 3081 1550 λαϐεῖν
3137 1491 3491 1574 ἀπεκδέχεται
3523 1506 3542 1525 ⁸
3589 1491 3729 1550 οὕτω
3759 1490 3828 1562 δὴ

422 1580 895 1661 uniuscujusque
924 1587 1192 1641 nostrum
1224 1579 1444 1656 anima,
1482 1580 1738 1660 primum
1771 1578 2014 1659 quidem
2047 1598 2073 1640 a

2168 1578 2255 1632 καὶ
2296 1578 2331 1645 ἡ
2361 1578 2538 1658 νύμφη
2569 1584 2673 1636 τῶν
2732 1582 2934 1637 πιστῶν
2980 1578 3297 1657 Ἐκκλησια,
3344 1584 3432 1640 καὶ
3458 1583 3494 1649 ἡ
3520 1581 3675 1660 ψυχὴ
3705 1581 3824 1646 ἑνὸς

423 1669 658 1734 Christo
675 1650 908 1749 sponso
938 1668 1131 1729 solum
1182 1650 1584 1730 arrhabon'em
1632 1650 1890 1749 Spiritus
1921 1668 2073 1730 acci-

2168 1666 2389 1722 ἐκάστου
2425 1650 2627 1748 *ἧι-μῶν,
2686 1670 2899 1746 πρῶτον
2973 1671 3075 1725 ὑπὸ
3145 1678 3237 1727 τοῦ
3282 1650 3545 1751 ’νυμφίοιί
3596 1650 3826 1749 Ξριστοῦ

423 1760 531 1841 pit,
566 1767 792 1821 aeterna
822 1765 1019 1820 autem
1048 1756 1205 1819 bona
1237 1765 1295 1818 et
1354 1775 1605 1837 regnum
1635 1757 1919 1819 caelorum
1954 1764 2084 1837 post

422 1847 842 1927 migrationem
878 1865 951 1910 ex
978 1847 1090 1908 hac
1121 1845 1253 1907 luce
1310 1852 1658 1928 exspectat:
1710 1864 1817 1927 per
1866 1847 2077 1908 arrha-

419 1935 640 1999 bonem
675 1936 854 2017 plene
885 1953 1197 2016 persuasa,
1229 1935 1533 2017 sibipacta
1561 1936 1690 1999 sine
1723 1935 1845 1999 ulla
1866 1935 2081 1999 fraude

419 2032 734 2089 eventura.

501 2295 599 2360 80.
622 2291 1143 2366 Quemadmodum
1156 2312 1377 2375 sponso
1394 2294 1616 2357 diutius
1628 2294 2066 2374 peregrinante,

416 2392 518 2446 aut
542 2384 674 2445 aliis
706 2384 768 2444 in
798 2381 1054 2462 negotiis
1110 2391 1419 2462 occupato,
1473 2391 1533 2446 et
1559 2383 1801 2446 interim
1834 2384 2073 2466 nuptia—

411 2492 545 2536 rum
598 2480 832 2552 tempus
887 2471 1294 2534 extrahentem
1358 2472 1408 2533 si
1462 2490 1681 2553 sponsa
1738 2473 1889 2534 irata
1946 2474 2077 2553 ejus

413 2582 682 2626 amorem
715 2561 1164 2641 contempserit,
1196 2561 1586 2643 libellumque
1616 2562 2072 2624 arrhabonicum

413 2660 515 2714 aut
558 2649 869 2721 deleverit,
921 2658 1021 2711 aut
1068 2649 1456 2726 consciderit,
1502 2651 1818 2712 confestim
1867 2669 2074 2713 eorum

413 2760 545 2819 Spe,
579 2759 713 2822 quae
745 2758 778 2800 a
808 2757 1027 2819 sponso
1050 2739 1431 2819 exspectabat
1450 2739 1790 2802 frustratur.
1821 2739 2077 2802 Perinde

410 2830 475 2892 in
505 2831 706 2892 anima
737 2828 867 2889 fieri
917 2827 1091 2889 solet.
1144 2829 1295 2891 Nam
1356 2846 1492 2890 cum
1549 2828 1683 2908 quis
1715 2828 2073 2890 certantium

2164 1758 2256 1811 τὸν
2302 1754 2578 1836 ἀρραϐῶνα
2624 1758 2783 1833 μόνον
2826 1755 3084 1834 λαμϐάνει
3114 1766 3208 1816 τοῦ
3252 1761 3557 1835 Πνεύματος
3592 1774 3606 1788 ⁶
3657 1759 3724 1816 τὰ
3766 1757 3824 1815 δὲ

2165 1844 2350 1901 αἰώνια
2379 1846 2570 1924 ἀγαθὰ,
2625 1848 2714 1902 καὶ
2768 1846 2868 1914 τὴν
2925 1848 3163 1926 οὐράνιον
3219 1847 3513 1925 βασιλείαν,
3560 1849 3693 1923 μετά
3721 1848 3823 1917 τὴν

2164 1930 2361 1991 ἐνθένδε
2391 1932 2693 2009 ἀποδημίαν
2724 1932 2911 1991 λαϐεῖν
2931 1934 3309 2016 ἀπεκδέχεται,
3340 1935 3822 2018 πληροφορουμένη

2163 2018 2247 2078 διὰ
2286 2029 2378 2079 τοῦ
2426 2021 2749 2102 ἀρῤαϐῶνος,
2803 2022 3262 2098 ὑποδεικνύοντος,
3309 2028 3383 2091 ὡς
3441 2026 3495 2082 ἐν
3550 2026 3820 2107 ἐσόπτρῳ,

2160 2116 2324 2166 ταῦτα
2353 2113 2510 2192 αὐτῇ,
2542 2114 2631 2168 καὶ
2682 2110 3022 2189 βεϐαιοῦντος
3065 2115 3132 2169 τὰ
3188 2112 3654 2195 συμπεφωνημένα
3684 2114 3822 2189 μετά

2162 2206 2256 2255 τοῦ
2302 2202 2569 2259 Δεσπότου
2598 2202 2764 2269 αὐτῆς
2796 2204 2885 2259 καὶ
2914 2209 3067 2265 Θεοῦ.

2244 2279 2327 2350 π’.
2362 2290 2606 2369 Καθάπερ
2663 2288 3007 2370 βραδύνοντος
3059 2296 3151 2349 τοῦ
3206 2290 3429 2371 νυμφίου
3487 2289 3550 2346 ἐκ
3604 2290 3820 2361 ἀποδη-

2164 2379 2281 2453 μίᾳ,
2328 2379 2364 2447 ἢ
2423 2379 2900 2460 ἀπασχολουμένου
2969 2380 3023 2436 ἐν
3082 2379 3286 2460 ἑτέραις
3341 2382 3474 2438 τισὶν
3517 2381 3816 2457 δποθέσεσι,

2159 2469 2247 2525 καὶ
2286 2470 2378 2524 τὸν
2408 2469 2580 2546 γάμον
2626 2469 2760 2533 τέως
2809 2469 3212 2549 ὑπερτιθεμένου
3269 2475 3518 2550 ποιῆσαι,
3577 2470 3666 2526 ἐὰν
3719 2472 3818 2549 ὀρ-

2158 2560 2402 2635 γισθεῖσα
2443 2558 2478 2624 ἡ
2534 2558 2738 2638 νύμφη,
2795 2562 2895 2624 τῆς
2944 2557 3143 2613 ἐκείνου
3199 2556 3415 2636 ἀγάπης
3466 2560 3817 2638 καταφρονή-

2159 2670 2248 2723 om
2296 2647 2383 2702 κ²ὶ
2436 2647 2527 2703 τὸν
2585 2643 2942 2724 ἀῤῥαϐωνικδν
3000 2646 3238 2726 χάρτην,
3300 2646 3336 2714 ἢ
3399 2644 3710 2723 ἀπαλείφει,
3778 2646 3817 2715 ἢ

2157 2733 2440 2817 διαῤῥήξει,
2484 2735 2725 2792 ἐκπίπτει
2772 2741 2877 2794 τῶν
2941 2738 3072 2815 πρὸς
3145 2737 3236 2791 τὸν
3292 2737 3511 2816 νυμφίον
3584 2734 3812 2794 ἐλπίδων

2157 2827 2300 2889 εὐθύς
2336 2843 2353 2863 ⁸
2403 2823 2540 2881 οὕτω
2610 2825 2697 2881 καὶ
2750 2824 2837 2882 ἐπὶ
2888 2829 2986 2892 τῆς
3046 2828 3231 2904 ψυχῆς
3289 2824 3508 2904 πέφυκε-Δ
3548 2826 3805 2903 γίνεσθαι.

411 2918 632 2981 dixerit
652 2934 963 2999 quousque
986 2915 1133 2977 mihi
1167 2916 1516 2980 aﬂlictiones
1538 2898 1863 2979 tolerandae
1889 2915 2073 2980 sunt?

2168 2913 2325 2972 Ἐπάν
2379 2915 2479 2993 γὰρ
2522 2913 2655 2991 εἴπῃ
2711 2936 2794 2977 τις
2846 2920 2951 2973 τῶν
3001 2898 3428 2993 ἀγωνιζομένων,
3675 2913 3809 2971 πότε

412 3006 769 3087 laboresque
793 3006 1085 3066 asceticos
1118 3005 1587 3085 parvipenderit,
1642 3024 1711 3068 ac
1742 3024 1848 3088 per
1876 3006 2072 3085 negli-

2168 3006 2485 3061 ηακοπαθεϊν
2541 3002 2780 3083 ὀφείλω;
2848 3004 2934 3060 καὶ
2990 3009 3097 3059 τῶν
3155 3002 3459 3070 ἀσκητικῶν
3517 3003 3696 3059 πόνων
3750 3024 3810 3059 τε

408 3099 673 3177 gentiam
706 3093 1143 3166 mandatorum,
1178 3094 1864 3177 praetermissionequ
1884 3096 2073 3177 poeni-

2168 3094 2241 3149 ιαὶ
2269 3093 2489 3171 ἀγώνων
2520 3091 2955 3172 κατολιγωρήσῃ,
3009 3093 3097 3148 καὶ
3153 3090 3237 3148 διὰ
3288 3097 3387 3159 τῆς
3417 3090 3670 3168 ἀμελείας
3700 3090 3809 3149 τῶν

411 3185 613 3249 tentia;
641 3183 1005 3266 quotidianae
1028 3191 1198 3264 pacta
1218 3183 1658 3263 quodammodo
1683 3184 1994 3258 deleverit,
2014 3194 2070 3247 et

2168 3180 2400 3257 ἐντολῶν,
2448 3183 2536 3239 καὶ
2577 3180 2942 3258 καταλείψεως
3002 3186 3103 3249 τῆς
3161 3179 3435 3249 διηνεκοῦς
3502 3182 3808 3261 μετανοίας,

407 3274 793 3355 consciderit,
826 3271 1022 3334 statim
1056 3278 1116 3333 et
1170 3272 1589 3350 arrhabonem,
1643 3282 1698 3338 et
1730 3292 1899 3356 spem
1930 3292 2068 3356 erga

2168 3273 2304 3329 ›ἱονεὶ
2369 3271 2642 3349 ἀπαλείψῃ
2712 3273 2801 3328 καὶ
2875 3268 3125 3350 διαρῤήξῃ
3202 3273 3267 3327 τὰ
3322 3271 3598 3351 σύμφωνα,
3660 3270 3810 3334 εὐθὺς

405 3364 595 3428 Deum
630 3362 825 3445 perdit
854 3361 1113 3442 penitus.

2168 3362 2388 3418 ;κπίπτει
2416 3362 2504 3419 καὶ
2530 3366 2624 3417 τοῦ
2653 3358 2975 3439 ἀῤῥαϐῶνος,
3008 3361 3097 3417 καὶ
3127 3365 3229 3428 τῆς
3259 3362 3390 3440 πρὸς
3435 3361 3566 3417 Θεὸν
3596 3357 3809 3423 ἐλπίδος

2242 3472 2266 3506 ε
2372 3500 2387 3514 .

2145 3450 2360 3600 “Augei
2397 3530 2578 3619 hct-nep
2620 3540 2657 3608 ἡ
2701 3539 2881 3621 νύμφη
2914 3537 3004 3595 ἐὰν
3060 3539 3191 3617 πρὸς
3239 3537 3414 3617 ἕτερον
3444 3539 3543 3607 τὴν
3585 3540 3805 3618 ἀγάπην

2143 3636 2238 3687 τοῦ
2266 3630 2617 3710 ἁρμοσθέντος
2661 3632 2794 3705 αὒτῇ
2853 3628 3071 3709 νυμφίου
3121 3629 3411 3705 μετάθηται
3459 3629 3547 3685 καὶ
3576 3651 3806 3708 συγκοι-

2143 3722 2313 3795 τασθῇ
2370 3723 2512 3794 αὐτῷ
2567 3719 2808 3799 φανερῶς
2864 3718 2901 3786 ἢ
2976 3716 3260 3797 λαθραίως,
3322 3720 3380 3776 οὗ
3435 3717 3597 3793 μόνον
3655 3716 3802 3778 οὐδὲν

482 3542 586 3606 8|.
614 3540 781 3605 Sicut
809 3557 1053 3620 sponsa,
1114 3539 1164 3601 si
1219 3557 1487 3604 amorem
1547 3557 1718 3601 suum
1751 3539 1823 3602 ad
1854 3540 2060 3623 alium,

402 3650 580 3713 quam
606 3630 679 3692 ad
735 3627 1003 3690 debitum
1061 3627 1177 3689 sibi
1230 3647 1516 3709 sponsum
1580 3628 1970 3700 transtulerit,
2006 3638 2065 3693 et

401 3739 536 3783 cum
567 3739 637 3781 eo
668 3718 757 3779 vel
789 3719 962 3789 clam,
986 3717 1079 3778 vel
1102 3716 1290 3797 palam
1326 3716 1628 3778 cubilibus
1660 3720 2059 3794 consueverit,

399 3828 522 3871 non
551 3808 739 3869 solum
776 3806 925 3867 nihil
956 3806 1383 3886 promissorum
1414 3825 1449 3867 a
1494 3825 1713 3887 sponso
1744 3826 2061 3870 munerum

400 3896 707 3977 sperabit:
743 3895 847 3956 sed
881 3894 1098 3975 potius,
1125 3912 1235 3956 nec
1257 3894 1583 3970 immerito,
1616 3897 2060 3960 accusationem

400 3994 460 4049 et
488 4004 721 4065 poenam
756 4003 826 4046 ex
877 3983 1107 4062 legibus
1167 3983 1574 4064 exspectabit:
1635 3984 1717 4048 ita
1746 3985 2060 4051 nobiscum

399 4075 531 4137 fieri
561 4075 735 4137 solet.
769 4073 832 4135 Si
861 4073 994 4153 quis
1043 4090 1313 4135 amorem
1363 4091 1503 4153 erga
1559 4092 1845 4154 sponsum
1879 4078 2057 4141 Chri-

398 4171 554 4225 stum
583 4163 659 4227 ad
716 4161 869 4225 alius
912 4161 1247 4243 eujuspiam
1305 4162 1396 4225 rei
1451 4162 1821 4225 desiderium
1854 4174 2059 4247 aperte

2144 3805 2205 3861 ἐκ
2259 3806 2364 3863 τῶν
2408 3806 2806 3887 ὑποσχεθέντων
2851 3808 2986 3883 αὐτῇ
3043 3806 3188 3884 παρά
3228 3815 3321 3865 τοῦ
3375 3805 3595 3885 νυμφίου
3650 3805 3801 3883 λαμ-

2144 3894 2314 3975 ϐάνει,
2346 3893 2483 3952 ἀλλά
2524 3897 2614 3952 καὶ
2641 3895 2897 3974 τιμωρίας
2944 3897 3034 3952 καὶ
3090 3896 3293 3971 μέμψιν
3354 3895 3453 3963 τὴν
3506 3895 3566 3951 ἐκ
3592 3905 3686 3955 τοῦ
3715 3897 3803 3954 νό-

2144 4008 2245 4061 μου
2288 3983 2640 4064 προσδοκήσει
2683 3984 2838 4051 ἀξίως
2873 4005 2887 4019 ·
2945 3984 3083 4042 οὕτω
3125 3982 3191 4051 δὴ
3241 3985 3329 4040 καὶ
3373 3983 3459 4041 ἐπὶ
3513 3987 3668 4059 ἡμῶν
3711 3988 3801 4064 γί-

2148 4078 2283 4131 νεθαι
2339 4074 2593 4154 πέφυκεν,
2666 4075 2792 4133 Ἐὰν
2862 4076 2961 4153 γὰρ
3019 4074 3312 4150 μετάθηταί
3366 4096 3447 4139 τις
3499 4074 3599 4142 τὴν
3653 4074 3799 4153 ἀγά-

2140 4186 2248 4231 πην
2340 4172 2433 4223 τοῦ
2515 4166 2738 4246 νυμφίου
2843 4170 3067 4243 Χριστοῦ
3158 4165 3293 4242 πρὸς
3393 4161 3593 4225 ἄλλου
3651 4164 3797 4229 τινὸς

395 4254 784 4328 converterit,
838 4259 939 4313 aut
994 4251 1229 4313 occulte
1280 4270 1384 4314 cer
1439 4252 1571 4332 ejus
1627 4271 1697 4315 eo
1743 4254 2055 4319 obsessum

2168 4253 2448 4333 τράγματος
2528 4253 2827 4330 ἐπιθυμίαν,
2916 4255 3152 4334 φανερῶς
3241 4250 3277 4320 ἢ
3348 4250 3630 4330 λαθραίως,
3706 4255 3799 4311 καὶ

393 4341 595 4419 fuerit,
628 4342 758 4422 ejus
787 4341 985 4403 anima
1014 4359 1234 4422 sponso
1292 4340 1520 4417 odiosa,
1574 4348 1634 4404 et
1665 4345 2073 4422 exsecrabilis;

2168 4345 2375 4421 ,ρατηθῇ
2429 4345 2464 4410 ἡ
2525 4340 2711 4422 καρδίᾳ
2752 4346 2909 4401 αὐτοῦ
2971 4341 3024 4399 ἐν
3084 4344 3250 4416 αὐτῷ,
3311 4341 3516 4417 μισητή
3561 4341 3671 4397 ἐστι
3716 4349 3798 4418 τῷ

392 4428 699 4512 ipsiusque
728 4426 1175 4508 conjunctione,
1230 4447 1299 4490 ac
1351 4429 1606 4491 thalamo
1640 4430 1882 4511 indigna
1913 4433 2025 4495 erit

2168 4432 2358 4512 δμφίῳ,
2415 4433 2503 4488 καὶ
2585 4429 2863 4511 βδελυκτὴ,
2934 4432 3023 4487 καὶ
3078 4428 3260 4496 ἀναξία
3332 4435 3432 4498 τῆς
3505 4431 3794 4509 σοναφείας

390 4510 551 4580 Dixit
578 4517 779 4580 enim:
824 4538 845 4573 ι
880 4516 1001 4596 Ego
1031 4515 1349 4597 diligentes
1381 4537 1495 4597 me,
1528 4519 1710 4600 diligo
1740 4510 1794 4572 2i
1826 4523 1977 4602 (l4).
2010 4543 2042 4584 »

2168 4510 2292 4578 ὐτοῦ
2325 4538 2338 4552 ·
2402 4522 2588 4602 εἴρηκε
2636 4521 2736 4601 γάρ
2773 4536 2786 4550 ⁶
2850 4510 2996 4599 Ἐγὼ
3046 4521 3165 4584 τοὺς
3210 4519 3306 4577 ἐμὲ
3337 4518 3620 4600 φιλοῦντας
3650 4519 3795 4599 ἀγα-

2131 4632 2241 4673 πω.

467 4775 519 4820 21
551 4773 720 4838 Prov.
750 4792 881 4840 vni.
917 4777 1014 4841 17.

459 4946 758 5021 (madeo
786 4947 1082 5021 sequentia
1137 4961 1211 5005 ex
1255 4947 1539 5006 Pontano:
1595 4967 1620 5002 α
1667 4950 1930 5010 Arrbabo
1979 4948 2040 5008 in
2119 4948 2268 5020 lum,
2323 4958 2422 5009 aut
2486 4948 2793 5008 fenestram
2866 4948 3175 5021 aperuerit,
3226 4956 3297 5021 iet
3368 4962 3496 5006 eum
3550 4957 3789 5021 repente

385 5018 477 5094 bis
505 5019 822 5094 gui‘ipsum
851 5018 1038 5094 adepti
1076 5027 1229 5094 sunt,
1261 5035 1379 5078 non
1408 5030 1495 5077 est
1509 5022 1900 5089 enuntiabilis,
1920 5037 2036 5080 non
2123 5018 2319 5094 fulgur
2348 5035 2654 5079 coruscum
2684 5018 3164 5091 circumfulserit,‘
3202 5020 3301 5077 ille
3345 5021 3530 5078 oculis
3560 5018 3786 5094 tantum

385 5036 477 5076 ms
505 5036 601 5091 qui
634 5036 822 5089 Ipsum
852 5036 958 5078 aue
1001 5036 1038 5077 ιι
1076 5036 1229 5085 sunt,
1261 5036 1379 5078 non
1408 5036 1495 5077 esr
1509 5036 1900 5089 enuntiemus,
1920 5037 2036 5080 non
2123 5036 2318 5094 Iungur
2348 5036 2654 5079 coruscum
2684 5036 3148 5091 ctrcummtseru,
3202 5036 3301 5077 me
3345 5036 3530 5078 ocuus
3560 5036 3784 5078 tantum

382 5089 722 5172 intelligitur
750 5036 1218 5172 etintel’ligitur,
1257 5107 1385 5172 non
1424 5099 1649 5172 tenetur
1696 5102 1750 5151 et
1791 5102 2037 5165 tenetur,
2121 5092 2485 5172 splendorem
2546 5106 2664 5172 non
2721 5094 2934 5172 ferens,
2988 5106 3120 5172 mox
3172 5106 3244 5172 se
3294 5100 3499 5172 tuetur,
3561 5091 3784 5172 lumina

382 5175 500 5219 non
525 5161 754 5234 videtur
782 5168 837 5218 et
881 5161 1121 5234 videtur,
1172 5163 1326 5234 vivit,
1370 5163 1644 5234 loquitur,
1674 5173 1954 5231 movetur,
1984 5161 2040 5225 et
2121 5161 2357 5234 claudit,
2389 5174 2445 5222 et
2491 5165 2830 5223 extimescit.
2881 5161 2976 5221 Sic
3010 5165 3181 5222 etiam
3231 5163 3456 5221 inclusa
3500 5164 3688 5222 anima
3722 5165 3784 5221 in

380 5209 771 5317 sesesese
785 5209 864 5317 ξι
892 5209 1329 5317 migrates:
1370 5209 2040 5317 ῖίξιῖάιιῖιῑςιῑιῑῖςηῖ
2119 5209 2833 5303 ἔὲῖιὲἶόἷῑίῦἱιεῖ“ἔί“ἒὶἶὶᾏ
2881 5209 3788 5317 myttgqsaaej'aqsgret

381 5305 550 5375 signo
576 5303 940 5363 concluditur
971 5322 984 5362 :
1019 5312 1075 5363 et
1100 5305 1305 5363 iterum
1338 5314 1543 5377 praeter
1571 5321 1731 5379 spem
1760 5303 1826 5365 in
1850 5324 1915 5367 ea
1945 5324 2037 5368 re-
2115 5316 2387 5372 uestram,
2424 5318 2615 5366 mente
2646 5310 3024 5379 prospexerit,
3059 5322 3091 5364 a
3137 5303 3378 5379 fulgore
3412 5303 3775 5379 arrhabonis,

380 5380 602 5459 peritur
623 5393 643 5434 :
671 5385 736 5433 ut
764 5390 1061 5459 possessor
1090 5391 1224 5459 eum
1269 5377 1750 5459 nec-constanter
1780 5394 2034 5459 manere,
2114 5379 2215 5459 qui
2241 5380 2305 5459 in
2337 5380 2461 5451 ipsa
2483 5377 2893 5459 _est._a_Spiritu
2927 5388 3148 5449 sancto,
3183 5378 3443 5459 inquam,
3473 5377 3780 5459 illustrata,

379 5458 489 5517 nec
517 5449 644 5504 sine
671 5448 1001 5506 reversione
1029 5448 1297 5507 recedere
1324 5449 1665 5508 arbitretur:
1699 5459 1754 5508 et
1782 5465 1901 5510 non
1930 5452 2037 5511 ha-
2114 5448 2431 5509 claritatem
2482 5448 3030 5510 luminis—sustinere
3056 5448 3175 5508 neu
3222 5448 3439 5517 valens,
3491 5451 3681 5508 subito
3724 5459 3784 5509 et

380 5515 523 5600 bene
550 5532 691 5600 eum
716 5526 987 5600 tanquam
1015 5520 1255 5600 habens,
1286 5530 1341 5580 et
1368 5521 1587 5579 habens
1618 5532 1890 5595 tanquam
1915 5539 2033 5583 non
2117 5531 2311 5600 mente
2340 5523 2690 5600 percellitur,
2722 5531 2782 5600 _et
2810 5531 2924 5580 tota
2952 5523 3012 5580 in
3043 5535 3105 5578 se
3132 5522 3318 5600 ipsam
3346 5515 3781 5600 pa_vitans_ce_n-

378 5586 599 5666 habens
627 5590 717 5653 sit.
753 5586 946 5666 itaque
975 5592 1199 5666 sentiat.
1236 5586 1256 5666 ί
1564 5664 1574 5666 _
1731 5586 1766 5666 ξ
2118 5586 2386 5654 trahitur.
2419 5594 2575 5666 velut
2602 5586 2686 5652 in'
2706 5593 2943 5653 domum
2984 5586 3293 5666 quamdam
3340 5586 3448 5652 sub
3480 5591 3774 5653 sensibilia

459 5659 1010 5749 Lguemadmgdum
1032 5662 1292 5749 rsiﬁquis
1325 5672 1513 5749 ‘noctu
1558 5664 1620 5748 in
1666 5663 1888 5749 aedibus
1938 5669 2035 5749 sit,
2118 5672 2174 5723 et
2201 5666 2453 5725 humana
2484 5665 2857 5739 refugiens.»
3001 5659 3022 5666 ’
3819 5670 3825 5675 ‘

379 5741 692 5803 earumque
713 5731 909 5803 ianuis
937 5731 1199 5805 undique
1221 5734 1488 5805 occlusis,
1541 5737 1591 5796 si
1632 5751 1814 5798 unum
1837 5731 2035 5801 ’osti01
