4120 6362
230 380 360 451 ϐω

1583 368 1857 454 CAPrt‘A
1897 375 2267 453 MOMLIA.

3503 374 3631 455 650'

294 508 428 596 ’πβ’.
466 518 597 578 Δέον
629 520 851 580 ἕκαστον
904 520 965 579 ἐκ
1018 523 1125 579 τῶν
1154 523 1404 580 τοιούτων
1431 521 1665 599 σημείων
1707 543 1870 580 κατα-

2051 518 2151 583 82.
2187 518 2523 594 Quemlibet
2554 540 2623 584 ex
2645 521 3061 603 hujuscemodi
3090 524 3328 588 indiciis
3359 525 3626 589 animad‘

231 621 400 687 νοεῖν,
433 610 475 665 εἰ
530 612 623 666 τὸν
681 609 953 690 ἆῤῥαϐῶνα
1010 617 1103 668 τοῦ
1158 612 1463 688 Πνεύματος
1522 612 1584 667 ἐκ
1623 617 1715 668 τοῦ
1761 633 1891 686 νυμ-

1384 703 1472 758 καὶ
1531 702 1575 757 et
1632 700 1729 777 μὲν
1759 698 1887 756 ἕλα-
1971 694 2200 777 Sponso
2230 707 2289 760 et
2320 699 2572 761 Domino
2626 701 2861 764 Christo
2919 703 3237 783 acceperit.
3271 694 3617 785 Si’accepit,

233 697 353 777 θρίου
379 698 468 754 καὶ
500 700 770 757 Δεσπότω)
800 701 1025 780 Χριστοῦ
1055 700 1277 782 εἴληφεν
1312 719 1325 733 ⁸

1969 616 2203 671 vertere
2260 618 2515 692 oportet,
2576 611 2785 693 ecquid
2847 612 3241 678 arrhabonem
3304 613 3558 695 Spiritus
3588 633 3625 677 a

232 783 315 859 ϐε,
348 785 685 859 σπουδαζέτω
734 800 916 848 τοῦτον
960 789 1235 871 κατέχειν,
1295 792 1340 846 εἶ
1395 788 1449 846 δὲ
1497 792 1663 867 μήπω
1703 801 1870 850 τοῦτο’

1970 804 2108 847 eum
2138 786 2403 850 retinere
2425 790 2682 853 studeat.
2705 790 2769 851 Si
2787 809 3075 872 accepere
3102 793 3361 855 nondum
3378 783 3617 870 meruit,

232 871 417 932 λαϐεῖν
447 875 671 951 ἠξιώθη,
701 877 1037 950 σπουδαζέτω
1083 877 1168 935 διὰ
1222 899 1327 935 των
1383 877 1549 959 ἔργων
1609 885 1713 936 τῶν
1744 880 1885 956 ἀγα-

231 969 356 1045 θῶν,
414 969 505 1024 καὶ
544 967 806 1048 πράξεων,
864 972 952 1027 καὶ
1019 970 1349 1050 θερμοτάτης
1407 970 1685 1046 μετανοίας
1742 970 1885 1035 αὖθις

228 1051 437 1135 λαϐεῖν,
472 1058 559 1113 καὶ
590 1057 810 1137 φυλάξαι
862 1060 1016 1117 αὐτὸν
1075 1058 1159 1115 διὰ
1215 1064 1313 1127 τῆς
1357 1059 1597 1139 ἐργοσίας
1653 1059 1760 1116 τῶν
1791 1057 1884 1115 ἐν·-

228 1143 424 1219 τολῶν,
451 1148 541 1203 καὶ
570 1153 668 1216 τῆς
698 1151 804 1207 τῶν
833 1149 1030 1229 ἀρετῶν
1060 1149 1414 1219 ἐπικτήσεως.

308 1228 426 1314 πγ”.
484 1238 729 1317 Καθάπερ
782 1240 817 1306 ἡ
863 1228 1027 1318 στέγη
1072 1240 1248 1306 πάσης
1302 1239 1492 1312 οἰκίας,
1541 1236 1626 1294 διὰ
1663 1244 1768 1295 τῶν
1797 1241 1883 1295 θε-

230 1321 424 1399 μελίων
471 1328 561 1382 καὶ
618 1331 719 1393 τῆς
772 1326 967 1396 λοιπῆς
1026 1328 1245 1392 κτίσεως
1304 1328 1520 1385 ἵσταται
1555 1347 1570 1363 ⁶
1631 1327 1882 1391 ὡσαύτως

228 1409 282 1468 δὲ
335 1416 423 1471 καὶ
492 1415 557 1471 τὰ
611 1414 854 1498 θεμέλια,
923 1415 1007 1474 διὰ
1078 1419 1140 1474 τὸ
1191 1419 1288 1485 τὴν
1344 1417 1538 1496 στέγην
1607 1418 1882 1494 βαστάζειν

227 1500 672 1582 καταϐάλλονται,
707 1508 781 1569 ὡς
812 1507 1081 1586 ἀναγκαῖα
1127 1509 1216 1564 καὶ
1276 1508 1524 1587 χρήσιμα
1571 1522 1586 1536 ·
1648 1508 1735 1563 καὶ
1766 1503 1882 1562 οὔτε

226 1591 390 1671 στέγη
439 1591 566 1675 δίχα
614 1594 869 1671 θεμελίων
925 1597 1256 1654 συνίστασθαι
1312 1596 1559 1677 φέφυκεν,
1620 1594 1739 1653 οὔτε
1786 1598 1878 1651 θε-

225 1680 400 1757 μέλιοι
430 1681 552 1739 ἄνευ
580 1684 777 1763 στέγης
832 1691 908 1761 τῷ
955 1683 1052 1760 ϐίῳ
1113 1683 1413 1767 χρειώδεις,
1474 1685 1511 1753 ἢ
1563 1683 1702 1749 ὅλως
1731 1683 1878 1765 ὠφέ-

222 1769 368 1847 λιμοί
425 1774 554 1829 εἰσιν
591 1789 606 1804 ⁸
668 1774 805 1831 οὕτω
854 1777 942 1832 καὶ
982 1777 1017 1843 ἡ
1073 1775 1166 1832 τοῦ
1216 1776 1515 1850 Πνεύματος
1560 1775 1719 1855 χάρις
1763 1795 1878 1832 συν⁹

219 1876 467 1941 τηρεῖται
499 1861 582 1920 διὰ
612 1869 710 1932 τῆς
741 1864 989 1944 ἐργασίας
1044 1870 1149 1921 τῶν
1195 1863 1445 1939 ἐντολῶν,
1489 1865 1578 1921 καὶ
1628 1866 1681 1921 αἱ
1733 1864 1875 1943 πράά

219 1948 326 2015 ξεις
380 1956 490 2008 τῶν
550 1951 802 2034 ἐντολῶν,
874 1951 958 2012 διὰ
1012 1954 1110 2022 τὴν
1166 1963 1259 2013 τοῦ
1330 1961 1461 2012 Θεοῦ
1513 1951 1734 2034 δωρεὰν,
1795 1955 1869 2015 ὡς

216 2036 452 2114 θεμέλιοι
482 2038 928 2104 κασαϐάλλονται.
962 2044 1061 2101 Καὶ
1117 2041 1234 2100 οὔτε
1288 2044 1324 2110 ἡ
1368 2042 1526 2123 χάρις
1580 2041 1672 2098 τοῦ
1702 2041 1866 2097 Πνεύ-

218 2150 391 2205 ματος
419 2130 740 2209 παραμένειν
796 2134 934 2208 ἡμῖν
986 2131 1235 2212 πέφυκεν,
1296 2128 1416 2187 ἄνευ
1467 2136 1566 2198 τῆς
1624 2137 1731 2187 τῶν
1778 2130 1870 2187 ἐν-

215 2216 391 2275 τολῶν
437 2218 708 2301 ἐργασίας,
752 2218 869 2277 οὔτε
923 2222 960 2290 ἡ
1014 2228 1121 2278 τῶν
1178 2212 1403 2277 ἐντολῶν
1454 2219 1691 2300 ἐργασία,
1752 2218 1872 2275 ἄνευ

216 2312 321 2376 λῆς
344 2310 568 2388 χάριτος
598 2321 693 2370 τοῦ
725 2312 876 2384 Θεοῦ,
912 2313 1181 2392 χρήσιμος
1207 2312 1294 2367 καὶ
1323 2309 1590 2391 ὠφέλιμός
1622 2309 1786 2368 ἐστιν.

298 2392 412 2458 πδ’.
466 2408 537 2457 Ον
566 2400 759 2479 τρόπον
787 2402 823 2469 ἡ
883 2400 1106 2480 ἄστεγος
1164 2402 1321 2475 οἰκία,
1368 2402 1404 2469 ἡ
1459 2400 1564 2456 ἀπό
1621 2397 1871 2475 ἀμελείας

212 2490 314 2546 τοῦ
375 2491 652 2554 κτίσαντος
715 2488 879 2554 οὕτως
946 2490 1183 2571 ἐαθεϊσα,
1248 2492 1310 2546 οὗ
1382 2489 1542 2564 μόνον
1599 2486 1870 2568 ἄχρηστός

214 2578 389 2659 ἐστιν,
446 2577 584 2635 ἀλλὰ
657 2581 747 2636 καὶ
800 2578 1189 2658 καταγελᾶσθαι
1245 2585 1322 2655 τῷ
1391 2578 1625 2635 κτίσαντι
1677 2574 1872 2657 προξε-

215 2682 333 2743 νεῖ,
393 2668 531 2726 οὕτω
586 2670 675 2725 καὶ
730 2670 758 2725 6
826 2670 948 2733 τοὺς
1002 2668 1271 2744 θεμελίους
1321 2673 1421 2735 τῆς
1466 2667 1709 2747 ἐργασίας
1766 2672 1874 2722 τῶν

213 2756 452 2815 ἐντολῶν
501 2754 992 2834 καταϐαλλόμενος,
1051 2760 1140 2816 καὶ
1200 2759 1414 2837 τοίχους
1468 2754 1689 2831 ὑψηλῶν
1743 2755 1871 2834 ἀρε-

210 2851 330 2902 τῶν
383 2847 711 2926 ἀναστήσας,
772 2847 860 2907 ἐὰν
918 2848 996 2923 μὴ
1052 2848 1140 2902 καὶ
1192 2846 1291 2913 τὴν
1348 2846 1506 2926 χάριν
1580 2844 1673 2900 τοῖ’)
1724 2844 1873 2921 ἁγίου

210 2936 546 3012 Πνεύματος,
622 2934 676 2992 ἐν
733 2936 922 3016 θεωρίᾳ
989 2936 1076 2991 καὶ
1131 2936 1323 3014 γνώσει
1380 2937 1561 3014 ψυχῆς
1613 2931 1868 3007 λήψεται,

205 3024 411 3095 ἀτελής
441 3026 576 3099 ἐστι,
614 3026 704 3081 καὶ
754 3026 896 3105 παρὰ
949 3030 1054 3080 τῶν
1114 3023 1330 3080 τελείων
1386 3021 1804 3098 κατελεούμενος
1851 3037 1865 3050 ⁹

208 3116 276 3173 ἐκ
334 3117 432 3195 γὰρ
487 3120 594 3173 τῶν
676 3112 780 3171 δύω
861 3113 1060 3171 τούτων
1124 3115 1327 3185 αἰτιῶν,
1404 3112 1601 3179 ταύτης
1648 3111 1871 3173 ’πάντως

209 3205 494 3285 ἐστέρηται
530 3223 543 3237 ⁸
579 3203 616 3272 ἢ
660 3204 762 3283 γὰρ
815 3207 915 3271 τῆς
974 3202 1250 3279 μετανοίας
1308 3199 1580 3278 ἠμέλησεν
1615 3219 1629 3235 ⁸
1677 3199 1714 3268 ἢ
1740 3201 1870 3278 πρὸς

210 3295 321 3362 τὴν
370 3300 474 3350 τῶν
529 3293 729 3373 ἀρετῶν
787 3291 1076 3372 συλλογὴν,
1154 3294 1227 3356 ὡς
1276 3294 1417 3371 ⁴πρὸς
1471 3287 1684 3364 ἄπειρον
1740 3286 1871 3355 ὕλην

206 3385 523 3462 ἀπειρηκὼς
581 3381 818 3458 ἐνέλιιψέ
875 3405 992 3439 τινα
1068 3388 1174 3439 τῶν
1253 3380 1544 3438 δοκούντων
1589 3381 1686 3456 μὲν
1734 3381 1870 3454 ἡμῖν

203 3473 536 3552 ἐλαχίστων,
597 3471 896 3549 ἀναγκαίων
983 3469 1038 3527 δὲ
1097 3469 1262 3527 ὄντων
1319 3472 1450 3549 πρὸς
1506 3470 1594 3526 τὸν
1653 3469 1872 3547 ἀπαρτι-

199 3564 350 3641 σμὸν
398 3561 491 3619 τοῦ
535 3560 690 3618 οἴκου
745 3566 851 3617 τῶν
907 3560 1131 3641 ἀρετῶν,
1190 3563 1264 3626 ὡς
1324 3568 1402 3637 μὴ
1446 3558 1687 3616 δύνασθαι
1750 3557 1870 3615 ἄνευ

200 3652 451 3729 ἐκείνων,
484 3648 569 3707 διὰ
589 3655 691 3718 τῆς
737 3650 830 3708 τοῦ
876 3650 1180 3726 Πνεύματος
1237 3651 1483 3730 χάριτος,
1519 3649 1869 3727 στεγασθῆναι

199 3741 396 3801 αὗτόν.

296 3809 408 3879 πε’.
443 3823 500 3879 Ei
529 3818 615 3877 διὰ
660 3825 816 3878 τοῦτο
845 3819 929 3876 ἐπὶ
957 3824 1056 3887 τῆς
1098 3824 1201 3898 γῆς
1253 3821 1282 3875 6
1338 3819 1456 3882 Υἱὸς
1498 3823 1593 3873 τοῦ
1625 3815 1756 3873 Θεοῦ
1782 3815 1872 3871 καὶ

204 3913 350 3973 Θεὸς
411 3907 694 3984 κατῆλθεν,
755 3907 848 3964 ἵνα
929 3905 995 3963 δι’
1082 3910 1268 3964 ἑαυτοῦ
1340 3902 1643 3983 καταλλάξη
1696 3905 1865 3982 ἡμᾶς,

202 3999 439 4081 ἐχθροὺς
470 3998 624 4062 ὄντας
680 4003 756 4073 τῷ
807 3994 920 4070 ἰδίῳ
976 3998 1160 4077 Πατρὶ,
1206 3996 1294 4053 καὶ
1349 3995 1559 4071 συνάψῃ
1616 3999 1868 4073 γνωστῶς

197 4093 358 4166 ἡμᾶς
381 4089 576 4162 ἑαυτῷ,
608 4084 692 4142 διὰ
745 4085 837 4143 τοῦ
881 4085 1031 4164 ἁγίου
1085 4086 1173 4142 καὶ
1229 4084 1506 4162 ὁμοουσίου
1568 4084 1869 4158 Πνεύματος

198 4184 393 4248 αὒτοῦ,
449 4180 477 4233 6
505 4176 701 4242 ταύτης
756 4174 1022 4232 ἐκπίπτων
1077 4180 1177 4242 τῆς
1236 4175 1483 4255 χάριτος,
1517 4170 1683 4239 ἄλλης
1712 4172 1867 4235 ποίας

198 4265 499 4347 τεύξεται,
559 4266 777 4330 Πάντως
832 4262 949 4323 οὒδὲ
1004 4262 1323 4341 κατηλλάγη
1382 4266 1546 4342 αύτῷ,
1610 4258 1726 4317 οὒδέ
1767 4260 1867 4327 τὴν

199 4353 334 4436 μετ’
378 4355 536 4415 αὗτοῦ
562 4351 772 4436 ἕνωσιν,
835 4351 921 4411 διὰ
972 4358 1071 4420 τῆς
1133 4353 1411 4431 μετουσίας
1442 4356 1534 4407 τοῦ
1562 4350 1868 4426 Πνεύματος

197 4447 448 4527 ἔσχηκεν
461 4494 471 4506 .

756 4401 772 4437 ξ

294 4613 441 4700 πς“’.
471 4630 588 4682 Τῶν
636 4622 731 4700 μὲν
794 4621 1043 4699 ἐμπιθῶν
1101 4620 1390 4697 ἐπιθυμιῶν
1432 4617 1523 4675 καὶ
1576 4614 1802 4692 ἦδονῶν’
1838 4616 1867 4672 δ

200 4698 500 4795 μετοσχὼν
530 4698 645 4770 τοῦν
677 4698 832 4769 θείουί
870 4710 1197 4791 Πνεύματος,
1256 4706 1650 4766 ἀπαλλάττεται
1684 4720 1698 4735 ⁸
1760 4705 1867 4761 τῶν

199 4794 265 4863 δὲ
324 4809 424 4871 τῆς
481 4802 686 4883 φύσεως
751 4805 1068 4876 σωματικῶν
1126 4800 1393 4878 ἀναγκῶν,
1455 4800 1514 4855 οὒ
1553 4794 1859 4875 χωρίζεται,

201 4894 318 4954 Καὶ
345 4895 419 4956 ὡς
470 4892 567 4968 μὲν
617 4888 975 4969 ἐλευθερωθεὶς
1031 4894 1138 4945 τῶν
1196 4886 1403 4962 δεσμῶν
1446 4890 1544 4953 τῆς
1598 4883 1862 4960 ἐμπαθοῦς

204 4979 463 5062 ὀρέξεως,
493 4980 581 5036 καὶ
610 4979 880 5059 συναφθεὶς
925 4982 994 5053 τῇ
1047 4976 1290 5049 ἀθανάτῳ
1344 4972 1466 5051 δόξῃ
1514 4993 1571 5029 τε
1614 4972 1702 5029 καὶ
1730 4970 1864 5050 γλυ-

201 5072 426 5142 κύτητι,
461 5067 809 5131 ἀδιαλείπτως
854 5065 962 5125 ἅνω
1022 5088 1079 5122 τε
1137 5067 1371 5145 βιάζεται
1431 5063 1595 5134 εἶναι,
1656 5063 1745 5117 καὶ
1774 5062 1865 5118 σὺν

208 5167 337 5237 Θεῷ
365 5158 588 5239 διάγειν,
618 5159 706 5215 καὶ
735 5154 869 5235 μηδὲ
919 5158 1050 5235 πρὸς
1094 5156 1268 5237 βραχὺ
1336 5157 1435 5220 τῆς
1488 5151 1865 5239 ἐκείνου-,θεω-

207 5253 330 5332 ρίας
374 5236 684 5331 ἀφίστασθαι
748 5248 836 5305 καὶ
888 5236 1171 5327 ἀκορέστου
1234 5246 1432 5324 τρυφῆς
1467 5257 1482 5272 ⁶
1552 5242 1626 5304 ὡς
1681 5236 1736 5295 δὲ
1790 5245 1868 5315 τῷ

296 5482 425 5565 (15)
447 5479 572 5569 ῌοο
588 5479 911 5569 capitulum
933 5479 1335 5569 interseritur:
1360 5475 1678 5569 Numquid
1690 5481 1881 5569 potest

205 5562 392 5627 homo
414 5562 775 5625 abscondere
800 5563 1000 5642 ignem
1019 5562 1085 5623 in
1103 5567 1391 5642 sz’nugsuo,
1417 5566 1485 5621 ut
1514 5562 1878 5642 υεδᾉιῡῃελιια

206 5643 345 5733 illia
358 5662 389 5706 3
404 5662 525 5733 non
537 5638 917 5733 qrdepttt,:ai_t
937 5640 1185 5733 Sapiens
1206 5640 1411 5733 (Prov.
1425 5655 1524 5733 ‘Vl,
1553 5640 1663 5715 27)
1678 5638 1713 5728 ,ἵ
1752 5638 1875 5717 Ego

207 5726 337 5788 aio:
362 5750 384 5781 ι
404 5722 999 5798 Quisintolerabilem
1021 5722 1212 5799 illum,
1237 5722 1873 5800 coelestetnqueignem

204 5803 731 5886 corde'suscipiet,
793 5809 853 5865 et
906 5819 1027 5866 non
1078 5800 1568 5878 inﬂammabitur,
1607 5815 1677 5863 ac
1705 5800 1873 5864 relu-

411 5964 667 6037 ΡΑπιοι..
698 5964 811 6034 Gn.
845 5963 1013 6035 CXX.

1966 875 2031 936 in
2062 875 2122 937 id
2155 876 2480 959 incumbat,
2517 886 2574 939 ut
2612 898 2714 959 per
2741 878 2896 941 bona
2952 899 3155 961 opera,
3188 890 3246 943 et
3277 882 3400 964 pias
3431 884 3618 946 actio-

1968 981 2095 1041 ne=,
2155 964 2782 1049 ferventissimamque
2870 969 3281 1050 paenitentiam
3344 972 3615 1053 accipiat,

1966 1062 2400 1136 acceptumque
2445 1056 2740 1118 mandatis
2799 1059 3132 1135 servandis,
3196 1068 3254 1121 et
3304 1060 3622 1125 virtutibus

1963 1141 2214 1223 insuper
2243 1145 2657 1225 comparandis
2686 1146 3002 1209 custodiat.

2047 1232 2144 1294 83.
2180 1231 2695 1304 Quemadmodum
2753 1242 2971 1297 tectum
3028 1239 3369 1317 quarumvis
3400 1242 3617 1307 aedium

1966 1338 2075 1403 per
2128 1321 2601 1400 fundamentum,
2680 1332 2738 1386 et
2794 1325 3082 1406 reliquam
3162 1328 3614 1396 aedificationem

1966 1417 2124 1473 stat:
2159 1410 2240 1472 ita
2293 1412 2555 1473 vicissim
2614 1413 3000 1477 fundamenta
3057 1424 3121 1476 ut
3180 1426 3335 1481 tecto
3367 1430 3612 1485 susten-

1964 1499 2143 1561 tando
2175 1500 2345 1594 utilia
2399 1509 2458 1563 et
2500 1504 2840 1566 necessaria
2888 1505 3236 1584 jaciuntnr:
3304 1517 3362 1570 et
3421 1528 3615 1594 neque

1964 1596 2187 1651 tectum
2221 1589 2350 1652 sine
2383 1590 2764 1654 fundamento
2797 1594 3062 1655 construi
3119 1595 3292 1673 solet,
3332 1616 3442 1661 nec
3472 1589 3613 1663 fun-

1961 1676 2237 1741 (lamenta
2266 1682 2415 1742 citra
2443 1689 2658 1742 tectum
2721 1701 2890 1743 usum
2946 1684 3154 1760 ullum,
3208 1692 3311 1749 aut
3341 1705 3613 1753 commo-

1962 1765 2104 1828 dum
2133 1767 2195 1829 in
2228 1769 2344 1830 vita
2374 1769 2614 1832 habent.
2649 1770 2746 1834 Sic
2772 1772 2951 1834 etiam
2983 1773 3182 1837 divina
3213 1777 3400 1854 gratia
3432 1798 3605 1843 man-

1960 1854 2115 1917 datis
2142 1856 2439 1921 obeundis
2469 1868 2878 1941 conservatur,
2912 1870 2969 1923 et
2997 1863 3266 1925 actiones
3298 1868 3608 1933 mandato-

1954 1962 2109 2013 rum.
2130 1953 2371 2028 propter
2386 1947 2608 2012 donum
2629 1950 2735 2012 Dei
2754 1950 3266 2014 fundamentiloco
3284 1966 3613 2034 ponuntur;

1952 2039 2013 2127 et
2031 2050 2227 2114 neque
2248 2036 2435 2115 gratia
2455 2037 2712 2118 Spiritus
2734 2041 2794 2100 in
2822 2040 2995 2102 nobis
3022 2059 3262 2103 manere
3276 2049 3607 2127 consuevit,

1953 2121 2070 2184 nisi
2129 2126 2403 2188 mandata
2487 2145 2858 2207 operemur:
2941 2149 3135 2211 neque
3194 2121 3605 2200 mandatorum

1953 2212 2217 2301 operatio
2247 2214 2473 2297 absque
2518 2216 2705 2296 gratia
2758 2218 2869 2282 Dei
2925 2220 3241 2281 commoda
3300 2223 3491 2301 nobis,
3542 2237 3613 2290 et

1949 2297 2253 2363 fructuosa
2282 2310 2391 2367 est.

2033 2390 2133 2481 8ft,
2170 2388 2334 2453 Sicut
2363 2392 2575 2456 domus
2608 2401 2761 2457 tecto
2806 2415 3036 2469 carens,
3089 2405 3190 2460 aut
3222 2400 3613 2481 incogitantia

1957 2478 2283 2543 conditoris
2305 2481 2390 2543 sic
2412 2493 2707 2545 exstructa
2729 2504 2862 2545 eum
2885 2485 3112 2548 inutilis
3142 2496 3248 2563 est;
3287 2499 3345 2551 tu
3358 2478 3420 2551 m'
3447 2504 3604 2572 pra!-

1956 2575 2120 2660 terea
2143 2570 2561 2633 aedificatorem
2596 2573 2915 2636 ridiculum
2968 2575 3103 2639 facit
3145 2598 3158 2637 :
3214 2579 3300 2640 sic
3334 2570 3605 2660 qui—fun-

1956 2657 2324 2734 damentum,
2360 2679 2575 2741 nempe
2598 2661 3073 2726 obserVationem
3089 2657 3425 2730 divinorum
3446 2688 3606 2733 man~

1956 2744 2248 2819 datorum,
2282 2750 2605 2825 constituit,
2667 2766 2869 2813 muros
2921 2754 3287 2817 excelsarum
3323 2760 3603 2821 virtutum

1954 2835 2248 2912 excitavit,
2282 2837 2394 2901 nisi
2428 2840 2600 2901 etiam
2634 2841 2890 2930 Spiritus
2920 2844 3167 2923 gratiam
3202 2862 3268 2907 se
3298 2849 3605 2930 accepisse

1955 2944 2088 2986 cum
2119 2926 2315 2989 anima
2347 2946 2451 2989 sua
2479 2929 2690 2991 viderit
2744 2941 2919 3012 atque
2977 2935 3339 3011 cognoverit,
3376 2926 3601 3019 imper-

1953 3013 2166 3096 fectus,
2226 3024 2284 3077 et
2331 3018 2608 3097 perfectis
2666 3020 3037 3083 miserationi
3095 3030 3201 3084 est.
3264 3013 3496 3088 Etenim
3532 3044 3601 3091 ea

1894 3098 2122 3166 Chisce
2164 3104 2391 3167 duabus
2446 3107 2522 3168 de
2578 3109 2777 3170 causis
2837 3111 3081 3172 omnino
3137 3114 3429 3193 spoliatus
3488 3125 3599 3180 est.

1952 3191 2073 3253 Aut
2099 3193 2257 3254 enim
2290 3196 2702 3275 pmnitentiam
2741 3199 3049 3279 vilipcndit
3084 3221 3097 3263 :
3159 3191 3257 3262 aut
3289 3201 3603 3269 virtutibus

1953 3281 2324 3359 colligendis,
2380 3294 2441 3345 ut
2499 3286 2556 3346 in
2618 3287 2851 3365 negotio
2912 3287 3206 3350 immenso
3267 3292 3507 3371 defecit,
3544 3302 3603 3358 et

1954 3371 2239 3432 nonnulla
2273 3374 2687 3451 praetermisit;
2750 3392 2880 3456 qua:
2909 3394 3243 3458 quanquam
3276 3381 3449 3442 nobis
3483 3384 3599 3445 mi-

1955 3459 2116 3520 nima
2141 3460 2435 3536 videntur,
2499 3471 2696 3524 tamen
2753 3464 2823 3525 ad
2884 3466 3124 3527 domum
3178 3467 3598 3533 absolvendam

1953 3549 2292 3611 necessario
2354 3550 2759 3633 requiruntur,
2822 3554 2969 3616 citra
3028 3573 3164 3634 qua;
3212 3566 3433 3619 tectum
3497 3579 3603 3641 per

1950 3638 2199 3719 gratiam
2230 3637 2487 3720 Spiritus
2517 3640 2745 3723 imponi
2776 3642 3119 3725 neutiquam
3151 3652 3367 3726 potest.

2033 3816 2132 3877 85.
2162 3814 2578 3905 Si,DeiFilius
2609 3818 2832 3882 idcirco
2863 3820 2922 3881 in
2953 3832 3142 3884 terras
3173 3821 3465 3905 delapsus‘
3486 3835 3599 3902 est,

1952 3913 2014 3965 ut
2047 3923 2156 3966 nus
2186 3924 2318 3967 cum
2354 3904 2474 3967 Deo
2535 3906 2729 3991 Patre,
2789 3910 2893 3971 cui
2943 3925 3185 3972 eramus
3210 3912 3463 3990 inimici,
3499 3935 3607 3997 per

1950 3993 2337 4075 semetipsum
2366 3994 2426 4056 in
2457 3996 2703 4085 gratiam
2736 3999 3053 4060 reduceret
3077 4021 3093 4074 ;
3116 4000 3353 4079 sibique
3373 4022 3479 4065 nos
3500 3993 3609 4085 per

1953 4090 2218 4145 sanctum
2253 4093 2312 4146 et
2341 4084 2909 4148 consubstantialem
2960 4087 3251 4169 Spiritum
3296 4084 3609 4167 suum,iila

1954 4180 2018 4234 ut
2042 4171 2194 4235 scire
2227 4182 2284 4234 et
2333 4193 2694 4253 cognoscere
2757 4195 3086 4257 possemus,
3148 4180 3469 4259 copularet,
3506 4183 3609 4264 qui

1950 4263 2059 4323 hac
2085 4261 2275 4341 gratia
2322 4264 2564 4346 excidit,
2619 4285 2795 4347 quam
2855 4267 3055 4341 aliam,
3118 4267 3351 4343 amabo,
3387 4261 3604 4332 conse-

1952 4350 2217 4431 quetur?
2264 4354 2538 4429 Prorsus,
2606 4371 2715 4416 nec
2774 4356 2930 4416 Patri
2988 4357 3433 4434 reconciliatus,
3496 4379 3608 4422 nec

1880 4439 2101 4522 DFilio
2133 4459 2239 4520 per
2270 4438 2529 4529 Spiritus
2560 4442 2750 4504 sancti
2800 4444 3317 4526 participationem
3350 4448 3607 4529 conjun-

1951 4536 2101 4603 ctus,
2137 4536 2313 4608 atque
2345 4528 2543 4589 unitus
2576 4538 2669 4592 est
2698 4530 2851 4611 (15).

2030 4620 2128 4680 86.
2163 4616 2273 4690 Qui
2304 4616 2530 4699 Spiritu
2587 4628 2791 4683 sancto
2841 4628 2935 4683 est.
2988 4621 3355 4705 impertitus,
3393 4624 3605 4689 turbu-

1948 4705 2129 4769 lentis
2186 4705 2608 4787 cupiditatibus
2668 4708 3181 4791 voluptatibusque
3257 4712 3604 4793 absolvitur,

1948 4804 2175 4858 naturae
2199 4804 2401 4856 autem
2435 4804 2495 4858 et
2525 4797 2760 4879 corpori
2789 4817 2935 4878 qum
2981 4801 3219 4873 serviat,
3258 4802 3455 4865 facere
3488 4823 3609 4866 non

1947 4892 2155 4966 potest.
2194 4883 2265 4945 Et
2296 4883 2471 4946 simul
2504 4884 2756 4948 vinculis
2790 4888 3008 4950 turbidi
3071 4893 3368 4971 appetitus
3400 4904 3607 4955 exem-

1948 4982 2106 5056 ptus,
2140 4972 2590 5053 immortalique
2608 4974 2830 5053 gloriae,
2867 4983 2923 5037 et
2959 4977 3265 5040 dulcedini
3295 4980 3609 5043 devinctus

1949 5072 2058 5130 est,
2097 5080 2336 5142 semper
2362 5061 2423 5123 in
2454 5062 2596 5124 caelo
2629 5080 2784 5139 esse,
2833 5072 2894 5127 et
2951 5083 3084 5127 cum
3121 5067 3241 5130 Deo
3268 5069 3516 5145 versari,
3551 5078 3612 5133 et

1950 5154 2027 5212 ab
2058 5152 2187 5230 ejus
2238 5157 2584 5232 conspectu,
2635 5151 2989 5235 deliciisque
3046 5163 3349 5237 nunquam
3383 5157 3607 5220 satian-

1949 5243 2106 5305 tibus
2136 5260 2212 5302 ne
2241 5241 2314 5303 ad
2332 5247 2700 5304 momentum
2715 5241 2956 5324 quidem
2970 5243 3259 5309 absistere
3276 5248 3605 5311 contendit.

1962 5473 2599 5560 cebit,_etDivin_itatis
2647 5475 2776 5558 ipse
2832 5490 3068 5560 quoque
3125 5477 3324 5541 radios
3354 5477 3612 5559 emittet,

1961 5555 2650 5639 secundgumganal‘ogiam
2673 5555 3081 5639 purgationis,
3114 5569 3171 5621 e‘t
3193 5555 3619 5625 communicati

1959 5636 2121 5719 ignis
2143 5635 2469 5719 videlicet?
2501 5635 2826 5719 puritatem
2850 5639 3019 5701 enim'
3047 5641 3412 5719 communio,
3443 5659 3615 5704 com-

1958 5717 2307 5806 munionem
2339 5716 3022 5806 illuminatiqsequitur.
3081 5721 3182 5784 Sic
3229 5716 3406 5786 homo
3437 5722 3618 5806 plane

1956 5796 2116 5863 Deus
2147 5813 2255 5881 per
2280 5796 2539 5878 gratiam
2559 5797 2778 5865 evadit.
2816 5796 2845 5861 ἱ

3219 5916 3367 6030 at
