4120 6378
445 351 554 418 651
1756 350 2134 420 SYMEONIS
2174 350 2511 423 IUNIORIS
3716 358 3839 429 652

446 496 633 557 Porro
667 492 903 556 mortali
924 509 1195 574 corpore,
1230 509 1342 553 ceu
1373 489 1602 572 pedicis
1635 490 1997 571 implicatus,
2030 493 2094 553 ab

2185 493 2393 568 σώματι
2436 491 2524 547 καὶ
2577 496 2645 568 τῇ
2687 494 2850 572 φθορᾷ
2906 488 3318 567 ἐμπεδούμενος,
3380 490 3468 550 ὑπ’
3528 498 3685 554 αὐτοῦ
3735 518 3806 552 κα

449 586 663 651 eodem
695 585 973 664 traqitur,
1007 590 1065 644 et
1093 580 1165 643 ad
1200 589 1439 642 terrena
1489 580 1838 642 distrahitur
1871 601 1886 662 ;
1919 581 2094 642 inde-

2183 588 2440 639 τασπᾶται
2470 580 2557 635 καὶ
2600 580 2834 660 σύρεται,
2885 582 2972 636 καὶ
3029 581 3159 660 πρὸς
3221 581 3285 637 τὰ
3327 583 3495 660 γήϊνα
3522 582 3839 665 ἐπιστρέφε-

448 697 567 760 que
592 684 822 739 tantum
849 690 1163 735 maerorem
1196 670 1464 749 suscipit,
1500 679 1805 751 quantum,
1842 679 1905 731 ut
1929 670 2094 732 arbi-

2183 694 2264 728 ται
2300 693 2312 707 ·
2346 671 2435 727 καὶ
2476 670 2740 736 τοσαύτην
2770 677 3061 736 τηνικαῦτα
3090 671 3218 750 ὑπὲρ
3280 672 3479 728 τούτων
3539 674 3637 740 τὴν
3665 672 3842 741 λύπην

451 758 605 849 tror,
638 764 838 828 anima
885 761 1215 845 peccatoris
1243 780 1278 823 a
1306 778 1557 842 corpore
1614 768 1884 841 separata
1914 778 2060 841 evpe
2089 796 2094 804 -

2183 759 2320 842 ἔχει,
2382 759 2537 828 ὅσην,
2604 760 2785 849 οἶμαι,
2845 758 3160 839 ἁμαρτω).οὖ
3228 760 3413 840 ψυχὴν
3465 764 3839 841 χωριζομένην

450 848 622 921 ritur.

2183 849 2299 930 ἔχει
2325 850 2442 930 ἀπο
2462 849 2554 905 τοῦ
2580 848 2852 922 σώματος.

529 947 630 1010 87.
665 940 1173 1016 Quemadmodum
1205 938 1308 1020 qui
1336 955 1579 1020 corpus,
1634 937 1736 1019 qui
1764 938 1967 1013 vitam,
2000 939 2094 1021 qui

2214 921 2376 1009 ,σπζξ
2417 921 2609 1016 ἶὶσπερ
2639 943 2714 1011 τῷ
2765 935 3127 1017 φιλοσωμάτῳ
3189 940 3278 996 καὶ
3329 938 3594 1021 φιλοζώῳ,
3637 942 3713 1016 τῷ
3742 965 3842 1019 φι-

450 1034 801 1115 voluptates,
834 1028 934 1111 qui
966 1026 1250 1089 mundum
1310 1034 1515 1088 amant
1572 1035 1632 1115 et
1661 1035 2094 1101 consectantur,

2184 1027 2394 1101 ληδόνῳ
2452 1028 2541 1083 καὶ
2593 1024 2926 1107 φιλοκόσμῳ,
2986 1027 3014 1081 6
3072 1031 3351 1106 χωρισμὸς
3408 1036 3514 1086 τῶν
3585 1032 3842 1088 τοιούτων

448 1123 524 1185 iis
552 1113 739 1184 instar
768 1117 976 1180 mortis
1002 1125 1091 1179 est
1119 1115 1213 1191 ab;
1240 1116 1333 1178 his
1362 1114 1595 1196 sejungi
1645 1134 1713 1178 ac
1752 1116 1989 1179 divelli:
2024 1116 2094 1177 ita

2185 1116 2405 1179 θάνατός
2462 1115 2625 1190 ἐστιν,
2688 1113 2826 1171 οὕτω
2878 1121 2955 1189 τῷ
3022 1113 3260 1194 φιλάγνῳ
3309 1121 3397 1175 καὶ
3454 1119 3703 1200 φιλοθὲῳ,
3762 1124 3846 1196 τῷ

450 1213 553 1296 qui
584 1209 937 1283 castitatem,
993 1206 1094 1288 qui
1151 1205 1525 1296 Deum,gqui
1577 1224 1675 1267 res
1732 1206 2005 1296 caalestes
2034 1224 2094 1267 ac

2185 1204 2423 1288 φιλαὺλῳ
2450 1206 2537 1260 καὶ
2566 1203 2829 1283 φιλαρέτῳ
2884 1205 3105 1269 θάνατος
3164 1213 3240 1280 τῷ
3294 1206 3403 1264 ὄντι
3459 1209 3598 1267 ἐστὶν
3647 1210 3707 1267 ἐκ
3733 1218 3844 1267 τῶν

447 1294 868 1382 sempiternas,
902 1296 1001 1378 qui
1030 1296 1306 1358 virtutem
1367 1294 1645 1372 diligunt,
1678 1296 1768 1356 vel
1801 1295 2102 1377 paulisper

447 1390 521 1454 ab
554 1390 646 1451 his
676 1387 878 1451 animo
910 1394 970 1448 et
999 1384 1355 1465 cogitatione
1386 1384 1650 1465 separari
1681 1384 1911 1465 plagam
1947 1403 2101 1448 mor-

445 1480 679 1544 tiferam
712 1482 1050 1538 numerant.
1082 1474 1146 1536 Si
1180 1473 1343 1536 enim
1374 1472 1477 1554 qui
1500 1473 1701 1535 lumen
1733 1478 1881 1534 istuc
1912 1474 2102 1535 sensi-

442 1568 567 1632 bile
596 1568 851 1645 intuetu,
914 1582 1048 1626 cum
1101 1562 1340 1643 paulum
1400 1563 1605 1623 oculos
1663 1561 1966 1638 clauserit,
2000 1571 2102 1624 aut

445 1657 740 1742 quispiam
768 1655 857 1717 illi
890 1654 1131 1717 eosdem
1166 1652 1492 1735 opereruit,
1525 1652 1710 1742 dolet,
1761 1661 1819 1742 et
1848 1652 1907 1715 id
1937 1672 2099 1727 aegre

443 1741 661 1830 patitur
695 1744 1017 1826 {praecipue
1071 1761 1203 1804 cum
1254 1741 1661 1804 necessarium
1715 1741 1964 1823 aliquid,
1999 1750 2100 1803 aut

2182 1295 2430 1352 τοιούτων
2462 1296 2498 1363 ἡ
2543 1295 2704 1373 μικρᾶ
2732 1299 2829 1360 τῆς
2874 1291 3103 1357 διανοίας
3159 1292 3451 1361 διάστασις,
3506 1301 3563 1355 Εἰ
3594 1301 3693 1379 γὰρ
3726 1303 3754 1357 ὁ
3777 1301 3845 1356 τὸ

2182 1391 2294 1463 φῶς
2343 1386 2477 1462 ὁρῶν
2534 1384 2596 1438 τὸ
2652 1382 2923 1455 αἱσθήτὸν,
2988 1381 3077 1437 ἐὰν
3131 1387 3317 1464 μικρὸν
3375 1387 3517 1464 μύση
3566 1389 3687 1453 τοὺς
3736 1389 3845 1469 ἀφ-

2180 1472 2435 1551 θαλμοὺς,
2466 1470 2502 1539 ἢ
2560 1469 2938 1549 κατακαλυφθῇ
2986 1472 3200 1535 τούτους
3260 1472 3345 1555 ὑφ’
3401 1475 3604 1556 ἑτέρου,
3664 1476 3843 1557 ἄχθε-

2181 1584 2266 1618 ται
2294 1564 2383 1619 καὶ
2412 1560 2681 1639 λυπεῖται,
2740 1560 2828 1615 καὶ
2871 1559 3043 1638 φέρειν
3087 1559 3226 1625 ὅλως
3285 1570 3440 1621 τοῦτο
3486 1565 3544 1621 οὒ
3572 1563 3782 1624 δύναται
3823 1587 3840 1601 ·

2179 1653 2269 1708 καὶ
2337 1648 2567 1727 μάλιστα
2622 1648 2711 1705 ἐὰν
2764 1647 3031 1726 ἀναγκαῖά
3102 1673 3218 1707 τινα
3276 1654 3362 1708 καὶ
3430 1651 3700 1733 παράδοξα
3769 1655 3843 1724 ἧν

2182 1744 2338 1820 ὁρῶν,
2371 1739 2523 1813 πόσῳ
2570 1736 2770 1814 μᾶλλον
2818 1739 2846 1794 6
2902 1737 2955 1793 ἐν
3008 1738 3142 1816 ἁγίῳ
3199 1742 3554 1821 φωτιζόμενος
3601 1743 3843 1819 Πνεύμα-

448 1822 802 1900 admirabile
832 1822 1615 1921 aspicitetcontemplatur),
1642 1837 1861 1912 quanto
1888 1831 2094 1911 magis,

2183 1852 2252 1903 τι,
2284 1829 2370 1886 καὶ
2399 1829 2464 1884 τὰ
2493 1828 2664 1905 ἀγαθὰ
2688 1826 2868 1921 ξκεϊνα
2924 1829 3060 1921 ὁρέόν
3116 1828 3253 1909 ὕπαρ
3294 1833 3383 1886 καὶ
3412 1839 3630 1911 νοερῶς,
3663 1831 3838 1911 ἐγρη-

446 1926 547 2008 qui
606 1922 830 2005 Spiritu
887 1928 1092 1983 sancto
1149 1920 1501 1997 illustratus,
1563 1919 1720 1983 bona
1765 1920 1928 1983 illius
1959 1940 2094 1984 vere

2183 1925 2353 1999 γορῶν
2382 1919 2471 1974 καὶ
2529 1914 2791 1973 καθεύδω-ι
2825 1932 2870 2008 ’Δ
2910 1939 2937 1970 α
2982 1914 3046 1973 ”Α
3102 1917 3371 2008 δφθαλμὸς
3432 1922 3527 1978 οὐκ
3575 1919 3715 1995 οἶδε,
3750 1944 3821 1978 κα

447 2003 1033 2089 videt,etiutelligit,
1056 2018 1118 2072 et
1143 2009 1390 2088 vigilans
1420 2017 1481 2072 et
1507 2009 1851 2072 dormiens:
1895 2031 1925 2072 ‹
1955 2009 2094 2083 Quaa

2183 2008 2269 2072 οὖς
2297 2011 2392 2067 οὐκ
2446 2005 2662 2086 ἤκουσε,
2708 2006 2797 2061 καὶ
2854 2003 2938 2061 ἐπὶ
2997 2004 3210 2085 καρδίαν
3266 2008 3537 2088 ἀνθρώπου
3599 2012 3692 2067 οὒκ
3741 2010 3843 2067 ἀν-

444 2103 652 2166 oculus
684 2120 802 2162 non
832 2100 997 2175 vidit,
1027 2108 1087 2162 et
1116 2099 1277 2161 auris
1335 2117 1454 2159 non
1510 2099 1754 2174 audivit,
1808 2108 1869 2162 et
1901 2100 1961 2162 in
1993 2119 2094 2162 cor

2183 2096 2301 2178 ἐὸη,
2366 2117 2391 2155 ι
2454 2099 2527 2160 εἷς
2584 2096 2617 2152 ἃ
2672 2095 2977 2174 παρακύψαι
3063 2098 3151 2152 καὶ
3216 2097 3435 2176 ἄγγελοι
3498 2099 3843 2175 ἐπιθυμοῦσιν

440 2190 702 2256 hominis
734 2209 850 2251 non
882 2189 1288 2252 ascenderunt
1315 2187 1390 2250 η.
1416 2187 1478 2249 in
1501 2207 1632 2269 quae
1650 2195 1708 2250 et
1730 2190 1926 2268 angeli
1950 2208 2094 2270 pro-

2183 2187 2265 2243 ἐὰν
2323 2185 2643 2260 ἀποσπασθῇ
2700 2183 2760 2240 ἐκ
2814 2191 2910 2255 τῆς
2966 2190 3072 2240 τῶν
3138 2188 3388 2244 τοιούτων
3445 2191 3662 2269 θεωρίας
3732 2190 3840 2247 ὑπό

438 2299 673 2364 spicere
704 2278 1048 2341 desiderant
1074 2277 1149 2352 ‘3,
1211 2305 1231 2333 ο
1284 2276 1335 2338 si
1365 2276 1437 2338 ab
1468 2278 1683 2340 borum
1717 2279 2091 2359 contempla-

2183 2297 2341 2343 τινος,
2402 2273 2762 2343 λυπηθήσεται
2834 2274 2922 2329 καὶ
3006 2271 3375 2358 θλιϐώσεται,
3454 2278 3675 2342 θάνατος
3735 2280 3841 2358 γὰρ

439 2358 603 2433 tione
632 2368 705 2431 ab
737 2368 935 2448 aliquo
966 2366 1523 2446 abstractusl'uerit,
1557 2358 2006 2431 contristabitur
2034 2375 2093 2431 et

2183 2366 2314 2438 κύτῷ
2344 2361 2491 2420 δοκεῖ
2537 2371 2714 2435 τοῦτο,
2776 2362 2862 2417 καὶ
2904 2358 3247 2441 ἇλλοτρίωσις
3304 2366 3520 2431 εἰκότως
3575 2372 3675 2434 τῆς
3704 2368 3833 2423 αἰω-

434 2459 728 2539 ai'fligetur
752 2464 799 2532 (t
815 2457 879 2538 6)
900 2454 926 2519 ἲ

2183 2452 2289 2512 νίου
2317 2457 2460 2539 ζωῆς
2472 2499 2483 2512 .

522 2532 624 2612 8ἒ.
657 2546 828 2612 Multi
845 2532 1212 2619 solitarium,
1268 2544 1370 2607 alii
1428 2544 1693 2621 mistum,
1735 2546 1791 2607 id
1824 2553 1933 2621 est,
1969 2565 2094 2609 cte-

2260 2532 2383 2609 πη’.
2414 2539 2609 2597 Πολλοὶ
2636 2539 2730 2615 μὲν
2760 2540 2849 2596 τὸν
2898 2539 3174 2619 ἐρημικὸν,
3231 2540 3381 2598 ἄλλοι
3411 2541 3465 2599 δὲ
3489 2546 3581 2600 τὸν
3612 2543 3833 2623 μιγάδα,

443 2637 774 2701 nobiticum
806 2636 941 2697 vitae
969 2654 1159 2715 genus
1188 2634 1426 2697 beatum
1458 2645 1923 2699 numeraverunt
1951 2657 1967 2713 ;
1999 2637 2094 2706 alii

2183 2631 2344 2710 ἤγουν
2370 2633 2460 2686 τὸν
2505 2627 2841 2686 κοινοϐιακὸν
2893 2630 3216 2709 ἐμακάρισαν
3272 2633 3407 2709 βίον,
3466 2633 3634 2713 ἕτεροι
3691 2632 3838 2691 δὲτὸ

445 2746 705 2810 praeesse
738 2726 976 2806 populo,
1010 2724 1358 2801 admonere,
1385 2725 1624 2798 docere,
1651 2723 1947 2786 Ecclesias
1961 2745 2094 2787 con-

2183 2724 2537 2800 προίστασθαι
2596 2717 2750 2791 λαοῦ,
2811 2722 2956 2774 νουθε
2991 2732 3072 2776 εἴν
3131 2741 3186 2776 νε
3256 2723 3342 2777 καὶ
3408 2720 3687 2802 διδάσκειν,
3747 2725 3839 2780 καὶ

445 2805 697 2878 stituere
728 2805 788 2874 et
815 2805 1118 2886 ordinare,
1170 2811 1333 2872 unde
1381 2810 1790 2892 compluribus
1815 2812 2094 2876 alimonia

2183 2816 2423 2881 συνιστᾷν
2455 2806 2774 2873 Ἐκκλησίας
2885 2805 2936 2872 ἐξ
2996 2810 3070 2862 ὧν
3135 2805 3369 2888 διάφοροι
3427 2818 3746 2887 σωματικῶς
3775 2833 3836 2867 τε

444 2922 563 2985 qua
591 2901 827 2981 animae,
862 2919 976 2981 qua
1007 2899 1274 2980 corporis
1304 2898 1485 2960 tribui
1518 2899 1689 2960 solet.
1721 2898 1840 2980 Ego
1870 2901 2091 2961 nullum

2183 2900 2265 2955 καὶ
2323 2903 2570 2978 ψυχικῶς
2628 2896 2888 2976 πεφύκασι
2952 2893 3334 2977 διατρέφεσθαι,
3426 2896 3568 2979 Ἐγὼ
3636 2898 3691 2956 δὲ
3749 2904 3838 2959 οὗ-

444 2983 659 3055 horum
691 2989 862 3052 alteri
894 2989 1275 3070 praetulerim,
1340 3006 1534 3069 neque
1593 2989 1703 3050 hoc
1733 2988 2094 3051 laudandum

2183 2985 2382 3066 δὲτερον
2433 2985 2632 3043 τούτων
2687 2991 2779 3039 τοῦ
2850 2983 3025 3062 ἑτέρου
3107 2987 3442 3066 προκρίναιμι
3477 3007 3493 3025 ⁸
3568 2987 3685 3045 οὒδὲ
3740 2990 3836 3046 τὸν

442 3067 1100 3171 illud__vitupe.iandum
1156 3067 1457 3171 dixerim}
1512 3079 1862 3171 generatim.
1929 3086 1987 3140 et
2036 3080 2094 3140 in

2183 3076 2274 3152 μὲν
2305 3075 2540 3147 ἐπαίνου,
2570 3075 2660 3129 τὸν
2719 3070 2773 3127 δὲ
2812 3067 3000 3171 ’διόγου
3056 3072 3197 3140 ἄξιον
3241 3076 3451 3153 εἴποιμι
3509 3076 3595 3158 ἂν,
3628 3076 3747 3134 ἀλλ’
3781 3076 3839 3133 ὲν

444 3167 727 3232 omnibus
814 3165 1094 3248 operious
1161 3164 1613 3245 actionibusque
1690 3166 1807 3228 vita
1859 3174 2099 3248 propter

440 3256 631 3320 Deum
657 3255 1057 3318 etsecundum
1084 3255 1270 3316 Deum
1298 3253 1616 3331 actalonge
1632 3254 2095 3321 beatissimaest.

524 3347 623 3412 89.
659 3345 825 3408 Sicut
854 3342 1105 3406 diversis
1132 3342 1357 3403 artibus
1413 3360 1479 3403 ac
1540 3343 1808 3405 scientiis
1836 3344 1952 3405 vita
1978 3346 2096 3406 hu-

443 3454 621 3498 mana
646 3433 1010 3508 continetur,
1078 3431 1219 3494 dum
1279 3431 1431 3493 alius
1489 3431 1662 3508 hanc,
1724 3431 1875 3495 alius
1931 3433 2092 3495 illam

442 3530 675 3603 tractat,
707 3522 1005 3594 videlicet,
1039 3528 1217 3601 atque
1253 3518 1483 3580 confert
1520 3527 1581 3581 et
1636 3520 1912 3581 homines
1962 3541 2096 3584 mu-

445 3620 607 3674 tuum
641 3610 1176 3682 communicantes,
1236 3608 1572 3690 quibusque
1627 3628 1843 3690 corpus
1871 3609 2097 3690 indiget

441 3701 699 3763 vicissim
729 3708 1030 3773 navautes,
1067 3699 1146 3760 ita
1174 3706 1405 3759 aetatem
1448 3699 1761 3759 traducunt
1795 3719 1807 3759 :
1841 3698 1999 3760 idem
2030 3699 2096 3761 in

445 3789 856 3870 spiritualibus
882 3788 1087 3849 videre
1112 3787 1272 3849 licet.
1296 3784 1573 3858 Quamvis
1604 3787 1763 3848 enim
1795 3787 1897 3849 alii
1924 3788 2097 3850 aliam

445 3879 727 3941 virtutem
752 3877 1049 3951 excolant,
1079 3882 1137 3937 et
1152 3876 1258 3937 alii
1276 3875 1391 3937 alia
1410 3875 1760 3937 vivendivia
1788 3875 2093 3954 incedam,

529 4054 635 4118 121
664 4059 798 4121 Cor.
833 4072 898 4137 ιι,
932 4054 993 4119 9.
1081 4052 1132 4096 13
1161 4071 1179 4117 ι
1209 4053 1368 4119 Petr.
1415 4071 1457 4130 ι,
1493 4053 1591 4117 l2.

526 4226 652 4302 (16)
685 4228 982 4286 Pontanus
1011 4222 1175 4285 addit
1221 4222 1476 4303 capitula
1528 4224 1639 4285 tria
1671 4239 1685 4285 ε
1753 4246 1779 4279 «
1812 4221 2096 4295 Quando-

2178 3165 2334 3221 παντὶ
2375 3164 2464 3220 καὶ
2514 3162 2570 3217 ἐν
2624 3168 2783 3217 πᾶσιν
2827 3160 2999 3241 ἔργοις
3044 3165 3131 3219 καὶ
3183 3162 3450 3244 πράξεσιν,
3511 3169 3540 3224 6
3590 3165 3675 3223 διὰ
3706 3167 3836 3225 Θεὸν

2179 3255 2266 3310 καὶ
2309 3253 2444 3309 κατὰ
2477 3252 2605 3308 Θεόν
2636 3251 2747 3327 βίος
2789 3252 3256 3331 παμμακάριστος.

2262 3331 2374 3403 πθ’.
2432 3339 2676 3419 Καθάπερ
2733 3338 2795 3395 ἐκ
2850 3336 3110 3419 διαφόρων
3195 3350 3287 3400 τοῦ
3355 3343 3466 3419 βίου
3524 3340 3840 3417 ἐπιστημῶν

2178 3431 2266 3487 καὶ
2293 3434 2505 3509 τεχνῶν
2555 3430 2582 3485 6
2624 3433 2731 3484 τῶν
2794 3427 3081 3508 ἀνθρώπων
3138 3429 3250 3507 βίος
3309 3430 3633 3505 συνίσταται,
3668 3428 3838 3487 ἆλλου

2179 3517 2348 3587 ἄλλην
2437 3517 2788 3598 ἐργαζομένου
2885 3516 3128 3584 δηλονότι
3220 3541 3309 3597 καί
3377 3521 3831 3600 συνεισφέροντος,

2176 3611 2265 3666 καὶ
2321 3607 2575 3678 ἆὶλήλοις
2630 3605 2766 3663 οὕτω
2840 3604 3228 3683 μεταδιδόντες,
3304 3610 3393 3666 καὶ
3460 3608 3511 3676 ἐξ
3582 3608 3839 3680 ἀλλήλων

2179 3694 2673 3775 μεταλαμϐάνοντες
2719 3702 2875 3768 ζῶσιν
2929 3699 2976 3752 οἱ
3024 3695 3306 3778 ἅνθρωποι,
3368 3699 3464 3763 τὰς
3521 3701 3835 3775 σωματικὰς

2181 3787 2364 3868 χρείας
2409 3791 2477 3862 τῇ
2531 3787 2678 3866 φύσει
2730 3784 3057 3865 παρέχοντες
3093 3804 3108 3818 ⁸
3171 3786 3335 3851 οὕτως
3394 3787 3535 3845 ἔστιν
3564 3786 3695 3845 ἰδεῖν
3747 3792 3839 3847 καὶ

2180 3876 2266 3933 ἐπὶ
2312 3881 2418 3932 τῶν
2472 3881 2840 3951 πνευματικῶν
2873 3887 2889 3905 ⁶
2953 3873 3113 3933 ἄλλου
3168 3875 3336 3945 ἄλλην
3392 3877 3586 3959 ἀρετὴν
3624 3878 3837 3955 μετιόν-

2178 4222 2480 4306 incursus,
2513 4220 2671 4283 bella
2703 4230 2759 4306 et
2791 4241 3018 4304 pugnas
3047 4221 3346 4306 somniat:
3377 4232 3592 4306 etcum
3618 4225 3840 4306 quibus

446 4305 686 4388 quidem
720 4305 1032 4388 bipartitus
1060 4313 1150 4365 est
1178 4302 1380 4388 homo,
1414 4322 1485 4365 ex
1531 4322 1781 4388 corpore
1810 4302 2092 4388 nimirum
2180 4302 2358 4388 habet
2381 4302 2873 4388 controversiam,
2910 4304 3167 4388 cum__iis
3221 4304 3391 4388 quasi
3443 4305 3597 4386 apud
3631 4302 3836 4388 {ribu-

444 4382 504 4448 ét
531 4386 730 4448 anima
761 4382 1163 4469 compositus,
1177 4384 1360 4469 etiam
1389 4382 1649 4469 mundus
1667 4384 1720 4445 ei
1744 4384 2099 4445 convenieu-
2118 4388 2164 4449 D
2184 4384 2338 4445 nalia
2363 4382 2739 4469 digladiatur.
2767 4383 2873 4469 Si_u_
2894 4402 3032 4464 pars
3053 4383 3176 4463 illa,
3201 4382 3280 4469 _i_u
3319 4402 3433 4465 qua
3463 4382 3619 4469 viget
3647 4387 3831 4469 ratio,

445 4483 536 4528 ter
565 4476 799 4528 creatus
831 4464 940 4541 est,
975 4464 1341 4546 visibilis,et
1370 4464 1605 4546 utrique
1624 4465 1859 4546 horum,
1884 4483 2091 4546 opera,

2184 4463 2519 4543 arrogantia
2550 4472 2607 4524 et
2637 4463 2917 4543 superbia
2962 4483 3094 4525 sese
3138 4464 3323 4543 tollat,
3341 4463 3483 4526 itum
3515 4463 3738 4527 volatus
3771 4463 3837 4530 in

445 4556 503 4610 et
530 4565 688 4609 cura:
718 4564 962 4627 operum
993 4556 1141 4626 aptae
1172 4543 1489 4627 etidoueaa
1510 4543 1898 4607 distributae.
1926 4543 2099 4617 ’Quod
2184 4543 2653 4627 aera,_subli_mes
2685 4543 2949 4619 thronos,
2979 4544 3329 4627 populorum
3358 4545 3746 4626 principatus,
3773 4547 3839 4611 in

444 4628 620 4690 etiam
657 4627 732 4687 de
755 4623 896 4688 visis
926 4634 984 4687 et
1014 4623 1264 4707 somniis
1307 4644 1519 4707 verum
1548 4643 1680 4686 esse
1711 4633 2096 4689 censuerunt.
2185 4624 2460 4686 cuiribus
2487 4623 3105 4707 alios_praacedentes,
3165 4624 3316 4687 alios
3358 4623 3691 4707 sequentes
3722 4646 3837 4707 per

443 4707 761 4789 Iniquibus
792 4707 950 4789 enim
986 4725 1153 4789 mens
1207 4705 1454 4785 vigilans
1513 4715 1603 4766 est
1659 4719 1968 4789 occupata,
2002 4714 2102 4789 aut
2182 4723 2457 4789 somnum
2484 4705 2860 4781 imaginatur.

438 4785 753 4861 volutatur,
787 4789 848 4848 in
880 4788 973 4848 his
997 4785 1139 4848 item
1175 4804 1280 4866 per
1317 4798 1592 4847 somndm
1632 4785 1898 4847 autvaue
1923 4785 2093 4866 ludit,

439 4878 541 4929 aut
573 4868 1049 4949 philosophatur.
1108 4865 1252 4949 Sive,
1289 4866 1579 4949 eniiu__de
1611 4866 1885 4949 humanis
1915 4865 2095 4949 rebus

446 4957 536 5009 est
566 4945 841 5022 sollicita,
878 4948 1029 5009 futili
1060 4946 1294 5025 negotio
1353 4945 1555 5008 dedita
1611 4946 1914 5007 somniat:
1971 4948 2093 5009 sive

439 5028 643 5090 divina
672 5039 729 5089 et
759 5028 1019 5090 caelestia
1036 5028 1377 5101 meditetur,
1402 5027 1523 5086 visa
1544 5027 2004 5107 comtemplatur
2034 5037 2091 5089 et

439 5111 503 5170 in
535 5108 863 5170 visionibus
895 5108 1223 5170 secundum
1282 5107 1587 5188 prophetae
1639 5106 1885 5188 verbum
1920 5128 2090 5168 com-

439 5190 766 5252 mentatur:
792 5190 872 5251 Et
880 5191 1138 5266 juvenes
1157 5187 1343 5251 vestri
1364 5187 1620 5249 visiones
1641 5187 1926 5250 videbunt
1949 5188 2093 5262 (Joel

437 5287 503 5345 ιι,
537 5270 679 5351 28),,
699 5289 818 5351 non
849 5270 1101 5351 decepta
1125 5268 1301 5351 :_sed
1359 5267 1702 5351 verilatibus
1751 5268 1999 5346 intenta,
2034 5277 2092 5330 et

437 5347 905 5412 revelationibus
938 5347 1019 5410 ad
1037 5348 1406 5410 credendum
1434 5347 1803 5411 confirmata.

526 5454 554 5485 α
582 5429 831 5502 Quando
865 5448 1002 5510 pars
1031 5428 1267 5500 animae,
1303 5429 1364 5490 in
1423 5448 1539 5508 qua
1568 5437 1706 5510 sunt
1739 5428 2091 5509 cupiditates

441 5515 505 5571 et
533 5509 815 5572 libidines
848 5508 1101 5586 conﬁxa,
1135 5517 1193 5571 et
1240 5510 1312 5570 ad
1365 5508 1841 5571 commistionem
1871 5528 2088 5590 corpo-

434 5607 589 5672 rum,
626 5590 901 5672 delicias,
934 5592 1380 5672 voluptatesque
1437 5590 1637 5672 hujus,
1675 5590 1819 5672 vitae,
1860 5590 2090 5672 irritata

431 5668 635 5745 fuerit,
669 5671 807 5733 talia
835 5668 1114 5733 similiter
1164 5669 1227 5731 in
1283 5668 1743 5733 'somnisauima
1770 5670 1948 5745 videt.
1981 5670 2087 5734 Sin

435 5766 574 5829 pars
600 5740 866 5814 irascens
894 5751 1211 5814 adversum
1267 5749 1451 5828 cives,
1513 5757 1573 5813 et
1628 5740 2084 5814 contribixlesin

2263 4806 2292 4845 ›
2328 4785 2570 4846 Illorum
2603 4785 3010 4847 tantummodo
3034 4804 3173 4847 vera
3202 4791 3340 4847 sunt
3369 4784 3490 4848 visa
3525 4784 3680 4861 (qum
3711 4805 3835 4849 non

2177 4866 2431 4929 somnia.
2452 4866 2557 4926 sed
2577 4865 2834 4948 visiones
2860 4866 3338 4948 etapparitioues
3343 4866 3539 4948 vocari
3555 4865 3829 4948 debent),

2174 4964 2425 5025 quorum
2459 4964 2628 5027 mens
2658 4966 2729 5008 ex
2759 4944 3024 5027 adventu
3062 4950 3248 5008 sancti
3304 4944 3560 5027 Spiritus
3591 4946 3833 5027 stmpli-

2173 5029 2436 5107 citatem,
2473 5033 2530 5087 et
2560 5026 2633 5088 ab
2664 5026 2827 5087 omni
2856 5027 3027 5091 turba
3076 5046 3143 5088 ac
3174 5026 3454 5107 servitute
3489 5026 3832 5107 passionum

2175 5106 2509 5189 libeitatem
2542 5106 2771 5189 invenit
2798 5126 2814 5181 ;
2846 5108 3190 5189 quorumiu
3222 5106 3405 5169 rebus
3430 5106 3644 5169 divinis
3673 5115 3733 5189 et
3767 5107 3835 5170 in

2174 5186 2387 5280 futuris
2419 5188 2823 5280 praemiorum,
2867 5186 3834 5280 suppliciorumquemercedibus

2174 5266 2536 5331 meditandis
2580 5266 3108 5349 expendeudisque
3141 5266 3336 5331 omue'
3364 5268 3548 5349 otium
3571 5277 3837 5349 tempus-

2174 5366 2289 5427 que
2347 5347 2769 5430 consumitur;
2856 5347 3110 5430 quorum
3178 5349 3313 5430 vita
3387 5348 3639 5430 aliorum
3698 5347 3835 5411 vitae

2172 5435 2433 5509 praestat,
2494 5427 2923 5509 distractione,
2965 5439 3046 5509 et,
3107 5428 3511 5491 sollicitudine
3587 5447 3829 5506 vacans,

2172 5507 2397 5589 quieta,
2426 5526 2596 5589 pura,
2626 5508 2803 5589 plena
2849 5507 3297 5583 misericordias,
3323 5509 3679 5588 cognitionis
3699 5527 3829 5589 ccee

2170 5587 2402 5670 lestium
2437 5596 2493 5649 et
2518 5587 2808 5670 bonorum
2834 5589 3155 5670 fructuum,
3180 5608 3332 5670 quos
3353 5587 3611 5669 spiritus
3636 5588 3833 5653 sancti

2169 5669 2399 5731 cultura
2421 5668 2716 5751 produxit.
2744 5668 2855 5742 Qui
2871 5670 2985 5732 alia
3003 5669 3095 5732 via
3116 5668 3562 5751 ingrediuntur,
3578 5686 3827 5751 eorum:

2167 5767 2286 5831 que
2316 5747 2529 5834 omnia
2546 5747 2715 5834 falsa,
2736 5751 3023 5834 confusa,
3080 5763 3141 5813 et
3169 5747 3453 5815 universe
3482 5747 3632 5814 nihil
3663 5749 3828 5815 aliud
3882 5766 3902 5834 χ

433 5828 677 5893 modum
711 5830 923 5895 bellua:
953 5829 1256 5907 efferatur,
1306 5830 1564 5894 ferarum
1625 5840 1683 5894 et
1710 5831 2079 5913 serpentium
2164 5828 2342 5912 quam
2373 5828 3019 5913 manifesta'deceptio.
3060 5855 3085 5894 υ
