  <div class='ocr_page' id='page_1' title='image "/cluster/home/n/w/nwhite01/storage/ocr_20150623/120/coo.31924054870245/334.png"; bbox 0 0 4120 6382; ppageno 0'>
   <div class='ocr_carea' id='block_1_1' title="bbox 212 415 3604 531">
    <p class='ocr_par' dir='ltr' id='par_1_1' title="bbox 212 415 3604 531">
     <span class='ocr_line' id='line_1_1' title="bbox 212 415 3604 531; baseline 0.004 -47"><span class='ocrx_word' id='word_1_1' title='bbox 212 421 335 489; x_wconf 85' lang='lat'><strong>653</strong></span> <span class='ocrx_word' id='word_1_2' title='bbox 1580 415 1857 531; x_wconf 62' lang='lat' dir='ltr'><strong>caetra</strong></span> <span class='ocrx_word' id='word_1_3' title='bbox 1901 420 2272 494; x_wconf 75' lang='lat' dir='ltr'><strong>MORALIA.</strong></span> <span class='ocrx_word' id='word_1_4' title='bbox 3484 422 3604 501; x_wconf 74' lang='lat'><strong>654</strong></span> 
     </span>
    </p>
   </div>
   <div class='ocr_carea' id='block_1_2' title="bbox 206 555 1874 651">
    <p class='ocr_par' dir='ltr' id='par_1_2' title="bbox 206 555 1867 651">
     <span class='ocr_line' id='line_1_2' title="bbox 206 555 1867 651; baseline 0.001 -35"><span class='ocrx_word' id='word_1_5' title='bbox 206 580 325 633; x_wconf 88' lang='grc' dir='ltr'>τος,</span> <span class='ocrx_word' id='word_1_6' title='bbox 357 560 447 615; x_wconf 84' lang='grc' dir='ltr'><strong>καὶ</strong></span> <span class='ocrx_word' id='word_1_7' title='bbox 495 557 674 651; x_wconf 65' lang='grc' dir='ltr'>έτέρου</span> <span class='ocrx_word' id='word_1_8' title='bbox 720 556 898 651; x_wconf 68' lang='grc' dir='ltr'>ἑτέραν</span> <span class='ocrx_word' id='word_1_9' title='bbox 953 557 1067 651; x_wconf 81' lang='grc' dir='ltr'>βίου</span> <span class='ocrx_word' id='word_1_10' title='bbox 1127 555 1249 616; x_wconf 81' lang='grc' dir='ltr'>ὁδὸν</span> <span class='ocrx_word' id='word_1_11' title='bbox 1303 556 1625 636; x_wconf 87' lang='grc' dir='ltr'>διανύοντος,</span> <span class='ocrx_word' id='word_1_12' title='bbox 1673 562 1744 624; x_wconf 74' lang='grc' dir='ltr'>εἰς</span> <span class='ocrx_word' id='word_1_13' title='bbox 1773 558 1867 618; x_wconf 75' lang='grc' dir='ltr'>ἕνα</span> 
     </span>
    </p>
   </div>
   <div class='ocr_carea' id='block_1_3' title="bbox 1966 555 3604 651">
    <p class='ocr_par' dir='ltr' id='par_1_3' title="bbox 1966 565 3604 651">
     <span class='ocr_line' id='line_1_3' title="bbox 1966 565 3604 651; baseline 0.003 -26"><span class='ocrx_word' id='word_1_14' title='bbox 1966 580 2162 627; x_wconf 61' lang='lat' dir='ltr'><strong>amnes</strong></span> <span class='ocrx_word' id='word_1_15' title='bbox 2191 571 2390 629; x_wconf 87' lang='lat' dir='ltr'><strong>tamen</strong></span> <span class='ocrx_word' id='word_1_16' title='bbox 2420 565 2701 649; x_wconf 89' lang='lat' dir='ltr'><strong>utrinque</strong></span> <span class='ocrx_word' id='word_1_17' title='bbox 2753 565 2828 629; x_wconf 89' lang='lat' dir='ltr'><strong>ad</strong></span> <span class='ocrx_word' id='word_1_18' title='bbox 2861 566 3141 630; x_wconf 89' lang='lat' dir='ltr'><strong>eumdem</strong></span> <span class='ocrx_word' id='word_1_19' title='bbox 3171 586 3419 651; x_wconf 89' lang='lat' dir='ltr'><strong>scopum</strong></span> <span class='ocrx_word' id='word_1_20' title='bbox 3454 586 3604 631; x_wconf 89' lang='lat' dir='ltr'><strong>con-</strong></span> 
     </span>
    </p>
   </div>
   <div class='ocr_carea' id='block_1_4' title="bbox 208 646 2219 729">
    <p class='ocr_par' dir='ltr' id='par_1_4' title="bbox 208 646 2219 729">
     <span class='ocr_line' id='line_1_4' title="bbox 208 646 2219 729; baseline 0.004 -28"><span class='ocrx_word' id='word_1_21' title='bbox 208 649 411 706; x_wconf 74' lang='grc' dir='ltr'>σκοπὸΑ</span> <span class='ocrx_word' id='word_1_22' title='bbox 466 646 519 713; x_wconf 75' lang='grc' dir='ltr'><strong>ἐξ</strong></span> <span class='ocrx_word' id='word_1_23' title='bbox 588 647 898 729; x_wconf 68' lang='grc' dir='ltr'>ἀμφοτέρων</span> <span class='ocrx_word' id='word_1_24' title='bbox 974 647 1187 706; x_wconf 80' lang='grc' dir='ltr'>πάντων</span> <span class='ocrx_word' id='word_1_25' title='bbox 1272 650 1470 706; x_wconf 89' lang='grc' dir='ltr'>τούτων</span> <span class='ocrx_word' id='word_1_26' title='bbox 1551 653 1598 708; x_wconf 77' lang='grc' dir='ltr'>οἱ</span> <span class='ocrx_word' id='word_1_27' title='bbox 1675 650 1870 715; x_wconf 86' lang='grc' dir='ltr'>πάντες</span> <span class='ocrx_word' id='word_1_28' title='bbox 1954 662 2219 717; x_wconf 79' lang='lat' dir='ltr'><strong>currunt.</strong></span> 
     </span>
    </p>
   </div>
   <div class='ocr_carea' id='block_1_5' title="bbox 206 758 610 816">
    <p class='ocr_par' dir='ltr' id='par_1_5' title="bbox 206 758 610 816">
     <span class='ocr_line' id='line_1_5' title="bbox 206 758 610 816; baseline -0.002 -21"><span class='ocrx_word' id='word_1_29' title='bbox 206 758 610 816; x_wconf 83' lang='grc' dir='ltr'>συντρεχουσιν.</span> 
     </span>
    </p>
   </div>
   <div class='ocr_carea' id='block_1_6' title="bbox 284 762 1874 908">
    <p class='ocr_par' dir='ltr' id='par_1_6' title="bbox 284 762 1866 906">
     <span class='ocr_line' id='line_1_6' title="bbox 284 762 610 820; baseline -0.003 -25"><span class='ocrx_word' id='word_1_30' title='bbox 284 762 610 820; x_wconf 70' lang='grc' dir='ltr'>ντρεχουσιν.</span> 
     </span>
     <span class='ocr_line' id='line_1_7' title="bbox 284 821 1866 906; baseline 0 -22"><span class='ocrx_word' id='word_1_31' title='bbox 284 821 369 906; x_wconf 67' lang='grc' dir='ltr'><strong>ζ’,</strong></span> <span class='ocrx_word' id='word_1_32' title='bbox 403 830 615 893; x_wconf 85' lang='grc' dir='ltr'>Σκοπὸς</span> <span class='ocrx_word' id='word_1_33' title='bbox 647 826 858 886; x_wconf 75' lang='grc' dir='ltr'>πάντων</span> <span class='ocrx_word' id='word_1_34' title='bbox 913 832 1019 884; x_wconf 91' lang='grc' dir='ltr'>τῶν</span> <span class='ocrx_word' id='word_1_35' title='bbox 1077 827 1214 884; x_wconf 76' lang='grc' dir='ltr'>κατὰ</span> <span class='ocrx_word' id='word_1_36' title='bbox 1279 829 1408 885; x_wconf 89' lang='grc' dir='ltr'>Θεὸν</span> <span class='ocrx_word' id='word_1_37' title='bbox 1438 827 1866 906; x_wconf 79' lang='grc' dir='ltr'><strong>πολιτευομένων</strong></span> 
     </span>
    </p>
   </div>
   <div class='ocr_carea' id='block_1_7' title="bbox 1966 762 3602 908">
    <p class='ocr_par' dir='ltr' id='par_1_7' title="bbox 2030 823 3602 908">
     <span class='ocr_line' id='line_1_8' title="bbox 2030 823 3602 908; baseline 0.003 -21"><span class='ocrx_word' id='word_1_38' title='bbox 2030 825 2130 889; x_wconf 87' lang='grc'><strong>90.</strong></span> <span class='ocrx_word' id='word_1_39' title='bbox 2178 823 2406 908; x_wconf 87' lang='lat' dir='ltr'><strong>Scopus</strong></span> <span class='ocrx_word' id='word_1_40' title='bbox 2454 834 2513 890; x_wconf 93' lang='lat' dir='ltr'><strong>et</strong></span> <span class='ocrx_word' id='word_1_41' title='bbox 2569 826 2885 890; x_wconf 85' lang='lat' dir='ltr'><strong>consilium</strong></span> <span class='ocrx_word' id='word_1_42' title='bbox 2945 828 3211 891; x_wconf 90' lang='lat' dir='ltr'><strong>omnium</strong></span> <span class='ocrx_word' id='word_1_43' title='bbox 3269 828 3602 892; x_wconf 88' lang='lat' dir='ltr'><strong>secundum</strong></span> 
     </span>
    </p>
   </div>
   <div class='ocr_carea' id='block_1_8' title="bbox 203 912 1874 999">
    <p class='ocr_par' dir='ltr' id='par_1_8' title="bbox 203 917 1867 998">
     <span class='ocr_line' id='line_1_9' title="bbox 203 917 1867 998; baseline -0.003 -21"><span class='ocrx_word' id='word_1_44' title='bbox 203 919 342 977; x_wconf 74' lang='grc' dir='ltr'>ἐστὶν</span> <span class='ocrx_word' id='word_1_45' title='bbox 396 920 458 975; x_wconf 86' lang='grc' dir='ltr'><strong>τὸ</strong></span> <span class='ocrx_word' id='word_1_46' title='bbox 517 922 859 998; x_wconf 68' lang='grc' dir='ltr'>εὐαρεστῆσαι</span> <span class='ocrx_word' id='word_1_47' title='bbox 930 923 1141 997; x_wconf 82' lang='grc' dir='ltr'>Χριστῷ</span> <span class='ocrx_word' id='word_1_48' title='bbox 1197 923 1275 992; x_wconf 85' lang='grc' dir='ltr'>τῷ</span> <span class='ocrx_word' id='word_1_49' title='bbox 1334 925 1451 993; x_wconf 85' lang='grc' dir='ltr'><strong>Θεῷ</strong></span> <span class='ocrx_word' id='word_1_50' title='bbox 1502 919 1665 994; x_wconf 76' lang='grc' dir='ltr'>ἡμῶν</span> <span class='ocrx_word' id='word_1_51' title='bbox 1701 934 1714 948; x_wconf 91' lang='lat'><strong>&#39;</strong></span> <span class='ocrx_word' id='word_1_52' title='bbox 1776 917 1867 974; x_wconf 88' lang='grc' dir='ltr'><strong>καὶ</strong></span> 
     </span>
    </p>
   </div>
   <div class='ocr_carea' id='block_1_9' title="bbox 1966 912 3606 999">
    <p class='ocr_par' dir='ltr' id='par_1_9' title="bbox 1966 913 3606 999">
     <span class='ocr_line' id='line_1_10' title="bbox 1966 913 3606 999; baseline 0.002 -23"><span class='ocrx_word' id='word_1_53' title='bbox 1966 913 2137 977; x_wconf 80' lang='lat' dir='ltr'><strong>)eum</strong></span> <span class='ocrx_word' id='word_1_54' title='bbox 2163 914 2518 977; x_wconf 79' lang='lat' dir='ltr'><strong>certantium</strong></span> <span class='ocrx_word' id='word_1_55' title='bbox 2558 923 2669 991; x_wconf 91' lang='lat' dir='ltr'><strong>est,</strong></span> <span class='ocrx_word' id='word_1_56' title='bbox 2704 915 2936 979; x_wconf 87' lang='lat' dir='ltr'><strong>Christo</strong></span> <span class='ocrx_word' id='word_1_57' title='bbox 2964 917 3087 982; x_wconf 94' lang='lat' dir='ltr'><strong>Deo</strong></span> <span class='ocrx_word' id='word_1_58' title='bbox 3117 918 3513 999; x_wconf 86' lang='lat' dir='ltr'><strong>complacere,</strong></span> <span class='ocrx_word' id='word_1_59' title='bbox 3546 926 3606 981; x_wconf 88' lang='lat' dir='ltr'><strong>et</strong></span> 
     </span>
    </p>
   </div>
   <div class='ocr_carea' id='block_1_10' title="bbox 204 1003 1874 1087">
    <p class='ocr_par' dir='ltr' id='par_1_10' title="bbox 204 1003 1865 1086">
     <span class='ocr_line' id='line_1_11' title="bbox 204 1003 1865 1086; baseline -0.002 -21"><span class='ocrx_word' id='word_1_60' title='bbox 204 1009 305 1076; x_wconf 76' lang='grc' dir='ltr'>τὴν</span> <span class='ocrx_word' id='word_1_61' title='bbox 358 1006 703 1086; x_wconf 78' lang='grc' dir='ltr'>καταλλαγὴν</span> <span class='ocrx_word' id='word_1_62' title='bbox 751 1003 835 1065; x_wconf 69' lang='grc' dir='ltr'><strong>διὰ</strong></span> <span class='ocrx_word' id='word_1_63' title='bbox 890 1011 990 1074; x_wconf 76' lang='grc' dir='ltr'>τῆς</span> <span class='ocrx_word' id='word_1_64' title='bbox 1049 1013 1144 1062; x_wconf 72' lang='grc' dir='ltr'>τοῦ</span> <span class='ocrx_word' id='word_1_65' title='bbox 1217 1012 1524 1082; x_wconf 85' lang='grc' dir='ltr'>Πνευματος</span> <span class='ocrx_word' id='word_1_66' title='bbox 1587 1005 1865 1083; x_wconf 78' lang='grc' dir='ltr'><strong>μετουσίας</strong></span> 
     </span>
    </p>
   </div>
   <div class='ocr_carea' id='block_1_11' title="bbox 1966 1003 3602 1087">
    <p class='ocr_par' dir='ltr' id='par_1_11' title="bbox 1966 1003 3602 1087">
     <span class='ocr_line' id='line_1_12' title="bbox 1966 1003 3602 1087; baseline 0.003 -23"><span class='ocrx_word' id='word_1_67' title='bbox 1966 1022 2061 1065; x_wconf 70' lang='lat' dir='ltr'><strong>aer</strong></span> <span class='ocrx_word' id='word_1_68' title='bbox 2084 1005 2683 1067; x_wconf 75' lang='lat' dir='ltr'><strong>communicationem</strong></span> <span class='ocrx_word' id='word_1_69' title='bbox 2719 1003 2977 1087; x_wconf 77' lang='lat' dir='ltr'><strong>Spiritus</strong></span> <span class='ocrx_word' id='word_1_70' title='bbox 3029 1008 3216 1070; x_wconf 89' lang='lat' dir='ltr'><strong>sancti</strong></span> <span class='ocrx_word' id='word_1_71' title='bbox 3243 1006 3433 1069; x_wconf 87' lang='lat' dir='ltr'><strong>Patris</strong></span> <span class='ocrx_word' id='word_1_72' title='bbox 3462 1025 3602 1087; x_wconf 79' lang='lat' dir='ltr'><strong>gra-</strong></span> 
     </span>
    </p>
   </div>
   <div class='ocr_carea' id='block_1_12' title="bbox 205 1091 1874 1178">
    <p class='ocr_par' dir='ltr' id='par_1_12' title="bbox 205 1091 1870 1178">
     <span class='ocr_line' id='line_1_13' title="bbox 205 1091 1870 1178; baseline -0.004 -23"><span class='ocrx_word' id='word_1_73' title='bbox 205 1099 338 1178; x_wconf 89' lang='grc' dir='ltr'>πρὸς</span> <span class='ocrx_word' id='word_1_74' title='bbox 383 1099 476 1154; x_wconf 87' lang='grc' dir='ltr'><strong>τὸν</strong></span> <span class='ocrx_word' id='word_1_75' title='bbox 520 1094 727 1176; x_wconf 83' lang='grc' dir='ltr'>Πατέρα</span> <span class='ocrx_word' id='word_1_76' title='bbox 780 1091 966 1152; x_wconf 72' lang='grc' dir='ltr'>λαϐεῖν</span> <span class='ocrx_word' id='word_1_77' title='bbox 1002 1114 1017 1128; x_wconf 90' lang='grc'><strong>·</strong></span> <span class='ocrx_word' id='word_1_78' title='bbox 1065 1096 1156 1151; x_wconf 86' lang='grc' dir='ltr'><strong>καὶ</strong></span> <span class='ocrx_word' id='word_1_79' title='bbox 1215 1096 1313 1163; x_wconf 82' lang='grc' dir='ltr'><strong>τὴν</strong></span> <span class='ocrx_word' id='word_1_80' title='bbox 1372 1096 1573 1153; x_wconf 76' lang='grc' dir='ltr'>ἑαυτῶν</span> <span class='ocrx_word' id='word_1_81' title='bbox 1604 1094 1870 1175; x_wconf 84' lang='grc' dir='ltr'>σωτηρίαν</span> 
     </span>
    </p>
   </div>
   <div class='ocr_carea' id='block_1_13' title="bbox 1966 1091 3602 1178">
    <p class='ocr_par' dir='ltr' id='par_1_13' title="bbox 1966 1091 3602 1177">
     <span class='ocr_line' id='line_1_14' title="bbox 1966 1091 3602 1177; baseline 0.004 -24"><span class='ocrx_word' id='word_1_82' title='bbox 1966 1091 2091 1154; x_wconf 91' lang='lat' dir='ltr'><strong>.iam</strong></span> <span class='ocrx_word' id='word_1_83' title='bbox 2121 1112 2506 1175; x_wconf 86' lang='lat' dir='ltr'><strong>recuperare,</strong></span> <span class='ocrx_word' id='word_1_84' title='bbox 2543 1113 2651 1176; x_wconf 91' lang='lat' dir='ltr'><strong>per</strong></span> <span class='ocrx_word' id='word_1_85' title='bbox 2700 1096 3099 1177; x_wconf 91' lang='lat' dir='ltr'><strong>eumdemque</strong></span> <span class='ocrx_word' id='word_1_86' title='bbox 3148 1098 3399 1160; x_wconf 86' lang='lat' dir='ltr'><strong>salutem</strong></span> <span class='ocrx_word' id='word_1_87' title='bbox 3435 1117 3602 1161; x_wconf 91' lang='lat' dir='ltr'><strong>suam</strong></span> 
     </span>
    </p>
   </div>
   <div class='ocr_carea' id='block_1_14' title="bbox 208 1185 1872 1267">
    <p class='ocr_par' dir='ltr' id='par_1_14' title="bbox 208 1185 1872 1267">
     <span class='ocr_line' id='line_1_15' title="bbox 208 1185 1872 1267; baseline -0.002 -24"><span class='ocrx_word' id='word_1_88' title='bbox 208 1185 292 1247; x_wconf 76' lang='grc' dir='ltr'>διὰ</span> <span class='ocrx_word' id='word_1_89' title='bbox 319 1196 473 1246; x_wconf 79' lang='grc' dir='ltr'>τοῦτο</span> <span class='ocrx_word' id='word_1_90' title='bbox 503 1185 812 1267; x_wconf 76' lang='grc' dir='ltr'><strong>πορίσασθαι</strong></span> <span class='ocrx_word' id='word_1_91' title='bbox 846 1203 859 1217; x_wconf 88' lang='grc'><strong>·</strong></span> <span class='ocrx_word' id='word_1_92' title='bbox 909 1190 1068 1241; x_wconf 82' lang='grc' dir='ltr'>τοῦτο</span> <span class='ocrx_word' id='word_1_93' title='bbox 1129 1185 1230 1264; x_wconf 73' lang='grc' dir='ltr'>γὰρ</span> <span class='ocrx_word' id='word_1_94' title='bbox 1286 1185 1465 1252; x_wconf 82' lang='grc' dir='ltr'>πάσης</span> <span class='ocrx_word' id='word_1_95' title='bbox 1524 1190 1710 1266; x_wconf 81' lang='grc' dir='ltr'>ψυχῆς</span> <span class='ocrx_word' id='word_1_96' title='bbox 1766 1205 1872 1267; x_wconf 60' lang='grc' dir='ltr'>σωτ</span> 
     </span>
    </p>
   </div>
   <div class='ocr_carea' id='block_1_15' title="bbox 208 1265 1871 1356">
    <p class='ocr_par' dir='ltr' id='par_1_15' title="bbox 208 1265 1871 1356">
     <span class='ocr_line' id='line_1_16' title="bbox 208 1265 1871 1356; baseline -0.002 -24"><span class='ocrx_word' id='word_1_97' title='bbox 208 1277 361 1356; x_wconf 90' lang='grc' dir='ltr'>τηρία</span> <span class='ocrx_word' id='word_1_98' title='bbox 388 1275 527 1332; x_wconf 74' lang='grc' dir='ltr'>ἐστίν</span> <span class='ocrx_word' id='word_1_99' title='bbox 562 1265 587 1309; x_wconf 10' lang='grc' dir='ltr'><em>’ἡ</em></span> <span class='ocrx_word' id='word_1_100' title='bbox 637 1276 697 1331; x_wconf 75' lang='grc' dir='ltr'>οὗ</span> <span class='ocrx_word' id='word_1_101' title='bbox 755 1273 833 1350; x_wconf 74' lang='grc' dir='ltr'>μὴ</span> <span class='ocrx_word' id='word_1_102' title='bbox 893 1272 1195 1352; x_wconf 76' lang='grc' dir='ltr'><strong>γινομένου,</strong></span> <span class='ocrx_word' id='word_1_103' title='bbox 1258 1276 1410 1337; x_wconf 79' lang='grc' dir='ltr'>κενὸς</span> <span class='ocrx_word' id='word_1_104' title='bbox 1467 1277 1495 1331; x_wconf 98' lang='lat'><strong>6</strong></span> <span class='ocrx_word' id='word_1_105' title='bbox 1556 1274 1748 1347; x_wconf 88' lang='grc' dir='ltr'>κόπος,</span> <span class='ocrx_word' id='word_1_106' title='bbox 1779 1265 1871 1328; x_wconf 69' lang='grc' dir='ltr'><strong>καὶ</strong></span> 
     </span>
    </p>
   </div>
   <div class='ocr_carea' id='block_1_16' title="bbox 210 1361 1862 1445">
    <p class='ocr_par' dir='ltr' id='par_1_16' title="bbox 210 1361 1862 1445">
     <span class='ocr_line' id='line_1_17' title="bbox 210 1361 1862 1445; baseline -0.002 -24"><span class='ocrx_word' id='word_1_107' title='bbox 210 1365 408 1441; x_wconf 85' lang='grc' dir='ltr'>ματαία</span> <span class='ocrx_word' id='word_1_108' title='bbox 431 1367 467 1434; x_wconf 79' lang='grc' dir='ltr'>ἡ</span> <span class='ocrx_word' id='word_1_109' title='bbox 502 1365 717 1445; x_wconf 78' lang='grc' dir='ltr'>ἐργασία</span> <span class='ocrx_word' id='word_1_110' title='bbox 752 1365 907 1439; x_wconf 74' lang='grc' dir='ltr'>ἡμῶν</span> <span class='ocrx_word' id='word_1_111' title='bbox 941 1380 956 1395; x_wconf 86' lang='grc'><em>’</em></span> <span class='ocrx_word' id='word_1_112' title='bbox 1006 1362 1263 1431; x_wconf 81' lang='grc' dir='ltr'>ἀνόνητός</span> <span class='ocrx_word' id='word_1_113' title='bbox 1293 1384 1350 1420; x_wconf 86' lang='grc' dir='ltr'>τε</span> <span class='ocrx_word' id='word_1_114' title='bbox 1381 1370 1527 1421; x_wconf 82' lang='grc' dir='ltr'>πᾶσα</span> <span class='ocrx_word' id='word_1_115' title='bbox 1555 1364 1668 1441; x_wconf 89' lang='grc' dir='ltr'>βίου</span> <span class='ocrx_word' id='word_1_116' title='bbox 1716 1361 1862 1440; x_wconf 85' lang='grc' dir='ltr'>ὁδὸς,</span> 
     </span>
    </p>
   </div>
   <div class='ocr_carea' id='block_1_17' title="bbox 210 1450 1635 1534">
    <p class='ocr_par' dir='ltr' id='par_1_17' title="bbox 210 1450 1635 1534">
     <span class='ocr_line' id='line_1_18' title="bbox 210 1450 1635 1534; baseline 0 -25"><span class='ocrx_word' id='word_1_117' title='bbox 210 1457 245 1524; x_wconf 72' lang='grc' dir='ltr'>ἡ</span> <span class='ocrx_word' id='word_1_118' title='bbox 274 1454 352 1531; x_wconf 74' lang='grc' dir='ltr'>μὴ</span> <span class='ocrx_word' id='word_1_119' title='bbox 382 1456 513 1534; x_wconf 85' lang='grc' dir='ltr'>πρὸς</span> <span class='ocrx_word' id='word_1_120' title='bbox 540 1462 697 1512; x_wconf 77' lang='grc' dir='ltr'>τοῦτο</span> <span class='ocrx_word' id='word_1_121' title='bbox 725 1453 816 1509; x_wconf 87' lang='grc' dir='ltr'><strong>τὸν</strong></span> <span class='ocrx_word' id='word_1_122' title='bbox 847 1450 902 1507; x_wconf 77' lang='grc' dir='ltr'>ἐν</span> <span class='ocrx_word' id='word_1_123' title='bbox 928 1455 1064 1530; x_wconf 73' lang='grc' dir='ltr'>αὐτῇ</span> <span class='ocrx_word' id='word_1_124' title='bbox 1093 1451 1357 1533; x_wconf 81' lang='grc' dir='ltr'>τρέχοντα</span> <span class='ocrx_word' id='word_1_125' title='bbox 1386 1452 1635 1534; x_wconf 76' lang='grc' dir='ltr'>φέρουσα,</span> 
     </span>
    </p>
   </div>
   <div class='ocr_carea' id='block_1_18' title="bbox 292 1610 1860 1710">
    <p class='ocr_par' dir='ltr' id='par_1_18' title="bbox 292 1610 1860 1710">
     <span class='ocr_line' id='line_1_19' title="bbox 292 1610 1860 1710; baseline -0.001 -21"><span class='ocrx_word' id='word_1_126' title='bbox 292 1621 413 1710; x_wconf 71' lang='grc' dir='ltr'><strong>ζἀ”.</strong></span> <span class='ocrx_word' id='word_1_127' title='bbox 460 1610 661 1690; x_wconf 54' lang='grc' dir='ltr'>νΕοικεν</span> <span class='ocrx_word' id='word_1_128' title='bbox 719 1633 747 1688; x_wconf 89' lang='lat'><strong>6</strong></span> <span class='ocrx_word' id='word_1_129' title='bbox 801 1632 893 1687; x_wconf 89' lang='grc' dir='ltr'><strong>τὸν</strong></span> <span class='ocrx_word' id='word_1_130' title='bbox 948 1630 1150 1707; x_wconf 80' lang='grc' dir='ltr'>κόσμον</span> <span class='ocrx_word' id='word_1_131' title='bbox 1217 1630 1426 1688; x_wconf 75' lang='grc' dir='ltr'>ἅπαντα</span> <span class='ocrx_word' id='word_1_132' title='bbox 1510 1628 1860 1707; x_wconf 77' lang='grc' dir='ltr'>καταλείψας,</span> 
     </span>
    </p>
   </div>
   <div class='ocr_carea' id='block_1_19' title="bbox 208 1717 1865 1803">
    <p class='ocr_par' dir='ltr' id='par_1_19' title="bbox 208 1717 1865 1803">
     <span class='ocr_line' id='line_1_20' title="bbox 208 1717 1865 1803; baseline -0.002 -24"><span class='ocrx_word' id='word_1_133' title='bbox 208 1724 342 1803; x_wconf 86' lang='grc' dir='ltr'>πρὸς</span> <span class='ocrx_word' id='word_1_134' title='bbox 383 1722 447 1778; x_wconf 88' lang='grc' dir='ltr'><strong>τὸ</strong></span> <span class='ocrx_word' id='word_1_135' title='bbox 476 1718 594 1800; x_wconf 72' lang='grc' dir='ltr'>ὄρος</span> <span class='ocrx_word' id='word_1_136' title='bbox 633 1717 689 1776; x_wconf 77' lang='grc' dir='ltr'>δὲ</span> <span class='ocrx_word' id='word_1_137' title='bbox 746 1722 820 1784; x_wconf 79' lang='grc' dir='ltr'>ὡς</span> <span class='ocrx_word' id='word_1_138' title='bbox 868 1721 1001 1800; x_wconf 87' lang='grc' dir='ltr'>πρὸς</span> <span class='ocrx_word' id='word_1_139' title='bbox 1044 1718 1275 1801; x_wconf 76' lang='grc' dir='ltr'>ἡσυχίαν</span> <span class='ocrx_word' id='word_1_140' title='bbox 1332 1719 1716 1801; x_wconf 75' lang='grc' dir='ltr'>ἀναχωρήσας,</span> <span class='ocrx_word' id='word_1_141' title='bbox 1760 1719 1865 1777; x_wconf 85' lang='grc' dir='ltr'>κά-</span> 
     </span>
    </p>
   </div>
   <div class='ocr_carea' id='block_1_20' title="bbox 206 1807 1863 1890">
    <p class='ocr_par' dir='ltr' id='par_1_20' title="bbox 206 1807 1863 1890">
     <span class='ocr_line' id='line_1_21' title="bbox 206 1807 1863 1890; baseline -0.002 -22"><span class='ocrx_word' id='word_1_142' title='bbox 206 1813 386 1868; x_wconf 74' lang='grc' dir='ltr'>κεῖθεν</span> <span class='ocrx_word' id='word_1_143' title='bbox 454 1807 821 1874; x_wconf 75' lang='grc' dir='ltr'><strong>ἐπιδεικτικῶς</strong></span> <span class='ocrx_word' id='word_1_144' title='bbox 880 1808 1096 1890; x_wconf 77' lang='grc' dir='ltr'>γράφων</span> <span class='ocrx_word' id='word_1_145' title='bbox 1155 1810 1287 1889; x_wconf 90' lang='grc' dir='ltr'>πρὸς</span> <span class='ocrx_word' id='word_1_146' title='bbox 1367 1810 1489 1873; x_wconf 84' lang='grc' dir='ltr'>τοὺς</span> <span class='ocrx_word' id='word_1_147' title='bbox 1547 1809 1600 1867; x_wconf 74' lang='grc' dir='ltr'><strong>ἐν</strong></span> <span class='ocrx_word' id='word_1_148' title='bbox 1653 1809 1863 1885; x_wconf 78' lang='grc' dir='ltr'>κόσμῳ,</span> 
     </span>
    </p>
   </div>
   <div class='ocr_carea' id='block_1_21' title="bbox 1957 1182 3604 1265">
    <p class='ocr_par' dir='ltr' id='par_1_21' title="bbox 1957 1182 3604 1265">
     <span class='ocr_line' id='line_1_22' title="bbox 1957 1182 3604 1265; baseline 0.002 -21"><span class='ocrx_word' id='word_1_149' title='bbox 1957 1200 2309 1264; x_wconf 85' lang='lat' dir='ltr'><strong>comparare</strong></span> <span class='ocrx_word' id='word_1_150' title='bbox 2365 1189 2426 1246; x_wconf 91' lang='lat' dir='ltr'><strong>et</strong></span> <span class='ocrx_word' id='word_1_151' title='bbox 2476 1182 2838 1265; x_wconf 81' lang='lat' dir='ltr'><strong>acquirere:</strong></span> <span class='ocrx_word' id='word_1_152' title='bbox 2898 1182 2960 1247; x_wconf 90' lang='lat' dir='ltr'><strong>in</strong></span> <span class='ocrx_word' id='word_1_153' title='bbox 3020 1186 3134 1249; x_wconf 88' lang='lat' dir='ltr'><strong>hoc</strong></span> <span class='ocrx_word' id='word_1_154' title='bbox 3190 1190 3349 1248; x_wconf 87' lang='lat' dir='ltr'><strong>enim</strong></span> <span class='ocrx_word' id='word_1_155' title='bbox 3409 1186 3604 1248; x_wconf 89' lang='lat' dir='ltr'><strong>omnis</strong></span> 
     </span>
    </p>
   </div>
   <div class='ocr_carea' id='block_1_22' title="bbox 1954 1270 3601 1352">
    <p class='ocr_par' dir='ltr' id='par_1_22' title="bbox 1954 1270 3601 1352">
     <span class='ocr_line' id='line_1_23' title="bbox 1954 1270 3601 1352; baseline 0.003 -20"><span class='ocrx_word' id='word_1_156' title='bbox 1954 1270 2190 1343; x_wconf 68' lang='lat' dir='ltr'><strong>animae.</strong></span> <span class='ocrx_word' id='word_1_157' title='bbox 2225 1279 2281 1331; x_wconf 85' lang='lat' dir='ltr'><strong>et</strong></span> <span class='ocrx_word' id='word_1_158' title='bbox 2311 1271 2570 1352; x_wconf 83' lang='lat' dir='ltr'><strong>cujusvis</strong></span> <span class='ocrx_word' id='word_1_159' title='bbox 2625 1273 2884 1335; x_wconf 78' lang='lat' dir='ltr'><strong>hominis</strong></span> <span class='ocrx_word' id='word_1_160' title='bbox 2938 1277 3097 1336; x_wconf 90' lang='lat' dir='ltr'><strong>sa&#39;us</strong></span> <span class='ocrx_word' id='word_1_161' title='bbox 3149 1275 3260 1337; x_wconf 87' lang='lat' dir='ltr'><strong>sita</strong></span> <span class='ocrx_word' id='word_1_162' title='bbox 3289 1285 3398 1337; x_wconf 88' lang='lat' dir='ltr'><strong>est.</strong></span> <span class='ocrx_word' id='word_1_163' title='bbox 3433 1273 3601 1348; x_wconf 87' lang='lat' dir='ltr'><strong>Quod</strong></span> 
     </span>
    </p>
   </div>
   <div class='ocr_carea' id='block_1_23' title="bbox 1952 1360 3597 1446">
    <p class='ocr_par' dir='ltr' id='par_1_23' title="bbox 1952 1360 3597 1446">
     <span class='ocr_line' id='line_1_24' title="bbox 1952 1360 3597 1446; baseline 0.002 -25"><span class='ocrx_word' id='word_1_164' title='bbox 1952 1360 2067 1422; x_wconf 87' lang='lat' dir='ltr'><strong>nisi</strong></span> <span class='ocrx_word' id='word_1_165' title='bbox 2088 1360 2209 1442; x_wconf 85' lang='lat' dir='ltr'><strong>ﬁat,</strong></span> <span class='ocrx_word' id='word_1_166' title='bbox 2235 1361 2429 1424; x_wconf 88' lang='lat' dir='ltr'><strong>inanis</strong></span> <span class='ocrx_word' id='word_1_167' title='bbox 2451 1372 2541 1425; x_wconf 91' lang='lat' dir='ltr'><strong>est</strong></span> <span class='ocrx_word' id='word_1_168' title='bbox 2565 1361 2755 1440; x_wconf 88' lang='lat' dir='ltr'><strong>labor,</strong></span> <span class='ocrx_word' id='word_1_169' title='bbox 2783 1370 2841 1425; x_wconf 88' lang='lat' dir='ltr'><strong>et</strong></span> <span class='ocrx_word' id='word_1_170' title='bbox 2876 1381 3086 1426; x_wconf 88' lang='lat' dir='ltr'><strong>vanum</strong></span> <span class='ocrx_word' id='word_1_171' title='bbox 3114 1383 3262 1446; x_wconf 92' lang='lat' dir='ltr'><strong>opus</strong></span> <span class='ocrx_word' id='word_1_172' title='bbox 3288 1374 3554 1427; x_wconf 89' lang='lat' dir='ltr'><strong>nostrum</strong></span> <span class='ocrx_word' id='word_1_173' title='bbox 3582 1386 3597 1425; x_wconf 91' lang='lat'>:</span> 
     </span>
    </p>
   </div>
   <div class='ocr_carea' id='block_1_24' title="bbox 1947 1448 3603 1536">
    <p class='ocr_par' dir='ltr' id='par_1_24' title="bbox 1947 1448 3603 1536">
     <span class='ocr_line' id='line_1_25' title="bbox 1947 1448 3603 1536; baseline 0.003 -24"><span class='ocrx_word' id='word_1_174' title='bbox 1947 1448 2382 1514; x_wconf 84' lang='lat' dir='ltr'><strong>infructuosum</strong></span> <span class='ocrx_word' id='word_1_175' title='bbox 2417 1471 2596 1514; x_wconf 91' lang='lat' dir='ltr'><strong>omne</strong></span> <span class='ocrx_word' id='word_1_176' title='bbox 2624 1451 2740 1514; x_wconf 85' lang='lat' dir='ltr'><strong>iter</strong></span> <span class='ocrx_word' id='word_1_177' title='bbox 2768 1452 2922 1531; x_wconf 83' lang='lat' dir='ltr'><strong>vitae,</strong></span> <span class='ocrx_word' id='word_1_178' title='bbox 2975 1454 3131 1536; x_wconf 88' lang='lat' dir='ltr'><strong>quod</strong></span> <span class='ocrx_word' id='word_1_179' title='bbox 3165 1454 3228 1517; x_wconf 91' lang='lat' dir='ltr'><strong>in</strong></span> <span class='ocrx_word' id='word_1_180' title='bbox 3259 1472 3328 1516; x_wconf 88' lang='lat' dir='ltr'><strong>ea</strong></span> <span class='ocrx_word' id='word_1_181' title='bbox 3355 1471 3603 1518; x_wconf 79' lang='lat' dir='ltr'><strong>Curren-</strong></span> 
     </span>
    </p>
   </div>
   <div class='ocr_carea' id='block_1_25' title="bbox 1949 1539 2665 1607">
    <p class='ocr_par' dir='ltr' id='par_1_25' title="bbox 1949 1539 2665 1607">
     <span class='ocr_line' id='line_1_26' title="bbox 1949 1539 2665 1607; baseline 0.003 -5"><span class='ocrx_word' id='word_1_182' title='bbox 1949 1545 2069 1603; x_wconf 88' lang='lat' dir='ltr'><strong>tem</strong></span> <span class='ocrx_word' id='word_1_183' title='bbox 2103 1539 2219 1602; x_wconf 91' lang='lat' dir='ltr'><strong>huc</strong></span> <span class='ocrx_word' id='word_1_184' title='bbox 2250 1558 2369 1602; x_wconf 87' lang='lat' dir='ltr'><strong>non</strong></span> <span class='ocrx_word' id='word_1_185' title='bbox 2400 1540 2665 1607; x_wconf 88' lang='lat' dir='ltr'><strong>deducit.</strong></span> 
     </span>
    </p>
   </div>
   <div class='ocr_carea' id='block_1_26' title="bbox 2025 1626 3596 1712">
    <p class='ocr_par' dir='ltr' id='par_1_26' title="bbox 2025 1626 3596 1712">
     <span class='ocr_line' id='line_1_27' title="bbox 2025 1626 3596 1712; baseline 0.003 -21"><span class='ocrx_word' id='word_1_186' title='bbox 2025 1628 2128 1692; x_wconf 84' lang='lat'><strong>91.</strong></span> <span class='ocrx_word' id='word_1_187' title='bbox 2162 1626 2298 1706; x_wconf 88' lang='lat' dir='ltr'><strong>Qui,</strong></span> <span class='ocrx_word' id='word_1_188' title='bbox 2333 1637 2455 1692; x_wconf 88' lang='lat' dir='ltr'><strong>toto</strong></span> <span class='ocrx_word' id='word_1_189' title='bbox 2489 1630 2708 1693; x_wconf 86' lang='lat' dir='ltr'><strong>mundo</strong></span> <span class='ocrx_word' id='word_1_190' title='bbox 2741 1629 2970 1706; x_wconf 89' lang='lat' dir='ltr'><strong>relicto,</strong></span> <span class='ocrx_word' id='word_1_191' title='bbox 3006 1630 3222 1712; x_wconf 88' lang='lat' dir='ltr'><strong>quietis</strong></span> <span class='ocrx_word' id='word_1_192' title='bbox 3251 1631 3496 1712; x_wconf 76' lang='lat' dir='ltr'><strong>agendae</strong></span> <span class='ocrx_word' id='word_1_193' title='bbox 3524 1632 3596 1694; x_wconf 90' lang='lat' dir='ltr'><strong>ad</strong></span> 
     </span>
    </p>
   </div>
   <div class='ocr_carea' id='block_1_27' title="bbox 1949 1719 3606 1801">
    <p class='ocr_par' dir='ltr' id='par_1_27' title="bbox 1949 1719 3606 1801">
     <span class='ocr_line' id='line_1_28' title="bbox 1949 1719 3606 1801; baseline 0.002 -21"><span class='ocrx_word' id='word_1_194' title='bbox 1949 1725 2213 1780; x_wconf 90' lang='lat' dir='ltr'><strong>montem</strong></span> <span class='ocrx_word' id='word_1_195' title='bbox 2244 1719 2517 1796; x_wconf 81' lang='lat' dir='ltr'><strong>secessit,</strong></span> <span class='ocrx_word' id='word_1_196' title='bbox 2573 1719 2833 1801; x_wconf 88' lang='lat' dir='ltr'><strong>indeque</strong></span> <span class='ocrx_word' id='word_1_197' title='bbox 2887 1720 3365 1784; x_wconf 87' lang='lat' dir='ltr'><strong>ostentabundus</strong></span> <span class='ocrx_word' id='word_1_198' title='bbox 3393 1721 3465 1785; x_wconf 88' lang='lat' dir='ltr'><strong>ad</strong></span> <span class='ocrx_word' id='word_1_199' title='bbox 3500 1740 3606 1785; x_wconf 92' lang='lat' dir='ltr'><strong>eos</strong></span> 
     </span>
    </p>
   </div>
   <div class='ocr_carea' id='block_1_28' title="bbox 1949 1808 3596 1892">
    <p class='ocr_par' dir='ltr' id='par_1_28' title="bbox 1949 1808 3596 1892">
     <span class='ocr_line' id='line_1_29' title="bbox 1949 1808 3596 1892; baseline 0.003 -23"><span class='ocrx_word' id='word_1_200' title='bbox 1949 1808 2049 1889; x_wconf 89' lang='lat' dir='ltr'><strong>qui</strong></span> <span class='ocrx_word' id='word_1_201' title='bbox 2078 1808 2141 1870; x_wconf 91' lang='lat' dir='ltr'><strong>in</strong></span> <span class='ocrx_word' id='word_1_202' title='bbox 2173 1810 2392 1873; x_wconf 92' lang='lat' dir='ltr'><strong>mundo</strong></span> <span class='ocrx_word' id='word_1_203' title='bbox 2421 1824 2564 1872; x_wconf 84' lang='lat' dir='ltr'><strong>sunt</strong></span> <span class='ocrx_word' id='word_1_204' title='bbox 2611 1808 2839 1885; x_wconf 76' lang='lat' dir='ltr'><strong>scribit,</strong></span> <span class='ocrx_word' id='word_1_205' title='bbox 2900 1810 3169 1891; x_wconf 90' lang='lat' dir='ltr'><strong>aliosque</strong></span> <span class='ocrx_word' id='word_1_206' title='bbox 3197 1810 3407 1874; x_wconf 85' lang='lat' dir='ltr'><strong>beatos</strong></span> <span class='ocrx_word' id='word_1_207' title='bbox 3441 1830 3596 1892; x_wconf 73' lang='lat' dir='ltr'><strong>prae-</strong></span> 
     </span>
    </p>
   </div>
   <div class='ocr_carea' id='block_1_29' title="bbox 203 1895 1874 1980">
    <p class='ocr_par' dir='ltr' id='par_1_29' title="bbox 203 1895 1861 1979">
     <span class='ocr_line' id='line_1_30' title="bbox 203 1895 1861 1979; baseline -0.003 -20"><span class='ocrx_word' id='word_1_208' title='bbox 203 1901 326 1963; x_wconf 83' lang='grc' dir='ltr'>τοὺς</span> <span class='ocrx_word' id='word_1_209' title='bbox 370 1898 468 1976; x_wconf 67' lang='grc' dir='ltr'><strong>μὲν</strong></span> <span class='ocrx_word' id='word_1_210' title='bbox 526 1899 849 1979; x_wconf 71' lang='grc' dir='ltr'>μακαρίζων,</span> <span class='ocrx_word' id='word_1_211' title='bbox 906 1898 1027 1963; x_wconf 81' lang='grc' dir='ltr'>τοὺς</span> <span class='ocrx_word' id='word_1_212' title='bbox 1086 1895 1141 1953; x_wconf 80' lang='grc' dir='ltr'>δὲ</span> <span class='ocrx_word' id='word_1_213' title='bbox 1210 1897 1513 1956; x_wconf 82' lang='grc' dir='ltr'>κολακεύων</span> <span class='ocrx_word' id='word_1_214' title='bbox 1568 1899 1660 1956; x_wconf 85' lang='grc' dir='ltr'><strong>καὶ</strong></span> <span class='ocrx_word' id='word_1_215' title='bbox 1715 1898 1861 1955; x_wconf 68' lang='grc' dir='ltr'>ἐπαι.</span> 
     </span>
    </p>
   </div>
   <div class='ocr_carea' id='block_1_30' title="bbox 1966 1895 3603 1980">
    <p class='ocr_par' dir='ltr' id='par_1_30' title="bbox 1966 1897 3603 1980">
     <span class='ocr_line' id='line_1_31' title="bbox 1966 1897 3603 1980; baseline 0.003 -22"><span class='ocrx_word' id='word_1_216' title='bbox 1966 1897 2127 1980; x_wconf 88' lang='lat' dir='ltr'><strong>licat,</strong></span> <span class='ocrx_word' id='word_1_217' title='bbox 2159 1898 2307 1962; x_wconf 88' lang='lat' dir='ltr'><strong>alios</strong></span> <span class='ocrx_word' id='word_1_218' title='bbox 2336 1898 2554 1969; x_wconf 81' lang='lat' dir='ltr'><strong>laudat.</strong></span> <span class='ocrx_word' id='word_1_219' title='bbox 2618 1907 2674 1962; x_wconf 95' lang='lat' dir='ltr'><strong>et</strong></span> <span class='ocrx_word' id='word_1_220' title='bbox 2730 1899 2848 1961; x_wconf 86' lang='lat' dir='ltr'><strong>illis</strong></span> <span class='ocrx_word' id='word_1_221' title='bbox 2903 1899 3200 1978; x_wconf 89' lang='lat' dir='ltr'><strong>adulatur,</strong></span> <span class='ocrx_word' id='word_1_222' title='bbox 3255 1901 3438 1965; x_wconf 90' lang='lat' dir='ltr'><strong>alicui</strong></span> <span class='ocrx_word' id='word_1_223' title='bbox 3467 1920 3603 1964; x_wconf 92' lang='lat' dir='ltr'><strong>cum</strong></span> 
     </span>
    </p>
   </div>
   <div class='ocr_carea' id='block_1_31' title="bbox 210 1985 1874 2074">
    <p class='ocr_par' dir='ltr' id='par_1_31' title="bbox 210 1985 1874 2068">
     <span class='ocr_line' id='line_1_32' title="bbox 210 1985 1874 2068; baseline -0.001 -21"><span class='ocrx_word' id='word_1_224' title='bbox 210 1996 340 2065; x_wconf 86' lang='grc' dir='ltr'>νῶν,</span> <span class='ocrx_word' id='word_1_225' title='bbox 372 1995 451 2063; x_wconf 78' lang='grc' dir='ltr'><strong>τῷ</strong></span> <span class='ocrx_word' id='word_1_226' title='bbox 487 1990 734 2066; x_wconf 89' lang='grc' dir='ltr'>γυναικὸς</span> <span class='ocrx_word' id='word_1_227' title='bbox 785 1988 1011 2068; x_wconf 82' lang='grc' dir='ltr'>πόρνης,</span> <span class='ocrx_word' id='word_1_228' title='bbox 1055 1985 1356 2063; x_wconf 83' lang='grc' dir='ltr'>δυσείμονος</span> <span class='ocrx_word' id='word_1_229' title='bbox 1413 2009 1472 2045; x_wconf 85' lang='grc' dir='ltr'><strong>τε</strong></span> <span class='ocrx_word' id='word_1_230' title='bbox 1532 1989 1620 2045; x_wconf 83' lang='grc' dir='ltr'><strong>καὶ</strong></span> <span class='ocrx_word' id='word_1_231' title='bbox 1662 1988 1874 2068; x_wconf 72' lang='grc' dir='ltr'>παγκά-</span> 
     </span>
    </p>
   </div>
   <div class='ocr_carea' id='block_1_32' title="bbox 1966 1985 3609 2074">
    <p class='ocr_par' dir='ltr' id='par_1_32' title="bbox 1966 1987 3609 2074">
     <span class='ocr_line' id='line_1_33' title="bbox 1966 1987 3609 2074; baseline 0.004 -25"><span class='ocrx_word' id='word_1_232' title='bbox 1966 1987 2180 2051; x_wconf 77' lang='lat' dir='ltr'><strong>femina</strong></span> <span class='ocrx_word' id='word_1_233' title='bbox 2198 1988 2540 2064; x_wconf 81' lang='lat' dir='ltr'><strong>fornicaria,</strong></span> <span class='ocrx_word' id='word_1_234' title='bbox 2565 2008 2849 2071; x_wconf 88' lang='lat' dir='ltr'><strong>pannosa,</strong></span> <span class='ocrx_word' id='word_1_235' title='bbox 2868 1991 3211 2071; x_wconf 84' lang='lat' dir='ltr'><strong>etpessima,</strong></span> <span class='ocrx_word' id='word_1_236' title='bbox 3233 1992 3530 2074; x_wconf 85' lang='lat' dir='ltr'><strong>copulato,</strong></span> <span class='ocrx_word' id='word_1_237' title='bbox 3546 1999 3609 2055; x_wconf 86' lang='lat' dir='ltr'><strong>et</strong></span> 
     </span>
    </p>
   </div>
   <div class='ocr_carea' id='block_1_33' title="bbox 207 2074 1874 2162">
    <p class='ocr_par' dir='ltr' id='par_1_33' title="bbox 207 2074 1871 2158">
     <span class='ocr_line' id='line_1_34' title="bbox 207 2074 1871 2158; baseline -0.002 -22"><span class='ocrx_word' id='word_1_238' title='bbox 207 2100 308 2136; x_wconf 85' lang='grc' dir='ltr'><strong>κου</strong></span> <span class='ocrx_word' id='word_1_239' title='bbox 363 2075 741 2157; x_wconf 79' lang='grc' dir='ltr'>διαζευχθέντι,</span> <span class='ocrx_word' id='word_1_240' title='bbox 800 2077 890 2133; x_wconf 81' lang='grc' dir='ltr'><strong>καὶ</strong></span> <span class='ocrx_word' id='word_1_241' title='bbox 949 2077 1021 2141; x_wconf 81' lang='grc' dir='ltr'><strong>είς</strong></span> <span class='ocrx_word' id='word_1_242' title='bbox 1079 2074 1263 2156; x_wconf 81' lang='grc' dir='ltr'>χώραν</span> <span class='ocrx_word' id='word_1_243' title='bbox 1322 2077 1528 2158; x_wconf 76' lang='grc' dir='ltr'>μακρὰν</span> <span class='ocrx_word' id='word_1_244' title='bbox 1587 2074 1871 2152; x_wconf 75' lang='grc' dir='ltr'>ἀποδημή-</span> 
     </span>
    </p>
   </div>
   <div class='ocr_carea' id='block_1_34' title="bbox 1966 2074 3611 2162">
    <p class='ocr_par' dir='ltr' id='par_1_34' title="bbox 1966 2077 3611 2162">
     <span class='ocr_line' id='line_1_35' title="bbox 1966 2077 3611 2162; baseline 0.003 -24"><span class='ocrx_word' id='word_1_245' title='bbox 1966 2077 2017 2138; x_wconf 92' lang='lat' dir='ltr'><strong>in</strong></span> <span class='ocrx_word' id='word_1_246' title='bbox 2049 2077 2358 2159; x_wconf 82' lang='lat' dir='ltr'><strong>regionem</strong></span> <span class='ocrx_word' id='word_1_247' title='bbox 2377 2078 2785 2160; x_wconf 81' lang='lat' dir='ltr'><strong>longinquam,</strong></span> <span class='ocrx_word' id='word_1_248' title='bbox 2807 2079 2881 2141; x_wconf 87' lang='lat' dir='ltr'><strong>ad</strong></span> <span class='ocrx_word' id='word_1_249' title='bbox 2900 2080 3293 2160; x_wconf 73' lang='lat' dir='ltr'><strong>eli&#39;ugieudam</strong></span> <span class='ocrx_word' id='word_1_250' title='bbox 3318 2082 3448 2162; x_wconf 89' lang='lat' dir='ltr'><strong>ejus</strong></span> <span class='ocrx_word' id='word_1_251' title='bbox 3469 2099 3611 2143; x_wconf 88' lang='lat' dir='ltr'><strong>con-</strong></span> 
     </span>
    </p>
   </div>
   <div class='ocr_carea' id='block_1_35' title="bbox 209 2163 1874 2251">
    <p class='ocr_par' dir='ltr' id='par_1_35' title="bbox 209 2163 1862 2246">
     <span class='ocr_line' id='line_1_36' title="bbox 209 2163 1862 2246; baseline 0 -23"><span class='ocrx_word' id='word_1_252' title='bbox 209 2189 388 2244; x_wconf 85' lang='grc' dir='ltr'>σαντι,</span> <span class='ocrx_word' id='word_1_253' title='bbox 421 2167 552 2246; x_wconf 89' lang='grc' dir='ltr'>πρὸς</span> <span class='ocrx_word' id='word_1_254' title='bbox 580 2167 641 2222; x_wconf 89' lang='grc' dir='ltr'>τὸ</span> <span class='ocrx_word' id='word_1_255' title='bbox 670 2163 1044 2244; x_wconf 76' lang='grc' dir='ltr'>ἀπαλλαγῆναι</span> <span class='ocrx_word' id='word_1_256' title='bbox 1093 2166 1181 2221; x_wconf 88' lang='grc' dir='ltr'><strong>καὶ</strong></span> <span class='ocrx_word' id='word_1_257' title='bbox 1235 2169 1335 2232; x_wconf 78' lang='grc' dir='ltr'>τῆς</span> <span class='ocrx_word' id='word_1_258' title='bbox 1394 2166 1616 2242; x_wconf 81' lang='grc' dir='ltr'>μνήμης</span> <span class='ocrx_word' id='word_1_259' title='bbox 1647 2168 1811 2234; x_wconf 68' lang='grc' dir='ltr'>αὐτῆς</span> <span class='ocrx_word' id='word_1_260' title='bbox 1847 2181 1862 2196; x_wconf 80' lang='grc'>⁸</span> 
     </span>
    </p>
   </div>
   <div class='ocr_carea' id='block_1_36' title="bbox 1966 2163 3604 2251">
    <p class='ocr_par' dir='ltr' id='par_1_36' title="bbox 1974 2167 3604 2251">
     <span class='ocr_line' id='line_1_37' title="bbox 1974 2167 3604 2251; baseline 0.004 -25"><span class='ocrx_word' id='word_1_261' title='bbox 1974 2167 2341 2246; x_wconf 87' lang='lat' dir='ltr'><strong>unctionem,</strong></span> <span class='ocrx_word' id='word_1_262' title='bbox 2374 2175 2550 2248; x_wconf 85' lang='lat' dir='ltr'><strong>atque</strong></span> <span class='ocrx_word' id='word_1_263' title='bbox 2600 2167 2750 2229; x_wconf 88' lang='lat' dir='ltr'><strong>adeo</strong></span> <span class='ocrx_word' id='word_1_264' title='bbox 2800 2167 3148 2230; x_wconf 84' lang='lat' dir='ltr'><strong>memoriam</strong></span> <span class='ocrx_word' id='word_1_265' title='bbox 3210 2187 3459 2251; x_wconf 62' lang='lat' dir='ltr'><strong>peregre</strong></span> <span class='ocrx_word' id='word_1_266' title='bbox 3489 2173 3604 2233; x_wconf 87' lang='lat' dir='ltr'><strong>ab-</strong></span> 
     </span>
    </p>
   </div>
   <div class='ocr_carea' id='block_1_37' title="bbox 208 2251 1874 2338">
    <p class='ocr_par' dir='ltr' id='par_1_37' title="bbox 208 2251 1867 2335">
     <span class='ocr_line' id='line_1_38' title="bbox 208 2251 1867 2335; baseline -0.001 -21"><span class='ocrx_word' id='word_1_267' title='bbox 208 2258 340 2314; x_wconf 78' lang='grc' dir='ltr'>εἶτα</span> <span class='ocrx_word' id='word_1_268' title='bbox 368 2253 733 2331; x_wconf 65' lang='grc' dir='ltr'>ἔπιλαθομένῳ</span> <span class='ocrx_word' id='word_1_269' title='bbox 788 2255 881 2310; x_wconf 89' lang='grc' dir='ltr'><strong>τὸν</strong></span> <span class='ocrx_word' id='word_1_270' title='bbox 936 2254 1163 2333; x_wconf 88' lang='grc' dir='ltr'>σκοπὸν,</span> <span class='ocrx_word' id='word_1_271' title='bbox 1207 2251 1274 2309; x_wconf 87' lang='grc' dir='ltr'>δι’</span> <span class='ocrx_word' id='word_1_272' title='bbox 1331 2253 1390 2310; x_wconf 84' lang='grc' dir='ltr'>ὃν</span> <span class='ocrx_word' id='word_1_273' title='bbox 1446 2256 1511 2311; x_wconf 89' lang='grc' dir='ltr'>τὸ</span> <span class='ocrx_word' id='word_1_274' title='bbox 1537 2254 1658 2335; x_wconf 81' lang='grc' dir='ltr'>ὄρος</span> <span class='ocrx_word' id='word_1_275' title='bbox 1680 2264 1867 2313; x_wconf 85' lang='grc' dir='ltr'>κατει-</span> 
     </span>
    </p>
   </div>
   <div class='ocr_carea' id='block_1_38' title="bbox 1966 2251 3600 2338">
    <p class='ocr_par' dir='ltr' id='par_1_38' title="bbox 1966 2253 3600 2338">
     <span class='ocr_line' id='line_1_39' title="bbox 1966 2253 3600 2338; baseline 0.004 -23"><span class='ocrx_word' id='word_1_276' title='bbox 1966 2253 2137 2316; x_wconf 66' lang='lat' dir='ltr'><strong>eunti:</strong></span> <span class='ocrx_word' id='word_1_277' title='bbox 2163 2254 2381 2317; x_wconf 87' lang='lat' dir='ltr'><strong>deinde</strong></span> <span class='ocrx_word' id='word_1_278' title='bbox 2400 2254 2584 2318; x_wconf 91' lang='lat' dir='ltr'><strong>oblito</strong></span> <span class='ocrx_word' id='word_1_279' title='bbox 2597 2273 2802 2338; x_wconf 93' lang='lat' dir='ltr'><strong>scopo,</strong></span> <span class='ocrx_word' id='word_1_280' title='bbox 2822 2265 3249 2338; x_wconf 90' lang='lat' dir='ltr'><strong>propterquem</strong></span> <span class='ocrx_word' id='word_1_281' title='bbox 3264 2258 3322 2319; x_wconf 90' lang='lat' dir='ltr'><strong>in</strong></span> <span class='ocrx_word' id='word_1_282' title='bbox 3338 2267 3600 2321; x_wconf 89' lang='lat' dir='ltr'><strong>montem</strong></span> 
     </span>
    </p>
   </div>
   <div class='ocr_carea' id='block_1_39' title="bbox 207 2341 1874 2427">
    <p class='ocr_par' dir='ltr' id='par_1_39' title="bbox 207 2341 1868 2427">
     <span class='ocr_line' id='line_1_40' title="bbox 207 2341 1868 2427; baseline -0.001 -25"><span class='ocrx_word' id='word_1_283' title='bbox 207 2344 375 2427; x_wconf 68' lang='grc' dir='ltr'>ληφε,</span> <span class='ocrx_word' id='word_1_284' title='bbox 433 2345 522 2400; x_wconf 86' lang='grc' dir='ltr'><strong>καὶ</strong></span> <span class='ocrx_word' id='word_1_285' title='bbox 568 2345 700 2416; x_wconf 87' lang='grc' dir='ltr'>πρὸς</span> <span class='ocrx_word' id='word_1_286' title='bbox 753 2343 873 2407; x_wconf 84' lang='grc' dir='ltr'>τοὺς</span> <span class='ocrx_word' id='word_1_287' title='bbox 932 2347 1001 2419; x_wconf 73' lang='grc' dir='ltr'><strong>τῇ</strong></span> <span class='ocrx_word' id='word_1_288' title='bbox 1054 2341 1225 2422; x_wconf 76' lang='grc' dir='ltr'>πόρνη</span> <span class='ocrx_word' id='word_1_289' title='bbox 1285 2342 1459 2421; x_wconf 79' lang='grc' dir='ltr'>ἐκείνῃ</span> <span class='ocrx_word' id='word_1_290' title='bbox 1514 2365 1868 2425; x_wconf 88' lang='grc' dir='ltr'>συναναστρε-</span> 
     </span>
    </p>
   </div>
   <div class='ocr_carea' id='block_1_40' title="bbox 1966 2341 3608 2427">
    <p class='ocr_par' dir='ltr' id='par_1_40' title="bbox 1966 2343 3608 2426">
     <span class='ocr_line' id='line_1_41' title="bbox 1966 2343 3608 2426; baseline 0.005 -24"><span class='ocrx_word' id='word_1_291' title='bbox 1966 2343 2200 2418; x_wconf 75' lang='lat' dir='ltr'><strong>venerit,</strong></span> <span class='ocrx_word' id='word_1_292' title='bbox 2233 2344 2306 2406; x_wconf 87' lang='lat' dir='ltr'><strong>ad</strong></span> <span class='ocrx_word' id='word_1_293' title='bbox 2341 2362 2445 2407; x_wconf 90' lang='lat' dir='ltr'><strong>eos</strong></span> <span class='ocrx_word' id='word_1_294' title='bbox 2475 2346 2577 2426; x_wconf 90' lang='lat' dir='ltr'><strong>qui</strong></span> <span class='ocrx_word' id='word_1_295' title='bbox 2624 2363 2759 2407; x_wconf 90' lang='lat' dir='ltr'><strong>cum</strong></span> <span class='ocrx_word' id='word_1_296' title='bbox 2818 2353 3016 2408; x_wconf 89' lang='lat' dir='ltr'><strong>scorto</strong></span> <span class='ocrx_word' id='word_1_297' title='bbox 3075 2346 3177 2409; x_wconf 88' lang='lat' dir='ltr'><strong>illo</strong></span> <span class='ocrx_word' id='word_1_298' title='bbox 3204 2356 3519 2411; x_wconf 83' lang='lat' dir='ltr'><strong>versantur</strong></span> <span class='ocrx_word' id='word_1_299' title='bbox 3548 2356 3608 2411; x_wconf 89' lang='lat' dir='ltr'><strong>et</strong></span> 
     </span>
    </p>
   </div>
   <div class='ocr_carea' id='block_1_41' title="bbox 206 2429 1874 2517">
    <p class='ocr_par' dir='ltr' id='par_1_41' title="bbox 206 2429 1870 2517">
     <span class='ocr_line' id='line_1_42' title="bbox 206 2429 1870 2517; baseline 0.001 -27"><span class='ocrx_word' id='word_1_300' title='bbox 206 2434 496 2517; x_wconf 77' lang='grc' dir='ltr'>φομένους,</span> <span class='ocrx_word' id='word_1_301' title='bbox 553 2429 631 2490; x_wconf 77' lang='grc' dir='ltr'>ἵν’</span> <span class='ocrx_word' id='word_1_302' title='bbox 690 2431 854 2506; x_wconf 76' lang='grc' dir='ltr'>εἴπω,</span> <span class='ocrx_word' id='word_1_303' title='bbox 933 2432 1024 2488; x_wconf 83' lang='grc' dir='ltr'><strong>καὶ</strong></span> <span class='ocrx_word' id='word_1_304' title='bbox 1105 2431 1581 2509; x_wconf 85' lang='grc' dir='ltr'>συμμιαινομένους</span> <span class='ocrx_word' id='word_1_305' title='bbox 1653 2434 1870 2515; x_wconf 74' lang='grc' dir='ltr'>γράφειν</span> 
     </span>
    </p>
   </div>
   <div class='ocr_carea' id='block_1_42' title="bbox 1966 2429 3607 2517">
    <p class='ocr_par' dir='ltr' id='par_1_42' title="bbox 1966 2431 3607 2517">
     <span class='ocr_line' id='line_1_43' title="bbox 1966 2431 3607 2517; baseline 0.004 -23"><span class='ocrx_word' id='word_1_306' title='bbox 1966 2440 2022 2494; x_wconf 89' lang='lat' dir='ltr'><strong>ut</strong></span> <span class='ocrx_word' id='word_1_307' title='bbox 2051 2431 2133 2493; x_wconf 87' lang='lat' dir='ltr'><strong>ita</strong></span> <span class='ocrx_word' id='word_1_308' title='bbox 2160 2432 2377 2509; x_wconf 89' lang='lat' dir='ltr'><strong>dicam,</strong></span> <span class='ocrx_word' id='word_1_309' title='bbox 2411 2452 2545 2495; x_wconf 92' lang='lat' dir='ltr'><strong>cum</strong></span> <span class='ocrx_word' id='word_1_310' title='bbox 2578 2453 2647 2497; x_wconf 91' lang='lat' dir='ltr'><strong>eo</strong></span> <span class='ocrx_word' id='word_1_311' title='bbox 2679 2450 2794 2496; x_wconf 88' lang='lat' dir='ltr'><strong>una</strong></span> <span class='ocrx_word' id='word_1_312' title='bbox 2818 2434 3183 2516; x_wconf 77' lang='lat' dir='ltr'><strong>po‘luuntur,</strong></span> <span class='ocrx_word' id='word_1_313' title='bbox 3213 2436 3430 2517; x_wconf 83' lang='lat' dir='ltr'><strong>cupide</strong></span> <span class='ocrx_word' id='word_1_314' title='bbox 3451 2437 3607 2500; x_wconf 86' lang='lat' dir='ltr'><strong>scri-</strong></span> 
     </span>
    </p>
   </div>
   <div class='ocr_carea' id='block_1_43' title="bbox 209 2520 1875 2605">
    <p class='ocr_par' dir='ltr' id='par_1_43' title="bbox 209 2520 1875 2605">
     <span class='ocr_line' id='line_1_44' title="bbox 209 2520 1875 2605; baseline 0.001 -25"><span class='ocrx_word' id='word_1_315' title='bbox 209 2522 538 2605; x_wconf 83' lang='grc' dir='ltr'>όρεγομένῳ,</span> <span class='ocrx_word' id='word_1_316' title='bbox 581 2522 670 2578; x_wconf 84' lang='grc' dir='ltr'><strong>καὶ</strong></span> <span class='ocrx_word' id='word_1_317' title='bbox 698 2521 883 2585; x_wconf 68' lang='grc' dir='ltr'>αὐτοὺς</span> <span class='ocrx_word' id='word_1_318' title='bbox 928 2520 1289 2601; x_wconf 83' lang='grc' dir='ltr'>μακαρίζοντι,</span> <span class='ocrx_word' id='word_1_319' title='bbox 1349 2522 1408 2587; x_wconf 83' lang='grc' dir='ltr'>ὃς</span> <span class='ocrx_word' id='word_1_320' title='bbox 1465 2523 1510 2579; x_wconf 87' lang='grc' dir='ltr'><strong>εί</strong></span> <span class='ocrx_word' id='word_1_321' title='bbox 1564 2523 1756 2600; x_wconf 79' lang='grc' dir='ltr'>καὶμὴ</span> <span class='ocrx_word' id='word_1_322' title='bbox 1798 2530 1875 2599; x_wconf 84' lang='grc' dir='ltr'><strong>τῷ</strong></span> 
     </span>
    </p>
   </div>
   <div class='ocr_carea' id='block_1_44' title="bbox 210 2608 1873 2693">
    <p class='ocr_par' dir='ltr' id='par_1_44' title="bbox 210 2608 1873 2693">
     <span class='ocr_line' id='line_1_45' title="bbox 210 2608 1873 2693; baseline -0.001 -22"><span class='ocrx_word' id='word_1_323' title='bbox 210 2612 451 2693; x_wconf 84' lang='grc' dir='ltr'>σώματι,</span> <span class='ocrx_word' id='word_1_324' title='bbox 502 2609 640 2669; x_wconf 78' lang='grc' dir='ltr'>ἀλλὰ</span> <span class='ocrx_word' id='word_1_325' title='bbox 686 2616 756 2688; x_wconf 78' lang='grc' dir='ltr'>τῇ</span> <span class='ocrx_word' id='word_1_326' title='bbox 803 2608 987 2691; x_wconf 82' lang='grc' dir='ltr'>καρδίᾳ</span> <span class='ocrx_word' id='word_1_327' title='bbox 1040 2610 1252 2674; x_wconf 84' lang='grc' dir='ltr'>πάντως</span> <span class='ocrx_word' id='word_1_328' title='bbox 1310 2613 1398 2668; x_wconf 82' lang='grc' dir='ltr'><strong>καὶ</strong></span> <span class='ocrx_word' id='word_1_329' title='bbox 1453 2618 1531 2687; x_wconf 82' lang='grc' dir='ltr'>τῷ</span> <span class='ocrx_word' id='word_1_330' title='bbox 1585 2615 1674 2670; x_wconf 70' lang='grc' dir='ltr'>νο⁵ι</span> <span class='ocrx_word' id='word_1_331' title='bbox 1732 2634 1873 2690; x_wconf 87' lang='grc' dir='ltr'>συμ-</span> 
     </span>
    </p>
   </div>
   <div class='ocr_carea' id='block_1_45' title="bbox 213 2698 1872 2783">
    <p class='ocr_par' dir='ltr' id='par_1_45' title="bbox 213 2698 1872 2783">
     <span class='ocr_line' id='line_1_46' title="bbox 213 2698 1872 2783; baseline 0.001 -26"><span class='ocrx_word' id='word_1_332' title='bbox 213 2702 447 2782; x_wconf 78' lang='grc' dir='ltr'>πάσχει,</span> <span class='ocrx_word' id='word_1_333' title='bbox 492 2700 553 2756; x_wconf 81' lang='grc' dir='ltr'>ἐκ</span> <span class='ocrx_word' id='word_1_334' title='bbox 607 2699 904 2780; x_wconf 83' lang='grc' dir='ltr'>προθέσεως</span> <span class='ocrx_word' id='word_1_335' title='bbox 954 2700 1076 2764; x_wconf 83' lang='grc' dir='ltr'>τοὺς</span> <span class='ocrx_word' id='word_1_336' title='bbox 1119 2700 1391 2764; x_wconf 87' lang='grc' dir='ltr'>τοιούυους</span> <span class='ocrx_word' id='word_1_337' title='bbox 1448 2698 1872 2783; x_wconf 84' lang='grc' dir='ltr'>ἀποδεχόμενος,</span> 
     </span>
    </p>
   </div>
   <div class='ocr_carea' id='block_1_46' title="bbox 214 2787 1461 2866">
    <p class='ocr_par' dir='ltr' id='par_1_46' title="bbox 214 2787 1461 2866">
     <span class='ocr_line' id='line_1_47' title="bbox 214 2787 1461 2866; baseline 0.013 -30"><span class='ocrx_word' id='word_1_338' title='bbox 214 2791 377 2849; x_wconf 61' lang='grc' dir='ltr'>οἱονεὶ</span> <span class='ocrx_word' id='word_1_339' title='bbox 405 2793 503 2866; x_wconf 73' lang='grc' dir='ltr'><strong>τῆς</strong></span> <span class='ocrx_word' id='word_1_340' title='bbox 535 2787 651 2866; x_wconf 85' lang='grc' dir='ltr'>μετ’</span> <span class='ocrx_word' id='word_1_341' title='bbox 682 2788 886 2857; x_wconf 77' lang='grc' dir='ltr'>ἐκείνης</span> <span class='ocrx_word' id='word_1_342' title='bbox 918 2788 1090 2846; x_wconf 76' lang='grc' dir='ltr'>αὐτῶν</span> <span class='ocrx_word' id='word_1_343' title='bbox 1120 2794 1461 2866; x_wconf 81' lang='grc' dir='ltr'>συμπλοκῆς.</span> 
     </span>
    </p>
   </div>
   <div class='ocr_carea' id='block_1_47' title="bbox 306 2865 1875 2965">
    <p class='ocr_par' dir='ltr' id='par_1_47' title="bbox 306 2865 1875 2965">
     <span class='ocr_line' id='line_1_48' title="bbox 306 2865 1875 2965; baseline 0.012 -37"><span class='ocrx_word' id='word_1_344' title='bbox 306 2869 427 2958; x_wconf 62' lang='grc' dir='ltr'><strong>4’β”,</strong></span> <span class='ocrx_word' id='word_1_345' title='bbox 464 2865 601 2955; x_wconf 57' lang='grc' dir='ltr'><strong>τὀσῳ</strong></span> <span class='ocrx_word' id='word_1_346' title='bbox 630 2882 678 2938; x_wconf 77' lang='grc' dir='ltr'>οἱ</span> <span class='ocrx_word' id='word_1_347' title='bbox 708 2880 762 2937; x_wconf 80' lang='grc' dir='ltr'>ἐν</span> <span class='ocrx_word' id='word_1_348' title='bbox 793 2879 941 2957; x_wconf 86' lang='grc' dir='ltr'>μέσῳ</span> <span class='ocrx_word' id='word_1_349' title='bbox 984 2887 1080 2938; x_wconf 75' lang='grc' dir='ltr'><strong>τοῦ</strong></span> <span class='ocrx_word' id='word_1_350' title='bbox 1131 2865 1334 2958; x_wconf 87' lang='grc' dir='ltr'>κόσμου</span> <span class='ocrx_word' id='word_1_351' title='bbox 1385 2883 1753 2965; x_wconf 73' lang='grc' dir='ltr'>στρεφόμενοι,</span> <span class='ocrx_word' id='word_1_352' title='bbox 1786 2892 1875 2947; x_wconf 80' lang='grc' dir='ltr'><strong>καὶ</strong></span> 
     </span>
    </p>
   </div>
   <div class='ocr_carea' id='block_1_48' title="bbox 214 2969 1873 3052">
    <p class='ocr_par' dir='ltr' id='par_1_48' title="bbox 214 2969 1873 3052">
     <span class='ocr_line' id='line_1_49' title="bbox 214 2969 1873 3052; baseline -0.001 -23"><span class='ocrx_word' id='word_1_353' title='bbox 214 2969 593 3050; x_wconf 77' lang='grc' dir='ltr'>καθαρεύοντες</span> <span class='ocrx_word' id='word_1_354' title='bbox 649 2970 743 3033; x_wconf 81' lang='grc' dir='ltr'><strong>τὰς</strong></span> <span class='ocrx_word' id='word_1_355' title='bbox 801 2970 1084 3046; x_wconf 71' lang='grc' dir='ltr'>εἰσθήσεις,</span> <span class='ocrx_word' id='word_1_356' title='bbox 1163 2972 1251 3027; x_wconf 86' lang='grc' dir='ltr'><strong>καὶ</strong></span> <span class='ocrx_word' id='word_1_357' title='bbox 1331 2971 1426 3036; x_wconf 81' lang='grc' dir='ltr'><strong>τὰς</strong></span> <span class='ocrx_word' id='word_1_358' title='bbox 1496 2969 1710 3052; x_wconf 83' lang='grc' dir='ltr'>καρδίας</span> <span class='ocrx_word' id='word_1_359' title='bbox 1767 2972 1873 3029; x_wconf 85' lang='grc' dir='ltr'><strong>ἀπὸ</strong></span> 
     </span>
    </p>
   </div>
   <div class='ocr_carea' id='block_1_49' title="bbox 213 3059 1868 3141">
    <p class='ocr_par' dir='ltr' id='par_1_49' title="bbox 213 3059 1868 3141">
     <span class='ocr_line' id='line_1_50' title="bbox 213 3059 1868 3141; baseline 0 -24"><span class='ocrx_word' id='word_1_360' title='bbox 213 3061 400 3128; x_wconf 82' lang='grc' dir='ltr'>πάσης</span> <span class='ocrx_word' id='word_1_361' title='bbox 458 3065 694 3139; x_wconf 80' lang='grc' dir='ltr'>πονηρᾶς</span> <span class='ocrx_word' id='word_1_362' title='bbox 751 3059 1048 3136; x_wconf 69' lang='grc' dir='ltr'>ἐπιθυμίας,</span> <span class='ocrx_word' id='word_1_363' title='bbox 1129 3059 1396 3119; x_wconf 82' lang='grc' dir='ltr'>ἐπαινετοὶ</span> <span class='ocrx_word' id='word_1_364' title='bbox 1450 3063 1539 3117; x_wconf 83' lang='grc' dir='ltr'><strong>καὶ</strong></span> <span class='ocrx_word' id='word_1_365' title='bbox 1596 3060 1868 3141; x_wconf 87' lang='grc' dir='ltr'>μακάριοι,</span> 
     </span>
    </p>
   </div>
   <div class='ocr_carea' id='block_1_50' title="bbox 1958 2522 3602 2597">
    <p class='ocr_par' dir='ltr' id='par_1_50' title="bbox 1958 2522 3602 2597">
     <span class='ocr_line' id='line_1_51' title="bbox 1958 2522 3602 2597; baseline 0.004 -15"><span class='ocrx_word' id='word_1_366' title='bbox 1958 2523 2158 2597; x_wconf 90' lang='lat' dir='ltr'><strong>bente,</strong></span> <span class='ocrx_word' id='word_1_367' title='bbox 2209 2531 2268 2586; x_wconf 89' lang='lat' dir='ltr'><strong>et</strong></span> <span class='ocrx_word' id='word_1_368' title='bbox 2316 2542 2419 2587; x_wconf 91' lang='lat' dir='ltr'><strong>eos</strong></span> <span class='ocrx_word' id='word_1_369' title='bbox 2449 2531 2511 2585; x_wconf 91' lang='lat' dir='ltr'><strong>ut</strong></span> <span class='ocrx_word' id='word_1_370' title='bbox 2542 2522 2753 2595; x_wconf 84' lang='lat' dir='ltr'><strong>beatos</strong></span> <span class='ocrx_word' id='word_1_371' title='bbox 2779 2524 3081 2586; x_wconf 84' lang='lat' dir='ltr'><strong>cxtollenti</strong></span> <span class='ocrx_word' id='word_1_372' title='bbox 3110 2525 3323 2587; x_wconf 87' lang='lat' dir='ltr'><strong>similis</strong></span> <span class='ocrx_word' id='word_1_373' title='bbox 3346 2526 3602 2591; x_wconf 90' lang='lat' dir='ltr'><strong>videtur.</strong></span> 
     </span>
    </p>
   </div>
   <div class='ocr_carea' id='block_1_51' title="bbox 1957 2609 3609 2695">
    <p class='ocr_par' dir='ltr' id='par_1_51' title="bbox 1957 2609 3609 2695">
     <span class='ocr_line' id='line_1_52' title="bbox 1957 2609 3609 2695; baseline 0.002 -22"><span class='ocrx_word' id='word_1_374' title='bbox 1957 2609 2069 2685; x_wconf 89' lang='lat' dir='ltr'><strong>Qui</strong></span> <span class='ocrx_word' id='word_1_375' title='bbox 2100 2619 2158 2674; x_wconf 90' lang='lat' dir='ltr'><strong>et</strong></span> <span class='ocrx_word' id='word_1_376' title='bbox 2208 2611 2260 2675; x_wconf 90' lang='lat' dir='ltr'><strong>si</strong></span> <span class='ocrx_word' id='word_1_377' title='bbox 2289 2631 2409 2674; x_wconf 90' lang='lat' dir='ltr'><strong>non</strong></span> <span class='ocrx_word' id='word_1_378' title='bbox 2462 2631 2736 2695; x_wconf 89' lang='lat' dir='ltr'><strong>corpore,</strong></span> <span class='ocrx_word' id='word_1_379' title='bbox 2794 2613 2994 2675; x_wconf 92' lang='lat' dir='ltr'><strong>animo</strong></span> <span class='ocrx_word' id='word_1_380' title='bbox 3053 2614 3292 2695; x_wconf 87' lang='lat' dir='ltr'><strong>quidem</strong></span> <span class='ocrx_word' id='word_1_381' title='bbox 3328 2625 3510 2689; x_wconf 88' lang='lat' dir='ltr'><strong>certe,</strong></span> <span class='ocrx_word' id='word_1_382' title='bbox 3547 2625 3609 2678; x_wconf 93' lang='lat' dir='ltr'><strong>et</strong></span> 
     </span>
    </p>
   </div>
   <div class='ocr_carea' id='block_1_52' title="bbox 1959 2699 3605 2784">
    <p class='ocr_par' dir='ltr' id='par_1_52' title="bbox 1959 2699 3605 2784">
     <span class='ocr_line' id='line_1_53' title="bbox 1959 2699 3605 2784; baseline 0.002 -23"><span class='ocrx_word' id='word_1_383' title='bbox 1959 2700 2139 2762; x_wconf 89' lang='lat' dir='ltr'><strong>corde</strong></span> <span class='ocrx_word' id='word_1_384' title='bbox 2167 2699 2296 2782; x_wconf 92' lang='lat' dir='ltr'><strong>ipso</strong></span> <span class='ocrx_word' id='word_1_385' title='bbox 2328 2700 2601 2763; x_wconf 81' lang='lat' dir='ltr'><strong>similiter</strong></span> <span class='ocrx_word' id='word_1_386' title='bbox 2633 2701 2751 2763; x_wconf 90' lang='lat' dir='ltr'><strong>illis</strong></span> <span class='ocrx_word' id='word_1_387' title='bbox 2770 2702 3042 2773; x_wconf 73' lang='lat' dir='ltr'><strong>afﬁcitur,</strong></span> <span class='ocrx_word' id='word_1_388' title='bbox 3077 2720 3406 2784; x_wconf 89' lang='lat' dir='ltr'><strong>eorumque</strong></span> <span class='ocrx_word' id='word_1_389' title='bbox 3435 2708 3605 2766; x_wconf 82' lang='lat' dir='ltr'><strong>com-</strong></span> 
     </span>
    </p>
   </div>
   <div class='ocr_carea' id='block_1_53' title="bbox 1955 2788 3375 2873">
    <p class='ocr_par' dir='ltr' id='par_1_53' title="bbox 1955 2788 3375 2873">
     <span class='ocr_line' id='line_1_54' title="bbox 1955 2788 3375 2873; baseline 0.004 -23"><span class='ocrx_word' id='word_1_390' title='bbox 1955 2788 2163 2871; x_wconf 81' lang='lat' dir='ltr'><strong>plexus</strong></span> <span class='ocrx_word' id='word_1_391' title='bbox 2196 2789 2569 2853; x_wconf 89' lang='lat' dir='ltr'><strong>meretricios</strong></span> <span class='ocrx_word' id='word_1_392' title='bbox 2599 2790 2884 2872; x_wconf 85' lang='lat' dir='ltr'><strong>approbat</strong></span> <span class='ocrx_word' id='word_1_393' title='bbox 2916 2790 3375 2873; x_wconf 87' lang='lat' dir='ltr'><strong>quodammodo.</strong></span> 
     </span>
    </p>
   </div>
   <div class='ocr_carea' id='block_1_54' title="bbox 2036 2878 3610 2955">
    <p class='ocr_par' dir='ltr' id='par_1_54' title="bbox 2036 2878 3610 2955">
     <span class='ocr_line' id='line_1_55' title="bbox 2036 2878 3610 2955; baseline 0.002 -14"><span class='ocrx_word' id='word_1_394' title='bbox 2036 2879 2137 2942; x_wconf 80' lang='lat'><strong>9‘2.</strong></span> <span class='ocrx_word' id='word_1_395' title='bbox 2171 2878 2356 2952; x_wconf 90' lang='lat' dir='ltr'><strong>Quam</strong></span> <span class='ocrx_word' id='word_1_396' title='bbox 2390 2880 2565 2943; x_wconf 87' lang='lat' dir='ltr'><strong>valde</strong></span> <span class='ocrx_word' id='word_1_397' title='bbox 2598 2884 2654 2941; x_wconf 87' lang='lat' dir='ltr'><strong>in</strong></span> <span class='ocrx_word' id='word_1_398' title='bbox 2688 2880 2884 2943; x_wconf 88' lang='lat' dir='ltr'><strong>medio</strong></span> <span class='ocrx_word' id='word_1_399' title='bbox 2917 2881 3139 2943; x_wconf 89' lang='lat' dir='ltr'><strong>mundo</strong></span> <span class='ocrx_word' id='word_1_400' title='bbox 3170 2881 3610 2955; x_wconf 79' lang='lat' dir='ltr'><strong>viventes,sen—</strong></span> 
     </span>
    </p>
   </div>
   <div class='ocr_carea' id='block_1_55' title="bbox 1956 2969 3610 3052">
    <p class='ocr_par' dir='ltr' id='par_1_55' title="bbox 1956 2969 3610 3052">
     <span class='ocr_line' id='line_1_56' title="bbox 1956 2969 3610 3052; baseline 0.003 -22"><span class='ocrx_word' id='word_1_401' title='bbox 1956 2987 2198 3049; x_wconf 90' lang='lat' dir='ltr'><strong>susque,</strong></span> <span class='ocrx_word' id='word_1_402' title='bbox 2233 2978 2293 3031; x_wconf 93' lang='lat' dir='ltr'><strong>et</strong></span> <span class='ocrx_word' id='word_1_403' title='bbox 2323 2970 2501 3032; x_wconf 85' lang='lat' dir='ltr'><strong>corda</strong></span> <span class='ocrx_word' id='word_1_404' title='bbox 2533 2989 2639 3032; x_wconf 85' lang='lat' dir='ltr'><strong>sua</strong></span> <span class='ocrx_word' id='word_1_405' title='bbox 2686 2969 2759 3032; x_wconf 90' lang='lat' dir='ltr'><strong>ab</strong></span> <span class='ocrx_word' id='word_1_406' title='bbox 2817 2970 2980 3032; x_wconf 92' lang='lat' dir='ltr'><strong>omni</strong></span> <span class='ocrx_word' id='word_1_407' title='bbox 3035 2970 3239 3033; x_wconf 82' lang='lat' dir='ltr'><strong>vitiosa</strong></span> <span class='ocrx_word' id='word_1_408' title='bbox 3287 2971 3610 3052; x_wconf 82' lang='lat' dir='ltr'><strong>cupiditate</strong></span> 
     </span>
    </p>
   </div>
   <div class='ocr_carea' id='block_1_56' title="bbox 1957 3057 3606 3142">
    <p class='ocr_par' dir='ltr' id='par_1_56' title="bbox 1957 3057 3606 3142">
     <span class='ocr_line' id='line_1_57' title="bbox 1957 3057 3606 3142; baseline 0.003 -23"><span class='ocrx_word' id='word_1_409' title='bbox 1957 3065 2273 3138; x_wconf 74' lang='lat' dir='ltr'><strong>purgantes</strong></span> <span class='ocrx_word' id='word_1_410' title='bbox 2301 3057 2606 3133; x_wconf 83' lang='lat' dir='ltr'><strong>laudandi,</strong></span> <span class='ocrx_word' id='word_1_411' title='bbox 2642 3067 2700 3121; x_wconf 91' lang='lat' dir='ltr'><strong>et</strong></span> <span class='ocrx_word' id='word_1_412' title='bbox 2729 3078 2835 3141; x_wconf 92' lang='lat' dir='ltr'><strong>pro</strong></span> <span class='ocrx_word' id='word_1_413' title='bbox 2858 3058 3045 3121; x_wconf 87' lang='lat' dir='ltr'><strong>beatis</strong></span> <span class='ocrx_word' id='word_1_414' title='bbox 3067 3061 3462 3142; x_wconf 72' lang='lat' dir='ltr'><strong>praedicandi:</strong></span> <span class='ocrx_word' id='word_1_415' title='bbox 3489 3070 3606 3124; x_wconf 86' lang='lat' dir='ltr'><strong>tam</strong></span> 
     </span>
    </p>
   </div>
   <div class='ocr_carea' id='block_1_57' title="bbox 214 3146 1874 3230">
    <p class='ocr_par' dir='ltr' id='par_1_57' title="bbox 214 3148 1870 3227">
     <span class='ocr_line' id='line_1_58' title="bbox 214 3148 1870 3227; baseline -0.001 -19"><span class='ocrx_word' id='word_1_416' title='bbox 214 3150 455 3226; x_wconf 83' lang='grc' dir='ltr'>τοσούτῳ</span> <span class='ocrx_word' id='word_1_417' title='bbox 484 3152 530 3207; x_wconf 75' lang='grc' dir='ltr'>οἱ</span> <span class='ocrx_word' id='word_1_418' title='bbox 560 3148 615 3206; x_wconf 77' lang='grc' dir='ltr'><strong>ἐν</strong></span> <span class='ocrx_word' id='word_1_419' title='bbox 672 3151 814 3227; x_wconf 84' lang='grc' dir='ltr'>ὁρεσι</span> <span class='ocrx_word' id='word_1_420' title='bbox 868 3150 958 3206; x_wconf 82' lang='grc' dir='ltr'><strong>καὶ</strong></span> <span class='ocrx_word' id='word_1_421' title='bbox 999 3149 1282 3217; x_wconf 89' lang='grc' dir='ltr'>σπηλαίοις</span> <span class='ocrx_word' id='word_1_422' title='bbox 1340 3148 1756 3227; x_wconf 75' lang='grc' dir='ltr'>ἐνδιαιτώμενοι,</span> <span class='ocrx_word' id='word_1_423' title='bbox 1816 3151 1870 3207; x_wconf 80' lang='grc' dir='ltr'><strong>οἳ</strong></span> 
     </span>
    </p>
   </div>
   <div class='ocr_carea' id='block_1_58' title="bbox 1966 3146 3608 3230">
    <p class='ocr_par' dir='ltr' id='par_1_58' title="bbox 1966 3146 3608 3230">
     <span class='ocr_line' id='line_1_59' title="bbox 1966 3146 3608 3230; baseline 0.004 -26"><span class='ocrx_word' id='word_1_424' title='bbox 1966 3146 2148 3222; x_wconf 86' lang='lat' dir='ltr'><strong>valde,</strong></span> <span class='ocrx_word' id='word_1_425' title='bbox 2182 3146 2285 3228; x_wconf 90' lang='lat' dir='ltr'><strong>qui</strong></span> <span class='ocrx_word' id='word_1_426' title='bbox 2312 3147 2372 3208; x_wconf 88' lang='lat' dir='ltr'><strong>in</strong></span> <span class='ocrx_word' id='word_1_427' title='bbox 2408 3147 2711 3209; x_wconf 87' lang='lat' dir='ltr'><strong>montibus</strong></span> <span class='ocrx_word' id='word_1_428' title='bbox 2769 3155 2829 3211; x_wconf 88' lang='lat' dir='ltr'><strong>et</strong></span> <span class='ocrx_word' id='word_1_429' title='bbox 2887 3149 3195 3230; x_wconf 76' lang='lat' dir='ltr'><strong>speluncis</strong></span> <span class='ocrx_word' id='word_1_430' title='bbox 3226 3151 3517 3223; x_wconf 85' lang='lat' dir='ltr'><strong>habitant,</strong></span> <span class='ocrx_word' id='word_1_431' title='bbox 3557 3152 3608 3212; x_wconf 89' lang='lat' dir='ltr'><strong>si</strong></span> 
     </span>
    </p>
   </div>
   <div class='ocr_carea' id='block_1_59' title="bbox 213 3238 1874 3320">
    <p class='ocr_par' dir='ltr' id='par_1_59' title="bbox 213 3238 1874 3320">
     <span class='ocr_line' id='line_1_60' title="bbox 213 3238 1874 3320; baseline -0.002 -22"><span class='ocrx_word' id='word_1_432' title='bbox 213 3245 327 3298; x_wconf 83' lang='grc' dir='ltr'><strong>τῶν</strong></span> <span class='ocrx_word' id='word_1_433' title='bbox 380 3238 607 3297; x_wconf 80' lang='grc' dir='ltr'>ἐπαίνων</span> <span class='ocrx_word' id='word_1_434' title='bbox 674 3239 763 3295; x_wconf 81' lang='grc' dir='ltr'>καὶ</span> <span class='ocrx_word' id='word_1_435' title='bbox 822 3244 1169 3317; x_wconf 88' lang='grc' dir='ltr'>μακαρισμῶν</span> <span class='ocrx_word' id='word_1_436' title='bbox 1228 3238 1455 3320; x_wconf 75' lang='grc' dir='ltr'>ἐφίενται</span> <span class='ocrx_word' id='word_1_437' title='bbox 1508 3245 1613 3296; x_wconf 90' lang='grc' dir='ltr'><strong>τῶν</strong></span> <span class='ocrx_word' id='word_1_438' title='bbox 1669 3238 1874 3318; x_wconf 82' lang='grc' dir='ltr'>ἀνθρώ-</span> 
     </span>
    </p>
   </div>
   <div class='ocr_carea' id='block_1_60' title="bbox 213 3325 1872 3410">
    <p class='ocr_par' dir='ltr' id='par_1_60' title="bbox 213 3325 1872 3410">
     <span class='ocr_line' id='line_1_61' title="bbox 213 3325 1872 3410; baseline -0.003 -21"><span class='ocrx_word' id='word_1_439' title='bbox 213 3352 361 3410; x_wconf 88' lang='grc' dir='ltr'>πων,</span> <span class='ocrx_word' id='word_1_440' title='bbox 420 3329 607 3406; x_wconf 77' lang='grc' dir='ltr'>ψεκτοὶ</span> <span class='ocrx_word' id='word_1_441' title='bbox 661 3330 750 3386; x_wconf 86' lang='grc' dir='ltr'><strong>καὶ</strong></span> <span class='ocrx_word' id='word_1_442' title='bbox 810 3325 1108 3396; x_wconf 77' lang='grc' dir='ltr'>ἀπόϐλητοι</span> <span class='ocrx_word' id='word_1_443' title='bbox 1142 3343 1156 3359; x_wconf 83' lang='grc'><strong><em>⁸</em></strong></span> <span class='ocrx_word' id='word_1_444' title='bbox 1219 3331 1292 3393; x_wconf 81' lang='grc' dir='ltr'>ὡς</span> <span class='ocrx_word' id='word_1_445' title='bbox 1371 3329 1471 3408; x_wconf 81' lang='grc' dir='ltr'><strong>γὰρ</strong></span> <span class='ocrx_word' id='word_1_446' title='bbox 1527 3329 1872 3409; x_wconf 79' lang='grc' dir='ltr'>μοιχεύοντες</span> 
     </span>
    </p>
   </div>
   <div class='ocr_carea' id='block_1_61' title="bbox 214 3415 1873 3500">
    <p class='ocr_par' dir='ltr' id='par_1_61' title="bbox 214 3415 1873 3500">
     <span class='ocr_line' id='line_1_62' title="bbox 214 3415 1873 3500; baseline -0.002 -22"><span class='ocrx_word' id='word_1_447' title='bbox 214 3420 367 3500; x_wconf 83' lang='grc' dir='ltr'><strong>παρά</strong></span> <span class='ocrx_word' id='word_1_448' title='bbox 413 3426 490 3493; x_wconf 86' lang='grc' dir='ltr'>τῷ</span> <span class='ocrx_word' id='word_1_449' title='bbox 541 3419 637 3483; x_wconf 75' lang='grc' dir='ltr'><strong>τὰς</strong></span> <span class='ocrx_word' id='word_1_450' title='bbox 708 3415 920 3498; x_wconf 80' lang='grc' dir='ltr'>καρδίας</span> <span class='ocrx_word' id='word_1_451' title='bbox 979 3421 1133 3495; x_wconf 75' lang='grc' dir='ltr'>ἡμῶν</span> <span class='ocrx_word' id='word_1_452' title='bbox 1182 3418 1455 3498; x_wconf 78' lang='grc' dir='ltr'>ἐρευνῶντι</span> <span class='ocrx_word' id='word_1_453' title='bbox 1509 3421 1626 3493; x_wconf 83' lang='grc' dir='ltr'><strong>Θεῷ</strong></span> <span class='ocrx_word' id='word_1_454' title='bbox 1666 3415 1873 3474; x_wconf 78' lang='grc' dir='ltr'>ἔσονται</span> 
     </span>
    </p>
   </div>
   <div class='ocr_carea' id='block_1_62' title="bbox 216 3507 1874 3588">
    <p class='ocr_par' dir='ltr' id='par_1_62' title="bbox 216 3507 1874 3588">
     <span class='ocr_line' id='line_1_63' title="bbox 216 3507 1874 3588; baseline -0.003 -21"><span class='ocrx_word' id='word_1_455' title='bbox 216 3512 248 3567; x_wconf 85' lang='lat'><strong>6</strong></span> <span class='ocrx_word' id='word_1_456' title='bbox 311 3509 409 3588; x_wconf 76' lang='grc' dir='ltr'><strong>γὰρ</strong></span> <span class='ocrx_word' id='word_1_457' title='bbox 464 3508 730 3584; x_wconf 80' lang='grc' dir='ltr'>ἐπιθυμῶν</span> <span class='ocrx_word' id='word_1_458' title='bbox 788 3507 1106 3575; x_wconf 79' lang='grc' dir='ltr'>ἀκουσθῆναι</span> <span class='ocrx_word' id='word_1_459' title='bbox 1156 3508 1246 3564; x_wconf 86' lang='grc' dir='ltr'><strong>τὸν</strong></span> <span class='ocrx_word' id='word_1_460' title='bbox 1274 3507 1385 3584; x_wconf 80' lang='grc' dir='ltr'>βίον</span> <span class='ocrx_word' id='word_1_461' title='bbox 1445 3509 1625 3587; x_wconf 67' lang='grc' dir='ltr'>αὖτοῦ,</span> <span class='ocrx_word' id='word_1_462' title='bbox 1684 3507 1773 3563; x_wconf 86' lang='grc' dir='ltr'><strong>καὶ</strong></span> <span class='ocrx_word' id='word_1_463' title='bbox 1814 3507 1874 3563; x_wconf 86' lang='grc' dir='ltr'><strong>τὸ</strong></span> 
     </span>
    </p>
   </div>
   <div class='ocr_carea' id='block_1_63' title="bbox 222 3594 1872 3677">
    <p class='ocr_par' dir='ltr' id='par_1_63' title="bbox 222 3594 1872 3677">
     <span class='ocr_line' id='line_1_64' title="bbox 222 3594 1872 3677; baseline -0.004 -21"><span class='ocrx_word' id='word_1_464' title='bbox 222 3596 420 3674; x_wconf 76' lang='grc' dir='ltr'>ὄνομα,</span> <span class='ocrx_word' id='word_1_465' title='bbox 450 3599 538 3655; x_wconf 87' lang='grc' dir='ltr'>καὶ</span> <span class='ocrx_word' id='word_1_466' title='bbox 565 3597 666 3664; x_wconf 80' lang='grc' dir='ltr'>τὴν</span> <span class='ocrx_word' id='word_1_467' title='bbox 721 3594 990 3655; x_wconf 84' lang='grc' dir='ltr'>πολιτείαν</span> <span class='ocrx_word' id='word_1_468' title='bbox 1051 3595 1105 3655; x_wconf 82' lang='grc' dir='ltr'><strong>έν</strong></span> <span class='ocrx_word' id='word_1_469' title='bbox 1156 3597 1233 3674; x_wconf 77' lang='grc' dir='ltr'>τῷ</span> <span class='ocrx_word' id='word_1_470' title='bbox 1287 3595 1494 3677; x_wconf 87' lang='grc' dir='ltr'>κόσμῳ,</span> <span class='ocrx_word' id='word_1_471' title='bbox 1544 3594 1872 3676; x_wconf 80' lang='grc' dir='ltr'>ἒκπορνεύει,</span> 
     </span>
    </p>
   </div>
   <div class='ocr_carea' id='block_1_64' title="bbox 218 3683 1875 3768">
    <p class='ocr_par' dir='ltr' id='par_1_64' title="bbox 218 3683 1875 3768">
     <span class='ocr_line' id='line_1_65' title="bbox 218 3683 1875 3768; baseline -0.002 -24"><span class='ocrx_word' id='word_1_472' title='bbox 218 3687 362 3745; x_wconf 79' lang='grc' dir='ltr'>κατὰ</span> <span class='ocrx_word' id='word_1_473' title='bbox 388 3687 479 3743; x_wconf 89' lang='grc' dir='ltr'><strong>τὸν</strong></span> <span class='ocrx_word' id='word_1_474' title='bbox 521 3685 687 3748; x_wconf 78' lang='grc' dir='ltr'>πάλαι</span> <span class='ocrx_word' id='word_1_475' title='bbox 714 3691 819 3742; x_wconf 86' lang='grc' dir='ltr'><strong>τῶν</strong></span> <span class='ocrx_word' id='word_1_476' title='bbox 849 3683 1113 3744; x_wconf 81' lang='grc' dir='ltr'>Ἰουδαίων</span> <span class='ocrx_word' id='word_1_477' title='bbox 1140 3684 1270 3743; x_wconf 86' lang='grc' dir='ltr'>λαὸν</span> <span class='ocrx_word' id='word_1_478' title='bbox 1299 3685 1588 3768; x_wconf 17' lang='grc' dir='ltr'>ἀπὸίθεου,</span> <span class='ocrx_word' id='word_1_479' title='bbox 1612 3684 1685 3748; x_wconf 82' lang='grc' dir='ltr'>ὥς</span> <span class='ocrx_word' id='word_1_480' title='bbox 1715 3707 1875 3766; x_wconf 73' lang='grc' dir='ltr'>φησιν</span> 
     </span>
    </p>
   </div>
   <div class='ocr_carea' id='block_1_65' title="bbox 218 3773 470 3841">
    <p class='ocr_par' dir='ltr' id='par_1_65' title="bbox 218 3773 470 3841">
     <span class='ocr_line' id='line_1_66' title="bbox 218 3773 470 3841; baseline -0.016 -5"><span class='ocrx_word' id='word_1_481' title='bbox 218 3778 251 3836; x_wconf 81' lang='grc' dir='ltr'>ὁ</span> <span class='ocrx_word' id='word_1_482' title='bbox 287 3773 470 3841; x_wconf 79' lang='grc' dir='ltr'>Δαϐίδ,</span> 
     </span>
    </p>
   </div>
   <div class='ocr_carea' id='block_1_66' title="bbox 309 3855 1877 3947">
    <p class='ocr_par' dir='ltr' id='par_1_66' title="bbox 309 3855 1877 3947">
     <span class='ocr_line' id='line_1_67' title="bbox 309 3855 1877 3947; baseline -0.006 -18"><span class='ocrx_word' id='word_1_483' title='bbox 309 3855 430 3947; x_wconf 56' lang='grc' dir='ltr'><strong>(γ’.</strong></span> <span class='ocrx_word' id='word_1_484' title='bbox 494 3857 552 3927; x_wconf 61' lang='grc' dir='ltr'>Ὀ</span> <span class='ocrx_word' id='word_1_485' title='bbox 595 3867 764 3925; x_wconf 89' lang='grc' dir='ltr'>πίστει</span> <span class='ocrx_word' id='word_1_486' title='bbox 818 3872 889 3945; x_wconf 76' lang='grc' dir='ltr'><strong>τῇ</strong></span> <span class='ocrx_word' id='word_1_487' title='bbox 943 3867 1075 3947; x_wconf 90' lang='grc' dir='ltr'>πρὸς</span> <span class='ocrx_word' id='word_1_488' title='bbox 1133 3865 1225 3922; x_wconf 90' lang='grc' dir='ltr'>τὸν</span> <span class='ocrx_word' id='word_1_489' title='bbox 1280 3864 1411 3922; x_wconf 82' lang='grc' dir='ltr'>Θεὸν</span> <span class='ocrx_word' id='word_1_490' title='bbox 1462 3861 1759 3939; x_wconf 87' lang='grc' dir='ltr'>ἆδιστάκτῳ</span> <span class='ocrx_word' id='word_1_491' title='bbox 1799 3868 1877 3938; x_wconf 83' lang='grc' dir='ltr'>τῷ</span> 
     </span>
    </p>
   </div>
   <div class='ocr_carea' id='block_1_67' title="bbox 1957 3234 3607 3317">
    <p class='ocr_par' dir='ltr' id='par_1_67' title="bbox 1957 3234 3607 3317">
     <span class='ocr_line' id='line_1_68' title="bbox 1957 3234 3607 3317; baseline 0.001 -21"><span class='ocrx_word' id='word_1_492' title='bbox 1957 3234 2183 3310; x_wconf 88' lang='lat' dir='ltr'><strong>laudes,</strong></span> <span class='ocrx_word' id='word_1_493' title='bbox 2218 3235 2673 3317; x_wconf 64' lang='lat' dir='ltr'><strong>praadicationes</strong></span> <span class='ocrx_word' id='word_1_494' title='bbox 2726 3243 2784 3298; x_wconf 88' lang='lat' dir='ltr'><strong>et</strong></span> <span class='ocrx_word' id='word_1_495' title='bbox 2830 3236 3081 3315; x_wconf 70' lang='lat' dir='ltr'><strong>gloriam</strong></span> <span class='ocrx_word' id='word_1_496' title='bbox 3118 3238 3425 3298; x_wconf 88' lang='lat' dir='ltr'><strong>hominum</strong></span> <span class='ocrx_word' id='word_1_497' title='bbox 3457 3257 3607 3299; x_wconf 91' lang='lat' dir='ltr'><strong>con-</strong></span> 
     </span>
    </p>
   </div>
   <div class='ocr_carea' id='block_1_68' title="bbox 1955 3324 3604 3406">
    <p class='ocr_par' dir='ltr' id='par_1_68' title="bbox 1955 3324 3604 3406">
     <span class='ocr_line' id='line_1_69' title="bbox 1955 3324 3604 3406; baseline 0.001 -19"><span class='ocrx_word' id='word_1_498' title='bbox 1955 3325 2284 3406; x_wconf 73' lang='lat' dir='ltr'><strong>cupiscant,</strong></span> <span class='ocrx_word' id='word_1_499' title='bbox 2319 3324 2716 3406; x_wconf 87' lang='lat' dir='ltr'><strong>vituperandi,</strong></span> <span class='ocrx_word' id='word_1_500' title='bbox 2779 3333 2837 3388; x_wconf 91' lang='lat' dir='ltr'><strong>et</strong></span> <span class='ocrx_word' id='word_1_501' title='bbox 2893 3325 3215 3405; x_wconf 88' lang='lat' dir='ltr'><strong>abjiciendi</strong></span> <span class='ocrx_word' id='word_1_502' title='bbox 3245 3334 3382 3388; x_wconf 82' lang='lat' dir='ltr'><strong>sunt</strong></span> <span class='ocrx_word' id='word_1_503' title='bbox 3416 3345 3430 3389; x_wconf 93' lang='lat'>:</span> <span class='ocrx_word' id='word_1_504' title='bbox 3470 3346 3604 3388; x_wconf 90' lang='lat' dir='ltr'><strong>nam</strong></span> 
     </span>
    </p>
   </div>
   <div class='ocr_carea' id='block_1_69' title="bbox 1956 3414 3607 3496">
    <p class='ocr_par' dir='ltr' id='par_1_69' title="bbox 1956 3414 3607 3496">
     <span class='ocr_line' id='line_1_70' title="bbox 1956 3414 3607 3496; baseline 0.001 -21"><span class='ocrx_word' id='word_1_505' title='bbox 1956 3414 2110 3494; x_wconf 88' lang='lat' dir='ltr'><strong>apud</strong></span> <span class='ocrx_word' id='word_1_506' title='bbox 2139 3414 2325 3476; x_wconf 90' lang='lat' dir='ltr'><strong>Deum</strong></span> <span class='ocrx_word' id='word_1_507' title='bbox 2359 3414 2460 3496; x_wconf 89' lang='lat' dir='ltr'><strong>qui</strong></span> <span class='ocrx_word' id='word_1_508' title='bbox 2491 3423 2789 3477; x_wconf 80' lang='lat' dir='ltr'><strong>scrutatur</strong></span> <span class='ocrx_word' id='word_1_509' title='bbox 2837 3415 3017 3477; x_wconf 85' lang='lat' dir='ltr'><strong>corda</strong></span> <span class='ocrx_word' id='word_1_510' title='bbox 3047 3423 3266 3488; x_wconf 87' lang='lat' dir='ltr'><strong>nostra,</strong></span> <span class='ocrx_word' id='word_1_511' title='bbox 3301 3415 3607 3477; x_wconf 86' lang='lat' dir='ltr'><strong>adultero-</strong></span> 
     </span>
    </p>
   </div>
   <div class='ocr_carea' id='block_1_70' title="bbox 1957 3501 3606 3579">
    <p class='ocr_par' dir='ltr' id='par_1_70' title="bbox 1957 3501 3606 3579">
     <span class='ocr_line' id='line_1_71' title="bbox 1957 3501 3606 3579; baseline 0.001 -14"><span class='ocrx_word' id='word_1_512' title='bbox 1957 3522 2088 3565; x_wconf 89' lang='lat' dir='ltr'><strong>rum</strong></span> <span class='ocrx_word' id='word_1_513' title='bbox 2120 3504 2248 3565; x_wconf 90' lang='lat' dir='ltr'><strong>luco</strong></span> <span class='ocrx_word' id='word_1_514' title='bbox 2273 3512 2470 3567; x_wconf 90' lang='lat' dir='ltr'><strong>erunt.</strong></span> <span class='ocrx_word' id='word_1_515' title='bbox 2496 3501 2606 3577; x_wconf 91' lang='lat' dir='ltr'><strong>Qui</strong></span> <span class='ocrx_word' id='word_1_516' title='bbox 2629 3503 2787 3565; x_wconf 89' lang='lat' dir='ltr'><strong>enim</strong></span> <span class='ocrx_word' id='word_1_517' title='bbox 2830 3504 3003 3566; x_wconf 87' lang='lat' dir='ltr'><strong>vitam</strong></span> <span class='ocrx_word' id='word_1_518' title='bbox 3048 3524 3238 3579; x_wconf 85' lang='lat' dir='ltr'><strong>suam,</strong></span> <span class='ocrx_word' id='word_1_519' title='bbox 3276 3512 3332 3566; x_wconf 90' lang='lat' dir='ltr'><strong>et</strong></span> <span class='ocrx_word' id='word_1_520' title='bbox 3361 3522 3606 3578; x_wconf 90' lang='lat' dir='ltr'><strong>nomen,</strong></span> 
     </span>
    </p>
   </div>
   <div class='ocr_carea' id='block_1_71' title="bbox 1959 3592 3606 3669">
    <p class='ocr_par' dir='ltr' id='par_1_71' title="bbox 1959 3592 3606 3669">
     <span class='ocr_line' id='line_1_72' title="bbox 1959 3592 3606 3669; baseline -0.001 -14"><span class='ocrx_word' id='word_1_521' title='bbox 1959 3602 2018 3655; x_wconf 93' lang='lat' dir='ltr'><strong>et</strong></span> <span class='ocrx_word' id='word_1_522' title='bbox 2064 3593 2413 3656; x_wconf 90' lang='lat' dir='ltr'><strong>institutain</strong></span> <span class='ocrx_word' id='word_1_523' title='bbox 2464 3612 2567 3655; x_wconf 87' lang='lat' dir='ltr'><strong>ora</strong></span> <span class='ocrx_word' id='word_1_524' title='bbox 2596 3593 2902 3656; x_wconf 86' lang='lat' dir='ltr'><strong>hominum</strong></span> <span class='ocrx_word' id='word_1_525' title='bbox 2934 3593 3142 3656; x_wconf 86' lang='lat' dir='ltr'><strong>venire</strong></span> <span class='ocrx_word' id='word_1_526' title='bbox 3198 3592 3498 3655; x_wconf 84' lang='lat' dir='ltr'><strong>desiderat</strong></span> <span class='ocrx_word' id='word_1_527' title='bbox 3527 3594 3606 3669; x_wconf 74' lang='grc'><strong>14,</strong></span> 
     </span>
    </p>
   </div>
   <div class='ocr_carea' id='block_1_72' title="bbox 1957 3681 3606 3765">
    <p class='ocr_par' dir='ltr' id='par_1_72' title="bbox 1957 3681 3606 3765">
     <span class='ocr_line' id='line_1_73' title="bbox 1957 3681 3606 3765; baseline 0.002 -23"><span class='ocrx_word' id='word_1_528' title='bbox 1957 3683 2117 3745; x_wconf 90' lang='lat' dir='ltr'><strong>velut</strong></span> <span class='ocrx_word' id='word_1_529' title='bbox 2134 3683 2412 3764; x_wconf 74' lang='lat' dir='ltr'><strong>antiquus</strong></span> <span class='ocrx_word' id='word_1_530' title='bbox 2434 3683 2535 3745; x_wconf 92' lang='lat' dir='ltr'><strong>ille</strong></span> <span class='ocrx_word' id='word_1_531' title='bbox 2561 3682 2897 3746; x_wconf 66' lang='lat' dir='ltr'><strong>Judazorum</strong></span> <span class='ocrx_word' id='word_1_532' title='bbox 2939 3682 3192 3765; x_wconf 90' lang='lat' dir='ltr'><strong>populus</strong></span> <span class='ocrx_word' id='word_1_533' title='bbox 3211 3701 3245 3744; x_wconf 88' lang='lat' dir='ltr'><strong>a</strong></span> <span class='ocrx_word' id='word_1_534' title='bbox 3268 3681 3387 3744; x_wconf 90' lang='lat' dir='ltr'><strong>Deo</strong></span> <span class='ocrx_word' id='word_1_535' title='bbox 3418 3682 3606 3745; x_wconf 86' lang='lat' dir='ltr'><strong>forni-</strong></span> 
     </span>
    </p>
   </div>
   <div class='ocr_carea' id='block_1_73' title="bbox 1957 3770 2776 3852">
    <p class='ocr_par' dir='ltr' id='par_1_73' title="bbox 1957 3770 2776 3852">
     <span class='ocr_line' id='line_1_74' title="bbox 1957 3770 2776 3852; baseline 0.004 -20"><span class='ocrx_word' id='word_1_536' title='bbox 1957 3778 2143 3848; x_wconf 83' lang='lat' dir='ltr'><strong>catur,</strong></span> <span class='ocrx_word' id='word_1_537' title='bbox 2177 3778 2242 3833; x_wconf 88' lang='lat' dir='ltr'><strong>ut</strong></span> <span class='ocrx_word' id='word_1_538' title='bbox 2271 3772 2462 3852; x_wconf 87' lang='lat' dir='ltr'><strong>inquit</strong></span> <span class='ocrx_word' id='word_1_539' title='bbox 2484 3770 2666 3835; x_wconf 85' lang='lat' dir='ltr'><strong>David</strong></span> <span class='ocrx_word' id='word_1_540' title='bbox 2695 3773 2776 3835; x_wconf 72' lang='grc'><strong>15.</strong></span> 
     </span>
    </p>
   </div>
   <div class='ocr_carea' id='block_1_74' title="bbox 2041 3859 3612 3937">
    <p class='ocr_par' dir='ltr' id='par_1_74' title="bbox 2041 3859 3612 3937">
     <span class='ocr_line' id='line_1_75' title="bbox 2041 3859 3612 3937; baseline 0.001 -14"><span class='ocrx_word' id='word_1_541' title='bbox 2041 3861 2142 3923; x_wconf 88' lang='lat'><strong>93.</strong></span> <span class='ocrx_word' id='word_1_542' title='bbox 2176 3859 2288 3934; x_wconf 91' lang='lat' dir='ltr'><strong>Qui</strong></span> <span class='ocrx_word' id='word_1_543' title='bbox 2320 3861 2439 3923; x_wconf 93' lang='lat' dir='ltr'><strong>ﬁde</strong></span> <span class='ocrx_word' id='word_1_544' title='bbox 2467 3871 2655 3936; x_wconf 89' lang='lat' dir='ltr'><strong>certa,</strong></span> <span class='ocrx_word' id='word_1_545' title='bbox 2716 3880 2785 3923; x_wconf 90' lang='lat' dir='ltr'><strong>ac</strong></span> <span class='ocrx_word' id='word_1_546' title='bbox 2841 3859 3014 3921; x_wconf 89' lang='lat' dir='ltr'><strong>ﬁrma</strong></span> <span class='ocrx_word' id='word_1_547' title='bbox 3072 3860 3132 3921; x_wconf 92' lang='lat' dir='ltr'><strong>in</strong></span> <span class='ocrx_word' id='word_1_548' title='bbox 3165 3859 3378 3937; x_wconf 91' lang='lat' dir='ltr'><strong>Deum,</strong></span> <span class='ocrx_word' id='word_1_549' title='bbox 3415 3860 3612 3924; x_wconf 85' lang='lat' dir='ltr'><strong>valere</strong></span> 
     </span>
    </p>
   </div>
   <div class='ocr_carea' id='block_1_75' title="bbox 216 3948 1874 4033">
    <p class='ocr_par' dir='ltr' id='par_1_75' title="bbox 216 3953 1874 4033">
     <span class='ocr_line' id='line_1_76' title="bbox 216 3953 1874 4033; baseline -0.002 -20"><span class='ocrx_word' id='word_1_550' title='bbox 216 3955 413 4033; x_wconf 86' lang='grc' dir='ltr'>κόσμῳ</span> <span class='ocrx_word' id='word_1_551' title='bbox 475 3958 565 4013; x_wconf 84' lang='grc' dir='ltr'><strong>καὶ</strong></span> <span class='ocrx_word' id='word_1_552' title='bbox 619 3970 738 4021; x_wconf 72' lang='grc' dir='ltr'>τοῖς</span> <span class='ocrx_word' id='word_1_553' title='bbox 797 3955 858 4013; x_wconf 82' lang='grc' dir='ltr'>ἐκ</span> <span class='ocrx_word' id='word_1_554' title='bbox 916 3954 1103 4032; x_wconf 84' lang='grc' dir='ltr'>κόσμῳ</span> <span class='ocrx_word' id='word_1_555' title='bbox 1157 3953 1580 4031; x_wconf 79' lang='grc' dir='ltr'>ἀποταξάμενος,</span> <span class='ocrx_word' id='word_1_556' title='bbox 1641 3953 1874 4010; x_wconf 90' lang='grc' dir='ltr'>πιστεύει</span> 
     </span>
    </p>
   </div>
   <div class='ocr_carea' id='block_1_76' title="bbox 1966 3948 3615 4033">
    <p class='ocr_par' dir='ltr' id='par_1_76' title="bbox 1966 3948 3615 4029">
     <span class='ocr_line' id='line_1_77' title="bbox 1966 3948 3615 4029; baseline -0.001 -15"><span class='ocrx_word' id='word_1_557' title='bbox 1966 3950 2269 4025; x_wconf 88' lang='lat' dir='ltr'><strong>mundum,</strong></span> <span class='ocrx_word' id='word_1_558' title='bbox 2305 3959 2364 4012; x_wconf 92' lang='lat' dir='ltr'><strong>et</strong></span> <span class='ocrx_word' id='word_1_559' title='bbox 2391 3970 2526 4013; x_wconf 91' lang='lat' dir='ltr'><strong>suas</strong></span> <span class='ocrx_word' id='word_1_560' title='bbox 2556 3949 2670 4012; x_wconf 90' lang='lat' dir='ltr'><strong>sibi</strong></span> <span class='ocrx_word' id='word_1_561' title='bbox 2700 3969 2798 4013; x_wconf 92' lang='lat' dir='ltr'><strong>res</strong></span> <span class='ocrx_word' id='word_1_562' title='bbox 2826 3948 3045 4012; x_wconf 91' lang='lat' dir='ltr'><strong>habere</strong></span> <span class='ocrx_word' id='word_1_563' title='bbox 3062 3949 3261 4029; x_wconf 88' lang='lat' dir='ltr'><strong>jussit,</strong></span> <span class='ocrx_word' id='word_1_564' title='bbox 3297 3950 3615 4013; x_wconf 90' lang='lat' dir='ltr'><strong>Dominum</strong></span> 
     </span>
    </p>
   </div>
   <div class='ocr_carea' id='block_1_77' title="bbox 217 4038 1874 4124">
    <p class='ocr_par' dir='ltr' id='par_1_77' title="bbox 217 4043 1874 4124">
     <span class='ocr_line' id='line_1_78' title="bbox 217 4043 1874 4124; baseline -0.002 -22"><span class='ocrx_word' id='word_1_565' title='bbox 217 4044 306 4102; x_wconf 81' lang='grc' dir='ltr'>ὅτι</span> <span class='ocrx_word' id='word_1_566' title='bbox 335 4044 581 4122; x_wconf 73' lang='grc' dir='ltr'>ἐλεήμων</span> <span class='ocrx_word' id='word_1_567' title='bbox 618 4044 727 4104; x_wconf 78' lang='grc' dir='ltr'>ἐστὶ</span> <span class='ocrx_word' id='word_1_568' title='bbox 773 4045 864 4102; x_wconf 82' lang='grc' dir='ltr'>καὶ</span> <span class='ocrx_word' id='word_1_569' title='bbox 917 4044 1196 4123; x_wconf 79' lang='grc' dir='ltr'>είκτίρμων</span> <span class='ocrx_word' id='word_1_570' title='bbox 1252 4045 1280 4101; x_wconf 89' lang='lat'><strong>6</strong></span> <span class='ocrx_word' id='word_1_571' title='bbox 1339 4043 1552 4124; x_wconf 78' lang='grc' dir='ltr'>Κύριος,</span> <span class='ocrx_word' id='word_1_572' title='bbox 1596 4043 1686 4099; x_wconf 83' lang='grc' dir='ltr'>καὶ</span> <span class='ocrx_word' id='word_1_573' title='bbox 1714 4064 1874 4123; x_wconf 88' lang='grc' dir='ltr'>προσ-</span> 
     </span>
    </p>
   </div>
   <div class='ocr_carea' id='block_1_78' title="bbox 1966 4038 3613 4124">
    <p class='ocr_par' dir='ltr' id='par_1_78' title="bbox 1966 4038 3613 4121">
     <span class='ocr_line' id='line_1_79' title="bbox 1966 4038 3613 4121; baseline -0.001 -18"><span class='ocrx_word' id='word_1_574' title='bbox 1966 4060 2094 4104; x_wconf 90' lang='lat' dir='ltr'><strong>esse</strong></span> <span class='ocrx_word' id='word_1_575' title='bbox 2126 4039 2603 4117; x_wconf 84' lang='lat' dir='ltr'><strong>misericordem,</strong></span> <span class='ocrx_word' id='word_1_576' title='bbox 2638 4049 2696 4102; x_wconf 91' lang='lat' dir='ltr'><strong>et</strong></span> <span class='ocrx_word' id='word_1_577' title='bbox 2739 4039 2926 4121; x_wconf 91' lang='lat' dir='ltr'><strong>pium,</strong></span> <span class='ocrx_word' id='word_1_578' title='bbox 2979 4047 3040 4102; x_wconf 91' lang='lat' dir='ltr'><strong>et</strong></span> <span class='ocrx_word' id='word_1_579' title='bbox 3068 4038 3129 4100; x_wconf 87' lang='lat' dir='ltr'><strong>in</strong></span> <span class='ocrx_word' id='word_1_580' title='bbox 3161 4039 3510 4120; x_wconf 65' lang='lat' dir='ltr'><strong>poenitentia</strong></span> <span class='ocrx_word' id='word_1_581' title='bbox 3539 4039 3613 4101; x_wconf 88' lang='lat' dir='ltr'><strong>ad</strong></span> 
     </span>
    </p>
   </div>
   <div class='ocr_carea' id='block_1_79' title="bbox 218 4127 1874 4215">
    <p class='ocr_par' dir='ltr' id='par_1_79' title="bbox 218 4132 1874 4215">
     <span class='ocr_line' id='line_1_80' title="bbox 218 4132 1874 4215; baseline -0.002 -25"><span class='ocrx_word' id='word_1_582' title='bbox 218 4132 439 4215; x_wconf 85' lang='grc' dir='ltr'>δέχεται</span> <span class='ocrx_word' id='word_1_583' title='bbox 524 4136 646 4199; x_wconf 76' lang='grc' dir='ltr'>τοὺς</span> <span class='ocrx_word' id='word_1_584' title='bbox 724 4133 779 4191; x_wconf 80' lang='grc' dir='ltr'>ἐν</span> <span class='ocrx_word' id='word_1_585' title='bbox 863 4133 1114 4211; x_wconf 82' lang='grc' dir='ltr'>μετανοίᾳ</span> <span class='ocrx_word' id='word_1_586' title='bbox 1194 4132 1654 4213; x_wconf 79' lang='grc' dir='ltr'>προσερχομένους</span> <span class='ocrx_word' id='word_1_587' title='bbox 1709 4135 1874 4207; x_wconf 72' lang='grc' dir='ltr'>αὐτῷ,</span> 
     </span>
    </p>
   </div>
   <div class='ocr_carea' id='block_1_80' title="bbox 1966 4127 3618 4215">
    <p class='ocr_par' dir='ltr' id='par_1_80' title="bbox 1966 4127 3618 4212">
     <span class='ocr_line' id='line_1_81' title="bbox 1966 4127 3618 4212; baseline -0.001 -20"><span class='ocrx_word' id='word_1_588' title='bbox 1966 4130 2155 4212; x_wconf 81' lang='lat' dir='ltr'><strong>ipsum</strong></span> <span class='ocrx_word' id='word_1_589' title='bbox 2193 4128 2550 4191; x_wconf 66' lang='lat' dir='ltr'><strong>accedentes</strong></span> <span class='ocrx_word' id='word_1_590' title='bbox 2581 4129 2890 4210; x_wconf 83' lang='lat' dir='ltr'><strong>suscipere</strong></span> <span class='ocrx_word' id='word_1_591' title='bbox 2921 4127 3131 4190; x_wconf 90' lang='lat' dir='ltr'><strong>credit.</strong></span> <span class='ocrx_word' id='word_1_592' title='bbox 3169 4129 3438 4209; x_wconf 91' lang='lat' dir='ltr'><strong>Cumque</strong></span> <span class='ocrx_word' id='word_1_593' title='bbox 3469 4129 3618 4191; x_wconf 85' lang='lat' dir='ltr'><strong>sciat</strong></span> 
     </span>
    </p>
   </div>
   <div class='ocr_carea' id='block_1_81' title="bbox 223 4217 1874 4300">
    <p class='ocr_par' dir='ltr' id='par_1_81' title="bbox 223 4218 1874 4300">
     <span class='ocr_line' id='line_1_82' title="bbox 223 4218 1874 4300; baseline -0.001 -21"><span class='ocrx_word' id='word_1_594' title='bbox 223 4221 379 4288; x_wconf 81' lang='grc' dir='ltr'>εἰδὼς</span> <span class='ocrx_word' id='word_1_595' title='bbox 411 4221 477 4280; x_wconf 89' lang='grc' dir='ltr'><strong>δι’</strong></span> <span class='ocrx_word' id='word_1_596' title='bbox 510 4223 724 4300; x_wconf 79' lang='grc' dir='ltr'>ἀτιμίας</span> <span class='ocrx_word' id='word_1_597' title='bbox 776 4229 937 4299; x_wconf 85' lang='grc' dir='ltr'>τιμᾷν</span> <span class='ocrx_word' id='word_1_598' title='bbox 987 4223 1109 4286; x_wconf 73' lang='grc' dir='ltr'>τοὺς</span> <span class='ocrx_word' id='word_1_599' title='bbox 1166 4219 1380 4285; x_wconf 84' lang='grc' dir='ltr'>δούλους</span> <span class='ocrx_word' id='word_1_600' title='bbox 1424 4221 1603 4296; x_wconf 71' lang='grc' dir='ltr'>αὐτοῦ,</span> <span class='ocrx_word' id='word_1_601' title='bbox 1663 4222 1751 4277; x_wconf 84' lang='grc' dir='ltr'>καὶ</span> <span class='ocrx_word' id='word_1_602' title='bbox 1794 4218 1874 4278; x_wconf 78' lang='grc' dir='ltr'>διὰ</span> 
     </span>
    </p>
   </div>
   <div class='ocr_carea' id='block_1_82' title="bbox 1966 4217 3610 4300">
    <p class='ocr_par' dir='ltr' id='par_1_82' title="bbox 1966 4217 3610 4298">
     <span class='ocr_line' id='line_1_83' title="bbox 1966 4217 3610 4298; baseline -0.002 -16"><span class='ocrx_word' id='word_1_603' title='bbox 1966 4220 2239 4282; x_wconf 89' lang='lat' dir='ltr'><strong>eumdem</strong></span> <span class='ocrx_word' id='word_1_604' title='bbox 2273 4218 2468 4281; x_wconf 88' lang='lat' dir='ltr'><strong>solere</strong></span> <span class='ocrx_word' id='word_1_605' title='bbox 2491 4237 2692 4280; x_wconf 87' lang='lat' dir='ltr'><strong>servos</strong></span> <span class='ocrx_word' id='word_1_606' title='bbox 2741 4236 2880 4280; x_wconf 89' lang='lat' dir='ltr'><strong>suos</strong></span> <span class='ocrx_word' id='word_1_607' title='bbox 2930 4234 3038 4298; x_wconf 84' lang='lat' dir='ltr'><strong>per</strong></span> <span class='ocrx_word' id='word_1_608' title='bbox 3092 4217 3473 4297; x_wconf 85' lang='lat' dir='ltr'><strong>ignominiam</strong></span> <span class='ocrx_word' id='word_1_609' title='bbox 3501 4218 3610 4279; x_wconf 81' lang='lat' dir='ltr'><strong>ho-</strong></span> 
     </span>
    </p>
   </div>
   <div class='ocr_carea' id='block_1_83' title="bbox 219 4306 1874 4393">
    <p class='ocr_par' dir='ltr' id='par_1_83' title="bbox 219 4306 1874 4393">
     <span class='ocr_line' id='line_1_84' title="bbox 219 4306 1874 4393; baseline -0.003 -23"><span class='ocrx_word' id='word_1_610' title='bbox 219 4314 502 4393; x_wconf 79' lang='grc' dir='ltr'>πτωχείας</span> <span class='ocrx_word' id='word_1_611' title='bbox 573 4311 735 4393; x_wconf 72' lang='grc' dir='ltr'>ἄκρας</span> <span class='ocrx_word' id='word_1_612' title='bbox 790 4311 1085 4383; x_wconf 70' lang='grc' dir='ltr'>πλουτιζειν</span> <span class='ocrx_word' id='word_1_613' title='bbox 1142 4311 1356 4386; x_wconf 70' lang='grc' dir='ltr'>αὖτοὺς,</span> <span class='ocrx_word' id='word_1_614' title='bbox 1412 4312 1500 4366; x_wconf 82' lang='grc' dir='ltr'><strong>καὶ</strong></span> <span class='ocrx_word' id='word_1_615' title='bbox 1556 4306 1623 4365; x_wconf 87' lang='grc' dir='ltr'><strong>δι’</strong></span> <span class='ocrx_word' id='word_1_616' title='bbox 1681 4306 1874 4390; x_wconf 72' lang='grc' dir='ltr'>ὕϐρεων</span> 
     </span>
    </p>
   </div>
   <div class='ocr_carea' id='block_1_84' title="bbox 1966 4306 3620 4393">
    <p class='ocr_par' dir='ltr' id='par_1_84' title="bbox 1966 4307 3620 4390">
     <span class='ocr_line' id='line_1_85' title="bbox 1966 4307 3620 4390; baseline -0.001 -20"><span class='ocrx_word' id='word_1_617' title='bbox 1966 4327 2201 4382; x_wconf 86' lang='lat' dir='ltr'><strong>norare,</strong></span> <span class='ocrx_word' id='word_1_618' title='bbox 2256 4326 2363 4389; x_wconf 90' lang='lat' dir='ltr'><strong>per</strong></span> <span class='ocrx_word' id='word_1_619' title='bbox 2419 4326 2710 4369; x_wconf 88' lang='lat' dir='ltr'><strong>summam</strong></span> <span class='ocrx_word' id='word_1_620' title='bbox 2772 4314 3178 4389; x_wconf 89' lang='lat' dir='ltr'><strong>paupertatem</strong></span> <span class='ocrx_word' id='word_1_621' title='bbox 3234 4307 3446 4384; x_wconf 88' lang='lat' dir='ltr'><strong>ditare,</strong></span> <span class='ocrx_word' id='word_1_622' title='bbox 3509 4326 3620 4390; x_wconf 87' lang='lat' dir='ltr'><strong>per</strong></span> 
     </span>
    </p>
   </div>
   <div class='ocr_carea' id='block_1_85' title="bbox 218 4396 1874 4506">
    <p class='ocr_par' dir='ltr' id='par_1_85' title="bbox 218 4397 1874 4506">
     <span class='ocr_line' id='line_1_86' title="bbox 218 4397 1874 4474; baseline -0.004 -14"><span class='ocrx_word' id='word_1_623' title='bbox 218 4402 314 4460; x_wconf 86' lang='grc' dir='ltr'>καὶ</span> <span class='ocrx_word' id='word_1_624' title='bbox 367 4399 753 4467; x_wconf 75' lang='grc' dir='ltr'>ἐξουδενώσεων</span> <span class='ocrx_word' id='word_1_625' title='bbox 807 4399 1037 4472; x_wconf 78' lang='grc' dir='ltr'>δοξάζειν</span> <span class='ocrx_word' id='word_1_626' title='bbox 1089 4399 1297 4474; x_wconf 67' lang='grc' dir='ltr'>αὐτοὺς,</span> <span class='ocrx_word' id='word_1_627' title='bbox 1372 4399 1462 4456; x_wconf 83' lang='grc' dir='ltr'><strong>καὶ</strong></span> <span class='ocrx_word' id='word_1_628' title='bbox 1517 4397 1602 4455; x_wconf 77' lang='grc' dir='ltr'><strong>διὰ</strong></span> <span class='ocrx_word' id='word_1_629' title='bbox 1655 4398 1874 4456; x_wconf 87' lang='grc' dir='ltr'>θανάτου</span> 
     </span>
     <span class='ocr_line' id='line_1_87' title="bbox 255 4485 1745 4506; baseline 0 0"><span class='ocrx_word' id='word_1_630' title='bbox 255 4494 286 4506; x_wconf 69' lang='grc' dir='ltr'><strong>ιι.</strong></span> <span class='ocrx_word' id='word_1_631' title='bbox 390 4490 405 4506; x_wconf 71' lang='grc' dir='ltr'><strong>Ι</strong></span> <span class='ocrx_word' id='word_1_632' title='bbox 491 4491 503 4506; x_wconf 82' lang='grc' dir='ltr'><strong>Ι</strong></span> <span class='ocrx_word' id='word_1_633' title='bbox 618 4497 645 4506; x_wconf 68' lang='grc' dir='ltr'><em>υ</em></span> <span class='ocrx_word' id='word_1_634' title='bbox 704 4495 725 4505; x_wconf 61' lang='grc' dir='ltr'>υ</span> <span class='ocrx_word' id='word_1_635' title='bbox 930 4488 942 4506; x_wconf 71' lang='grc'><strong><em>1</em></strong></span> <span class='ocrx_word' id='word_1_636' title='bbox 1173 4490 1187 4506; x_wconf 71' lang='lat'><strong>9</strong></span> <span class='ocrx_word' id='word_1_637' title='bbox 1262 4488 1274 4504; x_wconf 70' lang='lat'>|</span> <span class='ocrx_word' id='word_1_638' title='bbox 1445 4488 1460 4506; x_wconf 87' lang='lat'><em>\</em></span> <span class='ocrx_word' id='word_1_639' title='bbox 1552 4485 1572 4506; x_wconf 68' lang='lat'><strong>‘</strong></span> <span class='ocrx_word' id='word_1_640' title='bbox 1733 4487 1745 4506; x_wconf 81' lang='grc'><strong><em>1</em></strong></span> 
     </span>
    </p>
   </div>
   <div class='ocr_carea' id='block_1_86' title="bbox 1966 4396 3617 4506">
    <p class='ocr_par' dir='ltr' id='par_1_86' title="bbox 1966 4396 3617 4498">
     <span class='ocr_line' id='line_1_88' title="bbox 1966 4396 3617 4498; baseline -0.002 -38"><span class='ocrx_word' id='word_1_641' title='bbox 1966 4398 2245 4479; x_wconf 89' lang='lat' dir='ltr'><strong>injuriam</strong></span> <span class='ocrx_word' id='word_1_642' title='bbox 2271 4406 2328 4459; x_wconf 93' lang='lat' dir='ltr'><strong>et</strong></span> <span class='ocrx_word' id='word_1_643' title='bbox 2348 4405 2753 4498; x_wconf 80' lang='lat' dir='ltr'><strong>contemptum</strong></span> <span class='ocrx_word' id='word_1_644' title='bbox 2777 4396 3133 4496; x_wconf 76' lang='lat' dir='ltr'><strong>gloriﬁcare,</strong></span> <span class='ocrx_word' id='word_1_645' title='bbox 3153 4404 3214 4460; x_wconf 80' lang='lat' dir='ltr'><strong>et</strong></span> <span class='ocrx_word' id='word_1_646' title='bbox 3238 4414 3345 4477; x_wconf 90' lang='lat' dir='ltr'><strong>per</strong></span> <span class='ocrx_word' id='word_1_647' title='bbox 3366 4400 3617 4458; x_wconf 87' lang='lat' dir='ltr'><strong>mortem</strong></span> 
     </span>
    </p>
   </div>
   <div class='ocr_carea' id='block_1_87' title="bbox 220 4485 1877 4570">
    <p class='ocr_par' dir='ltr' id='par_1_87' title="bbox 220 4485 1877 4570">
     <span class='ocr_line' id='line_1_89' title="bbox 220 4485 1877 4570; baseline -0.002 -23"><span class='ocrx_word' id='word_1_648' title='bbox 220 4494 327 4557; x_wconf 78' lang='grc' dir='ltr'>τῆς</span> <span class='ocrx_word' id='word_1_649' title='bbox 356 4490 564 4547; x_wconf 80' lang='grc' dir='ltr'>αἰωνίου</span> <span class='ocrx_word' id='word_1_650' title='bbox 618 4495 761 4562; x_wconf 83' lang='grc' dir='ltr'>ζωῆς</span> <span class='ocrx_word' id='word_1_651' title='bbox 809 4488 1077 4570; x_wconf 85' lang='grc' dir='ltr'>μετόχους</span> <span class='ocrx_word' id='word_1_652' title='bbox 1132 4488 1319 4552; x_wconf 72' lang='grc' dir='ltr'>αὐτοὺς</span> <span class='ocrx_word' id='word_1_653' title='bbox 1374 4488 1464 4544; x_wconf 84' lang='grc' dir='ltr'>καὶ</span> <span class='ocrx_word' id='word_1_654' title='bbox 1516 4485 1877 4567; x_wconf 86' lang='grc' dir='ltr'>κληρονόμους</span> 
     </span>
    </p>
   </div>
   <div class='ocr_carea' id='block_1_88' title="bbox 223 4573 1885 4657">
    <p class='ocr_par' dir='ltr' id='par_1_88' title="bbox 223 4573 1885 4657">
     <span class='ocr_line' id='line_1_90' title="bbox 223 4573 1885 4657; baseline -0.003 -20"><span class='ocrx_word' id='word_1_655' title='bbox 223 4580 582 4652; x_wconf 76' lang='grc' dir='ltr'>ἀποκαθιστῷ</span> <span class='ocrx_word' id='word_1_656' title='bbox 609 4596 625 4612; x_wconf 81' lang='lat'>&#39;</span> <span class='ocrx_word' id='word_1_657' title='bbox 697 4579 1069 4657; x_wconf 88' lang='grc' dir='ltr'>κατεπείγεται</span> <span class='ocrx_word' id='word_1_658' title='bbox 1149 4579 1222 4643; x_wconf 83' lang='grc' dir='ltr'>ὡς</span> <span class='ocrx_word' id='word_1_659' title='bbox 1282 4575 1475 4657; x_wconf 76' lang='grc' dir='ltr'>ἔλαφος</span> <span class='ocrx_word' id='word_1_660' title='bbox 1534 4573 1742 4653; x_wconf 79' lang='grc' dir='ltr'>διψῶσα</span> <span class='ocrx_word' id='word_1_661' title='bbox 1798 4575 1885 4640; x_wconf 76' lang='grc' dir='ltr'><strong>ἐπὶ</strong></span> 
     </span>
    </p>
   </div>
   <div class='ocr_carea' id='block_1_89' title="bbox 222 4664 1884 4749">
    <p class='ocr_par' dir='ltr' id='par_1_89' title="bbox 222 4664 1884 4749">
     <span class='ocr_line' id='line_1_91' title="bbox 222 4664 1884 4749; baseline -0.002 -24"><span class='ocrx_word' id='word_1_662' title='bbox 222 4669 327 4737; x_wconf 77' lang='grc' dir='ltr'><strong>τὴν</strong></span> <span class='ocrx_word' id='word_1_663' title='bbox 356 4668 613 4726; x_wconf 87' lang='grc' dir='ltr'>ἀθάνατον</span> <span class='ocrx_word' id='word_1_664' title='bbox 641 4669 826 4749; x_wconf 75' lang='grc' dir='ltr'>πηγὴν</span> <span class='ocrx_word' id='word_1_665' title='bbox 882 4664 948 4724; x_wconf 86' lang='grc' dir='ltr'><strong>δι’</strong></span> <span class='ocrx_word' id='word_1_666' title='bbox 1005 4669 1197 4742; x_wconf 73' lang='grc' dir='ltr'>αὐτῶν,</span> <span class='ocrx_word' id='word_1_667' title='bbox 1245 4668 1333 4723; x_wconf 83' lang='grc' dir='ltr'>καὶ</span> <span class='ocrx_word' id='word_1_668' title='bbox 1390 4668 1522 4746; x_wconf 90' lang='grc' dir='ltr'>πρὸς</span> <span class='ocrx_word' id='word_1_669' title='bbox 1566 4667 1627 4723; x_wconf 88' lang='grc' dir='ltr'>τὸ</span> <span class='ocrx_word' id='word_1_670' title='bbox 1656 4664 1884 4730; x_wconf 75' lang='grc' dir='ltr'>ἅπαντες</span> 
     </span>
    </p>
   </div>
   <div class='ocr_carea' id='block_1_90' title="bbox 223 4752 1884 4834">
    <p class='ocr_par' dir='ltr' id='par_1_90' title="bbox 223 4752 1884 4834">
     <span class='ocr_line' id='line_1_92' title="bbox 223 4752 1884 4834; baseline -0.002 -20"><span class='ocrx_word' id='word_1_671' title='bbox 223 4757 284 4814; x_wconf 70' lang='grc' dir='ltr'><strong>ἐν</strong></span> <span class='ocrx_word' id='word_1_672' title='bbox 317 4759 500 4819; x_wconf 70' lang='grc' dir='ltr'>αὐτοῖς</span> <span class='ocrx_word' id='word_1_673' title='bbox 529 4760 602 4822; x_wconf 83' lang='grc' dir='ltr'>ὡς</span> <span class='ocrx_word' id='word_1_674' title='bbox 633 4757 688 4814; x_wconf 80' lang='grc' dir='ltr'>ὲν</span> <span class='ocrx_word' id='word_1_675' title='bbox 743 4758 963 4834; x_wconf 79' lang='grc' dir='ltr'>κλίμακι</span> <span class='ocrx_word' id='word_1_676' title='bbox 1018 4757 1236 4834; x_wconf 86' lang='grc' dir='ltr'>βαίνειν,</span> <span class='ocrx_word' id='word_1_677' title='bbox 1299 4752 1365 4811; x_wconf 85' lang='grc' dir='ltr'><strong>δι’</strong></span> <span class='ocrx_word' id='word_1_678' title='bbox 1422 4756 1489 4823; x_wconf 77' lang='grc' dir='ltr'><strong>ἧς</strong></span> <span class='ocrx_word' id='word_1_679' title='bbox 1533 4752 1751 4834; x_wconf 75' lang='grc' dir='ltr'>ἄγγελοι</span> <span class='ocrx_word' id='word_1_680' title='bbox 1786 4755 1884 4830; x_wconf 73' lang='grc' dir='ltr'>μὲν</span> 
     </span>
    </p>
   </div>
   <div class='ocr_carea' id='block_1_91' title="bbox 221 4844 1882 4927">
    <p class='ocr_par' dir='ltr' id='par_1_91' title="bbox 221 4844 1882 4927">
     <span class='ocr_line' id='line_1_93' title="bbox 221 4844 1882 4927; baseline -0.002 -22"><span class='ocrx_word' id='word_1_681' title='bbox 221 4845 561 4906; x_wconf 78' lang='grc' dir='ltr'>ἀναϐαίνουσι</span> <span class='ocrx_word' id='word_1_682' title='bbox 625 4847 713 4903; x_wconf 81' lang='grc' dir='ltr'><strong>καὶ</strong></span> <span class='ocrx_word' id='word_1_683' title='bbox 781 4845 1158 4927; x_wconf 85' lang='grc' dir='ltr'>κατέρχονται,</span> <span class='ocrx_word' id='word_1_684' title='bbox 1243 4845 1374 4925; x_wconf 89' lang='grc' dir='ltr'>πρὸς</span> <span class='ocrx_word' id='word_1_685' title='bbox 1457 4844 1706 4922; x_wconf 80' lang='grc' dir='ltr'>βοήθειαν</span> <span class='ocrx_word' id='word_1_686' title='bbox 1777 4850 1882 4901; x_wconf 89' lang='grc' dir='ltr'><strong>τῶν</strong></span> 
     </span>
    </p>
   </div>
   <div class='ocr_carea' id='block_1_92' title="bbox 223 4929 1882 5016">
    <p class='ocr_par' dir='ltr' id='par_1_92' title="bbox 223 4929 1882 5016">
     <span class='ocr_line' id='line_1_94' title="bbox 223 4929 1882 5016; baseline -0.002 -23"><span class='ocrx_word' id='word_1_687' title='bbox 223 4934 603 5016; x_wconf 82' lang='grc' dir='ltr'>ἀνερχομένων</span> <span class='ocrx_word' id='word_1_688' title='bbox 646 4953 662 4969; x_wconf 80' lang='grc'><strong><em>⁸</em></strong></span> <span class='ocrx_word' id='word_1_689' title='bbox 747 4935 877 4998; x_wconf 91' lang='grc' dir='ltr'>Θεὸς</span> <span class='ocrx_word' id='word_1_690' title='bbox 942 4932 997 4990; x_wconf 74' lang='grc' dir='ltr'>δὲ</span> <span class='ocrx_word' id='word_1_691' title='bbox 1075 4931 1271 4991; x_wconf 77' lang='grc' dir='ltr'>ἄνωθεν</span> <span class='ocrx_word' id='word_1_692' title='bbox 1325 4932 1422 5000; x_wconf 72' lang='grc' dir='ltr'><strong>τὴν</strong></span> <span class='ocrx_word' id='word_1_693' title='bbox 1480 4933 1616 4989; x_wconf 81' lang='grc' dir='ltr'>κατὰ</span> <span class='ocrx_word' id='word_1_694' title='bbox 1666 4929 1882 5009; x_wconf 84' lang='grc' dir='ltr'>δύναμιν</span> 
     </span>
    </p>
   </div>
   <div class='ocr_carea' id='block_1_93' title="bbox 222 5020 1885 5105">
    <p class='ocr_par' dir='ltr' id='par_1_93' title="bbox 222 5020 1885 5105">
     <span class='ocr_line' id='line_1_95' title="bbox 222 5020 1885 5105; baseline -0.001 -25"><span class='ocrx_word' id='word_1_695' title='bbox 222 5026 384 5101; x_wconf 67' lang='grc' dir='ltr'>ἡμῶν</span> <span class='ocrx_word' id='word_1_696' title='bbox 413 5024 657 5105; x_wconf 87' lang='grc' dir='ltr'>πρόθεσιν</span> <span class='ocrx_word' id='word_1_697' title='bbox 704 5024 795 5082; x_wconf 87' lang='grc' dir='ltr'><strong>καὶ</strong></span> <span class='ocrx_word' id='word_1_698' title='bbox 835 5020 1069 5091; x_wconf 76' lang='grc' dir='ltr'>σπουδὴν</span> <span class='ocrx_word' id='word_1_699' title='bbox 1126 5021 1400 5098; x_wconf 84' lang='grc' dir='ltr'>ἀναμένων</span> <span class='ocrx_word' id='word_1_700' title='bbox 1457 5022 1683 5089; x_wconf 77' lang='grc' dir='ltr'>κάθηται</span> <span class='ocrx_word' id='word_1_701' title='bbox 1719 5039 1733 5055; x_wconf 83' lang='grc'><strong><em>⁸</em></strong></span> <span class='ocrx_word' id='word_1_702' title='bbox 1780 5023 1885 5101; x_wconf 79' lang='grc' dir='ltr'><strong>οὐχ</strong></span> 
     </span>
    </p>
   </div>
   <div class='ocr_carea' id='block_1_94' title="bbox 226 5106 1888 5193">
    <p class='ocr_par' dir='ltr' id='par_1_94' title="bbox 226 5106 1888 5193">
     <span class='ocr_line' id='line_1_96' title="bbox 226 5106 1888 5193; baseline -0.004 -21"><span class='ocrx_word' id='word_1_703' title='bbox 226 5114 314 5172; x_wconf 78' lang='grc' dir='ltr'><strong>ὅτι</strong></span> <span class='ocrx_word' id='word_1_704' title='bbox 355 5124 645 5179; x_wconf 80' lang='grc' dir='ltr'>πονοῦντας</span> <span class='ocrx_word' id='word_1_705' title='bbox 701 5115 843 5191; x_wconf 72' lang='grc' dir='ltr'>ἡμᾶς</span> <span class='ocrx_word' id='word_1_706' title='bbox 900 5111 1148 5193; x_wconf 82' lang='grc' dir='ltr'>τέρπεται</span> <span class='ocrx_word' id='word_1_707' title='bbox 1192 5114 1338 5192; x_wconf 81' lang='grc' dir='ltr'>ὁρᾷν,</span> <span class='ocrx_word' id='word_1_708' title='bbox 1403 5108 1521 5167; x_wconf 89' lang='grc' dir='ltr'>ἀλλ’</span> <span class='ocrx_word' id='word_1_709' title='bbox 1564 5112 1637 5174; x_wconf 82' lang='grc' dir='ltr'>ὡς</span> <span class='ocrx_word' id='word_1_710' title='bbox 1666 5106 1888 5191; x_wconf 75' lang='grc' dir='ltr'>ὄφλημα</span> 
     </span>
    </p>
   </div>
   <div class='ocr_carea' id='block_1_95' title="bbox 1964 4484 3623 4567">
    <p class='ocr_par' dir='ltr' id='par_1_95' title="bbox 1964 4484 3623 4567">
     <span class='ocr_line' id='line_1_97' title="bbox 1964 4484 3623 4567; baseline -0.002 -17"><span class='ocrx_word' id='word_1_711' title='bbox 1964 4497 2202 4550; x_wconf 68' lang='lat' dir='ltr'><strong>aeternae</strong></span> <span class='ocrx_word' id='word_1_712' title='bbox 2233 4491 2360 4549; x_wconf 72' lang='lat' dir='ltr'><strong>vitae</strong></span> <span class='ocrx_word' id='word_1_713' title='bbox 2390 4485 2585 4549; x_wconf 79' lang='lat' dir='ltr'><strong>socios</strong></span> <span class='ocrx_word' id='word_1_714' title='bbox 2613 4487 3002 4566; x_wconf 61' lang='lat' dir='ltr'><strong>heredesque</strong></span> <span class='ocrx_word' id='word_1_715' title='bbox 3044 4484 3380 4560; x_wconf 80' lang='lat' dir='ltr'><strong>instituere,</strong></span> <span class='ocrx_word' id='word_1_716' title='bbox 3416 4504 3520 4567; x_wconf 82' lang='lat' dir='ltr'><strong>per</strong></span> <span class='ocrx_word' id='word_1_717' title='bbox 3551 4502 3623 4547; x_wconf 87' lang='lat' dir='ltr'><strong>ea</strong></span> 
     </span>
    </p>
   </div>
   <div class='ocr_carea' id='block_1_96' title="bbox 1966 4572 3621 4655">
    <p class='ocr_par' dir='ltr' id='par_1_96' title="bbox 1966 4572 3621 4655">
     <span class='ocr_line' id='line_1_98' title="bbox 1966 4572 3621 4655; baseline -0.002 -16"><span class='ocrx_word' id='word_1_718' title='bbox 1966 4575 2124 4639; x_wconf 88' lang='lat' dir='ltr'><strong>haud</strong></span> <span class='ocrx_word' id='word_1_719' title='bbox 2159 4592 2353 4650; x_wconf 88' lang='lat' dir='ltr'><strong>secus,</strong></span> <span class='ocrx_word' id='word_1_720' title='bbox 2390 4592 2565 4655; x_wconf 86' lang='lat' dir='ltr'><strong>quam</strong></span> <span class='ocrx_word' id='word_1_721' title='bbox 2600 4592 2810 4636; x_wconf 79' lang='lat' dir='ltr'><strong>cervus</strong></span> <span class='ocrx_word' id='word_1_722' title='bbox 2857 4572 3068 4634; x_wconf 88' lang='lat' dir='ltr'><strong>sitiens</strong></span> <span class='ocrx_word' id='word_1_723' title='bbox 3116 4573 3191 4634; x_wconf 91' lang='lat' dir='ltr'><strong>ad</strong></span> <span class='ocrx_word' id='word_1_724' title='bbox 3221 4572 3444 4635; x_wconf 84' lang='lat' dir='ltr'><strong>fontem</strong></span> <span class='ocrx_word' id='word_1_725' title='bbox 3478 4591 3621 4635; x_wconf 90' lang='lat' dir='ltr'><strong>cur-</strong></span> 
     </span>
    </p>
   </div>
   <div class='ocr_carea' id='block_1_97' title="bbox 1965 4663 3618 4746">
    <p class='ocr_par' dir='ltr' id='par_1_97' title="bbox 1965 4663 3618 4746">
     <span class='ocr_line' id='line_1_99' title="bbox 1965 4663 3618 4746; baseline -0.001 -19"><span class='ocrx_word' id='word_1_726' title='bbox 1965 4684 2103 4728; x_wconf 84' lang='lat' dir='ltr'><strong>rere</strong></span> <span class='ocrx_word' id='word_1_727' title='bbox 2132 4673 2414 4746; x_wconf 89' lang='lat' dir='ltr'><strong>properat</strong></span> <span class='ocrx_word' id='word_1_728' title='bbox 2444 4682 2572 4744; x_wconf 68' lang='lat' dir='ltr'><strong>quaa</strong></span> <span class='ocrx_word' id='word_1_729' title='bbox 2601 4663 2661 4725; x_wconf 91' lang='lat' dir='ltr'><strong>in</strong></span> <span class='ocrx_word' id='word_1_730' title='bbox 2710 4663 2855 4745; x_wconf 88' lang='lat' dir='ltr'><strong>ipsis</strong></span> <span class='ocrx_word' id='word_1_731' title='bbox 2912 4670 3050 4724; x_wconf 90' lang='lat' dir='ltr'><strong>sunt</strong></span> <span class='ocrx_word' id='word_1_732' title='bbox 3097 4663 3304 4737; x_wconf 89' lang='lat' dir='ltr'><strong>ardua,</strong></span> <span class='ocrx_word' id='word_1_733' title='bbox 3341 4672 3618 4745; x_wconf 90' lang='lat' dir='ltr'><strong>tanquam</strong></span> 
     </span>
    </p>
   </div>
   <div class='ocr_carea' id='block_1_98' title="bbox 1968 4751 3623 4837">
    <p class='ocr_par' dir='ltr' id='par_1_98' title="bbox 1968 4751 3623 4837">
     <span class='ocr_line' id='line_1_100' title="bbox 1968 4751 3623 4837; baseline -0.002 -20"><span class='ocrx_word' id='word_1_734' title='bbox 1968 4773 2077 4837; x_wconf 90' lang='lat' dir='ltr'><strong>per</strong></span> <span class='ocrx_word' id='word_1_735' title='bbox 2105 4753 2294 4817; x_wconf 88' lang='lat' dir='ltr'><strong>scalas</strong></span> <span class='ocrx_word' id='word_1_736' title='bbox 2323 4752 2692 4824; x_wconf 59' lang='lat' dir='ltr'><strong>censet-ndit,</strong></span> <span class='ocrx_word' id='word_1_737' title='bbox 2728 4769 2837 4833; x_wconf 91' lang='lat' dir='ltr'><strong>per</strong></span> <span class='ocrx_word' id='word_1_738' title='bbox 2889 4770 3038 4832; x_wconf 87' lang='lat' dir='ltr'><strong>quas</strong></span> <span class='ocrx_word' id='word_1_739' title='bbox 3067 4751 3261 4832; x_wconf 84' lang='lat' dir='ltr'><strong>angeli</strong></span> <span class='ocrx_word' id='word_1_740' title='bbox 3290 4753 3623 4814; x_wconf 83' lang='lat' dir='ltr'><strong>ascendunt</strong></span> 
     </span>
    </p>
   </div>
   <div class='ocr_carea' id='block_1_99' title="bbox 1967 4841 3624 4923">
    <p class='ocr_par' dir='ltr' id='par_1_99' title="bbox 1967 4841 3624 4923">
     <span class='ocr_line' id='line_1_101' title="bbox 1967 4841 3624 4923; baseline -0.001 -17"><span class='ocrx_word' id='word_1_741' title='bbox 1967 4852 2026 4906; x_wconf 88' lang='lat' dir='ltr'><strong>et</strong></span> <span class='ocrx_word' id='word_1_742' title='bbox 2054 4843 2452 4918; x_wconf 82' lang='lat' dir='ltr'><strong>descendunt,</strong></span> <span class='ocrx_word' id='word_1_743' title='bbox 2487 4841 2660 4904; x_wconf 88' lang='lat' dir='ltr'><strong>laturi</strong></span> <span class='ocrx_word' id='word_1_744' title='bbox 2691 4860 2864 4923; x_wconf 89' lang='lat' dir='ltr'><strong>opem</strong></span> <span class='ocrx_word' id='word_1_745' title='bbox 2916 4841 3401 4906; x_wconf 90' lang='lat' dir='ltr'><strong>ascendentibus.</strong></span> <span class='ocrx_word' id='word_1_746' title='bbox 3432 4845 3624 4923; x_wconf 83' lang='lat' dir='ltr'><strong>Supra</strong></span> 
     </span>
    </p>
   </div>
   <div class='ocr_carea' id='block_1_100' title="bbox 1967 4927 3620 5013">
    <p class='ocr_par' dir='ltr' id='par_1_100' title="bbox 1967 4927 3620 5013">
     <span class='ocr_line' id='line_1_102' title="bbox 1967 4927 3620 5013; baseline -0.001 -19"><span class='ocrx_word' id='word_1_747' title='bbox 1967 4952 2107 4995; x_wconf 89' lang='lat' dir='ltr'><strong>vero</strong></span> <span class='ocrx_word' id='word_1_748' title='bbox 2137 4932 2297 4995; x_wconf 89' lang='lat' dir='ltr'><strong>Deus</strong></span> <span class='ocrx_word' id='word_1_749' title='bbox 2327 4933 2516 5004; x_wconf 88' lang='lat' dir='ltr'><strong>sedet,</strong></span> <span class='ocrx_word' id='word_1_750' title='bbox 2553 4940 2933 5013; x_wconf 87' lang='lat' dir='ltr'><strong>nostramque</strong></span> <span class='ocrx_word' id='word_1_751' title='bbox 2962 4933 3322 4997; x_wconf 88' lang='lat' dir='ltr'><strong>voluntatem</strong></span> <span class='ocrx_word' id='word_1_752' title='bbox 3355 4927 3620 5012; x_wconf 76' lang='lat' dir='ltr'><strong>diligen-</strong></span> 
     </span>
    </p>
   </div>
   <div class='ocr_carea' id='block_1_101' title="bbox 1969 5020 3623 5103">
    <p class='ocr_par' dir='ltr' id='par_1_101' title="bbox 1969 5020 3623 5103">
     <span class='ocr_line' id='line_1_103' title="bbox 1969 5020 3623 5103; baseline -0.001 -18"><span class='ocrx_word' id='word_1_753' title='bbox 1969 5031 2060 5085; x_wconf 93' lang='lat' dir='ltr'><strong>ter</strong></span> <span class='ocrx_word' id='word_1_754' title='bbox 2087 5041 2156 5085; x_wconf 90' lang='lat' dir='ltr'><strong>ac</strong></span> <span class='ocrx_word' id='word_1_755' title='bbox 2188 5041 2291 5103; x_wconf 91' lang='lat' dir='ltr'><strong>pro</strong></span> <span class='ocrx_word' id='word_1_756' title='bbox 2321 5021 2547 5084; x_wconf 89' lang='lat' dir='ltr'><strong>viribus</strong></span> <span class='ocrx_word' id='word_1_757' title='bbox 2575 5020 2648 5083; x_wconf 90' lang='lat' dir='ltr'><strong>ad</strong></span> <span class='ocrx_word' id='word_1_758' title='bbox 2680 5040 2828 5102; x_wconf 90' lang='lat' dir='ltr'><strong>opus</strong></span> <span class='ocrx_word' id='word_1_759' title='bbox 2855 5021 3098 5102; x_wconf 88' lang='lat' dir='ltr'><strong>perduci</strong></span> <span class='ocrx_word' id='word_1_760' title='bbox 3128 5029 3468 5102; x_wconf 85' lang='lat' dir='ltr'><strong>exspectat:</strong></span> <span class='ocrx_word' id='word_1_761' title='bbox 3505 5040 3623 5084; x_wconf 90' lang='lat' dir='ltr'><strong>non</strong></span> 
     </span>
    </p>
   </div>
   <div class='ocr_carea' id='block_1_102' title="bbox 1970 5110 3625 5192">
    <p class='ocr_par' dir='ltr' id='par_1_102' title="bbox 1970 5110 3625 5192">
     <span class='ocr_line' id='line_1_104' title="bbox 1970 5110 3625 5192; baseline 0 -19"><span class='ocrx_word' id='word_1_762' title='bbox 1970 5113 2164 5174; x_wconf 89' lang='lat' dir='ltr'><strong>solum</strong></span> <span class='ocrx_word' id='word_1_763' title='bbox 2214 5118 2277 5173; x_wconf 88' lang='lat' dir='ltr'><strong>ut</strong></span> <span class='ocrx_word' id='word_1_764' title='bbox 2334 5129 2442 5172; x_wconf 90' lang='lat' dir='ltr'><strong>nos</strong></span> <span class='ocrx_word' id='word_1_765' title='bbox 2498 5110 2837 5172; x_wconf 88' lang='lat' dir='ltr'><strong>laborantes</strong></span> <span class='ocrx_word' id='word_1_766' title='bbox 2884 5110 3182 5192; x_wconf 87' lang='lat' dir='ltr'><strong>aspiciens</strong></span> <span class='ocrx_word' id='word_1_767' title='bbox 3234 5111 3486 5184; x_wconf 72' lang='lat' dir='ltr'><strong>laetetur,</strong></span> <span class='ocrx_word' id='word_1_768' title='bbox 3519 5110 3625 5173; x_wconf 88' lang='lat' dir='ltr'><strong>sed</strong></span> 
     </span>
    </p>
   </div>
   <div class='ocr_carea' id='block_1_103' title="bbox 225 5198 1874 5282">
    <p class='ocr_par' dir='ltr' id='par_1_103' title="bbox 225 5198 1874 5280">
     <span class='ocr_line' id='line_1_105' title="bbox 225 5198 1874 5280; baseline -0.005 -16"><span class='ocrx_word' id='word_1_769' title='bbox 225 5202 397 5264; x_wconf 82' lang='grc' dir='ltr'>θέλων</span> <span class='ocrx_word' id='word_1_770' title='bbox 478 5204 599 5266; x_wconf 78' lang='grc' dir='ltr'>τοὺς</span> <span class='ocrx_word' id='word_1_771' title='bbox 678 5204 895 5280; x_wconf 76' lang='grc' dir='ltr'>μισθοὺς</span> <span class='ocrx_word' id='word_1_772' title='bbox 983 5199 1180 5261; x_wconf 87' lang='grc' dir='ltr'>διδόναι</span> <span class='ocrx_word' id='word_1_773' title='bbox 1255 5202 1392 5277; x_wconf 76' lang='grc' dir='ltr'>ἡμῖν</span> <span class='ocrx_word' id='word_1_774' title='bbox 1477 5202 1506 5257; x_wconf 88' lang='lat'><strong>6</strong></span> <span class='ocrx_word' id='word_1_775' title='bbox 1585 5198 1874 5280; x_wconf 78' lang='grc' dir='ltr'>φιλάνθρω-</span> 
     </span>
    </p>
   </div>
   <div class='ocr_carea' id='block_1_104' title="bbox 1966 5198 3629 5282">
    <p class='ocr_par' dir='ltr' id='par_1_104' title="bbox 1974 5199 3629 5282">
     <span class='ocr_line' id='line_1_106' title="bbox 1974 5199 3629 5282; baseline -0.002 -18"><span class='ocrx_word' id='word_1_776' title='bbox 1974 5201 2153 5264; x_wconf 91' lang='lat' dir='ltr'><strong>etiam</strong></span> <span class='ocrx_word' id='word_1_777' title='bbox 2185 5208 2252 5262; x_wconf 91' lang='lat' dir='ltr'><strong>ut</strong></span> <span class='ocrx_word' id='word_1_778' title='bbox 2285 5200 2648 5276; x_wconf 89' lang='lat' dir='ltr'><strong>mercedem,</strong></span> <span class='ocrx_word' id='word_1_779' title='bbox 2698 5207 2976 5282; x_wconf 90' lang='lat' dir='ltr'><strong>tanquam</strong></span> <span class='ocrx_word' id='word_1_780' title='bbox 3035 5199 3329 5275; x_wconf 85' lang='lat' dir='ltr'><strong>debitum,</strong></span> <span class='ocrx_word' id='word_1_781' title='bbox 3386 5216 3491 5280; x_wconf 89' lang='lat' dir='ltr'><strong>pro</strong></span> <span class='ocrx_word' id='word_1_782' title='bbox 3521 5218 3629 5262; x_wconf 91' lang='lat' dir='ltr'><strong>sua</strong></span> 
     </span>
    </p>
   </div>
   <div class='ocr_carea' id='block_1_105' title="bbox 228 5285 2892 5368">
    <p class='ocr_par' dir='ltr' id='par_1_105' title="bbox 228 5285 2892 5368">
     <span class='ocr_line' id='line_1_107' title="bbox 228 5285 2892 5368; baseline -0.001 -14"><span class='ocrx_word' id='word_1_783' title='bbox 228 5316 359 5358; x_wconf 80' lang='grc' dir='ltr'>πος.</span> <span class='ocrx_word' id='word_1_784' title='bbox 1974 5287 2340 5367; x_wconf 82' lang='lat' dir='ltr'><strong>benignitate</strong></span> <span class='ocrx_word' id='word_1_785' title='bbox 2374 5285 2545 5349; x_wconf 90' lang='lat' dir='ltr'><strong>nobis</strong></span> <span class='ocrx_word' id='word_1_786' title='bbox 2576 5288 2892 5368; x_wconf 89' lang='lat' dir='ltr'><strong>persolvat.</strong></span> 
     </span>
    </p>
   </div>
   <div class='ocr_carea' id='block_1_106' title="bbox 320 5373 1874 5461">
    <p class='ocr_par' dir='ltr' id='par_1_106' title="bbox 320 5373 1874 5461">
     <span class='ocr_line' id='line_1_108' title="bbox 320 5373 1874 5461; baseline -0.003 -20"><span class='ocrx_word' id='word_1_787' title='bbox 320 5373 433 5461; x_wconf 54' lang='lat'><strong>48&#39;.</strong></span> <span class='ocrx_word' id='word_1_788' title='bbox 507 5383 638 5449; x_wconf 87' lang='grc' dir='ltr'>Τοὺς</span> <span class='ocrx_word' id='word_1_789' title='bbox 695 5381 1021 5444; x_wconf 85' lang='grc' dir='ltr'>ἀδιστάκτως</span> <span class='ocrx_word' id='word_1_790' title='bbox 1078 5383 1222 5455; x_wconf 77' lang='grc' dir='ltr'>αύτῷ</span> <span class='ocrx_word' id='word_1_791' title='bbox 1274 5378 1737 5461; x_wconf 86' lang='grc' dir='ltr'>προσερχομένους</span> <span class='ocrx_word' id='word_1_792' title='bbox 1796 5384 1874 5441; x_wconf 67' lang='grc' dir='ltr'><strong>οὒ)</strong></span> 
     </span>
    </p>
   </div>
   <div class='ocr_carea' id='block_1_107' title="bbox 1966 5373 3631 5461">
    <p class='ocr_par' dir='ltr' id='par_1_107' title="bbox 2056 5373 3631 5457">
     <span class='ocr_line' id='line_1_109' title="bbox 2056 5373 3631 5457; baseline -0.003 -15"><span class='ocrx_word' id='word_1_793' title='bbox 2056 5378 2158 5442; x_wconf 69' lang='grc'><strong>94.</strong></span> <span class='ocrx_word' id='word_1_794' title='bbox 2192 5376 2481 5439; x_wconf 90' lang='lat' dir='ltr'><strong>Dominus</strong></span> <span class='ocrx_word' id='word_1_795' title='bbox 2522 5385 2685 5438; x_wconf 92' lang='lat' dir='ltr'><strong>certa</strong></span> <span class='ocrx_word' id='word_1_796' title='bbox 2710 5386 2772 5439; x_wconf 91' lang='lat' dir='ltr'><strong>et</strong></span> <span class='ocrx_word' id='word_1_797' title='bbox 2802 5395 3013 5457; x_wconf 86' lang='lat' dir='ltr'><strong>magna</strong></span> <span class='ocrx_word' id='word_1_798' title='bbox 3042 5396 3176 5440; x_wconf 88' lang='lat' dir='ltr'><strong>cum</strong></span> <span class='ocrx_word' id='word_1_799' title='bbox 3211 5375 3431 5441; x_wconf 86' lang='lat' dir='ltr'><strong>ﬁducia</strong></span> <span class='ocrx_word' id='word_1_800' title='bbox 3458 5373 3532 5439; x_wconf 90' lang='lat' dir='ltr'><strong>ad</strong></span> <span class='ocrx_word' id='word_1_801' title='bbox 3563 5393 3631 5438; x_wconf 89' lang='lat' dir='ltr'><strong>se</strong></span> 
     </span>
    </p>
   </div>
   <div class='ocr_carea' id='block_1_108' title="bbox 223 5464 1874 5551">
    <p class='ocr_par' dir='ltr' id='par_1_108' title="bbox 223 5466 1874 5551">
     <span class='ocr_line' id='line_1_110' title="bbox 223 5466 1874 5551; baseline -0.004 -18"><span class='ocrx_word' id='word_1_802' title='bbox 223 5475 291 5549; x_wconf 70' lang='grc' dir='ltr'><strong>ἐᾷ</strong></span> <span class='ocrx_word' id='word_1_803' title='bbox 323 5473 461 5539; x_wconf 76' lang='grc' dir='ltr'>ὅλως</span> <span class='ocrx_word' id='word_1_804' title='bbox 485 5486 812 5532; x_wconf 80' lang='grc' dir='ltr'>καταπεσεῖν</span> <span class='ocrx_word' id='word_1_805' title='bbox 840 5473 869 5528; x_wconf 86' lang='lat'><strong>6</strong></span> <span class='ocrx_word' id='word_1_806' title='bbox 920 5471 1074 5551; x_wconf 89' lang='grc' dir='ltr'>Θεὸς,</span> <span class='ocrx_word' id='word_1_807' title='bbox 1133 5468 1269 5526; x_wconf 79' lang='grc' dir='ltr'>ἀλλὰ</span> <span class='ocrx_word' id='word_1_808' title='bbox 1326 5466 1705 5533; x_wconf 77' lang='grc' dir='ltr'>ἀδυνατοῦντας</span> <span class='ocrx_word' id='word_1_809' title='bbox 1762 5470 1874 5549; x_wconf 81' lang='grc' dir='ltr'>βλέ-</span> 
     </span>
    </p>
   </div>
   <div class='ocr_carea' id='block_1_109' title="bbox 1966 5464 3630 5551">
    <p class='ocr_par' dir='ltr' id='par_1_109' title="bbox 1977 5464 3630 5550">
     <span class='ocr_line' id='line_1_111' title="bbox 1977 5464 3630 5550; baseline -0.002 -19"><span class='ocrx_word' id='word_1_810' title='bbox 1977 5467 2286 5531; x_wconf 87' lang='lat' dir='ltr'><strong>venientes</strong></span> <span class='ocrx_word' id='word_1_811' title='bbox 2319 5465 2534 5529; x_wconf 89' lang='lat' dir='ltr'><strong>cadere</strong></span> <span class='ocrx_word' id='word_1_812' title='bbox 2565 5485 2939 5550; x_wconf 90' lang='lat' dir='ltr'><strong>nequaquam</strong></span> <span class='ocrx_word' id='word_1_813' title='bbox 2969 5466 3149 5530; x_wconf 86' lang='lat' dir='ltr'><strong>sinit:</strong></span> <span class='ocrx_word' id='word_1_814' title='bbox 3184 5468 3287 5531; x_wconf 88' lang='lat' dir='ltr'><strong>sed</strong></span> <span class='ocrx_word' id='word_1_815' title='bbox 3313 5485 3517 5531; x_wconf 90' lang='lat' dir='ltr'><strong>eorum</strong></span> <span class='ocrx_word' id='word_1_816' title='bbox 3540 5464 3630 5528; x_wconf 88' lang='lat' dir='ltr'><strong>in-</strong></span> 
     </span>
    </p>
   </div>
   <div class='ocr_carea' id='block_1_110' title="bbox 222 5555 1874 5646">
    <p class='ocr_par' dir='ltr' id='par_1_110' title="bbox 222 5558 1874 5646">
     <span class='ocr_line' id='line_1_112' title="bbox 222 5558 1874 5646; baseline -0.004 -23"><span class='ocrx_word' id='word_1_817' title='bbox 222 5584 347 5623; x_wconf 87' lang='grc' dir='ltr'><strong>πων</strong></span> <span class='ocrx_word' id='word_1_818' title='bbox 405 5563 616 5646; x_wconf 72' lang='grc' dir='ltr'>αὐτοὺς,</span> <span class='ocrx_word' id='word_1_819' title='bbox 690 5572 937 5642; x_wconf 82' lang='grc' dir='ltr'>συνεργεῖ</span> <span class='ocrx_word' id='word_1_820' title='bbox 1011 5561 1099 5617; x_wconf 88' lang='grc' dir='ltr'><strong>καὶ</strong></span> <span class='ocrx_word' id='word_1_821' title='bbox 1168 5560 1383 5641; x_wconf 79' lang='grc' dir='ltr'>βοηθεῖ,</span> <span class='ocrx_word' id='word_1_822' title='bbox 1442 5558 1645 5641; x_wconf 78' lang='grc' dir='ltr'>ὀρέγων</span> <span class='ocrx_word' id='word_1_823' title='bbox 1707 5564 1874 5621; x_wconf 64' lang='grc' dir='ltr'>αὐτοῖς</span> 
     </span>
    </p>
   </div>
   <div class='ocr_carea' id='block_1_111' title="bbox 1966 5555 3638 5646">
    <p class='ocr_par' dir='ltr' id='par_1_111' title="bbox 1979 5555 3638 5646">
     <span class='ocr_line' id='line_1_113' title="bbox 1979 5555 3638 5646; baseline -0.002 -24"><span class='ocrx_word' id='word_1_824' title='bbox 1979 5556 2321 5622; x_wconf 82' lang='lat' dir='ltr'><strong>ﬁrmitatem</strong></span> <span class='ocrx_word' id='word_1_825' title='bbox 2351 5573 2631 5633; x_wconf 88' lang='lat' dir='ltr'><strong>cernens,</strong></span> <span class='ocrx_word' id='word_1_826' title='bbox 2663 5555 2925 5640; x_wconf 85' lang='lat' dir='ltr'><strong>adjuvat,</strong></span> <span class='ocrx_word' id='word_1_827' title='bbox 2952 5564 3010 5620; x_wconf 91' lang='lat' dir='ltr'><strong>et</strong></span> <span class='ocrx_word' id='word_1_828' title='bbox 3030 5555 3477 5646; x_wconf 72' lang='lat' dir='ltr'><strong>auxiliumi&#39;ert,</strong></span> <span class='ocrx_word' id='word_1_829' title='bbox 3512 5573 3638 5618; x_wconf 88' lang='lat' dir='ltr'><strong>ma-</strong></span> 
     </span>
    </p>
   </div>
   <div class='ocr_carea' id='block_1_112' title="bbox 314 5738 1506 5825">
    <p class='ocr_par' dir='ltr' id='par_1_112' title="bbox 314 5738 1506 5825">
     <span class='ocr_line' id='line_1_114' title="bbox 314 5738 1506 5825; baseline -0.005 -13"><span class='ocrx_word' id='word_1_830' title='bbox 314 5745 373 5800; x_wconf 71' lang='lat'>“</span> <span class='ocrx_word' id='word_1_831' title='bbox 400 5745 628 5812; x_wconf 80' lang='lat' dir='ltr'><strong>Jerem.</strong></span> <span class='ocrx_word' id='word_1_832' title='bbox 672 5757 817 5821; x_wconf 80' lang='lat' dir='ltr'><strong>xm,</strong></span> <span class='ocrx_word' id='word_1_833' title='bbox 849 5741 910 5807; x_wconf 71' lang='grc' dir='ltr'><strong>ὅ.</strong></span> <span class='ocrx_word' id='word_1_834' title='bbox 1000 5742 1059 5795; x_wconf 69' lang='grc'>15</span> <span class='ocrx_word' id='word_1_835' title='bbox 1086 5740 1246 5811; x_wconf 85' lang='lat' dir='ltr'><strong>Psal.</strong></span> <span class='ocrx_word' id='word_1_836' title='bbox 1276 5757 1372 5825; x_wconf 79' lang='grc' dir='ltr'><strong>ον,</strong></span> <span class='ocrx_word' id='word_1_837' title='bbox 1405 5738 1506 5808; x_wconf 84' lang='lat'><strong>39.</strong></span> 
     </span>
    </p>
   </div>
  </div>
