4120 6382
473 383 593 457 655
1797 388 2175 460 SYMEONIS
2211 397 2566 463 JUNIORIS
3748 402 3877 472 656

474 569 755 648 numque
768 559 1070 632 potentem
1093 552 1348 634 desuper
1365 552 1853 648 ipsisporrigens,
1872 556 1942 617 ad
1959 575 2022 619 se
2035 576 2099 619 re

2210 574 2376 640 χεῖρα
2430 561 2698 639 δυνάμεως
2748 562 2963 636 ἄνωθεν,
3023 568 3110 622 καὶ
3165 568 3296 645 πρὸς
3342 567 3525 625 ἐπτὸν
3583 568 3865 648 ἐπανάγει,

477 640 660 704 ducit.
686 640 899 722 Ajuvat
920 660 1095 723 porro
1118 651 1343 723 aperte,
1369 642 1543 706 simul
1569 652 1627 738 et
1647 644 1897 725 occuite,
1932 654 1995 706 ut
2025 666 2117 707 co-

2210 663 2445 728 συνεργεῖ
2474 672 2529 706 τε
2559 660 2793 732 φανερῶς
2852 654 2963 729 ἅμα
3018 656 3105 711 καὶ
3160 655 3396 738 ἀφανῶς,
3458 657 3742 737 ἆγνώστως
3772 661 3868 715 καὶ

472 719 785 810 gnoscant,
820 740 883 792 ut
910 719 966 793 et
996 751 1114 793 non
1143 719 1524 811 cognoscant,
1558 733 1748 795 donec
1780 719 1917 795 totis
1947 736 2117 797 scalis

2326 719 2380 728 ..
2573 719 2583 732 .
2691 719 2701 732 .
2889 719 2898 729 .
3210 719 3218 735 .
3360 719 3395 738 γ,
3506 719 3517 737 .
3728 719 3739 723 τ

2211 744 2480 813 γνωστῶς,
2519 740 2711 820 μέχρις
2756 744 2816 797 οὗ
2876 749 3047 798 πέσαν
3103 742 3405 810 ἀνελθόντες
3463 747 3559 815 τὴν
3602 746 3860 823 κλίμακα,

473 838 724 911 ascensu
763 820 1078 901 superatis,
1112 820 1867 911 ipsiappropinquaverint,
1901 823 2117 904 totique

2210 825 2349 900 αὐτῷ
2404 832 2812 911 προσεγγίσωσι,
2912 833 2997 888 καὶ
3084 831 3196 889 ὅλοι
3280 834 3389 909 ὅλῳ
3462 837 3712 907 ἐνωθῶσι,
3767 839 3863 893 καὶ

1797 388 2175 460 SYMEONIS
2211 397 2566 463 JUNIORIS

478 909 585 970 toti
609 910 910 986 uniantur,
931 918 987 971 et
1004 917 1373 971 terrenarum
1389 911 1657 972 omnium
1678 910 2122 991 obliviscantur,

473 999 596 1061 illic
616 1001 745 1080 ejus
758 999 1186 1061 consuetudine
1200 999 1490 1075 fruentes,
1509 1000 2126 1082 siveincorpore,sive

474 1097 888 1170 extracorpus,
917 1088 1210 1166 nescium,
1233 1098 1439 1151 etcum
1466 1099 1998 1165 eoconversentur,
2024 1091 2128 1152 bo-

474 1181 683 1259 nisque
716 1178 879 1240 nullo
910 1196 1189 1241 sermone
1245 1178 1696 1257 explicabilibus
1722 1179 2119 1242 oblectentur.

552 1270 653 1332 95.
682 1268 917 1332 Justum
952 1276 1062 1340 est,
1117 1268 1375 1349 primum
1430 1268 1696 1331 cervices
1725 1279 1955 1331 nostras
1978 1270 2123 1349 jugo

470 1357 885 1419 mandatorum
919 1355 1137 1420 Christi
1168 1375 1527 1439 supponere,
1576 1376 1709 1432 nec,
1743 1357 1912 1439 quasi
1942 1368 2125 1421 (nstro

470 1448 739 1529 percussi
770 1466 1039 1509 essemus
1067 1448 1364 1529 refugere,
1425 1466 1537 1509 nec
1567 1448 1945 1509 retrocedere
1972 1467 1986 1510 :
2017 1447 2123 1509 sed

471 1548 637 1599 recta
680 1548 738 1599 et
766 1537 1019 1618 impigre
1051 1537 1110 1597 in
1161 1536 1309 1617 ipsis
1354 1556 1542 1618 usque
1601 1538 1741 1598 dum
1775 1537 2122 1617 moriamur,

468 1626 800 1707 ambulare,
834 1635 892 1689 et
924 1645 1031 1687 nos
1061 1627 1224 1706 ipsos
1271 1644 1580 1698 renovare,
1633 1626 1735 1707 qui
1781 1643 1989 1687 revera
2019 1626 2126 1687 Dei

2206 914 2452 972 ἁπάντων
2496 917 2845 976 ἐπιλάθωνται
2917 926 3021 976 τῶν
3065 920 3358 1000 ἐπιγείων·
3419 925 3660 990 συνόντες
3716 926 3867 1001 αὖτῷ

2208 1002 2404 1077 ἐκεῖσε,
2444 1004 2555 1062 εἴτε
2585 1008 2639 1063 ἐν
2690 1009 2917 1084 σώματι,
2976 1010 3086 1065 εἴτε
3143 1012 3293 1076 ἐκτὸς
3324 1024 3417 1073 τοῦ
3447 1016 3719 1091 σώματος,
3767 1017 3867 1072 οὐκ

2207 1090 2353 1167 οἶδα,
2387 1095 2473 1149 καὶ
2504 1094 3028 1173 συμπολιτευόμενοι,
3066 1100 3153 1155 καὶ
3182 1106 3287 1158 τῶν
3318 1100 3627 1181 ἀπορῤήτων
3658 1090 3871 1160 ἐπαπο-

2207 1179 2454 1263 λαύοντες
2486 1185 2694 1263 ἀγαθῶν
2704 1234 2717 1249 ,

2292 1262 2405 1348 ζε’·
2443 1262 2654 1331 Δίκαιόν
2703 1275 2811 1332 ἐστι
2869 1281 2937 1353 τῇ
2987 1275 3181 1355 ζεύγλῃ
3237 1283 3445 1357 πρῶτον
3497 1285 3602 1336 τῶν
3633 1279 3867 1337 ἐντολῶν

2207 1358 2504 1417 ὑποτιθέναι
2553 1371 2646 1421 τοῦ
2702 1371 2928 1442 Χριστοῦ
2979 1366 3096 1430 τοὺς
3158 1365 3387 1445 αὐχένας
3444 1368 3621 1441 ἡμῶν,
3664 1370 3865 1444 καὶμὴ

2206 1464 2570 1528 παροιστρεῖν,
2645 1452 2722 1526 μὴ
2780 1449 2846 1507 δι’
2918 1451 3313 1531 ὀπισθοποδεῖν,
3373 1453 3492 1510 ἀλλ’
3553 1457 3715 1535 ὀρθῶς
3770 1465 3868 1519 καὶ

2208 1539 2487 1617 προθύμως
2541 1540 2704 1621 μέχρι
2787 1542 3008 1602 θανάτου
3079 1543 3272 1620 βαίνειν
3357 1542 3410 1600 ἐν
3482 1548 3692 1626 αὐταῖς,
3772 1547 3867 1602 καὶ

2209 1627 2423 1693 ἑαυτοὺς
2466 1631 2610 1704 ἡμᾶς
2659 1644 2951 1709 νεουργεῖν,
3000 1633 3088 1687 τὸν
3151 1630 3265 1688 νέον
3324 1630 3488 1695 ὅντως
3520 1639 3650 1688 Θεοῦ
3678 1635 3861 1712 παρά-

469 1716 779 1796 paradisus
806 1734 1061 1777 sumus:
1120 1716 1311 1777 donec
1371 1734 1505 1777 cum
1565 1715 1738 1778 Patre
1771 1714 1963 1776 Filius
2013 1733 2117 1793 per

2210 1712 2376 1773 δεισον
2414 1733 2427 1746 ⁸
2464 1717 2655 1798 μέχρις
2689 1720 2749 1775 οὗ
2805 1720 2939 1793 μετὰ
2997 1721 3199 1799 Πατρὸς
3257 1722 3286 1776 ὁ
3333 1723 3451 1783 Υἱὸς
3481 1719 3565 1777 διὰ
3588 1729 3679 1778 τοῦ
3708 1724 3865 1800 ἁγίου

471 1807 757 1888 Spiritum
816 1814 1085 1866 sanctum
1144 1804 1449 1885 ingressus
1519 1804 1580 1865 in
1639 1803 1814 1865 nobis
1868 1803 2111 1867 habitet.

2210 1803 2407 1882 εἰσέλθῃ
2436 1807 2524 1862 καὶ
2554 1808 2850 1884 κατοικήσῃ
2902 1808 3207 1883 Πνεύματος
3262 1808 3317 1864 ἐν
3370 1811 3505 1885 ἡμῖν
3541 1827 3556 1844 ⁸
3604 1812 3692 1867 καὶ
3747 1834 3860 1879 τη-

472 1895 648 1967 Tum,
682 1895 918 1977 quando
948 1914 1083 1956 eum
1133 1901 1317 1973 totum
1368 1894 1621 1955 incolam
1655 1894 2117 1975 magistrumque

2210 1904 2419 1952 νικαῦτα
2466 1894 2592 1952 ὅταν
2649 1895 2772 1952 ὅλον
2827 1897 2983 1954 αὐτὸν
3038 1898 3363 1974 κτησώμεθα
3418 1897 3618 1955 ἔνοικον
3666 1901 3752 1956 καὶ
3781 1898 3860 1956 δι-

473 1985 886 2065 habuerimus,
921 1983 1017 2046 cui
1048 2000 1118 2045 ex
1151 1982 1325 2045 nobis
1346 1984 1717 2065 praeceperit,
1752 1982 1984 2063 etquod
2018 1983 2117 2044 mi-

2210 1979 2491 2065 ὃάσκαλον,
2576 1989 2727 2060 ᾧτινι
2793 1984 2854 2041 ἂν
2909 1983 2959 2052 ἐξ
3015 1988 3169 2061 ἡμῶν
3224 1986 3519 2068 προστάξῃ,
3591 1990 3679 2045 καὶ
3731 1989 3857 2046 ο”αν

472 2075 785 2137 nisterium
820 2074 875 2135 ei
916 2073 1264 2143 crediderit,
1325 2072 1384 2134 id
1443 2072 1502 2134 in
1563 2091 1772 2134 manus
1800 2080 2021 2152 sumat,
2065 2080 2117 2133 et

2210 2070 2528 2150 ἐμπιστεύσῃ
2606 2073 2894 2149 διακονίαν,
2974 2077 3168 2141 ταύτην
3226 2075 3703 2156 ἐγχειρισθήσεται,
3766 2079 3860 2134 καὶ

472 2184 579 2246 pro
613 2166 743 2245 ejus
766 2162 1011 2225 arbitrio
1042 2180 1115 2224 eo
1146 2164 1420 2241 fungatur
1474 2161 1769 2224 alacriter.
1806 2160 2026 2223 Verum
2057 2161 2117 2223 id

2210 2163 2338 2217 κατὰ
2386 2164 2447 2217 τὸ
2504 2163 2689 2237 ἐκείνῳ
2742 2162 2925 2223 δοκοῦν
2982 2166 3197 2233 ποιήσει
3247 2167 3551 2245 προθύμως.
3611 2165 3719 2223 Οὔκ
3748 2164 3860 2232 ἒξε-

470 2262 610 2315 ante
642 2263 875 2333 tempus
901 2251 1232 2333 requirere,
1293 2260 1391 2312 aut
1438 2251 1640 2313 datum
1671 2250 1744 2312 ab
1777 2250 2117 2312 hominibus

2210 2271 2283 2306 nt
2313 2249 2368 2306 δὲ
2398 2253 2499 2331 πρὸ
2542 2263 2726 2333 καιροῦ
2783 2256 2977 2321 ταύτην
3034 2253 3328 2324 ἐπιζητεῖν,
3390 2253 3509 2311 ἀλλ’
3552 2252 3668 2311 οῦδὲ
3707 2253 3857 2311 διδο-

467 2342 783 2407 admittere
810 2360 929 2402 non
979 2340 1168 2415 licet;
1224 2340 1328 2402 sed
1377 2339 1618 2404 Domini
1674 2358 1745 2400 ac
1795 2339 1905 2402 Dei
1932 2339 2117 2400 nostri

2210 2340 2368 2414 μένην
2396 2340 2447 2406 ἐξ
2490 2341 2776 2421 ἀνθρώπων
2831 2342 3013 2399 λαέεῖν
3070 2340 3475 2425 καταδέχεσθαι,
3534 2343 3652 2400 ἀλλ’
3684 2344 3859 2422 ἐμμέ-

469 2432 749 2495 mandata
778 2438 1232 2512 perseveranter
1290 2430 1602 2505 servanda,
1662 2429 1912 2510 ejusque
1954 2429 2117 2509 jussa

2210 2448 2310 2483 νειν
2338 2442 2459 2492 ταῖς
2495 2430 2739 2495 ἐντολαῖς
2769 2443 2861 2491 τοῦ
2893 2434 3161 2492 Δεσπότου
3188 2438 3343 2512 ἡμῶν
3370 2437 3458 2491 καὶ
3481 2442 3633 2510 Θεοῦ,
3669 2438 3759 2492 καὶ
3787 2438 3852 2492 τὸ

438 2520 867 2602 exspectanda
894 2526 1053 2582 sunt.

2210 2517 2521 2603 πρόσταγμα
2553 2525 2710 2580 αὐτοῦ
2739 2521 3146 2603 ἀπεκδέχεσθαι.

549 2597 648 2676 96.
682 2610 836 2673 Dum
874 2609 1212 2671 divinarum
1242 2625 1445 2670 rerum
1477 2606 1916 2670 administratio
1947 2605 2117 2667 nobis

2289 2597 2434 2682 4’ς“’.
2470 2610 2613 2665 Μετὰ
2641 2612 2702 2665 τὸ
2759 2597 3152 2691 ἐγχειρισθῆναι
3210 2617 3355 2689 ἡμᾶς
3413 2612 3671 2672 διοκονίαν
3700 2616 3857 2671 θείων

468 2721 787 2765 commissa
817 2700 1015 2780 fuerit,
1051 2708 1109 2761 et
1141 2699 1201 2760 in
1233 2716 1303 2759 ea
1333 2697 1813 2774 excelluerimus,
1849 2697 1901 2758 si
1930 2716 1963 2758 a
1990 2697 2117 2777 Spi-

2210 2699 2550 2774 πραγμάτων,
2605 2700 2775 2756 καὶέν
2803 2706 2934 2777 αὐτῇ
2992 2700 3297 2783 διαπρέψαι,
3345 2706 3389 2760 εἰ
3446 2703 3855 2784 ἐπιστραπῶμεν

466 2793 583 2853 ritu
644 2792 716 2853 ad
776 2789 950 2851 aliam
1033 2787 1636 2863 administrationem,
1717 2804 1958 2867 opusve,
2021 2795 2117 2847 aut

2210 2786 2302 2840 ὕπὸ
2334 2795 2423 2842 τοῦ
2454 2789 2776 2864 Πνεύμοτος,
2834 2793 2963 2870 πρὸς
3022 2792 3200 2871 ἑτέραν
3260 2792 3554 2869 μεταϐῆναι
3586 2792 3853 2852 διακονίαν

468 2885 763 2942 actionem
796 2876 1046 2938 transire
1071 2875 1374 2957 jubemur,
1431 2893 1505 2936 ne
1537 2874 1926 2954 refragemur.
1961 2873 2117 2936 Deus

2210 2872 2512 2953 ἢέργασίαν
2552 2877 2585 2945 ἢ
2631 2878 2837 2959 πρᾶξιν,
2891 2879 2966 2955 μὴ
3028 2880 3421 2957 ἆντιτείνωμεν.
3484 2874 3538 2941 Ὀ
3563 2884 3661 2962 γὰρ
3693 2885 3846 2957 Θεὸς,

470 2970 633 3031 enim
666 2987 776 3031 nec
807 2968 1024 3029 otiosos
1058 2984 1190 3028 esse
1219 2984 1348 3040 nos,
1404 2984 1517 3026 nec
1565 2965 1624 3025 in
1660 2985 1775 3026 uno
1806 2974 1978 3045 atque
2010 2983 2117 3026 eo-

2210 2959 2318 3017 οὔτε
2347 2963 2535 3042 ἀργοὺς
2565 2967 2708 3039 ἡμᾶς
2740 2968 2904 3039 εἶναι,
2940 2967 3056 3024 οὔτε
3086 2966 3138 3023 ἐν
3189 2976 3283 3043 μιᾷ
3312 2972 3399 3026 καὶ
3428 2977 3495 3048 τῇ
3522 2959 3654 3047 αῦτῇ
3686 2969 3852 3051 ἐργα-

468 3058 609 3121 dem
643 3075 844 3138 opere,
879 3056 940 3117 in
973 3075 1088 3138 quo
1115 3055 1352 3116 initium
1408 3053 1686 3129 fecimus,
1719 3073 1906 3135 usque
1937 3054 2005 3116 ad
2042 3054 2117 3115 ﬁ-

2311 3050 2366 3142 ἐν
2414 3056 2451 3129 ᾗ
2503 3052 2787 3135 ἠρξάμεθα,
2848 3056 3009 3136 μέχρι
3065 3056 3245 3123 τέλους
3304 3058 3547 3135 ἐμμένειν
3577 3050 3848 3142 βούλεται,

467 3166 606 3210 nem
647 3148 779 3210 vitae
834 3146 958 3208 vult
1018 3144 1384 3225 persistere:
1444 3143 1928 3245 ερψριόὒοθτθ,
1956 3151 2016 3205 et
2044 3144 2114 3205 ad

2210 3138 2336 3196 Ξιλλὰ
2391 3142 2807 3226 προκόπτοντας
2864 3147 2952 3201 καὶ
3007 3148 3211 3218 ἀεικινή
3226 3170 3338 3212 τους
3382 3149 3524 3205 εἶναι
3580 3151 3710 3230 πρὸς
3752 3138 3854 3217 τὴν

467 3237 783 3299 meliorum
802 3234 1182 3317 adeptionem
1206 3251 1446 3313 semper
1466 3232 1727 3309 incitari,
1743 3233 2009 3294 indivina
2032 3234 2117 3294 ni-

2210 3235 2304 3286 εών
2360 3234 2673 3308 κρειττόνων
2729 3232 3039 3315 ἐπιτυχίύν,
3084 3237 3159 3312 τῷ
3214 3239 3336 3313 θείῳ
3375 3235 3601 3319 δηλαδὴ,
3660 3240 3747 3296 καὶ
3772 3240 3854 3315 μὴ

467 3328 707 3400 mirum,
743 3346 857 3387 non
890 3326 950 3386 in
986 3323 1537 3406 propriavoluntate
1554 3324 2111 3404 procedentes(t7).

545 3420 644 3478 97.
681 3416 788 3492 Qui
838 3434 1004 3477 suam
1071 3414 1429 3475 voluntatem
1486 3431 1705 3475 necare
1756 3412 1973 3490 studet,
2009 3412 2116 3475 Dei

459 3506 746 3570 voluntati
767 3522 975 3587 parere
996 3503 1279 3579 debet,ac
1301 3519 1407 3583 pro
1429 3520 1536 3564 sua
1552 3501 1814 3563 divinam
1837 3502 2112 3578 induere,

462 3615 714 3677 eamque
744 3597 804 3655 in
832 3594 1015 3655 corde
1060 3611 1167 3655 suo
1228 3610 1431 3653 serere
1480 3599 1538 3652 et
1567 3591 1856 3665 inserere,
1891 3590 2114 3654 ΑΜ]ωο

461 3686 763 3765 inspicere
792 3694 1091 3755 accurate,
1122 3691 1319 3743 utrum
1373 3699 1503 3761 quae
1557 3681 1815 3760 plantata
1846 3689 1904 3742 et
1932 3681 2108 3743 insita

461 3785 622 3850 sunt,
647 3775 761 3837 alia
785 3774 842 3834 in
864 3771 1216 3853 profundum
1241 3769 1550 3831 radicibus
1572 3770 1877 3832 tendentia
1897 3789 2108 3831 exsur-

462 3864 782 3944 gantzalia
805 3863 864 3923 in
906 3860 1246 3922 cicatricem
1290 3857 1587 3931 coeuntia,
1622 3859 1682 3919 in
1718 3868 1924 3921 trunco
1973 3860 2110 3921 ino-

462 3951 772 4027 lescentia,
806 3949 1038 4012 arboris
1066 3949 1329 4029 speciem
1354 3948 1676 4028 praebeant.
1706 3947 1768 4010 Si
1789 3949 2108 4025 creverint,

463 4042 799 4121 floruerint,
833 4040 1085 4101 fructum
1117 4037 1453 4117 speciosum
1514 4054 1582 4097 ac
1639 4038 1873 4100 dulcem
1908 4046 2114 4118 protu-

464 4130 667 4205 lerint,
699 4139 763 4191 ut
791 4130 1024 4208 ignoret
1052 4124 1178 4207 ipse
1206 4134 1264 4187 et
1287 4134 1506 4186 terram
1550 4144 1679 4204 quae
1709 4128 1874 4207 prius
1905 4145 2113 4189 semen

2199 3326 2276 3394 τῷ
2306 3322 2479 3404 οἰκείῳ
2506 3334 2845 3404 στοιχοῦντες
2876 3322 3157 3400 θελήματι,

2284 3399 2398 3486 4ζ’.
2449 3404 2507 3469 Ὀ
2542 3415 2622 3489 ,τὸ
2681 3412 2817 3470 ἴδιον
2863 3412 3071 3492 θέλημα
3125 3417 3488 3495 ἆπονεκρῶσαι
3519 3416 3848 3495 σπουδάζων,

2196 3500 2257 3555 τὸ
2307 3508 2397 3556 τοῦ
2458 3509 2590 3560 Θεοῦ
2654 3508 2837 3561 ποιεῖν
2886 3505 3097 3582 θέλημα
3148 3506 3364 3587 ὀφείλει,
3425 3508 3513 3565 καὶ
3569 3509 3683 3566 ἀντὶ
3757 3517 3851 3567 τοῦ

2196 3588 2385 3648 οἰκείου
2425 3588 2767 3681 θελήματοςγ
2790 3596 2853 3651 τὸ
2881 3605 2975 3654 τοῦ
3025 3604 3157 3654 Θεοῦ
3207 3596 3535 3675 ἀντεισάγειν
3567 3597 3620 3654 ἐν
3651 3599 3844 3674 ἐαυτῷ,

2193 3678 2282 3733 καὶ
2322 3678 2765 3767 ἐμφυτεύειῃῖὶίαὶ
2821 3683 3162 3765 ἐγκεντρίζειν
3230 3696 3381 3745 τοῦτο
3436 3685 3488 3743 ἐν
3545 3693 3612 3762 τῇ
3666 3686 3852 3767 καρδίᾳ

2194 3766 2352 3823 αὖτοῦ
2384 3785 2396 3799 ⁸
2432 3758 2676 3849 καὶ
2724 3774 2928 3837 τούτοις
2977 3787 3198 3831 σκοπεῖν
3252 3772 3503 3854 ἀκριϐῶς,
3565 3777 3610 3831 εἰ
3651 3777 3716 3831 τὰ
3739 3758 3850 3857 ιρι)-

2194 3856 2594 3933 τευόμεναλδκαὶ
2649 3862 3105 3942 ἐγκεντριζόμενα,
3158 3866 3225 3920 τὰ
3281 3865 3378 3940 μὲν
3435 3866 3508 3928 εἰς
3559 3866 3716 3942 βάθος
3744 3856 3851 3926 που

2193 3946 2474 4031 ῥιζωθόηξτα
2532 3951 2672 4030 φύει,
2732 3954 2796 4008 τὰ
2866 3951 2920 4008 δὲ
2977 3956 3065 4010 καὶ
3135 3953 3522 4011 συνουλοώἐντα
3566 3957 3654 4011 καὶ
3708 3957 3847 4012 ἐνω-

2196 4036 2373 4092 θὲντα⁶
2408 4039 2479 4101 εἷς
2537 4037 2741 4119 δένδρον
2796 4040 3038 4119 ἐγένοντο
3093 4041 3148 4098 ἕν
3184 4061 3201 4078 ⁶
3261 4045 3305 4099 εἰ
3359 4041 3715 4125 ηῦξήνθησαν,
3762 4046 3853 4102 καὶ

2197 4123 2507 4196 ἐξήνθησαν,
2567 4129 2654 4183 καὶ
2722 4131 2923 4207 καρπὸν
2975 4133 3173 4209 ὡραῖον
3226 4133 3317 4191 καὶ
3366 4130 3560 4210 γλυκὺν
3615 4123 3849 4205 πεποιή-

462 4221 717 4299 excepit,
752 4226 810 4281 et
838 4217 1102 4281 radicem
1131 4213 1195 4276 in
1226 4232 1401 4294 quam
1461 4212 1608 4274 illud
1655 4232 1833 4295 supra
1869 4225 2107 4297 captum

2210 4236 2369 4296 ιασιν,
2437 4215 2573 4273 ὥστε
2629 4217 2952 4296 ἀγνοηθῆναι
3009 4217 3136 4299 παρ’
3178 4223 3338 4280 αὐτοῦ
3387 4222 3475 4278 καὶ
3532 4221 3645 4289 τὴν
3691 4233 3853 4302 προῦ-

540 4399 679 4464 1ϐΙΙ
707 4402 844 4467 Cor.
885 4417 992 4483 xu,
1022 4402 1084 4465 9.

545 4565 670 4646 (l7)
701 4566 1006 4646 Pontanus
1034 4560 1199 4624 addit
1226 4578 1239 4623 :
1303 4581 1333 4622 ‹
1361 4558 1479 4646 Qui
1514 4559 1813 4646 propriam
1844 4559 2108 4622 volunta-
2135 4558 3121 4646 Detiamnaturalemvoluntatem
3162 4561 3543 4646 habent.gQui
3572 4581 3715 4646 ergo
3742 4582 3852 4627 re-

460 4640 581 4710 tem
608 4640 922 4725 jugulavit,
956 4645 1077 4723 jam
1126 4661 1236 4703 usu
1285 4640 2068 4725 voluntatis’omnino‘caret
2099 4668 2111 4699 ε
2200 4640 2427 4719 ligiosis
2459 4641 3008 4725 exercitationibus,
3042 4653 3100 4704 et
3156 4644 3461 4721 diligentia
3493 4663 3600 4706 sua
3630 4640 3848 4707 volun-

458 4746 575 4808 quo
609 4720 764 4808 inibit
819 4720 1029 4808 eorum
1075 4732 1264 4808 caret,
1326 4723 1386 4784 in
1448 4722 1662 4808 quibus
1712 4722 1829 4782 vita
1882 4720 2034 4808 inest
2060 4731 2119 4783 et
2200 4730 2376 4808 tatem
2412 4726 2705 4808 propriam
2743 4723 3134 4808 mortiﬁcavit,
3160 4720 3852 4808 etinteremitquodam-

460 4802 660 4868 motus
716 4804 862 4868 Nam
897 4805 957 4866 in
988 4803 1205 4885 quibus
1230 4821 1444 4864 sensus
1468 4808 1584 4864 non
1622 4803 1798 4877 inest,
1841 4802 1950 4862 etsi
1980 4820 2126 4885 mo;
2199 4803 2399 4878 modo,
2441 4810 2498 4864 et
2526 4803 2778 4885 ἀθελητος
2809 4804 2966 4881 (sine
2987 4824 3097 4865 usu
3119 4807 3432 4867 voluntatis
3474 4802 3620 4881 suae)
3653 4804 3843 4868 effec-

458 4897 675 4950 ventur
703 4897 761 4948 et
782 4882 1088 4968 crescunt,
1125 4893 1189 4946 ut
1247 4886 1482 4968 plantae,
1535 4903 1604 4945 ea
1636 4893 1829 4943 tamen
1862 4883 2115 4968 naturali
2198 4891 2291 4943 tus
2350 4891 2460 4954 est,
2481 4882 2728 4968 omnino
2751 4893 3014 4968 anatura
3036 4886 3544 4968 propriailescivit
3567 4909 3583 4961 ;
3610 4896 3848 4968 etquo-

452 4969 751 5030 voluntate
776 4962 1117 5049 impelli,ac
1142 4962 1389 5049 moveri,
1416 4962 1766 5049 [augereque
1795 4981 1916 5049 non
1954 4962 2110 5023 dici-
2196 4972 2354 5049 niam
2403 4963 2555 5025 velle
2604 4983 2723 5024 non
2782 4965 2981 5049 habet,
3036 4962 3165 5029 nec'
3209 4967 3350 5029 boni
3408 4962 3846 5049 quippiam-aut

453 5067 631 5111 mus:
669 5056 808 5109 sunt
837 5042 1022 5109 enim
1060 5045 1343 5107 inanima.
1406 5042 1621 5107 Omnia
1649 5042 1793 5106 vero
1823 5042 2102 5120 animata,
2193 5044 2331 5104 mali
2363 5052 2557 5124 potest
2584 5047 2818 5125 operari
2839 5045 2922 5127 (δ)
2958 5070 3013 5105 ι).

530 5225 613 5308 (³⁵)
648 5228 792 5289 Haec
823 5243 969 5308 sano
998 5224 1175 5286 modo
1204 5221 1554 5303 accipienda
1585 5230 1726 5308 sunt
1748 5238 1763 5297 ;
1798 5220 2069 5308 namhqui
2096 5220 2451 5283 voluntatem
2476 5239 2658 5308 suam
2689 5223 3081 5308 mortiﬁcavit,
3113 5224 3165 5286 is
3194 5225 3342 5287 nihil
3373 5223 3512 5288 mali
3541 5242 3716 5308 agere
3736 5243 3841 5308 po;

452 5302 606 5396 test}
636 5325 772 5396 cum
795 5324 863 5367 ex
883 5305 1181 5396 voluntate
1203 5322 1309 5396 per
1336 5302 1601 5396 amorem
1620 5302 1728 5394 Dei
1755 5303 2103 5396 mortiﬁcata
2129 5322 2142 5364 :
2165 5311 2251 5396 oet
2288 5303 2696 5396 cum-Christo
2734 5305 3038 5396 cruciﬁxa,
3059 5324 3175 5386 qua
3200 5308 3334 5396 talis
3368 5316 3477 5396 est,
3515 5302 3661 5368 nihil
3698 5302 3843 5396 [nali

450 5387 747 5468 proficisci
782 5385 984 5479 possit.
1027 5387 1104 5479 At
1131 5382 1229 5479 qui
1257 5384 1397 5479 mali
1430 5383 1731 5479 quidpiam
1762 5383 1901 5479 agit,
1936 5383 1985 5442 is
2018 5384 2129 5479 hoc
2162 5382 2578 5479 ipso'i‘ndicat,
2620 5401 2684 5479 se
2705 5385 3061 5479 voluntatem
3078 5382 3548 5450 suam‘nondum
3585 5384 3839 5479 moniti:

445 5462 618 5549 casse
654 5489 666 5528 :
702 5462 842 5549 quia
869 5467 919 5529 si
949 5462 1385 5549 mortificasset,
1429 5462 1632 5549 utique
1662 5473 1942 5549 respectu
1972 5462 2112 5549 mali
2146 5462 2581 5549 mortificasset',
2616 5475 2675 5525 et
2702 5465 2788 5527 sic
2817 5467 3036 5549 malum
3083 5486 3199 5549 non
3233 5477 3602 5549 perpetraret
3632 5484 3647 5529 :
3680 5465 3841 5548 quod

445 5548 585 5609 dum
610 5544 936 5628 perpetrat,
965 5548 1161 5610 vivam
1187 5548 1237 5608 si
1272 5544 1854 5628 adhucvoluntatem
1875 5546 1955 5628 ad
1973 5544 2202 5628 malum
2220 5544 2527 5628 possidere
2550 5545 2934 5628 demonstrat.
2962 5546 3141 5628 Quod
3166 5544 3302 5610 vero
3329 5544 3410 5610 ait
3437 5566 3451 5612 :
3494 5544 3717 5610 Tameii
3741 5553 3838 5609 ni-

442 5628 541 5711 Ιιίι⁸
562 5624 701 5690 boui
722 5624 992 5711 amplius
1013 5646 1192 5711 agerc
1203 5646 1402 5709 posse,
1431 5627 1487 5688 id
1510 5627 1569 5687 id
1580 5624 1851 5711 eo‘dicit,‘
1861 5624 1998 5704 quia
2020 5624 2167 5711 velle
2189 5624 2531 5711 hujusmodi
2555 5626 3070 5711 b_otninis,_potius,
3088 5630 3338 5711 estvelle
3360 5629 3706 5710 superioris,
3740 5628 3840 5689 cui

444 5707 578 5789 quis
600 5726 664 5768 se
682 5704 959 5791 subjecit,
988 5704 1082 5791 vel
1110 5704 1237 5791 Dei,
1261 5726 1436 5791 quam
1460 5706 1789 5791 proprium.
1812 5704 2006 5791 Quare
2026 5705 2179 5766 sicut
2203 5705 2525 5791 Apostolus
2546 5704 2807 5791 dicebat:
2834 5704 3103 5791 Vivuego
3115 5710 3247 5791 jam
3264 5704 3840 5791 itaiiego,vivitgero

441 5785 509 5851 in
537 5805 631 5872 me
681 5785 957 5851 Christus
987 5789 1218 5872 (Galqt.
1252 5785 1318 5869 ti,
1352 5785 1497 5872 20),;
1556 5785 1636 5849 ita
1665 5785 1715 5846 is
1745 5786 1845 5872 qui
1878 5785 1949 5846 ad
1975 5786 2134 5872 hunc
2166 5786 2549 5872 perfectionis
2577 5789 2824 5872 gradum
2853 5785 3144 5872 ascendit,
3177 5790 3378 5872 dicere
3408 5785 3600 5872 potest
3632 5806 3647 5851 :
3686 5786 3836 5851 Volo

441 5887 574 5953 ego,
601 5868 725 5949 jam
741 5887 874 5953 Anon
904 5887 1035 5953 ego,
1071 5870 1192 5930 vult
1221 5864 1357 5953 vero
1383 5864 1451 5953 in
1481 5886 1577 5929 me
1608 5864 2027 5953 superior,_vel
2058 5864 2241 5939 Deus,
2303 5874 2362 5928 et
2414 5864 2828 5953 sicquidquid
2860 5867 3005 5933 boni
3026 5869 3186 5951 facit,
3217 5870 3282 5934 id
3314 5870 3370 5936 ei
3399 5864 3568 5953 cujus
3596 5878 3747 5934 nutu
3776 5877 3837 5934 et

440 5944 874 6033 gubernatione
901 5944 1152 6030 regitur,
1182 5948 1465 6026 ascribit;
1500 5944 1751 6031 perinde
1780 5965 1848 6009 ac
1878 5944 1928 6010 Si
1952 5944 2083 6029 ipse
2112 5962 2360 6029 prorsus
2385 5945 2534 6011 nihil
2549 5944 2935 6032 operaretur.
