4120 6368
252 304 375 371 657

1592 317 1870 381 CAPITA
1912 318 2285 383 MORALIA.

3519 318 3638 385 658

254 440 619 538 ποδεξαμένην
647 445 738 538 τὸν
794 445 989 538 σπόρον
1035 452 1173 538 γῆν,
1230 450 1319 506 καὶ
1372 451 1468 519 τὴν
1525 452 1664 530 ῥίζαν
1725 450 1807 534 ἐφ’
1838 453 1900 520 ἣν

1992 452 2353 532 humanum;
2387 459 2446 513 et
2473 451 2670 514 verbis
2714 453 2869 515 haud
2906 452 3024 516 dici
3054 463 3269 538 potest,
3304 457 3599 521 vivificum
3621 491 3637 505 -

254 531 651 611 ὲνεγκεντρίσθη
695 535 755 592 τὸ
812 534 1196 612 ἆκατανόητον,
1246 541 1335 596 καὶ
1385 540 1670 623 ἄφραστον,
1705 531 1903 623 ἐκεῖνο,

256 622 347 678 καὶ
375 624 649 705 ζωηφόρον
679 624 837 705 φυτόν
848 673 860 687 .

342 702 465 786 ζἠί
504 705 561 769 εΟ
606 702 878 771 ἐκκόπτων
923 717 981 773 τὸ
1013 714 1149 774 ἴδιον
1177 717 1383 794 θέλημα
1412 716 1495 775 διὰ
1523 720 1613 777 τὸν
1641 731 1733 780 τοῦ
1776 727 1908 779 Θεοῦ

257 797 443 877 φόϐον,
479 802 764 881 ἆγνώστως
790 802 978 875 οὕτως,
1026 808 1100 870 ὡς
1157 807 1253 862 οὒκ
1308 805 1473 882 οἶδεν,
1526 811 1552 864 6
1584 812 1713 873 Θεὸς
1742 811 1905 891 χαρί-

258 895 405 959 ζεται
463 891 606 966 αὒτῷ
685 894 745 948 τὸ
816 894 1003 951 ἑαυτοῦ
1081 894 1311 977 Θὲλημα,
1382 899 1470 954 καὶ
1538 898 1908 964 ἆνεξάλειπτον

257 980 388 1037 αὐτὸ
415 976 659 1060 διατηρεῖ
686 980 739 1037 ἐν
775 990 843 1059 τῇ
891 982 1074 1062 καρδίᾳ
1132 976 1309 1065 αὐτοὺ,
1369 989 1459 1043 καὶ
1512 985 1755 1067 διονοίγει
1784 990 1906 1053 τοὺς

255 1066 560 1147 ὀφθαλμοὺς
639 1077 739 1139 τῆς
820 1070 1049 1137 διανοίας
1132 1079 1289 1134 αὔτοὺ
1364 1082 1457 1132 τοῦ
1539 1066 1906 1155 ἐπιγινώσκειν

256 1155 407 1236 αὐτὸ,
450 1160 539 1216 καὶ
594 1160 749 1239 ἰσχὺν
804 1159 979 1218 δίδωσι
1029 1185 1121 1220 του
1176 1164 1472 1244 ἐκπληροῦν
1530 1167 1677 1225 αὖτό.
1738 1176 1911 1226 Ταῦτα

254 1242 314 1338 δὲΪ
355 1247 390 1314 ἡ
425 1248 583 1327 χάρις
631 1256 723 1306 τοῦ
752 1251 924 1338 ,ἁγίου
982 1254 1284 1329 Πνεύματος
1328 1242 1556 1335 ἐνεργεῖ,
1608 1259 1695 1315 καὶ
1744 1258 1912 1338 χωρίς

255 1336 423 1402 αὖτης
452 1338 649 1414 γίνεται
681 1337 846 1403 οὐδέν,

340 1414 454 1517 ἦρ’.
490 1429 550 1485 Εἰ
580 1428 790 1517 πάντων
841 1451 936 1491 σου
988 1438 1096 1488 τῶν
1153 1434 1548 1514 ἁμαρτημάτων
1598 1436 1698 1504 τὴν
1727 1434 1909 1517 ἄφεσιν

1989 561 2105 623 que
2136 542 2489 622 plantarium
2534 542 2824 607 insertum
2858 553 2968 605 est.

2068 712 2170 775 98.
2207 710 2316 784 Qui
2353 719 2592 792 propter
2650 712 2926 775 timorem
2962 715 3068 777 Dei
3100 717 3395 797 prOpriam
3428 720 3637 783 volun-

1990 808 2170 862 tatem
2204 800 2518 875 exscindit,
2554 801 2663 876 illi,
2724 802 2928 864 nescio
2988 807 3311 887 quomodo,
3364 809 3640 873 inscienti

1990 889 2147 951 Deus
2180 889 2535 951 voluntatem
2567 910 2734 952 suam
2792 892 2980 972 ipsius
3038 895 3283 974 largitur
3338 918 3406 960 ac
3434 900 3635 975 donat,

1996 996 2246 1059 eamque
2276 979 2659 1041 indelebilem
2707 981 2768 1042 in
2830 983 2963 1062 ejus
2997 994 3237 1065 pectore
3267 990 3544 1067 custodit,
3581 1002 3643 1055 et

1997 1068 2201 1129 oculos
2231 1069 2429 1130 cordis
2459 1069 2587 1148 ejus
2618 1070 2835 1148 aperit,
2870 1081 2931 1131 ut
2989 1073 3174 1152 ipsam
3210 1088 3551 1156 cognoscat,
3584 1089 3641 1142 et

1996 1158 2067 1219 ad
2105 1157 2376 1218 eamdem
2407 1156 2772 1238 implendam
2806 1159 2960 1222 vires
3004 1162 3241 1225 sufficit.
3275 1166 3411 1229 Haec
3442 1177 3639 1234 autem

1994 1247 2182 1328 gratia
2210 1248 2399 1309 sancti
2430 1246 2684 1329 Spiritus
2737 1259 3039 1334 operatur,
3097 1252 3245 1316 citra
3286 1275 3465 1338 quam
3490 1260 3642 1322 nihil

1995 1339 2056 1401 fit
2087 1338 2232 1419 (18).

2075 1427 2171 1490 99.
2200 1425 2259 1490 Si
2279 1428 2544 1490 omnium
2570 1438 2942 1509 peccatorum
2970 1439 3200 1495 tuorum
3222 1436 3481 1509 veniam,
3515 1439 3639 1501 sive

254 1511 467 1591 ἔλαϐες,
505 1516 617 1574 εἴτε
676 1516 743 1575 δι’
802 1519 1209 1600 ἐξαγορεύσεως,
1267 1511 1382 1581 εἴτε
1432 1522 1517 1580 διὰ
1574 1531 1670 1592 τῆς
1702 1511 1900 1607 ἀμιριά-

1993 1533 2102 1597 per
2131 1516 2591 1591 confessionem,
2649 1518 2774 1580 sive
2836 1539 2944 1599 per
2998 1522 3328 1601 angelicum
3374 1526 3637 1589 habitum

249 1625 390 1685 σεως
448 1613 541 1694 τοῦ
584 1608 734 1687 ἁγίου
777 1612 865 1667 καὶ
922 1609 1208 1689 ἆγγελικοῦ
1268 1616 1575 1694 σχήματος,
1623 1606 1801 1682 πόσης
1826 1638 1900 1673 σοι

1993 1626 2167 1686 quem
2187 1606 2456 1681 induisti,
2476 1616 2829 1670 consecutus
2841 1629 2928 1685 es,
2953 1621 3235 1689 quantum
3262 1614 3372 1676 hoc
3390 1615 3642 1679 tibicha-

247 1704 407 1753 τοῦτο
450 1693 597 1752 ἔσται
668 1697 906 1776 ἀγάπης,
953 1704 1041 1758 καὶ
1098 1705 1457 1783 εὖχαριστὶας,
1504 1706 1592 1760 καὶ
1641 1706 1911 1761 ταπεινώ-

252 1805 394 1849 σεως
438 1783 661 1869 αἴτιον,
718 1788 800 1870 ὅτ,
863 1794 1059 1872 μυρίων
1116 1795 1372 1875 ὑπάρχων
1428 1800 1697 1871 τιμωριῶν
1741 1792 1905 1868 ἄξιος,

250 1874 317 1930 οὗ
373 1876 536 1945 μόνον
592 1879 791 1935 τούτων
865 1880 1210 1962 ἀπηλλάγης,
1299 1880 1435 1939 ἀλλὰ
1490 1885 1576 1939 καὶ
1629 1885 1907 1959 υἱοθεσίας,

250 1964 345 2019 καὶ
405 1961 585 2045 δόξης,
644 1969 733 2023 καὶ
806 1970 1037 2050 οὐρανῶν
1095 1961 1326 2037 ἀξιοῦσαι
1383 1970 1674 2047 βασιλείας.
1736 1978 1910 2030 Ταῦτα

248 2051 494 2133 στρέφων
552 2054 606 2111 ἐν
656 2054 877 2138 διανοίᾳ,
930 2060 1017 2115 καὶ
1060 2058 1344 2124 διαπαντὸς
1402 2059 1803 2141 ἐνθυμούμενος,
1846 2060 1908 2116 ἕ-

248 2163 439 2218 τοιμος
500 2142 614 2219 ἔσο,
671 2148 760 2202 καὶ
815 2151 1313 2226 προπαρασκευάζου
1375 2150 1452 2223 μὴ
1508 2149 1762 2224 ἀτιμάσαι
1820 2149 1911 2206 τόν

247 2252 309 2286 σε
340 2233 641 2302 ποιήσαντα
670 2237 758 2297 καὶ
786 2239 1112 2317 τιμήσαντα,
1167 2240 1255 2294 καὶ
1312 2238 1378 2293 τὰ
1428 2239 1584 2316 μυρία
1612 2241 1909 2318 συγχωρή-

250 2342 420 2378 σαντα
447 2324 775 2405 πταίσματα,
827 2326 965 2383 ἀλλὰ
1020 2330 1149 2384 πᾶσὶ
1205 2350 1298 2385 σου
1352 2325 1525 2406 ἔργοις
1569 2325 1777 2392 δοξάσαι
1823 2330 1911 2385 καὶ

243 2417 474 2488 τιμῆσαι
508 2413 688 2490 ehem,
722 2415 816 2472 ἵνα
846 2419 933 2473 καὶ
964 2417 1117 2481 αὗτός
1176 2438 1233 2473 σε
1289 2416 1543 2492 μειζόνως
1569 2414 1906 2493 ἀντιδοξάσῃ,

246 2502 310 2558 ὃν
338 2502 622 2577 τετίμηκεν
665 2506 794 2585 ὑπὲρ
847 2503 1055 2563 ἅπασαν
1112 2507 1209 2575 τὴν
1267 2505 1542 2585 ὁρωμένην
1598 2507 1788 2582 κτίσιν,
1820 2508 1909 2563 καὶ

246 2589 401 2676 φίλον
432 2593 587 2676 αῷτοῠ
630 2594 888 2669 ὀνομάσαι
920 2617 977 2652 σε
1004 2598 1246 2676 γνήσιον.

332 2670 402 2760 ρ’.
456 2665 595 2759 ’δσῳ
625 2665 778 2765 ψυχὴ
829 2665 1114 2765 τιμιωτέρα
1172 2696 1264 2745 τοῦ
1320 2687 1570 2763 σώματος
1625 2684 1902 2765 τυγχάνει,

245 2771 489 2845 τοσούτῳ
544 2776 572 2829 6
627 2772 842 2852 λογικὸς
904 2773 1173 2856 ἅνθρωπος
1244 2777 1497 2854 κρείσσων
1553 2784 1644 2834 τοῦ
1707 2775 1902 2836 παντὸς

247 2861 455 2937 κόσμου
484 2861 643 2922 ἐστίν.
680 2866 768 2932 Μὴ
801 2866 900 2945 γὰρ
954 2868 1018 2932 τὰ
1076 2866 1275 2945 μεγέθη
1328 2872 1434 2923 τῶν
1485 2865 1539 2922 ἐν
1596 2868 1738 2939 αὒτῴ
1794 2887 1906 2921 κτι-

244 2951 465 3026 σμάτων
496 2960 801 3027 κατανοῶν,
865 2958 953 3012 καὶ
1010 2954 1093 3012 διὰ
1142 2966 1296 3015 τοῦτο
1338 2955 1627 3034 τιμιώτερά
1667 2976 1750 3011 σοι
1780 2963 1908 3013 ταῦ-

245 3061 314 3096 τα
373 3042 515 3098 εἶναι
575 3043 786 3119 νόμιζε,
838 3045 1099 3125 ἄνθρωπε,
1156 3044 1293 3101 ἀλλὰ
1344 3047 1474 3123 πρὸς
1530 3044 1624 3111 τὴν
1663 3040 1904 3123 δοθεῖσάν

1996 1695 2187 1757 ι’ῐῑειιίς
2212 1695 2270 1757 in
2305 1695 2489 1758 Deum
2523 1697 2841 1776 gratiarum
2875 1700 3147 1780 actionis,
3208 1710 3265 1763 et
3294 1704 3640 1769 humilitatis

1994 1792 2410 1859 argumentum
2438 1785 2585 1845 erit?
2601 1785 2880 1866 quoniam
2898 1787 3056 1849 mille
3079 1789 3294 1869 dignus
3309 1794 3639 1873 suppliciis,

1995 1891 2113 1933 non
2138 1892 2208 1935 ea
2230 1873 2420 1934 solum
2447 1874 2736 1956 effugisti;
2764 1876 2868 1937 sed
2889 1875 3460 1960 insuperadoplione
3480 1884 3641 1946 filio-

1993 1980 2122 2023 rum
2142 1962 3108 2044 Dei,etgloria,etregnocaelorum
3124 1967 3642 2046 dignatuses.H:ec

1992 2060 2194 2112 mente
2222 2070 2485 2129 versans,
2516 2071 2872 2134 semperque
2919 2056 3276 2135 recogitans,
3335 2070 3643 2142 promptus

1994 2150 2052 2202 et
2076 2150 2311 2221 paratus
2328 2154 2476 2216 esto,
2516 2161 2589 2202 ne
2619 2142 2854 2222 quando
2886 2152 3235 2207 contemnas
3265 2167 3422 2220 eum,
3458 2151 3560 2231 qui
3585 2159 3643 2213 te

1992 2233 2324 2309 honoravit,
2358 2245 2415 2297 et
2450 2233 2612 2295 mile
2644 2233 2748 2295 tibi
2776 2234 2991 2297 delicta
3022 2239 3415 2303 condonavit:
3451 2244 3555 2304 sed
3574 2244 3639 2307 in

1992 2321 2270 2385 omnibus
2298 2323 2469 2385 factis
2496 2323 2659 2384 illum
2701 2324 2959 2385 honores
2989 2334 3048 2387 et
3079 2326 3396 2404 glorifices,
3427 2339 3485 2391 ut
3510 2331 3639 2413 ipse

1991 2421 2049 2475 te
2076 2413 2333 2475 vicissim
2358 2415 2583 2493 majore
2612 2413 2838 2475 honore
2857 2415 3293 2495 afficiat,quem
3307 2437 3488 2499 super
3502 2440 3638 2482 om-

1991 2523 2126 2565 nezn
2164 2515 2494 2565 creaturam
2528 2503 2951 2583 aspectabilem
2984 2508 3215 2589 extulit,
3241 2526 3632 2589 germanum-

1991 2612 2106 2674 que
2134 2595 2391 2654 amicum
2425 2612 2598 2655 suum
2636 2595 2980 2655 nominavit.

2082 2684 2212 2745 IOO.
2274 2681 2567 2755 Quantum
2628 2685 2828 2745 anima
2876 2686 3136 2767 corpori,
3201 2695 3422 2751 tantum
3458 2693 3635 2755 homo

1988 2772 2397 2852 intelligentiae
2429 2772 2725 2854 particeps
2754 2773 2856 2834 toti
2881 2776 3105 2840 mundo
3134 2780 3437 2841 antecellit
3478 2780 3636 2854 Noli,

1987 2862 2191 2936 homo,
2225 2862 2300 2924 ad
2321 2862 2479 2940 imag
2505 2881 2638 2924 nem
2668 2882 2867 2924 rerum
2898 2865 3270 2928 conditarum
3304 2873 3632 2946 attendere,

1990 2961 2047 3013 et
2078 2952 2217 3013 inde
2249 2970 2317 3015 ea
2350 2961 2404 3014 te
2441 2953 2944 3015 honorabiliorem
2987 2956 3327 3019 existimare
3356 2978 3370 3022 :
3425 2962 3529 3022 sed
3562 2961 3635 3023 ad

1987 3041 2343 3123 impertitam
2374 3041 2476 3103 tibi
2530 3042 2774 3121 gratiam
2829 3045 3182 3127 respiciens,
3216 3048 3636 3129 intelligentis-

243 3150 329 3185 σοι
387 3131 546 3212 χάριν
607 3131 941 3210 ἀποϐλέψας,
1005 3138 1092 3191 καὶ
1151 3141 1250 3202 τῆς
1295 3140 1474 3214 νοερᾶς
1538 3133 1626 3190 καὶ
1682 3130 1900 3209 λογικῆς

1992 3151 2105 3213 que
2137 3142 2195 3193 et
2223 3131 2631 3194 ratiocinantis
2675 3132 2891 3193 anima:
2950 3144 3062 3196 tum
3117 3136 3458 3216 dignitatem
3492 3159 3632 3221 per-

245 3240 342 3276 σου
369 3224 559 3301 ψυχῆς
589 3222 858 3290 τὴνᾶξίαν
915 3226 1254 3294 καταμαθὼν,
1316 3224 1529 3300 ἆν.’μνει
1558 3224 1649 3278 τὸν
1679 3222 1806 3299 ὑπὲρ
1836 3220 1902 3275 τὰ

246 3308 492 3386 ὁρώμενα
516 3311 723 3369 ἅπαντα
752 3315 1051 3390 τιμήσαντά
1076 3335 1133 3369 σε
1165 3313 1318 3375 Θεόν.

332 3388 435 3475 ρι’.
472 3388 838 3476 Σκοπήσωμεήν
870 3409 983 3467 πῶς
1013 3400 1312 3478 δοξάσωμεν
1358 3403 1449 3458 τὸν
1508 3398 1635 3456 Θεόν
1668 3414 1683 3430 ⁶
1743 3396 1901 3462 δοξά-

240 3493 391 3558 ζεται
422 3485 626 3569 Sin-19’
656 3494 810 3567 ἡμῶν
866 3493 962 3550 οὔκ
1004 3492 1203 3566 ἄλλως,
1264 3491 1301 3560 ἢ
1362 3494 1435 3554 ὡς
1488 3489 1630 3568 παρὰ
1658 3497 1752 3547 τοῦ
1782 3490 1903 3545 Υἱοῦ

243 3574 497 3645 ἐδοξάσθη
552 3598 565 3611 ’
649 3579 715 3636 δι’
770 3585 845 3639 ὧν
901 3584 1000 3662 γὰρ
1057 3582 1261 3645 ἐκεῖνος
1318 3582 1409 3637 τὸν
1461 3580 1647 3636 ἑαυτοῦ
1696 3574 1903 3655 Πατέρα

244 3664 507 3742 ἐδόξασεν,
566 3668 813 3739 ἐδοξάσθη
870 3674 957 3729 καὶ
1043 3674 1070 3729 6
1154 3672 1271 3734 Υἱὸς
1343 3669 1485 3747 παρὰ
1553 3676 1643 3726 τοῦ
1699 3668 1899 3739 Πατρὸς

244 3752 313 3811 δι’
372 3761 566 3818 αὐτῶν.
633 3760 865 3818 Κάκεῖνα
947 3762 1034 3817 καὶ
1108 3761 1272 3836 ἡμεῖς
1335 3755 1537 3834 σπουδῇ
1592 3755 1895 3835 πράξωμεν,

241 3844 337 3902 ἵνα
365 3843 449 3902 διὰ
489 3848 688 3907 τούτων
743 3848 1042 3927 δοξάσωμεν
1094 3852 1184 3907 τὸν
1244 3848 1450 3928 Πατέρα
1502 3846 1658 3923 ἡμῶν
1704 3847 1793 3901 τὸν
1846 3842 1899 3898 ἐν

243 3948 363 3999 τοῖς
421 3938 666 4017 οὐρανοῖς
724 3938 986 4007 κληθῆναι
1055 3936 1496 4015 καταδεξάμενον,
1584 3936 1671 3992 καὶ
1753 3930 1897 3999 δοξα-

242 4026 453 4101 σθῶμεν
481 4026 607 4104 παρ’
632 4033 790 4088 αὐτοῦ
818 4037 886 4107 τῇ
938 4027 1061 4107 δόξῃ
1106 4037 1196 4086 τοῦ
1243 4032 1382 4101 Υίοῦ,
1430 4031 1466 4105 ᾗ
1522 4026 1650 4105 εἶχε
1678 4025 1780 4103 πρὸ
1809 4029 1901 4079 τοὺ

241 4116 333 4171 τὸν
364 4116 565 4192 κόσμον
598 4118 740 4175 εἶναι
770 4117 893 4199 παρ’
927 4119 1103 4181 κῦτοὺ.
1156 4119 1232 4176 Τὰ
1290 4115 1346 4173 δέ
1400 4118 1552 4196 εἰσιν,
1591 4117 1619 4171 ὁ
1649 4113 1894 4189 σταυρὸς»

1986 3222 2275 3302 pendens.
2309 3225 2495 3283 Deum
2530 3222 2723 3297 lauda,
2785 3222 2885 3304 qui
2946 3232 2999 3284 te
3056 3225 3188 3305 plus
3221 3246 3396 3307 quam
3429 3230 3631 3292 omnia

1984 3330 2112 3392 quae
2140 3311 2415 3372 videntur
2445 3311 2872 3374 cobonestavit.

2073 3400 2215 3461 lOl.
2263 3400 2625 3477 Cogitemus,
2676 3420 2792 3481 quo
2852 3410 3020 3482 pacto
3078 3403 3269 3466 Deum
3300 3406 3636 3482 gloriﬁcare

1986 3490 2303 3571 possimus.
2365 3490 2741 3553 Glorificatur
2792 3500 2989 3554 autem
3049 3512 3167 3555 non
3227 3495 3422 3577 aliter,
3456 3517 3633 3579 quam

1985 3580 2282 3659 quomodo
2313 3598 2347 3641 a
2380 3580 2527 3643 Filio
2571 3580 2929 3659 glorilicatus
2982 3590 3090 3645 est.
3157 3586 3267 3644 Per
3308 3605 3440 3665 quae
3470 3588 3631 3650 enim

1984 3668 2085 3730 ille
2115 3688 2287 3731 suum
2337 3669 2564 3729 Patrem
2608 3668 2978 3748 glorificavit,
3014 3680 3070 3733 et
3098 3671 3354 3734 vicissim
3399 3694 3434 3736 a
3465 3679 3634 3738 Patre

1984 3778 2090 3820 suo
2124 3777 2229 3839 per
2273 3760 2479 3820 eadem
2541 3760 2901 3837 gloriﬁcatus
2958 3769 3065 3826 est.
3132 3780 3201 3824 ea
3258 3783 3366 3825 nos
3397 3784 3635 3847 quoque

1983 3849 2191 3909 sedulo
2223 3849 2529 3928 faciamus,
2595 3856 2656 3911 ut
2713 3867 2820 3929 per
2876 3849 2975 3912 illa
3011 3851 3412 3929 gloriﬁcemus
3470 3874 3631 3937 eum,

1983 3938 2082 4017 qui
2116 3957 2181 3999 se
2217 3941 2443 3999 Patrem
2507 3947 2773 4000 nostrum
2834 3941 3136 4002 caelestem
3196 3943 3479 4023 appellari
3514 3963 3632 4006 non

1983 4028 2220 4106 refugit,
2284 4038 2341 4091 et
2407 4028 2811 4107 gloriﬁcemur
2850 4030 2923 4090 ab
2983 4034 3198 4092 eodem
3255 4032 3442 4111 gloria
3474 4033 3630 4111 Filii,

1981 4136 2158 4198 quam
2189 4118 2395 4180 habuit
2443 4119 2597 4198 apud
2651 4137 2811 4190 eum,
2859 4134 3179 4201 antequam
3232 4123 3489 4185 mundus
3520 4124 3632 4186 fie-

235 4202 402 4283 ἤγουν
458 4208 493 4274 ἡ
544 4207 793 4287 νέκρωσις
849 4216 942 4266 τοῦ
992 4210 1192 4286 κόσμου
1248 4205 1443 4269 παντός
1477 4222 1492 4237 ⁹
1554 4208 1634 4284 αἱ,
1663 4202 1888 4278 θλίψεις,

1992 4216 2067 4268 ret
2088 4208 2165 4271 17.
2195 4210 2336 4282 Qua:
2358 4225 2534 4288 porro
2558 4208 2658 4269 illa
2679 4208 2865 4270 sunt?
2905 4208 3083 4284 Crux,
3116 4211 3174 4271 id
3225 4221 3334 4286 est,
3370 4213 3628 4275 mundus

324 4380 383 4431 ‘7
411 4382 577 4447 Joan.
610 4390 758 4461 xvii,
789 4382 851 4447 ὅ.

329 4543 449 4627 (18)
484 4544 783 4608 Pontanus
811 4544 975 4627 addit
1005 4544 1122 4606 duo
1157 4542 1414 4627 capitula
1432 4565 1451 4627 _:
1521 4560 1550 4602 ‹
1582 4540 1895 4627 Cumtotis

242 4622 495 4707 viribus,
528 4645 761 4689 summa
790 4626 1119 4700 voluntate,
1154 4622 1595 4707 et'alacritate,
1629 4640 1697 4682 ac
1728 4622 1891 4707 desit

243 4705 413 4768 derio
442 4703 883 4789 incitatissimo,
940 4726 1070 4789 qua;
1129 4724 1161 4767 a
1221 4703 1676 4789 Deo__m_)stice,
1736 4710 1794 4764 et
1823 4703 1895 4765 ad

243 4795 510 4874 nostram
520 4784 989 4874 intelligentiam
1013 4786 1325 4874 obscurius
1350 4784 1694 4874 didicimus,
1717 4801 1894 4874 .quze-

245 4887 363 4955 que
393 4871 467 4931 ab
496 4865 904 4955 illo_mandata
965 4877 1101 4955 sunt
1160 4866 1353 4955 nobis,
1409 4865 1890 4955 impleverimus,

243 4943 450 5036 aliqua
481 4951 716 5036 penitus
765 4948 1340 5036 praetermiserimus,
1366 5026 1378 5036 _
1405 4952 1545 5006 tunc
1582 4943 1895 5036 .nobisnut

244 5023 551 5118 fidelibus,
571 5039 630 5093 et
650 5023 1093 5118 obedientibus,
1117 5026 1532 5118 germanisque
1563 5023 1889 5118 discipulis,

247 5105 540 5193 etamicis
562 5120 766 5193 aperte
796 5105 1092 5193 revelatur
1114 5105 1142 5169 ί
1186 5109 1336 5193 sicut
1372 5105 1512 5168 olim
1544 5105 1764 5193 sanctis
1794 5106 1893 5193 d_i_-

242 5191 517 5274 scipulis,
549 5185 616 5255 et'
649 5192 932 5275 apostolis
976 5188 1424 5275 suis‘revelatus
1450 5194 1573 5275 est,_
1597 5192 1656 5246 et
1684 5185 1894 5275 simili-

242 5266 663 5357 ter-omnibus,
687 5266 1071 5357 'quigp_er‘eos
1101 5270 1160 5332 iu
1198 5286 1414 5357 nomen
1462 5266 1655 5357 ipsius
1686 5267 1888 5357 credi-

241 5352 472 5416 dissent
519 5354 685 5418 Tunc
717 5352 959 5417 lilii'Dei
989 5353 1318 5412 secundum
1351 5352 1593 5427 gratiam
1628 5363 1762 5408 esse
1794 5352 1889 5407 in-

234 5434 515 5514 cipimus,
581 5446 644 5498 ut
693 5436 907 5500 Paulus
940 5433 1019 5514 ait
1055 5450 1067 5493 :
1126 5431 1492 5514 Quicunque
1520 5428 1743 5514 spiritu
1778 5427 1893 5514 Dei

234 5509 533 5594 aguntur,
558 5519 625 5581 hi
648 5527 796 5580 sunt
816 5516 933 5594 filii
960 5513 1090 5575 Dei.
1117 5512 1345 5587 Quodsi
1368 5509 1505 5589 ﬁlii“,
1529 5517 1584 5571 et
1609 5509 1891 5594 lcgereilea:

229 5589 500 5681 heredes
527 5599 774 5681 quidem
805 5589 936 5671 Dei,
995 5594 1336 5657 cohwredes
1383 5597 1592 5653 autem
1642 5589 1891 5654 Christi.

238 5680 612 5763 (θυμιδίῳ,
652 5682 780 5763 l4.)
910 5758 926 5763 _
1226 5761 1233 5763 Α
1486 5751 1528 5763 ,η
1644 5749 1655 5763 .

325 5784 350 5820 ο
385 5759 500 5835 Qui
527 5761 693 5843 digni
721 5751 864 5826 sunt
910 5755 1118 5835 habiti,
1176 5761 1242 5817 ut
1298 5770 1436 5815 cum
1486 5751 1609 5816 Deo
1641 5751 1702 5813 in
1739 5767 1889 5814 con-

1972 4544 2286 4627 junctione
2315 4543 2575 4627 Spiritus
2608 4550 2827 4627 essent,
2863 4552 3283 4627 gustareﬁnlque
3315 4546 3445 4627 ejus
3476 4547 3632 4610 bona

1979 4624 2326 4695 ineffabilia,
2361 4624 2563 4687 eorum
2598 4625 2793 4685 nullus
2826 4624 3034 4685 oblatae
3060 4626 3130 4685 ah
3158 4624 3498 4688 hominibus
3528 4627 3628 4690 in-

1979 4704 2150 4788 famis
2182 4715 2238 4766 et
2268 4706 2632 4788 despuenda:
2686 4703 2888 4788 gloriae
2944 4705 3267 4788 desiderio,
3304 4726 3629 4788 amoreque

1979 4785 2235 4867 ducitur.
2271 4782 2395 4867 sed
2424 4805 2547 4867 nec
2576 4787 2703 4846 auri
2747 4793 2844 4867 aut
2902 4782 3172 4867 vestium,
3206 4796 3301 4845 aut
3333 4782 3621 4867 lapidum,

1979 4865 2079 4942 qui
2111 4864 2183 4926 ab
2228 4865 2646 4946 insipientibus
2700 4864 2941 4945 pretiosi
3004 4875 3347 4927 censentur.
3390 4864 3625 4930 Divitiis

1976 4946 2353 5008 affluentibus
2397 4965 2499 5008 cor
2540 4965 2655 5006 non
2688 4946 2926 5025 apponit
2957 4946 3125 5007 (Psol
3186 4963 3305 5018 LXI,
3342 4948 3433 5018 ll)
3468 4965 3481 5010 :
3518 4967 3629 5010 nec

1976 5026 2278 5103 aregibus
2308 5035 2366 5088 et
2429 5026 2797 5107 principibus
2847 5028 3126 5107 cognosci
3181 5027 3322 5095 vult,
3376 5029 3474 5107 qui
3508 5048 3627 5090 non

1976 5107 2293 5187 irruperant,
2319 5106 2480 5169 seda
2508 5107 2885 5168 multitudine
2904 5106 3624 5187 ipsispotiusimperatur.

1976 5185 2150 5249 Tales
2183 5185 2301 5250 non
2332 5189 2499 5250 valde
2531 5197 2595 5249 ut
2625 5205 2868 5266 magnos
2894 5196 2951 5247 et
2980 5185 3267 5249 sublimes
3298 5185 3625 5251 admiratur

1975 5286 2042 5328 ac
2075 5268 2321 5348 suspicit
2353 5287 2368 5331 :
2431 5288 2539 5331 nec
2596 5268 2913 5341 existimat,
2950 5285 3052 5328 eos
3083 5267 3477 5330 familiaribus
3504 5269 3629 5331 suis

1976 5348 2263 5427 majorem
2302 5350 2588 5411 honorem
2621 5358 2679 5410 et
2706 5349 2891 5409 decus
2938 5348 3279 5410 conciliare.
3309 5348 3432 5412 Nec
3463 5350 3626 5411 aliud

1975 5428 2298 5510 quidquam
2333 5430 2675 5510 hominibus
2704 5428 3017 5510 illustreet
3039 5429 3416 5510 splendidum
3441 5450 3626 5510 expe-

1983 5506 2065 5571 tet
2098 5506 2259 5591 :A’nec
2289 5518 2351 5571 ut
2380 5509 2670 5591 quispiam
2720 5509 2794 5571 ab
2852 5506 3165 5588 opibus—ad
3200 5509 3492 5591 inopiam,
3520 5506 3629 5572 aut

1977 5589 2381 5672 aprincipatu
2400 5589 2413 5591 ἡ
2431 5598 2490 5652 et
2518 5589 2775 5672 summa
2835 5598 3150 5672 potestate,
3184 5589 3628 5672 conSpicuaque

1974 5668 2260 5754 dignitate
2286 5670 2362 5754 ad
2381 5670 3103 5754 extremamignominiam
3136 5677 3196 5734 et
3231 5668 3628 5754 contempt—ioc

1973 5768 2110 5813 nem
2136 5750 2368 5814 devolvi
2398 5751 2625 5815 metuit.
