4120 6372
436 298 555 366 659
1760 294 2142 359 SYMEONIS
2180 296 2320 360 JUN
2331 295 2533 360 IORIS
3202 291 3226 317 '
3705 296 3829 367 660

433 432 495 499 in
527 435 745 499 animis
790 431 1010 498 nostris
1058 431 1233 513 plane
1289 438 1581 507 mortuus,
1642 426 2080 518 tribulationes,

2178 435 2221 490 οἱ
2247 433 2556 513 πειρασμοὶ,
2588 434 2675 490 καὶ
2730 432 2785 489 εἴ
2833 455 2883 490 τι
2942 434 3117 515 ἕτερον
3175 438 3278 493 τῶν
3328 437 3657 513 παθημάτων
3689 446 3824 518 Χρι-

438 526 897 600 tentationes,et
920 522 969 583 si
992 522 1130 603 quid
1153 520 1310 582 aliud
1338 518 1677 601 passionum
1702 516 1916 579 Christi
1947 529 2076 581 est:

2178 533 2308 604 ττοῦ,
2354 524 2389 579 ἃ
2446 522 2794 604 ὑποφέροντες
2852 522 2908 579 ἐν
2950 526 3195 603 ὑπομονῇ
3251 526 3481 604 πολλλῇ,
3515 516 3825 604 μιμούμεθα

438 618 571 701 quae
601 617 661 679 in
693 616 877 678 multa
908 610 1190 701 patientia
1207 611 1581 701 sufferentes,
1605 605 1828 669 Christi
1854 608 2082 701 passio-

2178 620 2255 669 τοῦ
2286 619 2510 692 Χριστοῦ
2551 614 2616 669 τὰ
2658 614 2970 688 παθήματα,
3029 612 3306 691 δοξάζομεν
3349 614 3403 671 δὲ
3434 613 3500 672 δι’
3532 616 3699 673 αὑτῶν
3729 619 3827 674 τὸν

437 696 545 770 nes
576 705 896 780 imitamur,
933 710 990 764 et
1020 701 1093 763 iis
1111 700 1511 780 gloriﬁcamus
1536 700 1763 786 Patrem
1794 696 2082 786 acDeum

2178 701 2371 783 Πατέρα
2412 705 2568 777 ἡμῶν
2597 704 2686 759 καὶ
2716 704 2869 777 Θεὸν,
2916 705 2990 769 ὡς
3020 705 3117 761 υἱοὶ
3145 708 3303 764 αὑτοῦ
3333 706 3536 786 χάριτι,
3570 707 3657 762 καὶ
3686 728 3825 785 συγ-

443 806 736 868 nostrum,
763 806 827 857 ut
852 791 1039 873 gratia
1058 790 1161 852 ﬁlii
1184 788 1371 870 ipsius
1391 797 1450 850 et
1480 784 1823 849 cohaeredes
1844 785 2083 847 Christi.

521 885 658 951 102.
693 884 927 958 Anima,
962 899 1091 963 quae
1121 878 1505 941 inclinatione
1552 876 1884 955 affectuque
1914 874 1987 936 ad
2020 894 2089 937 ea

443 995 577 1058 quae
606 974 874 1056 subjecta
904 979 1041 1033 sunt
1069 968 1258 1030 oculis
1308 967 1573 1058 nondum
1624 983 1688 1058 se
1720 963 1977 1044 perfecte
2006 964 2086 1026 li-

439 1052 702 1129 beratam
718 1052 929 1133 sentit,
973 1056 1377 1138 coutingentia
1405 1055 1520 1117 sibi
1550 1052 1825 1133 molesta,
1859 1061 1917 1115 et
1950 1073 2084 1133 per-

436 1153 776 1218 secutiones
806 1151 1014 1214 allatas
1069 1168 1103 1211 a
1160 1144 1555 1227 daemonibus,
1611 1152 1668 1205 et
1715 1142 2083 1217 hominibus,

435 1245 661 1328 absque
706 1240 1113 1306 tumslitudine
1172 1238 1426 1328 tolerare
1472 1232 1879 1328 nequit,_sed
1935 1235 2086 1297 aﬂ‘e-

433 1326 616 1398 ctioni
644 1351 787 1414 erga
820 1350 915 1393 res
946 1333 1233 1391 humanas
1282 1327 1550 1402 astricta,
1585 1334 1643 1388 et
1673 1326 1910 1405 alligata
1939 1343 2091 1406 quo-

428 1423 770 1503 dammodo,
797 1422 1063 1503 pecunia:
1075 1420 1308 1499 jactura
1349 1415 1679 1490 mordetur,
1716 1414 2087 1503 facultatum-

431 1534 549 1597 que
571 1502 924 1595 spoliatione
941 1509 1125 1581 dolet,
1146 1518 1203 1569 et
1227 1505 1410 1597 plagis
1432 1505 1669 1586 corpori
1694 1524 1799 1566 suo
1818 1502 2081 1580 inﬂictis,

432 1595 720 1684 majorem
754 1601 816 1662 in
850 1599 1092 1661 modum
1124 1595 1449 1659 cruciatur.

520 1680 652 1757 i03.
689 1692 911 1772 Siquis
969 1707 1002 1750 a
1057 1685 1459 1769 propensione
1519 1692 1576 1745 et
1603 1680 2087 1772 concupiscentia

2169 790 2492 871 κληρονόμοι
2525 798 2769 871 Χριστοῦ.

2250 869 2355 960 Pp"
2387 869 2623 960 Ψυχὴῆ
2668 880 2745 956 μὴ
2774 878 2987 945 τελείως
3037 887 3136 949 τῆς
3193 880 3432 962 σχέσεως
3462 884 3550 939 καὶ
3579 907 3825 963 προσκα-

2168 970 2307 1033 θείας
2376 974 2481 1024 τῶν
2552 967 2834 1048 ὁρωμένων
2904 971 3225 1040 εὐαισθήτως
3298 968 3694 1049 ἀπαλλαγεῖσα,
3754 973 3828 1028 τὰ

2170 1055 2610 1135 ἐπισυμϐαἰνοντα
2665 1057 2800 1135 αὑτῇ
2854 1056 3087 1139 λυπηρὰ,
3151 1060 3239 1115 καὶ
3296 1060 3389 1124 τὰς
3449 1059 3826 1141 ἐπερχομένας

2172 1152 2305 1225 αὑτῇ
2374 1146 2622 1226 ἐπηρείας
2665 1149 2808 1226 παρά
2852 1145 3117 1223 δαιμόνων
3169 1149 3259 1204 καὶ
3316 1148 3623 1228 ἀνθρώπων,
3686 1149 3827 1206 ἁλύ-

2170 1259 2285 1301 πως
2315 1236 2489 1318 φέρειν
2540 1239 2600 1294 οὒ
2640 1233 2874 1311 δύναται,
2910 1233 3030 1293 ἀλλ’
3073 1238 3230 1293 οἱονεὶ
3271 1234 3544 1313 συνδέσμῳ
3570 1236 3830 1315 δεδεμένη

2170 1334 2239 1405 τῇ
2283 1326 2607 1406 προσπαθείᾳ
2659 1330 2762 1381 τῶν
2813 1325 3156 1406 ἀνγρωπίνων
3207 1326 3557 1406 πραγμάτων,
3611 1330 3833 1405 ζημίαις

2172 1417 2414 1475 δάκνεται
2450 1417 2769 1498 χρημάτων,
2816 1419 2904 1473 καὶ
2933 1417 3350 1497 ἀποστερήσεσιν
3384 1416 3605 1498 ἄχθεται
3646 1442 3831 1499 πραγ-

2175 1509 2380 1588 μάτων,
2412 1510 2500 1564 καὶ
2552 1505 2795 1584 πληγαῖς
2853 1505 3255 1587 ἐπιφερομέναις
3305 1511 3468 1575 αὑτῆς
3510 1517 3588 1584 τῷ
3616 1509 3832 1586 σώματι

2168 1595 2403 1678 σφοδρῶς
2448 1595 2712 1656 ὀδυνᾶται.

2250 1676 2355 1765 ργ’.
2390 1687 2456 1745 Εἴ
2510 1708 2589 1749 τις
2649 1685 2891 1766 σχέσεως
2946 1687 3035 1742 καὶ
3090 1684 3363 1762 ἐπιθυμίας
3421 1692 3528 1743 τῶν
3560 1688 3828 1755 αἰσθητῶν

427 1802 631 1846 rerum
663 1749 873 1843 senslus
927 1749 1289 1839 moventium
1347 1773 1606 1835 animam
1654 1749 1819 1835 suam
1850 1771 2082 1834 abstra-

2250 1749 2260 1763 ,
2294 1749 2306 1765 ,
2345 1749 2351 1750 γ
2686 1749 2725 1766 η
3241 1749 3251 1762 ,
3351 1749 3358 1750 κ
3699 1749 3710 1755 -

2178 1775 2424 1855 ξπέῤῥηξε
2482 1776 2581 1834 τὶν
2634 1775 2819 1855 ψυχὴν
2892 1778 3071 1848 αὑτοῦ,
3149 1776 3238 1832 καὶ
3315 1783 3392 1852 τῷ
3450 1784 3565 1852 Θεῷ
3620 1778 3822 1845 ταύτην

429 1873 607 1947 xerit,
638 1871 877 1951 Deoque
936 1865 1191 1929 univerit
1245 1873 1305 1927 ct
1361 1862 1713 1944 devinxerit,
1748 1861 2083 1951 nnnisolum

433 1960 718 2043 pecunias
747 1978 815 2021 ac
848 1956 1260 2039 possessiones
1311 1972 1449 2043 suas
1501 1951 1813 2043 despiciet,
1848 1950 2085 2043 illisque

425 2040 687 2129 amissis,
720 2048 876 2109 velut
905 2046 952 2107 si
985 2045 1181 2106 aliena
1211 2051 1270 2104 et
1312 2041 1385 2105 ad
1442 2060 1506 2104 se
1542 2040 1689 2103 nihil
1721 2040 2086 2129 pertinentia

426 2128 747 2212 amisisset,
805 2134 1123 2217 tranquillo
1183 2132 1294 2194 erit
1354 2131 1577 2212 animo,
1636 2147 1847 2192 verum
1907 2128 2083 2190 etiam

422 2228 638 2291 acerba
666 2223 901 2306 corpori
927 2243 1033 2285 suo
1059 2223 1219 2284 illata
1251 2241 1386 2282 cum
1418 2219 1657 2300 gaudio,
1717 2229 1778 2280 et
1808 2238 1925 2300 qua
1973 2217 2081 2280 de-

426 2327 524 2380 cet
550 2316 869 2396 gratiarum
919 2312 1154 2377 actione
1206 2309 1547 2390 sustinebit,
1610 2327 1849 2390 semper
1880 2307 2088 2370 videns

423 2406 783 2470 exteriorem
819 2402 1058 2485 quidem
1092 2400 1396 2463 hominem
1445 2399 1612 2480 juxta
1655 2398 2004 2480 Apostolum
2028 2397 2087 2448 ¹8

419 2494 745 2575 corrumpi,
779 2492 1122 2555 interiorem
1156 2498 1354 2551 autem
1408 2489 1481 2551 de
1541 2487 1637 2549 die
1695 2489 1755 2549 in
1791 2487 1949 2547 diem
1978 2505 2083 2575 re-

423 2574 921 2662 novarifAlioqui
953 2579 1365 2643 tribulationes
1396 2575 1723 2639 secundum
1759 2578 1946 2639 Deum
1980 2574 2074 2636 hi-

418 2672 647 2754 lariter,
679 2680 732 2733 et
767 2671 899 2733 laato
957 2668 1157 2730 animo
1217 2665 1469 2748 perferri
1522 2673 1849 2754 nequeunt.
1884 2663 1946 2754 in
1983 2663 2078 2754 his

418 2762 581 2826 enim
618 2751 883 2842 perfecta
933 2756 1216 2838 cognitio,
1277 2764 1336 2817 et
1401 2754 1688 2835 sapientia
1750 2751 2079 2833 spiritualis

415 2859 731 2915 exercetur
761 2870 775 2909 :
814 2847 1035 2929 quibus
1058 2845 1159 2927 qui
1193 2854 1370 2927 calet,
1404 2843 1466 2905 in
1498 2842 1761 2906 tenebris
1796 2843 2077 2922 ignoran-

419 2939 517 3002 tiae
543 2957 613 3001 ac
662 2937 1010 3001 diﬁidentiaa
1064 2943 1348 3016 perpetuo
1410 2932 1656 3005 incedit,
1717 2948 1830 2995 nec
1874 2931 2078 2993 videre

421 3026 722 3110 patientiae
752 3036 812 3088 et
865 3023 1289 3088 consolationis
1336 3024 1537 3087 lumen
1598 3020 1719 3083 ullo
1753 3020 1929 3082 modo
1963 3040 2075 3102 po-

426 3124 647 3269 ωείθιί.
680 3202 889 3267 Omnis
919 3222 1025 3265 suo
1068 3201 1298 3284 judiCiO
1355 3200 1617 3284 εδΡίθηδν
1655 3208 1713 3263 et
1743 3196 2077 3281 diSCiplinis

2168 1864 2470 1946 σῦνέδησεν,
2524 1866 2584 1923 οὑ
2626 1865 2784 1941 μόνον
2840 1871 2946 1921 τῶν
3001 1866 3118 1944 περὶ
3174 1865 3329 1921 αὑτὸν
3386 1867 3679 1947 χρημάτων
3732 1868 3828 1924 καὶ

2167 1956 2455 2031 κτημάτων
2515 1955 2929 2035 καταφρονήσει,
2990 1956 3078 2011 καὶ
3134 1955 3208 2019 ὡς
3253 1953 3337 2012 ἐπὶ
3396 1955 3690 2033 ἀλλοτρίοις
3733 1957 3829 2012 καὶ

2168 2044 2333 2111 ξένοις
2389 2044 2767 2122 ὑστερούμενος
2828 2043 3043 2107 ἀλύπως
3122 2041 3357 2122 διατεθῇ,
3434 2043 3570 2101 ἀλλά
3611 2046 3698 2102 καὶ
3754 2046 3826 2101 τὰ

2166 2134 2520 2216 ἐπιφερόμενα
2582 2141 2658 2208 τῷ
2717 2134 2927 2209 σώματι
2985 2133 3144 2190 αὑτοῦ
3199 2133 3409 2215 ἀνιαρὰ,
3456 2135 3591 2210 μετά
3646 2141 3825 2214 χαρᾶς

2165 2226 2253 2281 καὶ
2307 2229 2407 2291 τῆς
2451 2223 2826 2303 προσηκούσης
2872 2221 3211 2301 εὔχαριστίας
3267 2224 3549 2299 ὑπομενεῖ,
3608 2222 3820 2300 βλέπων

2165 2313 2267 2394 ἀεὶ,
2321 2313 2454 2371 κατά
2509 2314 2600 2369 τὸν
2648 2315 2793 2368 θεῖον
2845 2309 3193 2390 Ἀπόστολον,
3239 2313 3330 2369 τὸν
3379 2314 3474 2388 μὲν
3526 2311 3625 2378 ἔξω
3666 2315 3823 2392 φθει-

2164 2403 2385 2480 ρόμενον
2442 2401 2734 2482 ἄνθρωπον,
2784 2402 2875 2457 τὸν
2931 2398 2985 2456 δὲ
3044 2399 3217 2482 ἐντὸς,
3279 2402 3453 2482 ἡμέρᾳ
3508 2404 3595 2459 καὶ
3646 2401 3825 2481 ἡμέρᾳ

2165 2491 2605 2566 ἀνακαινούμενον
2642 2507 2656 2521 ⁸
2719 2488 2895 2554 ἄλλως
2964 2488 3019 2545 δὲ
3077 2495 3171 2549 οὐκ
3213 2490 3286 2547 ἔνι
3344 2493 3437 2555 τὰς
3496 2493 3629 2548 κατὰ
3688 2494 3822 2547 Θεὸν

2161 2579 2364 2655 θλίψεις
2411 2581 2723 2659 ὑπενεγκεῖν
2753 2580 2887 2656 μετά
2917 2585 3088 2659 χαρᾶς
3124 2595 3138 2609 ’
3205 2582 3452 2659 γνώσεως
3483 2582 3583 2661 γὰρ
3610 2578 3819 2644 τελείας

2163 2668 2218 2725 ἐν
2247 2670 2421 2727 τούτοι
2464 2670 2644 2751 χρεία,
2674 2672 2763 2727 καὶ
2793 2670 2976 2750 σοφίας
3008 2670 3371 2746 πνεύματικηῖκ
3408 2688 3422 2703 ⁶
3477 2675 3505 2728 ὁ
3534 2668 3588 2726 δὲ
3617 2670 3820 2726 τούτων

2162 2758 2537 2839 ἐστερημένος,
2586 2758 2639 2814 ἐν
2672 2760 2848 2816 σκότει
2899 2756 3237 2823 ἀνελπιστίας
3279 2762 3367 2817 καὶ
3424 2760 3685 2838 ἀγνωσίας
3736 2759 3819 2814 ἀεὶ
3900 2818 3911 2827 δ

2160 2848 2461 2930 πορεύεται,
2495 2849 2573 2924 μὴ
2603 2845 2888 2924 δυνάμενος
2918 2848 2979 2903 τὸ
3021 2853 3133 2926 φιῦς
3171 2854 3270 2916 τῆς
3300 2850 3574 2925 ὑπομονῆς
3604 2849 3692 2904 καὶ
3717 2852 3820 2914 τῆς

2158 2937 2543 3017 παρακλήσεως
2584 2937 2722 3003 ὅλως
2764 2940 3069 2997 θεάσασθαι.

2237 3196 2339 3286 ρδ’.
2415 3212 2522 3272 Πᾶς
2598 3204 2813 3279 δοκήσει
2884 3213 3113 3289 φρονῶν,
3197 3208 3250 3265 ἐν
3304 3212 3683 3285 μαθηματικῆς
3739 3204 3818 3262 ὢν

418 3293 812 3358 interioribus
860 3293 1155 3366 eruditus,
1215 3293 1417 3358 divina
1459 3310 1711 3356 cernere
1740 3299 1798 3354 et
1848 3308 2072 3370 cogno-

2178 3296 2488 3375 ιπιστήιιης,
2560 3300 2633 3359 είς
2695 3297 2961 3377 μυστήρια
3004 3305 3136 3357 Θεοῦ
3190 3298 3497 3378 παρακύψαι
3553 3297 3640 3353 καὶ
3682 3292 3818 3351 ἰδεῖν

416 3403 593 3447 scere
619 3384 899 3464 mysteria
923 3382 1138 3463 (lignus
1160 3400 1460 3465 nunquam
1488 3380 1621 3453 erit,
1656 3381 1847 3442 donec
1870 3379 2037 3443 humi
2063 3415 2073 3425 -

2178 3387 2253 3442 ιῦκ
2294 3383 2642 3457 ἀξιωθήσεταί
2688 3408 2842 3461 ποτε,
2888 3386 2988 3451 ἕως
3047 3386 3109 3444 ἂν
3164 3391 3556 3455 ταπεινωθῆναι
3607 3387 3815 3460 πρῶτον

418 3473 574 3547 liari,
600 3482 659 3536 et
676 3472 987 3554 magniﬁca
1008 3472 1447 3535 existimatione
1468 3469 1561 3533 sui
1598 3469 1891 3551 deposita,
1921 3467 2072 3530 stul-

2178 3472 2376 3552 δελήσῃ,
2425 3475 2514 3531 καὶ
2549 3476 2725 3555 μωρὸς
2783 3475 3027 3555 γένηται,
3098 3478 3190 3533 σὺν
3244 3483 3310 3553 τῇ
3364 3478 3533 3546 οἰήσει
3604 3476 3691 3531 καὶ
3747 3474 3816 3539 ἣν

421 3570 515 3626 tus
544 3562 676 3624 fieri
723 3562 994 3624 voluerit.
1050 3561 1194 3623 Nam
1245 3564 1343 3643 qui
1397 3561 1549 3624 istuc
1576 3559 1735 3635 facit,
1770 3566 1830 3621 et
1859 3556 2075 3620 divinis

2178 3562 2411 3630 ιέκτηται
2468 3569 2663 3642 γνῶσιν
2738 3562 3047 3626 ἀποϐαλών.
3132 3557 3189 3624 Ὀ
3242 3567 3341 3645 γὰρ
3410 3574 3565 3624 τοῦτο
3619 3568 3809 3637 ποιῶν,

417 3651 479 3714 in
510 3650 689 3713 rebus
715 3650 1017 3731 sapientes
1034 3650 1154 3712 ﬁde
1176 3649 1519 3712 ﬁrmissima
1545 3648 1836 3729 sequitur,
1864 3664 2070 3709 eorum

2178 3653 2243 3709 ιαὶ
2274 3657 2452 3732 σοφῶς
2497 3654 2565 3709 τά
2618 3656 2740 3710 θεῖα
2794 3653 2848 3709 ἐν
2904 3651 3201 3730 ἀδιστάκτῳ
3254 3657 3425 3712 πίστει
3483 3651 3810 3731 ἀκολουθῶν,

419 3740 602 3801 ductu
633 3739 810 3800 simul
842 3738 903 3799 in
935 3738 1231 3800 civitatem
1278 3738 1388 3801 Dei
1432 3737 1684 3799 viventis
1713 3734 2069 3815 ingreditur,

2178 3745 2242 3799 ιαὶ
2283 3743 2385 3798 ὑπὸ
2426 3743 2628 3800 τούτων
2677 3745 3199 3827 χειραγωγούμενος,
3244 3744 3636 3824 συνεισέρχεται
3695 3745 3814 3817 μετ’

419 3827 797 3909 ducenteque
827 3837 885 3888 et
913 3827 1293 3889 illuminante
1324 3846 1389 3888 se
1414 3826 1613 3888 divino
1646 3823 1891 3906 Spiritu,
1916 3823 2077 3884 videt

2178 3833 2331 3889 ιὺτῶν
2382 3831 2436 3888 ἐν
2491 3830 2644 3889 πόλει
2702 3840 2899 3904 ζῶντος
2958 3841 3112 3905 Θεοῦ,
3184 3823 3279 3891 *καὶ
3359 3823 3625 3891 ὑπὸίίτοῦ
3678 3832 3816 3888 θείου

417 3935 487 3979 ac
516 3916 694 3978 discit
725 3934 857 3997 quas
885 3915 1139 3977 aliorum
1197 3914 1509 3977 hominum
1567 3933 1743 3976 nemo
1776 3912 1941 3989 vidit,
1976 3920 2077 3973 aut

2178 3921 2465 3995 Ινεύματος
2516 3918 2876 3998 ὁδηγούμενός
2925 3942 2983 3978 τε
3039 3924 3126 3979 καὶ
3169 3922 3550 4001 φωτιζόμενος,
3598 3923 3695 4000 ὁρᾷ
3722 3920 3815 3976 καὶ

413 4004 620 4066 videre
651 4012 710 4067 et
738 4004 1071 4084 intelligere
1107 4023 1366 4086 unquam
1429 4011 1644 4085 potest,
1703 4010 1761 4065 et
1793 4009 1933 4064 tunc
1960 4006 2077 4060 θεο-

2178 4006 2458 4066 ῖιδάσκεται
2534 4009 2669 4088 ἅπερ
2727 4009 2892 4075 οὐδεὶς
2947 4017 3054 4067 τῶν
3119 4009 3295 4068 ἄλλων
3345 4011 3633 4091 ἀνθρώπων
3682 4007 3817 4067 ἰδεῖν

416 4092 681 4175 δίδακτος,
715 4111 750 4154 a
778 4091 901 4156 Deo
931 4093 1142 4155 doctus
1176 4094 1262 4156 tit.

2178 4099 2245 4154 ιαὶ
2274 4100 2465 4173 μαθεῖν
2493 4119 2623 4154 ποτε
2679 4096 2911 4176 δύναται,
2961 4102 3049 4157 καὶ
3106 4107 3398 4169 τηνικαῦτα
3450 4100 3650 4178 γίνεται
3683 4105 3818 4156 Θεοῦ

2157 4184 2398 4252 διδάκτός
2410 4235 2425 4251 ,

501 4271 639 4335 105.
676 4272 723 4333 Α
748 4269 870 4334 Deo
898 4270 1095 4344 docto,
1151 4270 1330 4351 hujus
1383 4269 1587 4333 mundi
1613 4268 1944 4350 sapientum
1977 4269 2072 4332 di-

2236 4266 2335 4356 ρε’.
2386 4277 2518 4342 Τοὺς
2563 4275 2833 4342 διδακτοίκ
2892 4278 3023 4337 Οεοῦ
3080 4282 3126 4338 οἱ
3179 4281 3410 4356 μαθηταὶ
3465 4285 3572 4336 τῶν
3630 4283 3810 4358 σοφῶν

416 4357 635 4441 sciputi
670 4378 777 4442 pro
792 4359 973 4449 latuis
996 4358 1243 4432 habent,
1268 4379 1414 4449 cum,
1444 4359 1528 4449 ipi
1570 4376 1711 4449 vere
1746 4358 1866 4449 sint
1895 4358 2066 4449 fatui,

2178 4373 2246 4424 ποῦ
2332 4368 2522 4433 αἰῶνος
2586 4369 2771 4426 τούτου
2851 4368 3140 4449 ἀνθρώπων
3221 4372 3471 4449 ἡγοῦνται
3543 4356 3752 4447 μωρούς
3793 4384 3807 4399 ⁶

418 4437 757 4512 terrena—et
785 4447 1094 4530 insipienti
1159 4437 1487 4529 sapientia'
1510 4446 1808 4529 ingeniosi
1839 4437 2071 4511 scilicet

2178 4456 2300 4514 εὑτοὶ
2356 4456 2504 4522 ὄντες
2567 4459 2621 4515 ἒν
2680 4456 2900 4531 ἀληθείᾳ
2948 4437 3139 4539 μωροὶ,
3201 4437 3657 4539 ἐκμεμωραμένης
3714 4479 3813 4514 σο-

414 4543 475 4601 et
531 4538 712 4613 acuti,
776 4556 953 4619 quam
1004 4537 1239 4600 stultam
1302 4537 1678 4629 fecitlieus,
1738 4536 2069 4600 secundum

2178 4547 2270 4611 ιίας
2302 4546 2660 4623 στομωθέντες
2690 4552 2787 4615 τῆς
2829 4536 3073 4629 θύραθεν,
3124 4536 3196 4615 -ἣν
3254 4536 3522 4629 ἐμώρανεν
3568 4550 3596 4603 ὁ
3653 4549 3809 4627 Θεὸς,

412 4629 770 4711 Apostolum
794 4630 872 4703 49,
916 4638 974 4691 et
1008 4649 1186 4711 quam
1221 4628 1558 4710 theologica
1588 4648 1694 4690 vox
1728 4628 2070 4709 pronuntiat

2178 4635 2287 4691 ιατά
2312 4637 2403 4692 τὸν
2429 4639 2575 4716 θεῖον
2626 4633 2970 4710 ’Λπόστολον,
3021 4640 3109 4695 καὶ
3164 4638 3229 4705 ἣν
3286 4640 3320 4706 ἡ
3381 4635 3626 4715 θεολόγος
3655 4638 3811 4716 φωνὴ

415 4726 739 4788 terrenam,
772 4717 1117 4795 animalem,
1152 4716 1525 4789 diabolicam.
1554 4718 1788 4799 plenam
1813 4727 2064 4780 conten—

2180 4723 2378 4802 γίγειον
2435 4711 2889 4805 amentiule
2936 4724 3283 4802 δαιμονιώδη,
3332 4711 3556 4802 μεστὴν-
3591 4711 3812 4804 ἐριθείας

411 4806 595 4896 tionis
619 4816 679 4869 et
701 4808 953 4871 invidiae.
979 4808 1051 4871 Hi
1075 4807 1237 4872 enim
1291 4795 1571 4890 quoniam
1605 4818 1769 4871 extra
1802 4807 2066 4871 divinum

2178 4815 2239 4870 ιαὶ
2309 4814 2521 4895 φθόνου.
2586 4795 2720 4881 "Bito
2777 4816 2878 4896 γὰρ
2947 4815 3093 4880 ὄντες
3152 4819 3198 4873 οἱ
3241 4823 3468 4872 τοιοῦτοι
3524 4824 3617 4875 τοῦ
3669 4816 3814 4872 θείου

411 4894 617 4958 lnmen
636 4905 794 4972 sunt,
822 4905 878 4959 et
901 4897 1277 4961 admirabilia
1299 4896 1505 4980 quain
1532 4897 1660 4978 ipso
1685 4896 1886 4959 videre
1909 4897 2064 4959 haud

2178 4904 2349 4975 ιωτὸς,
2385 4904 2451 4958 τά
2481 4903 2535 4960 ἐν
2564 4902 2707 4979 αὑτῷ
2733 4894 2866 4960 ἰδεῖν
2923 4906 3002 4981 μὴ
3058 4904 3332 4982 δυνάμενοι
3388 4905 3651 4980 θαύματα,
3686 4903 3809 4968 τοὺς

408 4995 656 5075 queunt,
691 4985 753 5046 in
783 4986 1010 5049 lumine
1064 4996 1393 5063 manentes,
1457 5005 1707 5068 quaeque
1738 4985 1797 5046 in
1832 5005 1902 5048 eo
1930 4994 2068 5048 sunt

2178 4990 2519 5068 ;ὑλιζομένους
2549 4991 2603 5049 ἐν
2638 4994 2714 5068 τῷ
2764 4995 2920 5075 φωτὶ,
2973 4996 3061 5051 καὶ
3111 4996 3177 5051 τὰ
3219 4993 3273 5050 ἐν
3329 4994 3470 5069 αῦτῷ
3511 4992 3807 5071 βλέποντας

406 5074 788 5156 aspicientes,
823 5086 884 5138 et
933 5078 1085 5141 alios
1140 5081 1449 5151 docentes,
1510 5095 1716 5139 errore
1748 5085 1971 5157 captos,
2006 5086 2065 5140 et

2178 5081 2235 5136 ,αὶ
2264 5079 2624 5153 διδάσκοντας,
2655 5086 2727 5147 ὡς
2759 5081 3196 5159 πεπλανημένους
3223 5081 3518 5162 λογίζονται
3555 5101 3568 5112 ·
3602 5080 3812 5139 πεπλα-

406 5164 693 5252 seductos
721 5165 1107 5241 arbitrantur,
1142 5186 1277 5230 cum
1332 5166 1576 5249 ipsimet
1635 5166 1866 5228 sedurti
1914 5169 2059 5249 sint,

2178 5170 2367 5245 ημένοι
2396 5170 2543 5237 ὄντες
2587 5172 2753 5250 αὑτοὶ,
2801 5173 2889 5230 καὶ
2917 5169 3161 5251 ἄγευστοι
3218 5180 3323 5230 τῶν
3371 5171 3682 5252 ἀπορρήτων
3714 5183 3810 5231 τοῦ

410 5258 473 5315 et
498 5251 946 5335 inexplicabilia
975 5256 1084 5319 Dei
1114 5256 1269 5319 bona
1302 5276 1417 5320 non
1445 5255 1831 5334 gustaverint.

2178 5266 2280 5317 ιεοῦ
2322 5261 2556 5339 ἀγαθῶν.

498 5333 844 5433 ιοθξειίειιη
870 5344 1048 5424 hodie
1071 5356 1227 5421 sunt,
1250 5348 1348 5429 qui
1381 5333 1543 5408 omni
1577 5352 1737 5407 motu
1766 5364 1881 5407 non
1900 5353 2065 5408 recto

2260 5338 2340 5373 μ’
2371 5333 2381 5339 ’
2401 5333 2425 5359 α
2500 5354 2511 5374 ι
2636 5354 2650 5372 \
2746 5360 2767 5369 ς·
2885 5354 2899 5375 ν
3052 5352 3065 5371 ν
3499 5352 3521 5371 ἣ
3788 5353 3803 5373 \

2227 5371 2296 5429 ρ,
2346 5397 2360 5411 .
2416 5361 2510 5409 Om
2566 5374 2654 5409 και
2713 5378 2800 5410 νυν
2858 5374 2986 5409 εισιν
3042 5354 3291 5433 ἀπαθεῖς,
3352 5354 3439 5408 καὶ
3487 5374 3654 5432 αγιοι,
3715 5374 3807 5408 και

406 5441 637 5509 vacent,
669 5431 779 5494 viri
815 5434 1108 5516 sancti,et
1132 5436 1334 5500 divino
1360 5435 1585 5497 lumine
1618 5434 1801 5515 pleni,
1838 5435 1898 5497 in
1931 5454 2062 5499 me-

2178 5437 2558 5518 πεπληρωμένοι
2617 5442 2708 5499 τοῦ
2763 5443 2901 5499 θείου
2959 5444 3157 5523 φωτὸς,
3234 5431 3677 5524 ἀναστρεφόμενοι
3751 5440 3810 5497 ἐν

488 5588 547 5641 ⁸8
575 5588 625 5654 ll
656 5588 789 5654 Cor.
825 5610 906 5669 tv,
944 5595 1042 5657 16.
1130 5596 1187 5647 ¹9
1214 5594 1238 5659 Ι
1267 5600 1404 5662 Cor.
1433 5614 1474 5675 ι,
1509 5600 1611 5661 20.
