4120 6384
267 308 381 376 661

1621 312 1893 380 CAPITA
1938 316 2301 385 MORALIA.

3546 304 3668 373 662

265 440 421 519 μέσῳ
486 446 665 525 ἡμῶν,
720 454 967 504 τοσοῦτον
1019 446 1083 504 τὰ
1145 444 1283 521 μέλη
1369 447 1723 526 νεκρώσαντες
1796 445 1924 504 ἐαυ-

2016 445 2110 508 rlio
2143 456 2408 512 nostrum
2469 458 2815 525 versantes;
2868 448 2971 531 qui
3023 448 3173 512 adeo
3231 445 3671 531 mortiﬁcarunt

264 538 377 588 τῶν
435 535 500 591 τὰ
554 534 641 591 ἐπὶ
722 540 821 602 τῆς
893 540 1021 614 γῆς,
1091 534 1153 591 ἐκ
1212 535 1389 602 πάσης
1448 536 1766 615 ἀκαθαρσίας
1837 536 1925 591 καὶ

265 621 672 698 ἐμπαθεστάτης
730 624 1024 701 ἐπιθυμίας,
1087 626 1160 688 ὡς
1218 625 1296 701 μὴ
1353 625 1513 701 μόνον
1578 623 1668 705 ἀφ’
1727 626 1927 680 ἑαυτῶν

266 735 402 770 ποτε
432 712 749 793 λογίζεσθαι,
783 713 820 782 ἢ
850 714 1069 780 ποιῆσαί
1114 736 1164 770 τι
1225 719 1333 770 τῶν
1388 721 1591 788 κακῶν,
1625 711 1760 769 ἀλλὰ
1792 710 1929 789 μηδὲ

261 802 356 883 ὑφ’
410 801 590 881 ἐτέρου
664 804 795 881 πρὸς
856 808 1010 857 τοῦτο
1078 801 1423 879 ἑλκομένους,
1482 801 1763 859 ἀλλοίωσίν
1813 823 1930 857 τινα

262 897 373 960 τῆς
402 891 701 971 προσούσης
760 895 942 955 αὒτοϊς
1004 891 1252 954 ἀπαθείαις
1311 893 1619 971 ὑφίστασθαι
1645 909 1662 927 ο
1720 889 1930 947 εἴδεσαν

265 981 373 1058 γὰρ
399 979 461 1036 ἂν
490 980 704 1059 τούτους
764 978 916 1057 εἴπερ
976 977 1168 1043 εἰδότες
1225 980 1361 1048 ἦσαν
1415 981 1481 1038 τὰ
1541 978 1655 1037 καθ’
1701 980 1930 1045 ἑκάστην

262 1068 741 1148 ἀναγινωσκόμενα
826 1071 946 1124 θεῖα
1015 1067 1194 1148 λόγια,
1266 1070 1354 1125 καὶ
1423 1067 1734 1144 ψαλλόμενα
1803 1065 1929 1147 παρ’

262 1159 466 1237 αὐτῶν,
503 1160 549 1215 οἱ
591 1170 710 1220 τοῖς
761 1157 1019 1221 τοιούτοις
1079 1158 1178 1225 τὴν
1239 1156 1542 1238 ἀδιαφορίαν
1574 1157 1927 1236 ἐπιφημίζον-

262 1267 359 1310 τες
424 1247 511 1302 καὶ
567 1243 962 1305 διαπιστοῦντες
1018 1259 1137 1308 τοῖς
1195 1246 1312 1325 περὶ
1381 1247 1530 1302 θείων
1601 1245 1930 1324 πραγμάτων

264 1332 603 1391 διδάσκουσιν
629 1333 688 1389 ἐν
717 1335 873 1414 σοφίᾳ
902 1340 994 1389 τοῦ
1043 1334 1369 1409 Πνεύματος.
1432 1335 1491 1391 Εἰ
1547 1334 1646 1413 γὰρ
1689 1332 1742 1390 ἐν
1785 1333 1930 1412 γνώ-

264 1445 353 1480 σει
380 1422 553 1497 τελείᾳ
602 1423 844 1503 ἐγένοντο
899 1429 999 1490 τῆς
1042 1423 1182 1488 θείας
1239 1428 1476 1504 Γραφῆς,
1542 1422 1811 1479 ἐπίστευον
1869 1422 1931 1479 ἂν

264 1525 393 1575 τοῖς
434 1513 534 1569 ὑπὸ
583 1519 716 1571 Θεοῦ
763 1510 1045 1580 λαληθεϊσι
1102 1513 1190 1568 καὶ
1246 1510 1560 1591 δωρηθεϊσιν
1604 1513 1739 1585 ἡμῖν
1791 1509 1931 1588 ἀγα-

259 1605 387 1666 θοῖς
423 1621 437 1635 ·
469 1600 581 1657 ἐπεὶ
611 1599 666 1656 δὲ
696 1600 959 1681 ἀμέτοχοι
1011 1605 1116 1656 τῶν
1172 1600 1449 1672 τοιούτων,
1508 1598 1560 1665 ἐξ
1591 1600 1817 1669 οἰήσεως
1845 1600 1933 1655 καὶ

2010 538 2280 600 membra
2310 558 2437 615 sua,
2465 560 2596 621 quae
2616 548 2754 602 sunt
2783 530 2966 621 super
2999 548 3216 601 terram
3260 537 3341 611 20,
3393 534 3465 597 ab
3497 530 3660 594 omni

2008 624 2389 690 immunditia
2419 640 2476 690 et
2506 632 2738 692 furente
2781 627 3287 710 concupiscentia,
3322 634 3385 687 ut
3414 641 3531 685 non
3558 638 3661 710 sof

2011 715 2130 779 lum
2156 736 2261 799 per
2280 736 2411 779 sese
2439 719 2577 780 mali
2600 719 2900 800 quippiam
2931 709 3048 780 nOn
3071 716 3354 796 cogitent,
3381 731 3495 775 nec
3514 709 3662 800 adid

2012 797 2484 869 committentum
2520 797 2874 870 incitentur:
2935 806 3037 869 sed
3102 823 3292 886 neque
3324 802 3395 865 ab
3428 800 3563 865 aliis
3591 797 3663 859 ad

2012 897 2124 959 hoc
2146 898 2466 972 sollicitati,
2501 897 2763 978 quietum
2791 897 2974 958 animi
2997 897 3087 957 sui
3111 904 3324 956 statum
3366 892 3561 971 aliqua
3591 906 3666 950 ex

2015 995 2180 1066 parte
2210 996 2438 1050 mutare
2470 994 2784 1067 noverunt,
2843 986 3079 1067 quando
3138 981 3425 1047 memoria
3459 984 3664 1042 tenent

2013 1095 2143 1154 quae
2175 1076 2435 1156 quotidie
2468 1077 2669 1155 legunt
2724 1084 2781 1138 et
2838 1076 3095 1157 psallunt
3148 1073 3352 1136 divina
3399 1068 3657 1132 oracula.

2011 1164 2117 1226 His
2146 1165 2231 1227 illi
2265 1166 2339 1228 de
2369 1165 2586 1227 divinis
2606 1166 2794 1228 rebus
2845 1166 2906 1227 in
2957 1164 3246 1246 sapientia
3277 1160 3519 1243 spiritus
3550 1158 3662 1220 do-

2014 1253 2309 1334 centibus,
2330 1263 2393 1316 ut
2412 1255 2627 1329 stultis,
2653 1255 2831 1318 ﬁdem
2857 1275 2974 1317 non
3003 1253 3239 1317 habent.
3265 1250 3411 1313 Nam
3435 1248 3486 1311 si
3520 1266 3662 1329 per-

2016 1345 2166 1407 fecte
2199 1344 2426 1406 divinas
2443 1344 2776 1426 Scripturas
2819 1354 3081 1414 nossent,
3110 1342 3426 1405 crederent
3460 1336 3661 1401 verbis

2016 1432 2148 1511 Dei,
2172 1442 2230 1495 et
2255 1433 2429 1495 bonis
2445 1453 2575 1514 quae
2606 1434 2657 1495 is
2686 1435 2947 1495 humano
2978 1433 3182 1514 generi
3213 1428 3478 1493 donavit.
3512 1426 3665 1500 Quia

2015 1541 2155 1584 vero
2206 1523 2622 1604 hujuscemodi
2665 1522 2960 1584 bonorum
3019 1521 3093 1583 ob
3142 1516 3544 1596 arrogantiam
3601 1523 3664 1577 et

2016 1612 2349 1674 socordiam
2413 1612 2734 1692 participes
2788 1631 2908 1672 non
2963 1619 3122 1691 sunt,
3183 1609 3362 1671 etiam
3418 1603 3662 1687 hosqui

260 1689 519 1766 ἀμελείας
577 1691 674 1747 εἰσὶ
734 1688 932 1765 καλῶν,
994 1691 1082 1746 καὶ
1151 1691 1271 1753 τοὺς
1343 1688 1775 1769 μετεσχηκότας,
1846 1688 1925 1743 καῖ

371 1782 382 1797 ι
470 1780 500 1791 ~
703 1780 717 1798 I
876 1775 899 1798 ᾗ
926 1776 978 1798 '5!
1289 1777 1303 1798 θ
1476 1784 1498 1794 ν
1655 1777 1669 1798 Ἰ
1714 1774 1737 1798 δ
1796 1774 1884 1798 PI‘

2018 1702 2335 1798 participes
2366 1688 2527 1779 sunt,
2560 1688 2750 1763 eteos
2806 1700 3046 1776 docent,
3105 1688 3400 1762 increduli
3429 1696 3656 1757 calum-

261 1782 389 1860 περὶ
430 1780 535 1837 τῶν
576 1780 827 1837 τοιούτων
870 1775 1233 1854 διδάσκοντας,
1279 1777 1622 1841 ἀπιστοῦντες
1652 1774 1928 1839 ἐνδιαϐάλ-

261 1869 474 1928 λουσιν.

352 1948 452 2040 ρξ’.
491 1958 589 2014 Διὰ
615 1962 769 2013 τοῦτο
826 1956 986 2032 μόνον
1046 1952 1401 2033 παραϐάλλειν
1445 1957 1534 2011 καὶ
1561 1953 1773 2033 βλέπειν
1805 1954 1926 2018 τοὺς

263 2049 325 2104 ἐν
392 2054 469 2124 τῷ
539 2046 725 2122 κόσμῳ
795 2043 1030 2102 θέλουσιν
1114 2047 1161 2102 οἱ
1217 2045 1439 2125 χάριτος
1514 2043 1926 2124 πεπληρωμένοι

265 2146 424 2212 Θεοῦ,
498 2138 587 2193 καὶ
655 2133 1051 2209 τετελειωμένοι
1119 2140 1189 2211 τῇ
1238 2135 1431 2212 γνώσει
1501 2134 1588 2189 καὶ
1646 2135 1802 2214 σοφίᾳ
1857 2137 1926 2208 τῇ

265 2226 492 2305 ἄνωθεν,
549 2223 644 2281 ἵνα
703 2224 886 2300 μισθόν
942 2245 1058 2279 τινα
1113 2220 1503 2302 προξενήσωσιν
1562 2221 1768 2296 αὐτοῖς,
1843 2218 1926 2275 διὰ

264 2316 623 2392 ὑπομνήσεως
656 2319 759 2370 τῶν
810 2311 1036 2369 ἐντολῶν
1093 2320 1186 2370 τοῦ
1233 2318 1387 2393 Θεοῦ,
1442 2313 1530 2368 καὶ
1582 2308 1648 2367 δι’
1678 2311 1927 2389 ἀγαθοερ-

264 2406 411 2487 γίας,
445 2407 492 2462 εἰ
519 2403 620 2485 ἄρα
660 2425 723 2483 γε
781 2403 1111 2478 ἀκούσουσιν,
1168 2405 1211 2459 εἰ
1268 2401 1366 2482 ἄρα
1423 2424 1485 2480 γε
1531 2403 1813 2472 συνήσουσι
1842 2401 1928 2482 καὶ

264 2496 670 2574 πεισθήσονται,
732 2489 916 2559 ἐπειδὴ
974 2493 1021 2547 οἱ
1078 2492 1155 2566 μὴ
1213 2497 1290 2566 τῷ
1344 2500 1437 2549 τοῦ
1493 2497 1624 2547 Θεοῦ
1676 2489 1927 2568 ἀγόμενοι

269 2585 560 2661 Πνεύματι,
608 2582 661 2638 ἐν
824 2581 1007 2653 σκοτίᾳ
1049 2589 1418 2660 περιπατοῦσι,
1475 2582 1563 2636 καὶ
1615 2583 1710 2638 οῦκ
1774 2576 1929 2635 οἴδα-

267 2696 355 2730 σιν
414 2673 530 2730 οἰὶτε
573 2677 674 2728 ποῦ
726 2670 1040 2748 ὑπάγουσιν,
1101 2666 1218 2725 οὔτε
1271 2669 1324 2725 ἐν
1386 2668 1487 2724 τίσι
1540 2668 1927 2748 προκόπτουσιν

268 2760 542 2824 ἐντολαῖς.
577 2760 735 2838 Τάχα
789 2760 888 2837 γὰρ
946 2779 1075 2814 ποτε
1133 2755 1559 2837 ἀνασφήλαντες,
1594 2755 1654 2811 ἐκ
1678 2761 1780 2823 τῆς
1823 2777 1927 2812 πε-

270 2852 558 2933 ριεχούσης
613 2849 799 2913 αὖτοὺς
858 2850 1105 2923 οἰήσεως,
1172 2846 1403 2914 δέξονται
1463 2849 1560 2916 τὴν
1631 2854 1724 2903 τοῦ
1779 2848 1930 2924 ἁγίου

270 2941 580 3017 Πνεύματος
625 2936 799 3004 ἀληθῆ
855 2934 1212 3010 διδασκαλίαν,
1258 2938 1346 2993 καὶ
1401 2937 1462 2992 τὸ
1516 2945 1608 2996 τοῦ
1651 2943 1783 2995 Θεοῦ
1836 2934 1928 2992 θέ-

2016 1792 2281 1854 niantur.

2099 1972 2231 2035 107.
2265 1968 2388 2031 Hac
2420 1969 2543 2031 sola
2573 1970 2648 2032 de
2677 1987 2876 2045 causa,
2927 1967 3027 2050 qui
3070 1965 3254 2046 gratia
3278 1964 3386 2028 Dei
3418 1962 3661 2043 replet.,

2010 2058 2469 2140 cognitioneque
2497 2078 2566 2120 ac
2596 2060 2887 2140 sapientia
2909 2074 3168 2138 superna
3198 2051 3475 2116 instructi
3518 2050 3660 2125 sint,

2011 2152 2102 2214 his
2133 2150 2236 2228 qui
2266 2149 2326 2209 in
2359 2148 2582 2209 mundo
2615 2156 2751 2209 sunt
2800 2168 2863 2209 se
2923 2146 3210 2226 objicere,
3247 2152 3305 2206 et
3335 2162 3436 2204 eos
3463 2141 3664 2203 videre

2007 2240 2232 2312 volunt,
2266 2247 2338 2300 ut
2367 2236 2486 2299 illis
2513 2237 2854 2300 mercedem
2902 2237 3158 2316 aliquam
3191 2251 3297 2315 per
3325 2229 3662 2312 suggestio-

2011 2348 2146 2391 nem
2174 2328 2474 2390 charitatis
2500 2325 2627 2402 Dei,
2658 2333 2712 2387 et
2730 2325 3022 2407 studiosas
3042 2322 3305 2385 actiones
3319 2319 3659 2395 concilient,

2012 2420 2061 2480 si
2096 2419 2271 2480 modo
2302 2419 2563 2492 audiant,
2589 2416 2637 2477 si
2664 2414 2839 2476 modo
2872 2413 3203 2492 intelligant
3231 2419 3285 2473 et
3321 2409 3609 2471 desistant
3637 2427 3652 2468 :

2012 2508 2489 2590 quandoquidem
2515 2505 2617 2588 qui
2650 2503 2862 2585 spiritu
2885 2502 2993 2564 Dei
3024 2521 3141 2563 non
3164 2508 3443 2580 aguntur,
3478 2496 3540 2590 in
3563 2504 3656 2558 te-

2015 2585 2215 2659 nebris
2244 2585 2575 2669 ambulant,
2611 2591 2975 2655 et‘nesciunt
3024 2609 3220 2671 neque
3268 2608 3384 2669 quo
3418 2585 3652 2659 vadant,

2015 2704 2208 2767 neque
2237 2685 2340 2747 ubi
2390 2683 2719 2746 offendant.
2779 2679 3075 2742 Fortassis
3134 2672 3656 2767 enim_aliquando

2014 2764 2311 2856 erigentes
2340 2792 2404 2835 se
2435 2792 2503 2833 ex
2535 2769 2868 2850 arrogantia
2896 2786 3013 2849 qua
3062 2764 3332 2847 oppressi
3361 2771 3653 2856 suntkve-

2012 2849 2137 2928 ram
2158 2864 2343 2926 sancti
2365 2860 2626 2943 Spiritus
2646 2849 2975 2921 doctrinam
3000 2855 3493 2943 complectantur,
3528 2849 3663 2913 Dei-

2013 2974 2127 3036 qne
2155 2941 2512 3017 voluntatem
2561 2948 2692 3011 sine
2745 2948 2880 3009 fuco
2939 2965 3008 3008 ac
3062 2945 3297 3006 sincere
3325 2941 3658 3013 audientes,

269 3029 422 3106 λημα
475 3028 792 3100 ἀνοθεύτως,
852 3028 938 3082 καὶ
993 3025 1402 3100 ἀκαπηλεύτως,
1458 3025 1776 3089 ἀκούσαντες
1827 3046 1925 3101 με-

421 3120 432 3132 ι
742 3118 756 3132 \
937 3116 949 3132 1
1246 3116 1259 3132 ﬁ
1308 3118 1321 3132 1
1536 3113 1556 3132 Χ
1585 3112 1639 3132 ιο
1725 3115 1737 3132 1

2016 3025 2423 3126 paenitentiam
2451 3046 2650 3132 agent,
2699 3044 2881 3132 atque
2930 3036 3010 3132 ita
3050 3032 3301 3132 aliquod
3351 3029 3660 3132 spirituale

269 3120 614 3191 τανοήσουσι,
671 3118 761 3173 καὶ
822 3116 1140 3185 ποιήσαντες
1206 3116 1333 3172 αὐτὸ
1400 3112 1737 3192 μεταλάϐωσι
1791 3136 1925 3176 τινος

2016 3112 2312 3197 charisma
2340 3112 2658 3211 accipient.
2717 3112 2885 3199 Quod
2942 3125 2994 3185 si
3049 3112 3201 3184 hanc
3234 3120 3322 3183 eis
3351 3119 3660 3182 utilitatem

269 3208 603 3289 χαρίσματος
669 3214 1049 3280 πνευματικοῦ.
1114 3206 1170 3261 Εἰ
1223 3203 1279 3260 δὲ
1338 3210 1415 3281 μή
1470 3205 1724 3270 τοιαύτης
1782 3204 1925 3283 ὠφε-

272 3296 294 3316 Ἷ
341 3292 369 3316 II
577 3295 586 3311 Ι
626 3298 652 3316 Δ
771 3292 794 3316 δ
895 3298 958 3316 Δ*
1166 3294 1179 3313 9
1255 3307 1281 3316 ..
1452 3291 1508 3316 I7,
1560 3315 1569 3316 κ
1680 3296 1729 3316 Δί
1843 3299 1866 3308 "

2016 3241 2219 3305 parare
2250 3241 2367 3283 non
2402 3203 2702 3300 poterunt,
2737 3215 3013 3296 lacrymis
3073 3211 3271 3274 cordis
3302 3226 3506 3271 eorum
3540 3226 3659 3269 caa-

271 3292 414 3362 λείας
470 3295 709 3374 γενέσθαι
766 3292 1056 3362 δυνηθῶσιν
1126 3294 1309 3359 αὗτοϊς
1361 3292 1626 3373 πρόξενοι,
1680 3296 1925 3372 θρηνοῦν-

455 3387 469 3405 \
634 3386 646 3406 1
908 3388 968 3406 ¹¹¹ν
1155 3381 1194 3406 BI
1324 3382 1368 3406 η’
1391 3389 1448 3406 η’*
1526 3379 1534 3385 ⁴
1573 3382 1790 3406 (ᾼκ-ᾼμ1
1841 3402 1889 3406 -..

2016 3292 2249 3375 citatem
2280 3292 2733 3393 prosequentes,
2766 3306 2827 3366 in
2866 3292 3021 3365 suos
3051 3301 3222 3363 nidos
3252 3305 3656 3378 revertentur,

268 3408 358 3450 τες
416 3387 514 3453 τὴν
571 3386 820 3465 πώρωσιν
874 3388 973 3451 τῆς
1046 3381 1258 3463 καρδίας
1315 3381 1534 3453 αὐτῶν(
1568 3382 1925 3461 ὑποστρέφου-

424 3476 439 3491 1
554 3476 565 3491 \
705 3471 772 3491 '\\
920 3472 933 3491 ,
990 3478 1013 3487 υ
1276 3472 1290 3488 \
1448 3473 1463 3491 \
1525 3472 1538 3491 ι
1612 3469 1621 3484 '
1763 3468 1801 3491 Α,
1874 3468 1887 3491 Ι

2016 3411 2216 3464 noctes
2246 3381 2304 3462 et
2332 3381 2622 3478 dies-pro
2682 3412 2888 3456 eorum
2947 3392 3137 3453 salute
3186 3395 3317 3450 vota
3344 3387 3656 3448 facientes.

268 3497 353 3532 σιν
400 3476 472 3538 εἰς
515 3476 608 3537 τὰς
657 3471 850 3534 κέλλας
882 3472 1075 3552 αὔτῶν,
1146 3472 1332 3535 νυκτὸς
1377 3473 1466 3528 καὶ
1517 3469 1721 3549 ἡμέρας
1756 3468 1925 3548 εύχό-

450 3567 663 3573 -.μ
921 3554 1671 3573 .._.,_...,.,
1867 3560 1883 3573 .

2016 3491 2320 3573 Nunquam
2346 3468 2783 3550 enim-alterius
2830 3481 2917 3544 rei
2977 3499 3154 3543 causa
3186 3476 3516 3573 molestiam
3550 3494 3655 3573 ca-

267 3588 418 3625 ιιενοι
445 3567 575 3646 ὑπὲρ
600 3569 701 3632 τῆς
732 3565 994 3643 σωτηρίας
1039 3562 1228 3622 οώτῶν.
1268 3554 1425 3642 ’Υπὲρ
1454 3562 1553 3641 γὰρ
1583 3559 1746 3617 ἄλλου
1784 3560 1924 3623 τινὸς

266 3655 518 3715 οὐδέποτε
546 3654 942 3724 λυπηθήσονται
975 3655 1021 3708 οἱ
1062 3659 1140 3727 τῷ
1171 3655 1288 3727 Θεῷ
1316 3649 1661 3715 ἀδιαλείπτως
1682 3649 1923 3712 συνόντες

267 3749 359 3804 καὶ
401 3742 930 3826 ὑπερεμπιπλάμενοι
954 3743 1150 3804 παντὸς
1178 3741 1395 3819 ἀγαθοῦ.

347 3825 458 3916 ρη’.
523 3834 611 3898 Τίς
671 3835 700 3889 ὁ
757 3832 956 3894 σκοπὸς
1011 3835 1109 3898 τῆς
1169 3828 1421 3909 ἐνσάρκου
1477 3829 1776 3905 οἰκονομίας
1829 3834 1922 3885 τοῦ

269 3933 403 3984 Θεοῦ
434 3924 631 4003 Λόγου,
692 3924 720 3978 ὸ
771 3921 825 3978 ἐν
884 3919 1032 3996 πάσῃ
1084 3926 1153 3997 τῇ
1210 3921 1319 3992 θείᾳ
1349 3925 1532 4000 Γραφῇ
1562 3918 1925 3998 ἀνακηρυττό-

272 4036 459 4091 μενος,
530 4015 620 4070 καὶ
689 4008 812 4091 παρ’
870 4011 1026 4091 ἡμῶν
1090 4009 1186 4085 μὲν
1256 4008 1772 4087 ἀναγινωσκόμενος,
1847 4008 1923 4083 μὴ

264 4103 752 4182 ἐπιγινωσκόμενος
784 4097 838 4155 δέ
869 4118 885 4179 ;
940 4076 1006 4156 Ἠ
1058 4098 1271 4161 πάντως
1314 4096 1405 4152 ἵνα
1438 4098 1793 4177 μετεσχηκὼς
1819 4097 1924 4153 τῶν

262 4193 560 4273 ἡμετέρων,
605 4189 889 4248 κοινωνοὺ>
949 4193 1053 4243 τῶν
1111 4185 1310 4243 ἐκείνου
1368 4187 1572 4264 ποιήσῃ
1639 4189 1782 4262 ἡμᾶς
1818 4205 1833 4221 ⁶
1894 4190 1921 4243 ὂ

264 4283 365 4362 γὰρ
423 4283 544 4345 Υἱὸς
595 4285 688 4336 τοῦ
759 4285 890 4336 Θεοῦ
978 4275 1063 4332 διὰ
1131 4282 1287 4332 τοῦτο
1341 4278 1452 4340 υἱὸς
1503 4285 1596 4335 τοῦ
1650 4275 1921 4349 ἀνθρώπου

2008 3562 2190 3661 ρίεηί,
2210 3579 2312 3660 qui
2334 3596 2469 3641 cum
2492 3576 2612 3639 Deo
2635 3581 2771 3637 sunt
2792 3570 3039 3652 assidui,
3066 3577 3124 3630 vt
3168 3565 3445 3630 omnibus
3475 3562 3653 3626 bonis

2003 3670 2361 3735 redundant.
2402 3717 2410 3725 .

2091 3850 2228 3912 108.
2263 3847 2546 3922 Quisnam
2600 3842 2948 3907 oeconomiae
3001 3838 3187 3903 Verbi
3242 3835 3352 3899 Dei
3384 3835 3444 3897 in
3475 3849 3653 3896 carne

2008 3956 2225 4020 sc0pus
2243 3946 2351 4011 est,
2374 3935 2549 4018 quiin
2575 3933 2738 3997 omni
2758 3931 2960 3994 divina
2997 3928 3303 4008 Scriptura
3334 3929 3654 4020 revelatur,

2010 4039 2066 4090 et
2092 4012 2131 4087 ἑ
2147 4026 2322 4088 nobis
2348 4012 2576 4105 legitur,
2604 4041 2713 4084 nec
2740 4020 3095 4098 intelligitur
3115 4017 3146 4078 ‘?
3172 4018 3261 4078 An
3296 4014 3392 4076 hic
3424 4012 3650 4093 utique,

2008 4124 2074 4177 ut
2094 4115 2574 4177 consoust‘actum
2600 4119 2960 4184 nostrorum,
2986 4127 3117 4189 quae
3150 4105 3275 4168 illic
3316 4115 3479 4177 sunt,
3513 4119 3656 4162 suo-

2005 4223 2136 4265 rum
2170 4213 2478 4265 consortes
2507 4202 2729 4264 faceret
2759 4217 2773 4262 :
2809 4208 2867 4259 et
2895 4199 3049 4280 quod
3083 4197 3210 4277 ipse
3242 4213 3349 4275 per
3381 4200 3652 4254 naturam

2006 4301 2113 4375 est,
2150 4292 2222 4353 ad
2243 4292 2391 4354 illud
2427 4310 2615 4371 genus
2646 4297 2911 4350 nostrum
2945 4305 3048 4367 per
3076 4285 3323 4365 gratiam
3347 4281 3650 4375 evelleret,

264 4370 501 4450 ἐγένετο,
584 4368 677 4425 ἵνα
752 4369 890 4429 υἱοὺς
971 4374 1103 4423 Θεοῦ
1165 4366 1368 4440 ποιήσῃ
1438 4367 1558 4430 τοὺς
1615 4365 1913 4445 ἀνθρώπους

272 4462 287 4477 ι
352 4466 376 4476 υ
516 4457 541 4477 ﬂ
693 4456 708 4477 9
783 4458 797 4477 \
939 4456 951 4471 ἵ
1070 4454 1083 4476 Ι
1232 4454 1245 4477 ἳ
1296 4468 1343 4477 ᾼ..
1527 4456 1540 4473 ’
1597 4455 1610 4477 Ι
1890 4455 1900 4469 ‘

2016 4365 2205 4444 denuo
2258 4400 2364 4442 nos
2394 4365 2456 4443 in
2481 4379 2702 4461 Spiritu
2732 4365 3279 4454 sanctorgenerans,
3315 4380 3373 4433 et
3402 4369 3560 4431 illico
3592 4366 3655 4428 in

262 4462 409 4536 ἡμᾶς
442 4479 458 4493 ·
514 4457 644 4537 ὅπερ
691 4456 801 4512 ἐστὶ
834 4456 966 4513 κατὰ
1021 4454 1171 4534 φύσιν
1228 4454 1457 4529 ἐκεῖνος,
1517 4455 1727 4534 ἀνάγων
1782 4455 1917 4510 κατὰ

325 4550 338 4571 I
470 4550 503 4571 Α
588 4548 600 4571 !
644 4569 659 4571 _
684 4569 693 4571 Α
729 4542 874 4571 ξμς-’,μ
1062 4550 1132 4571 ρ’.-.
1163 4545 1305 4571 3.-_:-
1343 4541 1379 4571 2!,
1406 4548 1533 4571 un-..
1574 4544 1625 4571 2.-.
1656 4544 1913 4571 "2-1”---

2016 4490 2255 4549 regnum
2291 4454 2577 4533 caelorum
2609 4468 2924 4538 inducens,
2959 4466 3051 4526 vel
3082 4464 3275 4545 potius
3304 4463 3417 4524 hoc
3446 4460 3507 4520 in
3538 4477 3651 4519 no-

2016 4562 2060 4571 ..
2128 4563 2141 4571 .
2207 4560 2219 4571 .
2399 4561 2411 4571 .
2743 4565 2752 4571 .
2996 4557 3030 4571 ..
3456 4548 3649 4571 λιι-)

264 4550 423 4630 χάριν
452 4550 514 4605 τὸ
543 4548 695 4627 γένος
722 4544 900 4622 ἡμῶν,
935 4550 1133 4622 γεννῶν
1162 4545 1305 4619 ἡμᾶς
1338 4544 1534 4601 ἄνωθεν
1572 4544 1626 4599 ἐν
1656 4544 1918 4620 Πνεύματι

2016 4544 2096 4623 bis
2128 4560 2348 4623 habere
2380 4561 2643 4621 donans:
2697 4565 2760 4618 ut
2791 4575 2904 4617 non
2938 4544 3133 4616 adhuc
3165 4568 3477 4634 speremus
3505 4548 3652 4610 illud

264 4640 423 4720 ἁιρίῳ,
457 4639 546 4695 καὶ
573 4637 717 4701 εὒθὺς
773 4635 999 4711 εἰσάγων
1059 4634 1204 4709 ἡμᾶς
1262 4635 1335 4697 εἰς
1391 4634 1490 4700 τὴν
1519 4632 1785 4711 βασιλείαν
1815 4638 1919 4689 τῶν

263 4732 496 4808 οὐρανῶν
530 4746 547 4763 ⁶
614 4723 817 4802 μᾶλλον
847 4721 902 4779 δὲ
957 4724 1111 4797 ἡμῶν
1165 4721 1314 4785 ἐντὸς
1370 4722 1468 4789 τὴν
1524 4728 1630 4778 τῶν
1687 4723 1919 4800 οὐρανῶν

261 4816 531 4894 βασιλείαν
586 4814 734 4895 ἔχειν
779 4815 916 4888 ἡμῖν
974 4810 1352 4891 χαριζόμενος,
1395 4813 1468 4874 ὡς
1528 4811 1605 4886 μὴ
1636 4810 1688 4867 ἐν
1718 4808 1920 4867 ἐλπίσιν

264 4907 408 4963 εἶναι
437 4911 530 4962 τοῦ
559 4901 813 4961 εἰσελθεῖν
838 4903 982 4975 ἡμᾶς
1033 4898 1087 4955 ἐν
1138 4903 1301 4976 αὐτῇ,
1361 4898 1480 4956 ἀλλ’
1513 4899 1566 4956 ἐν
1596 4898 1919 4980 κατασχέσει

260 4997 461 5062 ταύτης
489 4994 646 5057 ὄντας
676 4994 805 5070 βοᾷν
830 5006 843 5021 ·
884 4984 1065 5065 Ἠμῶν
1115 4986 1170 5043 δὲ
1198 4989 1234 5056 ἡ
1265 4990 1379 5060 ζωὴ
1408 4988 1694 5068 κέκρυπται
1724 4990 1816 5044 σὺν
1844 4994 1921 5063 τῷ

264 5090 476 5164 Χριστῷ
520 5083 574 5139 ἐν
603 5090 680 5157 τῷ
710 5087 848 5156 Θεῷ.

343 5162 444 5253 ρθ’.
493 5173 565 5230 Τὸ
624 5168 955 5236 αὐτεξούσιον
1008 5170 1097 5224 καὶ
1156 5169 1590 5246 αὖτοπροαίρετον
1643 5170 1800 5243 ἡμῶν
1825 5166 1919 5223 οὒκ

260 5263 566 5344 ἀφαιρεῖται
595 5261 657 5316 τὸ
706 5260 1004 5337 βάπτισμα,
1066 5256 1204 5344 ἀλλά
1259 5256 1549 5335 ἐλευθερίαν
1600 5257 1736 5331 ἡμῖν
1768 5257 1919 5335 χαρί-

259 5360 405 5425 ζεται
476 5355 569 5406 τοῦ
647 5348 840 5424 μηκέτι
917 5349 1004 5403 κτιὶ
1063 5343 1288 5408 ἄκοντας
1344 5347 1488 5420 ἡμᾶς
1557 5348 1919 5424 τυραννεῖσθαι

258 5444 360 5499 ὑπὸ
392 5450 484 5499 τοῦ
513 5434 761 5495 διαϐόλου
794 5453 808 5467 '
856 5432 938 5516 ἐφ’
994 5438 1131 5511 ἡμῖν
1184 5432 1239 5490 δέ
1284 5433 1424 5489 ἐστιν
1457 5434 1591 5510 μετά
1619 5436 1681 5492 τὸ
1722 5435 1919 5511 βάπτι-

340 5617 401 5670 ¹0
428 5616 535 5692 Col
577 5634 630 5679 s.
663 5631 751 5689 tu,
784 5614 844 5678 5.
930 5611 978 5656 ²¹
1014 5610 1165 5674 lbil.
1200 5614 1257 5675 3.

2001 4651 2272 4731 ingredi:
2329 4649 2432 4711 sed
2448 4651 2571 4730 jam
2596 4647 2655 4709 id
2676 4646 2869 4727 ipsum
2902 4645 3276 4725 possidentes
3301 4642 3648 4715 clamamus,

2006 4760 2036 4801 ε
2066 4727 2283 4802 Nostra
2313 4727 2509 4799 autem
2540 4736 2656 4798 vita
2684 4734 3033 4799 abscondita
3089 4742 3177 4794 est
3235 4750 3368 4793 cum
3417 4727 3650 4791 Christo

2003 4829 2065 4890 in
2098 4829 2220 4890 Deo
2243 4826 2318 4890 21.
2355 4851 2382 4882 ››

2078 5164 2217 5228 109.
2252 5162 2591 5243 Baptismus
2649 5159 2980 5221 libertatem
3040 5154 3354 5218 voluntatis
3409 5160 3647 5243 nostrae.

2004 5261 2062 5315 et
2092 5253 2248 5336 quod
2283 5242 2512 5333 spontis
2542 5258 2760 5312 nostrae
2790 5258 2898 5324 est,
2935 5247 3181 5310 minime
3216 5244 3370 5307 tollit
3403 5265 3416 5303 :
3452 5242 3567 5336 sed-
3589 5242 3649 5336 id

2004 5331 2175 5405 nobis
2202 5331 2473 5421 largitur,
2506 5348 2569 5402 ut
2600 5340 2872 5401 nolentes
2903 5337 3175 5400 diabolus
3205 5354 3310 5398 sua
3342 5331 3653 5421 tyrannide

2004 5432 2260 5514 amplius
2290 5420 2563 5512 premere
2586 5448 2703 5491 non
2728 5427 2933 5511 possit.
2966 5432 3032 5489 ln
3056 5434 3255 5488 nostro
3276 5433 3473 5487 autem
3498 5420 3655 5483 arbi-
