4120 6366
473 276 591 347 663
1784 289 1935 353 SYM
1945 285 2164 353 EONIS
2207 289 2560 365 JUNIORIS
3756 293 3881 360 664

468 427 625 484 tratu
649 421 903 501 positum
926 429 1038 504 est,
1060 430 1192 503 post
1212 420 1573 504 baptismum
1586 428 1685 484 aut
1705 421 1970 485 volentes
1989 439 2105 483 ser-

2212 446 2345 501 σμα,
2380 425 2415 494 ἢ
2458 439 2582 490 ταῖς
2638 424 2883 490 ἐντολαῖς
2935 427 3176 504 ἐμμένειν
3230 427 3526 492 αὖτοθελῶς
3578 433 3674 486 τοῦ
3705 430 3778 492 εἷς
3806 428 3871 483 ὃν

466 528 603 572 vare
624 510 897 573 mandata
917 511 1179 587 Domini,
1208 512 1267 573 in
1286 508 1406 592 quo
1439 511 1625 573 abluti
1654 531 1884 585 sumus,
1917 510 2105 574 Christ

2216 515 2603 593 ἐϐαπτίσθημεν
2633 520 2857 598 Χριστοῦ
2885 517 2978 574 τοῦ
3037 520 3305 577 Aea-1:61:00
3363 521 3515 594 Θεοῦ,
3546 520 3637 575 καὶ
3664 525 3733 595 τῇ
3765 515 3874 592 ὁδῷ

474 617 716 681 nempe,
744 608 803 661 et
826 602 886 661 in
912 600 1004 662 via
1025 601 1223 681 legum
1250 601 1379 681 ejus
1396 600 1703 662 ambulare
1729 609 1863 663 :aut
1887 618 1992 680 per
2011 600 2105 660 im'

2214 608 2519 685 πορεύεσθαι
2561 606 2667 662 τῶν
2696 608 3119 686 προσταγμάτων
3147 610 3327 682 αὐτοῦ,
3388 608 3424 677 ἢ
3482 607 3739 664 εκκλένειν
3764 612 3868 674 τῆς

469 688 689 770 probas
720 689 986 751 actiones
1010 689 1084 753 de
1113 699 1275 752 recto
1331 690 1444 751 isto
1499 689 1713 750 itinere
1741 689 1811 751 ad
1844 689 2105 751 adversa-

2213 697 2408 759 εὐθείας
2439 694 2559 752 ὁδοῦ
2582 696 2806 769 ταύτης,
2840 700 2969 777 πρὸς
3012 698 3102 754 τὸν
3159 697 3442 755 ἀντίπαλον
3472 695 3526 753 δὲ
3558 698 3646 753 καὶ
3676 695 3871 776 ἐχθρον

466 779 620 840 rium
658 786 834 859 atque
858 779 1164 841 inimicum
1190 787 1459 841 nostrum
1482 778 1781 840 diabolum
1796 778 2102 840 declinare

2208 785 2362 865 ἡμῶν
2393 782 2632 842 διάϐολον
2664 782 3064 865 παλινδρομεῖν,

552 867 689 931 HO.
725 868 836 940 Qui
898 878 1030 948 post
1089 867 1380 947 baptisma
1429 867 1829 928 voluntatibus
1884 866 2101 945 malign

2290 864 2383 953 ρι’.
2414 877 2474 933 Οἱ
2506 875 2639 950 μετὰ
2685 875 2749 931 τὸ
2789 864 2941 953 ἅγιον
2999 877 3273 953 βάπτισμα
3330 888 3452 939 τοῖς
3508 880 3600 932 τοῦ
3626 880 3868 953 πονηροῦ

468 957 709 1032 cedunt,
736 965 794 1018 et
822 957 953 1037 ejus
981 958 1250 1020 consulta
1284 965 1653 1038 perpetrant,
1687 975 1821 1019 sese
1851 975 1886 1018 a
1917 966 2105 1018 sancta

2203 962 2512 1039 θελήμασαν
2541 964 2802 1044 εἴκοντες,
2855 966 3037 1023 καὶτὰ
3092 965 3275 1039 ἐκείνῳ
3328 962 3709 1041 βεϐουλευμένα
3739 961 3867 1019 δια-

468 1046 837 1127 baptismatis
867 1048 1034 1127 quasi
1084 1047 1329 1109 matrice
1385 1046 1754 1127 abalienant,
1788 1045 2105 1133 secundum

2201 1053 2577 1132 πραττόμενοι,
2638 1054 2853 1117 ἑαυτοὺς
2918 1059 3016 1121 τῆς
3095 1054 3189 1111 τοῦ
3270 1054 3421 1133 ἁγίου
3494 1054 3864 1130 βαπτίσματος

465 1135 610 1197 illud
642 1135 885 1199 Davidis
911 1135 966 1178 99
996 1157 1011 1218 ;
1047 1154 1243 1216 neque
1275 1134 1433 1197 enim
1468 1135 1761 1197 alienatur
1790 1132 2105 1213 unusquis-

2200 1146 2352 1222 ἁγίας
2384 1146 2589 1224 μήτρας
2646 1143 3080 1225 ἆπαλλοτριοῦσι,
3122 1146 3259 1201 κατὰ
3312 1132 3373 1201 τὸ
3424 1145 3526 1200 ὑπὸ
3570 1150 3661 1199 τοῦ
3696 1140 3866 1199 Δαϐὶϐ

470 1244 608 1306 que,
642 1233 741 1285 aut
771 1233 1037 1285 naturam
1070 1244 1203 1286 cum
1238 1243 1354 1304 qua
1375 1233 1613 1286 creatus
1637 1232 1727 1285 est
1751 1231 1977 1285 mutat:
2015 1222 2105 1283 sec'

2205 1221 2530 1314 εἰρημένον·
2595 1237 2655 1293 οὐ
2710 1231 2765 1289 δὲ
2821 1221 2920 1313 γὰρ
2976 1221 3279 1291 ἀλλοιοῦται
3335 1236 3492 1310 ἡμῶν
3546 1232 3791 1310 imo-10c,
3822 1233 3865 1300 ἢ

464 1314 656 1377 bonus
678 1323 913 1376 creatus
942 1334 975 1376 a
1004 1314 1126 1376 Deo
1151 1314 1388 1384 (malum
1419 1313 1578 1374 enim
1613 1315 1773 1377 Deus
1802 1331 1919 1374 non
1952 1310 2105 1393 facit:

2203 1310 2303 1391 τῆς
2333 1321 2450 1380 καθ’
2482 1324 2509 1380 ὃ
2564 1321 2800 1379 ἔκτισται
2838 1310 3165 1400 μεθίσταται
3222 1324 3452 1404 φύσεως,
3512 1320 3629 1379 ἀλλ’
3661 1322 3864 1400 ἀγαθὸς

462 1403 853 1465 immutabilis
886 1412 1091 1465 natura
1124 1412 1181 1464 et
1213 1402 1474 1464 essentia
1531 1402 1704 1475 (sicut
1732 1409 1971 1463 creatus
2004 1401 2105 1481 est:

2203 1414 2427 1476 κτισθεὶς
2458 1414 2559 1469 ὁπὸ
2586 1423 2679 1471 τοῦ
2709 1419 2840 1468 Θεοῦ
2896 1411 3082 1493 (γακὸν
3124 1401 3247 1492 γὴρ
3286 1416 3314 1470 6
3369 1401 3499 1477 Θεὸς
3544 1411 3639 1468 οὒκ
3665 1410 3861 1476 ἐποίη-

463 1512 597 1555 cum
623 1495 720 1567 sit,
748 1495 907 1556 velut
928 1494 1118 1555 libera
1146 1503 1344 1555 mente
1362 1493 1487 1554 haec
1512 1510 1615 1553 seu
1642 1492 1818 1565 bona,
1845 1510 1950 1552 seu
1967 1490 2105 1551 male

2200 1502 2340 1583 σεν),
2372 1501 2626 1583 ἄτρεπτος
2655 1509 2723 1579 τῇ
2781 1503 2955 1583 φύσει,
3005 1500 3121 1560 καθ’
3181 1504 3209 1560 ὃ
3267 1501 3528 1576 ἔκτισται,
3562 1502 3650 1558 καί
3678 1505 3745 1576 τῇ
3773 1501 3865 1556 οὒ·

463 1583 630 1663 eligit
659 1584 900 1646 etfacit.
935 1582 1446 1672 Quemadmodum
1482 1583 1642 1644 enim
1677 1580 1909 1672 gladius
1938 1587 2105 1641 natu-

2201 1592 2285 1665 σία
2314 1580 2411 1667 ὧν,
2440 1580 2536 1649 οἶα
2583 1589 2634 1658 ἐξ
2688 1580 2949 1649 ἑκοοσίουν
2981 1594 3203 1671 γνώμης
3256 1605 3593 1672 προαιρεῖται
3648 1591 3734 1672 καὶ
3762 1589 3861 1644 θέ-

462 1662 588 1735 ram
622 1690 786 1734 suam
822 1691 938 1733 non
972 1681 1179 1753 mutat,
1233 1691 1341 1733 seu
1400 1670 1556 1733 bene
1603 1689 1711 1733 seu
1742 1669 1895 1731 male
1923 1676 2105 1768 utare1

2199 1680 2300 1762 λει,
2335 1689 2499 1738 ταύτα
2526 1684 2612 1738 καὶ
2641 1683 2883 1761 πράττει,
2935 1680 3048 1739 εἴτε
3095 1683 3287 1763 ἀγαθὰ,
3319 1682 3431 1739 εἴτε
3459 1681 3618 1741 κακά.
3658 1662 3858 1757 εξηὶσπτερ

462 1762 567 1823 sed
598 1761 820 1823 ferrum
858 1771 1095 1824 manet:
1146 1761 1231 1823 sic
1261 1769 1319 1821 et
1350 1761 1525 1821 homo
1557 1768 1839 1841 operatur
1871 1766 1926 1819 et
1958 1756 2105 1834 facit,

2202 1756 2301 1849 γὰρ
2330 1770 2429 1838 τὴν
2460 1756 2754 1850 μάχαιραν,
2810 1769 2908 1827 κᾶν
2969 1770 3053 1827 ἐπὶ
3093 1756 3245 1845 κακῷ
3272 1756 3366 1832 ’τις
3424 1768 3609 1841 αὐτὴν,
3642 1765 3737 1822 κᾶν
3765 1756 3858 1823 ἐπὶ

465 1858 528 1912 ut
556 1850 777 1912 dictum
814 1858 924 1926 est,
959 1869 1091 1931 quae
1116 1850 1261 1924 vult,
1295 1868 1328 1911 a
1386 1867 1493 1911 sua
1522 1859 1722 1913 autem
1759 1856 1967 1910 natura
1998 1866 2105 1909 non

2197 1857 2348 1933 καλῷ
2376 1860 2669 1938 χρήσηται,
2705 1864 2803 1926 τῆς
2832 1857 2961 1923 ἰδίας
2992 1860 3163 1922 ἐκεὶνη
3196 1860 3255 1916 οὗ
3285 1859 3586 1936 μεθίσταται
3616 1857 3848 1937 φύσεως,

463 1939 764 2021 dejicitur.

544 2195 681 2257 111.
714 2193 842 2257 Non
875 2194 925 2257 si
956 2195 1132 2257 unius
1191 2194 1557 2274 miserearis,
1592 2192 1916 2255 salvaberis
1951 2211 1964 2257 :
2000 2193 2107 2256 sed

462 2284 514 2346 si
540 2303 723 2345 unum
757 2283 1210 2364 contempseris,
1244 2283 1302 2344 in
1334 2283 1529 2362 ignem
1558 2281 1832 2347 mitteris.
1868 2282 2013 2344 Nam
2045 2290 2110 2344 ut

459 2372 641 2435 illud:
682 2396 711 2430 α
744 2371 997 2445 Esurivi,
1034 2382 1092 2435 et
1122 2372 1298 2446 sitivi,
1338 2397 1364 2428 π
1406 2392 1520 2434 non
1556 2372 1765 2452 semel,
1800 2380 2107 2433 autunum

457 2462 642 2542 diem,
671 2461 776 2523 sed
803 2469 1037 2543 tempus
1058 2462 1189 2523 vitae
1210 2460 1505 2525 universae
1556 2460 1849 2541 signiﬁcat
1883 2481 1897 2520 :
1933 2461 2019 2522 sic
2050 2470 2109 2523 et

458 2551 965 2632 pasciChristum,
1000 2552 1211 2637 potari,
1246 2550 1435 2623 indui,
1472 2559 1529 2612 et
1559 2556 1604 2612 si
1639 2549 1780 2631 quid
1817 2568 2109 2630 prae'erea

455 2639 583 2703 hinc
613 2640 952 2714 comitatur,
989 2659 1106 2701 non
1164 2640 1371 2719 semel,
1429 2640 1530 2701 sed
1590 2656 1849 2717 semper,
1885 2645 1942 2698 et
1971 2655 2110 2717 erga

460 2747 670 2791 omnes
693 2747 895 2790 servos
913 2727 1102 2808 ipsius
1123 2729 1572 2809 suscipiendum
1600 2731 1777 2803 Deus,
1814 2735 1872 2789 et
1902 2725 2108 2787 Domi-

460 2836 571 2879 nus
601 2826 806 2880 noster
836 2817 1138 2899 professus
1170 2825 1258 2879 est
1289 2818 1431 2894 (t9).

539 2986 682 3050 112.
705 2985 1066 3058 Quicentum
1086 2985 1381 3048 mendicis
1394 2984 2102 3065 dederiteleemosynam,
2130 2989 2171 3053 Ο.

454 3082 652 3157 potest
680 3083 877 3137 autem
912 3082 970 3143 et
1017 3074 1147 3137 allis
1205 3075 1368 3150 dare,
1421 3082 1764 3155 potareque,
1824 3082 1880 3136 et
1909 3072 2107 3135 cibare

458 3164 697 3237 multos,
732 3182 880 3244 quos
910 3182 977 3224 se
1010 3171 1306 3243 rogantes,
1340 3172 1398 3227 et
1458 3167 1588 3241 ejus
1617 3161 2103 3225 mesericordiam

452 3251 839 3332 implorantes
869 3253 1133 3335 dimittit,
1169 3262 1235 3315 ut
1262 3254 1361 3335 qui
1420 3253 1721 3317 Christum
1755 3256 1950 3330 ipsum
1983 3270 2103 3312 non

452 3341 699 3422 paverit,
732 3341 806 3402 ab
838 3360 908 3404 eo
960 3342 1327 3422 judicabitur
1360 3361 1375 3407 :
1437 3342 1920 3423 quandoquidem
1954 3349 2011 3401 et
2040 3338 2101 3400 in

450 3430 571 3493 illis
600 3430 878 3492 omnibus
907 3431 1034 3513 ipse
1066 3441 1175 3507 est,
1213 3431 1317 3513 qui
1377 3431 1555 3495 etiam
1589 3431 1652 3494 in
1684 3450 1801 3493 uno
1832 3430 2102 3512 quolibet

450 3518 835 3581 minimarum
865 3538 901 3587 a
931 3520 1103 3582 nobis
1133 3521 1331 3583 alitur.

532 3608 668 3671 113.
702 3608 811 3681 Qui
864 3609 1146 3671 omnibus
1178 3610 1488 3690 egentibus
1518 3609 1717 3672 omnia
1746 3608 1816 3671 ad
1850 3611 2098 3692 explen-

446 3696 582 3757 dam
603 3698 951 3759 hodiernam
977 3699 1397 3761 necessitatem
1420 3698 1700 3780 praebuis,
1722 3706 1781 3759 et
1800 3716 1934 3761 cras
1958 3718 2097 3780 pos-

449 3784 526 3846 sit
553 3784 713 3846 idem
742 3795 1021 3865 praestare
1052 3787 1402 3867 quibusdam
1455 3786 1759 3862 fratribus,
1813 3795 1871 3849 et
1901 3794 2095 3849 tamen

448 3872 589 3933 sinit
608 3892 709 3934 eos
724 3873 900 3947 fame,
926 3874 1045 3950 siti,
1072 3875 1361 3953 etfrigore
1408 3874 1682 3950 inlerire,
1710 3876 1905 3954 ipsum
1932 3877 2100 3939 illum

450 3979 569 4022 non
592 3961 817 4023 curavit
836 3963 1011 4037 mori,
1037 3972 1094 4025 et
1113 3964 1492 4044 contempsit,
1518 3964 1619 4041 qui
1643 3963 1827 4026 dicit:
1869 3989 1894 4014 α
1931 3966 2101 4038 Quod

448 4048 553 4111 uni
580 4068 649 4111 ex
669 4049 932 4113 minimis
959 4051 1111 4114 meis
1133 4051 1378 4127 fecistis,
1420 4051 1565 4112 mihi
1616 4051 1841 4114 fecistis
1884 4054 2034 4135 (-20).
2066 4075 2095 4115 ι

539 4243 674 4307 114.
717 4242 949 4307 Idcirco
982 4243 1264 4324 pauperis
1318 4243 1608 4325 cujusque
1665 4243 1877 4306 faciem
1909 4246 2100 4307 susci-

2195 1946 2333 2005 ἆλλὰ
2363 1948 2506 2024 μένει
2531 1946 2741 2024 σίδηρος
2770 1947 2867 2023 ὢν,
2899 1948 3038 2005 οὕτω
3065 1951 3151 2006 καὶ
3203 1953 3231 2006 6
3287 1948 3557 2027 ἄνθρωπος
3594 1961 3608 1976 ⁸
3641 1945 3856 2025 ἐνεργεῖ

2194 2037 2289 2112 μὲν
2315 2038 2404 2094 καὶ
2458 2038 2697 2117 πράττει,
2760 2040 2833 2101 ὡς
2883 2037 3123 2116 εἴρηται,
3175 2037 3309 2118 ἅπερ
3365 2034 3629 2115 βούλεται,
3662 2039 3759 2101 τῆς
3791 2034 3851 2089 δὲ

2190 2127 2384 2190 οἰκείας
2417 2126 2512 2183 οὒκ
2543 2125 2806 2192 ἐξίσταται
2839 2129 3067 2209 φύσεως.

2271 2204 2399 2295 ρια’.
2443 2215 2514 2274 Οὒ
2564 2216 2627 2272 τὸ
2655 2214 2746 2272 ἕνα
2776 2204 2989 2283 ἐλεῆσαι
3045 2215 3224 2289 σώζει,
3285 2212 3420 2270 ἀλλὰ
3474 2214 3535 2269 τὸ
3593 2212 3708 2276 ἐνὸς
3734 2233 3845 2267 κα-

2189 2310 2515 2384 ταφρονῆσαι
2572 2312 2649 2379 τῷ
2689 2307 2811 2386 πυρὶ
2867 2304 3233 2383 παραπέμπει,
3296 2305 3366 2361 T6
3423 2303 3542 2381 γὰρ,
3608 2320 3639 2360 ε
3668 2298 3853 2357 Ἐπεί-

2190 2416 2345 2467 νασα,
2381 2395 2469 2450 καὶ
2498 2392 2746 2470 ἐδίψησα,
2785 2416 2812 2448 »
2865 2398 2925 2453 οὗ
2979 2400 3111 2473 πρὸς
3169 2390 3304 2458 ἅπαξ
3360 2392 3571 2471 εἴρηται
3600 2391 3841 2463 πάντως,

2190 2482 2306 2540 οὒδὲ
2336 2485 2421 2558 τὸ,
2455 2483 2508 2539 ἐν
2541 2490 2637 2559 μιᾷ
2663 2484 2858 2563 ἡμέρᾳ,
2914 2482 3051 2539 ἀλλὰ
3106 2484 3189 2557 τὸ,
3249 2480 3333 2537 διὰ
3382 2481 3495 2558 βίου
3522 2481 3717 2543 παντὸς
3748 2476 3846 2546 δη-

2188 2571 2303 2646 λοῖ,
2367 2573 2424 2629 οὗ
2481 2574 2541 2628 τὸ
2598 2578 2859 2653 τραφῆναι
2922 2574 3165 2653 Χριστὸν,
3243 2571 3554 2637 ποτισθῆναί
3626 2591 3683 2625 τε
3752 2571 3845 2626 καὶ

2188 2660 2473 2729 ἷνδυθῆναι,
2532 2663 2619 2718 καὶ
2670 2662 2723 2716 εἴ
2778 2684 2827 2718 τι
2897 2662 3072 2742 ἕτερον
3146 2662 3351 2724 τούτοις
3421 2660 3719 2737 συνέπεται,
3780 2657 3843 2716 οὔ

2188 2752 2320 2829 πρὸς
2350 2748 2512 2830 ἅπαξ,
2553 2749 2691 2807 ἀλλὰ
2718 2749 2803 2807 διὰ
2856 2754 3054 2815 παντὸς
3111 2753 3197 2808 καὶ
3250 2751 3304 2807 ἐν
3364 2756 3546 2828 πᾶσιν,
3604 2749 3704 2804 ὑπὸ
3733 2754 3842 2804 τῶν

2191 2842 2348 2898 αὐτοῦ
2377 2836 2573 2895 δούλων
2603 2838 2766 2896 ταῦτα
2795 2838 3042 2920 δέχεσθαι
3067 2843 3096 2896 6
3128 2840 3313 2920 Κύριος
3358 2840 3514 2915 ἡμῶν
3569 2839 3657 2894 καὶ
3707 2837 3838 2901 Θεὸς

2192 2927 2562 3004 ὡμολόγησεν.

2270 3007 2394 3096 ριβ’.
2434 3010 2490 3076 Ὀ
2519 3032 2637 3082 τοῖς
2687 3019 2875 3076 ἑκατὸν
2925 3018 3043 3083 δοὺς
3102 3017 3489 3095 ἐλεημοσύνην,
3550 3017 3836 3094 δυνάμενος

2187 3104 2241 3163 δὲ
2300 3108 2387 3163 καὶ
2418 3108 2613 3187 ἑτέροις
2645 3107 2839 3191 δοῦναὶ,
2874 3122 3085 3167 ποτισαι
3134 3132 3191 3166 τε
3233 3110 3321 3165 καὶ
3363 3111 3547 3189 θρέψαι
3577 3107 3831 3184 πολλοὺς,

2185 3196 2619 3276 παρακαλοῦντας
2672 3201 2828 3255 αὐτὸν
2882 3201 2971 3255 καὶ
3025 3200 3289 3276 βοῶντας,
3350 3200 3833 3275 ἀποπεμψάμενος,

2184 3287 2257 3349 ὡς
2315 3286 2393 3362 μὴ
2472 3286 2669 3367 θρέψας
2753 3290 2974 3368 Χριστὸν
3059 3292 3360 3368 κριθήσεται
3442 3288 3569 3368 παρ’
3649 3288 3835 3368 αὖτοῦ,

2183 3373 2366 3443 ἐπειδὴ
2399 3377 2486 3432 καὶ
2533 3376 2586 3432 ἐν
2646 3377 2863 3442 ἐκείνοις
2925 3384 3085 3434 πᾶσιν
3136 3378 3291 3442 αὒτός
3351 3379 3510 3451 ἐστιν,
3572 3381 3600 3434 6
3654 3378 3741 3434 καὶ
3773 3377 3837 3458 ἐφ

2181 3462 2256 3519 ἑνὶ
2286 3464 2495 3539 ἑκάστῳ
2522 3470 2627 3523 τῶν
2651 3464 2948 3546 ἐλαχίστων
2976 3467 3294 3546 τρεφόμενος
3319 3465 3443 3546 παρ’
3471 3468 3649 3543 ἡμῶν,

2259 3612 2388 3703 ριγ’.
2427 3616 2484 3682 Ὀ
2527 3632 2655 3682 πᾶσι
2714 3627 2811 3702 μὲν
2866 3628 3038 3687 πάντα
3085 3628 3152 3683 τὰ
3205 3629 3336 3707 πρὸς
3399 3627 3582 3707 χρείαν
3616 3625 3707 3685 τοῦ
3732 3628 3840 3684 σώ-

2181 3735 2347 3788 ματος
2393 3716 2688 3795 παρασχὼν
2720 3718 2974 3796 σήμερον,
3025 3718 3202 3797 αὔριον
3258 3717 3312 3773 δὲ
3351 3716 3636 3793 δυνάμενος
3679 3741 3837 3778 τουτο

2179 3807 2423 3877 ποιῆσαι,
2486 3802 2735 3880 ἆμελήσῃ
2791 3810 2947 3863 τινῶν
3032 3805 3294 3887 ἀδελφῶν,
3375 3808 3465 3863 καὶ
3519 3806 3682 3883 λιμῷ,
3743 3806 3836 3867 καὶ

2181 3889 2342 3972 δίψει,
2396 3893 2486 3949 καὶ
2533 3894 2696 3973 ψύχει
2756 3893 2884 3972 ἐάσῃ
2929 3893 3297 3977 διαφθαρῆναι,
3351 3898 3507 3955 αὐτὸν
3563 3896 3836 3977 ὑπερεῖδεν

2183 3981 2492 4058 ἀποθανεῖν,
2551 3985 2639 4039 καὶ
2723 3988 2879 4044 αὐτοῦ
2951 3986 3311 4067 κατεφρόνησε
3387 3997 3481 4045 τοῦ
3537 3988 3778 4051 εἰπόντος
3816 4006 3831 4021 ⁸

2189 4094 2216 4125 α
2250 4069 2370 4152 Ἀφ’
2400 4072 2523 4129 ὅσον
2553 4073 2841 4145 ἐποιήσατε
2886 4078 2959 4135 ἐνὶ
2992 4079 3191 4135 τούτων
3222 4083 3324 4136 τῶν
3354 4078 3681 4159 ἐλαχίστων,
3714 4080 3835 4157 ἐμοὶ

2181 4158 2469 4231 ἐποιήσατε
2482 4208 2492 4221 .
2530 4182 2561 4222 )

2261 4240 2383 4330 ριδ’.
2445 4248 2536 4309 Ἐν
2591 4275 2762 4329 τουτῳ
2832 4257 2892 4312 τὸ
2965 4258 3188 4314 ἑκάστου
3258 4258 3487 4326 πένητος
3543 4259 3833 4339 πρόσωπον

454 4349 593 4412 pere
622 4332 828 4407 voluit,
861 4342 919 4394 et
974 4332 1158 4395 cuivis
1217 4332 1459 4413 pauperi
1514 4351 1580 4394 se
1635 4332 1998 4409 assimilavit,
2032 4342 2096 4396 ut

2195 4338 2466 4398 ἱναλαϐεϊν
2524 4342 2832 4410 κατεδέξατο
2888 4349 2977 4402 καὶ
3032 4351 3187 4405 παντὶ
3242 4349 3428 4416 πένητι
3484 4350 3668 4405 ἑαυτὸν
3696 4348 3831 4415 ἐξω-

453 4420 648 4482 nullus
677 4421 737 4482 in
770 4440 835 4483 se
865 4421 1240 4485 credentium
1298 4421 1580 4483 adversus
1630 4422 1867 4483 fratrem
1919 4442 2092 4485 suum

2195 4430 2423 4501 ιοίωσεν,
2455 4429 2550 4486 ἵνα
2607 4430 2790 4508 μηδεὶς
2846 4436 2952 4493 τῶν
3009 4438 3081 4501 εἷς
3127 4440 3281 4496 αὒτὸν
3336 4438 3688 4495 πιστευόντων
3738 4447 3833 4495 τοῦ

451 4510 716 4574 elevetur
741 4529 754 4575 :
778 4510 882 4574 sed
928 4511 1336 4594 unusquisque
1372 4511 1610 4573 fratrem
1658 4529 1853 4589 suum,
1886 4524 1951 4574 ut
1981 4532 2092 4594 po-

2195 4514 2400 4598 ἱδελφοῦ
2427 4521 2835 4602 κατεπαίρηται,
2888 4522 3006 4582 ἀλλ’
3062 4524 3284 4592 ἕκαστος
3341 4526 3551 4605 βλέπων
3601 4529 3692 4583 τὸν
3730 4530 3833 4585 αὒ-

524 4692 579 4737 ”
606 4691 766 4756 Psal.
798 4694 862 4775 4,
893 4710 1036 4757 Lvu.

529 4862 643 4945 (19)
676 4864 974 4945 Pontanus
1003 4863 1167 4945 addit
1216 4863 1538 4945 capitulum
1597 4882 1779 4925 unum
1814 4882 1828 4927 :
1871 4886 1895 4922 α
1929 4865 2096 4927 Indi-
2188 4850 2195 4851 ί

446 4940 691 5004 viduum
729 4942 982 5005 divisum
1038 4951 1102 5027 et
1155 4940 1349 5027 ipsum
1407 4953 1596 5007 totum
1647 4947 1705 5027 in
1729 4964 2096 5027 unoquoque

442 5040 794 5105 pauperum,
847 5025 1144 5104 quomodo
1188 5024 1431 5105 quidam
1463 5044 1529 5086 se
1559 5024 1694 5085 unis
1724 5024 2039 5105 includunt
2071 5028 2096 5088 ’ἰ

444 5104 609 5165 Pone
638 5103 879 5185 centum
928 5122 1061 5165 esse
1121 5103 1414 5185 pauperes
1470 5113 1526 5166 et
1578 5123 1764 5185 unum
1794 5103 2091 5167 Christum

441 5191 663 5262 (neque
686 5183 846 5245 enim
874 5185 992 5266 ulla
1013 5183 1256 5246 ratione
1282 5185 1505 5247 divisus
1550 5192 1639 5266 est
1669 5183 1958 5266 Christus)
1993 5190 2091 5260 qui

441 5280 579 5341 ergo
612 5281 681 5324 ex
714 5263 1032 5345 nonaginta
1064 5283 1273 5326 novem
1306 5266 1553 5343 singulis
1578 5263 2090 5345 dederitobolum,

438 5360 622 5402 unum
652 5351 847 5424 autem
879 5345 1097 5424 Injuria
1127 5346 1411 5421 aﬂ'ecerit,
1445 5353 1545 5407 aut
1578 5345 1963 5424 percusserit,
1995 5357 2095 5409 aut

442 5439 690 5506 vacuum
722 5423 1038 5506 dimiserit,
1073 5426 1166 5487 cui
1198 5444 1332 5487 nam
1367 5426 1491 5488 haec
1522 5423 1714 5506 fecit?
1760 5428 1976 5488 Annon
2009 5427 2094 5489 illi

440 5500 800 5587 utique,_qui
833 5503 981 5587 dixit
1011 5500 1069 5567 et
1097 5524 1336 5587 semper
1364 5506 1528 5579 dicit,
1564 5512 1622 5566 et
1651 5505 1915 5567 dicturus
1948 5516 2040 5587 est
2075 5527 2088 5571 :

441 5579 736 5666 ριιὰιιρἰιὶ
762 5585 874 5666 oni
893 5602 972 5647 ea:
999 5579 1281 5666 minimis
1309 5587 1456 5648 meis
1487 5588 1737 5666 fecistis,
1768 5586 2093 5665 mihifeci-

438 5662 549 5726 uis
582 5659 822 5741 (Matth.
853 5681 988 5742 xxv,
1024 5666 1129 5745 40)
1162 5665 1188 5728 l’
1219 5690 1247 5722 ι

2265 4869 2713 4962 (ῼθ),Αά(ξὶίυῐέ
2758 4902 2804 4962 _«
2865 4878 2946 4942 Ex
2976 4880 3066 4941 his
3094 4880 3233 4943 licet
3260 4899 3645 4962 cognoscere,
3676 4900 3833 4962 qun-

2179 4951 2356 5043 modo
2385 4953 2672 5043 Dominus
2701 4958 2774 5043 ad
2802 4977 2867 5022 se
2892 4962 3093 5043 omnia
3114 4951 3471 5043 Apaupervum,
3500 4972 3560 5024 et
3581 4951 3831 5043 fratrum

2178 5038 2514 5123 nostrorum
2538 5037 2943 5123 fran‘sferat,et
2965 5040 3079 5102 sibi
3102 5037 3257 5104 facta
3272 5043 3715 5123 interpretetur.
3741 5042 3831 5107 Ad

2168 5114 2363 5205 justas
2385 5114 2549 5193 dicit,
2565 5118 2740 5205 ΔΜϋιί
2767 5119 3030 5205 fecistis;
3074 5123 3145 5205 ad
3178 5123 3330 5205 illos,
3355 5114 3457 5204 qui
3478 5124 3537 5185 in
3566 5124 3827 5199 sinistra,

2175 5191 2328 5254 mihi
2373 5214 2496 5258 non
2529 5191 2795 5286 fecistis.
2830 5199 2959 5262 Non
2990 5191 3149 5263 enim
3182 5191 3668 5286 solum'intuetur
3699 5191 3827 5278 eos,

2176 5289 2432 5363 quorum
2465 5279 2692 5363 miserti
2721 5299 2948 5361 sumus,
2983 5290 3082 5343 aut
3111 5283 3211 5363 qui
3259 5284 3537 5363 injuriam
3569 5303 3826 5363 accepe-

2175 5361 2334 5445 runt,
2368 5356 2781 5445 aut_fra_udati,_
2837 5356 2943 5422 aut
2990 5356 3154 5423 mille
3214 5356 3340 5425 alia
3379 5367 3529 5426 mala
3558 5356 3829 5445 perpessi

2177 5441 2346 5522 sunt:
2384 5437 2487 5497 sed
2522 5439 2697 5499 etiam
2751 5437 3081 5522 despectos,
3115 5455 3175 5504 ut
3209 5445 3319 5505 hoc
3350 5447 3419 5505 ad
3454 5437 3827 5507 condemna-

2177 5520 2698 5606 tionem_nos_tram
2732 5520 3007 5606 sufficiat.
3055 5522 3258 5606 Neque
3312 5525 3473 5586 enim
3523 5526 3680 5606 illos,
3718 5525 3827 5587 sed

2170 5596 2365 5687 ipsum
2396 5596 2756 5687 despicimus
2782 5600 2984 5687 Jesum
3022 5596 3369 5687 _Chri_stum,
3403 5606 3505 5687 qni
3535 5596 3735 5670 omnia
3766 5615 3831 5668 ut

2169 5670 2285 5767 sibi
2313 5674 2465 5739 facta
2491 5670 2673 5759 ducit,
2707 5700 2838 5763 quae
2865 5681 2984 5745 illis
3011 5670 3367 5751 fecerimus:
3396 5711 3420 5740 η
