4120 6378
338 319 460 387 665
1690 317 1968 384 CAPITA
2008 316 2380 382 MORALIA.
3612 315 3733 383 666

337 462 434 513 τοῦ
506 452 729 536 ἀδελφὸν
772 456 860 512 καὶ
914 455 1005 512 τὸν
1062 452 1311 529 πλησίον,
1370 456 1443 519 ὡς
1477 455 1568 512 τὸν
1626 454 1757 511 Θεὸν
1813 453 1994 532 αὐτοῦ,

2087 450 2335 527 ximum,
2366 457 2430 512 ut
2459 448 2647 512 Deum
2681 447 2942 525 intuens,
2978 447 3289 511 minimum
3314 467 3444 511 sese
3466 466 3583 511 non
3615 449 3733 510 fra-

343 544 631 625 ἒλάχιστον
689 544 874 600 ἑαυτὸν
930 543 1132 620 μᾶλλον
1190 552 1281 601 τοῦ
1323 543 1570 627 ἀδελφοῦ,
1636 546 1709 608 ὡς
1753 551 1843 600 τοῦ
1895 565 1994 600 πε-

2087 539 2216 614 tris,
2269 541 2371 603 sed
2406 542 2535 620 ejus
2566 539 2663 620 qui
2698 539 2940 600 fratrem
2973 538 3134 611 fecit,
3168 547 3423 619 reputet,
3460 546 3519 599 et
3542 538 3731 620 utip-

344 634 637 701 ποιηκότος
669 634 824 689 αὑτὸν
874 632 1164 712 λογίζοιτο,
1208 635 1298 689 καὶ
1338 636 1413 698 ὡς
1467 634 1625 690 αὐτὸν
1682 631 1994 713 ἀποδέχοιτο

2087 645 2212 689 sum
2238 637 2567 690 creatorem
2594 628 2722 708 ejus
2745 627 3020 707 excipiat,
3046 634 3105 687 et
3127 628 3398 700 honoret,
3420 627 3735 707 omniaque

343 728 433 781 καὶ
462 729 612 802 τιμᾷ,
646 723 735 778 καὶ
753 723 925 783 πάντα
953 736 1105 779 κενοῖ
1132 723 1197 779 τὰ
1224 724 1535 803 ὑπαρχοντα
1564 723 1696 802 πρὸς
1722 724 1994 801 θεραπειαν

2087 719 2154 779 ad
2190 719 2315 797 ejus
2345 717 2722 799 obsequium,
2783 727 2840 779 et
2892 716 3288 778 ministerium
3343 716 3651 796 impendat
3681 725 3739 778 et

342 818 521 886 αὐτοῦ,
556 816 628 877 ὡς
658 815 685 868 6
718 814 938 891 Χριστὸς
991 814 1081 869 καὶ
1126 813 1254 877 Θεὸς
1308 814 1463 889 ἡμῶν
1522 810 1746 869 ἒκένωσε
1774 812 1835 866 τὸ
1864 809 1994 867 ἴδιον

2087 825 2151 867 θλ
2166 808 2420 881 hauriat,
2439 818 2495 867 et
2515 807 3017 888 quemadmodum
3036 804 3305 868 Christus
3320 814 3376 865 et
3396 805 3551 866 Deus
3563 825 3737 867 suum

342 901 626 983 atpx,6t&
653 903 751 969 τὴν
795 903 962 977 ἡμῶν
985 903 1271 981 σωτηρίαν,

2087 895 2269 979 ipsius
2300 897 2648 975 sanguinem
2680 895 2755 957 ob
2789 898 3039 956 salutem
3073 904 3331 956 nostram
3366 895 3665 955 exhausit.

424 982 550 1071 ριε’·
585 982 643 1048 Ὀ
684 992 775 1047 τὸν
805 989 1033 1058 πλησίον
1062 990 1211 1071 ἔχειν
1241 993 1314 1054 ὡς
1358 991 1543 1048 ἑαυτὸν
1584 988 1899 1062 κελευσθεὶς,
1941 993 1994 1049 οὗ

2170 985 2300 1047 115.
2338 983 2447 1056 Qui
2474 985 2679 1064 jussus
2711 994 2800 1045 est
2857 985 3190 1065 proximum
3249 1003 3319 1045 eo
3351 983 3480 1045 loco
3514 984 3735 1046 habere

340 1084 464 1158 μίαν
520 1081 734 1143 πάντως
783 1080 1009 1160 ἡμέραν,
1070 1081 1207 1138 ἀλλὰ
1264 1080 1349 1137 διὰ
1391 1082 1505 1157 βίου
1559 1082 1758 1144 παντὸς
1812 1086 1994 1137 τοῦτον

2087 1092 2199 1154 quo
2231 1082 2418 1135 semet
2446 1074 2528 1148 25,
2569 1074 2740 1155 plane
2776 1092 2893 1133 non
2927 1092 3034 1152 per
3065 1092 3246 1133 unum
3281 1072 3462 1151 diem,
3497 1073 3600 1134 sed
3627 1091 3737 1155 per

342 1171 490 1252 ἔχειν
522 1169 690 1234 οὕτως
716 1170 937 1252 ὀφείλει,
981 1172 1071 1227 καὶ
1114 1173 1141 1227 6
1200 1172 1357 1228 παντὶ
1415 1177 1492 1245 τῷ
1543 1171 1771 1228 αἰτοῦντι
1803 1166 1994 1226 διδόναι

2087 1181 2321 1224 omnem
2355 1163 2528 1224 vitam
2566 1163 2652 1225 sic
2676 1182 2811 1225 eum
2858 1162 3077 1252 habere
3104 1162 3411 1252 debetsEt
3440 1181 3540 1243 qui
3570 1163 3734 1223 omni

340 1251 826 1340 προσταττόμενος,
899 1270 1052 1320 τοῦτο
1108 1274 1284 1316 ποιεῖν
1333 1259 1714 1338 προστάττεται
1757 1259 1810 1315 ἐν
1852 1258 1994 1336 πάσῃ

2087 1252 2305 1332 petenti
2320 1253 2529 1332 jussus
2553 1253 2796 1314 estdare
2813 1251 3226 1340 2«hliocfacere
3244 1251 3511 1331 jubetur,
3532 1269 3735 1330 quam-

342 1339 410 1427 τῇ
437 1355 551 1426 ζωῇ
608 1351 764 1405 αὐτοῦ
798 1339 818 1379 ’⁷
860 1350 948 1405 καί
1005 1351 1033 1405 6
1075 1347 1240 1406 θέλων
1296 1348 1389 1405 ’ἕνα
1430 1354 1650 1405 ποιῶσιν
1709 1350 1783 1412 εἷς
1841 1348 1994 1404 αὐτὸν

2087 1340 2180 1403 diu
2214 1341 2369 1402 vivit.
2405 1343 2480 1403 Et
2509 1342 2611 1422 qui
2639 1340 2801 1421 cupit
2860 1339 2933 1401 ab
2994 1340 3109 1402 alio
3161 1339 3273 1402 sibi
3307 1340 3567 1419 praestari
3603 1360 3734 1421 quae

342 1437 493 1495 ἄλλοι
538 1439 571 1493 ἃ
600 1435 841 1513 βούλεται
884 1437 1079 1518 ἀγαθὰ,
1113 1443 1275 1494 ταῦτα
1306 1439 1395 1494 καὶ
1423 1438 1577 1501 αὐτὸς
1607 1451 1783 1495 ποιεῖν
1815 1436 1994 1502 ἄλλοις

2087 1429 2199 1490 vult
2228 1428 2404 1504 bona,
2438 1430 2512 1492 ab
2543 1449 2613 1492 eo
2639 1428 3056 1511 postulaliilur,
3099 1438 3163 1492 ut
3202 1429 3408 1490 (adem
3434 1430 3563 1510 ipse
3591 1430 3729 1491 aliis

341 1528 785 1599 ἆπαιτηθήσεται.

2087 1526 2319 1599 praestet
2341 1518 2424 1581 25.

477 1606 554 1635 ρο
618 1598 644 1625 σ
877 1614 898 1635 ν
1035 1612 1060 1635 ar
1666 1618 1678 1637 ε

421 1639 510 1694 pi,
560 1660 574 1674 .
633 1627 811 1695 ιὶσπερ
842 1637 931 1673 ουν
962 1617 989 1671 ὁ
1037 1636 1181 1695 εχων
1237 1617 1329 1671 τὸν
1371 1613 1598 1682 πλησίον
1652 1637 1727 1679 ως
1786 1617 1992 1696 ἑαυτὸν,

2087 1598 2093 1599 ί
2210 1611 2301 1672 16.
2330 1607 2845 1682 Quemadmodum
2867 1607 3044 1696 igitur
3066 1607 3165 1688 qui
3190 1606 3371 1696 habet
3395 1608 3728 1688 proximum

372 1705 445 1731 ,πε
514 1704 538 1726 at
777 1705 786 1722 μ
947 1714 970 1723 η
1160 1705 1171 1726 ι
1284 1703 1297 1721 θ
1351 1703 1362 1723 ι
1616 1705 1627 1719 ι
1707 1702 1752 1735 M.
1779 1704 1802 1725 κ
1981 1695 1984 1696 ⁷

339 1725 483 1765 ουοεν
515 1726 662 1786 εχειν
690 1703 852 1762 πλεον
883 1726 975 1763 του
1003 1703 1229 1770 πλησιον
1275 1725 1547 1784 ανεχεται,
1582 1704 1670 1761 ὲαν
1701 1724 1756 1760 οε
1779 1727 1885 1786 εχη
1908 1711 1994 1765 καὶ

2087 1695 2291 1757 eodem
2328 1697 2454 1758 loco
2477 1715 2593 1777 quo
2624 1714 2708 1769 se,
2737 1695 2885 1756 nihil
2908 1714 3027 1775 prae
3052 1695 3319 1776 proximo
3343 1696 3561 1758 habere
3591 1716 3728 1757 sus-

342 1797 417 1873 μὴ
446 1784 788 1872 μεταδίδωσιν
819 1794 1083 1873 ἀφθόνως,
1117 1792 1218 1857 ἕως
1264 1793 1326 1851 ἂν
1354 1795 1443 1850 καὶ
1467 1795 1621 1858 αὐτὸς
1649 1784 1873 1874 πτωχὸς
1895 1794 1993 1872 γέ-

2087 1784 2247 1848 tinet.
2286 1784 2390 1849 Sin
2424 1795 2619 1848 autem
2657 1785 2956 1861 habuerit,
2990 1803 3101 1846 nec
3156 1785 3485 1847 liberaliter
3514 1786 3731 1865 imper-

342 1909 519 1962 νηται,
551 1886 641 1941 καὶ
663 1898 783 1948 τοῖς
836 1883 1065 1951 πλησίον
1123 1884 1281 1942 αὐτοῦ
1334 1881 1650 1960 ἐξομοιωθῇ,
1710 1888 1809 1952 τῆς
1839 1883 1993 1940 ἕντο-

2087 1874 2294 1950 tiverit,
2330 1876 2522 1938 donec
2554 1883 2610 1936 et
2640 1876 2768 1955 ipse
2820 1875 2893 1936 ad
2954 1881 3368 1962 paupertatem
3400 1875 3726 1956 redigatur,

340 1975 440 2044 λῆς
484 1981 577 2031 τοῦ
652 1974 921 2033 Δεσπότου
975 1972 1328 2053 ἐκπληρωτὴς
1400 1975 1503 2052 οὐχ
1546 1973 1831 2051 εὒρίσκεται
1877 1972 1993 2030 οὐδὲ

2087 1973 2136 2026 et
2163 1964 2451 2045 proximis
2483 1965 2607 2026 suis
2638 1960 3011 2045 exazquetur,
3034 1983 3171 2026 eum
3229 1963 3469 2026 Domini
3501 1983 3727 2045 praece-

340 2069 368 2122 ὂ
410 2078 527 2129 τοῖς
562 2065 759 2120 αἰτοῦσι
792 2069 921 2119 πᾶσι
965 2060 1161 2118 διδόναι
1211 2061 1400 2141 θέλων,
1433 2061 1522 2117 ἐὰν
1554 2062 1745 2141 μέχρις
1777 2059 1988 2137 ὀϐολοῦ,

2087 2065 2240 2133 ptum
2264 2072 2380 2114 non
2405 2054 2746 2135 implevisse
2776 2061 3026 2115 constat.
3063 2055 3187 2115 Nec
3215 2073 3376 2129 eum,
3409 2053 3729 2134 quiomni-

340 2156 376 2223 ἢ
402 2153 707 2228 κλάσματος
772 2148 927 2232 ἄρτου
985 2151 1314 2227 κεκτημένος
1372 2140 1706 2231 ἆποστρέψη,
1739 2154 1857 2209 τινὰ
1885 2159 1989 2210 τῶν

2087 2143 2555 2232 busipetentibus
2586 2142 2728 2203 dare
2759 2142 2983 2232 volens,
3048 2142 3100 2204 si
3159 2160 3346 2232 usque
3378 2143 3450 2203 ad
3487 2140 3726 2203 obolum

340 2245 623 2301 αἰτούντων
656 2243 829 2316 αὐτὸν,
879 2240 997 2298 οὐδὲ
1053 2243 1081 2297 6
1129 2242 1206 2318 μὴ
1265 2247 1434 2298 ποιῶν
1475 2243 1564 2298 τὸν
1613 2239 1837 2308 πλησίον
1892 2240 1990 2298 ὅσα

2087 2231 2439 2291 lutfrustum
2467 2233 2638 2310 panis
2664 2230 3022 2311 pervenerit,
3055 2231 3396 2311 quempiam
3418 2241 3723 2309 rogantem

335 2333 472 2392 θέλει
520 2331 615 2388 ἵνα
672 2330 848 2411 ἓτερος
899 2332 1102 2406 ποιήσῃ
1161 2332 1291 2410 πρὸς
1357 2330 1512 2388 αὐτόν
1548 2347 1565 2364 ⁸
1625 2329 1762 2386 οὕτω
1817 2333 1906 2388 καὶ
1962 2333 1990 2387 6

2087 2338 2309 2381 manem
2327 2320 2660 2382 dimiserit:
2688 2339 2797 2382 nec
2821 2321 2922 2400 qui
2948 2339 3063 2380 non
3092 2320 3229 2381 facit
3254 2320 3545 2400 proximo,
3571 2340 3728 2401 qum-

337 2425 506 2481 πάντα
568 2420 663 2498 μὲν
723 2419 928 2487 πένητα
995 2422 1084 2477 καὶ
1138 2418 1424 2499 ἐλάχιστον
1466 2418 1685 2500 θρέψας,
1743 2422 1989 2501 ποτίσας,

337 2511 577 2591 ἑνδύσας,
608 2511 788 2572 καὶτὰ
844 2508 980 2567 ἄλλα
1037 2510 1209 2567 πάντα
1268 2511 1340 2573 εἰς
1396 2512 1551 2568 αὐτὸν
1608 2510 1989 2589 ἐργασάμενος,

339 2604 453 2665 ἐνὸς
497 2600 551 2659 δὲ
583 2601 745 2677 μόνον
800 2601 1232 2680 καταφρονήσας,
1294 2600 1382 2656 καὶ
1440 2600 1599 2656 αὐτὸν
1630 2599 1886 2682 παριδὼν,
1919 2605 1993 2666 ὡς

339 2693 563 2770 Χριστὸν
609 2691 700 2745 τὸν
756 2690 886 2746 Θεὸν
930 2686 1160 2768 παριδὼν
1203 2690 1464 2746 πείνῶντα
1521 2691 1609 2747 καὶ
1641 2688 1875 2766 διψῶντα
1904 2693 1993 2749 καὶ

338 2782 492 2846 αὐτὸς
525 2778 921 2857 λογισθήσεται.

414 2930 537 3022 ριζ’.
582 2939 815 3014 Φορτικὰ
844 2949 1006 2998 ταῦτα
1034 2952 1151 3004 τοῖς
1184 2946 1343 2997 πᾶσιν
1391 2938 1526 3003 ἴσως
1558 2942 1876 3021 φανήσεται,
1911 2938 1990 2996 διὸ

334 3033 420 3089 καὶ
461 3028 690 3096 δόξουσιν
720 3027 952 3108 εὐλόγως
982 3027 1155 3107 λέγειν
1184 3028 1239 3085 ἐν
1269 3030 1480 3093 ἑαυτοῖς
1513 3046 1527 3060 ⁸

332 3121 506 3181 πάντα
578 3123 800 3184 ποιῆσαι
856 3115 1091 3195 δύναται,
1156 3118 1293 3176 ὥστε
1377 3118 1579 3183 πάντας
1650 3122 1989 3198 θεραπεῦσαι,

335 3212 423 3266 καὶ
465 3206 676 3287 θρέψαι,
731 3207 820 3261 καὶ
865 3204 1113 3281 μηδόλως
1142 3209 1342 3265 τούτων
1384 3207 1501 3263 τινὰ
1543 3205 1831 3287 παριδεῖν,
1872 3206 1990 3263 ἀλλ’

2075 2427 2310 2490 cunque
2341 2410 2453 2470 sibi
2483 2409 2556 2471 ab
2588 2409 2702 2471 alio
2735 2408 2866 2470 ﬁeri
2911 2407 3255 2470 desiderat?
3307 2406 3401 2470 Sic
3433 2409 3531 2488 qui
3562 2411 3728 2470 omni

2078 2498 2320 2580 pauperi
2350 2518 2417 2560 ac
2462 2500 2709 2560 minimo
2758 2498 2980 2572 cibum,
3016 2506 3244 2579 potum,
3279 2508 3502 2560 vestem
3535 2499 3723 2576 dedit,

2075 2587 2307 2669 aliaque
2329 2588 2531 2651 omnia
2559 2588 2751 2650 otﬁCia
2781 2588 2853 2649 iis
2885 2587 3180 2668 pl‘tBSlilil,
3215 2606 3397 2649 unum
3435 2596 3630 2649 autem
3667 2598 3726 2650 et

2074 2677 2265 2738 solum
2297 2678 2551 2755 neglexit
2581 2686 2758 2758 atque
2780 2677 3159 2757 contempsit,
3194 2677 3252 2737 id
3286 2676 3539 2757 perinde
3566 2678 3728 2739 acci-

2074 2764 2289 2844 pietur,
2324 2766 2465 2827 υιεί
2498 2766 2797 2829 Christum
2853 2764 3037 2826 Deum
3103 2768 3488 2841 esurientem,
3542 2784 3610 2828 ac
3642 2766 3729 2828 si—

2074 2853 2322 2916 tientem
2360 2855 2751 2936 despexisset.

2161 2944 2291 3006 H7.
2315 2944 2474 3006 Dura
2505 2946 2631 3007 haec
2663 2946 2777 3025 (α),
2812 2952 2870 3005 et
2899 2961 3153 3005 onerosa
3173 2942 3450 3004 omnibus
3478 2944 3729 3006 fortasse

1588 3032 1676 3093 Τίς
1709 3028 1806 3108 ἄρα
1832 3039 1995 3089 ταῦτα
2016 3028 2058 3093 C
2076 3032 2448 3096 videbantur.
2473 3033 2665 3106 Quare
2690 3032 3113 3096 existimabunt
3134 3052 3200 3095 se
3224 3042 3620 3095 consentanea
3634 3054 3729 3095 co-

2074 3122 2281 3201 gitare,
2303 3123 2350 3184 si
2370 3123 2450 3185 ita
2472 3143 2677 3186 secum
2696 3124 2975 3203 cogitent.
3004 3122 3287 3195 Quisnam
3306 3124 3427 3184 hac
3446 3130 3729 3202 praestare

2077 3220 2285 3291 potest,
2321 3222 2382 3275 ut
2413 3213 2695 3273 omnibus
2732 3212 2971 3285 serviat,
3037 3212 3377 3291 victumque
3407 3211 3725 3293 ministret,

337 3298 601 3355 ἀκούσωσι
634 3293 843 3351 Παύλου
872 3291 1152 3373 διαρρήδην
1200 3296 1431 3373 βοῶντος
1468 3313 1483 3327 '
1539 3319 1566 3351 ι
1631 3289 1692 3353 Ἠ
1724 3298 1821 3375 γὰρ
1865 3296 1994 3373 ἀγά-

2087 3289 2135 3361 ει
2164 3301 2374 3362 horum
2401 3302 2627 3362 nullum
2664 3302 2922 3381 negligat
2950 3301 3072 3363 ullo
3094 3289 3317 3361 modo?
3337 3300 3450 3362 Sed
3478 3289 3727 3364 Paulum

337 3410 415 3456 πη
468 3393 559 3443 τοῦ
609 3392 837 3466 Χριστοῦ
877 3384 1091 3465 συνέχει
1146 3387 1314 3466 ἡμᾶς,
1369 3386 1642 3467 κρίναντας
1701 3396 1876 3459 τοῦτο,
1911 3386 1991 3443 ὅτι

2087 3390 2339 3466 audiant,
2361 3391 2581 3452 diserte
2596 3393 2980 3452 clamantem:
3012 3416 3039 3446 α
3057 3390 3326 3452 Charitas
3338 3390 3496 3450 enim
3512 3389 3730 3452 Christi

337 3481 383 3535 εἰ
411 3481 493 3540 εἷς
523 3476 654 3555 ὑπὲρ
707 3475 919 3533 πάντων
963 3474 1242 3551 ἀπέθανεν,
1304 3471 1402 3556 ἄρα
1458 3479 1505 3532 οἱ
1558 3476 1752 3541 πάντες
1797 3476 1988 3533 ἀπέθα-

2087 3488 2242 3556 urget
2294 3498 2421 3554 nos,
2457 3481 2824 3541 aestimantes
2858 3481 2970 3542 hoc
3018 3478 3298 3559 quoniam
3349 3478 3397 3538 si
3432 3497 3583 3539 unus
3615 3498 3724 3558 pro

335 3590 424 3625 νον
433 3616 446 3630 .
486 3585 516 3626 )

418 3646 550 3737 ριη’.
624 3653 872 3734 Καθάπερ
928 3656 981 3711 αἱ
1036 3657 1361 3735 περιεκτικαὶ
1430 3654 1634 3714 ἐντολαὶ
1701 3655 1991 3735 συμπεριέ-

333 3768 492 3828 χουσι
550 3745 725 3807 πάσας
783 3742 837 3798 ἐν
880 3745 1097 3807 ἑαυταῖς
1129 3746 1223 3808 τὰς
1285 3746 1503 3824 μερικὰς
1560 3744 1796 3817 ἐντολὰς,
1856 3740 2030 3801 οὔτοί

334 3838 422 3893 καὶ
488 3838 541 3892 αἱ
597 3834 924 3914 περιεκτικαὶ
991 3833 1169 3913 ἀρεταὶ
1237 3835 1331 3899 τὰς
1392 3835 1610 3915 μερικὰς
1668 3835 1720 3891 ἐν
1780 3835 1996 3898 ἑαυταῖς

334 3921 920 4005 συμπεριλαμϐάνουσιν
1009 3923 1198 4004 ἀρετάς
1234 3943 1250 3960 ⁸
1323 3925 1351 3981 ὀ
1429 3926 1530 4003 γὰρ
1600 3922 1859 3994 πωλήσας
1932 3925 1997 3983 τὰ

332 4016 644 4095 ὑπάρχοντα
697 4017 878 4085 αὐτοῦ,
930 4014 1019 4070 καὶ
1061 4010 1434 4092 διασκορπίσας
1486 4014 1618 4071 αὐτὰ
1677 4027 1793 4077 τοῖς
1851 4036 1995 4069 πτω-

335 4120 493 4187 χοῖς,
538 4106 627 4161 καὶ
683 4102 851 4171 πένης
905 4102 1118 4182 ἆφάπαξ
1160 4103 1463 4181 θενόμενος,
1524 4105 1696 4161 πάντα
1726 4101 1810 4184 ὑφ’
1844 4103 1898 4159 ἓν
1926 4104 1991 4159 τὰ

2076 3566 2354 3629 omnibus
2374 3578 2640 3629 mortuus
2664 3579 2777 3649 est,
2804 3587 2941 3647 ergo
2965 3585 3174 3628 omnes
3199 3566 3413 3627 mortui
3438 3566 3673 3627 sunl26.
3697 3592 3721 3623 ι)

2158 3658 2295 3719 118.
2314 3657 2826 3729 Quemadmodum
2841 3656 3140 3737 generalia
3160 3655 3436 3716 mandata
3459 3658 3727 3735 particu-

2078 3745 2223 3808 laria
2249 3748 2562 3827 complexu
2593 3756 2650 3808 et
2680 3746 3071 3827 amplitudine
3128 3765 3234 3806 sua
3278 3745 3608 3820 continent,
3641 3749 3728 3807 sic

2081 3844 2138 3896 et
2157 3838 2465 3915 generales
2486 3837 2731 3898 virtutes
2764 3837 3150 3917 particulares
3189 3834 3432 3895 virtutes
3453 3853 3558 3896 suo
3588 3854 3721 3897 am—

2079 3923 2205 3985 bitu
2235 3936 2537 3990 cocrcent.
2578 3925 2688 3999 Qui
2719 3925 2879 3988 enim
2913 3926 3114 3987 vendit
3144 3924 3449 3986 facultates
3478 3942 3634 3997 suas,
3670 3933 3730 3987 et

2078 4032 2178 4075 eas
2208 4014 2267 4075 in
2299 4034 2592 4096 pauperes
2621 4017 2809 4096 dispei
2832 4017 2919 4089 tit,
2956 4013 3257 4090 simulque
3287 4032 3357 4074 ac
3388 4014 3573 4074 semel
3601 4014 3730 4094 ipse

2076 4121 2301 4184 pauper
2332 4104 2418 4180 ﬁt,
2455 4103 2659 4165 omnia
2688 4106 2964 4166 mandata
3025 4102 3402 4184 particularia
3433 4103 3491 4163 in
3525 4122 3640 4163 uno
3675 4111 3734 4165 et

333 4205 437 4256 τῶν
495 4203 726 4278 μερικῶν
795 4194 1025 4252 ἐντολῶν
1082 4193 1448 4276 ἐξεπλήρωσεν
1484 4212 1496 4225 ³
1587 4200 1681 4256 οὒκ
1754 4194 1831 4251 ἔτι
1891 4197 1990 4276 γὰρ

2087 4192 2250 4253 simul
2277 4202 2589 4255 exsecutus
2613 4200 2720 4255 est.
2757 4196 2882 4257 Nec
2904 4192 3064 4254 enim
3093 4193 3166 4254 de
3188 4207 3403 4253 caetero
3437 4211 3582 4270 opus
3616 4193 3726 4252 ha-

334 4291 518 4370 χρείαν
548 4287 665 4367 ἔχει
693 4292 769 4362 τῷ
812 4284 1039 4342 αἰτοῦντι
1082 4283 1303 4366 διδόναι,
1363 4284 1400 4354 ἢ
1461 4286 1538 4362 μὴ
1584 4286 1988 4365 ἀποστραφῆναι

2087 4283 2175 4341 bet
2196 4281 2423 4361 petenti
2450 4282 2616 4357 dare,
2644 4292 2743 4345 aut
2762 4302 2877 4345 non
2900 4282 3087 4344 averti
3120 4280 3192 4344 ab
3214 4299 3306 4351 eo,
3333 4289 3434 4341 aut
3467 4299 3582 4370 non
3613 4278 3726 4370 fm-

333 4358 424 4436 τὸν
452 4377 663 4436 θέλονέα
705 4374 1033 4431 δανείσασθαι
1092 4372 1191 4430 ἀπῗ
1240 4375 1421 4446 αὐτοῦ,
1488 4374 1627 4431 οὕτω
1657 4375 1743 4430 καὶ
1772 4376 1801 4429 6
1830 4371 1986 4430 ἀδια-

2087 4358 2273 4431 aerari
2298 4371 2406 4433 illi.
2441 4370 2540 4435 Sic
2562 4373 2663 4453 qui
2689 4374 2911 4435 nullum
2947 4370 3233 4452 precandi
3267 4370 3446 4430 finem
3474 4365 3635 4445 facit,
3667 4368 3729 4430 in

332 4468 558 4541 λείπτως
615 4465 930 4543 εὒχόμενος,
975 4462 1030 4518 ἐν
1084 4464 1257 4537 τούτῳ
1311 4464 1486 4521 πάντα
1544 4462 1871 4536 συνέκλεισε,
1903 4464 1992 4519 καὶ

2087 4461 2187 4522 hoc
2217 4461 2418 4522 omnia
2448 4461 2722 4524 inclusit:
2788 4481 2896 4523 nec
2949 4460 3211 4540 amplius
3262 4459 3481 4538 septies
3537 4454 3595 4516 in
3630 4456 3729 4517 die

338 4564 434 4619 οὒκ
461 4557 537 4615 ἔτι
579 4555 798 4617 ἑπτάκις
829 4554 996 4610 αἰνεῖν
1025 4558 1124 4623 τῆς
1168 4553 1373 4633 ἡμέρας
1432 4557 1523 4611 τὸν
1586 4554 1793 4634 Κύριον,
1828 4553 1863 4621 ἢ
1895 4553 1991 4609 έσ-

2087 4550 2395 4613 Dominum
2430 4551 2696 4626 laudare,
2733 4559 2792 4613 et
2812 4544 3731 4630 vespere,etmane,etmeridie

333 4649 520 4730 πέρας,
566 4647 655 4705 καὶ
682 4646 828 4725 πρωλι
871 4643 961 4699 καὶ
1015 4643 1346 4724 μεσημϐρίας
1405 4643 1495 4703 ὑπ’
1552 4645 1794 4724 ἀνάγκην
1826 4642 1988 4717 ἐστὶν,

2087 4658 2322 4702 necesse
2357 4639 2534 4702 habet
2567 4658 2580 4703 :
2620 4650 2682 4703 ut
2711 4644 2808 4722 qui
2836 4641 2962 4720 jam
2996 4638 3200 4701 omnia
3254 4634 3545 4715 implevit,
3599 4653 3733 4715 quae

411 4818 473 4869 εὖ
496 4818 670 4882 Deut.
704 4830 806 4891 xv,
828 4814 891 4875 7.
979 4811 1041 4863 94
1068 4814 1274 4875 Matth.
1308 4829 1368 4889 v,
1401 4813 1499 4877 42.
1533 4845 1538 4849 -
1586 4812 1646 4864 25
1671 4811 1880 4877 Matth.
1912 4829 1994 4874 vn

2096 4860 2112 4886 ,
2147 4812 2206 4873 8.
2294 4808 2352 4859 93
2384 4810 2433 4873 ll
2461 4809 2596 4873 Cor.
2633 4829 2690 4886 v,
2725 4810 2822 4875 14.

422 4996 505 5081 (a)
534 4992 948 5081 ﬂectetimuit
976 4993 1244 5081 Simeon,
1278 5011 1369 5081 ea,
1403 5009 1535 5081 quae
1562 4988 2074 5081 capite‘superiori
2109 4989 2452 5081 tradiderat,
2487 4992 2666 5081 nimis
2696 4990 2847 5081 dura
2874 4989 3058 5081 visum
3084 4985 3178 5046 iri.
3210 4987 3364 5081 Vere
3395 4984 3554 5081 enim
3582 4992 3728 5081 dura

333 5066 500 5143 sunt:
521 5076 671 5152 Quid
704 5078 878 5139 sinec
904 5094 1040 5137 vera
1062 5074 1086 5136 ἲ
1106 5066 1241 5137 Non
1261 5066 1511 5137 enim'ut
1532 5066 1678 5132 aliis
1699 5076 1781 5132 sit
1800 5066 2098 5143 remissio,
2123 5071 2279 5131 vobis
2301 5079 2500 5134 autem
2522 5073 2849 5135 tribulatio.
2878 5071 2982 5132 sed
3007 5086 3086 5130 ειν
3108 5069 3481 5152 aequalitate,
3512 5066 3724 5152 inquit,

335 5145 650 5239 Apostolus
672 5158 722 5221 lI
742 5157 814 5220 ad
836 5153 969 5219 Cor.
993 5172 1118 5229 vm,
1145 5157 1471 5239 coh_ort_a_ns_
1490 5151 1720 5239 fideles,
1740 5152 2235 5239 ut_eg_enisopem_
2254 5152 2460 5239 ferant.
2489 5152 2948 5239 Quteaaqualitas
2975 5168 3089 5239 non
3214 5148 3328 5239 hoc
3358 5145 3640 5239 constitit,
3670 5155 3731 5239 ut

338 5227 442 5321 qui
463 5239 600 5321 quid
624 5240 823 5321 habet,
847 5227 1188 5321 exaequetur
1210 5235 1358 5297 nihil
1383 5232 1645 5321 habenti,
1669 5231 1772 5291 sed
1789 5231 1859 5321 in
1872 5227 2015 5306 hoc,
2043 5227 2109 5293 ut
2129 5237 2237 5310 qui
2250 5238 2521 5321 multum
2543 5227 2740 5312 habet;
2764 5252 2886 5297 mm
2925 5230 3211 5321 abundet,
3236 5227 3434 5321 dando
3464 5227 3733 5321 videliret

336 5308 540 5402 egenis
565 5320 625 5381 id
657 5308 822 5402 quod
844 5308 1221 5402 superﬂuum
1254 5325 1343 5378 est
1374 5336 1391 5392 ;
1429 5324 1487 5376 et
1523 5308 1981 5402 quijnpdicum,
2009 5308 2153 5402 non
2174 5314 2457 5402 minarat,
2497 5315 2607 5402 hoc
2638 5308 2752 5389 est,
2789 5325 2849 5376 ut
2872 5313 2971 5393 qui
2994 5327 3218 5402 pauper
3240 5318 3348 5380 est,
3380 5308 3730 5402 liberalitate

339 5389 534 5462 aliena
583 5389 842 5481 adjutus,
893 5389 1011 5459 non
1057 5389 1460 5481 magisatq'ue
1492 5389 1676 5481 magis
1709 5392 1770 5481 in
1802 5389 2077 5470 egestatis
2108 5392 2787 5481 incommodaincurrat
2817 5418 2844 5481 ;_
2866 5389 3006 5454 nam
3034 5400 3094 5481 u_t
3123 5390 3254 5481 quis
3275 5389 3622 5481 necessaria
3653 5389 3728 5481 ad

339 5481 515 5543 vitam
547 5468 775 5559 eroget,
809 5468 994 5560 seque
1024 5468 1271 5560 pauperi
1301 5468 1865 5560 erbgatisomnibus
1896 5491 2097 5560 parem
2131 5472 2342 5560 efﬁciat
2377 5495 2392 5547 ;
2437 5474 2510 5560 id
2562 5468 2955 5560 utinterdum
2987 5468 3216 5534 eximiae
3237 5468 3537 5560 charitatis
3567 5468 3727 5560 indi:

344 5548 1075 5644 ciumessevqueatf‘nulli
1106 5548 1304 5622 tamen
1337 5548 1446 5639 per
1476 5575 1540 5617 se
1569 5553 1870 5639 loquendo
1896 5548 2245 5639 praecipitur
2281 5573 2297 5631 ;
2348 5558 2570 5644 quique
2626 5558 2684 5626 id
2736 5576 2856 5625 non
2887 5554 3184 5642 observat,
3220 5550 3441 5613 nullius
3470 5548 3733 5619 mandati

337 5642 522 5708 divini
548 5659 692 5711 reus
714 5640 929 5724 peragi
960 5646 1172 5723 potest.
