4120 6398
354 290 473 358 667
1651 303 2013 368 SYMEONIE

2099 304 2424 368 'UNIORIS
3614 304 3735 372 668

354 429 666 508 canonice,
700 429 1114 516 distinctisque
1168 436 1538 517 temporibus
1578 444 1633 498 et
1664 437 1827 499 horis
1859 453 1998 515 pre-

2099 438 2160 501 ὣς
2207 434 2311 503 ἤδη
2355 437 2525 493 πάντα
2567 435 2958 517 πεπληρωκὼς,
3018 437 3117 494 ὅσα
3170 435 3232 495 ἂν
3293 443 3583 504 κανονικῶς
3645 440 3761 496 καὶο

358 522 567 581 camur
595 538 667 583 ac
698 522 1025 602 psallimus.
1075 522 1173 588 Sic
1230 524 1430 599 etiam,
1474 525 1575 606 qui
1625 529 1815 588 Deum
1844 527 1905 587 in
1939 544 2006 586 se

2099 525 2142 581 ἓν
2197 525 2585 606 ἀφωρισμένοις
2640 541 2851 607 καιροῖς
2895 530 2981 584 καὶ
3037 527 3197 608 ὥραις
3257 527 3522 608 εὒχόμεθά
3566 551 3625 584 τε
3649 530 3740 585 καὶ

356 608 626 672 habitare
645 611 776 684 scit,
804 631 838 673 a
857 633 973 694 quo
998 614 1341 677 hominibus
1369 614 1618 677 scientia
1646 616 1780 677 data
1800 624 1891 677 est
1917 616 1995 692 2Ἰ,

358 705 537 760 totam
562 699 924 781 Scripturam
950 703 1207 766 divinam
1235 707 1548 786 percurrit,
1582 714 1638 767 et
1684 713 1871 768 totum
1903 703 2003 787 qui

361 806 431 849 ex
455 788 712 851 lectione
732 792 1029 872 colligitur
1045 793 1295 857 fructum
1312 795 1573 877 percepit
1597 795 2006 877 ;necamplius

360 877 661 941 volumina
692 879 889 961 legere
918 892 1177 962 cogetur.
1214 883 1330 947 Cur
1348 885 1509 947 enim
1523 893 1855 965 cogeretur,
1872 903 2004 945 cum

362 984 499 1028 eum
529 968 630 1048 qui
661 970 1058 1051 scriptoribus
1087 990 1287 1034 sacras
1335 974 1674 1054 Scripturas
1702 972 2010 1055 inspiravit

363 1056 520 1136 apud
554 1076 619 1120 se
652 1059 1072 1123 collocutorem
1104 1062 1337 1137 habeat,
1373 1063 1518 1125 etab
1537 1082 1607 1123 eo
1624 1062 2006 1124 abscondito-

362 1164 494 1207 rum
523 1148 936 1225 mysteriorum
970 1168 1190 1213 arcana
1217 1152 1502 1215 doceatur
1523 1151 1717 1225 ?Quin
1734 1153 1862 1233 ipse
1881 1151 2014 1213 aliis

361 1234 515 1296 liber
548 1255 580 1298 a
609 1237 732 1300 Deo
762 1239 1081 1320 inspiratus
1114 1241 1227 1302 erit
1264 1260 1414 1303 nova
1445 1250 1502 1303 et
1530 1249 1730 1303 vetera
1757 1241 2013 1303 atierens

363 1327 648 1405 mysteria
675 1328 756 1404 28,
793 1330 1129 1411 conscripta
1159 1330 1345 1410 digito
1399 1332 1508 1393 Dei
1539 1331 1599 1393 in
1630 1332 1784 1413 ipso,
1816 1339 1883 1391 ut
1911 1330 2012 1411 qui

368 1416 688 1496 perfecerit
714 1420 934 1495 omnia,
963 1429 1018 1482 et
1045 1420 1334 1501 quieverit
1355 1422 1415 1482 in
1438 1421 1560 1484 Deo
1592 1421 1818 1502 (quiest
1846 1439 2010 1482 sum-

364 1523 459 1566 ma
488 1507 799 1588 perfectio)
830 1508 903 1571 ab
933 1509 1214 1574 omnibus
1243 1511 1524 1594 operibus
1552 1509 1676 1572 suis
1713 1511 1862 1590 (21).

454 1678 588 1781 lt9.
618 1679 874 1781 Pollutio
896 1690 1185 1781 nocturna
1198 1702 1264 1745 ex
1281 1683 1482 1781 multis
1495 1684 1688 1746 causis
1702 1681 2014 1765 provenire
2033 1715 2079 1781 Β

357 1766 513 1827 solet
547 1785 560 1829 :
597 1786 668 1829 ex
698 1767 981 1849 ingluvie,
1017 1789 1087 1832 ex
1147 1771 1450 1852 superbia,
1485 1781 1542 1832 et
1573 1791 1644 1834 ex
1675 1772 2008 1835 daemonum

366 1855 588 1918 invidia
620 1875 636 1933 ;
669 1859 859 1921 oritur
888 1860 1063 1922 etiam
1097 1882 1166 1923 ex
1197 1862 1368 1942 longa
1398 1861 1636 1941 vigilia;
1671 1880 1920 1943 corpore
1950 1862 2011 1922 in

364 1964 638 2026 soporem
664 1956 928 2020 nutante,
957 1959 1013 2013 et
1038 1972 1105 2013 ex
1127 1952 1338 2014 timore
1357 1971 1430 2014 ne
1452 1952 1604 2014 istud
1630 1952 1878 2015 accidat.
1903 1951 2012 2013 Vel

364 2033 415 2096 si
447 2034 579 2115 quis
636 2041 917 2102 sacerdos
972 2042 1230 2104 divinam
1286 2042 1604 2123 Liturgiam
1657 2049 1755 2102 aut
1785 2060 2011 2104 sacram

366 2128 850 2215 communionem
870 2141 1132 2212 peragat,
1156 2134 1333 2215 idque
1345 2130 1790 2213 cogitanssimul
1807 2132 2008 2193 timeat

364 2232 441 2275 ne
467 2214 609 2277 illud
640 2217 700 2278 in
732 2217 883 2281 lecto
913 2220 1184 2300 patiatur,
1216 2214 1442 2286 cubans
1475 2222 1733 2302 patitur:
1765 2221 1923 2302 quod
1957 2228 2015 2281 et

359 2304 696 2394 dmmonum
733 2308 953 2371 invidia
977 2313 1284 2392 contingit.
1319 2312 1390 2374 Et
1422 2312 1662 2394 quidem
1694 2312 1809 2372 alio
1834 2310 2011 2371 modo

363 2393 464 2455 lit:
493 2394 709 2476 aliquis
730 2397 915 2461 visum
943 2400 1002 2462 in
1028 2401 1123 2464 die
1143 2403 1366 2464 vultum
1400 2393 1682 2464 decorum
1719 2410 1922 2477 postea
1951 2399 2009 2460 in

362 2482 787 2563 imaginatione
820 2489 930 2550 sibi
954 2500 1388 2572 reprazsenlans
1414 2514 1426 2551 :
1451 2492 1509 2551 in
1535 2489 1776 2551 lubricis
1800 2491 2012 2568 cogita-

364 2572 628 2636 tionibus
653 2575 1066 2655 obdormiscit,
1118 2599 1336 2660 easque
1369 2599 1489 2662 pra:
1520 2578 1749 2659 ignavia
1773 2597 1889 2640 non
1908 2596 2010 2638 re-

364 2662 615 2744 pellens,
640 2667 1065 2730 somniathaud
1085 2688 1260 2731 secus
1279 2688 1347 2731 ac
1394 2669 1526 2748 vigil
1561 2673 1618 2729 in
1653 2668 1806 2730 lecto
1836 2686 2014 2728 recu-

367 2751 532 2813 bans.
566 2754 705 2816 Alio
736 2756 872 2818 dein
908 2759 1081 2819 modo
1114 2759 1363 2821 accidit:
1400 2757 1642 2839 quidam
1670 2755 2014 2835 suntignavi

368 2840 524 2921 (meo
556 2842 795 2923 quidem
823 2846 1104 2925 judicio‘,
1138 2848 1439 2922 sedentes,
1467 2845 2014 2924 dequelibidinosis

364 2931 775 3011 colloquentes
810 2937 1013 3018 rebus,
1045 2938 1116 3000 ad
1150 2938 1461 2999 libidinem
1496 2936 1859 2997 incitandam
1891 2934 2014 2996 sive

2088 614 2362 692 ψάλλομεν
2397 632 2411 646 ⁹
2447 616 2585 673 οὕτω
2613 618 2701 674 καὶ
2730 620 2757 674 ὁ
2802 618 2891 675 τὸν
2943 614 3149 674 διδόντα
3206 624 3399 696 γνῶσιν
3442 618 3738 697 ἀνθρώποις

2090 706 2219 760 Θεὸν
2291 704 2344 760 ἐν
2402 705 2572 779 ἔα..τῷ
2628 712 2880 784 γνωστῶς
2949 706 3310 781 κτησάμενος,
3369 713 3544 763 πᾶσαν
3587 708 3739 785 ἁγίαν

2090 791 2268 860 διῆλθε
2327 797 2560 876 Γραφὴν,
2611 796 2698 852 καὶ
2766 803 2939 853 πᾶσαν
2983 796 3082 863 τὴν
3141 795 3200 852 ἐκ
3241 801 3340 863 τῆς
3392 796 3737 876 ἀναγνώσεως

2090 880 2347 963 ὠφέλειαν
2379 882 2746 963 ἐκαρπώσατο,
2808 886 2897 941 καὶ
2953 885 3048 942 οὒκ
3103 883 3178 941 ἔτι
3224 882 3441 961 βιϐλίων
3492 885 3740 963 ἀναγνώ-

2092 994 2225 1038 σεως
2272 969 2583 1042 δεηθήσεται
2617 989 2633 1006 ⁸
2680 979 2793 1037 πῶς
2851 974 2950 1053 γὰρ
3007 975 3035 1030 ὁ
3092 974 3182 1030 τὸν
3230 972 3592 1050 ἐμπνεύσαντα
3620 987 3740 1038 τοῖς

2090 1066 2185 1129 τὰς
2251 1063 2389 1126 Θείας
2447 1062 2653 1142 Γραφὰς
2714 1063 3002 1144 γεγραφόσι
3061 1061 3341 1139 συνόμιλον
3413 1063 3741 1140 κεκτημένος

2091 1156 2180 1213 καὶ
2207 1151 2332 1233 παρ’
2386 1152 2585 1209 ἐκείνου
2633 1154 2931 1229 μυούμενος
2986 1152 3052 1207 τὰ
3098 1158 3205 1207 τῶν
3261 1151 3743 1233 ἆποκεκρυμμένων

2096 1244 2399 1322 μυστηρίων
2442 1239 2714 1320 ἆπόῤῥητα
2747 1260 2763 1322 ς
2825 1240 2961 1298 ἀλλὰ
2991 1237 3349 1319 βίῶοςκοῦτος
3392 1255 3509 1306 τοῖς
3562 1240 3745 1305 ἄλλοις

2095 1334 2438 1396 θεόπνευστος
2467 1332 2633 1409 ἔσται,
2680 1334 2837 1389 καινά
2865 1354 2922 1388 τε
2959 1335 3047 1390 καὶ
3077 1332 3313 1390 παλαικὰ
3356 1332 3616 1412 μυστήρια
3646 1331 3748 1412 φέ-

2099 1445 2280 1503 ρουσα,
2314 1424 2656 1501 γεγραμμένα
2685 1419 2924 1496 δακτύλῳ
2955 1430 3086 1480 Θεοῦ
3128 1423 3182 1479 ὲν
3226 1423 3367 1497 αὒτῷ
3402 1437 3415 1451 ·
3476 1423 3549 1486 ὡς
3578 1422 3755 1479 πάντα

2097 1511 2316 1576 τελέσας
2348 1514 2435 1568 καὶ
2478 1534 2612 1569 κατα
2626 1512 2819 1575 παύσας
2849 1511 2903 1568 ἐν
2952 1519 3067 1588 Θεῷ
3116 1519 3186 1590 τῇ
3215 1512 3418 1593 ἀρχικῇ
3448 1510 3748 1579 τελειότητι

2096 1601 2202 1659 ἀπὸ
2245 1602 2458 1680 πάντων
2499 1607 2603 1656 τῶν
2636 1599 2801 1680 ’έργων
2831 1600 3009 1660 αὖτοῦ.

2175 1679 2293 1771 ριθ’.
2343 1681 2404 1747 Ἢ
2432 1687 2549 1746 καθ’
2606 1679 2796 1751 ὕπνους
2854 1690 3021 1767 ῥεῦσις
3078 1689 3138 1747 ἐκ
3192 1689 3404 1748 πολλῶν
3447 1690 3746 1748 ὑποθέσεων

2094 1781 2251 1838 εἴωθε
2305 1781 2557 1860 γίνεσθαι,
2630 1778 2691 1836 ὲκ
2764 1781 3201 1861 γαστριμαργίας,
3285 1779 3345 1836 ἐκ
3421 1779 3743 1861 κενονοξίας,

2094 1873 2182 1927 καὶ
2211 1870 2270 1928 ἐκ
2301 1870 2490 1950 φθόνου
2517 1876 2619 1926 τῶν
2677 1868 2939 1946 δαιμόνων
2974 1885 2989 1899 ·
3052 1870 3249 1949 γίνεται
3299 1867 3352 1925 δὲ
3399 1871 3487 1926 καὶ
3516 1868 3574 1926 ἐκ
3600 1869 3745 1927 πολ-

2094 1960 2194 2028 λῆς
2230 1960 2541 2040 ἀγρυπτίας,
2574 1960 2647 2023 εἷς
2705 1957 2866 2015 ὕπνον
2920 1958 3279 2039 χαυνουμένου
3336 1966 3427 2016 τοῦ
3470 1960 3745 2035 σώματος,

2093 2052 2183 2107 καὶ
2210 2050 2315 2106 ἀπὸ
2346 2048 2491 2113 δέους
2521 2058 2614 2107 τοῦ
2647 2050 2724 2124 μὴ
2767 2057 2921 2107 τοῦτο
2977 2051 3167 2105 παθεῖν
3200 2067 3213 2081 ·
3273 2048 3308 2116 ἢ
3354 2046 3439 2105 διὰ
3468 2050 3563 2116 την
3606 2051 3751 2106 θείαν

2095 2138 2420 2219 λειτουργίαν
2464 2137 2643 2217 ἱερέως
2686 2139 2829 2201 τινὸς
2859 2136 3035 2217 ὄντος,
3065 2138 3100 2206 ἢ
3143 2140 3229 2195 καὶ
3286 2135 3369 2194 διὰ
3420 2140 3515 2206 τὴν
3547 2160 3751 2195 κοινω-

2098 2229 2231 2302 νίαν,
2263 2231 2496 2293 καὶτοῖς
2557 2227 2845 2307 λογισμοῒς
2900 2226 3190 2299 συνδυᾶζων
3248 2228 3453 2292 τούτοις
3508 2233 3607 2295 τῆς
3638 2226 3753 2284 δει-

2097 2317 2210 2383 λίας
2241 2318 2293 2374 ἐν
2324 2325 2390 2394 τῇ
2419 2316 2594 2394 κλίνῇ.
2628 2327 2720 2377 τοῦ
2771 2319 2953 2393 μέπως
3009 2321 3220 2389 παθεῖν,
3280 2318 3552 2394 κοιμηθεὶς
3595 2325 3751 2375 τοῦτο

2094 2408 2351 2465 πέπονθεν
2387 2424 2400 2438 ’
2436 2408 2463 2464 ὃ
2506 2410 2594 2464 καὶ
2646 2409 2771 2464 αὐτὸ
2828 2407 3015 2487 φθόνου
3071 2404 3333 2482 δαιμόνων
3360 2408 3608 2487 ὑπάρχει.
3648 2409 3752 2466 Καὶ

2096 2495 2268 2562 ἄλλως
2330 2496 2434 2554 δέ’
2508 2497 2756 2576 ἑωρακώς
2812 2518 2891 2559 τις
2947 2496 3165 2553 εῧοπτον
3224 2496 3507 2574 πρόσωπον
3567 2495 3621 2552 ἐν
3677 2504 3749 2575 τῇ

2096 2589 2290 2667 ἡμέρᾳ,
2352 2591 2473 2644 εἶτα
2523 2587 2811 2665 ἀνιστορῶν
2881 2596 3033 2645 τοῦτο
3089 2586 3225 2643 κατὰ
3268 2584 3520 2656 διάνοιαν,
3588 2608 3750 2643 συνυ-

2096 2677 2294 2733 πνώσει
2324 2690 2440 2740 τοτς
2471 2689 2744 2749 πορνικοϊς
2800 2674 3084 2754 λογισμοῖς
3119 2692 3132 2705 ’
3196 2672 3280 2732 διὰ
3332 2676 3639 2756 χαυνότητα
3670 2679 3749 2753 μὴ

2096 2766 2447 2842 ἀπωσάμενος
2502 2765 2710 2844 αὖτοὺς,
2768 2765 2946 2821 πίπτει
3003 2762 3122 2821 καθ’
3174 2763 3390 2837 ὕπνους,
3463 2764 3599 2829 ἴσως
3661 2768 3751 2823 καὶ

2095 2856 2398 2935 ἐγρηγορὼς
2454 2856 2693 2930 κε’μενος
2738 2853 2791 2910 ἐν
2820 2859 2889 2931 τῇ
2919 2855 3093 2930 κοίτῃ,
3129 2855 3228 2913 Καὶ
3272 2852 3445 2917 ἄλλως
3497 2852 3551 2910 δέ
3583 2871 3597 2885 ’
3650 2857 3753 2912 εἶσί

2094 2966 2229 3009 τινες
2288 2944 2504 3023 ρᾴθυμοι
2563 2940 2678 3000 κατ’
2733 2943 2851 3019 έμξ,
2912 2944 3274 3021 καθεζόμενοι,
3342 2944 3428 2998 καὶ
3484 2943 3603 3022 περὶ
3644 2943 3749 3018 έμ-

364 3018 815 3098 aliter;deinde
841 3025 1053 3086 lectum
1080 3034 1370 3105 petentes,
1399 3044 1616 3106 easque
1656 3024 1715 3084 in
1754 3031 2012 3085 mentem

2099 3039 2271 3092 παθῶν
2333 3033 2638 3109 ὁμιλοῦντες
2696 3033 3047 3112 πραγμάτων,
3124 3030 3160 3100 ἢ
3219 3033 3308 3088 καὶ
3363 3031 3637 3112 ἐμπαθῶς,
3710 3033 3746 3101 ἢ

365 3119 736 3181 revocantes,
773 3123 830 3174 et
861 3134 994 3176 cum
1051 3115 1195 3197 ipsis
1224 3115 1694 3181 obdormientes,
1731 3113 1874 3174 illud
1912 3131 2017 3193 per

364 3215 641 3261 somnum
675 3202 1081 3282 experiuntur.
1111 3204 1339 3268 Pariter
1368 3224 1434 3266 ex
1468 3204 1597 3284 ipso
1629 3220 1905 3264 sermone
1926 3203 2014 3263 al-

364 3287 550 3350 terius
571 3289 850 3353 damnum
874 3294 1088 3375 aliquis
1127 3295 1362 3376 patitur.
1390 3294 1760 3375 Quapropter
1785 3300 2019 3371 oportet

364 3378 526 3440 omni
558 3399 700 3442 cura
729 3382 844 3443 sibi
875 3383 1202 3463 invigilare,
1240 3397 1296 3447 et
1328 3386 1455 3447 haec
1488 3384 1802 3464 Prophetas
1834 3380 2019 3444 verba

368 3469 686 3533 meditari:
748 3471 1134 3535 Providebam
1190 3473 1509 3536 Dominum
1570 3474 1630 3534 in
1691 3478 2012 3551 conspectu

363 3576 497 3622 meo
530 3578 789 3642 semper,
825 3563 1102 3644 quoniam
1133 3583 1168 3624 a
1197 3563 1420 3625 dextris
1452 3570 1540 3624 est
1571 3561 1742 3633 mihi,
1767 3578 1841 3622 ne
1859 3578 2011 3621 com-

367 3667 623 3724 movcar,
679 3678 701 3708 »
767 3660 825 3712 et
879 3671 1051 3714 aures
1108 3652 1181 3713 ab
1218 3647 1575 3714 istiusmodi
1634 3648 2010 3712 sermonibus

364 3741 744 3818 praemunire.
783 3740 1008 3822 Saepius
1038 3741 1212 3804 etiam
1264 3741 1444 3822 aliqui
1477 3740 1548 3802 ab
1582 3740 1850 3801 oratione.
1879 3757 2007 3800 ces-

363 3834 567 3891 santes
604 3829 665 3890 in
697 3838 892 3891 motus
949 3832 1219 3893 carnales
1274 3831 1518 3912 impulsi
1575 3839 1731 3900 sunt,
1767 3827 1921 3890 sicut
1949 3828 2008 3887 in

363 3918 556 3999 capite
586 3919 659 3980 de
697 3921 966 3982 oratione
997 3921 1387 3983 ostendimus.

450 4200 588 4265 120.
620 4203 844 4278 Frater,
871 4204 1065 4266 statim
1105 4223 1172 4266 ac
1202 4203 1422 4264 mundo
1461 4198 1814 4270 valedixisti,
1849 4196 2020 4259 stude

2091 3127 2180 3181 καὶ
2209 3122 2289 3191 οὕ,
2325 3123 2447 3180 εἶτα
2487 3121 2541 3177 ἐν
2595 3120 2662 3199 τῇ
2714 3122 2866 3197 κοίτῃ
2915 3119 3223 3201 ἐρχόμενοι,
3281 3122 3369 3177 καὶ
3424 3130 3589 3179 ταῦτα
3615 3121 3749 3178 κατὰ

2093 3220 2211 3271 νοῦν
2259 3211 2692 3292 ἀναστρέφοντες,
2748 3212 2835 3267 καὶ
2890 3215 2960 3287 τῇ
3012 3211 3213 3267 τούτων
3269 3207 3560 3292 συνδριάσει
3619 3208 3747 3265 ἐνα-

2094 3303 2514 3381 ποκοιμώμενοι,
2569 3299 2685 3357 καθ’
2733 3299 2924 3363 ὕπνους
2980 3301 3312 3379 ὑφίστανται,
3373 3279 3522 3364 "loco:
3577 3298 3756 3355 δὲκαὶ

2093 3391 2210 3450 κατ’
2272 3393 2434 3460 αὐτὴν
2492 3392 2589 3458 τὴν
2649 3390 2860 3467 ὁμιλίαν
2916 3396 3009 3446 τοῦ
3063 3389 3279 3461 θατέρου
3344 3389 3615 3469 ἀνθρώπου
3652 3389 3753 3446 θά-

2094 3505 2242 3562 τερος
2274 3482 2373 3549 τὴν
2416 3478 2622 3558 βλάϐην
2664 3478 2896 3545 ἐδέξατο.
2962 3479 3060 3535 Διὰ
3115 3488 3271 3538 τοῦτο
3327 3478 3615 3559 προσέχειν
3669 3476 3755 3535 δεῖ

2096 3572 2310 3635 ἑαυτοὺς
2369 3572 2618 3650 πάντοτε,
2684 3570 2772 3626 καὶ
2845 3571 2905 3625 τὸ
2980 3578 3073 3627 τοῦ
3129 3570 3406 3649 Προφήτου
3476 3567 3703 3643 μελετᾷν
3738 3583 3751 3598 ’

2100 3681 2122 3714 ιι
2188 3662 2529 3741 Προωρώμην
2586 3663 2677 3715 τὸν
2748 3659 2937 3739 Κύριον
3005 3657 3229 3714 ἐνώπιόν
3297 3679 3401 3733 μου
3459 3655 3753 3721 διαπαντὸς

2093 3749 2173 3806 ὅτι
2202 3751 2263 3807 ἐκ
2291 3749 2469 3816 δεξιῶν
2501 3749 2600 3823 μού
2628 3747 2791 3824 ἐστιν,
2823 3747 2915 3805 ἵνα
2960 3748 3037 3824 μὴ
3090 3745 3328 3803 σαλευθῶ
3357 3766 3372 3781 ⁸
3425 3768 3449 3804 ι)
3513 3748 3601 3803 καὶ
3655 3747 3752 3810 τὰς

2094 3840 2259 3903 ἀκοὰς
2316 3839 2668 3919 ἀποφράττειν
2721 3850 2839 3901 τοῖς
2888 3837 3147 3900 τοιούτοις
3204 3834 3409 3914 λόγοις.
3474 3834 3744 3900 Πολλάκις

2094 3931 2183 3986 καὶ
2250 3934 2349 3995 τῆς
2400 3928 2570 4009 air/ﬁt;
2627 3948 2764 3991 τινες
2818 3925 3324 4007 ἂπασχολήσαντες,
3386 3928 3459 3990 εὶς
3515 3927 3751 3996 κινήσεις

2097 4018 2348 4098 σαρκικὰς
2396 4018 2826 4093 συνωθήσθησαν,
2872 4018 3003 4074 κατὸ
3050 4016 3137 4072 καὶ
3193 4015 3248 4071 ἐν
3290 4022 3368 4091 τῷ
3424 4021 3523 4083 τῆς
3581 4017 3752 4095 εὖχῆς

2099 4107 2369 4189 κεφαλαίῳ
2399 4105 2765 4182 ἐδηλώσαμεν.

2179 4189 2282 4278 ρκ’.
2317 4197 2560 4281 Ἀδελφέ,
2612 4198 2664 4255 ἐν
2712 4205 2781 4276 τῇ
2838 4196 2986 4277 ἀρχῇ
3029 4202 3128 4265 τῆς
3183 4197 3463 4275 ἄποτα-(ἦς
3520 4192 3755 4252 σπούδα-

366 4290 646 4371 pulchras
668 4291 910 4355 virtutes
931 4293 993 4356 in
1020 4294 1209 4374 teipso
1248 4292 1538 4367 inserere,
1573 4298 1715 4350 utet
1745 4306 2013 4349 commu-

2099 4312 2186 4346 σον
2216 4289 2383 4351 καλὰς
2427 4290 2616 4367 αρετὰς
2680 4287 2734 4343 ἐν
2786 4294 2990 4361 σεαυτῷ
3049 4294 3322 4367 φυτεῦσαι,
3384 4286 3530 4351 ὅπως
3559 4286 3646 4342 καὶ
3679 4293 3756 4360 τῷ

369 4380 537 4442 nitati
572 4382 676 4444 tias
706 4382 890 4464 utilis,
924 4393 982 4444 et
1008 4402 1072 4444 se
1108 4372 1469 4460 imagnilicet
1497 4397 1675 4458 supra
1703 4376 2013 4438 inferiores

2099 4384 2258 4453 κοινῷ
2289 4379 2419 4455 γένῃ
2453 4379 2747 4457 χρήσιμος,
2795 4377 2884 4433 καὶ
2935 4377 3012 4464 σὲ,
3039 4376 3321 4454 μεγαλύνει
3364 4374 3448 4433 ἐπ’
3508 4375 3757 4455 ἐσχάτων

368 4469 677 4535 Dominus.
712 4471 797 4533 Ne
831 4492 1090 4554 unquam
1124 4473 1366 4534 ali'ectes
1396 4469 1856 4531 familiaritatem
1881 4486 2014 4527 cum

371 4562 702 4640 superiore,
735 4571 799 4623 ut
821 4562 959 4624 al.bi
983 4563 1262 4636 diximus,
1289 4580 1396 4622 nec
1420 4561 1565 4621 velis
1597 4558 1670 4619 ab
1703 4558 1802 4618 illo
1835 4556 2017 4617 hono-

365 4650 486 4711 rari
514 4671 529 4725 ;
565 4670 638 4712 ne
671 4661 872 4734 captes
899 4653 1219 4714 amicitiam
1245 4650 1642 4732 superiorum,
1681 4666 1789 4708 nec
1807 4664 2013 4707 eorum

368 4738 550 4801 cellas
584 4740 917 4806 circumeas
948 4760 1178 4803 memor
1227 4739 1367 4801 inde
1426 4739 1550 4800 fore
1582 4746 1643 4797 ut
1675 4754 1790 4797 non
1823 4735 2016 4796 solum

444 4910 503 4960 9⁷
533 4911 691 4975 Psal.
726 4929 926 4987 cxvm,
960 4912 1059 4977 66.
1144 4912 1203 4962 93
1233 4911 1439 4976 Matth.
1469 4925 1594 4982 xm,
1630 4906 1730 4969 5'2.

448 5089 571 5171 (Et)
605 5094 906 5154 Pontvnus
954 5089 1121 5153 addit
1177 5089 1295 5151 duo
1353 5087 1661 5170 sequentia
1709 5086 2011 5171 capitula:

372 5194 393 5225 α
432 5167 741 5243 Quodnam
776 5172 1030 5252 primum
1052 5180 1159 5243 est,
1182 5180 1240 5231 et
1260 5167 1483 5252 majus,
1510 5167 1875 5249 etquomodo
1894 5167 2020 5252 haec

366 5253 578 5314 ordine
608 5252 735 5313 lieri
777 5248 1280 5314 consueverunt?
1340 5248 1611 5311 Primum
1658 5257 1747 5309 est
1801 5248 2013 5321 oratio,

366 5331 588 5393 deinde
618 5332 1000 5414 illuminatio,
1027 5344 1229 5414 postea
1250 5331 1585 5414 illustratio,
1607 5329 1821 5414 etbinc
1855 5329 2018 5414 inge-

368 5413 788 5495 ne_ratur_visio
808 5409 1005 5475 rerum
1028 5409 1165 5495 qua:
1188 5412 1244 5495 i_n
1280 5412 1503 5495 lumine
1526 5420 1663 5471 sunt
1705 5409 2015 5495 Quomodo

365 5493 524 5574 enim
554 5492 678 5556 sole
711 5512 825 5557 non
861 5487 1095 5556 lucente
1126 5493 1417 5574 quispiam
1438 5492 1718 5574 illustrari
1742 5494 1770 5551 ἶ)
1794 5499 1893 5551 aut
1916 5487 2017 5574 qui

364 5572 572 5635 oculos
604 5574 865 5652 perfecte
896 5569 1278 5635 illuminatos'
1316 5592 1435 5635 non
1485 5571 1684 5653 habet,
1717 5569 2014 5653 quomodo

366 5652 705 5736 quempiam
736 5653 953 5736 videre
969 5662 1165 5736 potest
1191 5653 1223 5736 fi

450 5751 472 5789 ι
497 5730 676 5804 Quies
703 5730 1053 5812 monastica,
1081 5742 1171 5799 est
1190 5734 1654 5816 imperturbatus
1675 5730 1860 5794 animi
1892 5738 2015 5792 sta-

2096 4470 2123 4524 ὁ
2204 4468 2410 4547 Κύριος,
2500 4468 2589 4534 Μὴ
2667 4467 2843 4541 κτήσῃ
2916 4463 3210 4544 παρρησίαν
3268 4466 3400 4541 μετά
3458 4463 3755 4544 ἡγουμένου

2100 4556 2251 4635 ποτὲ,
2285 4557 2418 4613 καθὰ
2460 4558 2547 4613 καὶ
2577 4553 2767 4613 ἄλλοτε
2797 4553 3043 4629 εἴπομεν,
3100 4552 3236 4626 μηδὲ
3278 4556 3426 4627 ζήτει
3483 4550 3607 4632 παρ’
3650 4556 3751 4611 αὖ·

2097 4652 2189 4703 τοῦ
2217 4646 2379 4721 τιμήν
2417 4664 2428 4678 ·
2494 4646 2571 4719 μὴ
2620 4645 2801 4720 πτήσῃ
2850 4642 3026 4723 φιλίαν
3058 4645 3192 4719 μετὰ
3221 4650 3324 4700 τῶν
3354 4642 3696 4723 προεχόντων
3735 4656 3751 4672 ⁸

2100 4732 2235 4811 μηδέ
2279 4735 2371 4799 τὰς
2430 4735 2599 4793 αὒτῶν
2656 4732 2849 4798 κέλλας
2904 4732 3122 4790 κύκλευε
3159 4748 3172 4762 '
3236 4733 3513 4811 γινώσκων
3562 4734 3636 4795 ὡς
3694 4731 3751 4789 ἐν

2102 5091 2217 5158 tus,
2250 5081 2472 5150 liberae.
2508 5090 2566 5143 et
2591 5082 2939 5145 exsultantis
2998 5082 3211 5144 animae
3241 5077 3558 5158 rerenitas.
3594 5075 3755 5138 basis

2143 5163 2366 5225 uaadam
2399 5163 2619 5237 cordis,
2655 5164 2831 5226 nullis
2859 5163 3070 5241 agitata
3098 5159 3313 5241 turbis,
3367 5157 3543 5241 nullis
3574 5159 3755 5241 inuti-3

2143 5183 2366 5225 uaauam
2399 5183 2619 5237 cordis,
2655 5183 2831 5226 nutus
2859 5183 3070 5241 agitata
3098 5183 3313 5235 iui-nis,
3367 5183 3543 5219 nuuls
3574 5183 3746 5218 ιηυιι-

2100 5183 2234 5307 38ιᾶ
2263 5243 2560 5317 fluctibus,
2594 5243 3011 5323 contemplatio
3070 5240 3335 5323 luminis,
3371 5237 3614 5323 mystica
3639 5235 3746 5299 Dei

2099 5324 2377 5404 cognitio,
2412 5343 2612 5386 sermo
2671 5318 2999 5405 sapientiae,
3060 5320 3306 5403 abyssus
3362 5318 3751 5405 consiliorum

2098 5398 2228 5480 Dei,
2261 5398 2463 5486 raptus
2487 5398 2931 5486 mengtisfﬁpura
2978 5398 3155 5486 cum:
3181 5405 3303 5486 Deo
3352 5398 3750 5486 conversatio,

2100 5478 2307 5548 oculus
2332 5478 2605 5566 pervigil,
2628 5478 3048 5566 intellectualis
3069 5482 3360 5566 adoratio,
3397 5478 3536 5566 unio
3570 5487 3628 5542 et
3656 5495 3752 5566 c9-

2100 5566 2324 5647 pulatio
2341 5558 2476 5628 cum
2501 5558 2646 5647 Deo,
2675 5565 2989 5647 terminus,
3016 5561 3346 5647 Deiﬁcatio,
3370 5560 3506 5647 etin
3524 5558 3756 5638 magnis

2102 5640 2374 5722 iisceticae
2402 5648 2533 5710 vitae
2561 5644 2864 5709 laboribus
2892 5645 3022 5707 sine
3052 5642 3255 5706 labore
3284 5640 3545 5724 requies.
3585 5664 3613 5695 ι»
