  <div class='ocr_page' id='page_1' title='image "/cluster/home/n/w/nwhite01/storage/ocr_20150623/120/coo.31924054870245/342.png"; bbox 0 0 4120 6424; ppageno 0'>
   <div class='ocr_carea' id='block_1_1' title="bbox 394 328 3775 406">
    <p class='ocr_par' dir='ltr' id='par_1_1' title="bbox 394 328 3775 406">
     <span class='ocr_line' id='line_1_1' title="bbox 394 328 3775 406; baseline -0.003 -2"><span class='ocrx_word' id='word_1_1' title='bbox 394 336 511 404; x_wconf 80' lang='grc'><strong>669</strong></span> <span class='ocrx_word' id='word_1_2' title='bbox 1743 340 2026 405; x_wconf 81' lang='lat' dir='ltr'><strong>CAPITA</strong></span> <span class='ocrx_word' id='word_1_3' title='bbox 2065 335 2426 406; x_wconf 71' lang='lat' dir='ltr'><strong>HORALIA.</strong></span> <span class='ocrx_word' id='word_1_4' title='bbox 3655 328 3775 396; x_wconf 84' lang='lat'><strong>670</strong></span> 
     </span>
    </p>
   </div>
   <div class='ocr_carea' id='block_1_2' title="bbox 387 470 1996 557">
    <p class='ocr_par' dir='ltr' id='par_1_2' title="bbox 387 470 1996 557">
     <span class='ocr_line' id='line_1_2' title="bbox 387 470 1996 557; baseline 0.002 -27"><span class='ocrx_word' id='word_1_5' title='bbox 387 473 557 546; x_wconf 85' lang='grc' dir='ltr'>τούτῳ</span> <span class='ocrx_word' id='word_1_6' title='bbox 583 476 643 533; x_wconf 78' lang='grc' dir='ltr'>οὗ</span> <span class='ocrx_word' id='word_1_7' title='bbox 691 473 850 550; x_wconf 87' lang='grc' dir='ltr'>μόνον</span> <span class='ocrx_word' id='word_1_8' title='bbox 907 475 969 531; x_wconf 84' lang='grc' dir='ltr'>τὸ</span> <span class='ocrx_word' id='word_1_9' title='bbox 1025 477 1124 542; x_wconf 80' lang='grc' dir='ltr'>τῆς</span> <span class='ocrx_word' id='word_1_10' title='bbox 1178 470 1473 541; x_wconf 76' lang='grc' dir='ltr'><strong>κενοδοξίας</strong></span> <span class='ocrx_word' id='word_1_11' title='bbox 1527 475 1691 540; x_wconf 80' lang='grc' dir='ltr'>πάθος</span> <span class='ocrx_word' id='word_1_12' title='bbox 1736 475 1906 554; x_wconf 80' lang='grc' dir='ltr'>ῥιζοῦν</span> <span class='ocrx_word' id='word_1_13' title='bbox 1934 476 1996 557; x_wconf 76' lang='grc' dir='ltr'><strong>ἄρ</strong></span> 
     </span>
    </p>
   </div>
   <div class='ocr_carea' id='block_1_3' title="bbox 2086 470 3765 557">
    <p class='ocr_par' dir='ltr' id='par_1_3' title="bbox 2086 470 3765 556">
     <span class='ocr_line' id='line_1_3' title="bbox 2086 470 3765 556; baseline -0.006 -15"><span class='ocrx_word' id='word_1_14' title='bbox 2086 474 2414 556; x_wconf 66' lang='grc' dir='ltr'>ιειιρετδίω</span> <span class='ocrx_word' id='word_1_15' title='bbox 2430 473 2634 537; x_wconf 79' lang='lat' dir='ltr'><strong>vitium</strong></span> <span class='ocrx_word' id='word_1_16' title='bbox 2664 475 2727 537; x_wconf 91' lang='lat' dir='ltr'><strong>in</strong></span> <span class='ocrx_word' id='word_1_17' title='bbox 2759 481 2815 536; x_wconf 90' lang='lat' dir='ltr'><strong>te</strong></span> <span class='ocrx_word' id='word_1_18' title='bbox 2846 473 3099 538; x_wconf 89' lang='lat' dir='ltr'><strong>radicari</strong></span> <span class='ocrx_word' id='word_1_19' title='bbox 3128 473 3398 555; x_wconf 81' lang='lat' dir='ltr'><strong>incipiat,</strong></span> <span class='ocrx_word' id='word_1_20' title='bbox 3429 471 3547 535; x_wconf 89' lang='lat' dir='ltr'><strong>sed</strong></span> <span class='ocrx_word' id='word_1_21' title='bbox 3586 470 3765 534; x_wconf 90' lang='lat' dir='ltr'><strong>etiam</strong></span> 
     </span>
    </p>
   </div>
   <div class='ocr_carea' id='block_1_4' title="bbox 388 560 1996 646">
    <p class='ocr_par' dir='ltr' id='par_1_4' title="bbox 388 562 1996 646">
     <span class='ocr_line' id='line_1_4' title="bbox 388 562 1996 646; baseline 0.002 -26"><span class='ocrx_word' id='word_1_22' title='bbox 388 585 543 644; x_wconf 86' lang='grc' dir='ltr'>χεται</span> <span class='ocrx_word' id='word_1_23' title='bbox 574 562 628 619; x_wconf 82' lang='grc' dir='ltr'>ἐν</span> <span class='ocrx_word' id='word_1_24' title='bbox 660 565 761 644; x_wconf 85' lang='grc' dir='ltr'>σοὶ,</span> <span class='ocrx_word' id='word_1_25' title='bbox 808 562 945 621; x_wconf 74' lang='grc' dir='ltr'>ἀλλὰ</span> <span class='ocrx_word' id='word_1_26' title='bbox 984 565 1075 621; x_wconf 82' lang='grc' dir='ltr'><strong>καὶ</strong></span> <span class='ocrx_word' id='word_1_27' title='bbox 1115 565 1342 639; x_wconf 84' lang='grc' dir='ltr'>μισητὸς</span> <span class='ocrx_word' id='word_1_28' title='bbox 1397 565 1540 645; x_wconf 77' lang='grc' dir='ltr'>παρὰ</span> <span class='ocrx_word' id='word_1_29' title='bbox 1581 572 1671 622; x_wconf 78' lang='grc' dir='ltr'><strong>τοῦ</strong></span> <span class='ocrx_word' id='word_1_30' title='bbox 1703 573 1996 646; x_wconf 70' lang='grc' dir='ltr'>προεστῶτι]</span> 
     </span>
    </p>
   </div>
   <div class='ocr_carea' id='block_1_5' title="bbox 2086 560 3763 646">
    <p class='ocr_par' dir='ltr' id='par_1_5' title="bbox 2117 560 3763 646">
     <span class='ocr_line' id='line_1_5' title="bbox 2117 560 3763 646; baseline -0.004 -19"><span class='ocrx_word' id='word_1_31' title='bbox 2117 566 2362 628; x_wconf 88' lang='lat' dir='ltr'><strong>odiosus</strong></span> <span class='ocrx_word' id='word_1_32' title='bbox 2385 564 2676 646; x_wconf 83' lang='lat' dir='ltr'><strong>superiori</strong></span> <span class='ocrx_word' id='word_1_33' title='bbox 2697 575 2794 627; x_wconf 91' lang='lat' dir='ltr'><strong>tuo</strong></span> <span class='ocrx_word' id='word_1_34' title='bbox 2844 565 2948 627; x_wconf 83' lang='lat' dir='ltr'><strong>tias</strong></span> <span class='ocrx_word' id='word_1_35' title='bbox 2966 564 3109 644; x_wconf 90' lang='lat' dir='ltr'><strong>(hoc</strong></span> <span class='ocrx_word' id='word_1_36' title='bbox 3139 572 3337 627; x_wconf 90' lang='lat' dir='ltr'><strong>autem</strong></span> <span class='ocrx_word' id='word_1_37' title='bbox 3372 563 3633 642; x_wconf 76' lang='lat' dir='ltr'><strong>prudens</strong></span> <span class='ocrx_word' id='word_1_38' title='bbox 3663 560 3763 622; x_wconf 89' lang='lat' dir='ltr'><strong>in-</strong></span> 
     </span>
    </p>
   </div>
   <div class='ocr_carea' id='block_1_6' title="bbox 387 650 1996 737">
    <p class='ocr_par' dir='ltr' id='par_1_6' title="bbox 387 651 1996 731">
     <span class='ocr_line' id='line_1_6' title="bbox 387 651 1996 731; baseline 0.001 -23"><span class='ocrx_word' id='word_1_39' title='bbox 387 654 588 731; x_wconf 73' lang='grc' dir='ltr'>γενήσῃ</span> <span class='ocrx_word' id='word_1_40' title='bbox 621 669 634 684; x_wconf 89' lang='lat'><strong>&#39;</strong></span> <span class='ocrx_word' id='word_1_41' title='bbox 672 654 732 709; x_wconf 82' lang='grc' dir='ltr'>τὸ</span> <span class='ocrx_word' id='word_1_42' title='bbox 760 651 815 709; x_wconf 78' lang='grc' dir='ltr'>δὲ</span> <span class='ocrx_word' id='word_1_43' title='bbox 843 657 959 716; x_wconf 87' lang='grc' dir='ltr'><strong>πῶς</strong></span> <span class='ocrx_word' id='word_1_44' title='bbox 1005 655 1033 709; x_wconf 89' lang='grc' dir='ltr'>ὁ</span> <span class='ocrx_word' id='word_1_45' title='bbox 1076 659 1210 709; x_wconf 94' lang='grc' dir='ltr'>νοῶν</span> <span class='ocrx_word' id='word_1_46' title='bbox 1253 653 1438 710; x_wconf 79' lang='grc' dir='ltr'>νοείτω</span> <span class='ocrx_word' id='word_1_47' title='bbox 1467 672 1482 687; x_wconf 80' lang='grc'><strong>⁸</strong></span> <span class='ocrx_word' id='word_1_48' title='bbox 1533 653 1747 726; x_wconf 80' lang='grc' dir='ltr'>καθέζου</span> <span class='ocrx_word' id='word_1_49' title='bbox 1791 653 1846 711; x_wconf 76' lang='grc' dir='ltr'>δὲ</span> <span class='ocrx_word' id='word_1_50' title='bbox 1874 655 1927 713; x_wconf 86' lang='grc' dir='ltr'>ἐν</span> <span class='ocrx_word' id='word_1_51' title='bbox 1957 679 1996 712; x_wconf 80' lang='grc' dir='ltr'><strong>τι</strong></span> 
     </span>
    </p>
   </div>
   <div class='ocr_carea' id='block_1_7' title="bbox 2086 650 3757 737">
    <p class='ocr_par' dir='ltr' id='par_1_7' title="bbox 2120 650 3757 737">
     <span class='ocr_line' id='line_1_7' title="bbox 2120 650 3757 737; baseline -0.004 -20"><span class='ocrx_word' id='word_1_52' title='bbox 2120 657 2383 737; x_wconf 83' lang='lat' dir='ltr'><strong>telliget).</strong></span> <span class='ocrx_word' id='word_1_53' title='bbox 2404 655 2626 720; x_wconf 87' lang='lat' dir='ltr'><strong>Verum</strong></span> <span class='ocrx_word' id='word_1_54' title='bbox 2652 656 2795 717; x_wconf 89' lang='lat' dir='ltr'><strong>sede</strong></span> <span class='ocrx_word' id='word_1_55' title='bbox 2820 654 3054 736; x_wconf 89' lang='lat' dir='ltr'><strong>quietus</strong></span> <span class='ocrx_word' id='word_1_56' title='bbox 3076 654 3137 714; x_wconf 91' lang='lat' dir='ltr'><strong>in</strong></span> <span class='ocrx_word' id='word_1_57' title='bbox 3167 661 3264 715; x_wconf 87' lang='lat' dir='ltr'><strong>tua</strong></span> <span class='ocrx_word' id='word_1_58' title='bbox 3285 653 3519 728; x_wconf 87' lang='lat' dir='ltr'><strong>cellula,</strong></span> <span class='ocrx_word' id='word_1_59' title='bbox 3548 650 3757 732; x_wconf 89' lang='lat' dir='ltr'><strong>qualis-</strong></span> 
     </span>
    </p>
   </div>
   <div class='ocr_carea' id='block_1_8' title="bbox 381 739 1996 827">
    <p class='ocr_par' dir='ltr' id='par_1_8' title="bbox 381 739 1995 822">
     <span class='ocr_line' id='line_1_8' title="bbox 381 739 1995 822; baseline 0.002 -24"><span class='ocrx_word' id='word_1_60' title='bbox 381 741 577 815; x_wconf 74' lang='grc' dir='ltr'>κελλίῳ</span> <span class='ocrx_word' id='word_1_61' title='bbox 604 764 717 810; x_wconf 85' lang='grc' dir='ltr'>σου,</span> <span class='ocrx_word' id='word_1_62' title='bbox 755 746 872 800; x_wconf 84' lang='grc' dir='ltr'>οἷον</span> <span class='ocrx_word' id='word_1_63' title='bbox 900 740 946 798; x_wconf 81' lang='grc' dir='ltr'>δ’</span> <span class='ocrx_word' id='word_1_64' title='bbox 977 740 1038 800; x_wconf 78' lang='grc' dir='ltr'><strong>ἂν</strong></span> <span class='ocrx_word' id='word_1_65' title='bbox 1086 739 1251 816; x_wconf 80' lang='grc' dir='ltr'>ἔστιν,</span> <span class='ocrx_word' id='word_1_66' title='bbox 1303 742 1357 799; x_wconf 79' lang='grc' dir='ltr'>ἐν</span> <span class='ocrx_word' id='word_1_67' title='bbox 1414 744 1595 822; x_wconf 74' lang='grc' dir='ltr'>εἰρήνῃ</span> <span class='ocrx_word' id='word_1_68' title='bbox 1629 759 1643 773; x_wconf 88' lang='grc'><strong><em>⁸</em></strong></span> <span class='ocrx_word' id='word_1_69' title='bbox 1691 745 1780 801; x_wconf 83' lang='grc' dir='ltr'>καὶ</span> <span class='ocrx_word' id='word_1_70' title='bbox 1834 752 1911 820; x_wconf 83' lang='grc' dir='ltr'><strong>τῷ</strong></span> <span class='ocrx_word' id='word_1_71' title='bbox 1939 745 1995 803; x_wconf 84' lang='grc' dir='ltr'><strong>θέ</strong></span> 
     </span>
    </p>
   </div>
   <div class='ocr_carea' id='block_1_9' title="bbox 2086 739 3760 827">
    <p class='ocr_par' dir='ltr' id='par_1_9' title="bbox 2115 740 3760 827">
     <span class='ocr_line' id='line_1_9' title="bbox 2115 740 3760 827; baseline -0.004 -19"><span class='ocrx_word' id='word_1_72' title='bbox 2115 765 2371 827; x_wconf 90' lang='lat' dir='ltr'><strong>cumque</strong></span> <span class='ocrx_word' id='word_1_73' title='bbox 2401 747 2479 807; x_wconf 89' lang='lat' dir='ltr'><strong>sit</strong></span> <span class='ocrx_word' id='word_1_74' title='bbox 2510 752 2526 810; x_wconf 76' lang='grc' dir='ltr'>ε</span> <span class='ocrx_word' id='word_1_75' title='bbox 2588 753 2645 806; x_wconf 88' lang='lat' dir='ltr'><strong>et</strong></span> <span class='ocrx_word' id='word_1_76' title='bbox 2676 745 2967 807; x_wconf 90' lang='lat' dir='ltr'><strong>volentem</strong></span> <span class='ocrx_word' id='word_1_77' title='bbox 3028 752 3084 804; x_wconf 81' lang='lat' dir='ltr'><strong>te</strong></span> <span class='ocrx_word' id='word_1_78' title='bbox 3146 743 3367 825; x_wconf 88' lang='lat' dir='ltr'><strong>alloqui</strong></span> <span class='ocrx_word' id='word_1_79' title='bbox 3400 759 3475 806; x_wconf 90' lang='lat' dir='ltr'><strong>ne</strong></span> <span class='ocrx_word' id='word_1_80' title='bbox 3504 740 3760 820; x_wconf 87' lang='lat' dir='ltr'><strong>repellas</strong></span> 
     </span>
    </p>
   </div>
   <div class='ocr_carea' id='block_1_10' title="bbox 381 830 1996 918">
    <p class='ocr_par' dir='ltr' id='par_1_10' title="bbox 381 830 1996 913">
     <span class='ocr_line' id='line_1_10' title="bbox 381 830 1996 913; baseline 0.002 -26"><span class='ocrx_word' id='word_1_81' title='bbox 381 832 525 887; x_wconf 76' lang='grc' dir='ltr'>λοντί</span> <span class='ocrx_word' id='word_1_82' title='bbox 568 853 649 889; x_wconf 91' lang='grc' dir='ltr'><strong>σοι</strong></span> <span class='ocrx_word' id='word_1_83' title='bbox 679 845 964 911; x_wconf 63' lang='grc' dir='ltr'>συντυχεῗν</span> <span class='ocrx_word' id='word_1_84' title='bbox 994 832 1072 908; x_wconf 72' lang='grc' dir='ltr'><strong>μὴ</strong></span> <span class='ocrx_word' id='word_1_85' title='bbox 1116 830 1484 913; x_wconf 71' lang='grc' dir='ltr'>ἆποπραφῆς,</span> <span class='ocrx_word' id='word_1_86' title='bbox 1531 832 1706 890; x_wconf 75' lang='grc' dir='ltr'>ἕνεκεν</span> <span class='ocrx_word' id='word_1_87' title='bbox 1734 831 1996 898; x_wconf 79' lang='grc' dir='ltr'>εὒλαϐείας</span> 
     </span>
    </p>
   </div>
   <div class='ocr_carea' id='block_1_11' title="bbox 2086 830 3757 918">
    <p class='ocr_par' dir='ltr' id='par_1_11' title="bbox 2118 830 3757 918">
     <span class='ocr_line' id='line_1_11' title="bbox 2118 830 3757 918; baseline -0.004 -20"><span class='ocrx_word' id='word_1_88' title='bbox 2118 846 2359 918; x_wconf 75' lang='lat' dir='ltr'><strong>propter</strong></span> <span class='ocrx_word' id='word_1_89' title='bbox 2387 836 2687 917; x_wconf 77' lang='lat' dir='ltr'><strong>pietatem,</strong></span> <span class='ocrx_word' id='word_1_90' title='bbox 2722 835 2827 896; x_wconf 92' lang='lat' dir='ltr'><strong>sed</strong></span> <span class='ocrx_word' id='word_1_91' title='bbox 2881 842 3124 917; x_wconf 86' lang='lat' dir='ltr'><strong>paterna</strong></span> <span class='ocrx_word' id='word_1_92' title='bbox 3175 830 3591 895; x_wconf 73' lang='lat' dir='ltr'><strong>benevolentia</strong></span> <span class='ocrx_word' id='word_1_93' title='bbox 3623 848 3757 892; x_wconf 90' lang='lat' dir='ltr'><strong>cum</strong></span> 
     </span>
    </p>
   </div>
   <div class='ocr_carea' id='block_1_12' title="bbox 380 919 1996 1008">
    <p class='ocr_par' dir='ltr' id='par_1_12' title="bbox 380 919 1996 1003">
     <span class='ocr_line' id='line_1_12' title="bbox 380 919 1996 1003; baseline 0.002 -27"><span class='ocrx_word' id='word_1_94' title='bbox 380 919 517 976; x_wconf 72' lang='grc' dir='ltr'>ἄλλα</span> <span class='ocrx_word' id='word_1_95' title='bbox 571 921 763 999; x_wconf 77' lang='grc' dir='ltr'>γνώμῃ</span> <span class='ocrx_word' id='word_1_96' title='bbox 806 927 1039 1001; x_wconf 84' lang='grc' dir='ltr'>πατρικῇ</span> <span class='ocrx_word' id='word_1_97' title='bbox 1095 921 1267 997; x_wconf 85' lang='grc' dir='ltr'>τούτῳ</span> <span class='ocrx_word' id='word_1_98' title='bbox 1314 923 1610 1003; x_wconf 75' lang='grc' dir='ltr'><strong>συντυχὼν,</strong></span> <span class='ocrx_word' id='word_1_99' title='bbox 1669 927 1728 981; x_wconf 75' lang='grc' dir='ltr'>οὗ</span> <span class='ocrx_word' id='word_1_100' title='bbox 1755 921 1996 1001; x_wconf 76' lang='grc' dir='ltr'>βλαϐήσῃ</span> 
     </span>
    </p>
   </div>
   <div class='ocr_carea' id='block_1_13' title="bbox 2086 919 3761 1008">
    <p class='ocr_par' dir='ltr' id='par_1_13' title="bbox 2114 921 3761 1008">
     <span class='ocr_line' id='line_1_13' title="bbox 2114 921 3761 1008; baseline -0.004 -21"><span class='ocrx_word' id='word_1_101' title='bbox 2114 944 2216 987; x_wconf 89' lang='lat' dir='ltr'><strong>eos</strong></span> <span class='ocrx_word' id='word_1_102' title='bbox 2234 926 2601 1008; x_wconf 80' lang='lat' dir='ltr'><strong>colloquens,</strong></span> <span class='ocrx_word' id='word_1_103' title='bbox 2627 943 2837 986; x_wconf 83' lang='lat' dir='ltr'><strong>noxam</strong></span> <span class='ocrx_word' id='word_1_104' title='bbox 2865 943 2980 986; x_wconf 93' lang='lat' dir='ltr'><strong>non</strong></span> <span class='ocrx_word' id='word_1_105' title='bbox 3007 922 3268 1004; x_wconf 87' lang='lat' dir='ltr'><strong>patieris,</strong></span> <span class='ocrx_word' id='word_1_106' title='bbox 3289 921 3518 983; x_wconf 89' lang='lat' dir='ltr'><strong>etiamsi</strong></span> <span class='ocrx_word' id='word_1_107' title='bbox 3536 927 3670 981; x_wconf 88' lang='lat' dir='ltr'><strong>tuus</strong></span> <span class='ocrx_word' id='word_1_108' title='bbox 3684 923 3761 980; x_wconf 90' lang='lat' dir='ltr'><strong>sit</strong></span> 
     </span>
    </p>
   </div>
   <div class='ocr_carea' id='block_1_14' title="bbox 380 1008 1996 1096">
    <p class='ocr_par' dir='ltr' id='par_1_14' title="bbox 380 1008 1991 1093">
     <span class='ocr_line' id='line_1_14' title="bbox 380 1008 1991 1093; baseline 0.001 -26"><span class='ocrx_word' id='word_1_109' title='bbox 380 1010 538 1067; x_wconf 85' lang='grc' dir='ltr'>εἶκαὶ</span> <span class='ocrx_word' id='word_1_110' title='bbox 565 1009 625 1066; x_wconf 80' lang='grc' dir='ltr'>ἐκ</span> <span class='ocrx_word' id='word_1_111' title='bbox 667 1015 770 1066; x_wconf 86' lang='grc' dir='ltr'><strong>τῶν</strong></span> <span class='ocrx_word' id='word_1_112' title='bbox 818 1009 1066 1066; x_wconf 76' lang='grc' dir='ltr'>ἐναντίων</span> <span class='ocrx_word' id='word_1_113' title='bbox 1097 1008 1233 1066; x_wconf 82' lang='grc' dir='ltr'>ἐστίν</span> <span class='ocrx_word' id='word_1_114' title='bbox 1269 1026 1282 1041; x_wconf 89' lang='grc'><strong>·</strong></span> <span class='ocrx_word' id='word_1_115' title='bbox 1345 1012 1387 1067; x_wconf 83' lang='grc' dir='ltr'><strong>εί</strong></span> <span class='ocrx_word' id='word_1_116' title='bbox 1437 1008 1491 1066; x_wconf 72' lang='grc' dir='ltr'>δὲ</span> <span class='ocrx_word' id='word_1_117' title='bbox 1534 1012 1637 1092; x_wconf 67' lang='grc' dir='ltr'><strong>οὐχ</strong></span> <span class='ocrx_word' id='word_1_118' title='bbox 1666 1014 1790 1091; x_wconf 83' lang='grc' dir='ltr'>ὁρᾷς</span> <span class='ocrx_word' id='word_1_119' title='bbox 1820 1012 1991 1093; x_wconf 79' lang='grc' dir='ltr'>συμφέ</span> 
     </span>
    </p>
   </div>
   <div class='ocr_carea' id='block_1_15' title="bbox 2086 1008 3753 1096">
    <p class='ocr_par' dir='ltr' id='par_1_15' title="bbox 2112 1008 3753 1096">
     <span class='ocr_line' id='line_1_15' title="bbox 2112 1008 3753 1096; baseline -0.004 -20"><span class='ocrx_word' id='word_1_120' title='bbox 2112 1014 2388 1076; x_wconf 77' lang='lat' dir='ltr'><strong>inimicus</strong></span> <span class='ocrx_word' id='word_1_121' title='bbox 2425 1037 2438 1079; x_wconf 92' lang='lat'><strong>:</strong></span> <span class='ocrx_word' id='word_1_122' title='bbox 2472 1015 2629 1096; x_wconf 90' lang='lat' dir='ltr'><strong>quod</strong></span> <span class='ocrx_word' id='word_1_123' title='bbox 2663 1012 2713 1075; x_wconf 90' lang='lat' dir='ltr'><strong>si</strong></span> <span class='ocrx_word' id='word_1_124' title='bbox 2746 1013 2858 1075; x_wconf 91' lang='lat' dir='ltr'><strong>hoc</strong></span> <span class='ocrx_word' id='word_1_125' title='bbox 2890 1033 3005 1074; x_wconf 92' lang='lat' dir='ltr'><strong>non</strong></span> <span class='ocrx_word' id='word_1_126' title='bbox 3032 1012 3267 1092; x_wconf 83' lang='lat' dir='ltr'><strong>judicas</strong></span> <span class='ocrx_word' id='word_1_127' title='bbox 3298 1010 3465 1084; x_wconf 86' lang='lat' dir='ltr'><strong>utile,</strong></span> <span class='ocrx_word' id='word_1_128' title='bbox 3497 1009 3646 1071; x_wconf 90' lang='lat' dir='ltr'><strong>intra</strong></span> <span class='ocrx_word' id='word_1_129' title='bbox 3677 1008 3753 1070; x_wconf 90' lang='lat' dir='ltr'><strong>li-</strong></span> 
     </span>
    </p>
   </div>
   <div class='ocr_carea' id='block_1_16' title="bbox 374 1097 1996 1246">
    <p class='ocr_par' dir='ltr' id='par_1_16' title="bbox 374 1097 1996 1246">
     <span class='ocr_line' id='line_1_16' title="bbox 379 1097 1996 1179; baseline 0.002 -24"><span class='ocrx_word' id='word_1_130' title='bbox 379 1121 464 1178; x_wconf 90' lang='grc' dir='ltr'><strong>ρον</strong></span> <span class='ocrx_word' id='word_1_131' title='bbox 494 1105 671 1172; x_wconf 81' lang='grc' dir='ltr'>τοῦτο,</span> <span class='ocrx_word' id='word_1_132' title='bbox 710 1099 788 1174; x_wconf 79' lang='grc' dir='ltr'><strong>τῷ</strong></span> <span class='ocrx_word' id='word_1_133' title='bbox 831 1104 1013 1173; x_wconf 82' lang='grc' dir='ltr'>σκοπῷ</span> <span class='ocrx_word' id='word_1_134' title='bbox 1061 1108 1154 1158; x_wconf 84' lang='grc' dir='ltr'>τοῦ</span> <span class='ocrx_word' id='word_1_135' title='bbox 1204 1097 1556 1179; x_wconf 76' lang='grc' dir='ltr'>ὀφελουμέινου</span> <span class='ocrx_word' id='word_1_136' title='bbox 1611 1097 1696 1157; x_wconf 78' lang='grc' dir='ltr'><strong>δεῖ</strong></span> <span class='ocrx_word' id='word_1_137' title='bbox 1736 1097 1996 1167; x_wconf 60' lang='grc' dir='ltr'>ἐξακαλουη</span> 
     </span>
     <span class='ocr_line' id='line_1_17' title="bbox 374 1192 511 1246; baseline 0 0"><span class='ocrx_word' id='word_1_138' title='bbox 374 1192 511 1246; x_wconf 78' lang='grc' dir='ltr'>θεῖν.</span> 
     </span>
    </p>
   </div>
   <div class='ocr_carea' id='block_1_17' title="bbox 2086 1097 3231 1246">
    <p class='ocr_par' dir='ltr' id='par_1_17' title="bbox 2113 1101 3231 1185">
     <span class='ocr_line' id='line_1_18' title="bbox 2113 1101 3231 1185; baseline 0.001 -20"><span class='ocrx_word' id='word_1_139' title='bbox 2113 1104 2285 1167; x_wconf 87' lang='lat' dir='ltr'><strong>mites</strong></span> <span class='ocrx_word' id='word_1_140' title='bbox 2317 1105 2582 1166; x_wconf 88' lang='lat' dir='ltr'><strong>utilitatis</strong></span> <span class='ocrx_word' id='word_1_141' title='bbox 2614 1110 2843 1185; x_wconf 87' lang='lat' dir='ltr'><strong>oportet</strong></span> <span class='ocrx_word' id='word_1_142' title='bbox 2878 1101 3231 1166; x_wconf 86' lang='lat' dir='ltr'><strong>consistere.</strong></span> 
     </span>
    </p>
   </div>
   <div class='ocr_carea' id='block_1_18' title="bbox 406 1201 511 1251">
    <p class='ocr_par' dir='ltr' id='par_1_18' title="bbox 406 1201 511 1251">
     <span class='ocr_line' id='line_1_19' title="bbox 406 1201 511 1251; baseline 0.057 -6"><span class='ocrx_word' id='word_1_143' title='bbox 406 1201 511 1251; x_wconf 83' lang='grc' dir='ltr'>εϊν.</span> 
     </span>
    </p>
   </div>
   <div class='ocr_carea' id='block_1_19' title="bbox 456 1362 1996 1456">
    <p class='ocr_par' dir='ltr' id='par_1_19' title="bbox 456 1362 1996 1453">
     <span class='ocr_line' id='line_1_20' title="bbox 456 1362 1996 1453; baseline -0.001 -24"><span class='ocrx_word' id='word_1_144' title='bbox 456 1362 598 1452; x_wconf 76' lang='grc' dir='ltr'>ρκα’.</span> <span class='ocrx_word' id='word_1_145' title='bbox 634 1381 732 1430; x_wconf 76' lang='grc' dir='ltr'><strong>Δεῖ</strong></span> <span class='ocrx_word' id='word_1_146' title='bbox 760 1370 815 1429; x_wconf 80' lang='grc' dir='ltr'>δὲ</span> <span class='ocrx_word' id='word_1_147' title='bbox 846 1370 1127 1437; x_wconf 86' lang='grc' dir='ltr'>διαπαντὸς</span> <span class='ocrx_word' id='word_1_148' title='bbox 1172 1372 1263 1429; x_wconf 74' lang='grc' dir='ltr'><strong>τὸν</strong></span> <span class='ocrx_word' id='word_1_149' title='bbox 1319 1377 1411 1429; x_wconf 80' lang='grc' dir='ltr'><strong>τοῦ</strong></span> <span class='ocrx_word' id='word_1_150' title='bbox 1468 1377 1600 1429; x_wconf 76' lang='grc' dir='ltr'>Θεοῦ</span> <span class='ocrx_word' id='word_1_151' title='bbox 1657 1369 1818 1453; x_wconf 79' lang='grc' dir='ltr'>φόϐον</span> <span class='ocrx_word' id='word_1_152' title='bbox 1848 1370 1996 1452; x_wconf 82' lang='grc' dir='ltr'>ἔχειν</span> 
     </span>
    </p>
   </div>
   <div class='ocr_carea' id='block_1_20' title="bbox 2086 1362 3750 1456">
    <p class='ocr_par' dir='ltr' id='par_1_20' title="bbox 2187 1366 3750 1456">
     <span class='ocr_line' id='line_1_21' title="bbox 2187 1366 3750 1456; baseline -0.003 -23"><span class='ocrx_word' id='word_1_153' title='bbox 2187 1373 2294 1435; x_wconf 71' lang='grc'><strong>121</strong></span> <span class='ocrx_word' id='word_1_154' title='bbox 2312 1425 2324 1437; x_wconf 95' lang='grc'><strong><em>.</em></strong></span> <span class='ocrx_word' id='word_1_155' title='bbox 2342 1373 2587 1456; x_wconf 87' lang='lat' dir='ltr'><strong>Oportet</strong></span> <span class='ocrx_word' id='word_1_156' title='bbox 2610 1379 2803 1435; x_wconf 88' lang='lat' dir='ltr'><strong>autem</strong></span> <span class='ocrx_word' id='word_1_157' title='bbox 2828 1390 3069 1453; x_wconf 77' lang='lat' dir='ltr'><strong>semper</strong></span> <span class='ocrx_word' id='word_1_158' title='bbox 3089 1373 3271 1433; x_wconf 87' lang='lat' dir='ltr'><strong>Deum</strong></span> <span class='ocrx_word' id='word_1_159' title='bbox 3301 1368 3536 1443; x_wconf 79' lang='lat' dir='ltr'><strong>timere,</strong></span> <span class='ocrx_word' id='word_1_160' title='bbox 3558 1366 3750 1456; x_wconf 42' lang='lat' dir='ltr'><strong>etsin-f</strong></span> 
     </span>
    </p>
   </div>
   <div class='ocr_carea' id='block_1_21' title="bbox 372 1454 1996 1545">
    <p class='ocr_par' dir='ltr' id='par_1_21' title="bbox 372 1458 1994 1542">
     <span class='ocr_line' id='line_1_22' title="bbox 372 1458 1994 1542; baseline 0.002 -26"><span class='ocrx_word' id='word_1_161' title='bbox 372 1463 459 1516; x_wconf 83' lang='grc' dir='ltr'><strong>καὶ</strong></span> <span class='ocrx_word' id='word_1_162' title='bbox 486 1458 604 1518; x_wconf 82' lang='grc' dir='ltr'>καθ’</span> <span class='ocrx_word' id='word_1_163' title='bbox 663 1461 890 1529; x_wconf 78' lang='grc' dir='ltr'>ἑκάστην</span> <span class='ocrx_word' id='word_1_164' title='bbox 948 1462 1129 1517; x_wconf 75' lang='grc' dir='ltr'>ἑαυτὸν</span> <span class='ocrx_word' id='word_1_165' title='bbox 1186 1460 1502 1542; x_wconf 72' lang='grc' dir='ltr'>ἀνακρίνειν,</span> <span class='ocrx_word' id='word_1_166' title='bbox 1559 1461 1611 1518; x_wconf 85' lang='grc' dir='ltr'><strong>τί</strong></span> <span class='ocrx_word' id='word_1_167' title='bbox 1656 1462 1750 1537; x_wconf 72' lang='grc' dir='ltr'>μὲν</span> <span class='ocrx_word' id='word_1_168' title='bbox 1801 1463 1994 1542; x_wconf 82' lang='grc' dir='ltr'>ἀγαθὸν</span> 
     </span>
    </p>
   </div>
   <div class='ocr_carea' id='block_1_22' title="bbox 2086 1454 3746 1545">
    <p class='ocr_par' dir='ltr' id='par_1_22' title="bbox 2104 1454 3746 1545">
     <span class='ocr_line' id='line_1_23' title="bbox 2104 1454 3746 1545; baseline -0.006 -20"><span class='ocrx_word' id='word_1_169' title='bbox 2104 1463 2256 1543; x_wconf 80' lang='lat' dir='ltr'><strong>gulis</strong></span> <span class='ocrx_word' id='word_1_170' title='bbox 2280 1454 2490 1527; x_wconf 86' lang='lat' dir='ltr'><strong>diebus</strong></span> <span class='ocrx_word' id='word_1_171' title='bbox 2521 1472 2702 1526; x_wconf 86' lang='lat' dir='ltr'><strong>temet</strong></span> <span class='ocrx_word' id='word_1_172' title='bbox 2729 1463 3088 1535; x_wconf 85' lang='lat' dir='ltr'><strong>examinare,</strong></span> <span class='ocrx_word' id='word_1_173' title='bbox 3139 1458 3278 1541; x_wconf 89' lang='lat' dir='ltr'><strong>quid</strong></span> <span class='ocrx_word' id='word_1_174' title='bbox 3312 1456 3452 1519; x_wconf 90' lang='lat' dir='ltr'><strong>boni</strong></span> <span class='ocrx_word' id='word_1_175' title='bbox 3485 1454 3572 1517; x_wconf 86' lang='lat' dir='ltr'><strong>vel</strong></span> <span class='ocrx_word' id='word_1_176' title='bbox 3604 1454 3746 1545; x_wconf 85' lang='lat' dir='ltr'><strong>quid</strong></span> 
     </span>
    </p>
   </div>
   <div class='ocr_carea' id='block_1_23' title="bbox 370 1543 1996 1633">
    <p class='ocr_par' dir='ltr' id='par_1_23' title="bbox 370 1549 1996 1633">
     <span class='ocr_line' id='line_1_24' title="bbox 370 1549 1996 1633; baseline 0.002 -27"><span class='ocrx_word' id='word_1_177' title='bbox 370 1551 420 1606; x_wconf 90' lang='grc' dir='ltr'><strong>τί</strong></span> <span class='ocrx_word' id='word_1_178' title='bbox 448 1549 503 1607; x_wconf 77' lang='grc' dir='ltr'>δὲ</span> <span class='ocrx_word' id='word_1_179' title='bbox 531 1552 638 1609; x_wconf 82' lang='grc' dir='ltr'><strong>τῶν</strong></span> <span class='ocrx_word' id='word_1_180' title='bbox 669 1550 878 1633; x_wconf 69' lang='grc' dir='ltr'>φαύλων</span> <span class='ocrx_word' id='word_1_181' title='bbox 937 1550 1235 1631; x_wconf 85' lang='grc' dir='ltr'>πέπρακταί</span> <span class='ocrx_word' id='word_1_182' title='bbox 1293 1573 1376 1609; x_wconf 92' lang='grc' dir='ltr'><strong>σοι</strong></span> <span class='ocrx_word' id='word_1_183' title='bbox 1412 1571 1428 1588; x_wconf 86' lang='grc'>⁶</span> <span class='ocrx_word' id='word_1_184' title='bbox 1473 1552 1563 1609; x_wconf 84' lang='grc' dir='ltr'><strong>καὶ</strong></span> <span class='ocrx_word' id='word_1_185' title='bbox 1614 1559 1721 1609; x_wconf 90' lang='grc' dir='ltr'><strong>τῶν</strong></span> <span class='ocrx_word' id='word_1_186' title='bbox 1751 1552 1847 1628; x_wconf 79' lang='grc' dir='ltr'>μὲν</span> <span class='ocrx_word' id='word_1_187' title='bbox 1875 1553 1996 1632; x_wconf 71' lang='grc' dir='ltr'><strong>ἀγα</strong></span> 
     </span>
    </p>
   </div>
   <div class='ocr_carea' id='block_1_24' title="bbox 2086 1543 3745 1633">
    <p class='ocr_par' dir='ltr' id='par_1_24' title="bbox 2104 1543 3745 1630">
     <span class='ocr_line' id='line_1_25' title="bbox 2104 1543 3745 1630; baseline -0.006 -15"><span class='ocrx_word' id='word_1_188' title='bbox 2104 1554 2241 1617; x_wconf 90' lang='lat' dir='ltr'><strong>mali</strong></span> <span class='ocrx_word' id='word_1_189' title='bbox 2275 1554 2527 1629; x_wconf 68' lang='lat' dir='ltr'><strong>fect-ris;</strong></span> <span class='ocrx_word' id='word_1_190' title='bbox 2564 1563 2621 1616; x_wconf 90' lang='lat' dir='ltr'><strong>ct</strong></span> <span class='ocrx_word' id='word_1_191' title='bbox 2651 1553 2942 1615; x_wconf 91' lang='lat' dir='ltr'><strong>bonorum</strong></span> <span class='ocrx_word' id='word_1_192' title='bbox 2974 1550 3214 1630; x_wconf 85' lang='lat' dir='ltr'><strong>quidem</strong></span> <span class='ocrx_word' id='word_1_193' title='bbox 3249 1545 3545 1620; x_wconf 88' lang='lat' dir='ltr'><strong>oblivisci,</strong></span> <span class='ocrx_word' id='word_1_194' title='bbox 3579 1563 3655 1607; x_wconf 90' lang='lat' dir='ltr'><strong>ne</strong></span> <span class='ocrx_word' id='word_1_195' title='bbox 3684 1543 3745 1605; x_wconf 89' lang='lat' dir='ltr'><strong>in</strong></span> 
     </span>
    </p>
   </div>
   <div class='ocr_carea' id='block_1_25' title="bbox 371 1634 1996 1725">
    <p class='ocr_par' dir='ltr' id='par_1_25' title="bbox 371 1640 1996 1717">
     <span class='ocr_line' id='line_1_26' title="bbox 371 1640 1996 1717; baseline 0.002 -20"><span class='ocrx_word' id='word_1_196' title='bbox 371 1644 472 1698; x_wconf 83' lang='grc' dir='ltr'><strong>θῶν</strong></span> <span class='ocrx_word' id='word_1_197' title='bbox 515 1640 684 1711; x_wconf 79' lang='grc' dir='ltr'>λήθην</span> <span class='ocrx_word' id='word_1_198' title='bbox 726 1644 1017 1716; x_wconf 74' lang='grc' dir='ltr'>ποιετσθαι,</span> <span class='ocrx_word' id='word_1_199' title='bbox 1080 1643 1274 1717; x_wconf 80' lang='grc' dir='ltr'>μήπως</span> <span class='ocrx_word' id='word_1_200' title='bbox 1321 1648 1397 1716; x_wconf 84' lang='grc' dir='ltr'>τῷ</span> <span class='ocrx_word' id='word_1_201' title='bbox 1451 1647 1549 1710; x_wconf 78' lang='grc' dir='ltr'><strong>τῆς</strong></span> <span class='ocrx_word' id='word_1_202' title='bbox 1581 1640 1874 1708; x_wconf 78' lang='grc' dir='ltr'>κενοδοξίας</span> <span class='ocrx_word' id='word_1_203' title='bbox 1904 1644 1996 1700; x_wconf 79' lang='grc' dir='ltr'>πά-</span> 
     </span>
    </p>
   </div>
   <div class='ocr_carea' id='block_1_26' title="bbox 2086 1634 3750 1725">
    <p class='ocr_par' dir='ltr' id='par_1_26' title="bbox 2098 1634 3750 1725">
     <span class='ocr_line' id='line_1_27' title="bbox 2098 1634 3750 1725; baseline -0.006 -20"><span class='ocrx_word' id='word_1_204' title='bbox 2098 1643 2393 1725; x_wconf 74' lang='lat' dir='ltr'><strong>superbiae</strong></span> <span class='ocrx_word' id='word_1_205' title='bbox 2413 1643 2614 1706; x_wconf 91' lang='lat' dir='ltr'><strong>vitium</strong></span> <span class='ocrx_word' id='word_1_206' title='bbox 2636 1642 2868 1705; x_wconf 86' lang='lat' dir='ltr'><strong>incidas</strong></span> <span class='ocrx_word' id='word_1_207' title='bbox 2893 1666 2907 1716; x_wconf 92' lang='lat'><strong>;</strong></span> <span class='ocrx_word' id='word_1_208' title='bbox 2943 1658 3122 1722; x_wconf 90' lang='lat' dir='ltr'><strong>super</strong></span> <span class='ocrx_word' id='word_1_209' title='bbox 3151 1638 3320 1700; x_wconf 89' lang='lat' dir='ltr'><strong>malis</strong></span> <span class='ocrx_word' id='word_1_210' title='bbox 3341 1645 3536 1699; x_wconf 90' lang='lat' dir='ltr'><strong>autem</strong></span> <span class='ocrx_word' id='word_1_211' title='bbox 3551 1634 3750 1717; x_wconf 85' lang='lat' dir='ltr'><strong>operi-</strong></span> 
     </span>
    </p>
   </div>
   <div class='ocr_carea' id='block_1_27' title="bbox 369 1726 1996 1817">
    <p class='ocr_par' dir='ltr' id='par_1_27' title="bbox 369 1731 1996 1817">
     <span class='ocr_line' id='line_1_28' title="bbox 369 1731 1996 1817; baseline 0.001 -27"><span class='ocrx_word' id='word_1_212' title='bbox 369 1736 446 1790; x_wconf 87' lang='grc' dir='ltr'><strong>θει</strong></span> <span class='ocrx_word' id='word_1_213' title='bbox 475 1732 765 1813; x_wconf 73' lang='grc' dir='ltr'>περιπέσῃς</span> <span class='ocrx_word' id='word_1_214' title='bbox 802 1750 816 1763; x_wconf 88' lang='grc'><strong>·</strong></span> <span class='ocrx_word' id='word_1_215' title='bbox 864 1731 948 1790; x_wconf 76' lang='grc' dir='ltr'><strong>ἐπὶ</strong></span> <span class='ocrx_word' id='word_1_216' title='bbox 1007 1731 1061 1789; x_wconf 70' lang='grc' dir='ltr'>δὲ</span> <span class='ocrx_word' id='word_1_217' title='bbox 1090 1747 1208 1797; x_wconf 67' lang='grc' dir='ltr'>τοῖς</span> <span class='ocrx_word' id='word_1_218' title='bbox 1240 1733 1519 1814; x_wconf 71' lang='grc' dir='ltr'>ἐναντίοις,</span> <span class='ocrx_word' id='word_1_219' title='bbox 1564 1732 1776 1814; x_wconf 82' lang='grc' dir='ltr'>δάκρυσι</span> <span class='ocrx_word' id='word_1_220' title='bbox 1802 1742 1996 1817; x_wconf 83' lang='grc' dir='ltr'>κεχρῆ-</span> 
     </span>
    </p>
   </div>
   <div class='ocr_carea' id='block_1_28' title="bbox 2086 1726 3744 1817">
    <p class='ocr_par' dir='ltr' id='par_1_28' title="bbox 2099 1726 3744 1816">
     <span class='ocr_line' id='line_1_29' title="bbox 2099 1726 3744 1816; baseline -0.005 -21"><span class='ocrx_word' id='word_1_221' title='bbox 2099 1734 2209 1797; x_wconf 89' lang='lat' dir='ltr'><strong>bus</strong></span> <span class='ocrx_word' id='word_1_222' title='bbox 2234 1735 2524 1816; x_wconf 83' lang='lat' dir='ltr'><strong>lacrymas</strong></span> <span class='ocrx_word' id='word_1_223' title='bbox 2552 1734 2804 1797; x_wconf 82' lang='lat' dir='ltr'><strong>fundere</strong></span> <span class='ocrx_word' id='word_1_224' title='bbox 2833 1752 2968 1795; x_wconf 91' lang='lat' dir='ltr'><strong>cum</strong></span> <span class='ocrx_word' id='word_1_225' title='bbox 3002 1728 3344 1812; x_wconf 78' lang='lat' dir='ltr'><strong>pcenitentia</strong></span> <span class='ocrx_word' id='word_1_226' title='bbox 3377 1734 3428 1789; x_wconf 90' lang='lat' dir='ltr'><strong>et</strong></span> <span class='ocrx_word' id='word_1_227' title='bbox 3465 1726 3744 1807; x_wconf 88' lang='lat' dir='ltr'><strong>precibus</strong></span> 
     </span>
    </p>
   </div>
   <div class='ocr_carea' id='block_1_29' title="bbox 369 1817 1996 1909">
    <p class='ocr_par' dir='ltr' id='par_1_29' title="bbox 369 1819 1990 1909">
     <span class='ocr_line' id='line_1_30' title="bbox 369 1819 1990 1909; baseline 0.002 -31"><span class='ocrx_word' id='word_1_228' title='bbox 369 1825 486 1909; x_wconf 65' lang='grc' dir='ltr'>εθαι</span> <span class='ocrx_word' id='word_1_229' title='bbox 557 1819 673 1898; x_wconf 88' lang='grc' dir='ltr'>μετ’</span> <span class='ocrx_word' id='word_1_230' title='bbox 737 1820 1171 1901; x_wconf 63' lang='grc' dir='ltr'>έξομολογιξσεως</span> <span class='ocrx_word' id='word_1_231' title='bbox 1238 1824 1327 1879; x_wconf 85' lang='grc' dir='ltr'><strong>καὶ</strong></span> <span class='ocrx_word' id='word_1_232' title='bbox 1380 1828 1686 1904; x_wconf 79' lang='grc' dir='ltr'>προσευχῆς</span> <span class='ocrx_word' id='word_1_233' title='bbox 1747 1827 1990 1884; x_wconf 80' lang='grc' dir='ltr'>συντόνου</span> 
     </span>
    </p>
   </div>
   <div class='ocr_carea' id='block_1_30' title="bbox 2086 1817 3740 1909">
    <p class='ocr_par' dir='ltr' id='par_1_30' title="bbox 2099 1817 3740 1897">
     <span class='ocr_line' id='line_1_31' title="bbox 2099 1817 3740 1897; baseline -0.006 -10"><span class='ocrx_word' id='word_1_234' title='bbox 2099 1825 2418 1887; x_wconf 85' lang='lat' dir='ltr'><strong>continuis.</strong></span> <span class='ocrx_word' id='word_1_235' title='bbox 2455 1827 2637 1887; x_wconf 91' lang='lat' dir='ltr'><strong>Porro</strong></span> <span class='ocrx_word' id='word_1_236' title='bbox 2668 1824 2754 1886; x_wconf 89' lang='lat' dir='ltr'><strong>sic</strong></span> <span class='ocrx_word' id='word_1_237' title='bbox 2782 1842 2846 1885; x_wconf 91' lang='lat' dir='ltr'><strong>se</strong></span> <span class='ocrx_word' id='word_1_238' title='bbox 2876 1822 3085 1884; x_wconf 82' lang='lat' dir='ltr'><strong>habeat</strong></span> <span class='ocrx_word' id='word_1_239' title='bbox 3138 1837 3388 1882; x_wconf 79' lang='lat' dir='ltr'><strong>examen</strong></span> <span class='ocrx_word' id='word_1_240' title='bbox 3423 1835 3437 1880; x_wconf 88' lang='lat'><strong>:</strong></span> <span class='ocrx_word' id='word_1_241' title='bbox 3473 1817 3571 1879; x_wconf 88' lang='lat' dir='ltr'><strong>die</strong></span> <span class='ocrx_word' id='word_1_242' title='bbox 3603 1835 3740 1897; x_wconf 82' lang='lat' dir='ltr'><strong>per-</strong></span> 
     </span>
    </p>
   </div>
   <div class='ocr_carea' id='block_1_31' title="bbox 371 1893 2013 1991">
    <p class='ocr_par' dir='ltr' id='par_1_31' title="bbox 371 1893 2013 1991">
     <span class='ocr_line' id='line_1_32' title="bbox 371 1893 2013 1991; baseline 0.001 -22"><span class='ocrx_word' id='word_1_243' title='bbox 371 1893 540 1970; x_wconf 58' lang='grc' dir='ltr'>’ῙΞστω</span> <span class='ocrx_word' id='word_1_244' title='bbox 581 1909 634 1967; x_wconf 78' lang='grc' dir='ltr'>δὲ</span> <span class='ocrx_word' id='word_1_245' title='bbox 688 1913 723 1979; x_wconf 75' lang='grc' dir='ltr'>ἡ</span> <span class='ocrx_word' id='word_1_246' title='bbox 787 1912 1055 1991; x_wconf 72' lang='grc' dir='ltr'>ἀνάκρισις</span> <span class='ocrx_word' id='word_1_247' title='bbox 1101 1911 1236 1968; x_wconf 63' lang='grc' dir='ltr'>οἳτω</span> <span class='ocrx_word' id='word_1_248' title='bbox 1272 1932 1283 1945; x_wconf 87' lang='grc'>·</span> <span class='ocrx_word' id='word_1_249' title='bbox 1332 1910 1664 1980; x_wconf 77' lang='grc' dir='ltr'>τελεσθείσης</span> <span class='ocrx_word' id='word_1_250' title='bbox 1716 1918 1814 1981; x_wconf 82' lang='grc' dir='ltr'><strong>τῆς</strong></span> <span class='ocrx_word' id='word_1_251' title='bbox 1870 1915 2013 1991; x_wconf 76' lang='grc' dir='ltr'>ἡμέ-</span> 
     </span>
    </p>
   </div>
   <div class='ocr_carea' id='block_1_32' title="bbox 367 1998 2013 2081">
    <p class='ocr_par' dir='ltr' id='par_1_32' title="bbox 367 1998 2013 2081">
     <span class='ocr_line' id='line_1_33' title="bbox 367 1998 2013 2081; baseline 0.002 -25"><span class='ocrx_word' id='word_1_252' title='bbox 367 2022 484 2078; x_wconf 56' lang='grc' dir='ltr'>ρας,</span> <span class='ocrx_word' id='word_1_253' title='bbox 541 2002 629 2057; x_wconf 85' lang='grc' dir='ltr'><strong>καὶ</strong></span> <span class='ocrx_word' id='word_1_254' title='bbox 670 2005 770 2081; x_wconf 75' lang='grc' dir='ltr'>τῆς</span> <span class='ocrx_word' id='word_1_255' title='bbox 825 2001 1048 2081; x_wconf 76' lang='grc' dir='ltr'>ἑσπέρας</span> <span class='ocrx_word' id='word_1_256' title='bbox 1103 1998 1528 2077; x_wconf 77' lang='grc' dir='ltr'>καταλαϐούσης,</span> <span class='ocrx_word' id='word_1_257' title='bbox 1590 2002 1642 2059; x_wconf 83' lang='grc' dir='ltr'>ἐν</span> <span class='ocrx_word' id='word_1_258' title='bbox 1694 2003 1862 2078; x_wconf 83' lang='grc' dir='ltr'>ἐαυτῷ</span> <span class='ocrx_word' id='word_1_259' title='bbox 1893 2003 2013 2061; x_wconf 82' lang='grc' dir='ltr'>δια-</span> 
     </span>
    </p>
   </div>
   <div class='ocr_carea' id='block_1_33' title="bbox 366 2079 2011 2175">
    <p class='ocr_par' dir='ltr' id='par_1_33' title="bbox 366 2079 2011 2175">
     <span class='ocr_line' id='line_1_34' title="bbox 366 2079 2011 2175; baseline 0.004 -30"><span class='ocrx_word' id='word_1_260' title='bbox 366 2088 658 2167; x_wconf 77' lang='grc' dir='ltr'>λογίζεσθαι</span> <span class='ocrx_word' id='word_1_261' title='bbox 694 2106 707 2120; x_wconf 88' lang='grc'><strong>·</strong></span> <span class='ocrx_word' id='word_1_262' title='bbox 744 2079 1132 2172; x_wconf 12' lang='grc' dir='ltr'>Ἀράγεήπως,</span> <span class='ocrx_word' id='word_1_263' title='bbox 1189 2096 1257 2158; x_wconf 79' lang='grc' dir='ltr'><strong>τῆ</strong></span> <span class='ocrx_word' id='word_1_264' title='bbox 1300 2092 1515 2168; x_wconf 78' lang='grc' dir='ltr'>βοηθείᾳ</span> <span class='ocrx_word' id='word_1_265' title='bbox 1566 2115 1657 2149; x_wconf 87' lang='grc' dir='ltr'>το,</span> <span class='ocrx_word' id='word_1_266' title='bbox 1715 2101 1869 2175; x_wconf 72' lang='grc' dir='ltr'>Θεοῦ,</span> <span class='ocrx_word' id='word_1_267' title='bbox 1913 2095 2011 2163; x_wconf 77' lang='grc' dir='ltr'><strong>τὴν</strong></span> 
     </span>
    </p>
   </div>
   <div class='ocr_carea' id='block_1_34' title="bbox 364 2178 2008 2264">
    <p class='ocr_par' dir='ltr' id='par_1_34' title="bbox 364 2178 2008 2264">
     <span class='ocr_line' id='line_1_35' title="bbox 364 2178 2008 2264; baseline 0.005 -31"><span class='ocrx_word' id='word_1_268' title='bbox 364 2179 563 2258; x_wconf 66' lang='grc' dir='ltr'>ἡμέραν</span> <span class='ocrx_word' id='word_1_269' title='bbox 593 2178 861 2259; x_wconf 77' lang='grc' dir='ltr'>παρῆλθον</span> <span class='ocrx_word' id='word_1_270' title='bbox 897 2197 914 2256; x_wconf 86' lang='grc'>;</span> <span class='ocrx_word' id='word_1_271' title='bbox 975 2182 1061 2251; x_wconf 77' lang='grc' dir='ltr'><strong>Μή</strong></span> <span class='ocrx_word' id='word_1_272' title='bbox 1093 2202 1209 2237; x_wconf 90' lang='grc' dir='ltr'>τινα</span> <span class='ocrx_word' id='word_1_273' title='bbox 1237 2181 1537 2261; x_wconf 75' lang='grc' dir='ltr'>κατέκρινα,</span> <span class='ocrx_word' id='word_1_274' title='bbox 1585 2183 1620 2252; x_wconf 75' lang='grc' dir='ltr'>ἢ</span> <span class='ocrx_word' id='word_1_275' title='bbox 1679 2181 2008 2264; x_wconf 78' lang='grc' dir='ltr'>ἐλοιδόρησα,</span> 
     </span>
    </p>
   </div>
   <div class='ocr_carea' id='block_1_35' title="bbox 364 2267 2013 2354">
    <p class='ocr_par' dir='ltr' id='par_1_35' title="bbox 364 2267 2013 2354">
     <span class='ocr_line' id='line_1_36' title="bbox 364 2267 2013 2354; baseline 0.004 -30"><span class='ocrx_word' id='word_1_276' title='bbox 364 2267 400 2336; x_wconf 74' lang='grc' dir='ltr'>ἢ</span> <span class='ocrx_word' id='word_1_277' title='bbox 451 2267 820 2340; x_wconf 78' lang='grc' dir='ltr'>ἐσκανδάλισα,</span> <span class='ocrx_word' id='word_1_278' title='bbox 878 2268 915 2338; x_wconf 73' lang='grc' dir='ltr'>ἢ</span> <span class='ocrx_word' id='word_1_279' title='bbox 991 2269 1073 2333; x_wconf 77' lang='grc' dir='ltr'><strong>εἴς</strong></span> <span class='ocrx_word' id='word_1_280' title='bbox 1129 2292 1272 2335; x_wconf 91' lang='grc' dir='ltr'>τινος</span> <span class='ocrx_word' id='word_1_281' title='bbox 1332 2270 1456 2347; x_wconf 72' lang='grc' dir='ltr'>ὄψιν</span> <span class='ocrx_word' id='word_1_282' title='bbox 1512 2271 1760 2349; x_wconf 80' lang='grc' dir='ltr'>ἐμπαθῶς</span> <span class='ocrx_word' id='word_1_283' title='bbox 1813 2272 2013 2354; x_wconf 87' lang='grc' dir='ltr'>προσέ-</span> 
     </span>
    </p>
   </div>
   <div class='ocr_carea' id='block_1_36' title="bbox 362 2355 2012 2444">
    <p class='ocr_par' dir='ltr' id='par_1_36' title="bbox 362 2355 2012 2444">
     <span class='ocr_line' id='line_1_37' title="bbox 362 2355 2012 2444; baseline 0.004 -30"><span class='ocrx_word' id='word_1_284' title='bbox 362 2355 557 2434; x_wconf 79' lang='grc' dir='ltr'>ϐλεψα,</span> <span class='ocrx_word' id='word_1_285' title='bbox 606 2356 644 2426; x_wconf 72' lang='grc' dir='ltr'><strong>ἢ</strong></span> <span class='ocrx_word' id='word_1_286' title='bbox 699 2365 791 2416; x_wconf 79' lang='grc' dir='ltr'>τοῦ</span> <span class='ocrx_word' id='word_1_287' title='bbox 844 2358 1250 2424; x_wconf 78' lang='grc' dir='ltr'>ἐπιστατοῦντος</span> <span class='ocrx_word' id='word_1_288' title='bbox 1308 2359 1363 2417; x_wconf 76' lang='grc' dir='ltr'>ἐν</span> <span class='ocrx_word' id='word_1_289' title='bbox 1418 2367 1486 2439; x_wconf 81' lang='grc' dir='ltr'><strong>τῇ</strong></span> <span class='ocrx_word' id='word_1_290' title='bbox 1539 2359 1774 2437; x_wconf 74' lang='grc' dir='ltr'>διακονίᾳ</span> <span class='ocrx_word' id='word_1_291' title='bbox 1830 2365 2012 2444; x_wconf 74' lang='grc' dir='ltr'>παρή-</span> 
     </span>
    </p>
   </div>
   <div class='ocr_carea' id='block_1_37' title="bbox 360 2447 2012 2531">
    <p class='ocr_par' dir='ltr' id='par_1_37' title="bbox 360 2447 2012 2531">
     <span class='ocr_line' id='line_1_38' title="bbox 360 2447 2012 2531; baseline 0.004 -28"><span class='ocrx_word' id='word_1_292' title='bbox 360 2468 546 2527; x_wconf 85' lang='grc' dir='ltr'>κουσα,</span> <span class='ocrx_word' id='word_1_293' title='bbox 577 2448 667 2503; x_wconf 85' lang='grc' dir='ltr'><strong>καὶ</strong></span> <span class='ocrx_word' id='word_1_294' title='bbox 696 2450 857 2514; x_wconf 78' lang='grc' dir='ltr'>αὐτῆς</span> <span class='ocrx_word' id='word_1_295' title='bbox 887 2447 1155 2529; x_wconf 74' lang='grc' dir='ltr'>ἠμέλησα,</span> <span class='ocrx_word' id='word_1_296' title='bbox 1214 2449 1250 2518; x_wconf 76' lang='grc' dir='ltr'>ἢ</span> <span class='ocrx_word' id='word_1_297' title='bbox 1306 2450 1568 2529; x_wconf 83' lang='grc' dir='ltr'>ὠργίσθην</span> <span class='ocrx_word' id='word_1_298' title='bbox 1624 2452 1744 2525; x_wconf 86' lang='grc' dir='ltr'>τινὶ,</span> <span class='ocrx_word' id='word_1_299' title='bbox 1780 2451 1815 2521; x_wconf 74' lang='grc' dir='ltr'><strong>ἢ</strong></span> <span class='ocrx_word' id='word_1_300' title='bbox 1846 2452 1901 2509; x_wconf 82' lang='grc' dir='ltr'><strong>έν</strong></span> <span class='ocrx_word' id='word_1_301' title='bbox 1944 2460 2012 2531; x_wconf 79' lang='grc' dir='ltr'><strong>τῇ</strong></span> 
     </span>
    </p>
   </div>
   <div class='ocr_carea' id='block_1_38' title="bbox 361 2534 2009 2622">
    <p class='ocr_par' dir='ltr' id='par_1_38' title="bbox 361 2534 2009 2622">
     <span class='ocr_line' id='line_1_39' title="bbox 361 2534 2009 2622; baseline 0.005 -31"><span class='ocrx_word' id='word_1_302' title='bbox 361 2534 561 2602; x_wconf 77' lang='grc' dir='ltr'>συνάξει</span> <span class='ocrx_word' id='word_1_303' title='bbox 592 2536 821 2600; x_wconf 78' lang='grc' dir='ltr'>ἑστῶτός</span> <span class='ocrx_word' id='word_1_304' title='bbox 853 2559 978 2613; x_wconf 89' lang='grc' dir='ltr'>μου,</span> <span class='ocrx_word' id='word_1_305' title='bbox 1039 2539 1130 2594; x_wconf 84' lang='grc' dir='ltr'>τὸν</span> <span class='ocrx_word' id='word_1_306' title='bbox 1186 2548 1305 2598; x_wconf 84' lang='grc' dir='ltr'>νοῦν</span> <span class='ocrx_word' id='word_1_307' title='bbox 1348 2540 1421 2603; x_wconf 85' lang='grc' dir='ltr'><strong>είς</strong></span> <span class='ocrx_word' id='word_1_308' title='bbox 1477 2538 1721 2619; x_wconf 79' lang='grc' dir='ltr'>ἀνωφελῆ</span> <span class='ocrx_word' id='word_1_309' title='bbox 1750 2540 2009 2622; x_wconf 85' lang='grc' dir='ltr'>ἀπησχό-</span> 
     </span>
    </p>
   </div>
   <div class='ocr_carea' id='block_1_39' title="bbox 360 2623 2013 2719">
    <p class='ocr_par' dir='ltr' id='par_1_39' title="bbox 360 2623 2013 2719">
     <span class='ocr_line' id='line_1_40' title="bbox 360 2623 2013 2719; baseline 0.005 -38"><span class='ocrx_word' id='word_1_310' title='bbox 360 2623 524 2719; x_wconf 80' lang='grc' dir='ltr'>λησα,</span> <span class='ocrx_word' id='word_1_311' title='bbox 556 2624 592 2692; x_wconf 75' lang='grc' dir='ltr'><strong>ἦ</strong></span> <span class='ocrx_word' id='word_1_312' title='bbox 617 2625 860 2719; x_wconf 34' lang='grc' dir='ltr'>’ῥᾳθυμίᾳ</span> <span class='ocrx_word' id='word_1_313' title='bbox 909 2627 1195 2719; x_wconf 58' lang='grc' dir='ltr'>βαρυνθεὶς,</span> <span class='ocrx_word' id='word_1_314' title='bbox 1257 2633 1355 2719; x_wconf 78' lang='grc' dir='ltr'><strong>τῆς</strong></span> <span class='ocrx_word' id='word_1_315' title='bbox 1413 2627 1734 2697; x_wconf 85' lang='grc' dir='ltr'>Ἐκκλησίας</span> <span class='ocrx_word' id='word_1_316' title='bbox 1779 2632 1866 2687; x_wconf 88' lang='grc' dir='ltr'>καὶ</span> <span class='ocrx_word' id='word_1_317' title='bbox 1921 2641 2013 2691; x_wconf 77' lang='grc' dir='ltr'><strong>τοῦ</strong></span> 
     </span>
    </p>
   </div>
   <div class='ocr_carea' id='block_1_40' title="bbox 358 2714 2010 2796">
    <p class='ocr_par' dir='ltr' id='par_1_40' title="bbox 358 2714 2010 2796">
     <span class='ocr_line' id='line_1_41' title="bbox 358 2714 2010 2796; baseline 0.004 -25"><span class='ocrx_word' id='word_1_318' title='bbox 358 2714 578 2777; x_wconf 84' lang='grc' dir='ltr'>κανόνος</span> <span class='ocrx_word' id='word_1_319' title='bbox 608 2714 845 2781; x_wconf 79' lang='grc' dir='ltr'>ἀπέστην</span> <span class='ocrx_word' id='word_1_320' title='bbox 878 2734 894 2796; x_wconf 79' lang='grc'>;</span> <span class='ocrx_word' id='word_1_321' title='bbox 946 2714 1111 2774; x_wconf 73' lang='grc' dir='ltr'>Ὀταν,</span> <span class='ocrx_word' id='word_1_322' title='bbox 1149 2714 1205 2772; x_wconf 74' lang='grc' dir='ltr'>δὲ</span> <span class='ocrx_word' id='word_1_323' title='bbox 1265 2716 1318 2774; x_wconf 79' lang='grc' dir='ltr'>ἐν</span> <span class='ocrx_word' id='word_1_324' title='bbox 1371 2718 1575 2782; x_wconf 84' lang='grc' dir='ltr'>τούτοις</span> <span class='ocrx_word' id='word_1_325' title='bbox 1617 2724 1747 2776; x_wconf 80' lang='grc' dir='ltr'>πᾶσι</span> <span class='ocrx_word' id='word_1_326' title='bbox 1792 2723 2010 2779; x_wconf 85' lang='grc' dir='ltr'>σεαυτὸν</span> 
     </span>
    </p>
   </div>
   <div class='ocr_carea' id='block_1_41' title="bbox 360 2801 2008 2889">
    <p class='ocr_par' dir='ltr' id='par_1_41' title="bbox 360 2801 2008 2889">
     <span class='ocr_line' id='line_1_42' title="bbox 360 2801 2008 2889; baseline 0.005 -30"><span class='ocrx_word' id='word_1_327' title='bbox 360 2803 632 2860; x_wconf 82' lang='grc' dir='ltr'>ἀνεύθυνον</span> <span class='ocrx_word' id='word_1_328' title='bbox 685 2801 840 2883; x_wconf 62' lang='grc' dir='ltr'>εὕρῃς</span> <span class='ocrx_word' id='word_1_329' title='bbox 897 2802 1049 2885; x_wconf 81' lang='grc' dir='ltr'>(ὅπερ</span> <span class='ocrx_word' id='word_1_330' title='bbox 1102 2803 1375 2887; x_wconf 82' lang='grc' dir='ltr'>ἀδύνατον,</span> <span class='ocrx_word' id='word_1_331' title='bbox 1433 2804 1596 2871; x_wconf 74' lang='grc' dir='ltr'>οὖδεὶς</span> <span class='ocrx_word' id='word_1_332' title='bbox 1672 2810 1771 2889; x_wconf 82' lang='grc' dir='ltr'>γὰρ</span> <span class='ocrx_word' id='word_1_333' title='bbox 1839 2813 2008 2867; x_wconf 85' lang='grc' dir='ltr'>καθα-</span> 
     </span>
    </p>
   </div>
   <div class='ocr_carea' id='block_1_42' title="bbox 361 2890 2003 2976">
    <p class='ocr_par' dir='ltr' id='par_1_42' title="bbox 361 2890 2003 2976">
     <span class='ocr_line' id='line_1_43' title="bbox 361 2890 2003 2976; baseline 0.005 -28"><span class='ocrx_word' id='word_1_334' title='bbox 361 2895 453 2971; x_wconf 81' lang='grc' dir='ltr'>ρὸς</span> <span class='ocrx_word' id='word_1_335' title='bbox 493 2893 600 2949; x_wconf 78' lang='grc' dir='ltr'><strong>ἀπὸ</strong></span> <span class='ocrx_word' id='word_1_336' title='bbox 630 2892 793 2971; x_wconf 79' lang='grc' dir='ltr'>ῥύπου</span> <span class='ocrx_word' id='word_1_337' title='bbox 821 2890 926 2949; x_wconf 62' lang='lat'><strong>068&#39;</strong></span> <span class='ocrx_word' id='word_1_338' title='bbox 975 2892 1036 2950; x_wconf 82' lang='grc' dir='ltr'><strong>ἂν</strong></span> <span class='ocrx_word' id='word_1_339' title='bbox 1095 2895 1187 2971; x_wconf 83' lang='grc' dir='ltr'><strong>μίᾳ</strong></span> <span class='ocrx_word' id='word_1_340' title='bbox 1242 2896 1415 2976; x_wconf 82' lang='grc' dir='ltr'>ἡμέρᾳ</span> <span class='ocrx_word' id='word_1_341' title='bbox 1468 2901 1569 2963; x_wconf 83' lang='grc' dir='ltr'>τῆς</span> <span class='ocrx_word' id='word_1_342' title='bbox 1625 2903 1769 2968; x_wconf 78' lang='grc' dir='ltr'>ζωῆς</span> <span class='ocrx_word' id='word_1_343' title='bbox 1799 2900 1957 2956; x_wconf 76' lang='grc' dir='ltr'><strong>αὖτοῦ</strong></span> <span class='ocrx_word' id='word_1_344' title='bbox 1990 2915 2003 2929; x_wconf 90' lang='grc'><strong>·</strong></span> 
     </span>
    </p>
   </div>
   <div class='ocr_carea' id='block_1_43' title="bbox 359 2980 2008 3068">
    <p class='ocr_par' dir='ltr' id='par_1_43' title="bbox 359 2980 2008 3068">
     <span class='ocr_line' id='line_1_44' title="bbox 359 2980 2008 3068; baseline 0.004 -29"><span class='ocrx_word' id='word_1_345' title='bbox 359 2984 445 3040; x_wconf 83' lang='grc' dir='ltr'>καὶ</span> <span class='ocrx_word' id='word_1_346' title='bbox 478 2980 643 3044; x_wconf 73' lang='grc' dir='ltr'>οὗδεὶς</span> <span class='ocrx_word' id='word_1_347' title='bbox 672 2984 1003 3063; x_wconf 83' lang='grc' dir='ltr'>καυχήσεται</span> <span class='ocrx_word' id='word_1_348' title='bbox 1030 2984 1200 3062; x_wconf 79' lang='grc' dir='ltr'>ἁγνὴν</span> <span class='ocrx_word' id='word_1_349' title='bbox 1255 2983 1403 3066; x_wconf 78' lang='grc' dir='ltr'>ἔχειν</span> <span class='ocrx_word' id='word_1_350' title='bbox 1448 2986 1547 3053; x_wconf 76' lang='grc' dir='ltr'><strong>τὴν</strong></span> <span class='ocrx_word' id='word_1_351' title='bbox 1576 2985 1840 3068; x_wconf 82' lang='grc' dir='ltr'>καρδίαν),</span> <span class='ocrx_word' id='word_1_352' title='bbox 1886 2988 2008 3045; x_wconf 88' lang='grc' dir='ltr'>τότε</span> 
     </span>
    </p>
   </div>
   <div class='ocr_carea' id='block_1_44' title="bbox 352 3070 2000 3157">
    <p class='ocr_par' dir='ltr' id='par_1_44' title="bbox 352 3070 2000 3157">
     <span class='ocr_line' id='line_1_45' title="bbox 352 3070 2000 3157; baseline 0.004 -31"><span class='ocrx_word' id='word_1_353' title='bbox 352 3072 484 3150; x_wconf 78' lang='grc' dir='ltr'>πρὸς</span> <span class='ocrx_word' id='word_1_354' title='bbox 514 3072 605 3127; x_wconf 83' lang='grc' dir='ltr'>τὸν</span> <span class='ocrx_word' id='word_1_355' title='bbox 637 3072 767 3127; x_wconf 80' lang='grc' dir='ltr'>Θεὸν</span> <span class='ocrx_word' id='word_1_356' title='bbox 818 3072 954 3147; x_wconf 86' lang='grc' dir='ltr'>μετὰ</span> <span class='ocrx_word' id='word_1_357' title='bbox 993 3070 1208 3129; x_wconf 84' lang='grc' dir='ltr'>πολλῶν</span> <span class='ocrx_word' id='word_1_358' title='bbox 1254 3072 1488 3152; x_wconf 84' lang='grc' dir='ltr'>δακρύων</span> <span class='ocrx_word' id='word_1_359' title='bbox 1531 3074 1729 3151; x_wconf 88' lang='grc' dir='ltr'>βόησον</span> <span class='ocrx_word' id='word_1_360' title='bbox 1765 3092 1778 3106; x_wconf 92' lang='grc'><strong>·</strong></span> <span class='ocrx_word' id='word_1_361' title='bbox 1829 3077 2000 3157; x_wconf 80' lang='grc' dir='ltr'>Κύριε,</span> 
     </span>
    </p>
   </div>
   <div class='ocr_carea' id='block_1_45' title="bbox 2096 1905 3743 1994">
    <p class='ocr_par' dir='ltr' id='par_1_45' title="bbox 2096 1905 3743 1994">
     <span class='ocr_line' id='line_1_46' title="bbox 2096 1905 3743 1994; baseline -0.004 -19"><span class='ocrx_word' id='word_1_362' title='bbox 2096 1923 2223 1976; x_wconf 83' lang='lat' dir='ltr'><strong>acta</strong></span> <span class='ocrx_word' id='word_1_363' title='bbox 2256 1924 2315 1976; x_wconf 88' lang='lat' dir='ltr'><strong>et</strong></span> <span class='ocrx_word' id='word_1_364' title='bbox 2339 1933 2585 1994; x_wconf 84' lang='lat' dir='ltr'><strong>vespere</strong></span> <span class='ocrx_word' id='word_1_365' title='bbox 2617 1913 2998 1984; x_wconf 82' lang='lat' dir='ltr'><strong>succedente,</strong></span> <span class='ocrx_word' id='word_1_366' title='bbox 3034 1911 3185 1972; x_wconf 88' lang='lat' dir='ltr'><strong>hanc</strong></span> <span class='ocrx_word' id='word_1_367' title='bbox 3214 1916 3405 1970; x_wconf 89' lang='lat' dir='ltr'><strong>tecum</strong></span> <span class='ocrx_word' id='word_1_368' title='bbox 3431 1905 3617 1968; x_wconf 84' lang='lat' dir='ltr'><strong>redde</strong></span> <span class='ocrx_word' id='word_1_369' title='bbox 3648 1923 3743 1968; x_wconf 82' lang='lat' dir='ltr'><strong>ra-</strong></span> 
     </span>
    </p>
   </div>
   <div class='ocr_carea' id='block_1_46' title="bbox 2098 1995 3741 2086">
    <p class='ocr_par' dir='ltr' id='par_1_46' title="bbox 2098 1995 3741 2086">
     <span class='ocr_line' id='line_1_47' title="bbox 2098 1995 3741 2086; baseline -0.005 -21"><span class='ocrx_word' id='word_1_370' title='bbox 2098 2006 2355 2066; x_wconf 88' lang='lat' dir='ltr'><strong>tionem:</strong></span> <span class='ocrx_word' id='word_1_371' title='bbox 2386 2030 2412 2060; x_wconf 75' lang='grc' dir='ltr'><strong>α</strong></span> <span class='ocrx_word' id='word_1_372' title='bbox 2447 2006 2538 2066; x_wconf 89' lang='lat' dir='ltr'><strong>An</strong></span> <span class='ocrx_word' id='word_1_373' title='bbox 2571 2005 2827 2086; x_wconf 89' lang='lat' dir='ltr'><strong>aliquem</strong></span> <span class='ocrx_word' id='word_1_374' title='bbox 2855 2001 3138 2083; x_wconf 68' lang='lat' dir='ltr'><strong>judicavi,</strong></span> <span class='ocrx_word' id='word_1_375' title='bbox 3159 2006 3260 2060; x_wconf 92' lang='lat' dir='ltr'><strong>aut</strong></span> <span class='ocrx_word' id='word_1_376' title='bbox 3285 1995 3613 2076; x_wconf 78' lang='lat' dir='ltr'><strong>objurgavi,</strong></span> <span class='ocrx_word' id='word_1_377' title='bbox 3638 2003 3741 2057; x_wconf 88' lang='lat' dir='ltr'><strong>aut</strong></span> 
     </span>
    </p>
   </div>
   <div class='ocr_carea' id='block_1_47' title="bbox 2096 2084 3733 2172">
    <p class='ocr_par' dir='ltr' id='par_1_47' title="bbox 2096 2084 3733 2172">
     <span class='ocr_line' id='line_1_48' title="bbox 2096 2084 3733 2172; baseline -0.007 -17"><span class='ocrx_word' id='word_1_378' title='bbox 2096 2093 2510 2168; x_wconf 89' lang='lat' dir='ltr'><strong>scandalizavi,</strong></span> <span class='ocrx_word' id='word_1_379' title='bbox 2533 2103 2631 2154; x_wconf 91' lang='lat' dir='ltr'><strong>aut</strong></span> <span class='ocrx_word' id='word_1_380' title='bbox 2653 2084 2904 2172; x_wconf 49' lang='lat' dir='ltr'><strong>alicujus</strong></span> <span class='ocrx_word' id='word_1_381' title='bbox 2943 2091 3167 2152; x_wconf 91' lang='lat' dir='ltr'><strong>vultum</strong></span> <span class='ocrx_word' id='word_1_382' title='bbox 3205 2095 3475 2169; x_wconf 86' lang='lat' dir='ltr'><strong>proterve</strong></span> <span class='ocrx_word' id='word_1_383' title='bbox 3507 2084 3733 2165; x_wconf 78' lang='lat' dir='ltr'><strong>aspexi,</strong></span> 
     </span>
    </p>
   </div>
   <div class='ocr_carea' id='block_1_48' title="bbox 2097 2176 3753 2264">
    <p class='ocr_par' dir='ltr' id='par_1_48' title="bbox 2097 2176 3753 2264">
     <span class='ocr_line' id='line_1_49' title="bbox 2097 2176 3753 2264; baseline -0.005 -20"><span class='ocrx_word' id='word_1_384' title='bbox 2097 2191 2196 2244; x_wconf 92' lang='lat' dir='ltr'><strong>aut</strong></span> <span class='ocrx_word' id='word_1_385' title='bbox 2217 2183 2492 2264; x_wconf 74' lang='lat' dir='ltr'><strong>praefecto</strong></span> <span class='ocrx_word' id='word_1_386' title='bbox 2515 2182 2833 2245; x_wconf 86' lang='lat' dir='ltr'><strong>ministerii</strong></span> <span class='ocrx_word' id='word_1_387' title='bbox 2850 2200 2966 2243; x_wconf 92' lang='lat' dir='ltr'><strong>non</strong></span> <span class='ocrx_word' id='word_1_388' title='bbox 2989 2176 3753 2258; x_wconf 80' lang='lat' dir='ltr'><strong>obtemperavi,ipsumque</strong></span> 
     </span>
    </p>
   </div>
   <div class='ocr_carea' id='block_1_49' title="bbox 2098 2268 3748 2346">
    <p class='ocr_par' dir='ltr' id='par_1_49' title="bbox 2098 2268 3748 2346">
     <span class='ocr_line' id='line_1_50' title="bbox 2098 2268 3748 2346; baseline -0.007 -11"><span class='ocrx_word' id='word_1_389' title='bbox 2098 2272 2499 2336; x_wconf 84' lang='lat' dir='ltr'><strong>ministerium</strong></span> <span class='ocrx_word' id='word_1_390' title='bbox 2531 2272 2766 2346; x_wconf 69' lang='lat' dir='ltr'><strong>neglexi</strong></span> <span class='ocrx_word' id='word_1_391' title='bbox 2787 2271 2818 2332; x_wconf 85' lang='lat'><strong>?</strong></span> <span class='ocrx_word' id='word_1_392' title='bbox 2862 2289 3003 2333; x_wconf 91' lang='lat' dir='ltr'><strong>num</strong></span> <span class='ocrx_word' id='word_1_393' title='bbox 3035 2268 3210 2331; x_wconf 84' lang='lat' dir='ltr'><strong>alicui</strong></span> <span class='ocrx_word' id='word_1_394' title='bbox 3242 2268 3429 2329; x_wconf 86' lang='lat' dir='ltr'><strong>iratus</strong></span> <span class='ocrx_word' id='word_1_395' title='bbox 3459 2284 3613 2334; x_wconf 85' lang='lat' dir='ltr'><strong>sum.</strong></span> <span class='ocrx_word' id='word_1_396' title='bbox 3647 2271 3748 2325; x_wconf 91' lang='lat' dir='ltr'><strong>aut</strong></span> 
     </span>
    </p>
   </div>
   <div class='ocr_carea' id='block_1_50' title="bbox 2094 2356 3746 2445">
    <p class='ocr_par' dir='ltr' id='par_1_50' title="bbox 2094 2356 3746 2445">
     <span class='ocr_line' id='line_1_51' title="bbox 2094 2356 3746 2445; baseline -0.008 -18"><span class='ocrx_word' id='word_1_397' title='bbox 2094 2366 2166 2427; x_wconf 91' lang='lat' dir='ltr'><strong>ad</strong></span> <span class='ocrx_word' id='word_1_398' title='bbox 2195 2383 2419 2427; x_wconf 90' lang='lat' dir='ltr'><strong>sacram</strong></span> <span class='ocrx_word' id='word_1_399' title='bbox 2449 2364 2710 2445; x_wconf 80' lang='lat' dir='ltr'><strong>synaxim</strong></span> <span class='ocrx_word' id='word_1_400' title='bbox 2743 2371 2905 2424; x_wconf 89' lang='lat' dir='ltr'><strong>stans</strong></span> <span class='ocrx_word' id='word_1_401' title='bbox 2956 2368 3216 2421; x_wconf 90' lang='lat' dir='ltr'><strong>mentem</strong></span> <span class='ocrx_word' id='word_1_402' title='bbox 3266 2356 3347 2418; x_wconf 89' lang='lat' dir='ltr'><strong>ad</strong></span> <span class='ocrx_word' id='word_1_403' title='bbox 3377 2356 3566 2417; x_wconf 85' lang='lat' dir='ltr'><strong>futilia</strong></span> <span class='ocrx_word' id='word_1_404' title='bbox 3594 2373 3746 2445; x_wconf 86' lang='lat' dir='ltr'><strong>con-</strong></span> 
     </span>
    </p>
   </div>
   <div class='ocr_carea' id='block_1_51' title="bbox 2095 2444 3741 2535">
    <p class='ocr_par' dir='ltr' id='par_1_51' title="bbox 2095 2444 3741 2535">
     <span class='ocr_line' id='line_1_52' title="bbox 2095 2444 3741 2535; baseline -0.007 -19"><span class='ocrx_word' id='word_1_405' title='bbox 2095 2464 2278 2531; x_wconf 88' lang='lat' dir='ltr'><strong>verto,</strong></span> <span class='ocrx_word' id='word_1_406' title='bbox 2308 2463 2407 2516; x_wconf 91' lang='lat' dir='ltr'><strong>aut</strong></span> <span class='ocrx_word' id='word_1_407' title='bbox 2442 2444 2678 2535; x_wconf 85' lang='lat' dir='ltr'><strong>torpore</strong></span> <span class='ocrx_word' id='word_1_408' title='bbox 2725 2460 2994 2534; x_wconf 79' lang='lat' dir='ltr'><strong>gravatus</strong></span> <span class='ocrx_word' id='word_1_409' title='bbox 3048 2448 3121 2511; x_wconf 89' lang='lat' dir='ltr'><strong>ab</strong></span> <span class='ocrx_word' id='word_1_410' title='bbox 3180 2446 3430 2535; x_wconf 90' lang='lat' dir='ltr'><strong>ecclesia</strong></span> <span class='ocrx_word' id='word_1_411' title='bbox 3459 2453 3518 2508; x_wconf 88' lang='lat' dir='ltr'><strong>et</strong></span> <span class='ocrx_word' id='word_1_412' title='bbox 3547 2444 3741 2535; x_wconf 71' lang='lat' dir='ltr'><strong>ollicio</strong></span> 
     </span>
    </p>
   </div>
   <div class='ocr_carea' id='block_1_52' title="bbox 2093 2533 3740 2626">
    <p class='ocr_par' dir='ltr' id='par_1_52' title="bbox 2093 2533 3740 2626">
     <span class='ocr_line' id='line_1_53' title="bbox 2093 2533 3740 2626; baseline -0.01 -17"><span class='ocrx_word' id='word_1_413' title='bbox 2093 2544 2381 2609; x_wconf 83' lang='lat' dir='ltr'><strong>canonico</strong></span> <span class='ocrx_word' id='word_1_414' title='bbox 2411 2533 2567 2605; x_wconf 85' lang='lat' dir='ltr'><strong>abfui</strong></span> <span class='ocrx_word' id='word_1_415' title='bbox 2599 2543 2630 2603; x_wconf 87' lang='lat'><strong>?</strong></span> <span class='ocrx_word' id='word_1_416' title='bbox 2682 2533 2744 2626; x_wconf 47' lang='grc'><strong>»⁷</strong></span> <span class='ocrx_word' id='word_1_417' title='bbox 2781 2540 2925 2604; x_wconf 92' lang='lat' dir='ltr'><strong>Cum</strong></span> <span class='ocrx_word' id='word_1_418' title='bbox 2981 2547 3175 2601; x_wconf 88' lang='lat' dir='ltr'><strong>autem</strong></span> <span class='ocrx_word' id='word_1_419' title='bbox 3235 2538 3295 2597; x_wconf 91' lang='lat' dir='ltr'><strong>in</strong></span> <span class='ocrx_word' id='word_1_420' title='bbox 3342 2534 3434 2597; x_wconf 89' lang='lat' dir='ltr'><strong>his</strong></span> <span class='ocrx_word' id='word_1_421' title='bbox 3462 2533 3740 2626; x_wconf 82' lang='lat' dir='ltr'><strong>omnibus</strong></span> 
     </span>
    </p>
   </div>
   <div class='ocr_carea' id='block_1_53' title="bbox 2097 2622 3743 2713">
    <p class='ocr_par' dir='ltr' id='par_1_53' title="bbox 2097 2622 3743 2713">
     <span class='ocr_line' id='line_1_54' title="bbox 2097 2622 3743 2713; baseline -0.007 -19"><span class='ocrx_word' id='word_1_422' title='bbox 2097 2634 2351 2713; x_wconf 87' lang='lat' dir='ltr'><strong>teipsum</strong></span> <span class='ocrx_word' id='word_1_423' title='bbox 2376 2622 2966 2713; x_wconf 83' lang='lat' dir='ltr'><strong>irreprehensibilem</strong></span> <span class='ocrx_word' id='word_1_424' title='bbox 2992 2626 3290 2689; x_wconf 89' lang='lat' dir='ltr'><strong>inveneris</strong></span> <span class='ocrx_word' id='word_1_425' title='bbox 3315 2625 3496 2706; x_wconf 87' lang='lat' dir='ltr'><strong>(quod</strong></span> <span class='ocrx_word' id='word_1_426' title='bbox 3523 2622 3743 2713; x_wconf 76' lang='lat' dir='ltr'><strong>impos-</strong></span> 
     </span>
    </p>
   </div>
   <div class='ocr_carea' id='block_1_54' title="bbox 2094 2710 3743 2797">
    <p class='ocr_par' dir='ltr' id='par_1_54' title="bbox 2094 2710 3743 2797">
     <span class='ocr_line' id='line_1_55' title="bbox 2094 2710 3743 2797; baseline -0.008 -13"><span class='ocrx_word' id='word_1_427' title='bbox 2094 2710 2267 2784; x_wconf 78' lang='lat' dir='ltr'><strong>sibile</strong></span> <span class='ocrx_word' id='word_1_428' title='bbox 2300 2729 2414 2797; x_wconf 89' lang='lat' dir='ltr'><strong>est,</strong></span> <span class='ocrx_word' id='word_1_429' title='bbox 2447 2710 2622 2782; x_wconf 79' lang='lat' dir='ltr'><strong>nemo</strong></span> <span class='ocrx_word' id='word_1_430' title='bbox 2651 2719 2808 2781; x_wconf 89' lang='lat' dir='ltr'><strong>enim</strong></span> <span class='ocrx_word' id='word_1_431' title='bbox 2836 2728 2925 2780; x_wconf 89' lang='lat' dir='ltr'><strong>est</strong></span> <span class='ocrx_word' id='word_1_432' title='bbox 2947 2718 3077 2779; x_wconf 91' lang='lat' dir='ltr'><strong>sine</strong></span> <span class='ocrx_word' id='word_1_433' title='bbox 3098 2714 3345 2783; x_wconf 86' lang='lat' dir='ltr'><strong>macula.</strong></span> <span class='ocrx_word' id='word_1_434' title='bbox 3373 2732 3448 2775; x_wconf 90' lang='lat' dir='ltr'><strong>ne</strong></span> <span class='ocrx_word' id='word_1_435' title='bbox 3470 2731 3586 2773; x_wconf 92' lang='lat' dir='ltr'><strong>uno</strong></span> <span class='ocrx_word' id='word_1_436' title='bbox 3611 2710 3743 2794; x_wconf 89' lang='lat' dir='ltr'><strong>qui-</strong></span> 
     </span>
    </p>
   </div>
   <div class='ocr_carea' id='block_1_55' title="bbox 2093 2801 3738 2885">
    <p class='ocr_par' dir='ltr' id='par_1_55' title="bbox 2093 2801 3738 2885">
     <span class='ocr_line' id='line_1_56' title="bbox 2093 2801 3738 2885; baseline -0.007 -12"><span class='ocrx_word' id='word_1_437' title='bbox 2093 2811 2229 2873; x_wconf 89' lang='lat' dir='ltr'><strong>dem</strong></span> <span class='ocrx_word' id='word_1_438' title='bbox 2264 2811 2362 2873; x_wconf 90' lang='lat' dir='ltr'><strong>die</strong></span> <span class='ocrx_word' id='word_1_439' title='bbox 2395 2810 2524 2872; x_wconf 62' lang='lat' dir='ltr'><strong>vita;</strong></span> <span class='ocrx_word' id='word_1_440' title='bbox 2558 2828 2701 2884; x_wconf 75' lang='lat' dir='ltr'><strong>suze,</strong></span> <span class='ocrx_word' id='word_1_441' title='bbox 2735 2828 2847 2870; x_wconf 84' lang='lat' dir='ltr'><strong>nec</strong></span> <span class='ocrx_word' id='word_1_442' title='bbox 2879 2807 3033 2869; x_wconf 89' lang='lat' dir='ltr'><strong>ullus</strong></span> <span class='ocrx_word' id='word_1_443' title='bbox 3063 2804 3417 2885; x_wconf 71' lang='lat' dir='ltr'><strong>glorlabitur</strong></span> <span class='ocrx_word' id='word_1_444' title='bbox 3446 2801 3601 2883; x_wconf 90' lang='lat' dir='ltr'><strong>quod</strong></span> <span class='ocrx_word' id='word_1_445' title='bbox 3627 2801 3738 2862; x_wconf 86' lang='lat' dir='ltr'><strong>ha-</strong></span> 
     </span>
    </p>
   </div>
   <div class='ocr_carea' id='block_1_56' title="bbox 2094 2890 3742 2977">
    <p class='ocr_par' dir='ltr' id='par_1_56' title="bbox 2094 2890 3742 2977">
     <span class='ocr_line' id='line_1_57' title="bbox 2094 2890 3742 2977; baseline -0.005 -17"><span class='ocrx_word' id='word_1_446' title='bbox 2094 2898 2226 2962; x_wconf 88' lang='lat' dir='ltr'><strong>beat</strong></span> <span class='ocrx_word' id='word_1_447' title='bbox 2261 2918 2363 2962; x_wconf 90' lang='lat' dir='ltr'><strong>cor</strong></span> <span class='ocrx_word' id='word_1_448' title='bbox 2392 2896 2947 2977; x_wconf 82' lang='lat' dir='ltr'><strong>incontaminatum)</strong></span> <span class='ocrx_word' id='word_1_449' title='bbox 2988 2917 3004 2970; x_wconf 86' lang='lat'><strong>;</strong></span> <span class='ocrx_word' id='word_1_450' title='bbox 3048 2905 3185 2957; x_wconf 87' lang='lat' dir='ltr'><strong>tunc</strong></span> <span class='ocrx_word' id='word_1_451' title='bbox 3216 2895 3284 2955; x_wconf 90' lang='lat' dir='ltr'><strong>ad</strong></span> <span class='ocrx_word' id='word_1_452' title='bbox 3318 2891 3507 2954; x_wconf 90' lang='lat' dir='ltr'><strong>Deum</strong></span> <span class='ocrx_word' id='word_1_453' title='bbox 3540 2890 3742 2953; x_wconf 90' lang='lat' dir='ltr'><strong>multis</strong></span> 
     </span>
    </p>
   </div>
   <div class='ocr_carea' id='block_1_57' title="bbox 2092 2979 3741 3068">
    <p class='ocr_par' dir='ltr' id='par_1_57' title="bbox 2092 2979 3741 3068">
     <span class='ocr_line' id='line_1_58' title="bbox 2092 2979 3741 3068; baseline -0.005 -19"><span class='ocrx_word' id='word_1_454' title='bbox 2092 3006 2225 3049; x_wconf 91' lang='lat' dir='ltr'><strong>cum</strong></span> <span class='ocrx_word' id='word_1_455' title='bbox 2261 2988 2536 3068; x_wconf 82' lang='lat' dir='ltr'><strong>lacrymis</strong></span> <span class='ocrx_word' id='word_1_456' title='bbox 2566 2988 2754 3049; x_wconf 89' lang='lat' dir='ltr'><strong>clama</strong></span> <span class='ocrx_word' id='word_1_457' title='bbox 2791 3008 2804 3047; x_wconf 94' lang='lat'>:</span> <span class='ocrx_word' id='word_1_458' title='bbox 2869 3006 2898 3047; x_wconf 66' lang='grc' dir='ltr'><strong>α</strong></span> <span class='ocrx_word' id='word_1_459' title='bbox 2957 2984 3232 3060; x_wconf 89' lang='lat' dir='ltr'><strong>Domine,</strong></span> <span class='ocrx_word' id='word_1_460' title='bbox 3293 2981 3567 3045; x_wconf 89' lang='lat' dir='ltr'><strong>condona</strong></span> <span class='ocrx_word' id='word_1_461' title='bbox 3595 2979 3741 3042; x_wconf 91' lang='lat' dir='ltr'><strong>mihi</strong></span> 
     </span>
    </p>
   </div>
   <div class='ocr_carea' id='block_1_58' title="bbox 2090 3068 3739 3159">
    <p class='ocr_par' dir='ltr' id='par_1_58' title="bbox 2090 3068 3739 3159">
     <span class='ocr_line' id='line_1_59' title="bbox 2090 3068 3739 3159; baseline -0.005 -20"><span class='ocrx_word' id='word_1_462' title='bbox 2090 3076 2374 3159; x_wconf 87' lang='lat' dir='ltr'><strong>quidquid</strong></span> <span class='ocrx_word' id='word_1_463' title='bbox 2407 3096 2611 3159; x_wconf 91' lang='lat' dir='ltr'><strong>opere,</strong></span> <span class='ocrx_word' id='word_1_464' title='bbox 2647 3076 2847 3151; x_wconf 86' lang='lat' dir='ltr'><strong>verbo,</strong></span> <span class='ocrx_word' id='word_1_465' title='bbox 2906 3075 3261 3155; x_wconf 78' lang='lat' dir='ltr'><strong>cogitatione</strong></span> <span class='ocrx_word' id='word_1_466' title='bbox 3322 3081 3379 3133; x_wconf 91' lang='lat' dir='ltr'><strong>et</strong></span> <span class='ocrx_word' id='word_1_467' title='bbox 3407 3068 3739 3159; x_wconf 77' lang='lat' dir='ltr'><strong>ignorantia</strong></span> 
     </span>
    </p>
   </div>
   <div class='ocr_carea' id='block_1_59' title="bbox 353 3158 1996 3248">
    <p class='ocr_par' dir='ltr' id='par_1_59' title="bbox 353 3158 1996 3244">
     <span class='ocr_line' id='line_1_60' title="bbox 353 3158 1996 3244; baseline 0.005 -30"><span class='ocrx_word' id='word_1_468' title='bbox 353 3159 705 3241; x_wconf 75' lang='grc' dir='ltr'>συγχώρησόν</span> <span class='ocrx_word' id='word_1_469' title='bbox 734 3181 848 3235; x_wconf 90' lang='grc' dir='ltr'>μοι,</span> <span class='ocrx_word' id='word_1_470' title='bbox 883 3158 981 3217; x_wconf 84' lang='grc' dir='ltr'><strong>ὅσα</strong></span> <span class='ocrx_word' id='word_1_471' title='bbox 1023 3160 1076 3217; x_wconf 78' lang='grc' dir='ltr'>ἐν</span> <span class='ocrx_word' id='word_1_472' title='bbox 1121 3160 1260 3240; x_wconf 75' lang='grc' dir='ltr'>ἔργῳ</span> <span class='ocrx_word' id='word_1_473' title='bbox 1311 3185 1368 3220; x_wconf 89' lang='grc' dir='ltr'><strong>τε</strong></span> <span class='ocrx_word' id='word_1_474' title='bbox 1424 3165 1511 3220; x_wconf 87' lang='grc' dir='ltr'><strong>καὶ</strong></span> <span class='ocrx_word' id='word_1_475' title='bbox 1554 3162 1701 3244; x_wconf 87' lang='grc' dir='ltr'>λόγῳ</span> <span class='ocrx_word' id='word_1_476' title='bbox 1745 3166 1832 3221; x_wconf 87' lang='grc' dir='ltr'><strong>καὶ</strong></span> <span class='ocrx_word' id='word_1_477' title='bbox 1859 3167 1996 3244; x_wconf 87' lang='grc' dir='ltr'>γνώ-</span> 
     </span>
    </p>
   </div>
   <div class='ocr_carea' id='block_1_60' title="bbox 2086 3158 3566 3248">
    <p class='ocr_par' dir='ltr' id='par_1_60' title="bbox 2089 3158 3566 3248">
     <span class='ocr_line' id='line_1_61' title="bbox 2089 3158 3566 3248; baseline -0.004 -19"><span class='ocrx_word' id='word_1_478' title='bbox 2089 3158 2311 3248; x_wconf 86' lang='lat' dir='ltr'><strong>deliqui</strong></span> <span class='ocrx_word' id='word_1_479' title='bbox 2349 3186 2365 3244; x_wconf 90' lang='lat'><strong>;</strong></span> <span class='ocrx_word' id='word_1_480' title='bbox 2395 3158 2456 3228; x_wconf 90' lang='lat' dir='ltr'><strong>in</strong></span> <span class='ocrx_word' id='word_1_481' title='bbox 2487 3167 2687 3229; x_wconf 90' lang='lat' dir='ltr'><strong>multis</strong></span> <span class='ocrx_word' id='word_1_482' title='bbox 2715 3165 2876 3228; x_wconf 90' lang='lat' dir='ltr'><strong>enim</strong></span> <span class='ocrx_word' id='word_1_483' title='bbox 2903 3163 3261 3227; x_wconf 76' lang='lat' dir='ltr'><strong>offendimus</strong></span> <span class='ocrx_word' id='word_1_484' title='bbox 3291 3158 3503 3224; x_wconf 86' lang='lat' dir='ltr'><strong>nescii.</strong></span> <span class='ocrx_word' id='word_1_485' title='bbox 3540 3183 3566 3214; x_wconf 73' lang='grc' dir='ltr'><strong><em>ι</em></strong></span> 
     </span>
    </p>
   </div>
   <div class='ocr_carea' id='block_1_61' title="bbox 352 3248 2009 3333">
    <p class='ocr_par' dir='ltr' id='par_1_61' title="bbox 352 3248 2009 3333">
     <span class='ocr_line' id='line_1_62' title="bbox 352 3248 2009 3333; baseline 0.005 -28"><span class='ocrx_word' id='word_1_486' title='bbox 352 3270 431 3305; x_wconf 89' lang='grc' dir='ltr'><strong>σει</strong></span> <span class='ocrx_word' id='word_1_487' title='bbox 473 3251 562 3306; x_wconf 84' lang='grc' dir='ltr'><strong>καὶ</strong></span> <span class='ocrx_word' id='word_1_488' title='bbox 592 3249 778 3329; x_wconf 78' lang='grc' dir='ltr'>ἀγνοίᾳ</span> <span class='ocrx_word' id='word_1_489' title='bbox 805 3248 1047 3329; x_wconf 75' lang='grc' dir='ltr'>ἥμαρτον</span> <span class='ocrx_word' id='word_1_490' title='bbox 1081 3265 1096 3281; x_wconf 79' lang='grc'><strong>⁸</strong></span> <span class='ocrx_word' id='word_1_491' title='bbox 1141 3250 1317 3309; x_wconf 78' lang='grc' dir='ltr'>πολλὰ</span> <span class='ocrx_word' id='word_1_492' title='bbox 1367 3253 1467 3333; x_wconf 79' lang='grc' dir='ltr'>γὰρ</span> <span class='ocrx_word' id='word_1_493' title='bbox 1518 3254 1798 3329; x_wconf 74' lang='grc' dir='ltr'>πταίομεν,</span> <span class='ocrx_word' id='word_1_494' title='bbox 1832 3256 1921 3312; x_wconf 82' lang='grc' dir='ltr'><strong>καὶ</strong></span> <span class='ocrx_word' id='word_1_495' title='bbox 1949 3259 2009 3315; x_wconf 75' lang='grc' dir='ltr'>οὗ</span> 
     </span>
    </p>
   </div>
   <div class='ocr_carea' id='block_1_62' title="bbox 353 3338 706 3418">
    <p class='ocr_par' dir='ltr' id='par_1_62' title="bbox 353 3338 706 3418">
     <span class='ocr_line' id='line_1_63' title="bbox 353 3338 706 3418; baseline 0.003 -23"><span class='ocrx_word' id='word_1_496' title='bbox 353 3338 681 3418; x_wconf 84' lang='grc' dir='ltr'>γινώσκομεν</span> <span class='ocrx_word' id='word_1_497' title='bbox 692 3388 706 3403; x_wconf 91' lang='grc'><strong>,</strong></span> 
     </span>
    </p>
   </div>
   <div class='ocr_carea' id='block_1_63' title="bbox 433 3418 2005 3512">
    <p class='ocr_par' dir='ltr' id='par_1_63' title="bbox 433 3418 2005 3512">
     <span class='ocr_line' id='line_1_64' title="bbox 433 3418 2005 3512; baseline 0.005 -28"><span class='ocrx_word' id='word_1_498' title='bbox 433 3418 572 3508; x_wconf 73' lang='grc' dir='ltr'>ρκβ’.</span> <span class='ocrx_word' id='word_1_499' title='bbox 610 3437 707 3486; x_wconf 79' lang='grc' dir='ltr'><strong>Δεῖ</strong></span> <span class='ocrx_word' id='word_1_500' title='bbox 735 3426 791 3484; x_wconf 71' lang='grc' dir='ltr'>δὲ</span> <span class='ocrx_word' id='word_1_501' title='bbox 846 3427 964 3486; x_wconf 87' lang='grc' dir='ltr'>καθ’</span> <span class='ocrx_word' id='word_1_502' title='bbox 1009 3430 1242 3499; x_wconf 79' lang='grc' dir='ltr'>ἑκάστην</span> <span class='ocrx_word' id='word_1_503' title='bbox 1299 3431 1620 3512; x_wconf 77' lang='grc' dir='ltr'>ἐξαγορεύειν</span> <span class='ocrx_word' id='word_1_504' title='bbox 1679 3435 1851 3492; x_wconf 78' lang='grc' dir='ltr'>πάντα</span> <span class='ocrx_word' id='word_1_505' title='bbox 1906 3434 2005 3492; x_wconf 84' lang='grc' dir='ltr'>λο-</span> 
     </span>
    </p>
   </div>
   <div class='ocr_carea' id='block_1_64' title="bbox 352 3518 2003 3602">
    <p class='ocr_par' dir='ltr' id='par_1_64' title="bbox 352 3518 2003 3602">
     <span class='ocr_line' id='line_1_65' title="bbox 352 3518 2003 3602; baseline 0.004 -30"><span class='ocrx_word' id='word_1_506' title='bbox 352 3519 565 3596; x_wconf 82' lang='grc' dir='ltr'>γισμὸν,</span> <span class='ocrx_word' id='word_1_507' title='bbox 611 3518 743 3597; x_wconf 80' lang='grc' dir='ltr'>πρὸς</span> <span class='ocrx_word' id='word_1_508' title='bbox 792 3518 884 3574; x_wconf 84' lang='grc' dir='ltr'><strong>τὸν</strong></span> <span class='ocrx_word' id='word_1_509' title='bbox 939 3521 1293 3596; x_wconf 82' lang='grc' dir='ltr'>πνευματικὸν</span> <span class='ocrx_word' id='word_1_510' title='bbox 1352 3520 1580 3600; x_wconf 88' lang='grc' dir='ltr'>Πατέρα,</span> <span class='ocrx_word' id='word_1_511' title='bbox 1640 3523 1728 3578; x_wconf 83' lang='grc' dir='ltr'><strong>καὶ</strong></span> <span class='ocrx_word' id='word_1_512' title='bbox 1768 3523 1830 3579; x_wconf 86' lang='grc' dir='ltr'>τὸ</span> <span class='ocrx_word' id='word_1_513' title='bbox 1878 3522 2003 3602; x_wconf 87' lang='grc' dir='ltr'>παρ’</span> 
     </span>
    </p>
   </div>
   <div class='ocr_carea' id='block_1_65' title="bbox 351 3604 2002 3690">
    <p class='ocr_par' dir='ltr' id='par_1_65' title="bbox 351 3604 2002 3690">
     <span class='ocr_line' id='line_1_66' title="bbox 351 3604 2002 3690; baseline 0.004 -29"><span class='ocrx_word' id='word_1_514' title='bbox 351 3607 507 3666; x_wconf 68' lang='grc' dir='ltr'>αὐτοῦ</span> <span class='ocrx_word' id='word_1_515' title='bbox 533 3627 616 3663; x_wconf 91' lang='grc' dir='ltr'><strong>σοι</strong></span> <span class='ocrx_word' id='word_1_516' title='bbox 643 3604 958 3685; x_wconf 84' lang='grc' dir='ltr'>λεγόμενον,</span> <span class='ocrx_word' id='word_1_517' title='bbox 1010 3610 1084 3671; x_wconf 85' lang='grc' dir='ltr'>ὡς</span> <span class='ocrx_word' id='word_1_518' title='bbox 1143 3608 1203 3665; x_wconf 79' lang='grc' dir='ltr'>ἐκ</span> <span class='ocrx_word' id='word_1_519' title='bbox 1258 3609 1393 3666; x_wconf 90' lang='grc' dir='ltr'>θείου</span> <span class='ocrx_word' id='word_1_520' title='bbox 1449 3609 1713 3685; x_wconf 83' lang='grc' dir='ltr'>στόματος</span> <span class='ocrx_word' id='word_1_521' title='bbox 1757 3608 2002 3690; x_wconf 80' lang='grc' dir='ltr'>δέχεσθαι</span> 
     </span>
    </p>
   </div>
   <div class='ocr_carea' id='block_1_66' title="bbox 348 3692 2000 3778">
    <p class='ocr_par' dir='ltr' id='par_1_66' title="bbox 348 3692 2000 3778">
     <span class='ocr_line' id='line_1_67' title="bbox 348 3692 2000 3778; baseline 0.004 -28"><span class='ocrx_word' id='word_1_522' title='bbox 348 3692 401 3751; x_wconf 80' lang='grc' dir='ltr'>ἐν</span> <span class='ocrx_word' id='word_1_523' title='bbox 430 3695 574 3773; x_wconf 73' lang='grc' dir='ltr'>πάσῃ</span> <span class='ocrx_word' id='word_1_524' title='bbox 603 3693 949 3775; x_wconf 77' lang='grc' dir='ltr'>πληροφορίᾳ,</span> <span class='ocrx_word' id='word_1_525' title='bbox 1006 3698 1093 3753; x_wconf 89' lang='grc' dir='ltr'><strong>καὶ</strong></span> <span class='ocrx_word' id='word_1_526' title='bbox 1151 3698 1230 3774; x_wconf 82' lang='grc' dir='ltr'>μὴ</span> <span class='ocrx_word' id='word_1_527' title='bbox 1286 3700 1418 3778; x_wconf 85' lang='grc' dir='ltr'>πρὸς</span> <span class='ocrx_word' id='word_1_528' title='bbox 1473 3697 1649 3778; x_wconf 79' lang='grc' dir='ltr'>ἔτερόν</span> <span class='ocrx_word' id='word_1_529' title='bbox 1694 3721 1810 3755; x_wconf 87' lang='grc' dir='ltr'>τινα</span> <span class='ocrx_word' id='word_1_530' title='bbox 1838 3707 2000 3757; x_wconf 74' lang='grc' dir='ltr'>ταῦτα</span> 
     </span>
    </p>
   </div>
   <div class='ocr_carea' id='block_1_67' title="bbox 346 3783 1996 3869">
    <p class='ocr_par' dir='ltr' id='par_1_67' title="bbox 346 3783 1996 3869">
     <span class='ocr_line' id='line_1_68' title="bbox 346 3783 1996 3869; baseline 0.004 -29"><span class='ocrx_word' id='word_1_531' title='bbox 346 3783 645 3866; x_wconf 77' lang='grc' dir='ltr'>προφέρειν,</span> <span class='ocrx_word' id='word_1_532' title='bbox 678 3787 752 3848; x_wconf 83' lang='grc' dir='ltr'>ὡς</span> <span class='ocrx_word' id='word_1_533' title='bbox 799 3784 880 3842; x_wconf 84' lang='grc' dir='ltr'><strong>ὅτι</strong></span> <span class='ocrx_word' id='word_1_534' title='bbox 936 3789 1007 3845; x_wconf 79' lang='grc' dir='ltr'><strong>Τὸ</strong></span> <span class='ocrx_word' id='word_1_535' title='bbox 1062 3789 1151 3844; x_wconf 85' lang='grc' dir='ltr'><strong>καὶ</strong></span> <span class='ocrx_word' id='word_1_536' title='bbox 1210 3789 1272 3845; x_wconf 79' lang='grc' dir='ltr'>τὸ</span> <span class='ocrx_word' id='word_1_537' title='bbox 1328 3787 1690 3869; x_wconf 77' lang='grc' dir='ltr'>ἐρωτήσαντός</span> <span class='ocrx_word' id='word_1_538' title='bbox 1750 3811 1851 3864; x_wconf 89' lang='grc' dir='ltr'><strong>μου</strong></span> <span class='ocrx_word' id='word_1_539' title='bbox 1907 3791 1996 3847; x_wconf 82' lang='grc' dir='ltr'><strong>τὸν</strong></span> 
     </span>
    </p>
   </div>
   <div class='ocr_carea' id='block_1_68' title="bbox 345 3871 1995 3958">
    <p class='ocr_par' dir='ltr' id='par_1_68' title="bbox 345 3871 1995 3958">
     <span class='ocr_line' id='line_1_69' title="bbox 345 3871 1995 3958; baseline 0.004 -29"><span class='ocrx_word' id='word_1_540' title='bbox 345 3873 577 3954; x_wconf 85' lang='grc' dir='ltr'>Πατέρα,</span> <span class='ocrx_word' id='word_1_541' title='bbox 647 3871 766 3931; x_wconf 89' lang='grc' dir='ltr'>τόδε</span> <span class='ocrx_word' id='word_1_542' title='bbox 824 3897 915 3951; x_wconf 89' lang='grc' dir='ltr'><strong>μοι</strong></span> <span class='ocrx_word' id='word_1_543' title='bbox 974 3874 1355 3958; x_wconf 77' lang='grc' dir='ltr'>ἀπεφθέγξατο,</span> <span class='ocrx_word' id='word_1_544' title='bbox 1414 3899 1502 3933; x_wconf 89' lang='grc' dir='ltr'><strong>και</strong></span> <span class='ocrx_word' id='word_1_545' title='bbox 1561 3879 1604 3934; x_wconf 77' lang='grc' dir='ltr'><strong>εἰ</strong></span> <span class='ocrx_word' id='word_1_546' title='bbox 1664 3875 1761 3957; x_wconf 74' lang='grc' dir='ltr'>ἄρα</span> <span class='ocrx_word' id='word_1_547' title='bbox 1818 3877 1995 3943; x_wconf 82' lang='grc' dir='ltr'>καλῶς</span> 
     </span>
    </p>
   </div>
   <div class='ocr_carea' id='block_1_69' title="bbox 342 3962 1991 4048">
    <p class='ocr_par' dir='ltr' id='par_1_69' title="bbox 342 3962 1991 4048">
     <span class='ocr_line' id='line_1_70' title="bbox 342 3962 1991 4048; baseline 0.005 -30"><span class='ocrx_word' id='word_1_548' title='bbox 342 3962 649 4044; x_wconf 73' lang='grc' dir='ltr'>ἀπεφήνατο</span> <span class='ocrx_word' id='word_1_549' title='bbox 681 3964 717 4034; x_wconf 74' lang='grc' dir='ltr'>ἢ</span> <span class='ocrx_word' id='word_1_550' title='bbox 773 3963 852 4045; x_wconf 71' lang='grc' dir='ltr'>οὔ,</span> <span class='ocrx_word' id='word_1_551' title='bbox 886 3966 973 4022; x_wconf 86' lang='grc' dir='ltr'><strong>καὶ</strong></span> <span class='ocrx_word' id='word_1_552' title='bbox 1001 3967 1050 4023; x_wconf 84' lang='grc' dir='ltr'>τὶ</span> <span class='ocrx_word' id='word_1_553' title='bbox 1080 3964 1180 4046; x_wconf 76' lang='grc' dir='ltr'><strong>ἄρα</strong></span> <span class='ocrx_word' id='word_1_554' title='bbox 1209 3965 1403 4048; x_wconf 74' lang='grc' dir='ltr'>ὀφείλω</span> <span class='ocrx_word' id='word_1_555' title='bbox 1453 3966 1643 4047; x_wconf 82' lang='grc' dir='ltr'>πρᾶξαι</span> <span class='ocrx_word' id='word_1_556' title='bbox 1674 3969 1803 4047; x_wconf 82' lang='grc' dir='ltr'>πρὸς</span> <span class='ocrx_word' id='word_1_557' title='bbox 1832 3972 1991 4047; x_wconf 88' lang='grc' dir='ltr'>θερα-</span> 
     </span>
    </p>
   </div>
   <div class='ocr_carea' id='block_1_70' title="bbox 341 4053 1991 4139">
    <p class='ocr_par' dir='ltr' id='par_1_70' title="bbox 341 4053 1991 4139">
     <span class='ocr_line' id='line_1_71' title="bbox 341 4053 1991 4139; baseline 0.005 -31"><span class='ocrx_word' id='word_1_558' title='bbox 341 4053 492 4111; x_wconf 87' lang='grc' dir='ltr'>πείαν</span> <span class='ocrx_word' id='word_1_559' title='bbox 520 4073 534 4115; x_wconf 90' lang='lat'><strong>:</strong></span> <span class='ocrx_word' id='word_1_560' title='bbox 570 4060 735 4112; x_wconf 84' lang='grc' dir='ltr'>ταῦτα</span> <span class='ocrx_word' id='word_1_561' title='bbox 757 4057 868 4136; x_wconf 76' lang='grc' dir='ltr'>’γὰρ</span> <span class='ocrx_word' id='word_1_562' title='bbox 912 4056 978 4113; x_wconf 81' lang='grc' dir='ltr'><strong>τὰ</strong></span> <span class='ocrx_word' id='word_1_563' title='bbox 1019 4057 1232 4134; x_wconf 74' lang='grc' dir='ltr'>ρήματα</span> <span class='ocrx_word' id='word_1_564' title='bbox 1268 4056 1511 4122; x_wconf 82' lang='grc' dir='ltr'>ἀπιστίας</span> <span class='ocrx_word' id='word_1_565' title='bbox 1543 4058 1712 4133; x_wconf 76' lang='grc' dir='ltr'>μεστὰ</span> <span class='ocrx_word' id='word_1_566' title='bbox 1742 4060 1872 4139; x_wconf 78' lang='grc' dir='ltr'>πρὸς</span> <span class='ocrx_word' id='word_1_567' title='bbox 1902 4061 1991 4116; x_wconf 85' lang='grc' dir='ltr'>τὸν</span> 
     </span>
    </p>
   </div>
   <div class='ocr_carea' id='block_1_71' title="bbox 342 4140 1993 4225">
    <p class='ocr_par' dir='ltr' id='par_1_71' title="bbox 342 4140 1993 4225">
     <span class='ocr_line' id='line_1_72' title="bbox 342 4140 1993 4225; baseline 0.004 -26"><span class='ocrx_word' id='word_1_568' title='bbox 342 4140 550 4223; x_wconf 81' lang='grc' dir='ltr'>Πατέρα</span> <span class='ocrx_word' id='word_1_569' title='bbox 577 4144 666 4201; x_wconf 85' lang='grc' dir='ltr'>καὶ</span> <span class='ocrx_word' id='word_1_570' title='bbox 695 4142 1038 4225; x_wconf 76' lang='grc' dir='ltr'>ψυχοϐλαϐἧ,</span> <span class='ocrx_word' id='word_1_571' title='bbox 1074 4148 1149 4209; x_wconf 85' lang='grc' dir='ltr'><strong>ὡς</strong></span> <span class='ocrx_word' id='word_1_572' title='bbox 1183 4145 1268 4203; x_wconf 75' lang='grc' dir='ltr'>ἐπὶ</span> <span class='ocrx_word' id='word_1_573' title='bbox 1307 4148 1369 4202; x_wconf 83' lang='grc' dir='ltr'>τὸ</span> <span class='ocrx_word' id='word_1_574' title='bbox 1398 4144 1650 4205; x_wconf 78' lang='grc' dir='ltr'>πλεῖστον</span> <span class='ocrx_word' id='word_1_575' title='bbox 1681 4145 1734 4203; x_wconf 77' lang='grc' dir='ltr'>δὲ</span> <span class='ocrx_word' id='word_1_576' title='bbox 1765 4145 1993 4225; x_wconf 74' lang='grc' dir='ltr'>συμϐαί-</span> 
     </span>
    </p>
   </div>
   <div class='ocr_carea' id='block_1_72' title="bbox 339 4231 1112 4315">
    <p class='ocr_par' dir='ltr' id='par_1_72' title="bbox 339 4231 1112 4315">
     <span class='ocr_line' id='line_1_73' title="bbox 339 4231 1112 4315; baseline 0.008 -27"><span class='ocrx_word' id='word_1_577' title='bbox 339 4251 446 4289; x_wconf 84' lang='grc' dir='ltr'>νειν</span> <span class='ocrx_word' id='word_1_578' title='bbox 477 4231 634 4315; x_wconf 78' lang='grc' dir='ltr'>εἴωθε</span> <span class='ocrx_word' id='word_1_579' title='bbox 664 4248 783 4298; x_wconf 80' lang='grc' dir='ltr'>τοῖς</span> <span class='ocrx_word' id='word_1_580' title='bbox 812 4234 1112 4315; x_wconf 80' lang='grc' dir='ltr'>ἀρχαρίοις.</span> 
     </span>
    </p>
   </div>
   <div class='ocr_carea' id='block_1_73' title="bbox 421 4311 1994 4408">
    <p class='ocr_par' dir='ltr' id='par_1_73' title="bbox 421 4311 1994 4408">
     <span class='ocr_line' id='line_1_74' title="bbox 421 4311 1994 4408; baseline 0.005 -30"><span class='ocrx_word' id='word_1_581' title='bbox 421 4311 562 4403; x_wconf 75' lang='grc' dir='ltr'>ρκγ’.</span> <span class='ocrx_word' id='word_1_582' title='bbox 599 4326 697 4379; x_wconf 70' lang='grc' dir='ltr'><strong>Δεῖ</strong></span> <span class='ocrx_word' id='word_1_583' title='bbox 738 4321 794 4380; x_wconf 71' lang='grc' dir='ltr'>δὲ</span> <span class='ocrx_word' id='word_1_584' title='bbox 851 4311 1055 4389; x_wconf 71' lang='grc' dir='ltr'>πᾶντας</span> <span class='ocrx_word' id='word_1_585' title='bbox 1112 4332 1234 4391; x_wconf 77' lang='grc' dir='ltr'>τοῦς</span> <span class='ocrx_word' id='word_1_586' title='bbox 1291 4325 1347 4382; x_wconf 82' lang='grc' dir='ltr'>ἐν</span> <span class='ocrx_word' id='word_1_587' title='bbox 1401 4324 1647 4401; x_wconf 67' lang='grc' dir='ltr'>κοινοςίῳ</span> <span class='ocrx_word' id='word_1_588' title='bbox 1694 4329 1767 4392; x_wconf 81' lang='grc' dir='ltr'>ὡς</span> <span class='ocrx_word' id='word_1_589' title='bbox 1815 4328 1994 4408; x_wconf 82' lang='grc' dir='ltr'>ἁγίους</span> 
     </span>
    </p>
   </div>
   <div class='ocr_carea' id='block_1_74' title="bbox 337 4410 1993 4500">
    <p class='ocr_par' dir='ltr' id='par_1_74' title="bbox 337 4410 1993 4500">
     <span class='ocr_line' id='line_1_75' title="bbox 337 4410 1993 4500; baseline 0.005 -32"><span class='ocrx_word' id='word_1_590' title='bbox 337 4410 572 4489; x_wconf 85' lang='grc' dir='ltr'>βλέπειν,</span> <span class='ocrx_word' id='word_1_591' title='bbox 632 4414 723 4469; x_wconf 88' lang='grc' dir='ltr'><strong>καὶ</strong></span> <span class='ocrx_word' id='word_1_592' title='bbox 778 4414 937 4490; x_wconf 88' lang='grc' dir='ltr'>μόνον</span> <span class='ocrx_word' id='word_1_593' title='bbox 993 4416 1179 4472; x_wconf 79' lang='grc' dir='ltr'>ἑαυτὸν</span> <span class='ocrx_word' id='word_1_594' title='bbox 1252 4415 1565 4497; x_wconf 80' lang='grc' dir='ltr'>ἁμαρτωλὸν</span> <span class='ocrx_word' id='word_1_595' title='bbox 1620 4419 1708 4475; x_wconf 86' lang='grc' dir='ltr'><strong>καὶ</strong></span> <span class='ocrx_word' id='word_1_596' title='bbox 1765 4416 1993 4500; x_wconf 78' lang='grc' dir='ltr'>ἔσχατον</span> 
     </span>
    </p>
   </div>
   <div class='ocr_carea' id='block_1_75' title="bbox 337 4500 1993 4586">
    <p class='ocr_par' dir='ltr' id='par_1_75' title="bbox 337 4500 1993 4586">
     <span class='ocr_line' id='line_1_76' title="bbox 337 4500 1993 4586; baseline 0.006 -29"><span class='ocrx_word' id='word_1_597' title='bbox 337 4500 678 4577; x_wconf 76' lang='grc' dir='ltr'>ἐννοούμενον</span> <span class='ocrx_word' id='word_1_598' title='bbox 716 4522 728 4539; x_wconf 83' lang='grc'><em>’</em></span> <span class='ocrx_word' id='word_1_599' title='bbox 798 4502 881 4560; x_wconf 81' lang='grc' dir='ltr'><strong>ὅτι</strong></span> <span class='ocrx_word' id='word_1_600' title='bbox 950 4505 1164 4561; x_wconf 77' lang='grc' dir='ltr'>πάντων</span> <span class='ocrx_word' id='word_1_601' title='bbox 1221 4506 1558 4583; x_wconf 79' lang='grc' dir='ltr'>σωζομένων,</span> <span class='ocrx_word' id='word_1_602' title='bbox 1632 4511 1789 4573; x_wconf 67' lang='grc' dir='ltr'>αὐτὸς</span> <span class='ocrx_word' id='word_1_603' title='bbox 1833 4509 1993 4586; x_wconf 84' lang='grc' dir='ltr'>μόνος</span> 
     </span>
    </p>
   </div>
   <div class='ocr_carea' id='block_1_76' title="bbox 337 4589 1993 4675">
    <p class='ocr_par' dir='ltr' id='par_1_76' title="bbox 337 4589 1993 4675">
     <span class='ocr_line' id='line_1_77' title="bbox 337 4589 1993 4675; baseline 0.006 -30"><span class='ocrx_word' id='word_1_604' title='bbox 337 4589 724 4661; x_wconf 80' lang='grc' dir='ltr'>κολασθήσεται</span> <span class='ocrx_word' id='word_1_605' title='bbox 754 4592 808 4650; x_wconf 83' lang='grc' dir='ltr'>ὲν</span> <span class='ocrx_word' id='word_1_606' title='bbox 837 4598 907 4670; x_wconf 77' lang='grc' dir='ltr'><strong>τῇ</strong></span> <span class='ocrx_word' id='word_1_607' title='bbox 948 4593 1123 4675; x_wconf 75' lang='grc' dir='ltr'>ἡμέρᾳ</span> <span class='ocrx_word' id='word_1_608' title='bbox 1182 4595 1356 4673; x_wconf 80' lang='grc' dir='ltr'>ἐκείνῃ</span> <span class='ocrx_word' id='word_1_609' title='bbox 1391 4613 1406 4629; x_wconf 78' lang='grc'><strong><em>⁸</em></strong></span> <span class='ocrx_word' id='word_1_610' title='bbox 1466 4598 1555 4654; x_wconf 84' lang='grc' dir='ltr'><strong>καὶ</strong></span> <span class='ocrx_word' id='word_1_611' title='bbox 1606 4596 1658 4655; x_wconf 80' lang='grc' dir='ltr'>ἐν</span> <span class='ocrx_word' id='word_1_612' title='bbox 1690 4605 1758 4675; x_wconf 69' lang='grc' dir='ltr'>τῇ</span> <span class='ocrx_word' id='word_1_613' title='bbox 1789 4597 1993 4664; x_wconf 76' lang='grc' dir='ltr'>συνάξει</span> 
     </span>
    </p>
   </div>
   <div class='ocr_carea' id='block_1_77' title="bbox 335 4678 1990 4765">
    <p class='ocr_par' dir='ltr' id='par_1_77' title="bbox 335 4678 1990 4765">
     <span class='ocr_line' id='line_1_78' title="bbox 335 4678 1990 4765; baseline 0.005 -29"><span class='ocrx_word' id='word_1_614' title='bbox 335 4678 390 4736; x_wconf 80' lang='grc' dir='ltr'>δὲ</span> <span class='ocrx_word' id='word_1_615' title='bbox 419 4681 698 4757; x_wconf 79' lang='grc' dir='ltr'>ἱστάμενος</span> <span class='ocrx_word' id='word_1_616' title='bbox 744 4692 906 4742; x_wconf 79' lang='grc' dir='ltr'>ταῦτα</span> <span class='ocrx_word' id='word_1_617' title='bbox 965 4683 1180 4765; x_wconf 80' lang='grc' dir='ltr'>ἐννοῶν,</span> <span class='ocrx_word' id='word_1_618' title='bbox 1241 4686 1318 4762; x_wconf 79' lang='grc' dir='ltr'>μὴ</span> <span class='ocrx_word' id='word_1_619' title='bbox 1376 4687 1551 4765; x_wconf 88' lang='grc' dir='ltr'>παύσῃ</span> <span class='ocrx_word' id='word_1_620' title='bbox 1610 4687 1663 4745; x_wconf 82' lang='grc' dir='ltr'>ἐν</span> <span class='ocrx_word' id='word_1_621' title='bbox 1720 4687 1990 4754; x_wconf 79' lang='grc' dir='ltr'>κατανύξει</span> 
     </span>
    </p>
   </div>
   <div class='ocr_carea' id='block_1_78' title="bbox 331 4767 1990 4856">
    <p class='ocr_par' dir='ltr' id='par_1_78' title="bbox 331 4767 1990 4856">
     <span class='ocr_line' id='line_1_79' title="bbox 331 4767 1990 4856; baseline 0.005 -30"><span class='ocrx_word' id='word_1_622' title='bbox 331 4767 534 4826; x_wconf 84' lang='grc' dir='ltr'>κλαίειν</span> <span class='ocrx_word' id='word_1_623' title='bbox 561 4774 766 4851; x_wconf 87' lang='grc' dir='ltr'>θερμῶς</span> <span class='ocrx_word' id='word_1_624' title='bbox 801 4791 816 4807; x_wconf 90' lang='grc'><strong>·</strong></span> <span class='ocrx_word' id='word_1_625' title='bbox 861 4773 939 4849; x_wconf 80' lang='grc' dir='ltr'>μὴ</span> <span class='ocrx_word' id='word_1_626' title='bbox 989 4775 1305 4852; x_wconf 87' lang='grc' dir='ltr'>ποιούμενος</span> <span class='ocrx_word' id='word_1_627' title='bbox 1361 4774 1520 4856; x_wconf 86' lang='grc' dir='ltr'>λόγον</span> <span class='ocrx_word' id='word_1_628' title='bbox 1582 4784 1687 4835; x_wconf 90' lang='grc' dir='ltr'><strong>τῶν</strong></span> <span class='ocrx_word' id='word_1_629' title='bbox 1731 4780 1805 4843; x_wconf 82' lang='grc' dir='ltr'><strong>εἰς</strong></span> <span class='ocrx_word' id='word_1_630' title='bbox 1837 4786 1990 4836; x_wconf 76' lang='grc' dir='ltr'>τοῦτο</span> 
     </span>
    </p>
   </div>
   <div class='ocr_carea' id='block_1_79' title="bbox 330 4856 1987 4948">
    <p class='ocr_par' dir='ltr' id='par_1_79' title="bbox 330 4856 1987 4948">
     <span class='ocr_line' id='line_1_80' title="bbox 330 4856 1987 4948; baseline 0.007 -34"><span class='ocrx_word' id='word_1_631' title='bbox 330 4856 844 4948; x_wconf 79' lang='grc' dir='ltr'>σκανδαλιζομένων,</span> <span class='ocrx_word' id='word_1_632' title='bbox 903 4862 941 4931; x_wconf 68' lang='grc' dir='ltr'><strong>ἢ</strong></span> <span class='ocrx_word' id='word_1_633' title='bbox 997 4866 1083 4922; x_wconf 83' lang='grc' dir='ltr'><strong>καὶ</strong></span> <span class='ocrx_word' id='word_1_634' title='bbox 1165 4866 1543 4926; x_wconf 85' lang='grc' dir='ltr'>σκωπτόντων.</span> <span class='ocrx_word' id='word_1_635' title='bbox 1636 4870 1695 4925; x_wconf 80' lang='grc' dir='ltr'>Εἰ</span> <span class='ocrx_word' id='word_1_636' title='bbox 1750 4867 1805 4925; x_wconf 77' lang='grc' dir='ltr'>δὲ</span> <span class='ocrx_word' id='word_1_637' title='bbox 1863 4872 1987 4948; x_wconf 81' lang='grc' dir='ltr'>ὁρᾷς</span> 
     </span>
    </p>
   </div>
   <div class='ocr_carea' id='block_1_80' title="bbox 329 4947 1981 5033">
    <p class='ocr_par' dir='ltr' id='par_1_80' title="bbox 329 4947 1981 5033">
     <span class='ocr_line' id='line_1_81' title="bbox 329 4947 1981 5033; baseline 0.006 -30"><span class='ocrx_word' id='word_1_638' title='bbox 329 4948 550 5004; x_wconf 84' lang='grc' dir='ltr'>σεαυτὸν</span> <span class='ocrx_word' id='word_1_639' title='bbox 633 4947 695 5005; x_wconf 79' lang='grc' dir='ltr'>ἐκ</span> <span class='ocrx_word' id='word_1_640' title='bbox 782 4951 967 5008; x_wconf 86' lang='grc' dir='ltr'>τούτου</span> <span class='ocrx_word' id='word_1_641' title='bbox 1055 4955 1129 5017; x_wconf 82' lang='grc' dir='ltr'>εἱς</span> <span class='ocrx_word' id='word_1_642' title='bbox 1214 4953 1507 5021; x_wconf 77' lang='grc' dir='ltr'>κενοδοξίαν</span> <span class='ocrx_word' id='word_1_643' title='bbox 1600 4947 1981 5033; x_wconf 83' lang='grc' dir='ltr'>ὀλισθαίνοντα,</span> 
     </span>
    </p>
   </div>
   <div class='ocr_carea' id='block_1_81' title="bbox 328 5036 1983 5124">
    <p class='ocr_par' dir='ltr' id='par_1_81' title="bbox 328 5036 1983 5124">
     <span class='ocr_line' id='line_1_82' title="bbox 328 5036 1983 5124; baseline 0.005 -31"><span class='ocrx_word' id='word_1_644' title='bbox 328 5036 680 5119; x_wconf 71' lang='grc' dir='ltr'>ἐξερχόμενος</span> <span class='ocrx_word' id='word_1_645' title='bbox 710 5044 810 5107; x_wconf 80' lang='grc' dir='ltr'><strong>τῆς</strong></span> <span class='ocrx_word' id='word_1_646' title='bbox 839 5037 1186 5117; x_wconf 86' lang='grc' dir='ltr'>Ἐκκλησίας,</span> <span class='ocrx_word' id='word_1_647' title='bbox 1238 5043 1293 5099; x_wconf 78' lang='grc' dir='ltr'>ἐν</span> <span class='ocrx_word' id='word_1_648' title='bbox 1347 5053 1561 5124; x_wconf 88' lang='grc' dir='ltr'>κρυπτῷ</span> <span class='ocrx_word' id='word_1_649' title='bbox 1610 5056 1764 5105; x_wconf 83' lang='grc' dir='ltr'>τοῦτο</span> <span class='ocrx_word' id='word_1_650' title='bbox 1819 5047 1983 5124; x_wconf 77' lang='grc' dir='ltr'>ποίει,</span> 
     </span>
    </p>
   </div>
   <div class='ocr_carea' id='block_1_82' title="bbox 325 5126 1982 5211">
    <p class='ocr_par' dir='ltr' id='par_1_82' title="bbox 325 5126 1982 5211">
     <span class='ocr_line' id='line_1_83' title="bbox 325 5126 1982 5211; baseline 0.006 -28"><span class='ocrx_word' id='word_1_651' title='bbox 325 5126 472 5191; x_wconf 80' lang='grc' dir='ltr'>αὖθις</span> <span class='ocrx_word' id='word_1_652' title='bbox 515 5128 726 5209; x_wconf 81' lang='grc' dir='ltr'>ταχέως</span> <span class='ocrx_word' id='word_1_653' title='bbox 757 5131 888 5209; x_wconf 84' lang='grc' dir='ltr'>πρὸς</span> <span class='ocrx_word' id='word_1_654' title='bbox 916 5131 1008 5186; x_wconf 83' lang='grc' dir='ltr'>τὸν</span> <span class='ocrx_word' id='word_1_655' title='bbox 1057 5128 1194 5188; x_wconf 80' lang='grc' dir='ltr'>ἴδιον</span> <span class='ocrx_word' id='word_1_656' title='bbox 1249 5132 1412 5191; x_wconf 90' lang='grc' dir='ltr'>τόπον</span> <span class='ocrx_word' id='word_1_657' title='bbox 1443 5135 1930 5211; x_wconf 76' lang='grc' dir='ltr'>ἀποκαθιστάμενος</span> <span class='ocrx_word' id='word_1_658' title='bbox 1968 5156 1982 5170; x_wconf 84' lang='grc'><em>’</em></span> 
     </span>
    </p>
   </div>
   <div class='ocr_carea' id='block_1_83' title="bbox 325 5217 1982 5300">
    <p class='ocr_par' dir='ltr' id='par_1_83' title="bbox 325 5217 1982 5300">
     <span class='ocr_line' id='line_1_84' title="bbox 325 5217 1982 5300; baseline 0.005 -29"><span class='ocrx_word' id='word_1_659' title='bbox 325 5225 481 5274; x_wconf 77' lang='grc' dir='ltr'>τοῦτο</span> <span class='ocrx_word' id='word_1_660' title='bbox 536 5217 637 5297; x_wconf 80' lang='grc' dir='ltr'>γὰρ</span> <span class='ocrx_word' id='word_1_661' title='bbox 692 5220 824 5296; x_wconf 80' lang='grc' dir='ltr'>πρὸς</span> <span class='ocrx_word' id='word_1_662' title='bbox 880 5219 1002 5284; x_wconf 85' lang='grc' dir='ltr'>τοὺς</span> <span class='ocrx_word' id='word_1_663' title='bbox 1060 5219 1346 5300; x_wconf 81' lang='grc' dir='ltr'>ἆρχαρίους</span> <span class='ocrx_word' id='word_1_664' title='bbox 1405 5222 1549 5299; x_wconf 76' lang='grc' dir='ltr'>μάλα</span> <span class='ocrx_word' id='word_1_665' title='bbox 1606 5224 1712 5280; x_wconf 75' lang='grc' dir='ltr'>ἐσῖὶ</span> <span class='ocrx_word' id='word_1_666' title='bbox 1774 5223 1937 5281; x_wconf 83' lang='grc' dir='ltr'>καλόν</span> <span class='ocrx_word' id='word_1_667' title='bbox 1968 5240 1982 5254; x_wconf 85' lang='grc'>⁶</span> 
     </span>
    </p>
   </div>
   <div class='ocr_carea' id='block_1_84' title="bbox 324 5302 1983 5394">
    <p class='ocr_par' dir='ltr' id='par_1_84' title="bbox 324 5302 1983 5394">
     <span class='ocr_line' id='line_1_85' title="bbox 324 5302 1983 5394; baseline 0.006 -33"><span class='ocrx_word' id='word_1_668' title='bbox 324 5302 531 5382; x_wconf 79' lang='grc' dir='ltr'>μᾶλλον</span> <span class='ocrx_word' id='word_1_669' title='bbox 588 5306 641 5363; x_wconf 80' lang='grc' dir='ltr'>ἐν</span> <span class='ocrx_word' id='word_1_670' title='bbox 706 5313 783 5383; x_wconf 82' lang='grc' dir='ltr'><strong>τῷ</strong></span> <span class='ocrx_word' id='word_1_671' title='bbox 855 5304 1169 5384; x_wconf 70' lang='grc' dir='ltr'>ἑξαψάλμῳ,</span> <span class='ocrx_word' id='word_1_672' title='bbox 1228 5312 1316 5366; x_wconf 88' lang='grc' dir='ltr'><strong>καὶ</strong></span> <span class='ocrx_word' id='word_1_673' title='bbox 1371 5319 1439 5384; x_wconf 79' lang='grc' dir='ltr'><strong>τῇ</strong></span> <span class='ocrx_word' id='word_1_674' title='bbox 1500 5312 1838 5394; x_wconf 82' lang='grc' dir='ltr'>στιχολογίᾳ,</span> <span class='ocrx_word' id='word_1_675' title='bbox 1897 5315 1983 5371; x_wconf 85' lang='grc' dir='ltr'><strong>καὶ</strong></span> 
     </span>
    </p>
   </div>
   <div class='ocr_carea' id='block_1_85' title="bbox 321 5395 1981 5484">
    <p class='ocr_par' dir='ltr' id='par_1_85' title="bbox 321 5395 1981 5484">
     <span class='ocr_line' id='line_1_86' title="bbox 321 5395 1981 5484; baseline 0.005 -34"><span class='ocrx_word' id='word_1_676' title='bbox 321 5398 392 5471; x_wconf 80' lang='grc' dir='ltr'><strong>τῇ</strong></span> <span class='ocrx_word' id='word_1_677' title='bbox 441 5395 757 5484; x_wconf 78' lang='grc' dir='ltr'>ἄναγνώσει,</span> <span class='ocrx_word' id='word_1_678' title='bbox 804 5397 894 5453; x_wconf 88' lang='grc' dir='ltr'><strong>καὶ</strong></span> <span class='ocrx_word' id='word_1_679' title='bbox 952 5404 1028 5472; x_wconf 82' lang='grc' dir='ltr'>τῷ</span> <span class='ocrx_word' id='word_1_680' title='bbox 1084 5398 1194 5454; x_wconf 83' lang='grc' dir='ltr'>θεία</span> <span class='ocrx_word' id='word_1_681' title='bbox 1248 5397 1544 5481; x_wconf 74' lang='grc' dir='ltr'>λειτουργίᾳ</span> <span class='ocrx_word' id='word_1_682' title='bbox 1630 5403 1869 5484; x_wconf 82' lang='grc' dir='ltr'>Πρόσεχε</span> <span class='ocrx_word' id='word_1_683' title='bbox 1927 5400 1981 5458; x_wconf 73' lang='grc' dir='ltr'>δὲ</span> 
     </span>
    </p>
   </div>
   <div class='ocr_carea' id='block_1_86' title="bbox 323 5483 1980 5567">
    <p class='ocr_par' dir='ltr' id='par_1_86' title="bbox 323 5483 1980 5567">
     <span class='ocr_line' id='line_1_87' title="bbox 323 5483 1980 5567; baseline 0.006 -31"><span class='ocrx_word' id='word_1_684' title='bbox 323 5492 417 5542; x_wconf 75' lang='grc' dir='ltr'><strong>τοῦ</strong></span> <span class='ocrx_word' id='word_1_685' title='bbox 445 5483 522 5558; x_wconf 78' lang='grc' dir='ltr'>μὴ</span> <span class='ocrx_word' id='word_1_686' title='bbox 551 5486 870 5564; x_wconf 71' lang='grc' dir='ltr'>κατακρῖναί</span> <span class='ocrx_word' id='word_1_687' title='bbox 928 5507 1068 5560; x_wconf 83' lang='grc' dir='ltr'>τινα,</span> <span class='ocrx_word' id='word_1_688' title='bbox 1131 5485 1269 5544; x_wconf 82' lang='grc' dir='ltr'>ἀλλὰ</span> <span class='ocrx_word' id='word_1_689' title='bbox 1320 5497 1472 5546; x_wconf 72' lang='grc' dir='ltr'>τοῦτο</span> <span class='ocrx_word' id='word_1_690' title='bbox 1513 5494 1603 5548; x_wconf 73' lang='grc' dir='ltr'>θοῦ</span> <span class='ocrx_word' id='word_1_691' title='bbox 1660 5491 1713 5548; x_wconf 79' lang='grc' dir='ltr'>ἐν</span> <span class='ocrx_word' id='word_1_692' title='bbox 1767 5498 1864 5567; x_wconf 73' lang='grc' dir='ltr'>νῷ,</span> <span class='ocrx_word' id='word_1_693' title='bbox 1899 5490 1980 5546; x_wconf 70' lang='grc' dir='ltr'><strong>ὅτι</strong></span> 
     </span>
    </p>
   </div>
   <div class='ocr_carea' id='block_1_87' title="bbox 324 5568 1981 5659">
    <p class='ocr_par' dir='ltr' id='par_1_87' title="bbox 324 5568 1981 5659">
     <span class='ocr_line' id='line_1_88' title="bbox 324 5568 1981 5659; baseline 0.005 -32"><span class='ocrx_word' id='word_1_694' title='bbox 324 5568 441 5629; x_wconf 80' lang='grc' dir='ltr'>ὅσοι</span> <span class='ocrx_word' id='word_1_695' title='bbox 513 5571 763 5650; x_wconf 78' lang='grc' dir='ltr'>βλέπουσί</span> <span class='ocrx_word' id='word_1_696' title='bbox 833 5596 889 5630; x_wconf 90' lang='grc' dir='ltr'><strong>νε</strong></span> <span class='ocrx_word' id='word_1_697' title='bbox 960 5574 1127 5640; x_wconf 78' lang='grc' dir='ltr'>οὕτως</span> <span class='ocrx_word' id='word_1_698' title='bbox 1198 5575 1607 5659; x_wconf 67' lang='grc' dir='ltr'>ὀλοφυρόμενον,</span> <span class='ocrx_word' id='word_1_699' title='bbox 1684 5580 1981 5643; x_wconf 72' lang='grc' dir='ltr'>ἐννοοῦντες</span> 
     </span>
    </p>
   </div>
   <div class='ocr_carea' id='block_1_88' title="bbox 320 5658 1967 5750">
    <p class='ocr_par' dir='ltr' id='par_1_88' title="bbox 320 5658 1967 5750">
     <span class='ocr_line' id='line_1_89' title="bbox 320 5658 1967 5750; baseline 0.006 -35"><span class='ocrx_word' id='word_1_700' title='bbox 320 5658 767 5741; x_wconf 80' lang='grc' dir='ltr'>πολυαμάρτητον</span> <span class='ocrx_word' id='word_1_701' title='bbox 799 5662 941 5721; x_wconf 78' lang='grc' dir='ltr'>εἶναί</span> <span class='ocrx_word' id='word_1_702' title='bbox 984 5686 1073 5747; x_wconf 88' lang='grc' dir='ltr'><strong>με,</strong></span> <span class='ocrx_word' id='word_1_703' title='bbox 1130 5658 1510 5750; x_wconf 76' lang='grc' dir='ltr'>ὑπερεύχονται</span> <span class='ocrx_word' id='word_1_704' title='bbox 1566 5674 1666 5736; x_wconf 76' lang='grc' dir='ltr'>τῆς</span> <span class='ocrx_word' id='word_1_705' title='bbox 1697 5668 1834 5747; x_wconf 76' lang='grc' dir='ltr'><strong>ἒμῆς</strong></span> <span class='ocrx_word' id='word_1_706' title='bbox 1866 5690 1967 5725; x_wconf 82' lang='grc' dir='ltr'>σωο</span> 
     </span>
    </p>
   </div>
   <div class='ocr_carea' id='block_1_89' title="bbox 319 5750 1981 5840">
    <p class='ocr_par' dir='ltr' id='par_1_89' title="bbox 319 5750 1981 5840">
     <span class='ocr_line' id='line_1_90' title="bbox 319 5750 1981 5840; baseline 0.004 -34"><span class='ocrx_word' id='word_1_707' title='bbox 319 5750 507 5831; x_wconf 87' lang='grc' dir='ltr'>τηρίας</span> <span class='ocrx_word' id='word_1_708' title='bbox 542 5768 556 5783; x_wconf 74' lang='grc'><strong><em>⁸</em></strong></span> <span class='ocrx_word' id='word_1_709' title='bbox 605 5752 695 5809; x_wconf 85' lang='grc' dir='ltr'><strong>καὶ</strong></span> <span class='ocrx_word' id='word_1_710' title='bbox 723 5751 935 5818; x_wconf 86' lang='grc' dir='ltr'>πάντως</span> <span class='ocrx_word' id='word_1_711' title='bbox 963 5760 1119 5814; x_wconf 80' lang='grc' dir='ltr'>τοῦτο</span> <span class='ocrx_word' id='word_1_712' title='bbox 1149 5753 1230 5812; x_wconf 77' lang='grc' dir='ltr'><strong>ἀεὶ</strong></span> <span class='ocrx_word' id='word_1_713' title='bbox 1279 5754 1642 5840; x_wconf 70' lang='grc' dir='ltr'>ἐννοούμενος,</span> <span class='ocrx_word' id='word_1_714' title='bbox 1687 5759 1778 5817; x_wconf 84' lang='grc' dir='ltr'><strong>καί</strong></span> <span class='ocrx_word' id='word_1_715' title='bbox 1824 5755 1981 5815; x_wconf 77' lang='grc' dir='ltr'>ἀδια-</span> 
     </span>
    </p>
   </div>
   <div class='ocr_carea' id='block_1_90' title="bbox 2175 3419 3729 3505">
    <p class='ocr_par' dir='ltr' id='par_1_90' title="bbox 2175 3419 3729 3505">
     <span class='ocr_line' id='line_1_91' title="bbox 2175 3419 3729 3505; baseline -0.004 -19"><span class='ocrx_word' id='word_1_716' title='bbox 2175 3424 2310 3489; x_wconf 73' lang='grc'><strong>122.</strong></span> <span class='ocrx_word' id='word_1_717' title='bbox 2343 3419 2590 3505; x_wconf 88' lang='lat' dir='ltr'><strong>Oportet</strong></span> <span class='ocrx_word' id='word_1_718' title='bbox 2620 3423 2795 3485; x_wconf 88' lang='lat' dir='ltr'><strong>etiam</strong></span> <span class='ocrx_word' id='word_1_719' title='bbox 2829 3421 3081 3502; x_wconf 84' lang='lat' dir='ltr'><strong>singulis</strong></span> <span class='ocrx_word' id='word_1_720' title='bbox 3106 3420 3317 3486; x_wconf 88' lang='lat' dir='ltr'><strong>diebus</strong></span> <span class='ocrx_word' id='word_1_721' title='bbox 3344 3419 3601 3482; x_wconf 90' lang='lat' dir='ltr'><strong>reddere</strong></span> <span class='ocrx_word' id='word_1_722' title='bbox 3630 3437 3729 3481; x_wconf 90' lang='lat' dir='ltr'><strong>ra-</strong></span> 
     </span>
    </p>
   </div>
   <div class='ocr_carea' id='block_1_91' title="bbox 2089 3507 3727 3593">
    <p class='ocr_par' dir='ltr' id='par_1_91' title="bbox 2089 3507 3727 3593">
     <span class='ocr_line' id='line_1_92' title="bbox 2089 3507 3727 3593; baseline -0.004 -18"><span class='ocrx_word' id='word_1_723' title='bbox 2089 3513 2311 3575; x_wconf 88' lang='lat' dir='ltr'><strong>tionem</strong></span> <span class='ocrx_word' id='word_1_724' title='bbox 2346 3512 2500 3574; x_wconf 89' lang='lat' dir='ltr'><strong>Patri</strong></span> <span class='ocrx_word' id='word_1_725' title='bbox 2528 3513 2842 3593; x_wconf 86' lang='lat' dir='ltr'><strong>spirituali,</strong></span> <span class='ocrx_word' id='word_1_726' title='bbox 2908 3522 2965 3573; x_wconf 82' lang='lat' dir='ltr'><strong>et</strong></span> <span class='ocrx_word' id='word_1_727' title='bbox 3027 3509 3313 3592; x_wconf 84' lang='lat' dir='ltr'><strong>quidquid</strong></span> <span class='ocrx_word' id='word_1_728' title='bbox 3352 3507 3455 3569; x_wconf 90' lang='lat' dir='ltr'><strong>tibi</strong></span> <span class='ocrx_word' id='word_1_729' title='bbox 3490 3507 3727 3583; x_wconf 84' lang='lat' dir='ltr'><strong>dixerit,</strong></span> 
     </span>
    </p>
   </div>
   <div class='ocr_carea' id='block_1_92' title="bbox 2088 3595 3728 3682">
    <p class='ocr_par' dir='ltr' id='par_1_92' title="bbox 2088 3595 3728 3682">
     <span class='ocr_line' id='line_1_93' title="bbox 2088 3595 3728 3682; baseline -0.003 -19"><span class='ocrx_word' id='word_1_730' title='bbox 2088 3609 2363 3682; x_wconf 86' lang='lat' dir='ltr'><strong>tanquam</strong></span> <span class='ocrx_word' id='word_1_731' title='bbox 2397 3620 2465 3662; x_wconf 83' lang='lat' dir='ltr'><strong>ex</strong></span> <span class='ocrx_word' id='word_1_732' title='bbox 2488 3620 2589 3661; x_wconf 85' lang='lat' dir='ltr'><strong>ore</strong></span> <span class='ocrx_word' id='word_1_733' title='bbox 2619 3600 2818 3661; x_wconf 88' lang='lat' dir='ltr'><strong>divino</strong></span> <span class='ocrx_word' id='word_1_734' title='bbox 2843 3600 3118 3681; x_wconf 76' lang='lat' dir='ltr'><strong>excipere</strong></span> <span class='ocrx_word' id='word_1_735' title='bbox 3142 3619 3273 3661; x_wconf 88' lang='lat' dir='ltr'><strong>cum</strong></span> <span class='ocrx_word' id='word_1_736' title='bbox 3299 3596 3462 3660; x_wconf 93' lang='lat' dir='ltr'><strong>omni</strong></span> <span class='ocrx_word' id='word_1_737' title='bbox 3487 3595 3728 3675; x_wconf 86' lang='lat' dir='ltr'><strong>ﬁducia,</strong></span> 
     </span>
    </p>
   </div>
   <div class='ocr_carea' id='block_1_93' title="bbox 2085 3685 3724 3768">
    <p class='ocr_par' dir='ltr' id='par_1_93' title="bbox 2085 3685 3724 3768">
     <span class='ocr_line' id='line_1_94' title="bbox 2085 3685 3724 3768; baseline -0.002 -17"><span class='ocrx_word' id='word_1_738' title='bbox 2085 3709 2196 3753; x_wconf 90' lang='lat' dir='ltr'><strong>nec</strong></span> <span class='ocrx_word' id='word_1_739' title='bbox 2228 3689 2330 3751; x_wconf 92' lang='lat' dir='ltr'><strong>ulli</strong></span> <span class='ocrx_word' id='word_1_740' title='bbox 2362 3688 2531 3751; x_wconf 90' lang='lat' dir='ltr'><strong>alteri</strong></span> <span class='ocrx_word' id='word_1_741' title='bbox 2562 3708 2629 3751; x_wconf 90' lang='lat' dir='ltr'><strong>ea</strong></span> <span class='ocrx_word' id='word_1_742' title='bbox 2660 3690 2946 3761; x_wconf 88' lang='lat' dir='ltr'><strong>revelare,</strong></span> <span class='ocrx_word' id='word_1_743' title='bbox 2981 3688 3257 3768; x_wconf 86' lang='lat' dir='ltr'><strong>dicendo,</strong></span> <span class='ocrx_word' id='word_1_744' title='bbox 3295 3685 3458 3748; x_wconf 91' lang='lat' dir='ltr'><strong>verbi</strong></span> <span class='ocrx_word' id='word_1_745' title='bbox 3491 3685 3677 3764; x_wconf 83' lang='lat' dir='ltr'><strong>gratia</strong></span> <span class='ocrx_word' id='word_1_746' title='bbox 3711 3707 3724 3748; x_wconf 94' lang='lat'>:</span> 
     </span>
    </p>
   </div>
   <div class='ocr_carea' id='block_1_94' title="bbox 2089 3774 3728 3859">
    <p class='ocr_par' dir='ltr' id='par_1_94' title="bbox 2089 3774 3728 3859">
     <span class='ocr_line' id='line_1_95' title="bbox 2089 3774 3728 3859; baseline -0.002 -22"><span class='ocrx_word' id='word_1_747' title='bbox 2089 3800 2116 3837; x_wconf 73' lang='grc' dir='ltr'>ι</span> <span class='ocrx_word' id='word_1_748' title='bbox 2152 3780 2278 3841; x_wconf 89' lang='lat' dir='ltr'><strong>Hoc</strong></span> <span class='ocrx_word' id='word_1_749' title='bbox 2308 3790 2365 3841; x_wconf 88' lang='lat' dir='ltr'><strong>et</strong></span> <span class='ocrx_word' id='word_1_750' title='bbox 2396 3778 2541 3841; x_wconf 92' lang='lat' dir='ltr'><strong>illud</strong></span> <span class='ocrx_word' id='word_1_751' title='bbox 2570 3798 2603 3840; x_wconf 91' lang='lat' dir='ltr'><strong>a</strong></span> <span class='ocrx_word' id='word_1_752' title='bbox 2636 3779 2804 3840; x_wconf 91' lang='lat' dir='ltr'><strong>Patre</strong></span> <span class='ocrx_word' id='word_1_753' title='bbox 2836 3777 3233 3859; x_wconf 84' lang='lat' dir='ltr'><strong>percontanti,</strong></span> <span class='ocrx_word' id='word_1_754' title='bbox 3270 3776 3384 3837; x_wconf 88' lang='lat' dir='ltr'><strong>hoc</strong></span> <span class='ocrx_word' id='word_1_755' title='bbox 3414 3774 3562 3835; x_wconf 89' lang='lat' dir='ltr'><strong>mihi</strong></span> <span class='ocrx_word' id='word_1_756' title='bbox 3593 3792 3728 3836; x_wconf 87' lang='lat' dir='ltr'><strong>res-</strong></span> 
     </span>
    </p>
   </div>
   <div class='ocr_carea' id='block_1_95' title="bbox 2079 3866 3722 3949">
    <p class='ocr_par' dir='ltr' id='par_1_95' title="bbox 2079 3866 3722 3949">
     <span class='ocr_line' id='line_1_96' title="bbox 2079 3866 3722 3949; baseline -0.002 -20"><span class='ocrx_word' id='word_1_757' title='bbox 2079 3868 2288 3949; x_wconf 89' lang='lat' dir='ltr'><strong>pondit</strong></span> <span class='ocrx_word' id='word_1_758' title='bbox 2323 3888 2339 3946; x_wconf 90' lang='lat'><strong>;</strong></span> <span class='ocrx_word' id='word_1_759' title='bbox 2379 3894 2403 3925; x_wconf 80' lang='grc' dir='ltr'>(ι</span> <span class='ocrx_word' id='word_1_760' title='bbox 2434 3869 2522 3930; x_wconf 90' lang='lat' dir='ltr'><strong>vel</strong></span> <span class='ocrx_word' id='word_1_761' title='bbox 2556 3878 2750 3932; x_wconf 92' lang='lat' dir='ltr'><strong>utrum</strong></span> <span class='ocrx_word' id='word_1_762' title='bbox 2784 3867 2935 3929; x_wconf 92' lang='lat' dir='ltr'><strong>bene</strong></span> <span class='ocrx_word' id='word_1_763' title='bbox 2965 3866 3320 3929; x_wconf 86' lang='lat' dir='ltr'><strong>sententiam</strong></span> <span class='ocrx_word' id='word_1_764' title='bbox 3356 3866 3722 3944; x_wconf 79' lang='lat' dir='ltr'><strong>exposuerit,</strong></span> 
     </span>
    </p>
   </div>
   <div class='ocr_carea' id='block_1_96' title="bbox 2077 3954 3728 4040">
    <p class='ocr_par' dir='ltr' id='par_1_96' title="bbox 2077 3954 3728 4040">
     <span class='ocr_line' id='line_1_97' title="bbox 2077 3954 3728 4040; baseline -0.003 -20"><span class='ocrx_word' id='word_1_765' title='bbox 2077 3978 2149 4021; x_wconf 90' lang='lat' dir='ltr'><strong>an</strong></span> <span class='ocrx_word' id='word_1_766' title='bbox 2183 3978 2299 4020; x_wconf 91' lang='lat' dir='ltr'><strong>non</strong></span> <span class='ocrx_word' id='word_1_767' title='bbox 2337 3981 2351 4040; x_wconf 88' lang='lat'><strong>;</strong></span> <span class='ocrx_word' id='word_1_768' title='bbox 2387 3960 2476 4021; x_wconf 90' lang='lat' dir='ltr'><strong>vel</strong></span> <span class='ocrx_word' id='word_1_769' title='bbox 2504 3979 2518 4020; x_wconf 88' lang='lat'><strong>:</strong></span> <span class='ocrx_word' id='word_1_770' title='bbox 2558 3984 2583 4015; x_wconf 78' lang='grc' dir='ltr'><strong>α</strong></span> <span class='ocrx_word' id='word_1_771' title='bbox 2614 3957 2761 4031; x_wconf 89' lang='lat' dir='ltr'><strong>Quid</strong></span> <span class='ocrx_word' id='word_1_772' title='bbox 2797 3977 2936 4038; x_wconf 83' lang='lat' dir='ltr'><strong>ergo</strong></span> <span class='ocrx_word' id='word_1_773' title='bbox 2969 3957 3157 4019; x_wconf 89' lang='lat' dir='ltr'><strong>debeo</strong></span> <span class='ocrx_word' id='word_1_774' title='bbox 3189 3956 3381 4017; x_wconf 86' lang='lat' dir='ltr'><strong>facere</strong></span> <span class='ocrx_word' id='word_1_775' title='bbox 3411 3955 3484 4017; x_wconf 91' lang='lat' dir='ltr'><strong>ad</strong></span> <span class='ocrx_word' id='word_1_776' title='bbox 3510 3954 3595 4017; x_wconf 90' lang='lat' dir='ltr'><strong>illi</strong></span> <span class='ocrx_word' id='word_1_777' title='bbox 3627 3972 3728 4016; x_wconf 35' lang='lat' dir='ltr'><strong>san-</strong></span> 
     </span>
    </p>
   </div>
   <div class='ocr_carea' id='block_1_97' title="bbox 2079 4043 3731 4126">
    <p class='ocr_par' dir='ltr' id='par_1_97' title="bbox 2079 4043 3731 4126">
     <span class='ocr_line' id='line_1_98' title="bbox 2079 4043 3731 4126; baseline -0.002 -17"><span class='ocrx_word' id='word_1_778' title='bbox 2079 4049 2486 4110; x_wconf 86' lang='lat' dir='ltr'><strong>tislaciendum</strong></span> <span class='ocrx_word' id='word_1_779' title='bbox 2509 4047 2540 4108; x_wconf 85' lang='lat'><strong>‘?</strong></span> <span class='ocrx_word' id='word_1_780' title='bbox 2570 4073 2591 4107; x_wconf 72' lang='grc' dir='ltr'><strong>ν</strong></span> <span class='ocrx_word' id='word_1_781' title='bbox 2629 4048 2757 4112; x_wconf 72' lang='lat' dir='ltr'><strong>Haet</strong></span> <span class='ocrx_word' id='word_1_782' title='bbox 2797 4046 2957 4108; x_wconf 90' lang='lat' dir='ltr'><strong>enim</strong></span> <span class='ocrx_word' id='word_1_783' title='bbox 2985 4046 3165 4110; x_wconf 86' lang='lat' dir='ltr'><strong>verba</strong></span> <span class='ocrx_word' id='word_1_784' title='bbox 3193 4055 3328 4108; x_wconf 89' lang='lat' dir='ltr'><strong>sunt</strong></span> <span class='ocrx_word' id='word_1_785' title='bbox 3359 4046 3534 4126; x_wconf 90' lang='lat' dir='ltr'><strong>plena</strong></span> <span class='ocrx_word' id='word_1_786' title='bbox 3573 4043 3731 4105; x_wconf 81' lang='lat' dir='ltr'><strong>dilfi-</strong></span> 
     </span>
    </p>
   </div>
   <div class='ocr_carea' id='block_1_98' title="bbox 2076 4135 3725 4217">
    <p class='ocr_par' dir='ltr' id='par_1_98' title="bbox 2076 4135 3725 4217">
     <span class='ocr_line' id='line_1_99' title="bbox 2076 4135 3725 4217; baseline -0.002 -18"><span class='ocrx_word' id='word_1_787' title='bbox 2076 4137 2295 4200; x_wconf 67' lang='lat' dir='ltr'><strong>demite</strong></span> <span class='ocrx_word' id='word_1_788' title='bbox 2317 4157 2456 4217; x_wconf 82' lang='lat' dir='ltr'><strong>erga</strong></span> <span class='ocrx_word' id='word_1_789' title='bbox 2479 4137 2736 4215; x_wconf 84' lang='lat' dir='ltr'><strong>Patrem,</strong></span> <span class='ocrx_word' id='word_1_790' title='bbox 2765 4148 2822 4199; x_wconf 88' lang='lat' dir='ltr'><strong>et</strong></span> <span class='ocrx_word' id='word_1_791' title='bbox 2852 4144 3064 4199; x_wconf 75' lang='lat' dir='ltr'><strong>animae</strong></span> <span class='ocrx_word' id='word_1_792' title='bbox 3095 4139 3322 4212; x_wconf 82' lang='lat' dir='ltr'><strong>nociva,</strong></span> <span class='ocrx_word' id='word_1_793' title='bbox 3358 4144 3419 4196; x_wconf 91' lang='lat' dir='ltr'><strong>ut</strong></span> <span class='ocrx_word' id='word_1_794' title='bbox 3455 4135 3725 4216; x_wconf 87' lang='lat' dir='ltr'><strong>plerum-</strong></span> 
     </span>
    </p>
   </div>
   <div class='ocr_carea' id='block_1_99' title="bbox 2078 4226 2964 4309">
    <p class='ocr_par' dir='ltr' id='par_1_99' title="bbox 2078 4226 2964 4309">
     <span class='ocr_line' id='line_1_100' title="bbox 2078 4226 2964 4309; baseline 0.006 -22"><span class='ocrx_word' id='word_1_795' title='bbox 2078 4246 2193 4309; x_wconf 89' lang='lat' dir='ltr'><strong>que</strong></span> <span class='ocrx_word' id='word_1_796' title='bbox 2223 4228 2497 4288; x_wconf 85' lang='lat' dir='ltr'><strong>accidere</strong></span> <span class='ocrx_word' id='word_1_797' title='bbox 2528 4228 2680 4290; x_wconf 90' lang='lat' dir='ltr'><strong>solet</strong></span> <span class='ocrx_word' id='word_1_798' title='bbox 2704 4226 2964 4292; x_wconf 87' lang='lat' dir='ltr'><strong>novitiis.</strong></span> 
     </span>
    </p>
   </div>
   <div class='ocr_carea' id='block_1_100' title="bbox 2162 4315 3722 4398">
    <p class='ocr_par' dir='ltr' id='par_1_100' title="bbox 2162 4315 3722 4398">
     <span class='ocr_line' id='line_1_101' title="bbox 2162 4315 3722 4398; baseline -0.003 -20"><span class='ocrx_word' id='word_1_799' title='bbox 2162 4319 2300 4378; x_wconf 66' lang='lat'><strong>1‘23.</strong></span> <span class='ocrx_word' id='word_1_800' title='bbox 2335 4315 2582 4398; x_wconf 87' lang='lat' dir='ltr'><strong>Oportet</strong></span> <span class='ocrx_word' id='word_1_801' title='bbox 2602 4336 2812 4379; x_wconf 85' lang='lat' dir='ltr'><strong>omnes</strong></span> <span class='ocrx_word' id='word_1_802' title='bbox 2837 4317 2895 4378; x_wconf 92' lang='lat' dir='ltr'><strong>in</strong></span> <span class='ocrx_word' id='word_1_803' title='bbox 2918 4316 3190 4379; x_wconf 74' lang='lat' dir='ltr'><strong>coenobio</strong></span> <span class='ocrx_word' id='word_1_804' title='bbox 3212 4315 3473 4375; x_wconf 85' lang='lat' dir='ltr'><strong>viventes</strong></span> <span class='ocrx_word' id='word_1_805' title='bbox 3499 4321 3560 4373; x_wconf 82' lang='lat' dir='ltr'><strong>ut</strong></span> <span class='ocrx_word' id='word_1_806' title='bbox 3581 4331 3722 4374; x_wconf 78' lang='lat' dir='ltr'><strong>san—</strong></span> 
     </span>
    </p>
   </div>
   <div class='ocr_carea' id='block_1_101' title="bbox 2079 4405 3728 4487">
    <p class='ocr_par' dir='ltr' id='par_1_101' title="bbox 2079 4405 3728 4487">
     <span class='ocr_line' id='line_1_102' title="bbox 2079 4405 3728 4487; baseline -0.003 -18"><span class='ocrx_word' id='word_1_807' title='bbox 2079 4416 2204 4469; x_wconf 90' lang='lat' dir='ltr'><strong>ctus</strong></span> <span class='ocrx_word' id='word_1_808' title='bbox 2222 4405 2466 4479; x_wconf 87' lang='lat' dir='ltr'><strong>habere,</strong></span> <span class='ocrx_word' id='word_1_809' title='bbox 2494 4407 2758 4487; x_wconf 89' lang='lat' dir='ltr'><strong>seipsum</strong></span> <span class='ocrx_word' id='word_1_810' title='bbox 2778 4415 2972 4468; x_wconf 83' lang='lat' dir='ltr'><strong>autem</strong></span> <span class='ocrx_word' id='word_1_811' title='bbox 3002 4405 3190 4467; x_wconf 90' lang='lat' dir='ltr'><strong>solum</strong></span> <span class='ocrx_word' id='word_1_812' title='bbox 3207 4411 3583 4487; x_wconf 83' lang='lat' dir='ltr'><strong>peccatorern</strong></span> <span class='ocrx_word' id='word_1_813' title='bbox 3601 4420 3728 4464; x_wconf 91' lang='lat' dir='ltr'><strong>om-</strong></span> 
     </span>
    </p>
   </div>
   <div class='ocr_carea' id='block_1_102' title="bbox 2081 4485 3720 4578">
    <p class='ocr_par' dir='ltr' id='par_1_102' title="bbox 2081 4485 3720 4578">
     <span class='ocr_line' id='line_1_103' title="bbox 2081 4485 3720 4578; baseline -0.003 -19"><span class='ocrx_word' id='word_1_814' title='bbox 2081 4498 2366 4578; x_wconf 90' lang='lat' dir='ltr'><strong>niumque</strong></span> <span class='ocrx_word' id='word_1_815' title='bbox 2390 4485 2660 4557; x_wconf 83' lang='lat' dir='ltr'><strong>inﬁmum</strong></span> <span class='ocrx_word' id='word_1_816' title='bbox 2686 4495 3024 4557; x_wconf 83' lang='lat' dir='ltr'><strong>existimare</strong></span> <span class='ocrx_word' id='word_1_817' title='bbox 3054 4511 3071 4569; x_wconf 86' lang='lat'><strong>;</strong></span> <span class='ocrx_word' id='word_1_818' title='bbox 3097 4493 3444 4573; x_wconf 65' lang='lat' dir='ltr'><strong>ueterisque</strong></span> <span class='ocrx_word' id='word_1_819' title='bbox 3462 4485 3720 4568; x_wconf 85' lang='lat' dir='ltr'><strong>salvatis,</strong></span> 
     </span>
    </p>
   </div>
   <div class='ocr_carea' id='block_1_103' title="bbox 2075 4580 3718 4664">
    <p class='ocr_par' dir='ltr' id='par_1_103' title="bbox 2075 4580 3718 4664">
     <span class='ocr_line' id='line_1_104' title="bbox 2075 4580 3718 4664; baseline -0.004 -16"><span class='ocrx_word' id='word_1_820' title='bbox 2075 4586 2268 4648; x_wconf 89' lang='lat' dir='ltr'><strong>solum</strong></span> <span class='ocrx_word' id='word_1_821' title='bbox 2296 4604 2360 4647; x_wconf 87' lang='lat' dir='ltr'><strong>se</strong></span> <span class='ocrx_word' id='word_1_822' title='bbox 2392 4585 2449 4645; x_wconf 91' lang='lat' dir='ltr'><strong>in</strong></span> <span class='ocrx_word' id='word_1_823' title='bbox 2478 4586 2576 4646; x_wconf 90' lang='lat' dir='ltr'><strong>die</strong></span> <span class='ocrx_word' id='word_1_824' title='bbox 2625 4585 2837 4664; x_wconf 86' lang='lat' dir='ltr'><strong>judicii</strong></span> <span class='ocrx_word' id='word_1_825' title='bbox 2901 4602 3033 4647; x_wconf 84' lang='lat' dir='ltr'><strong>esse</strong></span> <span class='ocrx_word' id='word_1_826' title='bbox 3079 4582 3468 4663; x_wconf 87' lang='lat' dir='ltr'><strong>puniendum.</strong></span> <span class='ocrx_word' id='word_1_827' title='bbox 3502 4580 3718 4662; x_wconf 87' lang='lat' dir='ltr'><strong>Atque,</strong></span> 
     </span>
    </p>
   </div>
   <div class='ocr_carea' id='block_1_104' title="bbox 2074 4669 3716 4756">
    <p class='ocr_par' dir='ltr' id='par_1_104' title="bbox 2074 4669 3716 4756">
     <span class='ocr_line' id='line_1_105' title="bbox 2074 4669 3716 4756; baseline -0.006 -16"><span class='ocrx_word' id='word_1_828' title='bbox 2074 4696 2206 4740; x_wconf 88' lang='lat' dir='ltr'><strong>cum</strong></span> <span class='ocrx_word' id='word_1_829' title='bbox 2237 4675 2298 4737; x_wconf 91' lang='lat' dir='ltr'><strong>in</strong></span> <span class='ocrx_word' id='word_1_830' title='bbox 2329 4693 2496 4736; x_wconf 86' lang='lat' dir='ltr'><strong>sacra</strong></span> <span class='ocrx_word' id='word_1_831' title='bbox 2526 4674 2723 4756; x_wconf 84' lang='lat' dir='ltr'><strong>synaxi</strong></span> <span class='ocrx_word' id='word_1_832' title='bbox 2754 4681 2930 4747; x_wconf 91' lang='lat' dir='ltr'><strong>astas,</strong></span> <span class='ocrx_word' id='word_1_833' title='bbox 2968 4674 3093 4734; x_wconf 58' lang='lat' dir='ltr'><strong>haec</strong></span> <span class='ocrx_word' id='word_1_834' title='bbox 3124 4671 3409 4749; x_wconf 79' lang='lat' dir='ltr'><strong>cogitans,</strong></span> <span class='ocrx_word' id='word_1_835' title='bbox 3448 4689 3520 4731; x_wconf 91' lang='lat' dir='ltr'><strong>ne</strong></span> <span class='ocrx_word' id='word_1_836' title='bbox 3550 4669 3716 4731; x_wconf 87' lang='lat' dir='ltr'><strong>desi—</strong></span> 
     </span>
    </p>
   </div>
   <div class='ocr_carea' id='block_1_105' title="bbox 2070 4759 3720 4844">
    <p class='ocr_par' dir='ltr' id='par_1_105' title="bbox 2070 4759 3720 4844">
     <span class='ocr_line' id='line_1_106' title="bbox 2070 4759 3720 4844; baseline -0.005 -16"><span class='ocrx_word' id='word_1_837' title='bbox 2070 4785 2176 4829; x_wconf 90' lang='lat' dir='ltr'><strong>nas</strong></span> <span class='ocrx_word' id='word_1_838' title='bbox 2206 4784 2339 4827; x_wconf 91' lang='lat' dir='ltr'><strong>cum</strong></span> <span class='ocrx_word' id='word_1_839' title='bbox 2372 4763 2831 4844; x_wconf 83' lang='lat' dir='ltr'><strong>compunctione</strong></span> <span class='ocrx_word' id='word_1_840' title='bbox 2862 4762 3070 4824; x_wconf 85' lang='lat' dir='ltr'><strong>calidis</strong></span> <span class='ocrx_word' id='word_1_841' title='bbox 3118 4762 3261 4823; x_wconf 88' lang='lat' dir='ltr'><strong>ﬂere</strong></span> <span class='ocrx_word' id='word_1_842' title='bbox 3293 4759 3588 4840; x_wconf 78' lang='lat' dir='ltr'><strong>lacrymis,</strong></span> <span class='ocrx_word' id='word_1_843' title='bbox 3623 4760 3720 4820; x_wconf 90' lang='lat' dir='ltr'><strong>ni-</strong></span> 
     </span>
    </p>
   </div>
   <div class='ocr_carea' id='block_1_106' title="bbox 2069 4848 3722 4933">
    <p class='ocr_par' dir='ltr' id='par_1_106' title="bbox 2069 4848 3722 4933">
     <span class='ocr_line' id='line_1_107' title="bbox 2069 4848 3722 4933; baseline -0.005 -15"><span class='ocrx_word' id='word_1_844' title='bbox 2069 4857 2151 4918; x_wconf 85' lang='lat' dir='ltr'><strong>hil</strong></span> <span class='ocrx_word' id='word_1_845' title='bbox 2184 4873 2398 4917; x_wconf 90' lang='lat' dir='ltr'><strong>curans</strong></span> <span class='ocrx_word' id='word_1_846' title='bbox 2423 4854 2498 4916; x_wconf 90' lang='lat' dir='ltr'><strong>de</strong></span> <span class='ocrx_word' id='word_1_847' title='bbox 2547 4852 2621 4914; x_wconf 93' lang='lat' dir='ltr'><strong>iis</strong></span> <span class='ocrx_word' id='word_1_848' title='bbox 2638 4853 2738 4933; x_wconf 85' lang='lat' dir='ltr'><strong>qui</strong></span> <span class='ocrx_word' id='word_1_849' title='bbox 2769 4852 2843 4913; x_wconf 90' lang='lat' dir='ltr'><strong>de</strong></span> <span class='ocrx_word' id='word_1_850' title='bbox 2875 4852 2988 4913; x_wconf 82' lang='lat' dir='ltr'><strong>hoc</strong></span> <span class='ocrx_word' id='word_1_851' title='bbox 3014 4848 3490 4913; x_wconf 86' lang='lat' dir='ltr'><strong>scandalizantur</strong></span> <span class='ocrx_word' id='word_1_852' title='bbox 3513 4848 3603 4909; x_wconf 86' lang='lat' dir='ltr'><strong>vel</strong></span> <span class='ocrx_word' id='word_1_853' title='bbox 3635 4848 3722 4909; x_wconf 90' lang='lat' dir='ltr'><strong>ri-</strong></span> 
     </span>
    </p>
   </div>
   <div class='ocr_carea' id='block_1_107' title="bbox 2069 4936 3717 5021">
    <p class='ocr_par' dir='ltr' id='par_1_107' title="bbox 2069 4936 3717 5021">
     <span class='ocr_line' id='line_1_108' title="bbox 2069 4936 3717 5021; baseline -0.006 -14"><span class='ocrx_word' id='word_1_854' title='bbox 2069 4945 2234 5008; x_wconf 90' lang='lat' dir='ltr'><strong>dent.</strong></span> <span class='ocrx_word' id='word_1_855' title='bbox 2268 4944 2332 5007; x_wconf 87' lang='lat' dir='ltr'><strong>Si</strong></span> <span class='ocrx_word' id='word_1_856' title='bbox 2366 4953 2561 5006; x_wconf 87' lang='lat' dir='ltr'><strong>autem</strong></span> <span class='ocrx_word' id='word_1_857' title='bbox 2596 4943 2746 5004; x_wconf 65' lang='lat' dir='ltr'><strong>vide:</strong></span> <span class='ocrx_word' id='word_1_858' title='bbox 2768 4941 2818 5003; x_wconf 89' lang='lat' dir='ltr'><strong>is</strong></span> <span class='ocrx_word' id='word_1_859' title='bbox 2850 4941 3102 5021; x_wconf 88' lang='lat' dir='ltr'><strong>teipsum</strong></span> <span class='ocrx_word' id='word_1_860' title='bbox 3134 4939 3274 5001; x_wconf 90' lang='lat' dir='ltr'><strong>inde</strong></span> <span class='ocrx_word' id='word_1_861' title='bbox 3304 4937 3362 4999; x_wconf 88' lang='lat' dir='ltr'><strong>in</strong></span> <span class='ocrx_word' id='word_1_862' title='bbox 3378 4936 3717 5017; x_wconf 85' lang='lat' dir='ltr'><strong>superbiam</strong></span> 
     </span>
    </p>
   </div>
   <div class='ocr_carea' id='block_1_108' title="bbox 2069 5026 3715 5112">
    <p class='ocr_par' dir='ltr' id='par_1_108' title="bbox 2069 5026 3715 5112">
     <span class='ocr_line' id='line_1_109' title="bbox 2069 5026 3715 5112; baseline -0.005 -15"><span class='ocrx_word' id='word_1_863' title='bbox 2069 5037 2405 5110; x_wconf 77' lang='lat' dir='ltr'><strong>cadentem,</strong></span> <span class='ocrx_word' id='word_1_864' title='bbox 2441 5049 2718 5112; x_wconf 85' lang='lat' dir='ltr'><strong>egressus</strong></span> <span class='ocrx_word' id='word_1_865' title='bbox 2750 5050 2814 5093; x_wconf 80' lang='lat' dir='ltr'><strong>ex</strong></span> <span class='ocrx_word' id='word_1_866' title='bbox 2852 5029 3130 5110; x_wconf 87' lang='lat' dir='ltr'><strong>ecclesia,</strong></span> <span class='ocrx_word' id='word_1_867' title='bbox 3190 5028 3248 5089; x_wconf 93' lang='lat' dir='ltr'><strong>in</strong></span> <span class='ocrx_word' id='word_1_868' title='bbox 3301 5027 3536 5089; x_wconf 88' lang='lat' dir='ltr'><strong>occulto</strong></span> <span class='ocrx_word' id='word_1_869' title='bbox 3571 5026 3715 5089; x_wconf 87' lang='lat' dir='ltr'><strong>illud</strong></span> 
     </span>
    </p>
   </div>
   <div class='ocr_carea' id='block_1_109' title="bbox 2071 5115 3712 5202">
    <p class='ocr_par' dir='ltr' id='par_1_109' title="bbox 2071 5115 3712 5202">
     <span class='ocr_line' id='line_1_110' title="bbox 2071 5115 3712 5202; baseline -0.005 -15"><span class='ocrx_word' id='word_1_870' title='bbox 2071 5127 2182 5198; x_wconf 88' lang='lat' dir='ltr'><strong>l&#39;ac,</strong></span> <span class='ocrx_word' id='word_1_871' title='bbox 2220 5134 2277 5187; x_wconf 90' lang='lat' dir='ltr'><strong>et</strong></span> <span class='ocrx_word' id='word_1_872' title='bbox 2308 5123 2470 5184; x_wconf 86' lang='lat' dir='ltr'><strong>brevi</strong></span> <span class='ocrx_word' id='word_1_873' title='bbox 2493 5128 2551 5183; x_wconf 90' lang='lat' dir='ltr'><strong>in</strong></span> <span class='ocrx_word' id='word_1_874' title='bbox 2572 5120 2876 5202; x_wconf 91' lang='lat' dir='ltr'><strong>pr0prium</strong></span> <span class='ocrx_word' id='word_1_875' title='bbox 2902 5120 3098 5181; x_wconf 78' lang='lat' dir='ltr'><strong>locum</strong></span> <span class='ocrx_word' id='word_1_876' title='bbox 3143 5135 3351 5179; x_wconf 89' lang='lat' dir='ltr'><strong>rursus</strong></span> <span class='ocrx_word' id='word_1_877' title='bbox 3383 5125 3435 5176; x_wconf 89' lang='lat' dir='ltr'><strong>te</strong></span> <span class='ocrx_word' id='word_1_878' title='bbox 3469 5115 3665 5196; x_wconf 64' lang='lat' dir='ltr'><strong>recipe</strong></span> <span class='ocrx_word' id='word_1_879' title='bbox 3697 5132 3712 5178; x_wconf 88' lang='lat'><strong>:</strong></span> 
     </span>
    </p>
   </div>
   <div class='ocr_carea' id='block_1_110' title="bbox 2070 5202 3714 5293">
    <p class='ocr_par' dir='ltr' id='par_1_110' title="bbox 2070 5202 3714 5293">
     <span class='ocr_line' id='line_1_111' title="bbox 2070 5202 3714 5293; baseline -0.007 -16"><span class='ocrx_word' id='word_1_880' title='bbox 2070 5217 2184 5277; x_wconf 87' lang='lat' dir='ltr'><strong>hoc</strong></span> <span class='ocrx_word' id='word_1_881' title='bbox 2229 5213 2386 5276; x_wconf 87' lang='lat' dir='ltr'><strong>enim</strong></span> <span class='ocrx_word' id='word_1_882' title='bbox 2421 5231 2526 5293; x_wconf 87' lang='lat' dir='ltr'><strong>pro</strong></span> <span class='ocrx_word' id='word_1_883' title='bbox 2560 5209 2795 5272; x_wconf 87' lang='lat' dir='ltr'><strong>novitiis</strong></span> <span class='ocrx_word' id='word_1_884' title='bbox 2844 5209 3133 5290; x_wconf 82' lang='lat' dir='ltr'><strong>optimum</strong></span> <span class='ocrx_word' id='word_1_885' title='bbox 3192 5217 3306 5280; x_wconf 91' lang='lat' dir='ltr'><strong>est,</strong></span> <span class='ocrx_word' id='word_1_886' title='bbox 3369 5203 3622 5265; x_wconf 76' lang='lat' dir='ltr'><strong>maxime</strong></span> <span class='ocrx_word' id='word_1_887' title='bbox 3655 5202 3714 5265; x_wconf 91' lang='lat' dir='ltr'><strong>in</strong></span> 
     </span>
    </p>
   </div>
   <div class='ocr_carea' id='block_1_111' title="bbox 2071 5293 3715 5384">
    <p class='ocr_par' dir='ltr' id='par_1_111' title="bbox 2071 5293 3715 5384">
     <span class='ocr_line' id='line_1_112' title="bbox 2071 5293 3715 5384; baseline -0.009 -17"><span class='ocrx_word' id='word_1_888' title='bbox 2071 5305 2431 5384; x_wconf 85' lang='lat' dir='ltr'><strong>psalmorum</strong></span> <span class='ocrx_word' id='word_1_889' title='bbox 2465 5301 2935 5382; x_wconf 78' lang='lat' dir='ltr'><strong>hymnorumque</strong></span> <span class='ocrx_word' id='word_1_890' title='bbox 2961 5306 3156 5370; x_wconf 88' lang='lat' dir='ltr'><strong>cantu,</strong></span> <span class='ocrx_word' id='word_1_891' title='bbox 3192 5296 3252 5357; x_wconf 90' lang='lat' dir='ltr'><strong>in</strong></span> <span class='ocrx_word' id='word_1_892' title='bbox 3283 5293 3536 5357; x_wconf 85' lang='lat' dir='ltr'><strong>lectione</strong></span> <span class='ocrx_word' id='word_1_893' title='bbox 3567 5305 3624 5356; x_wconf 90' lang='lat' dir='ltr'><strong>et</strong></span> <span class='ocrx_word' id='word_1_894' title='bbox 3657 5294 3715 5354; x_wconf 87' lang='lat' dir='ltr'><strong>in</strong></span> 
     </span>
    </p>
   </div>
   <div class='ocr_carea' id='block_1_112' title="bbox 2066 5384 3713 5468">
    <p class='ocr_par' dir='ltr' id='par_1_112' title="bbox 2066 5384 3713 5468">
     <span class='ocr_line' id='line_1_113' title="bbox 2066 5384 3713 5468; baseline -0.009 -10"><span class='ocrx_word' id='word_1_895' title='bbox 2066 5392 2271 5459; x_wconf 82' lang='lat' dir='ltr'><strong>divina</strong></span> <span class='ocrx_word' id='word_1_896' title='bbox 2295 5390 2571 5468; x_wconf 85' lang='lat' dir='ltr'><strong>Liturgia.</strong></span> <span class='ocrx_word' id='word_1_897' title='bbox 2590 5392 2741 5451; x_wconf 90' lang='lat' dir='ltr'><strong>Cave</strong></span> <span class='ocrx_word' id='word_1_898' title='bbox 2762 5398 2957 5449; x_wconf 87' lang='lat' dir='ltr'><strong>autem</strong></span> <span class='ocrx_word' id='word_1_899' title='bbox 2984 5405 3059 5448; x_wconf 92' lang='lat' dir='ltr'><strong>ne</strong></span> <span class='ocrx_word' id='word_1_900' title='bbox 3081 5404 3436 5467; x_wconf 86' lang='lat' dir='ltr'><strong>quemquam</strong></span> <span class='ocrx_word' id='word_1_901' title='bbox 3454 5384 3713 5461; x_wconf 90' lang='lat' dir='ltr'><strong>judices,</strong></span> 
     </span>
    </p>
   </div>
   <div class='ocr_carea' id='block_1_113' title="bbox 2064 5475 3715 5558">
    <p class='ocr_par' dir='ltr' id='par_1_113' title="bbox 2064 5475 3715 5558">
     <span class='ocr_line' id='line_1_114' title="bbox 2064 5475 3715 5558; baseline -0.007 -12"><span class='ocrx_word' id='word_1_902' title='bbox 2064 5484 2168 5546; x_wconf 90' lang='lat' dir='ltr'><strong>sed</strong></span> <span class='ocrx_word' id='word_1_903' title='bbox 2209 5484 2319 5545; x_wconf 87' lang='lat' dir='ltr'><strong>hoc</strong></span> <span class='ocrx_word' id='word_1_904' title='bbox 2350 5480 2409 5543; x_wconf 93' lang='lat' dir='ltr'><strong>in</strong></span> <span class='ocrx_word' id='word_1_905' title='bbox 2444 5488 2643 5541; x_wconf 91' lang='lat' dir='ltr'><strong>mente</strong></span> <span class='ocrx_word' id='word_1_906' title='bbox 2707 5497 2861 5558; x_wconf 87' lang='lat' dir='ltr'><strong>pone</strong></span> <span class='ocrx_word' id='word_1_907' title='bbox 2894 5498 2908 5538; x_wconf 87' lang='lat'><strong>:</strong></span> <span class='ocrx_word' id='word_1_908' title='bbox 2970 5498 2999 5538; x_wconf 80' lang='grc'><strong><em>‹</em></strong></span> <span class='ocrx_word' id='word_1_909' title='bbox 3063 5477 3361 5557; x_wconf 86' lang='lat' dir='ltr'><strong>Quotquot</strong></span> <span class='ocrx_word' id='word_1_910' title='bbox 3389 5475 3588 5538; x_wconf 90' lang='lat' dir='ltr'><strong>vident</strong></span> <span class='ocrx_word' id='word_1_911' title='bbox 3620 5492 3715 5536; x_wconf 88' lang='lat' dir='ltr'><strong>me</strong></span> 
     </span>
    </p>
   </div>
   <div class='ocr_carea' id='block_1_114' title="bbox 2064 5570 3713 5653">
    <p class='ocr_par' dir='ltr' id='par_1_114' title="bbox 2064 5570 3713 5653">
     <span class='ocr_line' id='line_1_115' title="bbox 2064 5570 3713 5653; baseline -0.007 -18"><span class='ocrx_word' id='word_1_912' title='bbox 2064 5573 2152 5636; x_wconf 87' lang='lat' dir='ltr'><strong>sic</strong></span> <span class='ocrx_word' id='word_1_913' title='bbox 2172 5577 2535 5653; x_wconf 80' lang='lat' dir='ltr'><strong>gementem,</strong></span> <span class='ocrx_word' id='word_1_914' title='bbox 2564 5575 2836 5650; x_wconf 90' lang='lat' dir='ltr'><strong>putantes</strong></span> <span class='ocrx_word' id='word_1_915' title='bbox 2858 5584 2953 5629; x_wconf 90' lang='lat' dir='ltr'><strong>me</strong></span> <span class='ocrx_word' id='word_1_916' title='bbox 2974 5584 3251 5646; x_wconf 81' lang='lat' dir='ltr'><strong>magnum</strong></span> <span class='ocrx_word' id='word_1_917' title='bbox 3282 5582 3413 5626; x_wconf 89' lang='lat' dir='ltr'><strong>esse</strong></span> <span class='ocrx_word' id='word_1_918' title='bbox 3436 5570 3713 5644; x_wconf 90' lang='lat' dir='ltr'><strong>peccato-</strong></span> 
     </span>
    </p>
   </div>
   <div class='ocr_carea' id='block_1_115' title="bbox 2062 5652 3714 5744">
    <p class='ocr_par' dir='ltr' id='par_1_115' title="bbox 2062 5652 3714 5744">
     <span class='ocr_line' id='line_1_116' title="bbox 2062 5652 3714 5744; baseline -0.006 -19"><span class='ocrx_word' id='word_1_919' title='bbox 2062 5652 2216 5744; x_wconf 85' lang='lat' dir='ltr'><strong>rem,</strong></span> <span class='ocrx_word' id='word_1_920' title='bbox 2237 5666 2526 5741; x_wconf 91' lang='lat' dir='ltr'><strong>orantpro</strong></span> <span class='ocrx_word' id='word_1_921' title='bbox 2551 5676 2684 5720; x_wconf 87' lang='lat' dir='ltr'><strong>mea</strong></span> <span class='ocrx_word' id='word_1_922' title='bbox 2699 5656 2910 5721; x_wconf 87' lang='lat' dir='ltr'><strong>salute.</strong></span> <span class='ocrx_word' id='word_1_923' title='bbox 2942 5680 2970 5712; x_wconf 79' lang='grc'><strong>››</strong></span> <span class='ocrx_word' id='word_1_924' title='bbox 3002 5654 3072 5717; x_wconf 89' lang='lat' dir='ltr'><strong>Et</strong></span> <span class='ocrx_word' id='word_1_925' title='bbox 3088 5654 3169 5717; x_wconf 86' lang='lat' dir='ltr'><strong>ita</strong></span> <span class='ocrx_word' id='word_1_926' title='bbox 3199 5652 3442 5744; x_wconf 85' lang='lat' dir='ltr'><strong>omnino</strong></span> <span class='ocrx_word' id='word_1_927' title='bbox 3473 5671 3714 5744; x_wconf 83' lang='lat' dir='ltr'><strong>semper</strong></span> 
     </span>
    </p>
   </div>
   <div class='ocr_carea' id='block_1_116' title="bbox 2063 5741 3708 5833">
    <p class='ocr_par' dir='ltr' id='par_1_116' title="bbox 2063 5741 3708 5833">
     <span class='ocr_line' id='line_1_117' title="bbox 2063 5741 3708 5833; baseline -0.005 -17"><span class='ocrx_word' id='word_1_928' title='bbox 2063 5741 2328 5833; x_wconf 74' lang='lat' dir='ltr'><strong>cogitans</strong></span> <span class='ocrx_word' id='word_1_929' title='bbox 2357 5755 2420 5811; x_wconf 90' lang='lat' dir='ltr'><strong>et</strong></span> <span class='ocrx_word' id='word_1_930' title='bbox 2447 5746 2859 5812; x_wconf 86' lang='lat' dir='ltr'><strong>indesinenter</strong></span> <span class='ocrx_word' id='word_1_931' title='bbox 2887 5763 3093 5828; x_wconf 71' lang='lat' dir='ltr'><strong>agens,</strong></span> <span class='ocrx_word' id='word_1_932' title='bbox 3125 5743 3375 5808; x_wconf 88' lang='lat' dir='ltr'><strong>multum</strong></span> <span class='ocrx_word' id='word_1_933' title='bbox 3410 5741 3708 5826; x_wconf 83' lang='lat' dir='ltr'><strong>proﬁcies,</strong></span> 
     </span>
    </p>
   </div>
  </div>
