4120 6382
261 380 387 451 677.
1614 375 1891 442 CAPITA
1933 370 2303 440 MORALIA.
3531 366 3654 436 678

259 515 450 580 πένθος
521 512 787 588 διηνεκὲς,
857 512 946 569 καὶ
1008 512 1166 592 κόρος
1236 515 1344 567 τῶν
1415 506 1648 589 δακρύων
1718 508 1796 584 μὴ
1850 507 1959 592 ἦρί

2041 507 2155 572 {ave
2184 517 2381 571 autem
2415 528 2492 572 ne
2539 508 2779 591 aliquod
2833 506 3079 592 patiaris
3126 508 3548 573 detrimentum
3582 526 3655 570 ex

262 606 505 685 Πρόσεχε
561 602 615 660 δὲ
674 602 751 679 μὴ
824 591 1084 659 ἒχπαθεϊν
1136 623 1187 658 τι
1235 600 1296 658 ἐκ
1349 597 1559 667 πολλῆς
1607 604 1780 679 χαρᾶς
1836 591 1923 654 καὶ

2041 598 2196 660 multa
2227 597 2425 660 laetitia
2455 607 2514 661 et
2542 591 3023 680 compunctione,
3078 618 3232 662 neve
3260 600 3387 661 haec
3414 595 3653 680 proprio

262 682 620 773 κατανύξεως,
654 689 789 769 μηδὲ
819 689 871 757 ἐξ
916 689 1045 748 ἰδίου
1086 690 1254 747 κόπου
1301 690 1390 747 καὶ
1433 693 1528 748 οὒκ
1583 688 1644 745 ἐκ
1700 693 1800 755 τῆς
1830 694 1921 743 τοῦ

2041 685 2217 767 ιὺοή,
2248 706 2364 749 non
2383 695 2580 749 autem
2604 688 2809 766 gratiae
2834 688 3047 750 divinae
3071 688 3382 769 attribuas,
3413 694 3473 750 et
3496 686 3656 748 aufe-

266 791 400 844 Θεοῦ
471 784 692 864 χάριτος
762 786 927 837 ταῦτα
995 778 1326 859 λογίσασθαι,
1414 779 1504 835 καὶ
1573 777 1921 858 ἀφαιρεθῶσιν

2041 784 2214 837 antur
2241 785 2379 849 ate,
2415 795 2484 838 ac
2518 776 2703 838 multa
2759 795 3031 857 quaerens
3086 778 3148 839 in
3180 776 3471 849 oratione,
3505 774 3655 839 nihil

268 874 331 930 ἐκ
357 862 598 935 σοῦξααί
626 869 802 929 πολλὰ
851 877 1104 941 ζηττισεις
1162 869 1217 926 ὲν
1270 874 1341 937 τῆ
1400 869 1539 948 εὐχῇ
1595 868 1683 924 καὶ
1712 868 1816 947 οὐχ
1844 867 1925 921 εὑ-

2041 865 2275 927 nvenias
2297 875 2354 928 et
2375 866 2823 947 sciasquantum
2843 867 3062 928 donum
3081 867 3380 930 amiseris.
3396 866 3654 941 Utinam,

270 964 453 1042 ρήσεις
489 977 503 992 ⁸
576 962 665 1017 καὶ
736 959 920 1039 γνώσῃ
997 963 1114 1016 οἷον
1173 957 1336 1039 δῶρον
1392 955 1672 1020 ἀπώλεσας
1708 972 1721 986 '
1789 954 1925 1011 ἀλλὰ

2041 955 2288 1028 Domine,
2313 974 2614 1036 nunquam
2640 956 2969 1035 spo’iemur
3000 965 3094 1018 tua
3114 956 3331 1036 gratia!
3358 963 3657 1030 Attamen,

275 1049 571 1128 μηδέποτε,
636 1050 812 1130 Κύριε,
898 1049 1279 1129 στερηθείημεν
1365 1052 1462 1114 τῆς
1518 1050 1619 1113 σῆς
1677 1045 1922 1126 χάριτος.

2041 1051 2214 1115 rater,
2242 1044 2290 1104 si
2316 1047 2421 1105 hoc
2450 1043 2553 1104 tibi
2584 1044 2809 1106 accidet
2830 1043 2897 1117 it,
2933 1046 3167 1126 conjice
3197 1048 3251 1107 in
3272 1046 3455 1107 Deum
3487 1044 3659 1106 inﬁr-

278 1139 451 1217 Πλὴν,
499 1138 716 1219 ἀδελφὲ,
775 1138 864 1195 ἐὰν
918 1140 1005 1194 καὶ
1063 1138 1241 1215 συμβῇ
1295 1147 1468 1211 τοῦτο,
1531 1134 1798 1214 ἐπίρῤιψον
1848 1134 1933 1190 ἐπὶ

280 1230 413 1287 Θεὸν
468 1232 567 1291 τὴν
624 1225 891 1284 ἀσθένειάν
940 1249 1054 1299 σου,
1108 1228 1195 1283 καὶ
1247 1226 1498 1301 ἀναστὰς,
1555 1224 1785 1287 ἐκτείνας
1840 1224 1934 1285 τὰς

280 1331 502 1399 χεῖρας,
573 1315 712 1381 εἶξαι
782 1313 954 1393 λέγων
1023 1314 1159 1373 οὕτω
1192 1333 1207 1350 ·
1306 1316 1479 1395 Κύριε,
1571 1312 1790 1381 ἐλέησόν
1870 1332 1936 1389 με

277 1411 373 1465 τὸν
426 1404 763 1486 ἁμαρτωλὸν,
824 1406 912 1460 καὶ
967 1404 1184 1484 ἀσθενῆ,
1259 1406 1349 1462 καὶ
1409 1402 1773 1482 ’ταλαίπωρον,
1848 1402 1937 1457 καὶ

277 1496 635 1572 κατάπεμψον
666 1494 749 1551 ἐπ’
809 1492 904 1569 ἐμὲ
956 1498 1056 1559 τὴν
1112 1494 1272 1574 χάριν
1326 1515 1443 1569 σου,
1505 1493 1583 1568 μὴ
1613 1491 1714 1547 ἐῶν
1742 1512 1934 1569 πειρα-

280 1585 470 1653 σθῆναί
526 1605 593 1661 με
643 1582 773 1662 ὑπὲρ
830 1582 858 1638 ὃ
913 1580 1162 1658 δύναμαι.
1228 1580 1328 1664 ιδε,
1390 1582 1568 1662 Κύριε,
1628 1584 1679 1639 αἱ
1746 1578 1940 1637 πολλαὶ

278 1672 531 1752 ἁμαρτίαι
589 1694 690 1748 μου
748 1672 821 1734 εἰς
881 1670 999 1727 ο’ῗαν
1071 1671 1293 1748 ἀθυμίαν
1368 1674 1456 1728 καὶ
1513 1669 1801 1749 λογισμούς
1874 1688 1941 1744 με

282 1761 512 1841 ἤγαγον.
589 1758 752 1839 Ἐγὼ,
847 1760 1023 1840 Κύριε,
1112 1762 1155 1816 εἰ
1247 1762 1334 1817 καὶ
1401 1759 1631 1833 Θελγίσω,
1705 1758 1766 1815 ἐκ
1832 1755 1943 1813 δαι-

286 1851 466 1928 μόνων
521 1852 609 1907 καὶ
670 1852 895 1919 οἰήσεως
952 1850 1051 1917 τὴν
1107 1848 1353 1931 στέρησιν
1427 1855 1527 1917 τῆς
1609 1853 1709 1916 σῆς
1770 1868 1941 1926 παρα-

2016 1132 2287 1194 mitatcm
2323 1145 2502 1206 tuam,
2541 1143 2597 1194 et
2625 1152 2895 1211 surgens,
2923 1135 3184 1196 extensis
3212 1134 3486 1197 manibus
3521 1154 3661 1217 pre-

2018 1240 2154 1283 care
2183 1222 2271 1283 sic
2304 1223 2554 1303 loquens
2587 1241 2600 1285 :
2643 1245 2669 1281 ι
2703 1222 2953 1285 Domine
2982 1223 3270 1287 miserere
3300 1226 3416 1287 mei
3449 1244 3662 1306 pecca-

2019 1311 2185 1386 toris,
2212 1313 2533 1387 etinﬁrmi,
2556 1322 2613 1373 et
2637 1313 2979 1388 miserrimi,
3016 1324 3072 1375 et
3103 1314 3270 1375 mitte
3300 1315 3357 1375 in
3390 1334 3483 1376 me
3503 1324 3664 1377 tuam

2018 1402 2291 1481 gratiam,
2327 1420 2443 1461 non
2496 1401 2732 1479 patiens
2778 1422 2874 1465 me
2932 1404 3148 1464 tentari
3207 1422 3387 1485 supra
3415 1405 3476 1466 id
3506 1405 3666 1486 quod

2020 1507 2282 1569 possum.
2310 1489 2774 1572 Vide,Domine,
2801 1491 2862 1553 in
2886 1500 3162 1573 quantam
3184 1493 3370 1562 animi
3387 1493 3667 1574 dejectio-

2022 1596 2185 1651 nem,
2220 1578 2281 1639 in
2314 1598 2459 1660 quas
2518 1581 2905 1657 cogitationes
2960 1601 3056 1644 me
3111 1582 3453 1645 induxerint
3486 1584 3672 1646 multa

2024 1676 2268 1748 precata
2299 1688 2428 1730 mea
2488 1668 2630 1747 Ego,
2663 1669 2939 1747 Domine,
2994 1672 3225 1733 etiamsi
3254 1674 3518 1749 voluero,
3553 1674 3669 1736 ob-

2023 1755 2313 1818 stantibus
2344 1757 2711 1819 daemonibus
2751 1778 2999 1840 meaque
3031 1762 3509 1842 praesumptione,
3544 1762 3668 1844 pri-

2025 1845 2318 1907 vationem
2352 1855 2467 1908 tuae
2496 1848 2920 1910 consolationis
2979 1850 3275 1911 aestimare
3305 1869 3424 1912 non
3455 1853 3616 1914 valeo
3653 1871 3668 1913 :

284 1939 532 2010 κλήσεως
604 1938 911 2018 λογίσασθαι
986 1943 1046 1998 ού
1109 1937 1330 2015 δύναμαι
1364 1957 1378 1971 ⁸
1452 1936 1576 1996 οἶδα
1647 1940 1746 2017 γὰρ
1810 1938 1942 2014 πρὸς

2041 1933 2144 1994 scis
2168 1934 2329 1995 enim
2352 1945 2559 1997 contra
2589 1937 2735 1999 istos
2754 1937 3129 2000 adversarios
3146 1939 3519 2002 militandum
3543 1959 3677 2003 esse

285 2029 501 2093 τούτους
586 2028 772 2092 αὐτοὺς
856 2028 1404 2109 ἀντιπαρατάσσεσθαι
1488 2028 1609 2092 τοὺς
1700 2028 1760 2082 τὸ
1852 2025 1942 2079 σὸν

2041 2020 2102 2083 iis
2122 2022 2223 2102 qui
2240 2032 2398 2085 tuam
2418 2027 2772 2089 voluntatem
2797 2028 2917 2089 fert
2935 2027 3031 2088 ide
3047 2036 3371 2091 sectantur.
3399 2028 3520 2108 Ego
3539 2048 3678 2091 vero

287 2117 502 2195 θέλημα
557 2120 762 2197 θερμῶς
820 2117 1182 2183 ἒκτελοῠντας,
1244 2117 1388 2197 Ἐγὼ
1442 2115 1496 2173 δὲ
1538 2120 1599 2174 τὸ
1654 2117 1824 2175 αὐτῶν
1865 2112 1948 2169 θέ-

2041 2111 2263 2173 illorum
2299 2115 2659 2176 voluntatem
2691 2116 2955 2196 quotidie
2986 2118 3342 2198 adimplens,
3376 2119 3679 2198 quomodo

287 2207 443 2285 λημα
470 2206 586 2264 καθ’
640 2207 869 2275 ἑκάστην
925 2207 1225 2287 ἐκπληρῶν,
1284 2215 1397 2273 πῶς
1453 2205 1542 2264 ὑπ’
1595 2206 1765 2262 αὒτῶν
1815 2225 1941 2260 πει-

2041 2218 2235 2262 eorum
2256 2204 3264 2268 tentationibusobsi>tam?'l‘entor.
3286 2208 3421 2269 heu!
3438 2226 3682 2287 semper
3736 2265 3759 2295 α.

290 2299 679 2380 ρασθήσομαι;
734 2301 1048 2380 πειράζομαι
1105 2296 1159 2355 δὲ
1216 2300 1427 2362 πάντως
1478 2299 1580 2354 ὑπὸ
1634 2303 1740 2353 τῶν
1802 2291 1944 2351 ἰδίων

2041 2291 2347 2380 ιΑρςορΓὶίδ
2380 2293 2661 2372 peccatis.
2686 2299 2758 2357 Et
2778 2312 2960 2369 nunc,
2989 2294 3243 2356 Domine
3268 2295 3370 2369 mi,
3402 2297 3676 2371 Domine,

290 2378 589 2467 ἆμαρτιῶν.
656 2378 755 2446 Καὶ
824 2378 935 2464 νῦν,
996 2388 1150 2469 Κύριέ
1205 2412 1329 2466 μου,
1399 2389 1576 2469 Κύριε,
1639 2409 1684 2443 ει
1740 2383 1947 2458 θέλημα

2041 2378 2173 2440 sisit
2196 2385 2462 2443 voluntas
2514 2392 2611 2444 tua
2650 2392 2708 2445 et
2740 2402 2873 2445 mea
2901 2384 3146 2457 utilitas,
3180 2395 3514 2447 revertatur
3537 2404 3681 2465 gra-

293 2478 390 2534 σὸν
458 2479 546 2535 καὶ
615 2476 734 2555 ἐμοὶ
800 2477 1085 2560 συμφέρον,
1155 2477 1429 2535 εἰσελθέτω
1485 2476 1641 2535 πάλιν
1697 2478 1733 2544 ἡ
1788 2473 1947 2555 χάρις

2041 2469 2117 2561 tia
2150 2481 2247 2534 tua
2272 2471 2333 2532 in
2365 2473 2648 2536 famulum
2684 2483 2874 2555 tuum,
2906 2485 2972 2537 ut
3002 2492 3129 2536 eam
3158 2474 3367 2537 videns
3392 2478 3681 2561 gaudeam

295 2588 396 2625 σου
424 2568 494 2630 εἰς
541 2568 634 2623 τὸν
672 2566 856 2625 δοῦλόν
914 2591 1008 2628 σου
1065 2566 1211 2633 ὅπως
1261 2568 1471 2647 βλέπων
1528 2567 1722 2633 ταύτην
1777 2563 1953 2644 χαίρω

2041 2559 2095 2622 in
2119 2564 2578 2642 compunctione
2599 2573 2658 2625 et
2679 2563 3026 2645 ploratibus,
3048 2564 3414 2627 illuminatus
3431 2559 3535 2627 hac
3552 2567 3683 2628 luce

301 2656 355 2712 ἐν
401 2656 676 2723 κατανύξει
705 2659 791 2714 καὶ
846 2656 1120 2734 κλαυθμῷ,
1182 2660 1537 2739 φωτιζόμενος
1596 2657 1657 2713 ἐκ
1704 2661 1802 2723 τῆς
1834 2654 1950 2709 ταύο

2041 2670 2271 2732 semper
2292 2663 2663 2729 coruscante,
2687 2673 2782 2715 me
2808 2655 3126 2733 diligenter
3151 2654 3689 2717 defendensabim-

302 2769 404 2813 της
434 2746 694 2827 ἀειφώτου
751 2745 1070 2824 ἐλλάμψεως
1105 2769 1121 2784 ο
1181 2747 1570 2827 φυλαττόμενος
1625 2746 1731 2802 ἀπὸ
1784 2746 1956 2822 ῥυπα-

2043 2742 2205 2821 puris
2218 2743 2696 2821 cogitationibus,
2728 2752 2785 2807 et
2806 2744 2966 2805 omni
2989 2742 3275 2825 nequitia,
3301 2744 3688 2824 quotidianis-

305 2842 414 2915 ρῶν
469 2814 763 2914 λογισμῶν,
823 2839 909 2893 καὶ
940 2814 1160 2901 ’παντὸς
1196 2814 1450 2918 ⁸πονηρού
1505 2837 1840 2917 πράγματος,
1871 2832 1959 2887 καὶ

2042 2814 2159 2910 que
2190 2814 2449 2911 pcc'catis
2478 2833 2536 2894 in
2570 2814 2701 2915 quia
2744 2835 2939 2895 sciens
2994 2842 3051 2894 et
3081 2814 3378 2905 nesciens,
3416 2833 3600 2894 verbo
3631 2842 3692 2894 ct

302 2931 415 2982 τῶν
458 2925 576 2982 καθ’
632 2926 861 2995 ἑκάστην
930 2926 1310 3009 σφαλλομένων
1367 2952 1457 3004 μοι
1512 2928 1565 2985 ὲν
1624 2926 1816 3007 γνώσει
1872 2922 1959 2981 καὶ

2043 2939 2248 3002 opere,
2270 2921 2538 2995 delabor,
2566 2925 2921 3004 plenamque
2946 2921 3007 2983 in
3030 2931 3089 2984 te
3106 2922 3528 2984 confidentiam
3545 2924 3693 2985 hau-

304 3014 517 3094 ἀγνοίᾳ,
577 3014 744 3095 ’έργων
800 3038 857 3073 τε
910 3018 999 3074 καὶ
1055 3016 1229 3097 λόγων
1262 3038 1280 3055 ο
1340 3017 1623 3095 λαμϐάνων
1680 3016 1959 3098 πληροφο-

2041 3010 2206 3072 riens
2236 3030 2303 3071 ex
2338 3010 2820 3074 tribulationibus
2875 3030 3022 3093 quas
3076 3030 3245 3073 servo
3302 3019 3399 3072 tuo
3430 3011 3695 3093 quotidie

307 3105 422 3184 ρίαν
503 3109 601 3172 τῆς
683 3107 757 3170 εἰς
828 3108 887 3163 σὲ
940 3104 1255 3189 παῤῥησίας,
1335 3109 1511 3188 Κύριε,
1571 3107 1634 3164 ἐκ
1687 3113 1791 3163 τῶν
1845 3103 1959 3163 καθ’

2043 3100 2333 3162 suscitant
2366 3120 2503 3162 cum
2526 3102 2827 3163 daemones
2850 3108 2974 3162 tum
3006 3100 3302 3175 homines,
3332 3110 3390 3164 et
3422 3120 3493 3163 ex
3520 3100 3695 3162 infir-

307 3158 415 3184 r""
519 3158 599 3172 ἣτ’
687 3158 755 3170 ’“⁷
832 3158 885 3163 vv
948 3158 1229 3186 ""t't'"""‘
1335 3158 1511 3188 “'t'"’
1573 3158 1633 3164 ’⁷⁷
1700 3158 1785 3163 “””’
1848 3158 1937 3163 ἠη

306 3193 513 3273 ἡμέραν
557 3202 1001 3274 προσπιπτουσῶν
1050 3158 1278 3274 θλίψεσίν
1320 3205 1396 3273 τῷ
1449 3195 1616 3273 δούλῳ
1659 3219 1771 3271 σου,
1820 3197 1959 3277 παρὰ

2045 3189 2250 3251 mitate
2284 3191 2540 3271 prOpriaa
2569 3191 2909 3272 volunta'is,
2960 3200 3122 3252 ratus
3150 3191 3352 3253 omnia
3384 3190 3698 3271 cooperari

313 3302 373 3369 τε
421 3279 683 3359 δαιμόνῶν
739 3285 825 3341 καὶ
898 3285 1209 3369 ἀνθρώπων,
1272 3289 1360 3345 καὶ
1412 3293 1512 3355 τῆς
1584 3287 1818 3355 ἐκκοπῆς
1870 3294 1959 3344 τοῦ

2046 3278 2106 3339 in
2130 3277 2353 3341 bonum
2382 3280 2770 3369 diligentibus
2792 3288 2868 3355 te,
2896 3279 3148 3342 Domine
3174 3296 3191 3355 ;
3215 3298 3360 3369 nam
3382 3288 3444 3369 tu
3469 3278 3695 3369 dixisti,

317 3367 444 3430 ἰδίου
478 3372 800 3450 θελήματος,
853 3367 1201 3453 ἐννοούμενος
1250 3377 1339 3433 καὶ
1394 3378 1461 3433 τὰ
1516 3378 1739 3453 μένοντα
1794 3376 1959 3455 ἀγαθᾶ

2045 3368 2339 3433 Domine:
2384 3368 2495 3442 Qui
2536 3370 2704 3450 petit,
2755 3368 2995 3449 accipit,
3041 3377 3099 3429 et
3128 3367 3229 3449 qui
3260 3367 3495 3449 quaerit,
3525 3367 3699 3430 inve-

316 3472 435 3547 τοτς
471 3461 719 3542 ἀγαπῶσί
768 3486 849 3541 σε,
898 3466 1073 3546 Κύριε,
1133 3468 1205 3523 Σὺ
1260 3468 1361 3547 γαρ
1414 3467 1598 3543 εἶπας,
1647 3467 1827 3547 Κύριε,
1884 3465 1959 3522 ὅτι

2051 3458 2159 3533 nit,
2193 3468 2251 3519 et
2284 3458 2539 3539 pulsanti
2590 3457 2892 3540 aperietur
2918 3459 3001 3518 57.
3064 3483 3084 3515 ο
3148 3459 3466 3534 Praeterea,
3499 3464 3704 3518 omnta

320 3568 352 3610 (
412 3540 469 3609 Ὀ
526 3554 686 3610 αἰτῶν
744 3552 1021 3632 λαμϐάνει,
1102 3559 1191 3613 καὶ
1260 3560 1288 3614 ὁ
1342 3563 1517 3629 ζητῶν
1577 3557 1821 3637 εὑρίσκει,
1880 3557 1959 3612 καί

2053 3567 2445 3631 quaecumque
2471 3548 2629 3611 Deus
2650 3557 2927 3628 suggeret
2942 3548 3139 3609 animo
3160 3556 3282 3637 tuo,
3308 3563 3701 3637 perseveran-

316 3646 396 3715 τῷ
422 3642 657 3719 κρούοντι
706 3644 1067 3725 ἀνοιγήσεται.
1114 3669 1137 3705 ι
1188 3649 1325 3727 Πρὸς
1381 3644 1437 3703 δὲ
1478 3635 1702 3712 τούτοίςς
1752 3635 1959 3727 ala-51¢:

2055 3647 2146 3699 ter
2176 3637 2453 3727 efﬂagita,
2478 3657 2597 3699 non
2619 3638 2907 3700 remissus
2926 3637 3155 3714 acedia,
3178 3646 3235 3700 et
3250 3636 3411 3700 Deus
3440 3635 3703 3718 optimus

318 3730 409 3786 καὶ
434 3728 585 3810 ἕτερα
614 3730 712 3789 ὅσα
742 3732 1131 3816 ἐπιχορηγήσει
1164 3739 1191 3794 ὁ
1241 3739 1370 3801 Θεὸς
1431 3736 1485 3793 ἐν
1541 3742 1610 3814 τῇ
1640 3742 1708 3814 σῇ
1749 3726 1959 3808 διανοίᾳ.

2054 3747 2176 3790 non
2208 3727 2315 3790 tibi
2348 3726 2560 3790 deerit.

320 3818 589 3894 ἐπίμεινον
616 3823 962 3902 παρακαλῶν,
998 3833 1074 3902 μὴ
1136 3827 1500 3906 χαυνούμενος
1532 3826 1584 3892 ἐξ
1612 3823 1856 3906 ἀκηδίας,
1888 3826 1978 3881 καὶ

317 3908 409 3964 καὶ
438 3910 467 3965 ὁ
509 3908 862 4001 ἀγαθὸς-θεὸς
893 3913 952 4001 ού
983 3923 1062 3991 μμ
1092 3937 1149 3971 σε
1181 3914 1570 3994 εγκαταλείπει.
2151 3989 2166 4001 .
2197 3989 2246 4001 __
2322 3991 2357 4001 Α
2403 3988 2440 4001 η
2489 3988 2504 4001 ,
2849 3920 2855 3929 ’
3087 3943 3095 3951 ⁸
3136 3987 3149 4001 ,
3508 3984 3522 3998 .
3587 3985 3600 3998 .

403 3982 849 4088 ρμαί-μΚελλίον
917 3982 1061 4059 8%."8
1116 3982 1257 4084 παρά
1326 4011 1417 4063 τοῦ
1470 4010 1804 4084 προεστῶτος
1857 4026 1958 4061 κατ

2149 3989 2281 4051 Mt.
2315 3988 2606 4052 Cellulam
2638 4007 2815 4070 quam
2860 4007 2895 4051 a
2951 3987 3262 4088 superiore
3319 3984 3606 4088 accepisti
3634 3982 3712 4048 ab

322 4085 533 4180 ἀρχὰςΔ
559 4085 813 4180 εἴληφας,
874 4076 1260 4173 ἐγχαρτέρησον
1321 4093 1483 4174 μέχρι
1513 4076 1745 4158 ’τέλους.
1810 4095 1870 4152 Εἰ
1924 4092 1959 4149 δὲ

2058 4079 2255 4154 initio,
2288 4080 2481 4141 retine
2539 4096 2729 4179 usque
2784 4079 2860 4140 ad
2898 4079 3126 4180 .ﬁuem.
3177 4076 3357 4178 .Quod
3390 4076 3441 4138 si
3470 4082 3715 4158 propter

323 4172 411 4231 διὰ
440 4175 798 4259 παλαιότητα,
850 4179 885 4249 ἢ
943 4182 1250 4258 σύμπτωσιν
1305 4187 1464 4243 αὐτοῦ
1516 4184 1622 4241 ἀπὸ
1681 4190 1774 4241 τοῦ
1822 4183 1959 4262 λογι-

2061 4176 2411 4232 vetustatem
2462 4176 2563 4230 aut
2590 4168 2824 4231 ruinam
2857 4168 2988 4249 ejus
3017 4168 3318 4229 fortuitam
3350 4174 3719 4269 menteper-

325 4273 464 4341 σμοῦ
495 4265 718 4355 ἐνοχλῇ,
777 4255 947 4347 βελῶν
1007 4255 1290 4348 μετάνοιαν
1346 4280 1423 4348 τῷ
1476 4278 1797 4353 προεστῶτι,
1846 4255 1959 4348 μέτέ

2066 4258 2344 4328 turberis,
2380 4257 2651 4319 dolorem
2686 4265 2845 4319 tuum
2881 4256 3249 4355 exprimens,
3279 4255 3572 4355 superiori
3603 4255 3720 4315 hu-

323 4353 700 4421 ταπεινώσεως
786 4358 1115 4433 ὑπόμνησον.
1206 4362 1304 4420 Καὶ
1396 4363 1440 4417 εἰ
1534 4361 1631 4437 μὲν
1700 4359 1959 4417 ἐπακούπε

2067 4349 2288 4411 militer
2308 4366 2434 4409 rem
2458 4366 2711 4429 expone.
2738 4346 2796 4410 Si
2818 4357 2872 4409 te
2894 4346 3188 4418 exaudiat,
3222 4344 3422 4445 gaude
3449 4362 3464 4419 ;
3494 4344 3554 4443 si.
3572 4359 3715 4442 non,

328 4467 446 4519 σου,
492 4457 657 4526 χαῖρε
692 4468 705 4481 ·
764 4450 811 4506 εἰ
851 4448 897 4505 δ’
942 4450 1053 4526 οὖν,
1087 4453 1175 4508 καὶ
1208 4452 1372 4516 οῧτως
1405 4452 1812 4533 εὐχαρίστησον,
1844 4452 1959 4507 ὑπο-

2041 4437 2459 4535 |nihilominus
2486 4437 2702 4516 gratias
2731 4456 2861 4517 age,
2899 4453 3129 4497 memor
3184 4433 3268 4495 tui
3320 4432 3581 4534 Domini,
3617 4432 3720 4535 qui

334 4495 446 4519 "'7
495 4495 656 4526 ις’-ι’-
764 4495 811 4506 νν
853 4495 877 4505 ν
943 4495 1053 4526 νιν,
1091 4495 1175 4508 νυν-η
1209 4495 1370 4516 μανψ..
1405 4495 1812 4533 e-a,‘w|..v...--.,
1847 4495 1942 4507 -..ν

334 4538 584 4611 μνησθεὶς
654 4544 745 4594 τοῦ
801 4547 895 4598 σοῦ
965 4543 1232 4599 Δεσπότου
1302 4548 1394 4598 τοῦ
1455 4544 1532 4617 μὴ
1606 4540 1826 4621 ἔχοντος
1885 4563 1959 4596 ποι

2041 4495 3192 4621 ιέδέῑῖι-ελξριςεῖἀτί-έρβῖιῖτέειίρπει
3218 4524 3306 4621 δεῖ
3340 4521 3405 4621 s;
3434 4495 3593 4621 εηίετι
3625 4495 3722 4621 τίς

332 4610 434 4692 fit"
486 4625 724 4708 κεφαλὴν
781 4629 984 4694 κλῖναι.
1048 4634 1107 4691 Εἰ
1165 4634 1265 4711 γὰρ
1319 4630 1417 4702 δὶς,
1456 4610 1564 4688 ’καὶ
1616 4610 1748 4711 τρὶς,
1803 4629 1840 4698 ἢ
1892 4650 1959 4685 τε

2069 4625 2233 4679 terve
2261 4623 2363 4678 aut
2417 4625 2628 4697 quater
2682 4617 2840 4677 circa
2898 4614 3042 4675 illud
3107 4612 3407 4711 superiori
3432 4610 3724 4711 molestus

329 4715 512 4795 τράκις
628 4720 759 4799 ὑπὲρ
866 4722 1050 4779 τούτου
1159 4720 1620 4802 παρηνώχλησας,
1750 4720 1959 4775 τίκτετα

2066 4706 2273 4779 fueris,
2301 4714 2578 4768 nascetur
2607 4704 2793 4766 nimia
2815 4703 3084 4784 libertas,
3110 4701 3332 4764 deinde
3361 4699 3719 4772 difﬁdentia,

326 4790 614 4887 παρρησία,
687 4790 792 4867 είθ’
863 4810 1029 4876 οὕτως
1127 4790 1363 4884 ἀπιστία,
1388 4790 1427 4802 ’ν
1453 4812 1540 4869 καὶ
1627 4808 1778 4873 τέλος
1876 4830 1959 4865 κα-

2067 4816 2137 4860 ac
2165 4799 2406 4860 demum
2438 4795 2773 4876 despectus.
2833 4793 2898 4857 Si
2953 4811 3094 4871 ergo
3125 4792 3213 4852 vis
3247 4790 3512 4872 quietam
3548 4796 3725 4888 tran-

325 4883 673 4976 ταφρόνησις.
736 4903 794 4958 Εἰ
859 4901 948 4957 οὖν
1004 4900 1171 4965 θέλεις
1226 4898 1422 4980 ἤρεμον
1470 4903 1558 4958 καὶ
1605 4900 1833 4979 ἡσύχιον
1875 4899 1958 4975 βίο

2073 4887 2436 4969 quillamque
2467 4890 2687 4984 degere
2716 4883 2917 4958 vitam,
2956 4883 3129 4984 .nulla
3158 4898 3417 4984 unquam
3453 4883 3723 4984 corporis

328 4984 521 5068 δ’άξαι,
569 4990 646 5064 μὴ
694 4989 903 5047 ἀπαίτει
955 4992 1016 5047 τὸ
1074 4989 1289 5047 σύνολον
1349 4992 1660 5066 σωματικὴν
1715 4987 1959 5067 θεραπεία

2073 4963 2387 5039 commoda
2424 4974 2684 5056 postules
2705 4992 2739 5036 a
2770 4972 3123 5054 superiore:
3159 4989 3277 5032 non
3315 4966 3621 5073 hocenim
3654 4963 3727 5027 ab

330 5076 477 5155 παρά
507 5060 629 5135 ’τοῦ
693 5079 1092 5160 καθηγουμένου
1119 5098 1135 5113 ⁸
1202 5081 1290 5137 καί
1346 5060 1445 5159 γὰρ
1502 5077 1620 5135 κατ’
1692 5060 1865 5159 ἀρχὰς
1932 5098 1959 5133 ο

2073 5066 2244 5129 initio
2296 5063 2643 5147 promisisti,
2677 5062 2782 5125 sed
2813 5063 2887 5124 ab
2918 5061 3194 5124 omnibus
3226 5060 3458 5141 despici
3489 5064 3548 5119 et
3575 5073 3725 5118 con-

333 5173 490 5223 τοῦτο
534 5167 793 5249 ὑπέσχου,
865 5169 1002 5227 ἀλλὰ
1057 5171 1146 5227 καὶ
1200 5171 1301 5226 ὑπὸ
1371 5168 1584 5225 πάντων
1631 5180 1994 5247 καταπρονεῖ-

338 5259 478 5333 σθαι,
542 5261 630 5315 καὶ
685 5257 1057 5325 ἐξουθενετσθαι
1115 5261 1252 5318 κατὰ
1306 5260 1406 5327 τὴν
1462 5256 1680 5325 ἐντολὴν
1734 5266 1827 5316 τοῦ
1884 5256 1996 5314 Κύ-

341 5353 472 5431 ρίου,
504 5353 593 5410 καὶ
652 5352 825 5434 φέρειν
882 5352 1157 5433 γενναίως.
1220 5351 1279 5407 Εἰ
1320 5349 1409 5406 οὗν
1462 5346 1631 5411 θέλεις
1686 5345 1860 5434 πίστιν
1901 5347 1998 5402 παὶ

340 5441 557 5521 ἀγάπην
602 5433 734 5524 πρὸς
781 5445 966 5516 mare)»:
994 5443 1205 5516 σώζειν,
1265 5440 1353 5497 καὶ
1417 5440 1491 5503 ὡς
1550 5435 1702 5515 ἅγιον
1758 5433 1994 5515 βλέπειν,

338 5535 408 5592 τὰ
452 5533 568 5613 τρία
596 5534 755 5591 ταύτα
782 5531 1005 5615 φύλαξον
1041 5552 1052 5565 ·
1118 5533 1195 5609 μὴ
1221 5530 1485 5612 ,ἀπαιτεῖν
1541 5528 1608 5584 τα
1650 5525 1780 5605 πρὸς
1838 5527 1998 5606 θερα-

420 5707 709 5790 37.Matth.
740 5734 843 5797 vn,
878 5719 940 5781 8.
1026 5713 1086 5762 38
1105 5713 1318 5781 Matth.
1349 5728 1477 5795 vm,
1503 5711 1606 5778 20.

2076 5156 2287 5237 temni,
2311 5156 2478 5236 juxta
2509 5161 2873 5235 praeceptum
2907 5150 3169 5222 Domini,
3199 5157 3255 5210 te
3283 5163 3575 5229 generose
3599 5160 3735 5225 per-

2077 5246 2332 5308 laturum
2361 5263 2516 5306 esse.
2552 5241 2609 5305 Si
2673 5242 2755 5303 vis
2805 5240 2986 5319 igitur
3038 5239 3314 5301 ﬁduciam
3374 5245 3434 5299 et
3464 5250 3733 5297 amorem

2079 5355 2221 5416 erga
2250 5335 2418 5396 illum
2446 5350 2710 5409 servare,
2765 5348 3025 5412 eumque
3083 5343 3149 5391 ut
3178 5334 3449 5424 sanctum
3479 5322 3728 5424 habere,

2080 5426 2193 5487 tria
2220 5425 2347 5486 haec
2378 5420 2610 5485 custodi
2639 5438 2653 5484 :
2692 5439 2768 5482 ne
2822 5429 2989 5501 petas
3040 5436 3171 5500 qua:
3226 5416 3300 5477 ad
3333 5416 3601 5494 corporis
3631 5429 3740 5471 cu-

2080 5534 2209 5580 ram
2238 5513 2560 5599 pertineut,
2585 5528 2664 5574 ne
2694 5509 2941 5573 nimiam
2973 5509 3194 5572 habeas
3223 5504 3594 5584 libertatem,
3625 5514 3741 5565 nec
