4120 6416
350 370 470 436 679
1658 365 2045 431 SYMEONIS
2082 361 2436 430 JUNIORIS
3634 356 3758 429 680

351 504 700 584 frequenter
728 502 895 566 illum
921 503 1111 585 visita,
1141 509 1207 565 ut
1238 500 1478 584 quidam
1510 500 1795 575 factitant,
1836 496 2001 581 quasi

2088 500 2263 578 πείαν,
2323 502 2410 559 καὶ
2468 502 2545 580 μὴ
2616 501 3082 584 παῤῥησιάζεσθαι,
3156 502 3245 559 καὶ
3302 501 3409 579 μὴν
3469 501 3749 582 συχνάζειν

350 594 710 656 medicinam
745 594 900 676 apud
937 614 1075 657 eum
1102 610 1438 675 quaeren'es
1472 612 1484 655 :
1546 595 1658 654 hoc
1690 591 1848 653 enim
1882 609 1999 650 non

2088 592 2211 668 πρὸς
2282 593 2437 651 αὐτὸν
2508 592 2601 650 οἷά
2680 615 2819 658 τινες
2901 593 3193 673 πάσχουσι,
3253 593 3327 655 ὡς
3386 588 3543 659 δῆθεν
3597 594 3750 670 θερα-

351 692 439 744 est
469 684 908 753 monachicum,
939 684 1040 745 sed
1099 685 1445 745 humanum.
1504 685 1634 745 Non
1669 680 2000 742 condemno

2088 680 2364 756 πευόμενοι
2419 681 2543 762 παρ’
2616 682 2795 763 αὖτοῦ,
2855 684 2916 739 οὒ
2996 683 3219 758 μόνιμον
3287 680 3342 737 δὲ
3383 688 3566 758 τοῦτο,
3625 678 3744 737 ἀλλ’

352 781 576 850 autem,
610 774 657 834 si
693 794 811 835 non
844 772 1127 835 celaveris
1159 773 1325 833 illum
1384 790 1590 832 omnes
1620 769 2001 848 cogitationes

2088 770 2433 848 ἀνθρώπινον.
2488 770 2560 827 Ού
2609 773 2906 852 κατακρίνω
2963 769 3066 828 δέ·
3127 773 3226 837 καὶ,
3271 773 3333 827 τὸ
3391 772 3468 847 μὴ
3497 771 3746 851 κρύπτειν

351 860 459 922 tibi
498 872 918 925 succurrentes
952 881 965 925 :
1002 863 1050 923 si
1085 863 1240 925 enim
1276 862 1386 922 hoc
1418 863 1578 921 obse:
1600 858 1845 929 vaveris,
1874 856 2001 919 sine

2088 856 2181 915 ἀπ’
2240 863 2396 919 αὐτοῦ
2462 861 2634 917 πάντα
2685 861 2940 940 λογισμὸν
2995 861 3442 942 ἐπεισερχόμενόν
3504 882 3586 916 σοι
3626 881 3640 895 ·
3702 861 3747 915 εἰ

355 950 593 1013 turbine
626 953 884 1032 trajicies
917 953 1051 1013 vitae
1088 970 1269 1022 mare,
1308 959 1363 1011 et
1384 950 1636 1023 Patrem,
1665 949 2001 1030 qunliscun-

2088 949 2187 1027 γὰρ
2244 956 2409 1005 ταῦτα
2468 948 2731 1031 φυλάξεις,
2811 951 3125 1026 ἀκυμάντως
3200 949 3409 1027 διέλθῃς
3495 952 3596 1017 τὴν
3653 956 3746 1005 τοῦ

352 1059 468 1121 que
491 1041 585 1107 sit.
609 1051 671 1102 ut
693 1053 961 1104 sanctum
989 1041 1258 1103 habebis.
1290 1040 1455 1112 Quod
1485 1042 1531 1099 si
1576 1043 1803 1100 Patrem
1838 1047 2001 1099 tuum

2088 1037 2199 1113 βίου
2255 1036 2542 1114 θάλασσαν,
2602 1041 2690 1096 καὶ
2758 1042 2848 1097 τὸν
2937 1039 3164 1121 Πατέρα,
3245 1044 3360 1103 οἶος
3418 1038 3516 1096 κᾶν
3578 1038 3717 1095 ἔστιν

350 1130 411 1191 in
454 1132 706 1192 ecclesia
767 1132 1109 1212 consultum
1168 1130 1347 1191 iveris
1403 1129 1561 1191 circa
1610 1128 2001 1190 directionem

2088 1127 2236 1207 ἅγιον
2288 1132 2495 1210 ἡγήσῃ,
2558 1129 2682 1191 Ἐὰν
2720 1130 2775 1189 δέ
2832 1131 3131 1213 προσελθὼν
3187 1133 3516 1212 ἐπερωθῆσαι
3577 1131 3628 1187 ὲν
3677 1137 3745 1207 τῇ

352 1220 756 1295 conscientiae,
803 1230 861 1282 et
881 1221 1061 1281 alium
1097 1219 1399 1283 inveneris
1429 1218 1531 1299 qui
1566 1226 1621 1280 te
1653 1216 2001 1299 praevenerit

2088 1217 2342 1292 ἐκκλησίᾳ
2391 1222 2483 1277 τὸν
2540 1223 2631 1278 σὸν
2688 1221 2895 1303 Πατέρα
2950 1223 3108 1304 χάριν
3166 1221 3447 1301 λογισμοῦ,
3506 1222 3747 1301 εὑρήσεις

355 1307 430 1369 ob
458 1309 729 1370 eamdem
761 1310 850 1370 vel
882 1309 1056 1370 aliam
1089 1308 1404 1389 rationem,
1429 1316 1487 1368 et
1515 1308 1693 1387 hujus
1724 1306 1914 1386 gratia
1946 1315 2001 1366 tu

2088 1306 2264 1387 ἕτερόν
2296 1330 2355 1364 σε
2410 1308 2767 1388 προλαϐόντα,
2829 1312 2987 1392 χάριν
3042 1317 3140 1379 τῆς
3201 1312 3363 1378 αὒτῆς
3420 1310 3739 1385 ὑποθέσεως,

350 1397 649 1477 paulisper
672 1396 1150 1477 procrastinaris,
1180 1414 1257 1458 ne
1273 1414 1428 1476 aagre
1443 1397 1617 1466 feras,
1644 1415 1756 1457 nec
1776 1394 2001 1476 aliquid

2089 1396 2123 1464 ἢ
2181 1399 2269 1453 καὶ
2328 1398 2507 1479 ἑτέρας
2577 1402 2742 1477 τινὸς,
2803 1402 2889 1457 καὶ
2945 1400 3119 1457 ἕνεκεν
3176 1401 3360 1458 τούτου
3416 1421 3473 1455 σε
3539 1421 3747 1478 παρεω-

351 1484 459 1546 tibi
491 1486 804 1548 molestum
837 1486 920 1547 ibi
952 1504 1085 1548 esse
1139 1495 1384 1564 reputes
1418 1502 1434 1561 ;
1496 1485 1600 1547 sed
1634 1485 1883 1547 seorsim
1915 1493 2001 1546 sta

2094 1482 2319 1562 ραμένον
2383 1487 2512 1565 πρὸς
2584 1489 2793 1564 μικρὸν,
2883 1488 2960 1564 μὴ
3032 1487 3386 1569 δυσχεράνῃς,
3473 1488 3609 1564 μήτε
3691 1509 3741 1543 τι

344 1574 568 1653 junctis
600 1575 897 1652 manibus,
922 1575 1113 1637 donec
1134 1576 1235 1637 ille
1262 1574 1503 1652 tinierit,
1542 1582 1720 1656 tuque
1748 1572 2001 1635 accersi-

2095 1571 2322 1631 ἒναντίον
2354 1571 2544 1653 λογίσῃ
2576 1593 2592 1608 ⁸
2625 1575 2762 1659 ἀλλὰ
2815 1574 2955 1642 ἰδίως
3002 1577 3195 1635 ἵστασο
3248 1578 3342 1640 τὰς
3373 1590 3565 1657 χεῖρας
3597 1576 3743 1657 ἔχων

348 1672 442 1725 tus
472 1663 676 1727 fueris.
712 1663 932 1726 Solent
960 1665 1118 1727 enim
1155 1668 1357 1754 Patres
1386 1665 1469 1725 ita
1503 1683 1642 1744 erga
1674 1682 1782 1725 nos
1806 1680 2001 1754 agere1

2094 1658 2392 1738 δεδεμένας,
2441 1664 2605 1745 μέχρι
2650 1671 2750 1734 τῆς
2805 1669 2961 1725 αὐτοῦ
3017 1666 3478 1746 συμπληρώσεως,
3525 1668 3612 1722 καὶ
3642 1672 3741 1733 τῆς

350 1751 550 1813 forsan
586 1754 767 1815 etiam
816 1754 995 1828 ultro,
1057 1754 1129 1815 ad
1190 1753 1602 1835 probationem
1658 1764 1917 1819 nostram
1953 1751 2001 1819 et

2095 1758 2195 1820 σῆς
2227 1752 2628 1833 προσκλήσεως.
2685 1756 2868 1812 Εἰώθει
2911 1756 3012 1836 γὰρ
3067 1762 3221 1812 τοῦτο
3272 1757 3413 1835 παρὰ
3468 1760 3572 1812 τῶν
3622 1762 3742 1811 Πα-

346 1842 810 1923 praecedentium
844 1851 1226 1925 peccatorum
1259 1843 1654 1924 expiationem
1668 1890 1683 1905 .

2093 1843 2277 1924 τέρων,
2314 1844 2447 1910 ἴσως
2477 1847 2565 1902 καὶ
2593 1845 2841 1910 ἑκουσίως
2884 1848 3015 1927 πρὸς
3043 1844 3350 1920 δοκιμασίαν
3378 1846 3467 1902 καὶ
3491 1843 3740 1903 ἀπαλλα-

3725 1087 3741 1119 θ

433 2019 570 2081 142.
592 2019 808 2102 Jejuna
842 2030 966 2084 tres
997 2020 1459 2103 quadragesinas
1491 2044 1504 2058 ο
1541 2025 1600 2085 in
1634 2043 1846 2103 magna
1867 2025 2005 2107 qui-

349 2109 486 2172 dem
518 2110 764 2172 biduum
802 2110 1047 2191 jejunus
1081 2129 1318 2192 perage,
1346 2122 1589 2193 prepter
1615 2132 1891 2193 magnum
1922 2114 2007 2176 fe-

348 2207 526 2271 stum,
567 2201 830 2280 exceptis
858 2200 1112 2262 Sabbato
1174 2216 1236 2262 et
1291 2201 1600 2263 Dominica
1636 2225 1648 2260 :
1684 2203 1745 2264 in
1777 2203 2007 2266 duabus

348 2288 500 2362 aliis,
526 2289 757 2352 alterno
780 2290 897 2352 die.
922 2288 1161 2351 Caeteris
1183 2298 1378 2351 autem
1401 2292 1540 2353 anni
1564 2291 1798 2366 diebus,
1820 2300 2008 2361 semel

347 2377 411 2438 in
440 2378 537 2439 die
569 2378 841 2453 comede,
897 2388 1110 2459 prmter
1159 2377 1507 2456 Sabbatum,
1543 2381 1913 2444 Dominicam
1950 2392 2010 2445 et

346 2466 520 2546 festa,
555 2467 659 2527 sed
696 2487 813 2529 non
846 2486 1034 2549 usque
1062 2469 1134 2529 ad
1171 2470 1523 2533 satietatem.

429 2557 567 2620 149.
603 2555 783 2620 Stude
815 2558 1048 2638 signum
1085 2558 1353 2621 utilitatis
1404 2560 1535 2622 ﬁeri
1567 2561 1846 2625 omnibus
1878 2563 2002 2626 fra-

350 2645 564 2728 tribus,
597 2647 670 2708 ad
702 2667 940 2709 omnem
977 2649 1253 2712 virtutem
1293 2650 1687 2713 humilitatem
1720 2661 1780 2713 et
1827 2672 1999 2716 man-

350 2737 751 2810 suetudinem,
787 2738 1256 2800 misericordiam
1294 2746 1354 2800 et
1382 2741 1784 2803 obedientiam
1822 2743 1996 2805 etiam

352 2843 491 2903 erga
525 2825 824 2901 minimos,
859 2830 961 2887 ira;
1016 2837 1076 2887 et
1125 2828 1625 2909 concupiscentiae
1654 2840 1999 2912 temperan-

352 2914 519 2989 tiam,
555 2923 961 2995 paupertatem
994 2923 1052 2976 et
1080 2917 1626 2997 compunctionem,
1676 2919 2001 2983 bonitatem

354 3013 412 3065 et
433 3003 872 3084 simplicitatem
886 3053 900 3079 ,
916 3005 1234 3067 candorem
1253 3025 1513 3089 morum,
1529 3010 2000 3089 segregationem

350 3111 386 3153 a
414 3094 644 3154 cunctis
676 3093 1046 3190 hominibus,
1072 3094 1473 3158 visitationem
1496 3098 1890 3176 inﬁrmorum,
1912 3101 1998 3163 af-
2021 3128 2062 3190 ο

350 3182 646 3244 ﬂictorum
681 3181 1172 3245 consolationem.
1214 3184 1530 3249 Neminem
1563 3207 1676 3269 ope
1709 3196 1807 3251 tua
1836 3190 1998 3253 indi-

349 3280 586 3351 gentem
620 3272 868 3353 repelle,
904 3280 969 3334 ut
1001 3274 1119 3335 Deo
1153 3274 1396 3337 intimus
1452 3276 1559 3339 tias
1594 3298 1611 3356 ;
1674 3279 1886 3342 melior
1916 3288 2005 3343 est

353 3361 514 3423 enim
545 3380 714 3423 amor
745 3361 1045 3451 precibus.
1106 3362 1244 3427 Com
1259 3365 1488 3446 patiens
1543 3376 1669 3429 esto
1700 3370 2000 3451 omnibus,

352 3451 484 3514 sine
515 3470 662 3512 vana
694 3450 902 3532 gloria,
938 3451 1067 3513 sine
1100 3453 1283 3514 nimia
1314 3454 1610 3537 libertate,
1651 3477 1769 3519 non
1796 3479 2005 3524 amans

349 3558 621 3620 arguere,
656 3540 805 3601 nihil
836 3559 1050 3618 rogans
1080 3543 1449 3624 superiorum
1483 3554 1586 3607 aut
1618 3546 1874 3627 aliquem
1907 3552 2001 3613 in-

346 3629 677 3705 feriorem;
732 3631 1121 3694 reverentiam
1185 3651 1325 3711 erga
1383 3653 1590 3697 omnes
1622 3637 2001 3719 presbyteros

349 3736 519 3780 serva
545 3720 934 3780 attentionem
966 3720 1026 3781 in
1075 3721 1366 3794 oratione,
1394 3722 1657 3785 habitum
1690 3724 1999 3791 inati'ecta-

350 3815 501 3887 tum,
535 3816 594 3868 et
624 3806 1101 3870 benevolentiam
1154 3827 1290 3889 erga
1354 3829 1562 3875 omnes
1608 3816 1883 3879 ostende.
1918 3817 2003 3880 Ne

351 3905 595 3977 propter
624 3895 871 3975 gloriam
902 3899 1143 3961 studeas
1172 3898 1405 3962 curiose
1446 3904 1698 3964 scrutari
1728 3903 2002 3986 Scriptu-

349 4002 467 4046 ras.
494 3984 697 4047 Oratio
724 3987 882 4047 enim
907 4006 1042 4048 cum
1068 3987 1340 4068 lacrymis
1363 3998 1420 4050 et
1440 3992 1644 4069 gratiae
1680 3984 1998 4058 illustratio

352 4073 553 4163 omnia
612 4076 734 4137 haec
794 4085 851 4135 te
906 4075 1171 4139 docebit.
1232 4080 1436 4159 Itaque
1494 4080 1895 4163 interrogatus
1925 4085 2001 4148 de

351 4162 552 4243 aliquo
580 4163 936 4240 ofﬁciorum,
969 4184 1182 4244 magna
1212 4186 1349 4227 cum
1404 4162 1762 4249 humilitate,-
1800 4192 1873 4236 ex
1898 4180 2002 4236 tua

350 4252 487 4322 vita,
527 4261 798 4333 tanquam
850 4273 916 4315 ex
953 4254 1170 4334 aliena,
1206 4256 1477 4319 haustam
1511 4260 1810 4323 actionum
1846 4261 1999 4323 divi-

2088 1937 2190 2013 γήν
2220 1937 2325 2017 τῶν
2355 1937 2878 2017 προημαρτημένων,
2906 1940 3042 2013 ἡμῖν
3075 1938 3330 2016 γίνεσθαι,

2169 2013 2316 2103 ρμβ’.
2382 2013 2668 2093 Νηστεύειν
2729 2024 2784 2083 δὲ
2840 2029 2934 2091 τὰς
2991 2013 3137 2106 τρείῗς
3193 2026 3616 2106 τεσσαρακοστὰς
3674 2031 3743 2103 τῇ

2090 2114 2188 2190 μὲν
2261 2114 2471 2194 μεγάλη
2529 2114 2741 2198 διπλᾶς,
2800 2115 2934 2197 ἅπερ
2991 2114 3232 2195 μεγάλης
3289 2117 3475 2195 ἑορτῆς
3511 2132 3525 2145 ⁸
3586 2115 3738 2180 ἐκτὸς

2089 2201 2364 2260 Σαϐϐάτου
2420 2207 2508 2261 καὶ
2596 2210 2862 2286 Κυριακῆς
2896 2226 2912 2242 ·
3000 2218 3121 2269 ταῖς
3206 2204 3260 2261 δὲ
3316 2203 3455 2265 δυσὶν
3511 2205 3739 2286 ἑτέραις,

2089 2293 2232 2372 παρὰ
2262 2294 2403 2370 μίαν.
2441 2295 2546 2359 Τὰς
2574 2292 2628 2350 δὲ
2657 2294 2972 2359 ὑπολοίπους
3004 2296 3205 2374 ἡμέρας
3232 2305 3323 2355 τοῦ
3353 2296 3569 2377 χρόνου,
3599 2293 3738 2363 ἅπαξ

2088 2388 2189 2451 τῆς
2220 2385 2419 2463 ἡμέρας
2464 2384 2670 2459 ἐσθίειν,
2702 2384 2852 2449 ἐκτὸς
2879 2383 3153 2443 Σαϐϐάτου
3200 2387 3288 2443 καὶ
3327 2391 3616 2467 Κυριακῆς,
3649 2387 3738 2444 καὶ

2088 2474 2323 2556 ἑορτῆς-⁸
2357 2472 2475 2531 ἀλλ’
2508 2478 2603 2533 οὒκ
2631 2476 2704 2538 εἰς
2732 2476 2909 2556 κόρον.

2166 2553 2316 2643 ρμγ’.
2376 2562 2679 2622 Σπούδασον
2737 2553 2810 2621 δὲ’
2870 2565 3036 2623 τύπον
3118 2564 3374 2647 ὠφελείας
3446 2567 3594 2645 πάσῃ
3670 2573 3738 2645 τῆ

2083 2650 2399 2734 ἀδελφότητι
2450 2653 2689 2733 γενέσθαι
2738 2675 2819 2735 σε,
2876 2657 3006 2735 πρὸς
3058 2660 3231 2711 πᾶσαν
3283 2655 3499 2734 ἀρετὴν,
3560 2657 3742 2714 ταπεί-

2082 2741 2238 2799 νωσίν
2268 2762 2325 2797 τε
2353 2742 2441 2799 καὶ
2496 2742 2772 2822 πραότητα
2818 2740 3183 2818 ἐλεημοσύνην
3243 2764 3302 2798 τε
3358 2743 3447 2799 καὶ
3503 2746 3740 2814 ὑπακοὴν

2084 2831 2246 2911 μέχρι
2320 2833 2409 2889 καὶ
2491 2837 2596 2889 τῶν
2679 2831 3086 2908 εὐτελεστάτων,
3174 2831 3463 2911 ἀοργησίαν
3537 2856 3595 2891 τε
3650 2837 3739 2892 καὶ

2084 2921 2500 3000 ἀπροσπάθειαν,
2560 2922 2936 2997 ἀκτημοσύνην
2988 2941 3046 2977 τε
3102 2920 3191 2976 καὶ
3250 2920 3548 3001 κατάνυξιν,
3605 2923 3737 2979 ἀκα-

2082 3012 2200 3066 κίαν
2280 3032 2339 3067 τε
2420 3012 2509 3067 καὶ
2592 3011 2918 3091 ἀπεριερθίαν
2955 3025 2969 3039 ⁸
3058 3006 3336 3076 ἁπλότητα
3408 3008 3595 3092 ἤθους,
3647 3020 3737 3075 καὶ

2084 3098 2330 3165 ξενιτείαν
2401 3099 2461 3156 ἐκ
2540 3102 2738 3164 παντὸς
2808 3098 3104 3177 ἀνθρώπου,
3187 3097 3541 3157 ἀσθενούντων
3613 3099 3734 3157 ἐπί-

2085 3193 2296 3269 σκεψιν,
2356 3186 2678 3265 θλιϐομένων
2734 3187 3061 3269 παραμυθίαν
3099 3207 3115 3223 ο
3194 3187 3255 3242 τὸ
3325 3188 3402 3263 μή
3456 3211 3574 3245 τινα
3628 3194 3735 3248 τῶν

2085 3278 2339 3359 ὠφελείας
2394 3285 2494 3347 τῆς
2552 3279 2694 3360 παρὰ
2760 3286 2854 3337 σοῦ
2926 3277 3187 3356 δεομένων
3223 3299 3236 3313 ·
3310 3279 3736 3363 ἀποστραφῆναι,

2084 3372 2241 3449 χάριν
2271 3368 2616 3447 προσομιλίας
2640 3376 2770 3427 Θεοῦ
2804 3385 2818 3400 ⁸
2864 3383 3111 3451 κρεῖσσον
3142 3372 3241 3450 γὰρ
3270 3370 3463 3450 εὒχῆς,
3499 3369 3684 3448 ἀγάπη
3712 3391 3727 3407 ο

2087 3462 2335 3534 συμπαθῆ
2403 3480 2460 3515 τε
2539 3459 2678 3515 εἶναι
2747 3481 2806 3515 σε
2891 3461 3022 3539 πρὸς
3102 3460 3326 3534 πάντας,
3404 3457 3732 3534 ἀκενόδοξον,

2086 3547 2529 3627 ἀπαρρησίαστον,
2592 3549 2668 3624 μῆ
2753 3548 3081 3629 ἐλεγκτικὸν,
3171 3550 3247 3627 μὴ
3308 3549 3626 3609 ἀπαιτοῦντά
3684 3573 3734 3607 τι

2081 3639 2170 3695 ’τὸν
2228 3643 2533 3718 προεστῶτα
2590 3635 2625 3704 ἥ
2681 3659 2797 3695 τινα
2851 3645 2955 3695 τῶν
3013 3637 3337 3705 διακονητῶν
3373 3655 3387 3669 ⁸
3446 3640 3545 3707 τὴν
3604 3640 3736 3719 πρὸς

2081 3727 2201 3791 τοὺς
2258 3728 2416 3806 ίερετς
2473 3727 2675 3791 πάντας
2760 3728 2923 3803 τιμὴν
3005 3728 3348 3798 ἀποσώζοντα
3382 3749 3394 3760 ·
3456 3731 3735 3809 προσοχὴν

2085 3815 2140 3871 ἐν
2168 3822 2237 3893 τῇ
2266 3818 2425 3895 εὐχῇ,
2484 3819 2573 3871 καὶ
2628 3816 2950 3872 κατάστασιν
3006 3816 3430 3891 ἀνεπιτήδευτον,
3476 3820 3565 3874 καὶ
3594 3818 3736 3896 ἀγά-

2084 3927 2192 3972 πην
2253 3909 2382 3985 πρὸς
2437 3907 2636 3968 πάντας
2717 3905 3114 3968 ἐπιδείκνυσθαι,
3183 3906 3271 3972 Μὴ
3348 3906 3524 3963 ἕνεκεν
3581 3905 3737 3974 δόξης

2084 3994 2390 4066 σπουδάζειν
2442 3994 2892 4073 περιεργάζεσθαι,
2969 3996 3063 4050 καὶ·
3129 3993 3336 4072 ἐρευνᾷν
3412 3997 3507 4060 τὰς
3591 4002 3734 4076 Γρα-

2083 4085 2206 4165 φάς,
2244 4075 2305 4140 Ἠ
2356 4086 2455 4162 γὰρ
2504 4083 2643 4163 εὗχὴ
2700 4085 2735 4151 ἡ
2793 4084 2931 4158 μετὰ
2981 4080 3241 4161 δακρύων,
3299 4085 3385 4140 καὶ
3434 4086 3468 4152 ἡ
3523 4085 3583 4141 ἐκ
3634 4075 3734 4152 τῆς

2084 4174 2304 4254 χάριτος
2362 4172 2652 4252 ἕλλχμψις,
2710 4173 2874 4231 ταῦτά
2929 4192 2988 4228 σε
3069 4170 3279 4237 διδάξει.
3358 4173 3732 4253 Ἐρωτώμενος

2081 4265 2251 4320 τοίνυν
2328 4262 2446 4339 περί
2494 4283 2636 4324 τινος
2692 4267 2799 4317 τῶν
2866 4261 3245 4340 προσηκόντων

3335 4264 3470 4337 μετὰ
3523 4261 3731 4330 πολλῆς

3252 4310 3268 4342 3

353 4360 565 4404 narum
584 4341 984 4423 disciplinam,
1007 4345 1319 4424 adjuvante
1340 4348 1546 4425 gratia,
1569 4350 1738 4432 doce,
1774 4370 1808 4413 a
1836 4370 1998 4414 vanae

2088 4352 2450 4414 ταπεινώσεως
2480 4349 2540 4413 ἐκ
2594 4360 2688 4409 τοῦ
2742 4356 2834 4407 σοῦ
2895 4350 3031 4427 βίου,
3087 4352 3161 4413 ὡς
3211 4348 3262 4415 ἐξ
3317 4348 3501 4425 ἄλλοι),
3534 4352 3601 4408 τὰ
3628 4358 3733 4409 τῶν

352 4433 561 4514 gloriae
580 4431 955 4510 cogitatione,
980 4452 1347 4517 quacunque
1381 4436 1477 4514 sit,
1501 4431 1751 4517 alienus,
1775 4441 1997 4503 solam-

2088 4442 2269 4500 ἐνθέων
2324 4441 2582 4520 πράξεων,
2647 4439 2986 4519 χορηγούσης
3056 4444 3154 4503 τῆς
3218 4439 3437 4519 χάριτος
3502 4437 3731 4520 δίδασκε,

353 4540 468 4603 que
486 4521 734 4602 proximi
758 4521 1068 4584 utilitatem
1092 4522 1432 4589 intendens.
1456 4525 1741 4590 Juvamen
1764 4531 1825 4591 in
1847 4550 1993 4593 con-

351 4613 615 4673 fessione
645 4620 1003 4692 quaerentem
1036 4632 1070 4674 a
1122 4622 1177 4675 te
1222 4633 1297 4676 ne
1348 4618 1629 4697 repellas,
1666 4620 1770 4680 sed
1800 4620 2003 4701 recipe

356 4700 559 4779 cull'as
590 4701 739 4780 ejus,
766 4720 1132 4783 quzecunque
1182 4702 1319 4777 sint,
1382 4723 1562 4785 super
1591 4706 1719 4787 ipso
1749 4708 2004 4770 fundens

354 4789 645 4870 lacrymas
673 4809 741 4852 ac
773 4809 982 4870 preces
1016 4808 1029 4852 :
1066 4792 1191 4854 haec
1222 4793 1380 4855 enim
1413 4793 1551 4855 sunt
1584 4796 1750 4875 signa
1780 4800 2003 4859 amoris

354 4880 755 4959 perfectaeque
786 4879 1240 4960 compassionis.
1280 4886 1353 4944 Et
1378 4884 1450 4943 ad
1485 4893 1539 4945 te
1570 4885 1904 4947 venientem
1926 4905 2002 4948 ne

354 4968 611 5047 repellas
642 4968 859 5029 timens
918 4987 994 5030 ne
1054 4971 1387 5032 istiusmodi
1443 4972 1746 5053 culparum
1778 4975 2000 5036 auditio

356 5055 463 5117 tibi
488 5066 698 5119 noceat
726 5077 740 5129 ;
769 5059 956 5135 gratia
987 5059 1148 5120 enim
1174 5060 1514 5139 adjuvante,
1547 5062 1776 5123 nullum
1805 5064 2001 5143 patie-

355 5147 440 5208 ris
463 5147 908 5211 detrimentum.
928 5148 1301 5229 Creteroquin
1318 5158 1420 5229 (ne
1435 5152 1722 5213 laedantur
1735 5154 1923 5230 multi,
1938 5153 2001 5215 in

360 5240 488 5298 loco
533 5246 764 5301 secreto
787 5237 846 5298 id
873 5238 1076 5299 dicere
1098 5242 1381 5322 oportet),
1407 5242 1515 5303 etsi
1538 5242 1691 5304 forte
1712 5242 1772 5303 in
1804 5244 2001 5305 otfen-

356 5345 480 5389 sam
514 5326 885 5405 cogitationis
919 5327 1156 5403 labaris,
1218 5339 1281 5390 ut
1337 5330 1516 5392 homo
1573 5332 1648 5411 (si
1705 5332 1863 5394 enim
1897 5332 2000 5394 tibi

358 5419 542 5492 gratia
596 5416 932 5488 auxiliatur,
994 5417 1055 5478 id
1114 5417 1221 5479 tibi
1291 5438 1409 5480 non
1466 5420 1741 5501 accidet),
1802 5440 2001 5484 nonne

359 5504 554 5566 edocti
583 5523 786 5566 sumus
810 5525 1098 5588 quarere,
1120 5526 1239 5569 non
1269 5510 1426 5588 quod
1460 5521 1679 5586 nostra,
1714 5511 1819 5574 sed
1844 5512 2001 5592 quod

358 5593 608 5685 aliorum
630 5594 834 5672 refert,
858 5603 921 5656 ut
951 5597 1093 5657 salvi
1125 5598 1288 5659 ﬂant.
1331 5599 1497 5661 Sicut
1521 5609 1696 5661 antea
1722 5600 2000 5685 diximus,

360 5682 536 5744 vitam
568 5701 734 5745 serva
768 5686 1138 5767 tranquillam
1172 5693 1230 5749 et
1256 5706 1601 5770 pauperem,
1635 5709 1706 5753 ac
1750 5682 2003 5774 teipsum

2083 4530 2373 4605 ἀκενοδόξῳ
2428 4528 2692 4608 λογισμῷ,
2764 4526 2908 4593 ὅστις
2965 4526 3026 4585 ἂν
3097 4529 3185 4585 καὶ
3253 4531 3414 4608 τύχῃ,
3477 4528 3733 4610 ὠφελείας

2082 4623 2425 4702 όρεγὸμενος.
2486 4620 2585 4677 Καὶ
2638 4620 2755 4698 περὶ
2807 4616 3066 4697 λογισμοῦ
3146 4620 3238 4674 τὸν
3288 4625 3545 4689 ζητοῦντα
3596 4620 3735 4702 ὠφε-

2083 4710 2310 4777 ληθῆναι
2373 4708 2478 4765 ἀπὸ
2536 4714 2628 4764 σοῦ
2686 4708 2763 4783 μὴ
2846 4707 3190 4788 ἀποστραφῇς
3230 4729 3242 4741 ·
3315 4705 3433 4763 ἀλλ’
3493 4707 3733 4775 ἀνάδεξαι

2084 4800 2149 4855 τὰ
2178 4801 2334 4855 αὐτοῦ
2363 4796 2649 4877 σφάλματα
2676 4799 2767 4852 οἷα
2822 4797 2910 4852 καὶ
2964 4796 3116 4872 ὦσιν,
3162 4796 3290 4876 ὑπὲρ
3348 4801 3505 4856 αὖτοῦ
3534 4796 3731 4854 κλαίων

2082 4889 2171 4946 καὶ
2230 4887 2519 4967 εὐχόμενος
2554 4905 2570 4921 ·
2630 4886 2918 4965 τεκμήριον
2988 4886 3087 4965 γὰρ
3141 4886 3369 4966 ὑπάρχει
3426 4887 3513 4943 καὶ
3571 4894 3734 4943 ταῦτα

2083 4977 2297 5057 ἀγάπης
2328 4977 2415 5033 καὶ
2441 4973 2644 5039 τελείας
2675 4973 2995 5050 συμπαθείας
3033 4990 3046 5004 ⁸
3103 4978 3192 5031 καὶ
3239 4976 3316 5050 μὴ
3347 4975 3506 5054 χάριν
3534 4985 3626 5034 τοῦ
3656 4976 3733 5051 μὴ

2084 5063 2344 5142 βλαϐῆναι
2387 5066 2487 5121 ὑπὸ
2535 5068 2632 5130 τῆς
2691 5062 2995 5141 ἀκροάσεως
3053 5070 3159 5119 τῶν
3209 5064 3486 5143 τοιούτων,
3542 5064 3734 5142 ἀπώσῃ

2084 5157 2173 5212 τὸν
2203 5151 2557 5233 προσελθόντα
2589 5168 2603 5181 ⁸
2664 5157 2762 5219 τῆς
2795 5152 3018 5231 χάριτος
3050 5154 3150 5232 γὰρ
3178 5155 3555 5233 συνεργούσης,
3589 5152 3737 5213 οὐδὲν

2083 5241 2330 5322 βλαϐήσῃ
2364 5258 2378 5271 ⁸
2412 5240 2555 5309 πλὴν
2584 5239 2669 5297 διὰ
2697 5242 2797 5309 τὴν
2825 5248 2930 5298 τῶν
2981 5241 3195 5299 πολλῶν
3251 5240 3475 5318 βλάϐην,
3510 5242 3562 5299 ἐν
3588 5243 3738 5319 τόπῳ

2083 5334 2370 5413 ἀποκρύφῳ
2424 5341 2578 5391 τοῦτο
2632 5327 2716 5386 δεῖ
2765 5331 2937 5387 εἰπεῖν
2972 5346 2986 5360 ⁸
3046 5329 3145 5387 κᾶν
3196 5332 3340 5411 τάχα
3397 5332 3485 5387 καὶ
3513 5329 3739 5411 προσϐο-

2084 5421 2184 5490 λὴν
2207 5420 2464 5499 λογισμοῦ
2493 5422 2567 5484 ὡς
2624 5417 2893 5497 ἅνθρωπος
2949 5420 3182 5496 ὑποστῇς
3212 5436 3225 5449 ⁸
3286 5420 3376 5476 ἐὰν
3430 5419 3530 5499 γὰρ
3558 5441 3735 5501 κεχα-

2086 5510 2385 5592 ριτωμένως
2416 5512 2506 5587 ᾗς,
2565 5506 2681 5567 οὑδὲ
2720 5516 2875 5566 τοῦτο
2932 5510 3110 5584 πείσῃ.
3177 5509 3275 5566 Καὶ
3333 5509 3431 5587 γὰρ
3487 5508 3757 5566 διδασκό-·

2086 5604 2217 5678 μεθα
2250 5603 2326 5676 μὴ
2356 5602 2417 5655 τὸ
2448 5600 2644 5656 ἑαυτῶν
2692 5606 2896 5672 ζητεῖν,
2953 5597 3090 5654 ἀλλὰ
3145 5600 3206 5654 τὸ
3260 5604 3367 5655 τῶν
3397 5598 3612 5678 ἑτέρων,
3644 5598 3737 5657 ἵνα

2085 5697 2317 5754 σωθῶσι.
2377 5691 2560 5758 Καθὼς
2634 5688 2691 5749 δὲ
2772 5692 3116 5773 προείπομεν,
3203 5688 3481 5775 φυλάττειν
3539 5711 3599 5749 σε
3654 5688 3739 5752 δεῖ
