4120 6360
262 405 381 472 681

251 536 570 618 ἀπράγμονα
621 536 732 615 βίον
810 535 900 594 καὶ
977 535 1256 613 ἆκτήμονα
1296 552 1311 567 ⁸

250 625 442 706 λογῖσῃ
471 625 841 706 ἒνεργούμενον
872 626 975 682 ὑπὸ
1002 630 1102 693 τῆς
1132 626 1377 707 χάριτος,
1429 624 1555 682 ὅταν
1585 622 1907 706 ἁμαρτωλό-

252 738 403 797 τερον
432 714 648 773 πάντων
677 714 965 795 ἀνθρώπων
1020 713 1073 773 ἐν
1134 714 1354 788 ἀληθείᾳ
1412 713 1550 795 ἔχῃς
1586 732 1600 744 ⁸
1657 722 1815 772 τοῦτο
1855 712 1910 770 δὲ

256 804 405 870 ὅπως
436 808 636 883 γίνεται
668 807 762 864 οὐκ
788 802 904 884 ἔχω
931 802 1128 884 λέγειν,
1161 806 1189 861 6
1220 806 1350 869 Θεὸς
1381 801 1546 865 οἶδεν.

341 887 484 977 ρμδ’.
518 895 623 958 Τας
675 891 730 950 δὲ
786 893 926 973 ὥρας
991 899 1089 961 τῆς
1146 893 1459 972 ἀγρυπνίας,
1519 890 1746 973 ὀφείλεις
1776 891 1911 950 ἀνα-

256 986 536 1067 γινώσκειν
580 983 679 1059 μὲν
732 982 872 1063 ὥρας
908 980 1035 1058 δόω,
1093 983 1182 1039 καὶ
1237 980 1342 1039 δύω
1398 980 1645 1062 εὔχεσθαι
1702 980 1758 1037 ἐν
1809 1003 1913 1038 κα-

254 1074 457 1143 τανύξει
514 1074 651 1151 μετὰ
698 1070 955 1153 δακρύων,
1014 1073 1103 1129 καὶ
1153 1070 1345 1129 κονόνα
1394 1073 1512 1128 οἷον
1566 1068 1765 1151 βούλει,
1825 1069 1914 1126 καὶ

253 1164 521 1242 ψαλμοὺς,
556 1164 600 1219 εί
653 1162 853 1239 βούλει,
913 1161 1035 1226 τοὺς
1092 1159 1315 1235 δώδεκα,
1377 1160 1465 1218 καὶ
1521 1162 1612 1216 τὸν
1660 1158 1908 1235 ἄμωμον,

251 1255 344 1313 καὶ
370 1255 468 1324 τὴν
498 1252 666 1333 εὒχὴν
725 1260 818 1310 τοῦ
870 1251 1020 1329 ἁγίου
1069 1249 1386 1330 Εὖστρατίου
1420 1265 1434 1279 ·
1489 1258 1652 1307 ταῦτα
1704 1246 1759 1304 ἐν
1788 1259 1912 1310 ταῖς

254 1343 518 1423 μεγάλαις
559 1338 717 1406 νυξίν.
781 1336 869 1398 Ἐν
924 1337 978 1396 δὲ
1036 1354 1156 1403 ταῖς
1214 1351 1457 1418 μικραῖς,
1512 1334 1912 1416 συντομωτέραν

252 1434 357 1500 τὴν
408 1428 738 1505 ἀκολουθίαν,
815 1429 953 1486 κατὰ
1025 1428 1125 1493 τὴν
1195 1425 1574 1508 παρεχομένην
1627 1447 1710 1482 σοι
1770 1424 1913 1499 παρᾶ

256 1520 392 1580 Θεοῦ
444 1518 662 1596 δύναμιν
694 1534 709 1549 '
799 1514 920 1575 ἄνευ
974 1519 1073 1597 γὰρ
1128 1519 1286 1577 αὖτοῦ
1341 1514 1487 1574 οὗδὲν
1540 1521 1647 1572 τῶν
1702 1515 1911 1595 ἀγαθῶν

249 1614 615 1691 κατορθοῦται,
699 1607 874 1672 καθώς
951 1629 1112 1689 φησιν
1195 1608 1224 1663 6
1310 1606 1599 1686 Προφήτης
1655 1620 1669 1634 ·
1761 1603 1911 1683 Παρὰ

250 1700 444 1781 Κυρίου
511 1698 580 1755 τὰ
657 1693 958 1773 διαδήματα
1036 1696 1312 1776 ἀνθρώπου
1366 1694 1736 1753 κατευθύνεται
1796 1713 1811 1727 ⁴
1875 1714 1904 1748 ι

251 1785 534 1848 καὶαῦτοῦ
584 1794 678 1845 τοῦ
731 1791 1017 1878 Σωτῆροςν
1036 1788 1275 1848 εἰπόντος
1309 1799 1323 1814 ⁶
1384 1807 1413 1839 α
1464 1784 1646 1864 -Χωρὶς
1697 1781 1828 1858 ἐμοῦ
1851 1782 1911 1839 οὗ

254 1876 473 1936 δύνασθε
515 1887 693 1933 ποιεῖν
722 1871 891 1939 ούδέν.
930 1898 955 1935 ι
994 1870 1141 1933 Ἄνευ
1169 1871 1223 1930 δὲ
1248 1870 1482 1953 δακρύων
1498 1870 1765 1949 μηδέποτε
1785 1892 1909 1928 κοι-

254 1969 533 2044 νωνήσῃς.

338 2047 482 2139 ρμέ.
545 2053 764 2115 Ἐσθίειν
820 2052 874 2112 δὲ
929 2054 995 2111 τὰ
1050 2051 1438 2133 παρατιθέμενα
1498 2072 1581 2108 σοι
1639 2050 1733 2139 οἷά
1780 2050 1909 2106 εἰσιν

256 2138 491 2225 εΟμοίως
545 2149 634 2204 καὶ
690 2146 841 2204 οἶνον
917 2145 1053 2221 μετὰ
1132 2141 1436 2221 ἐγκρατείας
1506 2138 1855 2219 ἆγογγύστως
1887 2152 1904 2169 ⁸

251 2238 305 2295 εἰ
331 2234 387 2294 δὲ
430 2236 519 2294 καὶ
573 2236 711 2293 κατὰ
763 2235 929 2311 μόνας
984 2233 1121 2310 κάθῃ
1177 2230 1242 2287 δι’
1301 2230 1593 2310 ἀσθένειαν,
1651 2228 1776 2304 ὠμά
1803 2225 1909 2284 λά-

252 2348 405 2410 χανα
430 2327 565 2403 μετὰ
594 2324 807 2388 ἐλαιῶν,
856 2322 982 2382 Ἐὰν
1029 2320 1089 2378 δέ
1143 2343 1224 2385 τις
1279 2326 1386 2377 τῶν
1440 2318 1679 2400 ἀδελφῶν
1707 2317 1909 2397 βρώσι-

255 2409 364 2495 μόν
391 2438 442 2473 τι
470 2415 663 2493 πέμψῃ
706 2437 813 2490 σοι,
871 2411 1009 2479 δέξαι
1067 2409 1184 2488 μετ’
1233 2410 1568 2491 εὐχαριστίας
1602 2410 1690 2495 καὶ
1717 2428 1912 2495 ταπει-

258 2493 475 2568 νώσεως
530 2506 605 2567 ὡς
660 2501 803 2569 ξένος
837 2522 853 2540 ·
929 2502 1018 2558 καὶ
1073 2499 1125 2565 ἐξ
1190 2501 1348 2556 αὕτοῦ
1404 2494 1690 2576 μετάλαϐε,
1752 2493 1806 2552 εἵ
1860 2517 1912 2553 τι

256 2591 308 2650 δ’
367 2591 428 2651 ἄν
496 2593 609 2649 ἐστι
643 2608 658 2622 ⁸
744 2593 833 2649 καὶ
886 2592 947 2648 τὸ
1004 2588 1331 2670 περιλειφθὲν
1382 2585 1695 2644 ἀπόστειλον
1723 2584 1914 2665 ξὲτὲρῳ

255 2679 494 2762 ἀδελφῷ,
526 2684 738 2762 πτωχῷ
777 2680 865 2737 καὶ
920 2675 1156 2736 εύλαϐεϊ.
1208 2675 1331 2734 Ἐὰν
1352 2690 1369 2699 '
1393 2674 1449 2732 δέ
1496 2698 1577 2740 τις
1605 2673 1809 2752 καλέσῃ
1854 2694 1913 2730 σε

254 2772 332 2836 εἷς
387 2770 745 2850 παράκλησιν,
808 2770 868 2827 ὲκ
926 2768 1138 2826 πάντων
1194 2772 1300 2823 τῶν
1352 2764 1779 2845 παρατιθεμένων
1829 2785 1912 2820 σοι

254 2857 545 2938 μετάλαϐε,
598 2861 728 2939 πρὸς
785 2859 972 2939 μικρὸν
1030 2855 1107 2932 δὲ,
1171 2857 1309 2913 κατα
1362 2855 1463 2923 τὴν
1521 2852 1766 2935 ἐντολὴν,
1813 2852 1915 2922 τὴν

255 2949 566 3029 ἐγκράτειαν
632 2947 928 3030 φυλάττων.
993 2943 1369 3021 Ἀνιστᾶμενος
1440 2941 1520 3020 δὲ,
1578 2941 1757 3020 βαλὼν
1813 2964 1914 3019 με-

256 3040 472 3097 τάνοιαν
522 3038 578 3094 ἐν
629 3036 742 3107 ἤθει
786 3036 933 3104 ξένου
973 3036 1062 3094 καὶ
1116 3040 1362 3115 πτωχοῦ,
1420 3033 1517 3101 τὴν
1577 3032 1915 3113 εὐχαριστίαν

258 3130 404 3204 αύτῷ
430 3127 665 3204 ἂπόνεμε
706 3125 876 3207 λέγων
904 3143 921 3161 ⁶
984 3116 1043 3184 (Ο
1088 3125 1242 3200 Θεὸς,
1304 3123 1476 3203 Πάτερ
1532 3122 1673 3203 ἅγιε,
1705 3123 1796 3178 τὸν
1825 3115 1976 3198 μιοα

263 3220 385 3275 σθὸν
408 3215 517 3296 δώῃ
546 3239 656 3280 σοι.
685 3218 926 3298 Πρόσεχε
956 3213 1011 3273 δὲ
1040 3216 1120 3292 μὴ
1162 3212 1395 3281 λαλῆσαί
1420 3234 1493 3289 τι,
1527 3209 1625 3269 κᾶν
1649 3211 1796 3293 τάχα
1826 3212 1914 3269 καὶ

273 3306 535 3387 ὠφέλιμον
559 3306 675 3376 εἴη.

352 3387 521 3477 ενι-ις’.
555 3399 614 3456 Εἰ
655 3396 711 3454 δὲ
739 3397 829 3455 καί
857 3419 939 3461 τις
990 3400 1097 3453 τῶν
1146 3391 1383 3474 ἀδελφῶν
1425 3387 1644 3466 θλιϐεὶς,
1705 3390 1742 3461 ἢ
1771 3392 1915 3471 παρὰ

268 3492 361 3543 τοῦ
413 3493 772 3568 προεστῶτος,
835 3485 872 3556 ἢ
921 3495 1016 3545 τοῦ
1067 3484 1369 3561 οἰκονόμου,
1436 3479 1471 3549 ἥ
1513 3502 1654 3545 τινος
1711 3480 1913 3563 ἑτέρου,

266 3572 393 3653 ἔλθῃ
419 3578 550 3657 πρὸς
579 3577 663 3653 σὲ,
693 3577 1065 3657 παραμύθησαι
1117 3575 1272 3631 αὗτὸν
1332 3571 1499 3635 οὕτως
1533 3590 1547 3604 ⁵
1605 3571 1914 3647 Πίστευσον,

264 3662 479 3747 ἀδελφὲ,
536 3668 669 3747 πρὸς
706 3665 931 3743 δοκιμήν
989 3686 1070 3721 σοι
1112 3669 1266 3720 τοῦτο
1306 3660 1493 3741 γέγονε
1527 3679 1543 3697 ⁶
1600 3659 1762 3735 κάμοὶ
1817 3660 1918 3740 γὰρ

263 3750 525 3836 διαφόρως
552 3764 708 3815 τοῦτο
760 3752 976 3836 συνέϐη,
1018 3755 1107 3811 καὶ
1163 3752 1224 3810 ἐκ
1279 3751 1640 3831 μικροψυχίας
1692 3748 1917 3809 ἐλυπού-

265 3866 378 3920 μην
410 3863 425 3877 ⁸
458 3844 573 3903 ἐπεὶ
600 3843 655 3903 δὲ
679 3842 1118 3926 ἐπληροφορήθην
1146 3843 1277 3923 πρὸς
1306 3840 1532 3917 δοκιμὴν
1561 3846 1725 3897 ταῦτα
1746 3839 1915 3915 εἶναι,

261 3934 406 4015 φέρω
468 3938 814 4018 εὐχαρίστως,
875 3937 974 3995 Καὶ
1026 3935 1088 3992 σὺ
1142 3934 1310 3991 τοίνυν
1365 3930 1532 3995 οὕτως
1587 3931 1725 3988 ποίει
1759 3946 1774 3961 °

263 4014 473 4103 μᾶλλον
528 4014 874 4109 ἐὐφρανθάσή
945 4025 1033 4083 ἐπὶ
1098 4035 1222 4089 ταῖς
1276 4021 1542 4109 τοιαύταις
1582 4020 1813 4097 θλίψεσι.
1859 4014 1921 4079 Εἰ

264 4111 322 4172 δὲ
348 4116 438 4173 καὶ
492 4108 625 4193 πρὸς
674 4114 933 4197 λοιδορίας
987 4119 1189 4194 τραπῇ,
1236 4108 1364 4188 μηδ’
1421 4109 1587 4176 οὕτως
1640 4110 1917 4191 ἀποστρα-

262 4211 397 4287 φῇς,
427 4203 552 4265 ἀλλ’
585 4207 658 4271 ὡς
689 4204 752 4263 ἃν
775 4208 812 4276 ἡ
867 4205 1026 4287 χάρις
1087 4200 1468 4283 επιχορηγήσῃ
1525 4221 1631 4277 σοι,
1662 4199 1915 4280 παραμύ-

261 4296 422 4363 θησαι
493 4296 671 4357 αὐτόν.
744 4293 944 4353 Πολλαὶ
999 4293 1100 4374 γάρ
1155 4293 1254 4349 εἱσι
1322 4287 1627 4369 διακρίσεις,
1685 4290 1777 4347 καὶ
1842 4291 1918 4354 ὡς

1589 401 1870 471 CAPITA
1911 396 2280 466 MORALIA.

3529 381 3651 455 682

1399 536 1487 593 καὶ
1533 536 1720 596 ἑαυτὸν
1774 534 1894 592 τότε
1910 581 1912 590 ,

2004 552 2120 597 unc
2147 540 2358 617 reputa
2384 532 2494 597 sub
2551 535 2755 615 gratias
2810 535 3108 601 beneﬁcio
3166 551 3468 621 agentem,
3503 558 3641 605 cum

1993 625 2281 705 majorem
2313 623 2591 687 omnibus
2619 622 2965 689 hominibus
2996 646 3173 709 pecca
3186 637 3373 695 torem
3408 638 3466 693 te
3511 629 3638 691 sin-

1992 733 2131 779 cere
2160 714 2408 778 habebis
2436 734 2451 776 :
2484 713 2546 776 id
2577 721 2776 778 autem
2798 716 3099 797 quomodo
3128 717 3256 801 ﬁat,
3288 719 3493 783 dicere
3528 736 3651 781 non

1992 805 2184 881 valeo,
2213 804 2372 869 Deus
2398 805 2534 871 scit.

2079 894 2216 960 144.
2250 893 2455 968 Quoad
2513 896 2694 958 horas
2748 895 2984 977 vigilia),
3036 895 3222 959 debes
3267 896 3471 976 legere
3496 896 3644 960 duas

1994 984 2197 1061 horas,
2230 990 2294 1047 et
2321 983 2472 1045 duas
2506 984 2736 1065 precari
2783 1003 2919 1047 cum
2964 983 3429 1067 compunctione
3463 993 3522 1048 et
3549 986 3643 1047 la-

1994 1075 2230 1157 crymis,
2265 1075 2574 1138 recitando
2602 1076 2912 1157 quodlibet
2942 1074 3224 1141 Ofﬁcium
3258 1075 3638 1154 canonicum,

1994 1172 2056 1226 et
2076 1164 2357 1246 psalmos,
2389 1164 2440 1226 si
2466 1165 2578 1237 vis,
2608 1165 2950 1238 duodecim,
2985 1174 3046 1229 et
3074 1166 3398 1229 Marianam
3431 1166 3643 1237 globu-

1995 1254 2190 1316 lorum
2220 1253 2442 1317 amomi
2469 1272 2771 1333 coronam,
2806 1263 2865 1319 et
2911 1256 3101 1318 sancti
3145 1254 3468 1320 Eustrathii
3498 1272 3641 1317 ora-

1996 1342 2218 1407 tionem
2248 1365 2262 1403 :
2310 1344 2438 1405 haec
2466 1342 2527 1404 in
2558 1343 2747 1423 longis
2798 1344 3091 1407 noctibus.
3123 1343 3189 1407 In
3218 1343 3495 1407 brevibus
3524 1362 3634 1405 au-

1994 1439 2140 1509 tem,
2172 1431 2413 1495 brevius
2433 1431 2511 1493 sit
2537 1428 2841 1508 Ofﬁcium,
2874 1451 2981 1514 pro
3012 1431 3237 1496 viribus
3290 1431 3399 1495 tibi
3447 1450 3481 1494 a
3512 1431 3638 1495 Deo

1992 1520 2387 1602 suppeditatis
2413 1536 2427 1582 :
2453 1519 2585 1582 sine
2623 1519 2745 1582 Deo
2774 1520 2935 1583 enim
2966 1520 3116 1584 nihil
3140 1520 3284 1584 boni
3314 1520 3637 1603 peragitur,

1995 1618 2059 1672 ut
2084 1610 2166 1672 ait
2193 1608 2517 1691 Propheta:
2557 1627 2588 1670 ‹
2617 1608 2789 1690 Apud
2823 1609 3139 1673 Dominum
3163 1628 3405 1691 gressus
3436 1610 3635 1673 homi-

1991 1699 2086 1761 nis
2115 1699 2447 1779 dirigentur
2471 1698 2562 1763 49.
2596 1722 2619 1757 ι
2655 1699 2725 1762 Ει
2756 1698 2886 1780 ipse
2916 1698 3180 1764 Salvator
3207 1700 3356 1762 dixit
3387 1717 3402 1763 :
3442 1724 3470 1756 α
3498 1698 3640 1764 Sine

1992 1807 2089 1852 me
2117 1788 2268 1851 nihil
2297 1789 2542 1870 potestis
2582 1788 2786 1852 facere
2802 1790 2888 1847 50.
2924 1815 2953 1847 π
2992 1824 3068 1837 -
3095 1787 3240 1854 Sine
3268 1788 3541 1870 lacrymis
3559 1804 3638 1849 ne

1990 1896 2253 1960 unquam
2280 1876 2353 1940 ad
2384 1878 2867 1942 communionem
2893 1877 3164 1941 accedas.

2077 2048 2212 2113 145.
2239 2048 2500 2113 Comede
2522 2048 2689 2111 cibos
2710 2047 2814 2111 tibi
2836 2048 3086 2119 oblatos,
3118 2047 3459 2132 quicunque
3480 2047 3636 2111 sint:

1995 2139 2222 2221 pariter
2251 2137 2540 2221 et,vinum
2599 2137 2739 2201 bibe
2795 2158 2932 2202 cum
2988 2139 3382 2220 temperantia
3426 2147 3487 2202 et
3513 2139 3646 2203 sine

1995 2227 2506 2304 murmuratione;
2535 2235 2595 2290 et
2621 2228 2672 2290 si
2692 2227 2858 2291 solus
2892 2226 3255 2290 remanseris
3275 2227 3350 2291 ob
3381 2228 3642 2290 inﬁrmi-

1995 2325 2198 2393 tatem,
2233 2316 2417 2379 cruda
2443 2317 2692 2379 comede
2720 2316 3021 2396 legumina
3048 2336 3184 2379 cum
3228 2318 3384 2380 oleo.
3416 2316 3484 2381 Si
3510 2318 3647 2400 quis

1992 2406 2246 2470 fratrum
2277 2406 2384 2469 tibi
2414 2406 2615 2469 cibum
2661 2406 2919 2489 aliquem
2981 2405 3230 2484 miserit,
3267 2409 3475 2489 accipe
3505 2427 3643 2471 cum

1993 2494 2352 2577 gratitudine
2380 2502 2557 2575 atque
2604 2495 2939 2579 humilitate
2996 2504 3273 2577 tanquam
3305 2496 3547 2575 hospes,
3584 2503 3647 2560 et

1995 2586 2071 2648 de
2099 2584 2202 2647 illo
2231 2593 2532 2666 assumpta
2559 2585 3081 2667 quantulacunque
3126 2592 3312 2665 parte,
3344 2585 3642 2667 reliquum

1996 2674 2165 2738 mitte
2182 2672 2357 2736 alteri
2377 2674 2543 2737 fratri
2576 2674 2849 2737 mendico
2887 2682 2947 2738 et
2967 2674 3088 2756 pio.
3113 2672 3176 2737 Si
3198 2673 3334 2755 quis
3364 2674 3439 2737 ad
3467 2693 3640 2738 men-

1995 2781 2121 2827 sam
2154 2781 2323 2826 suam
2354 2770 2413 2825 te
2456 2763 2772 2845 vocaverit,
2830 2782 2907 2826 ex
2961 2762 3239 2825 omnibus
3296 2762 3405 2825 tibi
3432 2763 3648 2829 oblatis

1995 2855 2202 2935 accipe
2224 2853 2469 2935 aliquid,
2497 2852 2608 2915 etsi
2630 2871 2860 2934 parum,
2880 2853 3050 2934 juxta
3078 2860 3462 2936 praeceptum,
3485 2862 3641 2918 tem-

1996 2943 2327 3024 perantiam
2359 2961 2623 3008 servans.
2655 2945 2921 3024 Surgeus
2948 2953 3171 3021 autem,
3203 2962 3337 3006 cum
3368 2962 3651 3008 reveren-

1997 3031 2094 3095 tiae
2121 3032 2289 3113 signo
2345 3050 2513 3095 more
2568 3032 2822 3114 hospitis
2872 3039 2932 3095 et
2985 3032 3269 3105 mendici,
3326 3042 3525 3112 grates
3555 3034 3645 3097 illi

1996 3140 2104 3201 age
2132 3122 2380 3185 dicens:
2424 3143 2448 3179 α
2488 3125 2667 3205 Deus,
2701 3121 2883 3184 frater
2911 3131 3140 3198 sancte,
3170 3121 3516 3186 mercedem
3536 3122 3644 3186 tibi

1994 3210 2307 3293 rependat.
2342 3236 2371 3269 ι
2427 3214 2579 3276 Cave
2605 3220 2805 3275 autem
2838 3229 2914 3274 ne
2942 3211 3082 3293 quid
3116 3211 3374 3287 eﬁ'utias,
3407 3213 3644 3276 etiamsi

1997 3300 2147 3363 forte
2177 3299 2319 3362 utile
2339 3300 2514 3364 foret.
3636 3301 3641 3306 ’

2085 3390 2215 3455 146.
2252 3388 2313 3454 Si
2340 3389 2475 3470 quis
2498 3389 2745 3452 fratrum
2774 3396 3014 3453 vexatus
3041 3391 3165 3453 sive
3218 3407 3254 3452 a
3307 3389 3642 3475 superiore,

2000 3478 2123 3542 sive
2154 3479 2227 3541 ab
2281 3496 2613 3559 aaconomo,
2644 3478 2772 3542 sive
2816 3479 2890 3541 ab
2915 3479 3113 3561 aliquo
3143 3478 3281 3556 alio,
3318 3487 3374 3542 te
3403 3478 3640 3558 adierit,

1998 3568 2082 3631 ita
2109 3587 2243 3631 eum
2276 3567 2509 3630 solare:
2540 3593 2568 3625 α
2591 3567 2758 3631 Habe
2797 3568 3100 3646 fiduciam,
3142 3568 3344 3631 frater.
3376 3568 3467 3631 Ad
3500 3587 3646 3650 pro-

2000 3657 2299 3721 bationem
2320 3657 2430 3719 hoc
2452 3656 2559 3720 tibi
2589 3657 2829 3740 evenit;
2872 3675 3013 3720 nam
3043 3657 3157 3740 ipsi
3190 3657 3336 3719 mihi
3366 3657 3482 3720 hoc
3522 3659 3646 3721 uti-

2000 3747 2136 3810 liter
2164 3747 2431 3827 contigit,
2466 3754 2525 3810 et
2553 3748 2716 3830 prius
2744 3748 2984 3830 quidem
3010 3765 3133 3829 prze
3160 3747 3648 3830 pusillanimitate

1998 3854 2156 3916 aegre
2183 3835 2450 3899 ferebam
2485 3855 2501 3914 ;
2536 3845 2846 3920 postquam
2871 3854 3010 3900 vero
3040 3837 3189 3899 mihi
3221 3837 3491 3919 persuasi
3520 3839 3650 3903 haec

2000 3928 2075 3990 ad
2133 3924 2549 4008 probationem
2624 3944 2782 4003 esse,
2854 3926 3076 3990 suffero
3133 3946 3270 3990 cum
3326 3927 3648 4009 gratiarum

2000 4015 2256 4080 actione.
2285 4014 2358 4078 Et
2376 4024 2437 4078 tu
2456 4015 2549 4079 fac
2571 4016 2873 4101 similiter,
2905 4025 2965 4080 et
2978 4017 3173 4099 potius
3200 4016 3401 4082 laetare
3427 4019 3504 4082 de
3535 4020 3654 4082 hu-

1993 4104 2261 4187 jusmodi
2291 4104 2793 4171 tribulationibus.
2826 4129 2852 4167 »
2908 4105 2973 4172 Si
3000 4106 3077 4169 ad
3107 4107 3375 4171 convicia
3402 4125 3654 4173 conver-

2000 4202 2180 4272 tatur,
2212 4213 2334 4258 non
2362 4195 2500 4258 ideo
2532 4195 2701 4260 illum
2729 4196 2943 4278 rejice,
2982 4196 3089 4261 sed
3120 4205 3299 4279 prout
3326 4197 3432 4265 tibi
3462 4198 3654 4278 gratia

2000 4292 2298 4366 suggeret,
2330 4302 2466 4347 eum
2498 4286 2851 4350 consolare:
2911 4287 3081 4352 multi
3132 4290 3293 4352 enim
3338 4295 3476 4351 sunt
3503 4288 3654 4352 varii

269 4396 411 4450 νοετς
469 4385 569 4454 τὴν
614 4390 706 4444 τοῦ
760 4384 985 4467 ἀδελφοῦ
1016 4372 1362 4441 ίκατάστασιν
1426 4379 1517 4436 καὶ
1568 4379 1693 4443 τοὺς
1760 4379 1912 4436 αὐτοῦ

2002 4374 2187 4467 modi.
2219 4372 2439 4467 Quales
2469 4374 2650 4467 igitur
2700 4375 2945 4467 noveris
2998 4395 3132 4467 esse
3158 4376 3356 4440 fratris
3384 4375 3651 4467 disposi-

267 4470 579 4557 λογισμοὺς,
610 4475 870 4559 συνέρχου
900 4463 1068 4550 αὐτῷ,
1118 4471 1208 4530 καὶ
1250 4470 1330 4548 μὴ
1378 4468 1515 4551 ἀφῇς
1568 4467 1912 4550 ἀθεράπευτον

2004 4464 2287 4559 tioneset
2313 4463 2724 4545 cogitationes,
2780 4471 2862 4559 te_
2890 4465 3015 4559 ipsi
3072 4465 3484 4544 accommoda,
3538 4484 3654 4537 nec

269 4552 433 4623 αὐτὸν
457 4552 745 4629 ἀπελθεῖν.-
767 4552 808 4559 ’⁷

2002 4552 2135 4618 sine
2163 4553 2333 4617 illum
2363 4572 2485 4616 non
2513 4563 2781 4617 sanatum
2810 4553 3001 4618 abire.

347 4644 491 4736 ppﬁ'.
551 4654 879 4717 Ἀσθενοῦντι
935 4653 991 4713 δὲ
1044 4652 1277 4736 ἀδελφῷ,
1329 4651 1375 4709 εἰ
1429 4646 1607 4729 συμϐῇ
1672 4670 1778 4726 σοι,
1840 4647 1912 4725 μὴ

2041 4731 2054 4736 _
2083 4643 2225 4736 147.
2254 4641 2587 4736 IEgrotanti
2598 4641 2796 4736 fratri,
2817 4643 2869 4736 si
2887 4642 3041 4707 forte
3052 4642 3249 4736 ipsum
3269 4644 3513 4736 jamdiu
3533 4661 3658 4736 non

263 4731 651 4823 λπισκέψασθαι
699 4746 865 4830 μέχρι
907 4744 1128 4823 πολλοῦ,
1185 4731 1272 4801 δεῇ
1326 4741 1410 4799 σοί
1461 4762 1513 4798 τι
1568 4750 1912 4830 προαποστετ·

2002 4731 2357 4830 visitaveris,
2392 4731 2617 4830 aliquid
2649 4731 3010 4830 praemittere
3046 4732 3257 4830 debes,
3305 4733 3657 4830 hoedecla-

265 4831 385 4910 λαι,
414 4832 593 4905 δηλῶν
636 4824 727 4896 καὶ
774 4824 957 4913 τοῦτο,
1017 4833 1124 4899 ὅτι,
1181 4832 1489 4906 Πίστευσον,
1551 4829 1725 4909 Πάτερ
1776 4827 1912 4908 ἅγιε²

2002 4843 2187 4915 rans:
2222 4850 2252 4883 ι
2275 4824 2491 4901 Crede,
2512 4824 2944 4915 fratersancte,
2968 4825 3152 4915 hodie
3176 4825 3445 4909 comperi
3462 4825 3541 4890 de
3555 4833 3656 4890 tuo

265 4924 503 5006 σήμερον
557 4924 750 5004 ἔμαθον
804 4927 923 5008 περὶ
974 4931 1075 4996 τῆς
1131 4923 1309 4999 νόσου,
1362 4921 1452 4979 καὶ
1506 4920 1750 4995 αἰτοῦμαι
1791 4940 1912 5008 συγ·

2005 4914 2240 4997 morbo,
2273 4921 2335 5008 et
2360 4932 2544 5008 posco
2575 4913 2834 5008 veniam.
2863 4939 2892 4973 ι
2914 4913 3146 5008 Deinde
3166 4915 3489 5008 profectus,
3519 4934 3657 5008 cum

268 5014 545 5097 χώρησιν.
590 5013 710 5074 Εἴθ’
754 5006 920 5083 οὕτως
973 5014 1216 5075 ἀπελθὼν
1271 5010 1558 5089 μετάνοιαν
1605 5030 1664 5067 τε
1718 5007 1912 5086 βαλὼν,

2002 5006 2340 5097 reverentia
2370 5006 2522 5097 facta
2550 5007 2865 5090 goratione,
2921 5006 3020 5071 dic
3076 5007 3212 5072 illi:
3283 5030 3309 5067 ιι
3346 5006 3660 5097 Quomodo

268 5096 363 5163 καὶ
390 5107 562 5187 εὐχῆς
586 5106 903 5189 γενομένης,
951 5105 1117 5172 οὕτως
1167 5102 1282 5162 εἰπὲ
1335 5102 1479 5176 αὖτῷ
1509 5116 1525 5132 ⁸
1582 5104 1705 5189 Πξὺς
1735 5100 1764 5156 6
1794 5099 1912 5189 θεὸς

2008 5100 2171 5189 Deus
2186 5096 2301 5189 tibi
2327 5096 2643 5189 auriliatus
2662 5105 2775 5177 est,
2789 5097 2983 5189 frater
3000 5097 3264 5189 sancte?
3292 5123 3319 5189 ξ
3354 5107 3415 5162 et
3440 5096 3665 5189 sedens

275 5185 536 5267 ἐϐοήθησε
578 5185 685 5274 σοι,
743 5185 914 5279 Πάτερ
967 5196 1085 5276 ἅγιε
1117 5215 1135 5277 ς
1178 5193 1269 5252 καὶ
1315 5190 1583 5255 καθεσθεὶς
1624 5186 1912 5279 δεδεμέναις

2003 5187 2231 5279 junctis
2258 5185 2536 5250 manibus
2555 5186 2751 5251 silete.
2782 5185 2851 5279 Si
2874 5187 2976 5279 alii
2991 5188 3115 5253 sint
3133 5187 3487 5279 assidentes
3512 5185 3661 5279 visi-

264 5297 393 5352 ταῖς
423 5288 601 5369 χερσὶ,
650 5285 852 5349 σιώπα.
886 5273 957 5346 Ἐἰ
998 5273 1053 5344 δὲ
1114 5273 1205 5344 καὶ
1271 5280 1423 5340 ἄλλοι
1478 5280 1578 5338 εἰσὶ
1632 5278 1912 5369 παραγενά

2012 5275 2253 5369 tationis
2270 5294 2470 5369 causa,
2495 5294 2638 5369 cave
2658 5276 2897 5369 nequid
2920 5277 3182 5361 loquaris
3200 5276 3421 5369 siveAde
3448 5273 3668 5369 litteris

274 5364 467 5454 μενοι,⁷
483 5364 815 5455 ἐπισκέψεως
864 5376 1048 5459 χάριν,
1108 5374 1345 5455 πρόσεχε
1399 5371 1480 5450 μὴ
1533 5366 1910 5459 προσομιλῇσα

2011 5364 2136 5459 sive
2165 5365 2242 5429 de
2297 5364 2568 5459 scientiis
2624 5365 3015 5459 naturalibus,
3077 5365 3406 5459 praesertim
3463 5365 3515 5430 si
3541 5382 3665 5459 non

269 5486 348 5543 τι,
381 5464 420 5534 ἢ
448 5453 727 5549 γραφικδν,
769 5466 808 5537 ἢ
837 5453 1203 5548 γυσίολογικόν
1237 5482 1250 5496 ⁶
1280 5453 1518 5540 μάλιστα
1547 5459 1627 5538 μὴ
1652 5456 1912 5549 ἔρῳτώμε.

2011 5453 2423 5549 interrogeris.
2461 5453 2559 5549 Ne
2570 5455 2839 5549 tandem
2857 5455 3328 5549 fias_molestus__:
3360 5456 3476 5519 hoc
3503 5453 3667 5519 enim

268 5576 361 5621 νος
393 5570 411 5637 ξ
442 5543 536 5614 τίνα
563 5543 643 5635 μὴ
672 5543 889 5637 ὕστερον
917 5543 1127 5625 θλιϐἧς,
1158 5560 1323 5614 Τοῦτο
1348 5553 1450 5632 γὰρ
1476 5549 1564 5609 ἰπὶ
1585 5550 1647 5606 τὸ
1674 5547 1912 5607 πλεῖστοι

2010 5545 2367 5629 plerumque
2393 5543 2613 5609 accidit
2639 5544 3109 5629 simplicioribus
3138 5544 3445 5610 fratribus.

266 5635 542 5724 συμϐαίνει
567 5658 688 5714 τοῖς
716 5635 1091 5727 ἁπλουστέροις
1118 5649 1228 5703 τῶν
1256 5640 1518 5724 ἀδελφῶν.

284 5812 295 5819 .
351 5751 420 5806 49
457 5750 617 5823 Psal.
648 5771 861 5837 xxxvi,
890 5752 994 5823 23.
1078 5754 1144 5808 ω
1167 5754 1342 5820 Joan.
1371 5767 1473 5831 xv,
1504 5753 1565 5817 5.

595 5864 853 5935 ΡΑτιιοι.
887 5865 999 5936 Gn.
1030 5862 1197 5936 CXX.
